2592 3840
243 85 350 130 Nov.
383 86 459 130 LII
491 89 527 128 1.
558 88 585 127 2
1315 79 1396 128 298
1739 94 1802 127 ur
1830 93 1920 125 NON
1947 92 2084 125 rum·
2111 90 2465 126 manona'rmnss

240 199 386 232 εστῶτα
409 195 678 244 στρεβλοῦσθαι
702 199 761 230 καὶ
784 193 1002 242 ὑβρίζεσθαι
1026 198 1089 229 καί
1109 208 1145 229 τι
1169 194 1319 238 πάσχειν
1388 194 1490 240 quasi
1512 194 1696 230 vicaneum
1720 193 1930 230 existentem
1953 192 2054 229 caedi
2084 195 2147 228 aut
2168 191 2335 228 iniuriam
2358 193 2464 230 susti·

241 244 319 277 τιῦν
342 240 383 277 οὗ
407 240 671 289 προςηκόντων,
695 238 717 284 ἢ
740 237 832 275 ὅλως
855 238 944 286 ὑπὲρ
968 240 1089 286 ἑτέρου
1113 237 1196 283 δίχα
1219 244 1317 285 νομί·
1388 249 1472 275 nere
1502 243 1538 275 et
1560 239 1695 285 aliquid
1718 238 1795 284 pati
1826 237 1921 283 quod
1945 237 2089 274 omnino
2108 247 2179 273 non
2203 237 2372 283 competit
2399 248 2466 283 pro

240 301 308 333 μου
345 284 558 334 προφάσεως
596 285 662 329 τὴν
698 284 845 320 οἱανοῦν
880 283 1076 329 ὑπομένειν
1116 282 1317 332 innectam·
1388 285 1470 327 alio,
1495 288 1530 320 et
1550 285 1686 330 absque
1709 282 1866 329 legitima
1885 282 2075 319 occasione
2095 281 2291 328 quamlibet
2307 282 2467 328 perferre

240 331 331 367 ἀλλὰ
355 336 415 366 καὶ
439 335 613 377 τιμωρίας
635 328 829 374 ὑπομένειν
853 328 915 365 τὰς
934 330 982 364 εἰς
1002 331 1110 374 σῶμα
1126 331 1224 376 παρὰ
1242 332 1320 364 τῶν
1390 329 1616 374 calumniam,
1641 333 1677 365 et
1697 327 1876 374 supplicia
1894 327 2071 363 sustinere
2089 327 2128 363 in
2148 336 2300 372 corpore
2321 337 2344 363 a
2362 337 2466 372 prae-

243 377 463 423 ἐφεστώτων
479 380 552 411 τοῖς
571 376 709 418 ἔθνεσι,
733 373 994 421 γινωσκόντων
1011 371 1068 418 ὠς,
1092 375 1124 409 εἰ
1140 375 1190 419 μὴ
1212 376 1319 410 τοῦτο
1356 379 1375 411 5
1389 374 1526 411 sidibus
1549 375 1724 420 gentium:
1751 372 1945 410 scientibus
1969 373 2065 426 quia.²
2089 372 2121 408 si
2139 383 2213 408 non
2234 372 2303 407 hoc
2321 371 2467 417 egerint,

242 421 429 468 πράξαιεν,
453 419 540 456 ἀλλὰ
563 420 655 455 κατὰ
677 419 746 462 τὴν
766 421 944 465 ἐπαρχίαν
963 411 1002 463 ἧς
1017 418 1186 467 ἄρχουσιν
1207 421 1321 463 ive-xv·
1389 419 1454 456 sed
1476 419 1514 455 in
1537 420 1721 464 provincia
1753 418 1812 454 cui
1835 421 2006 463 praesunt
2029 416 2294 463 plgnorationes
2317 426 2467 462 praesu-

243 471 373 521 Qaapql
392 466 619 511 τολμηθεῖεν,
643 460 749 499 οὗδὲν
773 466 877 499 ἔσται
895 466 1061 500 τοιοῦτον
1084 463 1174 513 ὅπερ
1194 462 1321 500 αὐτοὺς
1388 466 1543 509 mantur,
1578 465 1665 508 nihil
1696 464 1763 500 erit
1796 464 1868 499 tale
1899 462 1997 509 quod
2032 472 2093 499 eos
2123 472 2146 498 a
2175 461 2307 499 nostris
2340 461 2471 507 eripiat

243 526 322 548 των
346 515 526 558 ημετέρων
556 508 749 557 έξαρπάσει
773 511 916 556 χειρῶν.
1390 510 1567 546 manibus.

1245 623 1402 660 CAPUT
1427 623 1472 659 Il.

301 689 451 726 Κάκεῖνο
481 693 605 735 μέντοι
641 689 851 735 σύνείὸομεν
885 687 983 733 τῷδε
1018 690 1232 734 προςθεῖναι
1265 692 1320 734 τῷ
1442 689 1535 726 Illud
1567 699 1707 742 quoque
1737 688 1985 741 perspeximus
2016 689 2100 725 huic
2133 688 2274 725 adicere
2303 687 2394 734 legi,
2429 690 2474 724 ut

242 736 355 781 νόμῳ,
381 733 467 771 ὥςτε
491 732 661 781 καθάπερ
686 735 726 769 αἱ
747 734 848 781 παρὰ
878 736 939 779 τῆς
960 734 1146 780 βασιλείας
1177 736 1225 770 εἰς
1249 736 1320 770 ἑτέ-
1338 739 1377 771 10
1391 736 1484 772 sicut
1506 735 1552 770 ab
1572 734 1721 780 imperio
1739 745 1776 769 1n
1793 734 1882 770 alios
1902 733 2022 770 factae
2041 734 2250 770 donationes
2277 743 2350 770 non
2366 736 2472 778 egent

243 793 323 826 ρους
352 780 538 829 γινόμεναι
561 777 615 814 δω
640 782 696 814 aaz
727 777 767 814 οὐ
793 777 938 815 δέονται
968 778 1132 827 πράξεως
1163 777 1320 826 ὑπομνη-
1390 781 1498 826 gestis
1521 782 1848 823 monumentorum,
1878 778 1941 815 sed
1965 789 2010 815 ex
2038 779 2109 815 hoc
2139 780 2220 824 ipso
2243 778 2380 815 habent
2401 777 2470 814 vir-

241 826 379 871 μάτων,
411 823 490 860 ἀλλ’
527 822 614 859 αὐτό
649 838 689 860 εν
719 826 838 868 ἔχουσι
866 824 935 869 τὴν
963 825 1076 868 ἰσχύν,
1107 822 1203 861 οὕτω
1231 825 1323 870 μηδὲ
1391 829 1515 870 tutem,
1546 825 1599 860 ita
1621 834 1736 869 neque
1759 834 1782 859 a
1804 823 1953 869 privatis
1979 824 2017 859 in
2039 824 2315 877 imperatoribus
2339 823 2470 867 factae,

241 871 304 907 τὰς
328 870 425 919 παρὰ
449 872 527 906 τῶν
551 868 714 905 ἰδιωτῶν
745 871 793 905 εἰς
814 870 883 914 τὴν
905 870 1096 915 βασιλείαν
1120 874 1321 918 γινομένας,
1392 872 1423 907 si
1445 869 1690 906 tantummodo
1714 879 1782 914 pro
1805 869 1954 904 veritate
1977 868 2067 904 fiant
2089 879 2126 903 in
2149 868 2294 914 publico
2318 878 2341 904 a
2357 868 2470 904 tabel-

241 918 273 952 εἰ
294 915 407 960 μόνον
430 919 508 950 ταῖς
530 912 721 960 ἀληθείαις
742 918 907 963 γένοιντο
931 918 971 951 ἑν
986 913 1099 964 ἀγορᾷ
1121 916 1220 962 παρὰ
1236 928 1321 961 συμ-
1391 916 1545 952 lionibus
1582 915 1779 959 completae
1820 915 1855 949 et
1890 913 2190 959 subscriptionem
2228 912 2401 949 habentes
2436 916 2473 948 et

240 960 520 1009 βολαιογράφων
543 960 841 996 συντελεσθεῖσαι
871 957 1086 1009 ὑπογραφὴν
1116 975 1156 996 τε
1179 963 1323 1004 ἔχουσαι
1339 965 1377 997 15
1391 961 1467 997 eius
1500 960 1561 1014 qui
1591 959 1678 995 fecit
1709 963 1746 996 et
1774 958 1919 994 testium
1950 961 1988 994 et
2017 958 2124 994 aliam
2152 957 2384 1007 donationum
2406 958 2471 994 ob-

240 1009 304 1042 τοῦ
326 1021 366 1042 τε
391 1006 626 1049 πεποιηκότος
650 1009 710 1040 καὶ
730 1003 928 1054 μαρτύρων
950 1009 1010 1040 καὶ
1034 1007 1102 1050 τὴν
1120 1005 1233 1050 ἄλλην
1255 1006 1322 1050 τὴν
1392 1010 1639 1047 servationem,
1664 1014 1737 1040 non
1758 1004 1911 1048 egebunt
1930 1003 2040 1048 gestis
2060 1008 2384 1046 monumentorum,
2409 1013 2471 1038 cu-

241 1055 301 1087 έπὶ
328 1054 408 1087 τῶν
431 1050 582 1099 δωρεῶν
605 1051 868 1100 παρατήρησιν,
898 1050 948 1096 μὴ
979 1049 1130 1086 δεῖσθαι
1160 1050 1323 1098 πράξεως
1391 1052 1528 1087 iuscum
1554 1060 1599 1086 ue
1640 1049 1827 1085 uantitatis
1847 1048 1928 1085 sint.
1969 1047 2050 1085 Non
2068 1048 2163 1084 enim
2180 1052 2236 1085 est
2252 1058 2360 1084 conse
2383 1057 2472 1084 uens

239 1095 512 1143 ὑπομνημάτων
541 1093 599 1142 ἐφ’
634 1094 836 1144 ὁσῃὸήποτε
869 1095 1055 1141 ποσότητι.
1103 1093 1143 1131 οὗ
1173 1097 1241 1144 γὰρ
1277 1094 1323 1131 ἂν
1391 1099 1433 1132 ut
1454 1106 1521 1132 nec
1570 1095 1600 1131 is
1660 1097 1768 1130 natur
1798 1094 1985 1139 imperium
2008 1103 2030 1129 a
2053 1093 2200 1139 privatis
2230 1103 2323 1139 quae
2353 1103 2375 1130 a
2427 1103 2471 1128 eo

239 1144 292 1186 εἴη
324 1144 401 1177 τῶν
431 1139 647 1177 ἀκολούθων
680 1141 723 1176 τὸ
751 1140 843 1186 μηδὲ
873 1143 951 1176 τῶν
982 1141 1105 1176 αὐτῶν
1134 1154 1177 1177 τυ
1222 1142 1323 1177 άνειν
1391 1142 1608 1187 praebentur
1631 1140 1715 1176 illis.
1763 1138 1863 1175 Haec
1887 1141 2008 1175 autem
2032 1138 2268 1184 inaequalitas
2299 1138 2399 1175 facta
2418 1140 2474 1174 est

239 1187 306 1231 τὴν
328 1186 520 1232 βασιλείαν
550 1186 650 1234 παρὰ
681 1187 759 1221 τῶν
790 1185 953 1221 ἰδιωτῶν
976 1179 1030 1221 ὧν
1054 1184 1145 1230 αὐτὴ
1168 1155 1207 1221 oya
1231 1198 1322 1222 ωσιν
1335 1189 1377 1221 20
1391 1197 1435 1222 ex
1459 1187 1618 1222 novitate
1650 1195 1757 1230 quam
1779 1184 1932 1220 Zenonis
1959 1183 2042 1229 piae
2065 1184 2256 1220 memoriae
2273 1182 2472 1220 introduxit

239 1236 394 1269 ἐκείνοις.
441 1233 483 1267 τὸ
509 1230 549 1266 δὲ
571 1231 699 1267 ἄνισον
721 1233 829 1267 τοῦτο
851 1235 999 1279 γέγονεν
1022 1233 1060 1266 ἐκ
1080 1236 1322 1277 καινοτομίας,
1391 1231 1612 1274 constitutio,
1637 1234 1678 1266 ut
1697 1230 1900 1274 imperiales
1925 1229 2134 1265 donationes
2157 1239 2229 1265 non
2248 1231 2377 1274 egeant
2394 1238 2470 1264 mo-

243 1276 285 1313 ‘'v
316 1275 337 1321 ἡ
369 1276 537 1322 Ζήνωνος
571 1278 634 1312 τοῦ
666 1278 727 1321 τῆς
756 1275 921 1322 εὐσεβοῦς
952 1275 1083 1321 λήξεως
1111 1275 1321 1332 ὑφηγήσατο
1390 1277 1580 1313 numentis.
1629 1275 1721 1320 Quia
1742 1274 1851 1319 igitur
1873 1273 2117 1319 imperfectius
2150 1283 2260 1310 causa
2282 1273 2382 1319 prius
2405 1283 2470 1318 ap-

263 1322 410 1366 ιάταξις,
433 1323 475 1358 τὸ
494 1322 556 1358 τὰς
575 1320 763 1366 βασιλικὰς
783 1320 918 1371 δωρεὰς
937 1321 987 1367 μὴ
1002 1320 1146 1370 χρῄζειν
1161 1335 1321 1367 υπομνη-
1390 1322 1532 1367 paruit,
1567 1324 1759 1367 propterea
1793 1329 1859 1355 nos
1893 1319 2150 1364 perfectionem
2184 1319 2406 1365 imponentes
2438 1318 2469 1353 ei

238 1368 377 1412 μάτων.
421 1365 545 1411 ἐπειδὴ
560 1371 685 1402 τοίνυν
709 1366 846 1402 ἀτελῶς
870 1367 914 1402 τὸ
939 1368 1086 1415 πρᾶγμα
1108 1367 1321 1414 ἔμπροσθεν
1391 1378 1435 1402 ex
1467 1368 1620 1412 utroque
1650 1368 1773 1402 tenere
1803 1364 1874 1401 hoc
1904 1364 2066 1401 volumus
2098 1367 2135 1399 et
2163 1364 2201 1399 in
2228 1363 2284 1399 his
2308 1363 2469 1400 donatio-

239 1412 449 1461 έθεωρήθη,
482 1411 541 1447 διὰ
564 1414 672 1447 τοῦτο
696 1410 793 1457 ἡμεῖς
816 1412 858 1447 τὸ
882 1411 1020 1447 τέλειον
1045 1413 1238 1449 ἐπιθέντες
1262 1410 1320 1447 αὖ·
1335 1415 1376 1448 25
1391 1412 1495 1448 nibus
1527 1421 1618 1457 quae
1649 1412 1695 1447 ab
1718 1409 1991 1456 imperatoribus
2022 1409 2060 1445 in
2086 1409 2234 1455 privatis
2261 1408 2354 1444 fiunt
2382 1412 2420 1445 et
2447 1419 2471 1443 a

238 1461 293 1503 τῷ
317 1458 549 1503 ἑκατέρωθεν
573 1461 719 1506 κρατεῖν
743 1456 831 1492 αὐτὸ
854 1457 1076 1502 βουλόμεθα,
1101 1459 1165 1499 ἐπί
1185 1471 1226 1492 τε
1243 1459 1321 1492 τῶν
1390 1457 1539 1503 privatis
1575 1457 1613 1492 in
1646 1457 1882 1501 imperatore,
1921 1458 1962 1491 ut
1996 1464 2041 1490 ex
2077 1454 2294 1500 aequalitate
2333 1453 2471 1491 iustitia

239 1503 339 1551 παρὰ
361 1502 538 1550 βασιλέως
561 1503 609 1538 εἰς
632 1501 782 1538 ἰδιώτας
799 1506 1002 1551 γινομένων
1022 1501 1173 1551 δωρεῶν
1198 1505 1261 1538 ἐπί
1282 1516 1322 1538 τε
1393 1512 1524 1541 causae
1548 1501 1735 1538 adiciatur.
2263 1530 2272 1535 .

238 1550 317 1585 τῶν
349 1549 448 1596 παρὰ
480 1547 641 1583 ἰδιωτῶν
672 1550 720 1583 εἰς
749 1547 818 1592 τὴν
847 1547 1049 1592 βασιλείαν,
1085 1545 1174 1583 ὦετε
1197 1547 1264 1592 τὴν
1283 1548 1323 1589 ἐξ

240 1594 403 1638 ἰσότητος
427 1591 661 1637 δικαιοσύνην
684 1594 738 1637 τῷ
763 1591 948 1642 πράγματι
974 1594 1231 1639 προςτεθῆναι.

289 1638 566 1686 (Ἐπίλογος.>
609 1636 796 1673 Ἡτοίνυν
818 1638 865 1682 σὴ
885 1636 1042 1685 ὑπεροχὴ
1072 1637 1118 1673 τὰ
1138 1637 1197 1673 διὰ
1221 1637 1322 1682 τῆεδε
1335 1641 1377 1675 30
1446 1637 1720 1685 (Epilogus.)
1778 1636 1859 1673 Tua
1891 1636 2002 1682 igitur
2035 1635 2246 1672 excellentia
2280 1645 2372 1689 quae
2405 1645 2471 1681 per

238 1687 301 1729 τῆς
318 1685 422 1719 θείας
438 1682 542 1728 ἡμῶν
563 1682 759 1725 διατάξεως
778 1684 1097 1728 νενομοθετημένα
1116 1681 1176 1718 διὰ
1196 1697 1321 1731 κηρυγ-
1390 1683 1486 1720 hanc
1508 1684 1662 1720 divinam
1691 1685 1850 1718 nostram
1883 1681 2174 1717 constitutionem
2203 1683 2343 1717 sancita
2371 1683 2469 1724 sunt,

238 1730 367 1774 μάτων
387 1730 531 1764 οἰκείων
548 1728 642 1764 κατὰ
659 1728 708 1763 τὸ·
719 1727 876 1773 σύνηθες
900 1730 1049 1773 ποιῆσαι
1072 1729 1211 1776 φανερὰ
1231 1730 1322 1765 πᾶσι
1416 1729 1592 1774 raeceptis
1616 1727 1774 1775 propriis
1798 1727 2016 1764 sollemniter
2038 1726 2231 1763 manifesta
2252 1726 2375 1763 facere
2394 1729 2468 1762 stu·

239 1773 445 1811 σπευσάτω.
1415 1778 1473 1810 eat
1497 1774 1683 1810 universis.

284 1821 369 1857 Dat:
382 1831 442 1856 xv.
462 1820 500 1855 k.
520 1819 617 1865 Sept.
630 1818 737 1866 (GP.)
754 1818 838 1872 imp.
861 1819 920 1854 dn.
941 1819 1131 1855 Iustiniani
1151 1829 1210 1865 pp.
1225 1819 1318 1864 Aug.
1432 1820 1518 1856 Dat.
1534 1819 1608 1855 kal.
1635 1819 1733 1866 Sept.
1761 1816 2072 1863 Constantinopoli
2094 1816 2179 1861 imp.
2200 1816 2386 1853 Iustiniani
2408 1827 2468 1862 pp.

238 1876 333 1904 anno
346 1865 423 1911 XL,
442 1866 526 1911 post
538 1875 636 1902 cons.
650 1864 818 1900 Belisarii
833 1875 865 1900 v.
877 1875 908 1900 c.
924 1864 1035 1910 <anno
1046 1863 1111 1909 11.)
1181 1868 1226 1907 [a.
1237 1867 1316 1907 537]
1332 1867 1373 1901 35
1387 1864 1479 1910 Aug.
1497 1874 1591 1901 anno
1608 1864 1670 1900 XI.
1692 1876 1728 1910 p.
1751 1874 1781 1900 c.
1799 1863 1963 1899 Belisarii
1979 1865 2028 1909 (v.
2043 1873 2073 1898 c.
2095 1871 2189 1898 anno
2202 1861 2264 1907 ΙΙ).

285 1971 357 2002 cap.
371 1958 418 1991 II
433 1965 480 1992 est
499 1959 532 1991 in
553 1956 590 1990 B
611 1957 666 1998 47,
686 1964 712 1998 1,
731 1964 777 1990 π).
825 1956 988 1990 Summam
1012 1955 1133 1990 Athan-
1155 1957 1270 1999 repetit
1293 1956 1325 1990 in
1346 1956 1518 2000 paratitlis
1543 1957 1591 1990 tit.
1610 1957 1651 1990 14
1674 1959 1723 1995 §4
1747 1962 1776 1989 et
1800 1962 1892 1989 tract.
1918 1956 2001 2001 περὶ
2025 1950 2211 1999 διαφόρων
2232 1950 2469 2000 ἀναγνωσμά-

238 2016 318 2042 των
341 2003 363 2047 §
387 2004 407 2037 8
432 2003 484 2046 (p.
501 2003 566 2036 194
590 2001 733 2043 Heimb.)

238 2094 388 2131 vicanus
418 2091 518 2128 illius
546 2091 596 2128 sit
623 2091 789 2137 torqueri
819 2094 855 2126 et
883 2090 1020 2126 iniuria
1051 2090 1158 2136 affici
1188 2094 1298 2137 atque
1320 2091 1514 2137 quicquam
1544 2090 1644 2137 quod
1665 2100 1740 2126 non
1763 2089 1864 2126 decet
1884 2090 1982 2142 pati,
2014 2089 2071 2126 vel
2094 2090 2239 2125 omnino
2254 2100 2331 2136 pro
2352 2089 2468 2127 altero

238 2139 374 2185 absque
397 2137 558 2184 leqitima
581 2146 694 2172 causa
716 2135 829 2171 ullam
851 2135 973 2172 subire
995 2135 1280 2179 contumeliam).·
1305 2146 1427 2171 verum
1450 2136 1559 2172 etiam
1582 2135 1750 2183 corporis
1772 2135 1963 2182 suppliciis
1987 2135 2096 2181 affici
2107 2145 2186 2170 eum
2197 2145 2268 2181 per
2279 2135 2469 2181 praesides

229 2183 519 2233 provinciarum,
539 2181 603 2228 qui
618 2181 748 2224 sciant,
771 2181 805 2216 si
823 2181 892 2217 ltoc
912 2192 986 2217 non
1005 2184 1131 2227 ayant,
1155 2180 1221 2216 sed
1238 2181 1271 2216 si
1291 2182 1329 2216 in
1342 2181 1537 2228 provincia
1557 2181 1617 2217 cui
1630 2185 1813 2227 praesunt
1829 2181 2105 2227 piqnerationes
2126 2183 2355 2226 temptentur,
2378 2179 2471 2216 nillil

236 2230 325 2276 fore
346 2229 400 2264 ita
424 2230 674 2274 comparatum
697 2226 797 2272 quod
818 2226 919 2273 ipsos
942 2237 962 2262 e
985 2226 1121 2262 nostris
1144 2225 1310 2261 manibus
1332 2226 1476 2273 eripiat.

372 2273 419 2309 ΙΙ.
466 2271 540 2308 Sed
556 2270 650 2307 illud
662 2282 808 2318 quoque
829 2271 971 2318 placuit
993 2271 1077 2307 huic
1101 2270 1174 2317 leqi
1193 2270 1335 2307 adicere
1358 2276 1409 2314 ut,
1441 2270 1742 2318 quemadmodum
1765 2270 1980 2310 donationes
2003 2270 2048 2306 ab
2070 2270 2292 2317 imperatore
2315 2270 2353 2306 in
2375 2271 2470 2307 alios

239 2319 395 2356 collatae
425 2317 671 2353 insinuatione
699 2320 865 2352 actorum
895 2327 971 2352 non
1003 2316 1185 2363 indiqent,
1217 2316 1282 2352 sed
1311 2316 1410 2352 ultro
1439 2317 1551 2352 robur
1581 2327 1686 2352 suum
1717 2315 1861 2358 habent,
1891 2316 1944 2351 ita
1968 2327 2013 2351 ne
2039 2315 2124 2352 illae
2154 2314 2298 2367 quidem
2329 2326 2424 2362 quae
2445 2327 2469 2352 a

237 2364 393 2445 ’ᾧίἶὲἶῗῗ
409 2363 733 2444 imitate?
757 2362 1075 2443 &rituti-‘3225
1086 2361 1220 2453 ἶὲἷέῗέι
1229 2362 1530 2443 νέῗῖῖὲιιῖἑῖγῖἵῖ
1539 2362 1716 2443 3ῗηὶαῆ
1725 2359 2470 2442 ταίἷιῖέἵέἶῠέιῖηίἵῖἑῗιὲἕῑαένέἕέἴῖἷὲᾳέῗ

240 2419 429 2496 υαίίοπσξη,
453 2457 618 2489 actorum
637 2418 881 2489 insinviatione
898 2452 1086 2499 indiqeant
1104 2453 1142 2488 in
1158 2456 1448 2499 quantacumque
1465 2418 1675 2499 quantitZte.
1750 2462 1840 2497 eque
1857 2451 1952 2486 enim
1970 2417 2247 2487 consentangum
2262 2450 2381 2496 suerit
2395 2445 2469 2488 non

239 2499 364 2535 eadem
386 2498 641 2545 imperatorem
661 2509 684 2533 α
700 2498 862 2544 privatis
882 2500 1063 2543 consequi,
1088 2508 1182 2544 quae
1205 2497 1284 2550 ipse
1303 2497 1377 2533 illis
1397 2497 1571 2533 concedit.
1610 2496 1861 2542 Inaequalitas
1879 2500 1998 2532 autem
2021 2495 2110 2532 llaec
2134 2497 2217 2532 orta
2235 2498 2288 2531 est
2307 2506 2357 2532 ex
2376 2505 2468 2532 novo

238 2548 436 2591 praecepto
468 2542 567 2588 quod
591 2541 745 2579 Zenonis
801 2543 859 2578 iae
888 2542 1082 2579 memoriae
1111 2543 1322 2579 constitutio
1347 2543 1571 2584 introduxit,
1607 2553 1653 2577 ne
1672 2541 1877 2588 imperiales
1896 2541 2112 2577 donationes
2139 2539 2328 2587 indiqeant
2346 2551 2469 2576 monu-

241 2589 376 2625 mentis.
423 2587 600 2631 Quoniam
624 2587 738 2634 iqitur
787 2598 851 2624 aec
873 2599 933 2624 res
956 2591 1064 2623 antea
1086 2587 1300 2634 imperfecte
1323 2588 1553 2624 considerata
1577 2591 1640 2630 est,
1665 2590 1868 2639 propterea
1891 2596 1959 2621 nos
1975 2586 2208 2632 perfectione
2243 2585 2278 2620 ei
2299 2585 2469 2633 imposita

240 2633 419 2678 utrimque
447 2632 487 2668 id
516 2632 636 2668 valere
665 2632 829 2669 volumus
858 2636 931 2669 tam
960 2633 999 2668 in
1023 2632 1280 2670 donationibus
1310 2632 1355 2669 ab
1380 2634 1600 2680 imperatore
1630 2633 1669 2667 in
1686 2634 1854 2678 privatos
1885 2642 1994 2677 quam
2017 2642 2041 2667 a
2062 2631 2220 2679 privatis
2250 2630 2287 2665 in
2315 2630 2468 2677 impera-

243 2682 355 2714 torem
379 2677 533 2719 collatts,
557 2680 598 2713 ut
620 2688 670 2714 ex
693 2677 915 2723 aequalitate
937 2678 1078 2714 iustitia
1099 2678 1155 2714 rei
1177 2677 1335 2714 accedat.
2523 2715 2526 2718 ,

378 2721 615 2769 Epiloqus.
672 2721 750 2757 Tua
773 2722 886 2769 iqitur
907 2722 1110 2758 sublimitas
1133 2734 1227 2769 quae
1246 2734 1317 2770 per
1341 2723 1436 2760 lianc
1458 2734 1603 2759 sacram
1626 2726 1790 2758 nostram
1814 2721 2107 2758 constitutionem
2130 2720 2272 2757 sancita
2294 2723 2381 2757 sunt
2395 2728 2470 2767 per

241 2767 357 2804 edicta
375 2767 538 2814 propria
560 2776 659 2802 more
680 2766 787 2802 solito
813 2767 977 2803 omnibus
999 2769 1196 2813 manifesta
1218 2769 1346 2814 facere
1368 2769 1523 2806 studeat.

286 2860 306 2893 2
330 2855 353 2900 ἢ
376 2852 477 2898 ὅλως]
502 2855 524 2899 ἢ
548 2870 607 2891 om.
621 2857 672 2902 ςΙ]
694 2855 788 2899 δίχα]
814 2859 846 2890 et
869 2858 989 2900 absque
1014 2870 1034 2895 ς
1052 2858 1064 2903 ΙΙ
1086 2861 1108 2893 4
1132 2855 1223 2893 ἀλλὰ
1245 2862 1319 2902 καὶ]
1435 2861 1455 2895 3
1480 2860 1647 2903 praeferre
1668 2859 1702 2894 V
1718 2858 1843 2892 inferre
1866 2857 1900 2891 R
1930 2856 1943 2902 n
1968 2858 1990 2892 4
2014 2859 2047 2890 et
2066 2856 2207 2900 Vvuly]
2231 2868 2291 2889 om.
2313 2856 2383 2890 ΒΤ
2412 2854 2469 2890 sod
2523 2859 2525 2862 ⁴

240 2906 274 2938 et
297 2915 316 2940 ς
345 2903 358 2946 ΙΙ
385 2904 406 2937 6
427 2903 658 2947 ἐνεχυρασμοὶ
683 2903 742 2943 Μ]
779 2903 1025 2948 ἑνεχυριασμοὶ
1047 2904 1117 2938 LB
1147 2904 1160 2947 ΙΙ
1196 2907 1236 2939 10
1260 2905 1321 2947 τῆς
1390 2907 1422 2938 et
1435 2905 1530 2939 Beck
1547 2904 1559 2948 ΙΙ
1583 2905 1619 2938 in
1638 2914 1774 2948 corpore
1789 2905 1821 2945 a]
1844 2903 1881 2936 in
1897 2912 2035 2945 corpora
2056 2899 2108 2935 V⁶
2131 2900 2144 2953 Ι]
2168 2903 2188 2936 5
2203 2901 2284 2944 quia
2305 2900 2346 2943 ni]
2371 2899 2468 2944 quasi

240 2946 262 2982 ἁ
288 2951 342 2982 tac
363 2945 547 2991 βασιλείας
570 2948 621 2979 L‘*
651 2950 664 2991 ΙΙ
694 2948 733 2981 13
757 2950 950 2992 γενομένας
976 2949 1028 2982 ΒΡ
1052 2948 1064 2991 ΙΙ
1096 2951 1136 2982 14
1160 2952 1320 2995 γίνοιντο
1388 2950 1436 2983 R¹
1456 2949 1470 2994 fl
1493 2951 1513 2984 6
1535 2950 1708 2993 prouintie
1729 2948 1785 2992 Vll
1810 2948 1866 2981 cui
1889 2946 2043 2990 orn-13¹1}
2069 2947 2108 2981 12
2134 2957 2169 2979 m
2194 2958 2253 2980 om.
2266 2945 2348 2990 R¹fl
2375 2947 2416 2981 ¹3
2437 2945 2468 2980 d

293 2994 306 3038 ΙΙ
325 2995 366 3027 15
379 2991 613 3043 συντεθεῖσαι
626 2992 661 3025 Β
679 2991 693 3035 ΙΙ
711 2994 751 3026 16
763 3003 803 3025 τε
824 3005 882 3026 om.
896 2993 981 3026 LBr
997 2992 1010 3037 ΙΙ
1037 2995 1077 3027 19
1090 2993 1167 3027 τῶν
1184 2994 1318 3036 αὐτῶν]
1389 2995 1496 3036 Beck]
1518 2995 1584 3028 nisi
1606 2997 1683 3029 libri
1696 2994 1709 3038 ΙΙ
1727 2991 1963 3028 tebellionibus
1982 2991 2031 3026 1⁷¹
2050 2991 2062 3035 ΙΙ
2082 2993 2123 3026 14
2135 2990 2372 3034 subscriptioni
2383 2989 2434 3025 Β*

239 3036 306 3073 τὸν
323 3034 434 3072 αὐτὸν
452 3037 499 3071 12¹
524 3037 576 3069 lus
596 3048 614 3072 ς·
637 3034 651 3080 ΙΙ
674 3038 715 3071 22
732 3036 792 3079 τῆς
812 3049 869 3070 om.
886 3037 939 3070 ΒΡ
957 3037 969 3081 ΙΙ
994 3040 1037 3072 23
1057 3035 1230 3079 διάταξις]
1257 3052 1319 3073 non
1392 3042 1431 3075 15
1457 3041 1527 3082 qui]
1553 3051 1650 3082 quem
1674 3039 1722 3073 R·
1741 3039 1754 3083 ΙΙ
1777 3038 1843 3072 ali·
1866 3037 1917 3071 Β*
1939 3037 2006 3070 alia
2029 3036 2079 3070 R²
2096 3034 2110 3081 ΙΙ
2132 3035 2364 3070 obseruatione
2387 3032 2438 3069 R*

239 3091 414 3161 servani-a}
431 3085 474 3161 ci
487 3090 591 3160 targgn
608 3082 686 3133 ogd.
701 3083 732 3122 8,
746 3089 840 3159 {affl
856 3086 919 3159 §37
934 3083 965 3123 7,
979 3090 1026 3125 37,
1035 3087 1084 3160 {a}
1097 3090 1123 3117 ι.
1137 3085 1182 3125 (1,
1196 3092 1223 3126 2,
1237 3086 1296 3126 19.)
1309 3085 1320 3127 Η
1391 3087 1430 3120 18
1455 3085 1596 3137 imperio
1617 3085 1650 3119 V
1662 3085 1675 3130 ῃ
1698 3085 1740 3118 20
1766 3094 1832 3126 qua
1849 3083 1899 3116 R¹
1923 3082 1936 3127 ss
1959 3083 2003 3117 24
2021 3083 2137 3134 tenore
2150 3082 2253 3148 ngr*
2267 3079 2281 3126 ΙΙ
2306 3079 2455 3160 251311311

238 3131 440 3239 Ξὲιῑῖρῖι
463 3126 506 3225 23
528 3125 1319 3249 23..3‡²{21133..2i.3suffugies-3
1387 3126 2009 3227 {iustiti..aestuat¹2,
2027 3127 2127 3237 {3123
2146 3126 2399 3215 effluet..
2418 3169 2449 3204 v

241 3215 791 3313 212ιῖῗᾳίιοσδραζῆῗιῖοὲασῆιιιιζιάε,
799 3225 916 3303 xii—nvi·
935 3217 1165 3312 δῖιτὶίτῗὲβξῗέ).
1187 3219 1319 3305 {iiiiii—di
1387 3220 1559 3309 ἓὲἰῖὴὲζὲῗ.
1572 3219 1869 3307 Ιέοζείιαηῖἒυὲἓὲῗί
1892 3217 2101 3305 ἰῖἒξῖὶῖξιεῗ
2115 3215 2171 3305 pii.
2186 3218 2387 3304 {litiniaci-i>
2397 3215 2463 3293 (1ὶὶ

240 3323 298 3344 om.
312 3309 376 3343 Iul.
400 3307 413 3351 ΙΙ
469 3305 731 3350 onstantinopoh
752 3307 783 3347 ς]
806 3318 865 3339 om.
878 3306 925 3339 M
930 3306 999 3339 rell.
1028 3305 1040 3349 ΙΙ
1063 3316 1141 3348 imp.
1167 3307 1221 3339 dn.
1248 3308 1315 3345 (dn.
1386 3320 1436 3352 pc.
1462 3321 1552 3345 cons,
1576 3310 1731 3344 bilisiarii
1760 3310 1798 3352 V,
1823 3322 1881 3343 om.
1901 3309 1970 3343 rell.
2001 3307 2014 3351 Ι
2045 3308 2087 3342 35
2111 3316 2141 3339 v.
2164 3316 2191 3339 ο.
2210 3315 2300 3339 anno
2323 3305 2361 3338 11
2383 3303 2461 3339 add·

240 3367 298 3388 om.
321 3355 352 3395 ς)
376 3353 554 3387 iustiniani
585 3362 639 3405 pp.
664 3361 739 3393 aug.
764 3361 842 3384 ann.
858 3350 911 3383 XI
938 3350 997 3386 Μς
1031 3348 1215 3393 βασιλείας
1236 3347 1317 3385 ’Jov-
1387 3356 1474 3399 vuly.

239 3398 427 3433 στινιανοῦ
446 3395 488 3431 τὸ
503 3396 551 3431 ια’
566 3399 602 3440 (α
623 3397 707 3439 cod.)
722 3397 808 3438 Aut,
822 3408 880 3429 om.
896 3396 958 3429 Iul.
975 3395 1008 3428 T
1005 3396 1095 3428 keod.
1113 3395 1125 3438 ΙΙ
1152 3397 1193 3429 35
1211 3399 1316 3438 postu.

236 3444 390 3477 bilisario
409 3454 459 3476 uc.
477 3453 579 3476 conss.
599 3442 644 3476 M
659 3452 711 3484 pc.
732 3440 885 3474 Belisarii
904 3452 923 3476 ς
947 3440 1012 3472 dat.
1033 3442 1107 3483 post
1130 3450 1217 3473 cons.
1237 3441 1315 3474 uili-

238 3489 320 3522 sarii
343 3488 514 3531 (uelisario
527 3485 620 3529 laist)
645 3486 767 3521 IuL⁶1010
790 3485 804 3530 ΙΙ
831 3495 918 3519 anno
940 3485 975 3518 11
1001 3486 1078 3519 add.
1098 3484 1227 3519 Contine
