2476 3854
0 0 253 136 suos».
270 90 424 137 cxvn
453 95 492 135 4.
511 94 536 134 5

1209 87 1296 138 554

1132 215 1288 252 CAPUT
1311 214 1372 251 IV.

1354 281 1446 325 Quia
1467 292 1551 318 vero
1574 283 1686 327 legem
1710 282 1842 318 dudum
1864 283 2076 329 protulimus
2098 283 2278 321 iubentem
2300 289 2364 321 aut

1290 326 1424 362 dotalia
1445 326 1522 362 fieri
1544 327 1757 363 documenta
1784 330 1849 364 aut
1871 328 1960 363 alias
1983 329 2214 373 probationes
2237 340 2362 376 proco·

1291 373 1374 406 dere
1395 374 1513 407 factas
1537 372 1632 418 apud
1655 373 1828 408 ecclesiae
1850 373 2066 416 defensores,
2097 384 2162 419 per
2185 385 2274 420 quas
2296 385 2363 411 nu-

1290 417 1385 461 ptias
1403 420 1581 462 competat
1596 418 1808 459 confirmari,
1832 422 1894 453 aut
1911 422 2007 454 certe
2024 422 2246 455 sacramenta
2262 429 2365 465 prae-

144 460 389 505 παρεχεσθαι,
424 461 485 494 ἐπὶ
520 472 584 493 του
618 461 798 505 παρόντος
831 459 1040 505 συνείδομεν
1074 460 1222 497 κάλλιον
1257 465 1276 496 5
1291 462 1384 504 beri,
1415 462 1454 497 in
1475 463 1657 515 praesenti
1687 465 1933 508 perspeximus
1961 463 2088 499 melius
2111 464 2299 509 disponere
2321 474 2366 500 ea

144 504 373 539 διατυπῶσαι
403 504 449 538 τὰ
475 508 557 549 περὶ
579 504 724 540 τούτων
755 505 884 551 πρώην
907 507 1219 550 νομοθετηθέντα.
1290 516 1380 551 quae
1399 507 1514 546 dehls
1530 508 1668 552 pridem
1688 509 1827 544 sancita
1843 512 1936 544 sunt.
1981 508 2032 544 Et
2054 513 2245 554 propterea
2267 509 2365 546 iube-

143 552 202 583 καὶ
227 547 285 582 διὰ
318 550 426 584 τοῦτο
449 549 638 594 κελεύομεν
668 549 751 585 τούς
773 550 937 597 μεγάλοις
959 549 1143 596 ἀξιώμασι
1166 565 1220 586 κε·
1289 562 1367 587 mus
1399 561 1460 587 eos
1493 553 1556 597 qui
1577 554 1736 589 maximis
1761 554 1993 597 dignitatibus
2017 553 2175 589 decorati
2198 558 2282 590 sunt
2304 565 2364 590 us-

143 596 382 638 κοσμημένους
419 598 539 640 μέχρις
577 594 812 641 ίλλουστρίων
853 596 903 640 μὴ
942 594 1058 631 ἄλλως
1096 596 1223 643 γάμοις
1290 606 1358 641 que
1389 597 1434 632 ad
1464 596 1620 633 illustres
1659 609 1731 634 non
1761 599 1864 634 aliter
1901 598 2045 643 nuptias
2081 599 2262 635 celebrare
2295 598 2367 635 nisi

142 638 367 717 προςομιλεῖν
395 642 427 673 εἰ
455 644 505 683 μη
538 642 702 685 προικῷα
737 640 977 687 συγγράφοιεν
1006 640 1220 686 συμβόλαια,
1290 641 1423 677 dotalia
1456 643 1660 678 scribantur
1694 643 1946 686 instrumenta,
1986 644 2056 679 nisi
2083 647 2204 680 tamen
2235 644 2365 689 aliquis

142 697 171 719 π
192 683 239 727 ἠν
260 684 292 717 εἰ
321 683 370 729 μή
395 696 448 718 τις
471 684 542 730 πρὸ
575 687 640 719 τοῦ
663 689 782 728 τυχεῖν
811 687 889 720 τῶν
911 685 1090 721 τοιούτων
1113 685 1220 728 ἅξιω-
1236 689 1276 721 10
1290 689 1479 732 antequam
1505 691 1702 724 mereretur
1725 688 1925 725 huiusmodi
1951 688 2142 732 dignitates
2166 699 2211 725 ex
2234 689 2366 726 affectu

140 729 272 773 μάτων
306 731 344 762 ἐκ
374 729 487 773 μόνης
516 728 716 765 διαθέσεως
746 727 899 777 ἠγάγετο
946 733 1092 776 αμετήν.
1140 733 1222 767 τοὺς
1290 732 1366 767 solo
1391 733 1492 768 duxit
1514 742 1672 769 uxorem.
1719 732 1826 769 Tales
1849 734 1944 769 enim
1972 735 2117 779 nuptias
2145 739 2229 770 ante
2253 733 2365 780 digni-

141 774 210 820 γάρ
232 774 416 809 τοιούτους
438 775 571 822 γάμους
592 776 675 810 τοὺς
698 776 770 821 πρὸ
799 777 862 819 τῆς
885 773 909 809 ἀ
933 781 988 811 ίας
1011 780 1221 823 γενομένους
1288 779 1399 812 tatem
1433 777 1551 813 factas
1585 781 1622 813 et
1655 782 1739 823 post
1773 778 1978 822 dignitatem
2012 779 2187 823 legitimas
2221 788 2366 815 manere

141 821 202 852 καὶ
228 819 320 863 μετὰ
350 820 420 862 τὴν
443 817 552 861 ἀξίαν
583 825 752 866 νομίμους
780 825 904 866 μένειν
930 821 1129 867 κελεύομεν,
1161 826 1221 856 καὶ
1288 822 1538 867 praecipimus,
1574 826 1610 857 et
1639 833 1683 858 ex
1714 823 1769 858 his
1798 827 1903 859 natos
1934 824 2109 867 legitimos
2145 833 2224 860 esse
2253 824 2364 866 filios}

140 863 223 898 τοὺς
244 863 283 904 ἐξ
299 861 421 899 αὐτῶν
436 866 633 908 τεχθέντας
653 870 822 910 νομίμους
842 867 935 901 εἶναι
950 866 1097 902 παῖδας·
1126 867 1219 910 μετὰ
1288 871 1478 912 postquam
1520 877 1601 903 vero
1636 868 1804 904 honorati
1845 868 1978 904 fuerint
2018 868 2127 914 aliqui
2163 869 2366 904 huiusmodi

140 911 266 953 μέντοι
289 909 331 943 τὸ
350 910 557 954 τιμηθῆναί
573 923 675 946 τινας
695 911 878 946 τοιαύταις
900 909 1016 952 ἀξίαις
1037 913 1086 956 μὴ
1105 911 1221 946 ἄλλως
1236 914 1276 947 15
1289 913 1538 957 dignitatibus,
1570 923 1642 948 non
1664 914 1768 949 aliter
1791 913 1921 949 ducere
1943 923 2073 949 uxores
2103 913 2173 949 nisi
2195 923 2277 949 cum
2300 913 2363 950 do-

142 953 301 1000 ἄγεσθαι
323 955 481 1000 γαμετὰς
509 955 607 1000 πλὴν
629 958 661 990 εἰ
682 957 732 1000 μὴ
755 957 847 1001 μετὰ
871 956 1066 1002 προικῴων
1089 961 1220 1002 συμβο-
1289 958 1420 992 talibus
1443 958 1697 994 instrumentis.
1743 958 1847 993 Hanc
1870 962 1988 994 autem
2018 958 2106 1002 legis
2135 958 2364 995 subtilitatem

141 997 265 1033 λαίων.
312 999 451 1043 ταύτην
482 999 522 1034 δὲ
551 1000 620 1044 τὴν
651 1003 715 1035 τοῦ
739 1002 852 1046 νόμου
874 999 1061 1047 ἀκρίβειαν
1087 1014 1220 1049 συγχω-
1289 1002 1516 1038 concedimus
1553 1003 1722 1038 subiectis
1758 1006 1903 1038 nostrae
1937 1003 2156 1048 reipublicae
2192 1003 2364 1045 barbaris,

141 1045 275 1089 ροῦμεν
316 1048 388 1079 τοῖς
429 1043 729 1092 ὑποτεταγμένοις
773 1047 818 1094 τῇ
860 1044 1014 1092 ἡμετέρᾳ
1058 1047 1221 1091 πολιτείᾳ
1288 1047 1372 1082 licet
1395 1048 1627 1091 dignitatibus
1659 1048 1861 1084 huiusmodi
1891 1048 2050 1083 decorati
2073 1049 2163 1090 sint,
2195 1051 2237 1084 ut
2258 1049 2366 1084 etiam

141 1089 355 1134 βαρβάροις,
387 1088 457 1124 κᾶν
488 1088 670 1135 άξιιόμασι
693 1090 869 1126 τοιούτοις
899 1089 1092 1137 ύπάρχοιεν
1122 1105 1219 1126 κεκο-
1288 1093 1385 1128 nudo
1406 1093 1536 1128 affectu
1555 1093 1694 1137 possint
1712 1093 1783 1139 ipsi
1798 1094 1956 1129 volentes
1978 1094 2188 1129 contrahere
2208 1093 2364 1139 nuptias.

141 1137 331 1178 σμημένοι,
363 1131 452 1170 dien
475 1139 534 1169 και·
557 1134 723 1171 διαθέσει
754 1135 842 1184 ψιλῇ-
875 1135 1061 1172 δύνασθαι
1092 1134 1220 1172 αὐτοὺς
1234 1140 1276 1172 20
1290 1138 1458 1182 Reliquos
1476 1142 1595 1173 autem
1612 1149 1733 1174 omnes
1755 1142 1897 1183 praeter
1913 1148 1974 1174 eos
1998 1139 2059 1183 qui
2074 1138 2246 1180 maximis,
2270 1138 2366 1174 sicut

140 1178 374 1233 βουλομένους
404 1180 666 1234 συναλλάσσειν
696 1182 838 1228 γάμους.
884 1181 968 1216 τοὺς
1002 1180 1043 1216 δὲ
1075 1182 1221 1217 λοιποὺς
1288 1183 1422 1218 dictum
1441 1187 1506 1224 est,
1532 1183 1762 1227 dignitatibus
1783 1183 1942 1219 decorati
1959 1187 2053 1227 sunt,
2078 1183 2271 1219 cuiuslibet
2293 1184 2366 1218 sint

1690 106 1751 137 ΠΤ
1778 105 1941 137 LIGEA'I'
1969 106 2110 138 MATRI
2137 106 2195 138 ET
2223 106 2362 140 AVIAE

209 277 354 323 Ἐπειδὴ
378 279 418 314 δὲ
439 278 555 324 νόμον
577 279 705 326 πρώην
729 279 1004 327 ἐξεφωνήσαμεν
1031 280 1222 317 κελεύοντα

144 321 169 369 ἢ
198 327 361 370 προικῷα
394 325 565 371 γίνεσθαι
598 324 803 370 συμβόλαια
837 324 860 368 ἢ
892 325 1001 360 ἄλλας
1035 328 1221 362 συστάσεις

145 373 308 415 προϊέναι
331 373 521 416 γινομένας
543 370 641 415 παρὰ
665 374 738 405 τοῖς
761 369 1071 415 ἐκκλησιεκδίκοις,
1095 370 1149 406 δι’
1168 365 1222 406 ὧν

143 416 226 449 τοὺς
255 416 389 461 γάμους
423 413 586 468 προςήκει
622 416 886 460 βεβαιοῦσθαι,
921 414 945 458 ἢ
975 417 1065 463 γοῦν
1100 414 1224 460 ὅρκους

140 1236 306 1259 απαντας
329 1238 429 1270 παρα
451 1224 533 1260 τοὺς
555 1230 632 1261 ταῖς
654 1226 839 1274 μεγάλαις,
863 1224 912 1261 ὠς
934 1227 1083 1272 εἴρηται,
1106 1225 1221 1268 ἀξίαις

140 1273 438 1314 κεκοσμημένους,
469 1269 682 1314 οἱαςδήποτε
704 1272 776 1306 εἶεν
800 1269 902 1313 ἀξίας
931 1270 955 1316 ἢ
978 1277 1167 1318 στρατείας
1197 1270 1220 1316 ἢ

141 1312 418 1357 ἐπιτηδεύσεως,
443 1317 473 1350 εἰ
490 1318 558 1371 μέν
573 1316 788 1361 βουληθεῖεν
811 1314 833 1360 ἢ
858 1315 1060 1360 δυνηθεῖεν,
1084 1314 1126 1351 ού
1150 1331 1219 1351 κω-

1288 1228 1468 1272 dignitatis
1492 1232 1555 1263 aut
1578 1228 1725 1264 militiae
1748 1231 1813 1264 aut
1829 1229 1953 1269 studii,
1980 1230 2011 1263 si
2026 1229 2167 1273 quidem
2190 1228 2366 1264 voluerint

1287 1277 1352 1308 aut
1383 1274 1582 1318 potuerint,
1618 1284 1690 1309 non
1725 1274 1952 1318 prohibemus
1987 1284 2067 1309 cum
2099 1273 2278 1308 dotalibus
2308 1273 2364 1308 in-

1288 1318 1494 1354 strumentis
1518 1318 1648 1354 ducere
1670 1328 1819 1364 uxores3
1860 1319 1891 1354 si
1913 1320 2032 1354 autem
2064 1318 2171 1353 etiam
2201 1318 2271 1354 hoc
2293 1327 2367 1354 nou

141 1357 273 1400 λύομεν
287 1360 377 1404 μετὰ
387 1374 591 1415 Ξτροικῳων
611 1362 843 1406 συμβολαίων
862 1361 1022 1408 ἄγεσθαι
1034 1362 1217 1418 κγαμετάς·
1232 1365 1274 1398 25
1289 1364 1540 1405 custodierint,
1576 1366 1613 1399 et
1642 1373 1686 1399 ex
1717 1364 1792 1399 solo
1827 1363 1959 1399 affectu
1991 1363 2189 1399 celebratas
2219 1363 2365 1409 nuptias

141 1405 172 1438 εἰ
195 1403 235 1438 δὲ
257 1409 317 1439 καὶ
339 1418 448 1440 τουτο
477 1407 526 1450 μὴ
557 1407 870 1454 παραφυλάξουσι,
902 1410 962 1442 καὶ
984 1419 1066 1443 τους
1094 1410 1133 1442 ἐκ
1154 1407 1218 1452 μό-

140 1461 202 1493 νης
225 1447 426 1485 διαθέσεως
446 1448 765 1497 ἀποδεικνυμένους
785 1450 918 1499 γάμους
937 1456 1105 1497 βεβαίους
1128 1453 1221 1487 εἶναι

141 1495 378 1540 θεσπίζομεν,
402 1499 462 1530 καὶ
485 1497 568 1531 τοὺς
591 1498 630 1539 ἐξ
654 1495 778 1532 αὐτῶν
803 1500 1030 1542 τικτομένους
1052 1502 1221 1542 νομίμους

141 1539 236 1574 εἶναι
258 1539 389 1575 παῖδας
412 1540 609 1587 κελεύομεν.

1287 1408 1407 1444 firmas
1432 1419 1509 1444 esse
1533 1409 1722 1452 sancimus,
1754 1414 1790 1444 et
1812 1419 1857 1445 ex
1879 1410 1931 1445 eis
1954 1412 2059 1445 natos
2087 1408 2263 1453 legitimos
2286 1417 2366 1444 esse

1287 1454 1380 1490 filios
1402 1453 1575 1490 iubemus.

1144 1633 1303 1670 CAPUT
1326 1633 1371 1670 V.

209 1695 353 1741 Ἐπειδὴ
385 1697 424 1733 δὲ
447 1699 563 1744 νόμον
595 1691 663 1743 ἤδη
696 1701 913 1745 τεθείκαμεν
944 1700 1224 1747 προςτάττοντα,
1237 1704 1280 1737 30

142 1738 231 1776 ὥςτε
261 1744 296 1777 εἴ
315 1747 405 1778 ποτέ
426 1757 480 1779 τις
502 1749 653 1791 γυναῖκα
683 1744 765 1789 δίχα
787 1747 981 1790 προικαίων
1005 1746 1108 1789 λάβοι
1129 1747 1220 1788 μετὰ

143 1785 343 1823 διαθέσεως
371 1791 521 1835 γαμικῆς
549 1794 608 1824 καὶ
638 1790 728 1825 ταύτ
752 1805 774 1825 ν
808 1795 915 1836 χωρὶς
943 1792 1058 1826 αἰτίας
1087 1805 1217 1839 γνωρι-

143 1833 290 1876 ζομένης
312 1837 385 1869 τοῖς
408 1834 532 1878 νόμοις
555 1834 701 1883 ἐκβάλῃ,
754 1838 933 1881 αμβάνειν
958 1834 1071 1880 αὐτὴν
1094 1836 1137 1871 τὸ
1162 1840 1218 1871 τέ-

1356 1701 1448 1746 Quia
1470 1710 1552 1736 vero
1577 1701 1688 1746 legem
1711 1701 1844 1736 dudum
1872 1702 2056 1747 posuimus
2079 1702 2364 1748 praecipientem,

1289 1749 1329 1782 ut
1351 1747 1381 1782 si
1397 1746 1476 1792 quis
1499 1757 1645 1782 uxorem
1669 1747 1858 1791 aliquando
1883 1747 1960 1782 sine
1983 1747 2163 1783 dotalibus
2186 1749 2365 1794 acceperit

1286 1802 1366 1828 cum
1402 1791 1534 1826 affectu
1571 1792 1721 1837 nuptiali
1759 1796 1795 1827 et
1829 1792 1923 1828 hanc
1963 1793 2038 1828 sine
2075 1803 2185 1828 causa
2224 1793 2364 1837 legibus

1288 1837 1408 1882 agnita
1431 1836 1629 1882 proiecerit,
1654 1836 1815 1882 accipere
1839 1847 1917 1872 eam
1936 1841 2099 1882 quartam
2124 1841 2263 1883 partem
2287 1838 2364 1874 eius

210 1937 238 1957 c.
251 1925 311 1958 IV
326 1925 391 1958 Δεῖ
410 1919 477 1960 οὖν
501 1924 554 1968 (δὲ
567 1905 627 1970 ΒᾸ)
650 1926 734 1960 τοὺς
754 1925 918 1973 μεγάλοις
939 1929 1007 1971 μὲν
1030 1923 1210 1971 ἀξιώμασι
1234 1929 1511 1971 κεκοσμημένους
1533 1929 1635 1971 μέχρι
1658 1927 2010 1972 πρωτοσπαθαρίων
2027 1927 2078 1971 μὴ
2102 1926 2218 1962 ἄλλως
2238 1926 2365 1975 γάμοις

142 1967 366 2013 προςομιλεῖν
384 1997 500 2005 ......
525 1979 614 2005 estat
634 1973 671 2006 B
688 1973 742 2012 28,
755 1980 783 2013 4,
797 1980 831 2006 47
855 1974 918 2013 (13⁶
939 1975 975 2005 Γ
989 1975 1018 2012 1,
1033 1981 1049 2006 9
1068 1986 1102 2016 p.
1122 1975 1184 2007 144
1197 1974 1315 2014 Zach.)
1336 1991 1383 1998 -—-
1406 1974 1555 2006 Summas
1579 1975 1702 2006 habent<
1718 1974 1922 2017 Epanaqoye
1941 1975 1993 2014 16,
2006 1980 2053 2015 2¹1,
2082 1974 2231 2018 Epieome
2249 1975 2305 2017 23,
2318 1981 2363 2009 10.

145 2015 310 2048 Theodori
326 2029 475 2050 summam
500 2019 615 2060 repetit
637 2013 709 2058 ΒΣ,
735 2026 951 2061 aryumentum
974 2031 1003 2051 v.
1018 2020 1105 2051 7—9
1130 2019 1375 2057 ‹22:‚Atl1anasio
1394 2019 1559 2060 paratitlo
1582 2019 1657 2051 Ath.
1679 2019 1722 2052 22
1746 2022 1762 2056 §
1782 2025 1809 2052 ·1.

209 2072 236 2093 c.
258 2060 293 2093 V
306 2063 490 2104 particulas
517 2063 608 2103 (555,
632 2070 712 2096 6-7.
737 2064 855 2104 12—25)
887 2064 981 2096 habet
1005 2063 1184 2097 Prochiron
1208 2065 1240 2104 5,
1262 2070 1279 2096 6
1303 2064 1361 2104 (=
1385 2063 1564 2096 Prot-hiron
1589 2070 1715 2096 auctum
1739 2064 1771 2104 6,
1791 2063 1835 2104 5),
1867 2064 1993 2097 easdem
2017 2064 2050 2097 in
2074 2065 2291 2107 compendium
2313 2076 2364 2098 re·
2403 2047 2406 2051 ⁴

143 2109 258 2141 ductas
279 2114 310 2140 et
330 2119 358 2140 v.
376 2114 483 2141 27-30
509 2109 714 2151 Epanaqoqe
741 2109 793 2150 19,
810 2115 828 2142 9
854 2108 943 2148 (inde
965 2108 1146 2141 Prot-hiron
1170 2116 1297 2141 auctum
1321 2110 1354 2149 6,
1376 2110 1416 2150 8).
1462 2107 1588 2141 Eadem
1612 2115 1763 2151 excerpta
1793 2119 1860 2141 cum
1880 2116 1979 2151 parte
2008 2109 2152 2142 novellae
2179 2108 2274 2143 LIII
2290 2121 2319 2145 ο.
2343 2109 2365 2142 6

143 2154 362 2187 contaminata
386 2159 495 2185 extant
518 2153 555 2186 B
579 2154 681 2193 28,12
705 2153 888 2193 (decurtata
914 2155 946 2186 in
971 2153 1021 2186 B‘
1042 2154 1078 2186 Γ
1096 2155 1128 2195 5,
1149 2160 1166 2186 2

1187 2166 1221 2197 p.
1238 2154 1300 2188 161
1325 2154 1454 2194 Zach.),
1479 2154 1564 2186 unde
1587 2165 1627 2186 ea
1650 2153 1777 2196 reliqua
1797 2160 1894 2197 parte
1919 2155 2012 2186 huius
2035 2155 2153 2197 capitis
2177 2157 2295 2188 omina
2315 2167 2366 2188 re-

140 2200 235 2242 petiit
258 2198 299 2231 L.
324 2216 369 2222 -
394 2197 556 2231 Summam
581 2200 706 2231 exhibet
729 2198 861 2232 Nomoc.
876 2198 977 2231 XIV
994 2200 1038 2231 tit.
1060 2199 1112 2239 13,
1126 2206 1143 2232 4
1162 2211 1198 2241 p.
1213 2200 1276 2233 615
1302 2198 1407 2232 Pitra.

276 2275 337 2311 IV.
386 2273 563 2318 Quoniam
595 2279 714 2312 autem
744 2276 777 2311 le
802 2286 857 2311 em
887 2286 1005 2322 nuper
1033 2276 1344 2322 promulqavimus
1378 2286 1473 2321 quae
1502 2275 1559 2311 vel
1589 2275 1728 2311 dotalia
1758 2275 1995 2311 instrumenta
2025 2276 2157 2321 confici
2186 2276 2245 2312 vel
2272 2276 2368 2312 alias

142 2320 379 2367 probationes
395 2321 597 2367 procedere
622 2320 724 2367 apud

778 2321 965 2373 efensores
987 2322 1157 2356 ecclesiae
1185 2321 1380 2366 faciendas
1401 2321 1515 2362 iubet,
1540 2331 1613 2367 per
1635 2331 1727 2366 quas
1757 2321 1904 2366 nuptias
1933 2322 2145 2366 confirmari
2167 2323 2366 2364 conveniat,

144 2367 199 2402 vel
221 2371 316 2402 certe
339 2366 543 2401 iuramenta
561 2366 768 2412 praestari,
799 2377 838 2401 tn
867 2367 1053 2418 praesenti
1080 2366 1299 2402 decrevimus
1327 2365 1454 2401 melius
1484 2365 1702 2401 constituere
1732 2376 1776 2401 ea
1807 2376 1902 2445 Ξααε
1933 2366 1978 2401 de
2008 2366 2065 2401 his
2086 2377 2206 2413 nuper
2225 2368 2368 2402 sancita

141 2418 235 2447 siant.
284 2412 401 2457 Atque
422 2416 620 2457 propterea
644 2411 815 2453 iubemus,
846 2422 909 2456 qm
936 2411 1081 2457 maqnis
1110 2411 1346 2457 diqnitatibus
1376 2412 1500 2446 ornati
1527 2414 1612 2446 sunt
1640 2421 1754 2456 usque
1783 2421 1806 2446 a

1848 2410 2024 2454 ‚illustrem
2055 2422 2131 2446 non
2159 2411 2267 2447 aliter
2295 2411 2369 2447 nisi

143 2456 325 2492 dotalibus
347 2456 594 2491 instrumentis
615 2457 831 2502 conscriptis
854 2457 1086 2491 matrimonia
1109 2456 1336 2497 contrahere,
1367 2457 1440 2490 nisi
1459 2456 1492 2490 si
1516 2457 1599 2502 quis
1620 2462 1813 2501 antequam
1835 2455 2009 2491 eiusmodi
2034 2455 2273 2502 dignitatibus
2298 2467 2366 2503 po-

145 2502 231 2537 titus
252 2502 301 2537 sit
323 2512 374 2537 ex
395 2501 476 2536 sola
499 2501 695 2546 affectione
717 2511 871 2537 uxorem
893 2501 1051 2537 duxerit.
1100 2500 1289 2536 Eiusmodi
1310 2502 1404 2537 enim
1427 2501 1658 2536 matrimonia
1686 2505 1771 2536 ante
1793 2500 2004 2546 diqnitatem
2025 2502 2131 2547 facta
2154 2502 2263 2537 etiam
2279 2506 2369 2549 post

143 2547 357 2593 dionitatem
386 2546 546 2591 legitima
577 2557 723 2582 manere
752 2557 802 2582 ex
831 2547 948 2592 iisque
978 2551 1086 2581 natos
1114 2546 1246 2582 liberos
1277 2546 1457 2591 leqitimos
1485 2556 1563 2581 esse
1583 2545 1763 2581 iubemus:
1789 2550 1923 2592 postea
1946 2555 2030 2581 vero
2062 2556 2171 2592 quam
2193 2546 2368 2582 eiusmodi

143 2591 380 2643 diynitatibus
404 2590 549 2636 quidam
574 2591 747 2626 honorati
765 2596 860 2632 sunt,
883 2602 956 2626 non
973 2591 1078 2627 aliter
1101 2601 1238 2627 uxores
1260 2591 1397 2626 ducant
1419 2591 1490 2626 nisi
1511 2601 1592 2626 cum
1615 2589 1795 2625 dotalibus
1818 2591 2074 2627 instrumentis.
2121 2590 2230 2626 Hanc
2248 2594 2368 2627 autem

145 2636 235 2682 leqis
256 2637 479 2672 severitatem
502 2636 714 2671 remittimus
737 2635 903 2672 barbaris
925 2635 1063 2671 dicioni
1083 2641 1230 2672 nostrae
1251 2635 1431 2678 subiectis,

144 2688 185 2716 ut
206 2682 314 2717 etiam
337 2680 435 2716 nuda
458 2680 652 2726 affectione
668 2681 818 2727 possint
838 2681 871 2716 si
885 2681 995 2716 velint
1018 2682 1165 2728 nuptias
1188 2680 1412 2717 contrahere.

1484 2636 1621 2672 uamvis
1642 2636 1716 2670 sint
1738 2635 1912 2670 eiusmodi
1935 2635 2171 2681 diqnitatibus
2194 2635 2367 2678 decorati,

1488 2686 1606 2716 eteros
1621 2691 1705 2716 vero
1729 2691 1852 2715 omnes
1869 2687 2020 2727 praeter
2043 2681 2194 2734 eosqui·
2212 2681 2367 2727 maqnis,

144 2726 199 2760 uti
222 2725 355 2761 dictum
379 2730 443 2767 est,
467 2725 705 2771 diqizitatibus
728 2727 849 2761 ornati
870 2730 965 2768 sunt,
989 2727 1242 2771 cuiuscumque
1270 2727 1345 2761 sint
1366 2726 1556 2772 diqnitatis
1579 2731 1644 2761 aut
1666 2724 1815 2760 militiae
1837 2730 1902 2761 aut
1923 2725 2053 2768 studii,
2084 2736 2115 2760 si
2139 2725 2282 2772 quidem
2304 2735 2367 2762 vo-

146 2771 279 2805 luerint
301 2770 358 2805 vel
371 2773 579 2816 potuerint,
603 2781 676 2805 non
697 2770 930 2816 prohibemus
960 2780 1041 2805 cum
1070 2770 1252 2806 dotalibus
1282 2771 1528 2806 instrumentis
1558 2780 1695 2806 uoeores
1723 2769 1854 2805 ducere
1862 2782 1877 2811 ;
1908 2770 1966 2805 sin
1996 2769 2064 2806 hoc
2095 2781 2170 2806 non
2202 2770 2367 2807 observa·

146 2816 273 2855 verint,
296 2816 402 2850 etiam
423 2826 473 2850 ex
495 2815 575 2850 sola
600 2815 794 2860 affectione
814 2815 989 2862 probatas
1011 2816 1159 2862 nuptias
1177 2816 1306 2861 firmas
1327 2826 1404 2851 esse
1422 2816 1616 2858 sancimus,
1645 2820 1681 2851 et
1703 2815 1769 2861 qui
1788 2825 1839 2851 ex
1860 2814 1906 2849 iis
1922 2819 2170 2862 procreantur
2189 2815 2368 2862 leqitimos

145 2870 222 2896 esse
243 2859 376 2895 liberos
397 2856 566 2894 iubemus.

278 2905 322 2941 V.
370 2902 546 2947 Quoniam
570 2909 687 2939 autem
719 2904 833 2950 leqem
864 2906 936 2940 iam
961 2905 1106 2941 tulimus
1129 2916 1224 2950 quae
1239 2906 1442 2957 praecipit,
1475 2908 1516 2940 ut
1537 2904 1571 2938 si
1593 2903 1739 2983 quando
1763 2904 1845 2949 quis
1874 2903 2009 2949 absque
2032 2903 2212 2939 dotalibus
2233 2902 2366 2939 instru-

145 2950 273 2986 mentis
296 2960 452 2985 uxorem
475 2950 626 2984 duxerit
648 2960 727 2984 cum
750 2950 939 2995 coniuqali
958 2950 1151 2996 affectione
1173 2961 1322 2996 eamque
1351 2960 1429 2985 sine
1459 2959 1571 2984 causa

213 3044 227 3076 1
254 3038 381 3084 νόμον]
406 3053 476 3074 που.
502 3041 671 3073 LXXIV
688 3053 715 3073 c.
737 3042 766 3074 4.
794 3043 813 3074 5
835 3039 847 3082 ΙΙ
874 3043 892 3074 ’7
919 3043 990 3074 τοῖς
1012 3042 1042 3074 L
1061 3042 1073 3083 ΙΙ
1097 3044 1117 3075 9
1142 3052 1223 3086 συγ-

145 3087 318 3134 γοάφοιεν
331 3087 389 3127 Μ]
415 3081 660 3131 συγγράψαιεν
684 3086 721 3118 Β
752 3083 990 3130 συγγράψειεν
1014 3086 1045 3119 L
1078 3086 1223 3118 scriban-

148 3120 202 3165 tur
219 3144 238 3168 ς
254 3131 267 3175 ΙΙ
287 3132 327 3166 12
342 3130 426 3165 τοὺς
440 3129 511 3174 πρὸ
529 3131 607 3171 LB]
633 3129 703 3173 πρὸ
717 3131 764 3163 M
774 3129 786 3168 ss
802 3133 1008 3175 γινομένους
1022 3131 1068 3163 Μ
1076 3130 1088 3173 ΙΙ
1111 3133 1151 3164 13
1166 3142 1223 3163 νο-

145 3181 272 3222 μίμους
288 3178 423 3220 μένειν]
444 3177 614 3219 νομίμους
630 3173 713 3207 τοὺς
728 3173 822 3215 (τοὺς
838 3177 916 3210 add.
930 3174 991 3212 L0)
1013 3173 1146 3219 γάμους
1165 3177 1224 3218 με’-

147 3236 225 3256 νειν
238 3223 270 3256 L
293 3224 416 3266 μένειν
435 3223 605 3264 νομίμους
621 3219 673 3253 ΒΓ
692 3222 861 3262 νομίμους
880 3218 971 3252 εἶναι
990 3220 1035 3252 B*
1057 3223 1226 3263 νομίμους

148 3267 222 3313 Blss
253 3269 293 3301 15
317 3265 533 3311 τιμηθῆναι]
560 3266 617 3297 αεὶ
640 3263 794 3306 τιθῆναι
818 3264 898 3307 Lfln
922 3261 1104 3297 τοιαύταις
1124 3264 1226 3297 τινὰς

150 3314 197 3346 Β*
213 3316 225 3355 ΙΙ
252 3315 293 3347 16
316 3311 409 3345 κατὰ
434 3310 619 3356 προικῶον
642 3307 864 3353 συμβόλαιον
883 3309 915 3342 L
945 3309 1036 3342 κατὰ
1062 3310 1225 3351 προικῷα

148 3356 353 3402 συμβόλαια
376 3358 426 3390 Β*
443 3357 457 3399 ss
483 3358 522 3391 19
546 3352 628 3396 κᾶν]
652 3355 683 3387 εἰ
706 3356 766 3387 καὶ
784 3355 833 3387 B·
846 3366 874 3387 v.
890 3357 908 3387 l.
927 3354 940 3396 ss
956 3352 1147 3397 ύπάρχειεν
1160 3355 1190 3387 L
1214 3352 1226 3397 ΙΙ

147 3404 422 3446 κεκοσμημένοις
434 3403 485 3436 L⁰
501 3402 514 3439 Ι
531 3403 572 3436 21
590 3398 734 3446 γάμους]
758 3397 839 3432 τούς
861 3398 994 3444 γάμους
1007 3399 1058 3432 Bs
1074 3401 1085 3441 Η
1102 3395 1141 3430 δὲ
1165 3411 1222 3430 om.

150 3448 200 3481 ΒΓ
214 3448 228 3491 ΙΙ
251 3450 292 3482 22
312 3450 395 3492 περὶ
414 3447 479 3481 τοῦ
497 3448 547 3480 L⁰
569 3445 651 3479 τοὺς
671 3442 770 3488 παρὰ
791 3442 871 3477 τοὺς
897 3444 946 3477 B!
961 3443 974 3487 ΙΙ
989 3445 1066 3476 ταῖς
1087 3456 1145 3475 om.
1161 3444 1191 3476 L
1215 3444 1226 3483 ΙΙ

147 3491 324 3581 eret.
341 3507 398 3572 σε·
411 3485 1225 3580 Risum&

200 3562 208 3570 .
803 3559 809 3566 .
875 3559 884 3576 ‚

149 3585 275 3625 μένους
298 3596 356 3616 om.
371 3583 433 3616 B¹r
452 3582 465 3626 ΙΙ
496 3585 538 3617 30
562 3578 705 3623 Ἐπειδὴ
729 3599 771 3604 -
795 3581 872 3620 555,
886 3587 902 3612 5
927 3579 1141 3623 περιουσίας]
1165 3590 1226 3620 pro

151 3629 201 3660 his
218 3630 250 3660 in
267 3628 297 3661 L
317 3628 461 3661 novellae
473 3628 570 3660 LIII
581 3639 653 3670 cap.
667 3627 749 3669 Gpr.
763 3625 854 3666 (304,
868 3631 982 3664 21-36,
999 3626 1054 3656 ubi
1068 3625 1153 3664 vide)
1180 3625 1226 3655 in-

152 3680 266 3704 sertum
286 3680 331 3705 est
347 3686 385 3704 ex
407 3673 437 3704 Β
454 3674 507 3713 28,
524 3680 553 3705 12
569 3671 582 3716 ΙΙ
607 3669 734 3715 νόμον]
760 3681 828 3705 nov.
845 3670 961 3705 XXII
981 3682 1007 3704 c-
1028 3670 1068 3704 18

1607 2948 1732 2995 eqibus
1754 2944 2098 2995 aqnita'depulerin
2131 2959 2175 2983 ea
2198 2952 2367 2994 quartam

1361 3043 1376 3075 1
1405 3040 1531 3073 dudum
1558 3039 1665 3081 legem
1691 3039 1724 3072 T
1745 3038 1758 3083 ΙΙ
1786 3039 1983 3081 pertulimus
2007 3039 2041 3072 R
2068 3038 2081 3082 u
2115 3040 2135 3073 2
2155 3038 2367 3081 probationes

1292 3085 1375 3118 alias
1395 3085 1429 3118 R
1447 3084 1460 3128 ΙΙ
1483 3084 1595 3116 cedere
1616 3084 1667 3116 Τι
1691 3083 1871 3126 producere
1892 3083 1946 3127 Vn
1971 3085 1993 3117 4
2017 3083 2175 3127 competit
2198 3085 2231 3118 R
2246 3083 2259 3128 ΙΙ
2277 3089 2367 3117 certa

1301 3130 1356 3173 Vfl
1373 3132 1394 3164 9
1418 3128 1643 3161 inscribantur
1669 3128 1720 3161 ΤΞ
1754 3127 1983 3162 inscribuntur
2007 3129 2056 3162 '1⁷¹
2077 3128 2090 3173 ΙΙ
2105 3129 2151 3162 tffi
2170 3129 2204 3163 R
2221 3127 2234 3173 ss
2253 3131 2292 3164 10
2316 3129 2366 3162 af-

1292 3174 1396 3207 fectus
1427 3174 1460 3206 V
1483 3172 1496 3217 ΙΙ
1525 3175 1564 3208 11
1588 3172 1657 3205 solo
1682 3191 1725 3196 ——
1752 3174 1794 3207 14
1817 3183 1897 3205 uero
1926 3186 1989 3206 scr.
2014 3173 2065 3206 13²
2089 3175 2121 3207 in
2145 3187 2211 3207 ras.
2237 3175 2257 3208 2
2281 3187 2331 3207 υυ.
2354 3172 2367 3219 ΙΙ

1292 3218 1425 3252 duxerit
1437 3218 1512 3258 R(²)
1524 3218 1555 3250 T
1569 3216 1582 3261 ΙΙ
1606 3218 1645 3251 12
1668 3220 1742 3260 post
1757 3217 1936 3260 dignitates
1952 3217 2026 3261 R(²)
2039 3219 2123 3263 vulq.
2143 3218 2155 3263 ΙΙ
2174 3221 2216 3254 14
2239 3220 2367 3252 honora

1293 3264 1339 3297 R¹
1365 3263 1378 3307 ΙΙ
1407 3265 1448 3297 15
1472 3262 1652 3304 dignitates
1675 3263 1726 3295 12⁰
1751 3262 1763 3305 ΙΙ
1788 3264 1906 3295 ducere
1930 3265 2028 3306 vul9.]
2058 3264 2193 3297 duceret
2211 3264 2244 3298 T
2267 3264 2366 3298 duoe-

1293 3311 1366 3341 rent
1387 3308 1421 3341 V
1438 3307 1549 3341 dicent
1573 3307 1622 3340 R*
1652 3307 1775 3340 ducent
1799 3307 1848 3341 R²
1866 3307 1878 3352 ΙΙ
1897 3310 1935 3343 17
1961 3310 2083 3342 nostris
2108 3310 2141 3343 T
2154 3309 2168 3352 ΙΙ
2187 3310 2225 3343 18
2251 3309 2366 3342 huius-

1291 3353 1379 3386 modi
1404 3365 1462 3386 om.
1486 3353 1518 3385 V
1538 3352 1551 3395 ΙΙ
1580 3353 1648 3384 sint
1670 3353 1768 3396 vuly]
1801 3361 1879 3385 sunt
1905 3354 1935 3386 R
1946 3354 2009 3386 VT
2031 3354 2044 3397 ΙΙ
2076 3356 2116 3388 19
2140 3354 2268 3396 *nudoJ
2303 3354 2365 3387 snb

1293 3399 1386 3437 libri,
1419 3397 1490 3430 solo
1519 3398 1746 3442 Oxenbruyyen
1774 3397 1786 3439 fl
1816 3400 1972 3431 contra-e
1996 3400 2044 3432 R¹
2072 3398 2085 3442 ss
2113 3400 2156 3433 20
2176 3399 2276 3432 sicuti
2300 3399 2333 3432 T
2355 3399 2366 3440 ΙΙ

1292 3444 1335 3477 22
1351 3443 1498 3484 dignatis
1513 3443 1547 3476 R
1563 3442 1575 3485 ΙΙ
1592 3441 1739 3475 studium
1761 3443 1793 3475 T
1802 3443 1812 3463 ¹
1828 3442 1840 3486 ΙΙ
1867 3445 1910 3477 24
1930 3454 2076 3477 uxorem.
2104 3444 2156 3476 sin
2181 3445 2213 3477 T
2223 3443 2236 3487 ΙΙ
2253 3444 2364 3484 etiam]

1291 3492 1324 3520 ot
1350 3489 1381 3521 T
1397 3487 1409 3530 ΙΙ
1437 3489 1509 3529 hoo]
1535 3488 1614 3520 haec
1641 3488 1678 3527 Τ,
1703 3499 1760 3520 om.
1783 3487 1842 3532 Vss
1869 3490 1910 3522 25
1936 3492 1968 3522 et
1992 3502 2050 3524 om.
2066 3489 2116 3523 T·
2138 3488 2151 3533 ΙΙ
2181 3490 2219 3523 31
2247 3498 2364 3521 uxores

1291 3531 1413 3577 31132
1435 3543 1534 3566 causa
1558 3545 1615 3566 om.
1638 3532 1686 3566 V*
