<?xml version="1.0" encoding="UTF-8"?>
<!DOCTYPE html PUBLIC "-//W3C//DTD XHTML 1.0 Transitional//EN"
    "http://www.w3.org/TR/xhtml1/DTD/xhtml1-transitional.dtd">
<html xmlns="http://www.w3.org/1999/xhtml" xml:lang="en" lang="en">
 <head>
  <title>
</title>
<meta http-equiv="Content-Type" content="text/html;charset=utf-8" />
  <meta name='ocr-system' content='tesseract 3.04.00' />
  <meta name='ocr-capabilities' content='ocr_page ocr_carea ocr_par ocr_line ocrx_word'/>
</head>
<body>
  <div class='ocr_page' id='page_1' title='image "./corpusjuriscivil00krueuoft_0534.png"; bbox 0 0 2592 3840; ppageno 0'>
   <div class='ocr_carea' id='block_1_1' title="bbox 225 90 536 148">
    <p class='ocr_par' dir='ltr' id='par_1_1' title="bbox 225 90 536 148">
     <span class='ocr_line' id='line_1_1' title="bbox 225 90 536 148; baseline 0.003 -14"><span class='ocrx_word' id='word_1_1' title='bbox 225 90 334 135; x_wconf 86' lang='lat' dir='ltr'><strong>Nov.</strong></span> <span class='ocrx_word' id='word_1_2' title='bbox 355 92 448 135; x_wconf 89' lang='lat' dir='ltr'><strong>CVI</strong></span> <span class='ocrx_word' id='word_1_3' title='bbox 475 106 536 148; x_wconf 89' lang='lat' dir='ltr'><strong>pr.</strong></span> 
     </span>
    </p>
   </div>
   <div class='ocr_carea' id='block_1_2' title="bbox 223 199 1304 615">
    <p class='ocr_par' dir='ltr' id='par_1_2' title="bbox 223 199 1304 615">
     <span class='ocr_line' id='line_1_2' title="bbox 226 199 1302 248; baseline 0.004 -13"><span class='ocrx_word' id='word_1_4' title='bbox 226 199 336 242; x_wconf 80' lang='grc' dir='ltr'><strong><em>δαξας</em></strong></span> <span class='ocrx_word' id='word_1_5' title='bbox 357 202 435 248; x_wconf 86' lang='grc' dir='ltr'><strong><em>γάρ,</em></strong></span> <span class='ocrx_word' id='word_1_6' title='bbox 460 206 599 248; x_wconf 76' lang='grc' dir='ltr'><strong><em>Πέτρον</em></strong></span> <span class='ocrx_word' id='word_1_7' title='bbox 622 206 682 236; x_wconf 82' lang='grc' dir='ltr'><strong>καὶ</strong></span> <span class='ocrx_word' id='word_1_8' title='bbox 702 200 914 248; x_wconf 80' lang='grc' dir='ltr'><strong><em>Εὖλόγητον</em></strong></span> <span class='ocrx_word' id='word_1_9' title='bbox 938 204 1116 238; x_wconf 77' lang='grc' dir='ltr'><strong><em>ἱκετεῦσαι</em></strong></span> <span class='ocrx_word' id='word_1_10' title='bbox 1139 204 1181 239; x_wconf 80' lang='grc' dir='ltr'><strong>τὸ</strong></span> <span class='ocrx_word' id='word_1_11' title='bbox 1200 205 1302 240; x_wconf 84' lang='grc' dir='ltr'><strong><em>θεῖον</em></strong></span> 
     </span>
     <span class='ocr_line' id='line_1_3' title="bbox 225 244 1302 295; baseline 0.004 -15"><span class='ocrx_word' id='word_1_12' title='bbox 225 244 331 290; x_wconf 80' lang='grc' dir='ltr'><strong><em>ἡμῶν</em></strong></span> <span class='ocrx_word' id='word_1_13' title='bbox 362 247 489 291; x_wconf 74' lang='grc' dir='ltr'><strong><em>κράτος</em></strong></span> <span class='ocrx_word' id='word_1_14' title='bbox 518 251 576 280; x_wconf 84' lang='grc' dir='ltr'><strong>καὶ</strong></span> <span class='ocrx_word' id='word_1_15' title='bbox 607 247 653 281; x_wconf 81' lang='grc' dir='ltr'><strong>τὰ</strong></span> <span class='ocrx_word' id='word_1_16' title='bbox 683 244 775 280; x_wconf 78' lang='grc' dir='ltr'><strong><em>καθ’</em></strong></span> <span class='ocrx_word' id='word_1_17' title='bbox 803 247 948 283; x_wconf 84' lang='grc' dir='ltr'><strong><em>ἑαυτοὺς</em></strong></span> <span class='ocrx_word' id='word_1_18' title='bbox 972 246 1234 295; x_wconf 79' lang='grc' dir='ltr'><em>ἀφηγουμένους</em></span> <span class='ocrx_word' id='word_1_19' title='bbox 1256 252 1302 284; x_wconf 84' lang='grc' dir='ltr'><strong>εἰ-</strong></span> 
     </span>
     <span class='ocr_line' id='line_1_4' title="bbox 225 291 1304 339; baseline 0.004 -14"><span class='ocrx_word' id='word_1_20' title='bbox 225 294 318 333; x_wconf 83' lang='grc' dir='ltr'><strong><em>πεῖν,</em></strong></span> <span class='ocrx_word' id='word_1_21' title='bbox 350 291 397 325; x_wconf 76' lang='grc' dir='ltr'><strong>ως</strong></span> <span class='ocrx_word' id='word_1_22' title='bbox 421 292 576 325; x_wconf 78' lang='grc' dir='ltr'><strong><em>εἰώθασι</em></strong></span> <span class='ocrx_word' id='word_1_23' title='bbox 600 291 807 336; x_wconf 70' lang='grc' dir='ltr'><strong><em>ναυκλήροις</em></strong></span> <span class='ocrx_word' id='word_1_24' title='bbox 830 292 910 335; x_wconf 81' lang='grc' dir='ltr'><strong><em>ἦτοι</em></strong></span> <span class='ocrx_word' id='word_1_25' title='bbox 934 293 1104 339; x_wconf 73' lang='grc' dir='ltr'><strong><em>ἐμπόροις</em></strong></span> <span class='ocrx_word' id='word_1_26' title='bbox 1127 292 1304 337; x_wconf 78' lang='grc' dir='ltr'><em>δανείζειν</em></span> 
     </span>
     <span class='ocr_line' id='line_1_5' title="bbox 223 336 1304 386; baseline 0.004 -16"><span class='ocrx_word' id='word_1_27' title='bbox 223 340 380 381; x_wconf 86' lang='grc' dir='ltr'><strong><em>χρυσίον,</em></strong></span> <span class='ocrx_word' id='word_1_28' title='bbox 401 340 460 370; x_wconf 85' lang='grc' dir='ltr'><strong>καὶ</strong></span> <span class='ocrx_word' id='word_1_29' title='bbox 475 336 633 380; x_wconf 82' lang='grc' dir='ltr'><strong><em>μάλιστα</em></strong></span> <span class='ocrx_word' id='word_1_30' title='bbox 648 340 722 371; x_wconf 86' lang='grc' dir='ltr'><strong><em>τοῖς</em></strong></span> <span class='ocrx_word' id='word_1_31' title='bbox 738 340 777 370; x_wconf 81' lang='grc' dir='ltr'><strong>ἑν</strong></span> <span class='ocrx_word' id='word_1_32' title='bbox 794 337 964 385; x_wconf 76' lang='grc' dir='ltr'><em>θαλάττῃ</em></span> <span class='ocrx_word' id='word_1_33' title='bbox 980 339 1042 373; x_wconf 83' lang='grc' dir='ltr'><strong>τὰς</strong></span> <span class='ocrx_word' id='word_1_34' title='bbox 1060 344 1304 386; x_wconf 77' lang='grc' dir='ltr'><strong><em>πραγματείας</em></strong></span> 
     </span>
     <span class='ocr_line' id='line_1_6' title="bbox 225 379 1303 431; baseline 0.003 -15"><span class='ocrx_word' id='word_1_35' title='bbox 225 385 458 425; x_wconf 67' lang='grc' dir='ltr'><strong><em>ποιουμένοις,</em></strong></span> <span class='ocrx_word' id='word_1_36' title='bbox 482 385 542 415; x_wconf 83' lang='grc' dir='ltr'><strong>καὶ</strong></span> <span class='ocrx_word' id='word_1_37' title='bbox 565 379 703 424; x_wconf 79' lang='grc' dir='ltr'><strong><em>ταύτην</em></strong></span> <span class='ocrx_word' id='word_1_38' title='bbox 727 383 821 424; x_wconf 83' lang='grc' dir='ltr'><strong><em>ἔχειν</em></strong></span> <span class='ocrx_word' id='word_1_39' title='bbox 843 385 908 416; x_wconf 80' lang='grc' dir='ltr'><strong>τοῦ</strong></span> <span class='ocrx_word' id='word_1_40' title='bbox 931 387 1012 427; x_wconf 86' lang='grc' dir='ltr'><strong><em>βίου</em></strong></span> <span class='ocrx_word' id='word_1_41' title='bbox 1035 384 1103 427; x_wconf 85' lang='grc' dir='ltr'><strong>τὴν</strong></span> <span class='ocrx_word' id='word_1_42' title='bbox 1120 386 1303 431; x_wconf 83' lang='grc' dir='ltr'><strong><em>πρόφασιν</em></strong></span> 
     </span>
     <span class='ocr_line' id='line_1_7' title="bbox 224 425 1301 471; baseline 0.005 -12"><span class='ocrx_word' id='word_1_43' title='bbox 224 427 271 460; x_wconf 85' lang='grc' dir='ltr'><strong>τοὶ</strong></span> <span class='ocrx_word' id='word_1_44' title='bbox 302 430 375 460; x_wconf 83' lang='grc' dir='ltr'><strong><em>τοῖς</em></strong></span> <span class='ocrx_word' id='word_1_45' title='bbox 404 425 618 460; x_wconf 73' lang='grc' dir='ltr'><strong><em>θαλαττίοις</em></strong></span> <span class='ocrx_word' id='word_1_46' title='bbox 651 428 768 460; x_wconf 78' lang='grc' dir='ltr'><strong><em>ταῦτα</em></strong></span> <span class='ocrx_word' id='word_1_47' title='bbox 799 425 1041 471; x_wconf 81' lang='grc' dir='ltr'><strong><em>δανείσματα,</em></strong></span> <span class='ocrx_word' id='word_1_48' title='bbox 1076 426 1102 462; x_wconf 71' lang='grc' dir='ltr'><em>δί</em></span> <span class='ocrx_word' id='word_1_49' title='bbox 1131 429 1252 464; x_wconf 87' lang='grc' dir='ltr'><strong><em>καλεῖν</em></strong></span> <span class='ocrx_word' id='word_1_50' title='bbox 1281 427 1301 464; x_wconf 83' lang='grc' dir='ltr'>ὁ</span> 
     </span>
     <span class='ocr_line' id='line_1_8' title="bbox 224 468 1302 515; baseline 0.003 -10"><span class='ocrx_word' id='word_1_51' title='bbox 224 468 317 505; x_wconf 70' lang='grc' dir='ltr'><strong><em>καθ’</em></strong></span> <span class='ocrx_word' id='word_1_52' title='bbox 339 470 430 514; x_wconf 76' lang='grc' dir='ltr'><strong><em>ἡμᾶς</em></strong></span> <span class='ocrx_word' id='word_1_53' title='bbox 454 471 565 505; x_wconf 83' lang='grc' dir='ltr'><strong><em>εἴωθε</em></strong></span> <span class='ocrx_word' id='word_1_54' title='bbox 589 470 698 515; x_wconf 88' lang='grc' dir='ltr'><strong><em>νόμος</em></strong></span> <span class='ocrx_word' id='word_1_55' title='bbox 721 472 928 514; x_wconf 80' lang='lat' dir='ltr'><strong>traiecticia‚</strong></span> <span class='ocrx_word' id='word_1_56' title='bbox 961 471 1158 508; x_wconf 75' lang='grc' dir='ltr'><strong><em>δεδοικέναι</em></strong></span> <span class='ocrx_word' id='word_1_57' title='bbox 1179 473 1219 509; x_wconf 78' lang='grc' dir='ltr'><strong>δὲ</strong></span> <span class='ocrx_word' id='word_1_58' title='bbox 1242 472 1302 508; x_wconf 81' lang='grc' dir='ltr'><strong>αὗ-</strong></span> 
     </span>
     <span class='ocr_line' id='line_1_9' title="bbox 223 513 1303 564; baseline 0.004 -14"><span class='ocrx_word' id='word_1_59' title='bbox 223 517 306 550; x_wconf 76' lang='grc' dir='ltr'><strong><em>τοὺς</em></strong></span> <span class='ocrx_word' id='word_1_60' title='bbox 321 514 370 549; x_wconf 79' lang='grc' dir='ltr'><strong>ὠς</strong></span> <span class='ocrx_word' id='word_1_61' title='bbox 385 513 686 562; x_wconf 81' lang='grc' dir='ltr'><strong><em>ἀμφιςβητὴσεων</em></strong></span> <span class='ocrx_word' id='word_1_62' title='bbox 707 518 882 552; x_wconf 76' lang='grc' dir='ltr'><strong><em>ἐντεῦθεν</em></strong></span> <span class='ocrx_word' id='word_1_63' title='bbox 903 514 1023 553; x_wconf 74' lang='grc' dir='ltr'><strong><em>αὐτοῖς</em></strong></span> <span class='ocrx_word' id='word_1_64' title='bbox 1038 516 1303 564; x_wconf 77' lang='grc' dir='ltr'><strong><em>ἀνισταμένων,</em></strong></span> 
     </span>
     <span class='ocr_line' id='line_1_10' title="bbox 224 559 1303 615; baseline 0.004 -21"><span class='ocrx_word' id='word_1_65' title='bbox 224 564 282 594; x_wconf 84' lang='grc' dir='ltr'><strong>καὶ</strong></span> <span class='ocrx_word' id='word_1_66' title='bbox 308 559 454 595; x_wconf 88' lang='grc' dir='ltr'><strong><em>δεῖσθαι</em></strong></span> <span class='ocrx_word' id='word_1_67' title='bbox 479 559 540 595; x_wconf 84' lang='grc' dir='ltr'><strong>διὰ</strong></span> <span class='ocrx_word' id='word_1_68' title='bbox 564 563 672 596; x_wconf 79' lang='grc' dir='ltr'><strong><em>τοῦτο</em></strong></span> <span class='ocrx_word' id='word_1_69' title='bbox 694 563 870 615; x_wconf 61' lang='grc' dir='ltr'><strong><em>γενεσθαι</em></strong></span> <span class='ocrx_word' id='word_1_70' title='bbox 894 563 1055 609; x_wconf 83' lang='grc' dir='ltr'><strong><em>φανερὸν</em></strong></span> <span class='ocrx_word' id='word_1_71' title='bbox 1077 564 1122 598; x_wconf 85' lang='grc' dir='ltr'><strong>τὸ</strong></span> <span class='ocrx_word' id='word_1_72' title='bbox 1147 567 1303 610; x_wconf 77' lang='grc' dir='ltr'><strong><em>κρατοῦν</em></strong></span> 
     </span>
    </p>
   </div>
   <div class='ocr_carea' id='block_1_3' title="bbox 1291 90 1372 138">
    <p class='ocr_par' dir='ltr' id='par_1_3' title="bbox 1291 90 1372 138">
     <span class='ocr_line' id='line_1_11' title="bbox 1291 90 1372 138; baseline 0 0"><span class='ocrx_word' id='word_1_73' title='bbox 1291 90 1372 138; x_wconf 88' lang='grc'><strong>508</strong></span> 
     </span>
    </p>
   </div>
   <div class='ocr_carea' id='block_1_4' title="bbox 1965 109 2445 143">
    <p class='ocr_par' dir='ltr' id='par_1_4' title="bbox 1965 109 2445 143">
     <span class='ocr_line' id='line_1_12' title="bbox 1965 109 2445 143; baseline 0.006 -3"><span class='ocrx_word' id='word_1_74' title='bbox 1965 109 2024 140; x_wconf 78' lang='grc' dir='ltr'><strong>ΒΕ</strong></span> <span class='ocrx_word' id='word_1_75' title='bbox 2053 110 2210 142; x_wconf 83' lang='lat' dir='ltr'>USURIS</span> <span class='ocrx_word' id='word_1_76' title='bbox 2239 110 2445 143; x_wconf 77' lang='lat' dir='ltr'>NAUTICIS</span> 
     </span>
    </p>
   </div>
   <div class='ocr_carea' id='block_1_5' title="bbox 1402 152 1526 156">
    <p class='ocr_par' dir='ltr' id='par_1_5' title="bbox 1402 152 1526 156">
     <span class='ocr_line' id='line_1_13' title="bbox 1402 152 1526 156; baseline 0 0"><span class='ocrx_word' id='word_1_77' title='bbox 1402 152 1526 156; x_wconf 95' lang='lat' dir='ltr'><strong> </strong></span> 
     </span>
    </p>
   </div>
   <div class='ocr_carea' id='block_1_6' title="bbox 1339 205 2447 613">
    <p class='ocr_par' dir='ltr' id='par_1_6' title="bbox 1339 205 2447 613">
     <span class='ocr_line' id='line_1_14' title="bbox 1371 205 2447 253; baseline 0.006 -13"><span class='ocrx_word' id='word_1_78' title='bbox 1371 205 1464 241; x_wconf 89' lang='lat' dir='ltr'><strong>enim</strong></span> <span class='ocrx_word' id='word_1_79' title='bbox 1482 205 1624 241; x_wconf 89' lang='lat' dir='ltr'><strong>Petrum</strong></span> <span class='ocrx_word' id='word_1_80' title='bbox 1646 209 1682 242; x_wconf 89' lang='lat' dir='ltr'><strong>et</strong></span> <span class='ocrx_word' id='word_1_81' title='bbox 1697 206 1888 249; x_wconf 83' lang='lat' dir='ltr'><strong>Eulogium</strong></span> <span class='ocrx_word' id='word_1_82' title='bbox 1911 207 2133 253; x_wconf 75' lang='lat' dir='ltr'><strong>supplicasse</strong></span> <span class='ocrx_word' id='word_1_83' title='bbox 2155 218 2280 246; x_wconf 87' lang='lat' dir='ltr'><strong>sacrae</strong></span> <span class='ocrx_word' id='word_1_84' title='bbox 2302 212 2447 246; x_wconf 82' lang='lat' dir='ltr'><strong>nostrae</strong></span> 
     </span>
     <span class='ocr_line' id='line_1_15' title="bbox 1371 251 2445 299; baseline 0.007 -15"><span class='ocrx_word' id='word_1_85' title='bbox 1371 251 1538 295; x_wconf 79' lang='lat' dir='ltr'><strong>potestati</strong></span> <span class='ocrx_word' id='word_1_86' title='bbox 1560 255 1597 286; x_wconf 90' lang='lat' dir='ltr'><strong>et</strong></span> <span class='ocrx_word' id='word_1_87' title='bbox 1643 261 1682 286; x_wconf 92' lang='lat' dir='ltr'><strong>er</strong></span> <span class='ocrx_word' id='word_1_88' title='bbox 1705 262 1743 287; x_wconf 90' lang='lat' dir='ltr'><strong>se</strong></span> <span class='ocrx_word' id='word_1_89' title='bbox 1767 252 1976 297; x_wconf 74' lang='lat' dir='ltr'><strong>explanasse</strong></span> <span class='ocrx_word' id='word_1_90' title='bbox 1999 253 2165 296; x_wconf 83' lang='lat' dir='ltr'><strong>dicentes,</strong></span> <span class='ocrx_word' id='word_1_91' title='bbox 2190 254 2274 299; x_wconf 76' lang='lat' dir='ltr'><strong>quia</strong></span> <span class='ocrx_word' id='word_1_92' title='bbox 2297 265 2445 291; x_wconf 89' lang='lat' dir='ltr'><strong>consue-</strong></span> 
     </span>
     <span class='ocr_line' id='line_1_16' title="bbox 1370 297 2446 342; baseline 0.006 -13"><span class='ocrx_word' id='word_1_93' title='bbox 1370 297 1498 330; x_wconf 90' lang='lat' dir='ltr'><strong>verunt</strong></span> <span class='ocrx_word' id='word_1_94' title='bbox 1525 306 1617 331; x_wconf 83' lang='lat' dir='ltr'><strong>naue</strong></span> <span class='ocrx_word' id='word_1_95' title='bbox 1632 297 1701 332; x_wconf 89' lang='lat' dir='ltr'><strong>eris</strong></span> <span class='ocrx_word' id='word_1_96' title='bbox 1733 306 1797 332; x_wconf 90' lang='lat' dir='ltr'><strong>seu</strong></span> <span class='ocrx_word' id='word_1_97' title='bbox 1827 297 2106 342; x_wconf 78' lang='lat' dir='ltr'><strong>negotiatoribus</strong></span> <span class='ocrx_word' id='word_1_98' title='bbox 2134 303 2298 334; x_wconf 87' lang='lat' dir='ltr'><strong>mutuare</strong></span> <span class='ocrx_word' id='word_1_99' title='bbox 2319 309 2446 335; x_wconf 88' lang='lat' dir='ltr'><strong>aurum</strong></span> 
     </span>
     <span class='ocr_line' id='line_1_17' title="bbox 1372 340 2447 386; baseline 0.006 -12"><span class='ocrx_word' id='word_1_100' title='bbox 1372 347 1408 375; x_wconf 86' lang='lat' dir='ltr'><strong>et</strong></span> <span class='ocrx_word' id='word_1_101' title='bbox 1422 340 1574 375; x_wconf 85' lang='lat' dir='ltr'><strong>maxime</strong></span> <span class='ocrx_word' id='word_1_102' title='bbox 1588 340 1625 376; x_wconf 89' lang='lat' dir='ltr'><strong>iu</strong></span> <span class='ocrx_word' id='word_1_103' title='bbox 1641 341 1732 376; x_wconf 90' lang='lat' dir='ltr'><strong>mari</strong></span> <span class='ocrx_word' id='word_1_104' title='bbox 1747 342 1891 386; x_wconf 85' lang='lat' dir='ltr'><strong>negotia</strong></span> <span class='ocrx_word' id='word_1_105' title='bbox 1908 342 2134 386; x_wconf 77' lang='lat' dir='ltr'><strong>facientibus,</strong></span> <span class='ocrx_word' id='word_1_106' title='bbox 2153 347 2189 378; x_wconf 94' lang='lat' dir='ltr'><strong>et</strong></span> <span class='ocrx_word' id='word_1_107' title='bbox 2205 343 2298 380; x_wconf 85' lang='lat' dir='ltr'><strong>hanc</strong></span> <span class='ocrx_word' id='word_1_108' title='bbox 2316 344 2447 381; x_wconf 88' lang='lat' dir='ltr'><strong>habere</strong></span> 
     </span>
     <span class='ocr_line' id='line_1_18' title="bbox 1339 385 2447 432; baseline 0.005 -12"><span class='ocrx_word' id='word_1_109' title='bbox 1339 389 1359 420; x_wconf 85' lang='lat'>5</span> <span class='ocrx_word' id='word_1_110' title='bbox 1372 386 1464 420; x_wconf 88' lang='lat' dir='ltr'><strong>vitae</strong></span> <span class='ocrx_word' id='word_1_111' title='bbox 1499 385 1722 422; x_wconf 78' lang='lat' dir='ltr'><strong>occasionem</strong></span> <span class='ocrx_word' id='word_1_112' title='bbox 1753 387 1846 432; x_wconf 84' lang='lat' dir='ltr'><strong>(ipsa</strong></span> <span class='ocrx_word' id='word_1_113' title='bbox 1874 397 1957 422; x_wconf 88' lang='lat' dir='ltr'><strong>vero</strong></span> <span class='ocrx_word' id='word_1_114' title='bbox 1989 388 2126 423; x_wconf 88' lang='lat' dir='ltr'><strong>marina</strong></span> <span class='ocrx_word' id='word_1_115' title='bbox 2156 388 2291 424; x_wconf 88' lang='lat' dir='ltr'><strong>credita</strong></span> <span class='ocrx_word' id='word_1_116' title='bbox 2320 399 2447 425; x_wconf 87' lang='lat' dir='ltr'><strong>vocare</strong></span> 
     </span>
     <span class='ocr_line' id='line_1_19' title="bbox 1371 431 2445 476; baseline 0.006 -12"><span class='ocrx_word' id='word_1_117' title='bbox 1371 435 1495 464; x_wconf 88' lang='lat' dir='ltr'><strong>nostra</strong></span> <span class='ocrx_word' id='word_1_118' title='bbox 1520 431 1702 466; x_wconf 88' lang='lat' dir='ltr'><strong>consuevit</strong></span> <span class='ocrx_word' id='word_1_119' title='bbox 1725 432 1782 466; x_wconf 86' lang='lat' dir='ltr'><strong>lex</strong></span> <span class='ocrx_word' id='word_1_120' title='bbox 1806 432 2034 476; x_wconf 87' lang='lat' dir='ltr'><strong>traiecticia),</strong></span> <span class='ocrx_word' id='word_1_121' title='bbox 2067 436 2104 468; x_wconf 92' lang='lat' dir='ltr'><strong>et</strong></span> <span class='ocrx_word' id='word_1_122' title='bbox 2126 436 2280 469; x_wconf 88' lang='lat' dir='ltr'><strong>metuere</strong></span> <span class='ocrx_word' id='word_1_123' title='bbox 2304 443 2365 470; x_wconf 89' lang='lat' dir='ltr'><strong>eos</strong></span> <span class='ocrx_word' id='word_1_124' title='bbox 2388 438 2445 470; x_wconf 89' lang='lat' dir='ltr'><strong>ut-</strong></span> 
     </span>
     <span class='ocr_line' id='line_1_20' title="bbox 1372 475 2446 524; baseline 0.006 -15"><span class='ocrx_word' id='word_1_125' title='bbox 1372 477 1455 519; x_wconf 88' lang='lat' dir='ltr'><strong>pote</strong></span> <span class='ocrx_word' id='word_1_126' title='bbox 1486 475 1766 512; x_wconf 81' lang='lat' dir='ltr'><strong>dubitationibus</strong></span> <span class='ocrx_word' id='word_1_127' title='bbox 1799 477 1883 512; x_wconf 91' lang='lat' dir='ltr'><strong>hinc</strong></span> <span class='ocrx_word' id='word_1_128' title='bbox 1913 477 1964 512; x_wconf 88' lang='lat' dir='ltr'><strong>eis</strong></span> <span class='ocrx_word' id='word_1_129' title='bbox 1987 478 2137 522; x_wconf 78' lang='lat' dir='ltr'><strong>exortis3</strong></span> <span class='ocrx_word' id='word_1_130' title='bbox 2170 483 2335 523; x_wconf 86' lang='lat' dir='ltr'><strong>oportere</strong></span> <span class='ocrx_word' id='word_1_131' title='bbox 2363 489 2446 524; x_wconf 87' lang='lat' dir='ltr'><strong>pro-</strong></span> 
     </span>
     <span class='ocr_line' id='line_1_21' title="bbox 1371 520 2446 568; baseline 0.005 -14"><span class='ocrx_word' id='word_1_132' title='bbox 1371 524 1494 565; x_wconf 88' lang='lat' dir='ltr'><strong>pterea</strong></span> <span class='ocrx_word' id='word_1_133' title='bbox 1516 520 1591 556; x_wconf 89' lang='lat' dir='ltr'><strong>fieri</strong></span> <span class='ocrx_word' id='word_1_134' title='bbox 1613 521 1858 565; x_wconf 84' lang='lat' dir='ltr'><strong>manifestum,</strong></span> <span class='ocrx_word' id='word_1_135' title='bbox 1891 532 1982 566; x_wconf 88' lang='lat' dir='ltr'><strong>quae</strong></span> <span class='ocrx_word' id='word_1_136' title='bbox 2011 523 2129 558; x_wconf 86' lang='lat' dir='ltr'><strong>valeat</strong></span> <span class='ocrx_word' id='word_1_137' title='bbox 2152 533 2259 568; x_wconf 88' lang='lat' dir='ltr'><strong>super</strong></span> <span class='ocrx_word' id='word_1_138' title='bbox 2281 523 2337 559; x_wconf 86' lang='lat' dir='ltr'><strong>his</strong></span> <span class='ocrx_word' id='word_1_139' title='bbox 2362 534 2446 560; x_wconf 87' lang='lat' dir='ltr'><strong>con-</strong></span> 
     </span>
     <span class='ocr_line' id='line_1_22' title="bbox 1372 564 2446 613; baseline 0.005 -14"><span class='ocrx_word' id='word_1_140' title='bbox 1372 564 1533 609; x_wconf 87' lang='lat' dir='ltr'><strong>suetudo,</strong></span> <span class='ocrx_word' id='word_1_141' title='bbox 1560 569 1601 600; x_wconf 92' lang='lat' dir='ltr'><strong>ut</strong></span> <span class='ocrx_word' id='word_1_142' title='bbox 1624 570 1660 601; x_wconf 87' lang='lat' dir='ltr'><strong>et</strong></span> <span class='ocrx_word' id='word_1_143' title='bbox 1682 576 1787 602; x_wconf 85' lang='lat' dir='ltr'><strong>sacra</strong></span> <span class='ocrx_word' id='word_1_144' title='bbox 1809 569 1934 603; x_wconf 88' lang='lat' dir='ltr'><strong>nostra</strong></span> <span class='ocrx_word' id='word_1_145' title='bbox 1956 567 1992 603; x_wconf 94' lang='lat' dir='ltr'><strong>in</strong></span> <span class='ocrx_word' id='word_1_146' title='bbox 2016 568 2085 603; x_wconf 88' lang='lat' dir='ltr'><strong>hoc</strong></span> <span class='ocrx_word' id='word_1_147' title='bbox 2108 569 2316 613; x_wconf 87' lang='lat' dir='ltr'><strong>procederet</strong></span> <span class='ocrx_word' id='word_1_148' title='bbox 2336 568 2446 605; x_wconf 88' lang='lat' dir='ltr'><strong>iussio</strong></span> 
     </span>
    </p>
   </div>
   <div class='ocr_carea' id='block_1_7' title="bbox 223 605 2442 654">
    <p class='ocr_par' dir='ltr' id='par_1_7' title="bbox 223 605 2442 654">
     <span class='ocr_line' id='line_1_23' title="bbox 223 605 2442 654; baseline 0.005 -15"><span class='ocrx_word' id='word_1_149' title='bbox 223 609 282 639; x_wconf 84' lang='grc' dir='ltr'><strong>καὶ</strong></span> <span class='ocrx_word' id='word_1_150' title='bbox 318 608 379 640; x_wconf 83' lang='grc' dir='ltr'><strong><em>ἐπὶ</em></strong></span> <span class='ocrx_word' id='word_1_151' title='bbox 413 605 553 640; x_wconf 82' lang='grc' dir='ltr'><strong><em>τούτοις</em></strong></span> <span class='ocrx_word' id='word_1_152' title='bbox 587 607 690 651; x_wconf 82' lang='grc' dir='ltr'><strong><em>ἔθος,</em></strong></span> <span class='ocrx_word' id='word_1_153' title='bbox 732 619 818 641; x_wconf 87' lang='grc' dir='ltr'><strong><em>ωςτε</em></strong></span> <span class='ocrx_word' id='word_1_154' title='bbox 857 612 916 642; x_wconf 83' lang='grc' dir='ltr'><strong>καὶ</strong></span> <span class='ocrx_word' id='word_1_155' title='bbox 953 609 1063 643; x_wconf 86' lang='grc' dir='ltr'><strong><em>θείαν</em></strong></span> <span class='ocrx_word' id='word_1_156' title='bbox 1100 607 1205 654; x_wconf 80' lang='grc' dir='ltr'><strong><em>ἡμῶν</em></strong></span> <span class='ocrx_word' id='word_1_157' title='bbox 1243 612 1302 644; x_wconf 83' lang='grc' dir='ltr'><strong><em>ἐπὶ</em></strong></span> <span class='ocrx_word' id='word_1_158' title='bbox 1319 612 1358 643; x_wconf 87' lang='grc'>10</span> <span class='ocrx_word' id='word_1_159' title='bbox 1373 620 1461 654; x_wconf 79' lang='lat' dir='ltr'><strong>quae</strong></span> <span class='ocrx_word' id='word_1_160' title='bbox 1487 610 1774 647; x_wconf 77' lang='lat' dir='ltr'><strong>consuetudinem</strong></span> <span class='ocrx_word' id='word_1_161' title='bbox 1798 612 1844 647; x_wconf 75' lang='lat' dir='ltr'><strong>ad</strong></span> <span class='ocrx_word' id='word_1_162' title='bbox 1868 613 2100 648; x_wconf 76' lang='lat' dir='ltr'><strong>certissimam</strong></span> <span class='ocrx_word' id='word_1_163' title='bbox 2120 613 2266 649; x_wconf 85' lang='lat' dir='ltr'><strong>duceret</strong></span> <span class='ocrx_word' id='word_1_164' title='bbox 2281 613 2442 649; x_wconf 65' lang='lat' dir='ltr'><strong>formam.</strong></span> 
     </span>
    </p>
   </div>
   <div class='ocr_carea' id='block_1_8' title="bbox 222 650 1305 841">
    <p class='ocr_par' dir='ltr' id='par_1_8' title="bbox 222 650 1305 841">
     <span class='ocr_line' id='line_1_24' title="bbox 222 650 1301 701; baseline 0.002 -16"><span class='ocrx_word' id='word_1_165' title='bbox 222 650 342 694; x_wconf 78' lang='grc' dir='ltr'><strong><em>τούτῳ</em></strong></span> <span class='ocrx_word' id='word_1_166' title='bbox 367 650 563 696; x_wconf 89' lang='grc' dir='ltr'><strong><em>προελθεῖν</em></strong></span> <span class='ocrx_word' id='word_1_167' title='bbox 586 650 745 686; x_wconf 83' lang='grc' dir='ltr'><strong><em>κέλευσιν</em></strong></span> <span class='ocrx_word' id='word_1_168' title='bbox 775 653 841 695; x_wconf 87' lang='grc' dir='ltr'><strong>τὴν</strong></span> <span class='ocrx_word' id='word_1_169' title='bbox 871 653 913 687; x_wconf 86' lang='grc' dir='ltr'><strong>τὸ</strong></span> <span class='ocrx_word' id='word_1_170' title='bbox 938 654 1026 688; x_wconf 81' lang='grc' dir='ltr'><strong><em>ἔθος</em></strong></span> <span class='ocrx_word' id='word_1_171' title='bbox 1054 655 1102 689; x_wconf 84' lang='grc' dir='ltr'><strong>εἰς</strong></span> <span class='ocrx_word' id='word_1_172' title='bbox 1124 658 1301 701; x_wconf 79' lang='grc' dir='ltr'><strong><em>σαφέστα-</em></strong></span> 
     </span>
     <span class='ocr_line' id='line_1_25' title="bbox 222 694 1305 747; baseline 0.005 -18"><span class='ocrx_word' id='word_1_173' title='bbox 222 709 288 730; x_wconf 90' lang='grc' dir='ltr'><strong>τον</strong></span> <span class='ocrx_word' id='word_1_174' title='bbox 323 694 482 742; x_wconf 81' lang='grc' dir='ltr'><strong><em>ἄγουσαν</em></strong></span> <span class='ocrx_word' id='word_1_175' title='bbox 517 696 641 731; x_wconf 81' lang='grc' dir='ltr'><strong><em>τύπον.</em></strong></span> <span class='ocrx_word' id='word_1_176' title='bbox 692 699 887 744; x_wconf 83' lang='grc' dir='ltr'><strong><em>τοιγαροῦν</em></strong></span> <span class='ocrx_word' id='word_1_177' title='bbox 922 697 1016 743; x_wconf 83' lang='grc' dir='ltr'><strong><em>ἡμᾶς</em></strong></span> <span class='ocrx_word' id='word_1_178' title='bbox 1050 698 1305 747; x_wconf 80' lang='grc' dir='ltr'><strong><em>ἐγκελεύεσθαί</em></strong></span> 
     </span>
     <span class='ocr_line' id='line_1_26' title="bbox 223 739 1303 788; baseline 0.005 -14"><span class='ocrx_word' id='word_1_179' title='bbox 223 753 279 774; x_wconf 93' lang='grc' dir='ltr'><strong>σοι</strong></span> <span class='ocrx_word' id='word_1_180' title='bbox 302 741 369 784; x_wconf 86' lang='grc' dir='ltr'><strong>τὴν</strong></span> <span class='ocrx_word' id='word_1_181' title='bbox 392 743 455 784; x_wconf 81' lang='grc' dir='ltr'><strong>τῆς</strong></span> <span class='ocrx_word' id='word_1_182' title='bbox 479 739 774 786; x_wconf 78' lang='grc' dir='ltr'><strong><em>ἅμφιςβητήσεως</em></strong></span> <span class='ocrx_word' id='word_1_183' title='bbox 798 744 908 788; x_wconf 86' lang='grc' dir='ltr'><strong><em>φύσιν</em></strong></span> <span class='ocrx_word' id='word_1_184' title='bbox 931 744 1068 787; x_wconf 80' lang='grc' dir='ltr'><strong><em>μαθεῖν</em></strong></span> <span class='ocrx_word' id='word_1_185' title='bbox 1091 747 1150 778; x_wconf 83' lang='grc' dir='ltr'><strong>καὶ</strong></span> <span class='ocrx_word' id='word_1_186' title='bbox 1166 746 1303 788; x_wconf 83' lang='grc' dir='ltr'><strong><em>ταύτην</em></strong></span> 
     </span>
     <span class='ocr_line' id='line_1_27' title="bbox 223 784 1300 841; baseline 0.004 -22"><span class='ocrx_word' id='word_1_187' title='bbox 223 787 270 820; x_wconf 89' lang='grc' dir='ltr'><strong>εἰς</strong></span> <span class='ocrx_word' id='word_1_188' title='bbox 301 784 393 829; x_wconf 83' lang='grc' dir='ltr'><strong><em>ἡμᾶς</em></strong></span> <span class='ocrx_word' id='word_1_189' title='bbox 420 784 581 841; x_wconf 58' lang='grc' dir='ltr'><strong><em>Ιάγαγεῖν,</em></strong></span> <span class='ocrx_word' id='word_1_190' title='bbox 621 784 709 821; x_wconf 73' lang='grc' dir='ltr'><strong><em>ὥςτε</em></strong></span> <span class='ocrx_word' id='word_1_191' title='bbox 740 789 896 834; x_wconf 77' lang='grc' dir='ltr'><strong><em>φανερᾶς</em></strong></span> <span class='ocrx_word' id='word_1_192' title='bbox 924 787 1010 833; x_wconf 81' lang='grc' dir='ltr'><strong><em>ἡμῖν</em></strong></span> <span class='ocrx_word' id='word_1_193' title='bbox 1040 793 1228 837; x_wconf 77' lang='grc' dir='ltr'><strong><em>γενομένης</em></strong></span> <span class='ocrx_word' id='word_1_194' title='bbox 1260 790 1300 824; x_wconf 84' lang='grc' dir='ltr'><strong>τὸ</strong></span> 
     </span>
    </p>
   </div>
   <div class='ocr_carea' id='block_1_9' title="bbox 1370 655 2447 838">
    <p class='ocr_par' dir='ltr' id='par_1_9' title="bbox 1370 655 2447 838">
     <span class='ocr_line' id='line_1_28' title="bbox 1370 655 2446 700; baseline 0.005 -11"><span class='ocrx_word' id='word_1_195' title='bbox 1370 656 1495 700; x_wconf 88' lang='lat' dir='ltr'><strong>Itaque</strong></span> <span class='ocrx_word' id='word_1_196' title='bbox 1510 665 1576 691; x_wconf 88' lang='lat' dir='ltr'><strong>nos</strong></span> <span class='ocrx_word' id='word_1_197' title='bbox 1594 655 1777 700; x_wconf 84' lang='lat' dir='ltr'><strong>delegasse</strong></span> <span class='ocrx_word' id='word_1_198' title='bbox 1796 657 1861 692; x_wconf 89' lang='lat' dir='ltr'><strong>tibi</strong></span> <span class='ocrx_word' id='word_1_199' title='bbox 1882 657 2114 694; x_wconf 83' lang='lat' dir='ltr'><strong>dubitationis</strong></span> <span class='ocrx_word' id='word_1_200' title='bbox 2136 662 2299 694; x_wconf 88' lang='lat' dir='ltr'><strong>naturam</strong></span> <span class='ocrx_word' id='word_1_201' title='bbox 2319 669 2361 694; x_wconf 91' lang='lat' dir='ltr'><strong>co</strong></span> <span class='ocrx_word' id='word_1_202' title='bbox 2408 668 2446 694; x_wconf 92' lang='lat' dir='ltr'><strong>o-</strong></span> 
     </span>
     <span class='ocr_line' id='line_1_29' title="bbox 1370 700 2447 748; baseline 0.005 -14"><span class='ocrx_word' id='word_1_203' title='bbox 1370 710 1470 735; x_wconf 83' lang='lat' dir='ltr'><strong>scere</strong></span> <span class='ocrx_word' id='word_1_204' title='bbox 1492 704 1529 735; x_wconf 92' lang='lat' dir='ltr'><strong>et</strong></span> <span class='ocrx_word' id='word_1_205' title='bbox 1551 700 1644 735; x_wconf 88' lang='lat' dir='ltr'><strong>hanc</strong></span> <span class='ocrx_word' id='word_1_206' title='bbox 1667 700 1714 736; x_wconf 87' lang='lat' dir='ltr'><strong>ad</strong></span> <span class='ocrx_word' id='word_1_207' title='bbox 1736 712 1802 737; x_wconf 89' lang='lat' dir='ltr'><strong>nos</strong></span> <span class='ocrx_word' id='word_1_208' title='bbox 1832 702 2024 746; x_wconf 86' lang='lat' dir='ltr'><strong>deducere,</strong></span> <span class='ocrx_word' id='word_1_209' title='bbox 2054 707 2229 748; x_wconf 88' lang='lat' dir='ltr'><strong>quatenus</strong></span> <span class='ocrx_word' id='word_1_210' title='bbox 2259 713 2317 738; x_wconf 85' lang='lat' dir='ltr'><strong>ma</strong></span> <span class='ocrx_word' id='word_1_211' title='bbox 2343 703 2352 712; x_wconf 84' lang='lat'><strong>‘</strong></span> <span class='ocrx_word' id='word_1_212' title='bbox 2371 707 2447 739; x_wconf 86' lang='lat' dir='ltr'><strong>esta</strong></span> 
     </span>
     <span class='ocr_line' id='line_1_30' title="bbox 1372 745 2445 794; baseline 0.005 -14"><span class='ocrx_word' id='word_1_213' title='bbox 1372 745 1474 780; x_wconf 89' lang='lat' dir='ltr'><strong>uobis</strong></span> <span class='ocrx_word' id='word_1_214' title='bbox 1492 745 1590 780; x_wconf 83' lang='lat' dir='ltr'><strong>facta</strong></span> <span class='ocrx_word' id='word_1_215' title='bbox 1605 745 1700 790; x_wconf 89' lang='lat' dir='ltr'><strong>quod</strong></span> <span class='ocrx_word' id='word_1_216' title='bbox 1715 747 1892 782; x_wconf 89' lang='lat' dir='ltr'><strong>videretur</strong></span> <span class='ocrx_word' id='word_1_217' title='bbox 1906 748 1983 792; x_wconf 88' lang='lat' dir='ltr'><strong>lege</strong></span> <span class='ocrx_word' id='word_1_218' title='bbox 1996 749 2354 794; x_wconf 84' lang='lat' dir='ltr'><strong>comprehenderetur</strong></span> <span class='ocrx_word' id='word_1_219' title='bbox 2364 758 2445 794; x_wconf 88' lang='lat' dir='ltr'><strong>per-</strong></span> 
     </span>
     <span class='ocr_line' id='line_1_31' title="bbox 1370 792 2446 838; baseline 0.005 -14"><span class='ocrx_word' id='word_1_220' title='bbox 1370 793 1497 835; x_wconf 77' lang='lat' dir='ltr'><strong>petua3</strong></span> <span class='ocrx_word' id='word_1_221' title='bbox 1530 794 1696 835; x_wconf 92' lang='lat' dir='ltr'><strong>tuamque</strong></span> <span class='ocrx_word' id='word_1_222' title='bbox 1725 792 1873 835; x_wconf 83' lang='lat' dir='ltr'><strong>gloriam</strong></span> <span class='ocrx_word' id='word_1_223' title='bbox 1902 792 1991 828; x_wconf 86' lang='lat' dir='ltr'><strong>haec</strong></span> <span class='ocrx_word' id='word_1_224' title='bbox 2014 803 2037 828; x_wconf 84' lang='lat' dir='ltr'><strong>a</strong></span> <span class='ocrx_word' id='word_1_225' title='bbox 2059 793 2161 829; x_wconf 91' lang='lat' dir='ltr'><strong>nobis</strong></span> <span class='ocrx_word' id='word_1_226' title='bbox 2185 803 2289 838; x_wconf 86' lang='lat' dir='ltr'><strong>agere</strong></span> <span class='ocrx_word' id='word_1_227' title='bbox 2312 794 2446 829; x_wconf 88' lang='lat' dir='ltr'><strong>iussam</strong></span> 
     </span>
    </p>
   </div>
   <div class='ocr_carea' id='block_1_10' title="bbox 223 829 2445 885">
    <p class='ocr_par' dir='ltr' id='par_1_10' title="bbox 223 829 2445 885">
     <span class='ocr_line' id='line_1_32' title="bbox 223 829 2445 885; baseline 0.005 -21"><span class='ocrx_word' id='word_1_228' title='bbox 223 829 354 865; x_wconf 79' lang='grc' dir='ltr'><strong><em>δοκοῦν</em></strong></span> <span class='ocrx_word' id='word_1_229' title='bbox 385 845 488 884; x_wconf 57' lang='grc' dir='ltr'><strong><em>νομιρ</em></strong></span> <span class='ocrx_word' id='word_1_230' title='bbox 520 831 730 885; x_wconf 59' lang='grc' dir='ltr'><strong><em>περιλαβεῖν</em></strong></span> <span class='ocrx_word' id='word_1_231' title='bbox 762 831 931 876; x_wconf 82' lang='grc' dir='ltr'><strong><em>διηνεκει·</em></strong></span> <span class='ocrx_word' id='word_1_232' title='bbox 967 837 1027 868; x_wconf 84' lang='grc' dir='ltr'><strong>καὶ</strong></span> <span class='ocrx_word' id='word_1_233' title='bbox 1057 849 1126 877; x_wconf 83' lang='grc' dir='ltr'><strong>την</strong></span> <span class='ocrx_word' id='word_1_234' title='bbox 1155 836 1223 879; x_wconf 77' lang='grc' dir='ltr'><strong>σὴν</strong></span> <span class='ocrx_word' id='word_1_235' title='bbox 1247 837 1302 869; x_wconf 82' lang='grc' dir='ltr'><strong>ἐν·</strong></span> <span class='ocrx_word' id='word_1_236' title='bbox 1317 836 1357 869; x_wconf 82' lang='grc'>15</span> <span class='ocrx_word' id='word_1_237' title='bbox 1372 845 1587 871; x_wconf 82' lang='lat' dir='ltr'><strong>convocasse</strong></span> <span class='ocrx_word' id='word_1_238' title='bbox 1610 836 1796 872; x_wconf 78' lang='lat' dir='ltr'><strong>naucleros</strong></span> <span class='ocrx_word' id='word_1_239' title='bbox 1821 837 1949 880; x_wconf 89' lang='lat' dir='ltr'><strong>quibus</strong></span> <span class='ocrx_word' id='word_1_240' title='bbox 1972 838 2061 873; x_wconf 89' lang='lat' dir='ltr'><strong>haec</strong></span> <span class='ocrx_word' id='word_1_241' title='bbox 2082 840 2207 874; x_wconf 87' lang='lat' dir='ltr'><strong>mutua</strong></span> <span class='ocrx_word' id='word_1_242' title='bbox 2222 849 2330 874; x_wconf 86' lang='lat' dir='ltr'><strong>curae</strong></span> <span class='ocrx_word' id='word_1_243' title='bbox 2351 843 2445 882; x_wconf 87' lang='lat' dir='ltr'><strong>sunt,</strong></span> 
     </span>
    </p>
   </div>
   <div class='ocr_carea' id='block_1_11' title="bbox 222 874 1303 1066">
    <p class='ocr_par' dir='ltr' id='par_1_11' title="bbox 222 874 1303 1066">
     <span class='ocr_line' id='line_1_33' title="bbox 223 874 1301 923; baseline 0.003 -13"><span class='ocrx_word' id='word_1_244' title='bbox 223 874 402 919; x_wconf 80' lang='grc' dir='ltr'><strong><em>δοξότητα</em></strong></span> <span class='ocrx_word' id='word_1_245' title='bbox 422 890 538 911; x_wconf 89' lang='grc' dir='ltr'><strong><em>ταυτα</em></strong></span> <span class='ocrx_word' id='word_1_246' title='bbox 557 878 692 922; x_wconf 79' lang='grc' dir='ltr'><strong><em>πραξαι</em></strong></span> <span class='ocrx_word' id='word_1_247' title='bbox 717 876 805 923; x_wconf 69' lang='grc' dir='ltr'><strong><em>παρ’</em></strong></span> <span class='ocrx_word' id='word_1_248' title='bbox 824 876 927 923; x_wconf 83' lang='grc' dir='ltr'><strong><em>ἡμῶν</em></strong></span> <span class='ocrx_word' id='word_1_249' title='bbox 947 878 1203 914; x_wconf 73' lang='grc' dir='ltr'><strong><em>κελευσθεῖσαν</em></strong></span> <span class='ocrx_word' id='word_1_250' title='bbox 1221 892 1301 914; x_wconf 90' lang='grc' dir='ltr'><strong><em>συν-</em></strong></span> 
     </span>
     <span class='ocr_line' id='line_1_34' title="bbox 223 922 1303 968; baseline 0.005 -14"><span class='ocrx_word' id='word_1_251' title='bbox 223 925 370 968; x_wconf 87' lang='grc' dir='ltr'><strong><em>αγαγεῖν</em></strong></span> <span class='ocrx_word' id='word_1_252' title='bbox 403 922 486 956; x_wconf 84' lang='grc' dir='ltr'><strong><em>τοὺς</em></strong></span> <span class='ocrx_word' id='word_1_253' title='bbox 521 922 753 968; x_wconf 85' lang='grc' dir='ltr'><strong><em>ναυκλήρους,</em></strong></span> <span class='ocrx_word' id='word_1_254' title='bbox 789 923 841 957; x_wconf 87' lang='grc' dir='ltr'><strong>οἷς</strong></span> <span class='ocrx_word' id='word_1_255' title='bbox 876 922 920 967; x_wconf 85' lang='grc' dir='ltr'><strong>δὴ</strong></span> <span class='ocrx_word' id='word_1_256' title='bbox 957 923 1003 958; x_wconf 84' lang='grc' dir='ltr'><strong>τὰ</strong></span> <span class='ocrx_word' id='word_1_257' title='bbox 1037 926 1190 959; x_wconf 80' lang='grc' dir='ltr'><strong><em>τοιαῦτα</em></strong></span> <span class='ocrx_word' id='word_1_258' title='bbox 1225 927 1303 959; x_wconf 85' lang='grc' dir='ltr'><strong>τῶν</strong></span> 
     </span>
     <span class='ocr_line' id='line_1_35' title="bbox 223 964 1302 1015; baseline 0.002 -15"><span class='ocrx_word' id='word_1_259' title='bbox 223 964 493 1013; x_wconf 62' lang='grc' dir='ltr'><strong>δανεισμάτωνν</strong></span> <span class='ocrx_word' id='word_1_260' title='bbox 502 966 609 1012; x_wconf 80' lang='grc' dir='ltr'><strong><em>με’λει,</em></strong></span> <span class='ocrx_word' id='word_1_261' title='bbox 632 971 693 1001; x_wconf 78' lang='grc' dir='ltr'><strong>καὶ</strong></span> <span class='ocrx_word' id='word_1_262' title='bbox 716 968 910 1003; x_wconf 79' lang='grc' dir='ltr'><strong><em>πυθέσθαι</em></strong></span> <span class='ocrx_word' id='word_1_263' title='bbox 934 967 1043 1004; x_wconf 88' lang='grc' dir='ltr'><strong><em>ποῖόν</em></strong></span> <span class='ocrx_word' id='word_1_264' title='bbox 1067 982 1155 1004; x_wconf 84' lang='grc' dir='ltr'><strong><em>ποτε</em></strong></span> <span class='ocrx_word' id='word_1_265' title='bbox 1179 970 1222 1004; x_wconf 89' lang='grc' dir='ltr'><strong>τὸ</strong></span> <span class='ocrx_word' id='word_1_266' title='bbox 1239 967 1302 1015; x_wconf 79' lang='grc' dir='ltr'><strong>ἀρ-</strong></span> 
     </span>
     <span class='ocr_line' id='line_1_36' title="bbox 222 1010 1303 1066; baseline 0.004 -22"><span class='ocrx_word' id='word_1_267' title='bbox 222 1015 325 1054; x_wconf 82' lang='grc' dir='ltr'><strong><em>χαῖον</em></strong></span> <span class='ocrx_word' id='word_1_268' title='bbox 355 1012 442 1046; x_wconf 81' lang='grc' dir='ltr'><strong><em>ἔθος</em></strong></span> <span class='ocrx_word' id='word_1_269' title='bbox 468 1015 532 1066; x_wconf 75' lang='grc' dir='ltr'><strong>ἦν·</strong></span> <span class='ocrx_word' id='word_1_270' title='bbox 569 1013 652 1047; x_wconf 77' lang='grc' dir='ltr'><strong><em>τοὺς</em></strong></span> <span class='ocrx_word' id='word_1_271' title='bbox 683 1011 722 1047; x_wconf 79' lang='grc' dir='ltr'><strong>δὲ</strong></span> <span class='ocrx_word' id='word_1_272' title='bbox 751 1017 812 1047; x_wconf 86' lang='grc' dir='ltr'><strong>καὶ</strong></span> <span class='ocrx_word' id='word_1_273' title='bbox 843 1010 951 1059; x_wconf 76' lang='grc' dir='ltr'><strong><em>ὅρκον</em></strong></span> <span class='ocrx_word' id='word_1_274' title='bbox 982 1015 1303 1060; x_wconf 84' lang='grc' dir='ltr'><strong><em>προςεπιτιθέντας</em></strong></span> 
     </span>
    </p>
   </div>
   <div class='ocr_carea' id='block_1_12' title="bbox 1369 881 2447 1063">
    <p class='ocr_par' dir='ltr' id='par_1_12' title="bbox 1369 881 2447 1063">
     <span class='ocr_line' id='line_1_37' title="bbox 1371 881 2445 928; baseline 0.004 -13"><span class='ocrx_word' id='word_1_275' title='bbox 1371 885 1405 915; x_wconf 87' lang='lat' dir='ltr'><strong>et</strong></span> <span class='ocrx_word' id='word_1_276' title='bbox 1428 882 1683 924; x_wconf 85' lang='lat' dir='ltr'><strong>interrogasse,</strong></span> <span class='ocrx_word' id='word_1_277' title='bbox 1715 891 1806 926; x_wconf 87' lang='lat' dir='ltr'><strong>quae</strong></span> <span class='ocrx_word' id='word_1_278' title='bbox 1836 881 2027 927; x_wconf 87' lang='lat' dir='ltr'><strong>aliquando</strong></span> <span class='ocrx_word' id='word_1_279' title='bbox 2057 883 2203 928; x_wconf 85' lang='lat' dir='ltr'><strong>antiqua</strong></span> <span class='ocrx_word' id='word_1_280' title='bbox 2226 883 2445 919; x_wconf 82' lang='lat' dir='ltr'><strong>consuetudo</strong></span> 
     </span>
     <span class='ocr_line' id='line_1_38' title="bbox 1370 926 2446 969; baseline 0.005 -9"><span class='ocrx_word' id='word_1_281' title='bbox 1370 926 1456 969; x_wconf 78' lang='lat' dir='ltr'><strong>fuit3</strong></span> <span class='ocrx_word' id='word_1_282' title='bbox 1473 926 1553 961; x_wconf 92' lang='lat' dir='ltr'><strong>illos</strong></span> <span class='ocrx_word' id='word_1_283' title='bbox 1566 930 1684 961; x_wconf 82' lang='lat' dir='ltr'><strong>autem</strong></span> <span class='ocrx_word' id='word_1_284' title='bbox 1696 930 1732 961; x_wconf 87' lang='lat' dir='ltr'><strong>et</strong></span> <span class='ocrx_word' id='word_1_285' title='bbox 1745 926 1990 962; x_wconf 87' lang='lat' dir='ltr'><strong>iusiurandum</strong></span> <span class='ocrx_word' id='word_1_286' title='bbox 2003 927 2197 964; x_wconf 82' lang='lat' dir='ltr'><strong>adicientes</strong></span> <span class='ocrx_word' id='word_1_287' title='bbox 2208 929 2446 964; x_wconf 86' lang='lat' dir='ltr'><strong>testimonium</strong></span> 
     </span>
     <span class='ocr_line' id='line_1_39' title="bbox 1369 971 2447 1015; baseline 0.003 -10"><span class='ocrx_word' id='word_1_288' title='bbox 1369 971 1604 1015; x_wconf 86' lang='lat' dir='ltr'><strong>perhibuisse,</strong></span> <span class='ocrx_word' id='word_1_289' title='bbox 1625 971 1747 1007; x_wconf 88' lang='lat' dir='ltr'><strong>modos</strong></span> <span class='ocrx_word' id='word_1_290' title='bbox 1766 981 1844 1007; x_wconf 88' lang='lat' dir='ltr'><strong>esse</strong></span> <span class='ocrx_word' id='word_1_291' title='bbox 1858 972 1974 1008; x_wconf 87' lang='lat' dir='ltr'><strong>varios</strong></span> <span class='ocrx_word' id='word_1_292' title='bbox 1989 972 2113 1008; x_wconf 90' lang='lat' dir='ltr'><strong>talium</strong></span> <span class='ocrx_word' id='word_1_293' title='bbox 2129 976 2342 1015; x_wconf 88' lang='lat' dir='ltr'><strong>mutuorum,</strong></span> <span class='ocrx_word' id='word_1_294' title='bbox 2365 977 2402 1009; x_wconf 88' lang='lat' dir='ltr'><strong>et</strong></span> <span class='ocrx_word' id='word_1_295' title='bbox 2415 973 2447 1009; x_wconf 91' lang='lat' dir='ltr'><strong>si</strong></span> 
     </span>
     <span class='ocr_line' id='line_1_40' title="bbox 1371 1016 2446 1063; baseline 0.003 -12"><span class='ocrx_word' id='word_1_296' title='bbox 1371 1016 1510 1060; x_wconf 91' lang='lat' dir='ltr'><strong>quidem</strong></span> <span class='ocrx_word' id='word_1_297' title='bbox 1534 1016 1708 1061; x_wconf 81' lang='lat' dir='ltr'><strong>placuerit</strong></span> <span class='ocrx_word' id='word_1_298' title='bbox 1731 1016 1985 1060; x_wconf 89' lang='lat' dir='ltr'><strong>creditoribus,</strong></span> <span class='ocrx_word' id='word_1_299' title='bbox 2009 1018 2047 1052; x_wconf 93' lang='lat' dir='ltr'><strong>in</strong></span> <span class='ocrx_word' id='word_1_300' title='bbox 2070 1017 2216 1062; x_wconf 84' lang='lat' dir='ltr'><strong>singulis</strong></span> <span class='ocrx_word' id='word_1_301' title='bbox 2240 1017 2362 1054; x_wconf 87' lang='lat' dir='ltr'><strong>solidis</strong></span> <span class='ocrx_word' id='word_1_302' title='bbox 2385 1027 2446 1063; x_wconf 87' lang='lat' dir='ltr'><strong>pe-</strong></span> 
     </span>
    </p>
   </div>
   <div class='ocr_carea' id='block_1_13' title="bbox 221 1058 2449 1106">
    <p class='ocr_par' dir='ltr' id='par_1_13' title="bbox 221 1058 2449 1106">
     <span class='ocr_line' id='line_1_41' title="bbox 221 1058 2449 1106; baseline 0.004 -16"><span class='ocrx_word' id='word_1_303' title='bbox 221 1061 416 1102; x_wconf 88' lang='grc' dir='ltr'><strong><em>μαρτυρεῖν</em></strong></span> <span class='ocrx_word' id='word_1_304' title='bbox 439 1069 594 1102; x_wconf 88' lang='grc' dir='ltr'><strong><em>τροπους</em></strong></span> <span class='ocrx_word' id='word_1_305' title='bbox 617 1058 710 1092; x_wconf 82' lang='grc' dir='ltr'><strong><em>εἶναι</em></strong></span> <span class='ocrx_word' id='word_1_306' title='bbox 734 1058 913 1093; x_wconf 85' lang='grc' dir='ltr'><strong><em>ποικίλους</em></strong></span> <span class='ocrx_word' id='word_1_307' title='bbox 943 1073 1020 1094; x_wconf 88' lang='grc' dir='ltr'><strong>των</strong></span> <span class='ocrx_word' id='word_1_308' title='bbox 1042 1061 1220 1094; x_wconf 84' lang='grc' dir='ltr'><strong><em>τοιούτων</em></strong></span> <span class='ocrx_word' id='word_1_309' title='bbox 1240 1058 1302 1094; x_wconf 87' lang='grc' dir='ltr'><strong>δα·</strong></span> <span class='ocrx_word' id='word_1_310' title='bbox 1316 1061 1358 1093; x_wconf 85' lang='grc'><strong>20</strong></span> <span class='ocrx_word' id='word_1_311' title='bbox 1371 1062 1556 1097; x_wconf 86' lang='lat' dir='ltr'><strong>cuniarum</strong></span> <span class='ocrx_word' id='word_1_312' title='bbox 1591 1071 1679 1106; x_wconf 76' lang='lat' dir='ltr'><strong>quas</strong></span> <span class='ocrx_word' id='word_1_313' title='bbox 1714 1061 1874 1098; x_wconf 80' lang='lat' dir='ltr'><strong>dederint</strong></span> <span class='ocrx_word' id='word_1_314' title='bbox 1910 1073 2018 1098; x_wconf 91' lang='lat' dir='ltr'><strong>unum</strong></span> <span class='ocrx_word' id='word_1_315' title='bbox 2052 1062 2161 1098; x_wconf 87' lang='lat' dir='ltr'><strong>tritici</strong></span> <span class='ocrx_word' id='word_1_316' title='bbox 2195 1062 2350 1098; x_wconf 86' lang='lat' dir='ltr'><strong>modium</strong></span> <span class='ocrx_word' id='word_1_317' title='bbox 2385 1067 2449 1098; x_wconf 68' lang='lat' dir='ltr'><strong>aut</strong></span> 
     </span>
    </p>
   </div>
   <div class='ocr_carea' id='block_1_14' title="bbox 221 1101 1302 1292">
    <p class='ocr_par' dir='ltr' id='par_1_14' title="bbox 221 1101 1302 1292">
     <span class='ocr_line' id='line_1_42' title="bbox 222 1101 1301 1151; baseline 0.004 -16"><span class='ocrx_word' id='word_1_318' title='bbox 222 1102 439 1146; x_wconf 81' lang='grc' dir='ltr'><strong><em>νεισμάτων,</em></strong></span> <span class='ocrx_word' id='word_1_319' title='bbox 464 1106 524 1136; x_wconf 81' lang='grc' dir='ltr'><strong>καὶ</strong></span> <span class='ocrx_word' id='word_1_320' title='bbox 540 1104 570 1136; x_wconf 86' lang='grc' dir='ltr'><strong>εἰ</strong></span> <span class='ocrx_word' id='word_1_321' title='bbox 587 1105 653 1146; x_wconf 85' lang='grc' dir='ltr'><strong>μὲν</strong></span> <span class='ocrx_word' id='word_1_322' title='bbox 673 1101 788 1144; x_wconf 81' lang='grc' dir='ltr'><strong><em>δόξειε</em></strong></span> <span class='ocrx_word' id='word_1_323' title='bbox 810 1107 883 1138; x_wconf 83' lang='grc' dir='ltr'><strong><em>τοῖς</em></strong></span> <span class='ocrx_word' id='word_1_324' title='bbox 904 1102 1122 1147; x_wconf 82' lang='grc' dir='ltr'><strong><em>δανεισταῖς,</em></strong></span> <span class='ocrx_word' id='word_1_325' title='bbox 1143 1102 1202 1151; x_wconf 71' lang='grc' dir='ltr'><strong>ἐφ’</strong></span> <span class='ocrx_word' id='word_1_326' title='bbox 1221 1103 1301 1145; x_wconf 83' lang='grc' dir='ltr'><strong><em>ἑκά-</em></strong></span> 
     </span>
     <span class='ocr_line' id='line_1_43' title="bbox 222 1146 1301 1196; baseline 0.003 -15"><span class='ocrx_word' id='word_1_327' title='bbox 222 1159 298 1190; x_wconf 85' lang='grc' dir='ltr'><strong>στῳ</strong></span> <span class='ocrx_word' id='word_1_328' title='bbox 331 1152 527 1192; x_wconf 80' lang='grc' dir='ltr'><strong><em>νομίσματι</em></strong></span> <span class='ocrx_word' id='word_1_329' title='bbox 562 1150 637 1182; x_wconf 84' lang='grc' dir='ltr'><strong>τῶν</strong></span> <span class='ocrx_word' id='word_1_330' title='bbox 668 1147 866 1194; x_wconf 79' lang='grc' dir='ltr'><strong><em>χρημάτων</em></strong></span> <span class='ocrx_word' id='word_1_331' title='bbox 900 1146 994 1196; x_wconf 74' lang='grc' dir='ltr'><strong><em>ἅπερ</em></strong></span> <span class='ocrx_word' id='word_1_332' title='bbox 1029 1148 1074 1184; x_wconf 81' lang='grc' dir='ltr'><strong>ἂν</strong></span> <span class='ocrx_word' id='word_1_333' title='bbox 1108 1148 1205 1184; x_wconf 86' lang='grc' dir='ltr'><strong><em>δοῖεν</em></strong></span> <span class='ocrx_word' id='word_1_334' title='bbox 1237 1152 1301 1184; x_wconf 79' lang='grc' dir='ltr'><strong>ἕνα</strong></span> 
     </span>
     <span class='ocr_line' id='line_1_44' title="bbox 222 1191 1302 1242; baseline 0.003 -16"><span class='ocrx_word' id='word_1_335' title='bbox 222 1196 323 1226; x_wconf 87' lang='grc' dir='ltr'><strong><em>σίτου</em></strong></span> <span class='ocrx_word' id='word_1_336' title='bbox 353 1191 484 1236; x_wconf 79' lang='grc' dir='ltr'><strong><em>μόδιον</em></strong></span> <span class='ocrx_word' id='word_1_337' title='bbox 515 1191 539 1235; x_wconf 80' lang='grc' dir='ltr'><em>ἢ</em></span> <span class='ocrx_word' id='word_1_338' title='bbox 569 1194 699 1238; x_wconf 83' lang='grc' dir='ltr'><strong><em>κριθῆς</em></strong></span> <span class='ocrx_word' id='word_1_339' title='bbox 731 1193 901 1239; x_wconf 79' lang='grc' dir='ltr'><strong><em>ἐμβαλεῖν</em></strong></span> <span class='ocrx_word' id='word_1_340' title='bbox 930 1196 976 1242; x_wconf 85' lang='grc' dir='ltr'><strong>τῇ</strong></span> <span class='ocrx_word' id='word_1_341' title='bbox 1007 1195 1087 1239; x_wconf 83' lang='grc' dir='ltr'><strong><em>νηΐ,</em></strong></span> <span class='ocrx_word' id='word_1_342' title='bbox 1122 1199 1182 1229; x_wconf 80' lang='grc' dir='ltr'><strong>καὶ</strong></span> <span class='ocrx_word' id='word_1_343' title='bbox 1213 1194 1302 1239; x_wconf 83' lang='grc' dir='ltr'><strong><em>μηδὲ</em></strong></span> 
     </span>
     <span class='ocr_line' id='line_1_45' title="bbox 221 1236 1301 1292; baseline 0.004 -22"><span class='ocrx_word' id='word_1_344' title='bbox 221 1237 402 1282; x_wconf 86' lang='grc' dir='ltr'><strong><em>μίσθωμα</em></strong></span> <span class='ocrx_word' id='word_1_345' title='bbox 432 1241 516 1292; x_wconf 54' lang='lat' dir='ltr'><strong>‘tois&#39;</strong></span> <span class='ocrx_word' id='word_1_346' title='bbox 535 1236 717 1282; x_wconf 78' lang='grc' dir='ltr'><strong><em>δημοσίοις</em></strong></span> <span class='ocrx_word' id='word_1_347' title='bbox 739 1243 908 1284; x_wconf 81' lang='grc' dir='ltr'><strong><em>παρέχειν</em></strong></span> <span class='ocrx_word' id='word_1_348' title='bbox 930 1238 1021 1287; x_wconf 79' lang='grc' dir='ltr'><strong><em>ὑπὲρ</em></strong></span> <span class='ocrx_word' id='word_1_349' title='bbox 1053 1238 1164 1275; x_wconf 81' lang='grc' dir='ltr'><strong><em>αὐτοῦ</em></strong></span> <span class='ocrx_word' id='word_1_350' title='bbox 1193 1240 1301 1275; x_wconf 77' lang='grc' dir='ltr'><strong><em>τελώ-</em></strong></span> 
     </span>
    </p>
   </div>
   <div class='ocr_carea' id='block_1_15' title="bbox 1369 1106 2448 1296">
    <p class='ocr_par' dir='ltr' id='par_1_15' title="bbox 1369 1106 2448 1296">
     <span class='ocr_line' id='line_1_46' title="bbox 1370 1106 2448 1153; baseline 0.002 -12"><span class='ocrx_word' id='word_1_351' title='bbox 1370 1106 1494 1142; x_wconf 87' lang='lat' dir='ltr'><strong>hordei</strong></span> <span class='ocrx_word' id='word_1_352' title='bbox 1516 1107 1708 1152; x_wconf 89' lang='lat' dir='ltr'><strong>imponere,</strong></span> <span class='ocrx_word' id='word_1_353' title='bbox 1737 1116 1853 1150; x_wconf 88' lang='lat' dir='ltr'><strong>neque</strong></span> <span class='ocrx_word' id='word_1_354' title='bbox 1875 1107 2071 1142; x_wconf 88' lang='lat' dir='ltr'><strong>mercedem</strong></span> <span class='ocrx_word' id='word_1_355' title='bbox 2096 1107 2249 1152; x_wconf 88' lang='lat' dir='ltr'><strong>publicis</strong></span> <span class='ocrx_word' id='word_1_356' title='bbox 2276 1107 2448 1153; x_wconf 87' lang='lat' dir='ltr'><strong>praebere</strong></span> 
     </span>
     <span class='ocr_line' id='line_1_47' title="bbox 1369 1151 2447 1198; baseline 0.001 -11"><span class='ocrx_word' id='word_1_357' title='bbox 1369 1162 1434 1196; x_wconf 89' lang='lat' dir='ltr'><strong>pro</strong></span> <span class='ocrx_word' id='word_1_358' title='bbox 1459 1162 1501 1187; x_wconf 94' lang='lat' dir='ltr'><strong>eo</strong></span> <span class='ocrx_word' id='word_1_359' title='bbox 1516 1151 1731 1194; x_wconf 78' lang='lat' dir='ltr'><strong>teloneariis,</strong></span> <span class='ocrx_word' id='word_1_360' title='bbox 1755 1152 1818 1187; x_wconf 87' lang='lat' dir='ltr'><strong>sed</strong></span> <span class='ocrx_word' id='word_1_361' title='bbox 1838 1156 2010 1196; x_wconf 87' lang='lat' dir='ltr'><strong>quantum</strong></span> <span class='ocrx_word' id='word_1_362' title='bbox 2029 1152 2076 1188; x_wconf 89' lang='lat' dir='ltr'><strong>ad</strong></span> <span class='ocrx_word' id='word_1_363' title='bbox 2093 1153 2190 1198; x_wconf 89' lang='lat' dir='ltr'><strong>ipsos</strong></span> <span class='ocrx_word' id='word_1_364' title='bbox 2207 1152 2285 1188; x_wconf 88' lang='lat' dir='ltr'><strong>sine</strong></span> <span class='ocrx_word' id='word_1_365' title='bbox 2305 1153 2447 1188; x_wconf 80' lang='lat' dir='ltr'><strong>teloneo</strong></span> 
     </span>
     <span class='ocr_line' id='line_1_48' title="bbox 1369 1197 2447 1243; baseline 0.002 -12"><span class='ocrx_word' id='word_1_366' title='bbox 1369 1197 1536 1240; x_wconf 87' lang='lat' dir='ltr'><strong>navigare</strong></span> <span class='ocrx_word' id='word_1_367' title='bbox 1559 1206 1685 1240; x_wconf 88' lang='lat' dir='ltr'><strong>naves,</strong></span> <span class='ocrx_word' id='word_1_368' title='bbox 1709 1200 1746 1232; x_wconf 90' lang='lat' dir='ltr'><strong>et</strong></span> <span class='ocrx_word' id='word_1_369' title='bbox 1767 1197 1863 1232; x_wconf 90' lang='lat' dir='ltr'><strong>hunc</strong></span> <span class='ocrx_word' id='word_1_370' title='bbox 1886 1197 2017 1233; x_wconf 89' lang='lat' dir='ltr'><strong>habere</strong></span> <span class='ocrx_word' id='word_1_371' title='bbox 2039 1197 2195 1233; x_wconf 81' lang='lat' dir='ltr'><strong>fructum</strong></span> <span class='ocrx_word' id='word_1_372' title='bbox 2217 1207 2338 1233; x_wconf 85' lang='lat' dir='ltr'><strong>earum</strong></span> <span class='ocrx_word' id='word_1_373' title='bbox 2358 1207 2447 1243; x_wconf 85' lang='lat' dir='ltr'><strong>quas</strong></span> 
     </span>
     <span class='ocr_line' id='line_1_49' title="bbox 1370 1242 2447 1296; baseline 0.001 -19"><span class='ocrx_word' id='word_1_374' title='bbox 1370 1242 1597 1278; x_wconf 88' lang='lat' dir='ltr'><strong>crediderunt</strong></span> <span class='ocrx_word' id='word_1_375' title='bbox 1620 1242 1860 1287; x_wconf 82' lang='lat' dir='ltr'><strong>pecuniarum,</strong></span> <span class='ocrx_word' id='word_1_376' title='bbox 1886 1246 1923 1277; x_wconf 91' lang='lat' dir='ltr'><strong>et</strong></span> <span class='ocrx_word' id='word_1_377' title='bbox 1944 1243 2090 1288; x_wconf 90' lang='lat' dir='ltr'><strong>insuper</strong></span> <span class='ocrx_word' id='word_1_378' title='bbox 2108 1243 2215 1278; x_wconf 87' lang='lat' dir='ltr'><strong>etiam</strong></span> <span class='ocrx_word' id='word_1_379' title='bbox 2237 1252 2302 1296; x_wconf 74' lang='lat' dir='ltr'><strong>per</strong></span> <span class='ocrx_word' id='word_1_380' title='bbox 2324 1243 2447 1278; x_wconf 84' lang='lat' dir='ltr'><strong>decem</strong></span> 
     </span>
    </p>
   </div>
   <div class='ocr_carea' id='block_1_16' title="bbox 221 1281 2448 1340">
    <p class='ocr_par' dir='ltr' id='par_1_16' title="bbox 221 1281 2448 1340">
     <span class='ocr_line' id='line_1_50' title="bbox 221 1281 2448 1340; baseline 0.004 -24"><span class='ocrx_word' id='word_1_381' title='bbox 221 1294 316 1325; x_wconf 87' lang='grc' dir='ltr'><strong><em>ναις,</em></strong></span> <span class='ocrx_word' id='word_1_382' title='bbox 353 1281 443 1317; x_wconf 82' lang='grc' dir='ltr'><strong><em>ἀλλὰ</em></strong></span> <span class='ocrx_word' id='word_1_383' title='bbox 473 1296 535 1336; x_wconf 45' lang='lat' dir='ltr'><strong>‘coae</strong></span> <span class='ocrx_word' id='word_1_384' title='bbox 547 1297 588 1330; x_wconf 85' lang='grc' dir='ltr'><strong>γε</strong></span> <span class='ocrx_word' id='word_1_385' title='bbox 619 1281 682 1318; x_wconf 75' lang='grc' dir='ltr'><strong><em>ἐπ’</em></strong></span> <span class='ocrx_word' id='word_1_386' title='bbox 715 1281 834 1319; x_wconf 76' lang='grc' dir='ltr'><strong><em>αὐτοῖς</em></strong></span> <span class='ocrx_word' id='word_1_387' title='bbox 864 1281 1072 1340; x_wconf 54' lang='grc' dir='ltr'><strong><em>ἀτελέύνητα</em></strong></span> <span class='ocrx_word' id='word_1_388' title='bbox 1102 1285 1224 1320; x_wconf 80' lang='grc' dir='ltr'><strong><em>πλέειν</em></strong></span> <span class='ocrx_word' id='word_1_389' title='bbox 1253 1285 1301 1320; x_wconf 81' lang='grc' dir='ltr'><strong>τοὶ</strong></span> <span class='ocrx_word' id='word_1_390' title='bbox 1315 1286 1356 1319; x_wconf 82' lang='grc'><strong>25</strong></span> <span class='ocrx_word' id='word_1_391' title='bbox 1369 1297 1497 1322; x_wconf 82' lang='lat' dir='ltr'><strong>aureos</strong></span> <span class='ocrx_word' id='word_1_392' title='bbox 1527 1298 1637 1322; x_wconf 90' lang='lat' dir='ltr'><strong>unum</strong></span> <span class='ocrx_word' id='word_1_393' title='bbox 1666 1287 1851 1332; x_wconf 83' lang='lat' dir='ltr'><strong>percipere</strong></span> <span class='ocrx_word' id='word_1_394' title='bbox 1882 1287 1996 1323; x_wconf 87' lang='lat' dir='ltr'><strong>solum</strong></span> <span class='ocrx_word' id='word_1_395' title='bbox 2025 1298 2092 1333; x_wconf 88' lang='lat' dir='ltr'><strong>pro</strong></span> <span class='ocrx_word' id='word_1_396' title='bbox 2119 1289 2256 1330; x_wconf 75' lang='lat' dir='ltr'><strong>usuris,</strong></span> <span class='ocrx_word' id='word_1_397' title='bbox 2285 1298 2323 1324; x_wconf 85' lang='lat' dir='ltr'><strong>m</strong></span> <span class='ocrx_word' id='word_1_398' title='bbox 2349 1287 2362 1322; x_wconf 81' lang='grc' dir='ltr'><strong>ἱ</strong></span> <span class='ocrx_word' id='word_1_399' title='bbox 2388 1297 2448 1324; x_wconf 75' lang='grc'><strong>808</strong></span> 
     </span>
    </p>
   </div>
   <div class='ocr_carea' id='block_1_17' title="bbox 221 1328 1301 1518">
    <p class='ocr_par' dir='ltr' id='par_1_17' title="bbox 221 1328 1301 1518">
     <span class='ocr_line' id='line_1_51' title="bbox 223 1328 1301 1377; baseline 0.004 -16"><span class='ocrx_word' id='word_1_400' title='bbox 223 1329 357 1374; x_wconf 78' lang='grc' dir='ltr'><strong><em>σκάφη,</em></strong></span> <span class='ocrx_word' id='word_1_401' title='bbox 389 1331 449 1362; x_wconf 86' lang='grc' dir='ltr'><strong>καὶ</strong></span> <span class='ocrx_word' id='word_1_402' title='bbox 473 1341 605 1363; x_wconf 86' lang='grc' dir='ltr'><strong><em>τουτον</em></strong></span> <span class='ocrx_word' id='word_1_403' title='bbox 633 1331 726 1371; x_wconf 55' lang='grc' dir='ltr'><strong><em>ἐχειν</em></strong></span> <span class='ocrx_word' id='word_1_404' title='bbox 755 1330 896 1375; x_wconf 87' lang='grc' dir='ltr'><strong><em>καρπὸν</em></strong></span> <span class='ocrx_word' id='word_1_405' title='bbox 927 1343 981 1364; x_wconf 89' lang='grc' dir='ltr'><strong>ων</strong></span> <span class='ocrx_word' id='word_1_406' title='bbox 1005 1328 1197 1365; x_wconf 82' lang='grc' dir='ltr'><strong><em>ἐδάνεισαν</em></strong></span> <span class='ocrx_word' id='word_1_407' title='bbox 1219 1344 1301 1377; x_wconf 84' lang='grc' dir='ltr'><strong><em>χρη-</em></strong></span> 
     </span>
     <span class='ocr_line' id='line_1_52' title="bbox 221 1372 1300 1422; baseline 0.004 -16"><span class='ocrx_word' id='word_1_408' title='bbox 221 1372 362 1416; x_wconf 82' lang='grc' dir='ltr'><strong><em>μάτων,</em></strong></span> <span class='ocrx_word' id='word_1_409' title='bbox 387 1377 447 1407; x_wconf 86' lang='grc' dir='ltr'><strong>καὶ</strong></span> <span class='ocrx_word' id='word_1_410' title='bbox 464 1374 554 1419; x_wconf 85' lang='grc' dir='ltr'><strong><em>πρός</em></strong></span> <span class='ocrx_word' id='word_1_411' title='bbox 576 1387 616 1420; x_wconf 86' lang='grc' dir='ltr'><strong>γε</strong></span> <span class='ocrx_word' id='word_1_412' title='bbox 636 1378 695 1407; x_wconf 86' lang='grc' dir='ltr'><strong>καὶ</strong></span> <span class='ocrx_word' id='word_1_413' title='bbox 719 1375 811 1408; x_wconf 85' lang='grc' dir='ltr'><strong><em>κατὰ</em></strong></span> <span class='ocrx_word' id='word_1_414' title='bbox 836 1373 922 1409; x_wconf 82' lang='grc' dir='ltr'><strong><em>δέκα</em></strong></span> <span class='ocrx_word' id='word_1_415' title='bbox 944 1377 1092 1422; x_wconf 83' lang='grc' dir='ltr'><strong><em>χρυσοῦς</em></strong></span> <span class='ocrx_word' id='word_1_416' title='bbox 1115 1378 1179 1410; x_wconf 81' lang='grc' dir='ltr'><strong>ἕνα</strong></span> <span class='ocrx_word' id='word_1_417' title='bbox 1203 1379 1300 1419; x_wconf 77' lang='grc' dir='ltr'><strong><em>κομί-</em></strong></span> 
     </span>
     <span class='ocr_line' id='line_1_53' title="bbox 223 1416 1301 1464; baseline 0.004 -13"><span class='ocrx_word' id='word_1_418' title='bbox 223 1419 355 1460; x_wconf 84' lang='grc' dir='ltr'><strong><em>ζεσθαι</em></strong></span> <span class='ocrx_word' id='word_1_419' title='bbox 391 1419 508 1460; x_wconf 90' lang='grc' dir='ltr'><strong><em>μόνον</em></strong></span> <span class='ocrx_word' id='word_1_420' title='bbox 541 1416 631 1464; x_wconf 74' lang='grc' dir='ltr'><strong><em>ὑπὲρ</em></strong></span> <span class='ocrx_word' id='word_1_421' title='bbox 673 1417 795 1454; x_wconf 84' lang='grc' dir='ltr'><strong><em>τόκων</em></strong></span> <span class='ocrx_word' id='word_1_422' title='bbox 830 1419 936 1462; x_wconf 84' lang='grc' dir='ltr'><strong><em>[καθ’</em></strong></span> <span class='ocrx_word' id='word_1_423' title='bbox 974 1418 1131 1463; x_wconf 84' lang='grc' dir='ltr'><strong><em>ἑκάστην</em></strong></span> <span class='ocrx_word' id='word_1_424' title='bbox 1166 1419 1301 1455; x_wconf 81' lang='grc' dir='ltr'><strong><em>δεκάδα</em></strong></span> 
     </span>
     <span class='ocr_line' id='line_1_54' title="bbox 221 1461 1301 1518; baseline 0.003 -21"><span class='ocrx_word' id='word_1_425' title='bbox 221 1467 388 1518; x_wconf 51' lang='grc' dir='ltr'><strong><em>ζρυσίου],</em></strong></span> <span class='ocrx_word' id='word_1_426' title='bbox 422 1461 550 1498; x_wconf 81' lang='grc' dir='ltr'><strong><em>αὐτοὺς</em></strong></span> <span class='ocrx_word' id='word_1_427' title='bbox 573 1462 614 1498; x_wconf 81' lang='grc' dir='ltr'><strong>δὲ</strong></span> <span class='ocrx_word' id='word_1_428' title='bbox 636 1464 717 1498; x_wconf 77' lang='grc' dir='ltr'><strong><em>τοὺς</em></strong></span> <span class='ocrx_word' id='word_1_429' title='bbox 740 1464 931 1499; x_wconf 81' lang='grc' dir='ltr'><strong><em>δανειστὰς</em></strong></span> <span class='ocrx_word' id='word_1_430' title='bbox 957 1463 1048 1511; x_wconf 84' lang='grc' dir='ltr'><strong><em>ὁρᾶν</em></strong></span> <span class='ocrx_word' id='word_1_431' title='bbox 1071 1468 1139 1500; x_wconf 83' lang='grc' dir='ltr'><strong>τὸν</strong></span> <span class='ocrx_word' id='word_1_432' title='bbox 1162 1469 1200 1500; x_wconf 73' lang='grc' dir='ltr'><strong><em>ἐκ</em></strong></span> <span class='ocrx_word' id='word_1_433' title='bbox 1223 1467 1301 1500; x_wconf 80' lang='grc' dir='ltr'><strong>τῶν</strong></span> 
     </span>
    </p>
   </div>
   <div class='ocr_carea' id='block_1_18' title="bbox 1368 1332 2448 1513">
    <p class='ocr_par' dir='ltr' id='par_1_18' title="bbox 1368 1332 2448 1513">
     <span class='ocr_line' id='line_1_55' title="bbox 1369 1332 2446 1378; baseline 0.001 -11"><span class='ocrx_word' id='word_1_434' title='bbox 1369 1336 1487 1368; x_wconf 87' lang='lat' dir='ltr'><strong>autem</strong></span> <span class='ocrx_word' id='word_1_435' title='bbox 1516 1332 1709 1368; x_wconf 89' lang='lat' dir='ltr'><strong>creditores</strong></span> <span class='ocrx_word' id='word_1_436' title='bbox 1740 1332 1917 1377; x_wconf 87' lang='lat' dir='ltr'><strong>respicere</strong></span> <span class='ocrx_word' id='word_1_437' title='bbox 1946 1343 1991 1368; x_wconf 81' lang='lat' dir='ltr'><strong>ex</strong></span> <span class='ocrx_word' id='word_1_438' title='bbox 2020 1333 2205 1369; x_wconf 83' lang='lat' dir='ltr'><strong>eventibus</strong></span> <span class='ocrx_word' id='word_1_439' title='bbox 2238 1333 2335 1378; x_wconf 85' lang='lat' dir='ltr'><strong>peric</strong></span> <span class='ocrx_word' id='word_1_440' title='bbox 2375 1342 2446 1368; x_wconf 89' lang='lat' dir='ltr'><strong>um.</strong></span> 
     </span>
     <span class='ocr_line' id='line_1_56' title="bbox 1369 1378 2448 1422; baseline 0 -9"><span class='ocrx_word' id='word_1_441' title='bbox 1369 1378 1407 1413; x_wconf 92' lang='lat' dir='ltr'><strong>Si</strong></span> <span class='ocrx_word' id='word_1_442' title='bbox 1435 1388 1518 1413; x_wconf 90' lang='lat' dir='ltr'><strong>vero</strong></span> <span class='ocrx_word' id='word_1_443' title='bbox 1547 1388 1619 1413; x_wconf 91' lang='lat' dir='ltr'><strong>non</strong></span> <span class='ocrx_word' id='word_1_444' title='bbox 1647 1381 1790 1412; x_wconf 88' lang='lat' dir='ltr'><strong>sumant</strong></span> <span class='ocrx_word' id='word_1_445' title='bbox 1812 1378 1905 1413; x_wconf 83' lang='lat' dir='ltr'><strong>hanc</strong></span> <span class='ocrx_word' id='word_1_446' title='bbox 1927 1378 2019 1413; x_wconf 87' lang='lat' dir='ltr'><strong>viam</strong></span> <span class='ocrx_word' id='word_1_447' title='bbox 2045 1378 2254 1422; x_wconf 86' lang='lat' dir='ltr'><strong>creditores,</strong></span> <span class='ocrx_word' id='word_1_448' title='bbox 2285 1381 2448 1413; x_wconf 84' lang='lat' dir='ltr'><strong>octavam</strong></span> 
     </span>
     <span class='ocr_line' id='line_1_57' title="bbox 1368 1423 2447 1468; baseline 0.001 -11"><span class='ocrx_word' id='word_1_449' title='bbox 1368 1427 1505 1467; x_wconf 88' lang='lat' dir='ltr'><strong>partem</strong></span> <span class='ocrx_word' id='word_1_450' title='bbox 1536 1423 1721 1468; x_wconf 88' lang='lat' dir='ltr'><strong>percipere</strong></span> <span class='ocrx_word' id='word_1_451' title='bbox 1752 1432 1818 1467; x_wconf 91' lang='lat' dir='ltr'><strong>pro</strong></span> <span class='ocrx_word' id='word_1_452' title='bbox 1843 1423 1990 1467; x_wconf 83' lang='lat' dir='ltr'><strong>singulis</strong></span> <span class='ocrx_word' id='word_1_453' title='bbox 2014 1423 2135 1459; x_wconf 89' lang='lat' dir='ltr'><strong>solidis</strong></span> <span class='ocrx_word' id='word_1_454' title='bbox 2155 1423 2296 1458; x_wconf 91' lang='lat' dir='ltr'><strong>nomine</strong></span> <span class='ocrx_word' id='word_1_455' title='bbox 2319 1432 2447 1458; x_wconf 85' lang='lat' dir='ltr'><strong>usura-</strong></span> 
     </span>
     <span class='ocr_line' id='line_1_58' title="bbox 1369 1467 2448 1513; baseline 0.001 -11"><span class='ocrx_word' id='word_1_456' title='bbox 1369 1479 1448 1502; x_wconf 92' lang='lat' dir='ltr'><strong>rum</strong></span> <span class='ocrx_word' id='word_1_457' title='bbox 1471 1479 1544 1503; x_wconf 90' lang='lat' dir='ltr'><strong>non</strong></span> <span class='ocrx_word' id='word_1_458' title='bbox 1567 1468 1604 1503; x_wconf 91' lang='lat' dir='ltr'><strong>in</strong></span> <span class='ocrx_word' id='word_1_459' title='bbox 1622 1472 1762 1512; x_wconf 88' lang='lat' dir='ltr'><strong>tempus</strong></span> <span class='ocrx_word' id='word_1_460' title='bbox 1783 1468 1925 1513; x_wconf 87' lang='lat' dir='ltr'><strong>aliquod</strong></span> <span class='ocrx_word' id='word_1_461' title='bbox 1946 1471 2080 1504; x_wconf 88' lang='lat' dir='ltr'><strong>certum</strong></span> <span class='ocrx_word' id='word_1_462' title='bbox 2096 1467 2361 1511; x_wconf 87' lang='lat' dir='ltr'><strong>numerandam,</strong></span> <span class='ocrx_word' id='word_1_463' title='bbox 2384 1468 2448 1503; x_wconf 86' lang='lat' dir='ltr'><strong>scd</strong></span> 
     </span>
    </p>
   </div>
   <div class='ocr_carea' id='block_1_19' title="bbox 223 1508 2447 1563">
    <p class='ocr_par' dir='ltr' id='par_1_19' title="bbox 223 1508 2447 1563">
     <span class='ocr_line' id='line_1_59' title="bbox 223 1508 2447 1563; baseline 0.003 -21"><span class='ocrx_word' id='word_1_464' title='bbox 223 1512 513 1563; x_wconf 73' lang='grc' dir='ltr'><strong><em>αποβηοομένων</em></strong></span> <span class='ocrx_word' id='word_1_465' title='bbox 535 1508 720 1544; x_wconf 80' lang='grc' dir='ltr'><strong><em>κίνδυνον·</em></strong></span> <span class='ocrx_word' id='word_1_466' title='bbox 752 1511 782 1543; x_wconf 83' lang='grc' dir='ltr'><strong>εἰ</strong></span> <span class='ocrx_word' id='word_1_467' title='bbox 799 1508 839 1543; x_wconf 81' lang='grc' dir='ltr'><strong>δὲ</strong></span> <span class='ocrx_word' id='word_1_468' title='bbox 862 1509 926 1553; x_wconf 79' lang='grc' dir='ltr'><strong><em>οὐχ</em></strong></span> <span class='ocrx_word' id='word_1_469' title='bbox 949 1510 1088 1545; x_wconf 78' lang='grc' dir='ltr'><strong><em>ἕλοιντο</em></strong></span> <span class='ocrx_word' id='word_1_470' title='bbox 1120 1511 1187 1555; x_wconf 83' lang='grc' dir='ltr'><strong>τὴν</strong></span> <span class='ocrx_word' id='word_1_471' title='bbox 1211 1509 1301 1545; x_wconf 83' lang='grc' dir='ltr'><strong><em>ὁδὸν</em></strong></span> <span class='ocrx_word' id='word_1_472' title='bbox 1314 1512 1356 1545; x_wconf 87' lang='grc'><strong>30</strong></span> <span class='ocrx_word' id='word_1_473' title='bbox 1370 1514 1482 1549; x_wconf 90' lang='lat' dir='ltr'><strong>donec</strong></span> <span class='ocrx_word' id='word_1_474' title='bbox 1501 1523 1608 1548; x_wconf 83' lang='lat' dir='ltr'><strong>naves</strong></span> <span class='ocrx_word' id='word_1_475' title='bbox 1623 1515 1846 1548; x_wconf 86' lang='lat' dir='ltr'><strong>revertantur</strong></span> <span class='ocrx_word' id='word_1_476' title='bbox 1861 1513 1991 1549; x_wconf 85' lang='lat' dir='ltr'><strong>salvae.</strong></span> <span class='ocrx_word' id='word_1_477' title='bbox 2026 1513 2231 1549; x_wconf 88' lang='lat' dir='ltr'><strong>Secundum</strong></span> <span class='ocrx_word' id='word_1_478' title='bbox 2245 1513 2316 1549; x_wconf 86' lang='lat' dir='ltr'><strong>hoc</strong></span> <span class='ocrx_word' id='word_1_479' title='bbox 2328 1516 2447 1548; x_wconf 82' lang='lat' dir='ltr'><strong>autem</strong></span> 
     </span>
    </p>
   </div>
   <div class='ocr_carea' id='block_1_20' title="bbox 221 1552 1305 1835">
    <p class='ocr_par' dir='ltr' id='par_1_20' title="bbox 221 1552 1305 1835">
     <span class='ocr_line' id='line_1_60' title="bbox 222 1552 1301 1601; baseline 0.003 -14"><span class='ocrx_word' id='word_1_480' title='bbox 222 1567 360 1596; x_wconf 88' lang='grc' dir='ltr'><strong><em>ταυτην</em></strong></span> <span class='ocrx_word' id='word_1_481' title='bbox 384 1554 421 1587; x_wconf 85' lang='grc' dir='ltr'><strong><em>οἱ</em></strong></span> <span class='ocrx_word' id='word_1_482' title='bbox 443 1552 684 1597; x_wconf 86' lang='grc' dir='ltr'><strong><em>δανείζοντες,</em></strong></span> <span class='ocrx_word' id='word_1_483' title='bbox 708 1554 776 1598; x_wconf 87' lang='grc' dir='ltr'><strong>τὴν</strong></span> <span class='ocrx_word' id='word_1_484' title='bbox 793 1552 927 1601; x_wconf 80' lang='grc' dir='ltr'><strong><em>ὀγδόην</em></strong></span> <span class='ocrx_word' id='word_1_485' title='bbox 949 1559 1081 1600; x_wconf 90' lang='grc' dir='ltr'><strong><em>μοῖραν</em></strong></span> <span class='ocrx_word' id='word_1_486' title='bbox 1103 1556 1301 1600; x_wconf 83' lang='grc' dir='ltr'><strong><em>λαμβάνειν</em></strong></span> 
     </span>
     <span class='ocr_line' id='line_1_61' title="bbox 223 1594 1302 1647; baseline 0.005 -16"><span class='ocrx_word' id='word_1_487' title='bbox 223 1594 314 1644; x_wconf 78' lang='grc' dir='ltr'><strong><em>’ὑπὲρ</em></strong></span> <span class='ocrx_word' id='word_1_488' title='bbox 329 1598 479 1633; x_wconf 82' lang='grc' dir='ltr'><strong><em>ἑκάστου</em></strong></span> <span class='ocrx_word' id='word_1_489' title='bbox 498 1604 717 1644; x_wconf 84' lang='grc' dir='ltr'><strong><em>νομίσματος</em></strong></span> <span class='ocrx_word' id='word_1_490' title='bbox 739 1597 895 1643; x_wconf 78' lang='grc' dir='ltr'><strong><em>ὀνόματι</em></strong></span> <span class='ocrx_word' id='word_1_491' title='bbox 917 1599 1041 1635; x_wconf 87' lang='grc' dir='ltr'><strong><em>τόκων</em></strong></span> <span class='ocrx_word' id='word_1_492' title='bbox 1064 1598 1128 1636; x_wconf 77' lang='grc' dir='ltr'><strong>οὐκ</strong></span> <span class='ocrx_word' id='word_1_493' title='bbox 1151 1603 1199 1635; x_wconf 83' lang='grc' dir='ltr'><strong>εἰς</strong></span> <span class='ocrx_word' id='word_1_494' title='bbox 1221 1601 1302 1647; x_wconf 89' lang='grc' dir='ltr'><strong><em>χρό-</em></strong></span> 
     </span>
     <span class='ocr_line' id='line_1_62' title="bbox 222 1642 1303 1690; baseline 0.003 -12"><span class='ocrx_word' id='word_1_495' title='bbox 222 1657 289 1678; x_wconf 86' lang='grc' dir='ltr'><strong>νον</strong></span> <span class='ocrx_word' id='word_1_496' title='bbox 311 1644 397 1678; x_wconf 85' lang='grc' dir='ltr'><strong>τινά</strong></span> <span class='ocrx_word' id='word_1_497' title='bbox 424 1645 537 1690; x_wconf 81' lang='grc' dir='ltr'><strong><em>ῥητὸν</em></strong></span> <span class='ocrx_word' id='word_1_498' title='bbox 561 1642 854 1690; x_wconf 76' lang='grc' dir='ltr'><strong><em>ἀριθμουμένων,</em></strong></span> <span class='ocrx_word' id='word_1_499' title='bbox 886 1642 966 1680; x_wconf 77' lang='grc' dir='ltr'><strong><em>ἀλλ’</em></strong></span> <span class='ocrx_word' id='word_1_500' title='bbox 993 1648 1059 1680; x_wconf 79' lang='grc' dir='ltr'><strong>ἕως</strong></span> <span class='ocrx_word' id='word_1_501' title='bbox 1089 1645 1138 1681; x_wconf 78' lang='grc' dir='ltr'><strong>ἄν</strong></span> <span class='ocrx_word' id='word_1_502' title='bbox 1169 1645 1190 1690; x_wconf 84' lang='grc' dir='ltr'><em>ἡ</em></span> <span class='ocrx_word' id='word_1_503' title='bbox 1215 1648 1303 1681; x_wconf 83' lang='grc' dir='ltr'><strong><em>ναῦς</em></strong></span> 
     </span>
     <span class='ocr_line' id='line_1_63' title="bbox 223 1688 1303 1737; baseline 0.004 -15"><span class='ocrx_word' id='word_1_504' title='bbox 223 1688 422 1724; x_wconf 80' lang='grc' dir='ltr'><strong><em>ἐπανέλθοι</em></strong></span> <span class='ocrx_word' id='word_1_505' title='bbox 446 1693 669 1733; x_wconf 80' lang='grc' dir='ltr'><strong><em>σεσωσμένη’</em></strong></span> <span class='ocrx_word' id='word_1_506' title='bbox 695 1690 787 1724; x_wconf 86' lang='grc' dir='ltr'><strong><em>κατὰ</em></strong></span> <span class='ocrx_word' id='word_1_507' title='bbox 812 1691 919 1725; x_wconf 78' lang='grc' dir='ltr'><strong><em>τοῦτο</em></strong></span> <span class='ocrx_word' id='word_1_508' title='bbox 944 1689 984 1725; x_wconf 78' lang='grc' dir='ltr'><strong>δὲ</strong></span> <span class='ocrx_word' id='word_1_509' title='bbox 1006 1691 1050 1725; x_wconf 88' lang='grc' dir='ltr'><strong>τὸ</strong></span> <span class='ocrx_word' id='word_1_510' title='bbox 1075 1693 1194 1737; x_wconf 83' lang='grc' dir='ltr'><strong><em>σχῆμα</em></strong></span> <span class='ocrx_word' id='word_1_511' title='bbox 1217 1705 1303 1735; x_wconf 87' lang='grc' dir='ltr'><strong><em>συμ-</em></strong></span> 
     </span>
     <span class='ocr_line' id='line_1_64' title="bbox 221 1735 1304 1782; baseline 0.003 -14"><span class='ocrx_word' id='word_1_512' title='bbox 221 1738 365 1779; x_wconf 83' lang='grc' dir='ltr'><strong><em>βαίνειν</em></strong></span> <span class='ocrx_word' id='word_1_513' title='bbox 388 1735 475 1769; x_wconf 85' lang='grc' dir='ltr'><strong><em>ἴσως</em></strong></span> <span class='ocrx_word' id='word_1_514' title='bbox 496 1739 557 1769; x_wconf 83' lang='grc' dir='ltr'><strong>καὶ</strong></span> <span class='ocrx_word' id='word_1_515' title='bbox 581 1736 628 1769; x_wconf 85' lang='grc' dir='ltr'><strong>εἰς</strong></span> <span class='ocrx_word' id='word_1_516' title='bbox 651 1735 821 1770; x_wconf 78' lang='grc' dir='ltr'><strong><em>ἐνιαυτὸν</em></strong></span> <span class='ocrx_word' id='word_1_517' title='bbox 843 1736 1047 1780; x_wconf 80' lang='grc' dir='ltr'><strong><em>ἐκταθῆναι</em></strong></span> <span class='ocrx_word' id='word_1_518' title='bbox 1070 1737 1138 1771; x_wconf 82' lang='grc' dir='ltr'><strong>τὸν</strong></span> <span class='ocrx_word' id='word_1_519' title='bbox 1161 1736 1304 1782; x_wconf 87' lang='grc' dir='ltr'><strong><em>χρόνον,</em></strong></span> 
     </span>
     <span class='ocr_line' id='line_1_65' title="bbox 222 1778 1305 1835; baseline 0.002 -22"><span class='ocrx_word' id='word_1_520' title='bbox 222 1780 323 1826; x_wconf 83' lang='grc' dir='ltr'><strong><em>εἴπερ</em></strong></span> <span class='ocrx_word' id='word_1_521' title='bbox 353 1781 530 1814; x_wconf 79' lang='grc' dir='ltr'><strong><em>τοσοῦτον</em></strong></span> <span class='ocrx_word' id='word_1_522' title='bbox 560 1781 634 1821; x_wconf 79' lang='grc' dir='ltr'><strong>ἔξω</strong></span> <span class='ocrx_word' id='word_1_523' title='bbox 664 1779 886 1835; x_wconf 54' lang='grc' dir='ltr'><strong><em>διαξρίψειεν</em></strong></span> <span class='ocrx_word' id='word_1_524' title='bbox 914 1778 936 1824; x_wconf 83' lang='grc' dir='ltr'><strong><em>ἡ</em></strong></span> <span class='ocrx_word' id='word_1_525' title='bbox 966 1783 1053 1816; x_wconf 82' lang='grc' dir='ltr'><strong><em>ναῦς</em></strong></span> <span class='ocrx_word' id='word_1_526' title='bbox 1084 1779 1134 1816; x_wconf 66' lang='grc' dir='ltr'><strong>οἷς</strong></span> <span class='ocrx_word' id='word_1_527' title='bbox 1155 1785 1215 1815; x_wconf 87' lang='grc' dir='ltr'><strong>καὶ</strong></span> <span class='ocrx_word' id='word_1_528' title='bbox 1237 1782 1305 1817; x_wconf 87' lang='grc' dir='ltr'><strong>τὸν</strong></span> 
     </span>
    </p>
   </div>
   <div class='ocr_carea' id='block_1_21' title="bbox 1369 1557 2449 1692">
    <p class='ocr_par' dir='ltr' id='par_1_21' title="bbox 1369 1557 2449 1692">
     <span class='ocr_line' id='line_1_66' title="bbox 1369 1557 2446 1603; baseline -0.001 -9"><span class='ocrx_word' id='word_1_529' title='bbox 1369 1559 1514 1594; x_wconf 86' lang='lat' dir='ltr'><strong>schema</strong></span> <span class='ocrx_word' id='word_1_530' title='bbox 1533 1557 1705 1602; x_wconf 87' lang='lat' dir='ltr'><strong>contingit</strong></span> <span class='ocrx_word' id='word_1_531' title='bbox 1719 1557 1842 1593; x_wconf 88' lang='lat' dir='ltr'><strong>forsan</strong></span> <span class='ocrx_word' id='word_1_532' title='bbox 1863 1562 1900 1593; x_wconf 89' lang='lat' dir='ltr'><strong>et</strong></span> <span class='ocrx_word' id='word_1_533' title='bbox 1917 1558 1955 1593; x_wconf 90' lang='lat' dir='ltr'><strong>in</strong></span> <span class='ocrx_word' id='word_1_534' title='bbox 1973 1569 2106 1594; x_wconf 88' lang='lat' dir='ltr'><strong>annum</strong></span> <span class='ocrx_word' id='word_1_535' title='bbox 2129 1557 2273 1594; x_wconf 84' lang='lat' dir='ltr'><strong>extendi</strong></span> <span class='ocrx_word' id='word_1_536' title='bbox 2295 1561 2446 1603; x_wconf 87' lang='lat' dir='ltr'><strong>tempus,</strong></span> 
     </span>
     <span class='ocr_line' id='line_1_67' title="bbox 1370 1603 2447 1639; baseline -0.001 0"><span class='ocrx_word' id='word_1_537' title='bbox 1370 1604 1402 1639; x_wconf 87' lang='lat' dir='ltr'><strong>si</strong></span> <span class='ocrx_word' id='word_1_538' title='bbox 1423 1606 1563 1638; x_wconf 90' lang='lat' dir='ltr'><strong>tantum</strong></span> <span class='ocrx_word' id='word_1_539' title='bbox 1592 1603 1680 1638; x_wconf 83' lang='lat' dir='ltr'><strong>foris</strong></span> <span class='ocrx_word' id='word_1_540' title='bbox 1710 1606 1868 1639; x_wconf 91' lang='lat' dir='ltr'><strong>moretur</strong></span> <span class='ocrx_word' id='word_1_541' title='bbox 1891 1604 1990 1638; x_wconf 88' lang='lat' dir='ltr'><strong>navis</strong></span> <span class='ocrx_word' id='word_1_542' title='bbox 2015 1607 2055 1639; x_wconf 87' lang='lat' dir='ltr'><strong>ut</strong></span> <span class='ocrx_word' id='word_1_543' title='bbox 2076 1607 2113 1639; x_wconf 89' lang='lat' dir='ltr'><strong>et</strong></span> <span class='ocrx_word' id='word_1_544' title='bbox 2135 1613 2268 1639; x_wconf 87' lang='lat' dir='ltr'><strong>annum</strong></span> <span class='ocrx_word' id='word_1_545' title='bbox 2291 1607 2355 1638; x_wconf 86' lang='lat' dir='ltr'><strong>aut</strong></span> <span class='ocrx_word' id='word_1_546' title='bbox 2376 1607 2447 1638; x_wconf 86' lang='lat' dir='ltr'><strong>ter-</strong></span> 
     </span>
     <span class='ocr_line' id='line_1_68' title="bbox 1370 1648 2449 1692; baseline 0 -8"><span class='ocrx_word' id='word_1_547' title='bbox 1370 1649 1485 1684; x_wconf 92' lang='lat' dir='ltr'><strong>minos</strong></span> <span class='ocrx_word' id='word_1_548' title='bbox 1509 1652 1627 1684; x_wconf 86' lang='lat' dir='ltr'><strong>sumat</strong></span> <span class='ocrx_word' id='word_1_549' title='bbox 1649 1650 1714 1685; x_wconf 85' lang='lat' dir='ltr'><strong>aut</strong></span> <span class='ocrx_word' id='word_1_550' title='bbox 1735 1648 1843 1684; x_wconf 88' lang='lat' dir='ltr'><strong>etiam</strong></span> <span class='ocrx_word' id='word_1_551' title='bbox 1865 1649 2106 1692; x_wconf 85' lang='lat' dir='ltr'><strong>transcendat,</strong></span> <span class='ocrx_word' id='word_1_552' title='bbox 2134 1648 2241 1685; x_wconf 89' lang='lat' dir='ltr'><strong>citius</strong></span> <span class='ocrx_word' id='word_1_553' title='bbox 2262 1651 2382 1686; x_wconf 74' lang='lat' dir='ltr'><strong>autem</strong></span> <span class='ocrx_word' id='word_1_554' title='bbox 2404 1657 2449 1684; x_wconf 83' lang='lat' dir='ltr'><strong>ea</strong></span> 
     </span>
    </p>
   </div>
   <div class='ocr_carea' id='block_1_22' title="bbox 1317 1738 1359 1771">
    <p class='ocr_par' dir='ltr' id='par_1_22' title="bbox 1317 1738 1359 1771">
     <span class='ocr_line' id='line_1_69' title="bbox 1317 1738 1359 1771; baseline 0 0"><span class='ocrx_word' id='word_1_555' title='bbox 1317 1738 1359 1771; x_wconf 88' lang='lat'><strong>35</strong></span> 
     </span>
    </p>
   </div>
   <div class='ocr_carea' id='block_1_23' title="bbox 222 1823 1308 1874">
    <p class='ocr_par' dir='ltr' id='par_1_23' title="bbox 222 1823 1308 1874">
     <span class='ocr_line' id='line_1_70' title="bbox 222 1823 1308 1874; baseline 0.001 -14"><span class='ocrx_word' id='word_1_556' title='bbox 222 1824 393 1860; x_wconf 71' lang='grc' dir='ltr'><strong><em>ἐνιαυτὸν</em></strong></span> <span class='ocrx_word' id='word_1_557' title='bbox 409 1823 432 1868; x_wconf 86' lang='grc' dir='ltr'><em>ἢ</em></span> <span class='ocrx_word' id='word_1_558' title='bbox 447 1828 558 1870; x_wconf 81' lang='grc' dir='ltr'><strong><em>πέρας</em></strong></span> <span class='ocrx_word' id='word_1_559' title='bbox 580 1825 705 1870; x_wconf 84' lang='grc' dir='ltr'><strong><em>λαβεῖν</em></strong></span> <span class='ocrx_word' id='word_1_560' title='bbox 726 1840 747 1870; x_wconf 87' lang='grc' dir='ltr'><strong><em>η</em></strong></span> <span class='ocrx_word' id='word_1_561' title='bbox 772 1829 833 1860; x_wconf 85' lang='grc' dir='ltr'><strong>καὶ</strong></span> <span class='ocrx_word' id='word_1_562' title='bbox 856 1824 1071 1871; x_wconf 81' lang='grc' dir='ltr'><strong><em>ὑπερβῆναι,</em></strong></span> <span class='ocrx_word' id='word_1_563' title='bbox 1096 1827 1245 1862; x_wconf 83' lang='grc' dir='ltr'><strong><em>θᾶττόν</em></strong></span> <span class='ocrx_word' id='word_1_564' title='bbox 1268 1840 1308 1874; x_wconf 77' lang='grc' dir='ltr'><strong>γε</strong></span> 
     </span>
    </p>
   </div>
   <div class='ocr_carea' id='block_1_24' title="bbox 222 1902 422 1906">
    <p class='ocr_par' dir='ltr' id='par_1_24' title="bbox 222 1902 422 1906">
     <span class='ocr_line' id='line_1_71' title="bbox 222 1902 422 1906; baseline 0 0"><span class='ocrx_word' id='word_1_565' title='bbox 222 1902 422 1906; x_wconf 95' lang='lat' dir='ltr'><strong> </strong></span> 
     </span>
    </p>
   </div>
   <div class='ocr_carea' id='block_1_25' title="bbox 217 1935 2451 2661">
    <p class='ocr_par' dir='ltr' id='par_1_25' title="bbox 217 1935 2451 2661">
     <span class='ocr_line' id='line_1_72' title="bbox 222 1935 2449 1985; baseline 0.001 -12"><span class='ocrx_word' id='word_1_566' title='bbox 222 1937 316 1973; x_wconf 83' lang='lat' dir='ltr'><strong>enim</strong></span> <span class='ocrx_word' id='word_1_567' title='bbox 335 1936 483 1972; x_wconf 85' lang='lat' dir='ltr'><strong>Petrum</strong></span> <span class='ocrx_word' id='word_1_568' title='bbox 499 1941 536 1972; x_wconf 90' lang='lat' dir='ltr'><strong>et</strong></span> <span class='ocrx_word' id='word_1_569' title='bbox 555 1935 772 1983; x_wconf 80' lang='lat' dir='ltr'><strong>Euloqetum</strong></span> <span class='ocrx_word' id='word_1_570' title='bbox 788 1949 916 1974; x_wconf 86' lang='lat' dir='ltr'><strong>sacrae</strong></span> <span class='ocrx_word' id='word_1_571' title='bbox 927 1939 1108 1985; x_wconf 78' lang='lat' dir='ltr'><strong>potestati</strong></span> <span class='ocrx_word' id='word_1_572' title='bbox 1120 1943 1268 1974; x_wconf 85' lang='lat' dir='ltr'><strong>nostrae</strong></span> <span class='ocrx_word' id='word_1_573' title='bbox 1282 1938 1508 1985; x_wconf 79' lang='lat' dir='ltr'><strong>supplicasse</strong></span> <span class='ocrx_word' id='word_1_574' title='bbox 1526 1938 1703 1984; x_wconf 79' lang='lat' dir='ltr'><strong>rebusque</strong></span> <span class='ocrx_word' id='word_1_575' title='bbox 1718 1938 1794 1974; x_wconf 86' lang='lat' dir='ltr'><strong>suis</strong></span> <span class='ocrx_word' id='word_1_576' title='bbox 1809 1939 1987 1984; x_wconf 81' lang='lat' dir='ltr'><strong>expositis</strong></span> <span class='ocrx_word' id='word_1_577' title='bbox 2005 1938 2143 1975; x_wconf 76' lang='lat' dir='ltr'><strong>dixisse</strong></span> <span class='ocrx_word' id='word_1_578' title='bbox 2160 1950 2199 1976; x_wconf 90' lang='lat' dir='ltr'><strong>se</strong></span> <span class='ocrx_word' id='word_1_579' title='bbox 2214 1939 2449 1976; x_wconf 65' lang='lat' dir='ltr'><strong>naviculariis</strong></span> 
     </span>
     <span class='ocr_line' id='line_1_73' title="bbox 221 1982 2449 2031; baseline 0.001 -13"><span class='ocrx_word' id='word_1_580' title='bbox 221 1983 296 2018; x_wconf 88' lang='lat' dir='ltr'><strong>sive</strong></span> <span class='ocrx_word' id='word_1_581' title='bbox 314 1982 600 2028; x_wconf 59' lang='lat' dir='ltr'><strong>negotiatoribus</strong></span> <span class='ocrx_word' id='word_1_582' title='bbox 623 1994 751 2018; x_wconf 85' lang='lat' dir='ltr'><strong>aurum</strong></span> <span class='ocrx_word' id='word_1_583' title='bbox 775 1983 920 2019; x_wconf 84' lang='lat' dir='ltr'><strong>eredere</strong></span> <span class='ocrx_word' id='word_1_584' title='bbox 943 1983 1076 2026; x_wconf 87' lang='lat' dir='ltr'><strong>solere,</strong></span> <span class='ocrx_word' id='word_1_585' title='bbox 1106 1983 1273 2030; x_wconf 83' lang='lat' dir='ltr'><strong>inprimis</strong></span> <span class='ocrx_word' id='word_1_586' title='bbox 1295 1984 1342 2019; x_wconf 85' lang='lat' dir='ltr'><strong>iis</strong></span> <span class='ocrx_word' id='word_1_587' title='bbox 1371 1983 1434 2029; x_wconf 88' lang='lat' dir='ltr'><strong>qui</strong></span> <span class='ocrx_word' id='word_1_588' title='bbox 1462 1983 1664 2019; x_wconf 88' lang='lat' dir='ltr'><strong>maritimas</strong></span> <span class='ocrx_word' id='word_1_589' title='bbox 1692 1983 1955 2030; x_wconf 84' lang='lat' dir='ltr'><strong>neqotiationes</strong></span> <span class='ocrx_word' id='word_1_590' title='bbox 1977 1988 2191 2027; x_wconf 75' lang='lat' dir='ltr'><strong>exerceant,</strong></span> <span class='ocrx_word' id='word_1_591' title='bbox 2221 1989 2331 2031; x_wconf 83' lang='lat' dir='ltr'><strong>atque</strong></span> <span class='ocrx_word' id='word_1_592' title='bbox 2353 1985 2449 2021; x_wconf 74' lang='lat' dir='ltr'><strong>lianc</strong></span> 
     </span>
     <span class='ocr_line' id='line_1_74' title="bbox 223 2027 2448 2075; baseline 0.001 -12"><span class='ocrx_word' id='word_1_593' title='bbox 223 2027 354 2063; x_wconf 78' lang='lat' dir='ltr'><strong>habere</strong></span> <span class='ocrx_word' id='word_1_594' title='bbox 376 2028 490 2062; x_wconf 85' lang='lat' dir='ltr'><strong>victus</strong></span> <span class='ocrx_word' id='word_1_595' title='bbox 510 2027 726 2073; x_wconf 81' lang='lat' dir='ltr'><strong>facultatem</strong></span> <span class='ocrx_word' id='word_1_596' title='bbox 750 2028 832 2075; x_wconf 80' lang='lat' dir='ltr'><strong>ipsa</strong></span> <span class='ocrx_word' id='word_1_597' title='bbox 856 2028 920 2063; x_wconf 88' lang='lat' dir='ltr'><strong>illa</strong></span> <span class='ocrx_word' id='word_1_598' title='bbox 939 2029 1121 2064; x_wconf 84' lang='lat' dir='ltr'><strong>maritima</strong></span> <span class='ocrx_word' id='word_1_599' title='bbox 1145 2028 1291 2071; x_wconf 82' lang='lat' dir='ltr'><strong>credita,</strong></span> <span class='ocrx_word' id='word_1_600' title='bbox 1317 2039 1410 2074; x_wconf 88' lang='lat' dir='ltr'><strong>quae</strong></span> <span class='ocrx_word' id='word_1_601' title='bbox 1427 2032 1554 2064; x_wconf 89' lang='lat' dir='ltr'><strong>nostra</strong></span> <span class='ocrx_word' id='word_1_602' title='bbox 1574 2028 1636 2063; x_wconf 83' lang='lat' dir='ltr'><strong>lea:</strong></span> <span class='ocrx_word' id='word_1_603' title='bbox 1658 2029 1856 2064; x_wconf 74' lang='lat' dir='ltr'><strong>traieett&#39;cia</strong></span> <span class='ocrx_word' id='word_1_604' title='bbox 1878 2039 2008 2065; x_wconf 84' lang='lat' dir='ltr'><strong>vocare</strong></span> <span class='ocrx_word' id='word_1_605' title='bbox 2026 2029 2131 2072; x_wconf 84' lang='lat' dir='ltr'><strong>solet,</strong></span> <span class='ocrx_word' id='word_1_606' title='bbox 2153 2029 2192 2064; x_wconf 85' lang='lat' dir='ltr'><strong>in</strong></span> <span class='ocrx_word' id='word_1_607' title='bbox 2213 2033 2310 2066; x_wconf 80' lang='lat' dir='ltr'><strong>metu</strong></span> <span class='ocrx_word' id='word_1_608' title='bbox 2329 2035 2448 2066; x_wconf 79' lang='lat' dir='ltr'><strong>aulem</strong></span> 
     </span>
     <span class='ocr_line' id='line_1_75' title="bbox 221 2072 2448 2120; baseline 0.001 -12"><span class='ocrx_word' id='word_1_609' title='bbox 221 2072 370 2114; x_wconf 86' lang='lat' dir='ltr'><strong>versari,</strong></span> <span class='ocrx_word' id='word_1_610' title='bbox 395 2083 474 2107; x_wconf 87' lang='lat' dir='ltr'><strong>cum</strong></span> <span class='ocrx_word' id='word_1_611' title='bbox 499 2073 764 2109; x_wconf 87' lang='lat' dir='ltr'><strong>controversiae</strong></span> <span class='ocrx_word' id='word_1_612' title='bbox 786 2073 875 2120; x_wconf 83' lang='lat' dir='ltr'><strong>ipsis</strong></span> <span class='ocrx_word' id='word_1_613' title='bbox 897 2073 981 2109; x_wconf 87' lang='lat' dir='ltr'><strong>inde</strong></span> <span class='ocrx_word' id='word_1_614' title='bbox 1002 2079 1156 2109; x_wconf 76' lang='lat' dir='ltr'><strong>exortae</strong></span> <span class='ocrx_word' id='word_1_615' title='bbox 1175 2076 1303 2115; x_wconf 74' lang='lat' dir='ltr'><strong>essent,</strong></span> <span class='ocrx_word' id='word_1_616' title='bbox 1327 2078 1363 2109; x_wconf 87' lang='lat' dir='ltr'><strong>et</strong></span> <span class='ocrx_word' id='word_1_617' title='bbox 1376 2078 1575 2120; x_wconf 81' lang='lat' dir='ltr'><strong>propterea</strong></span> <span class='ocrx_word' id='word_1_618' title='bbox 1590 2084 1726 2120; x_wconf 78' lang='lat' dir='ltr'><strong>roqare</strong></span> <span class='ocrx_word' id='word_1_619' title='bbox 1747 2078 1789 2109; x_wconf 89' lang='lat' dir='ltr'><strong>ut</strong></span> <span class='ocrx_word' id='word_1_620' title='bbox 1809 2073 2030 2110; x_wconf 83' lang='lat' dir='ltr'><strong>consuetudo</strong></span> <span class='ocrx_word' id='word_1_621' title='bbox 2078 2085 2146 2110; x_wconf 88' lang='lat' dir='ltr'><strong>uae</strong></span> <span class='ocrx_word' id='word_1_622' title='bbox 2161 2075 2198 2110; x_wconf 85' lang='lat' dir='ltr'><strong>in</strong></span> <span class='ocrx_word' id='word_1_623' title='bbox 2214 2074 2271 2109; x_wconf 77' lang='lat' dir='ltr'><strong>la&#39;s</strong></span> <span class='ocrx_word' id='word_1_624' title='bbox 2291 2074 2448 2111; x_wconf 81' lang='lat' dir='ltr'><strong>obtineat</strong></span> 
     </span>
     <span class='ocr_line' id='line_1_76' title="bbox 221 2117 2448 2164; baseline 0.001 -12"><span class='ocrx_word' id='word_1_625' title='bbox 221 2118 418 2163; x_wconf 83' lang='lat' dir='ltr'><strong>manifesta</strong></span> <span class='ocrx_word' id='word_1_626' title='bbox 438 2117 527 2162; x_wconf 80' lang='lat' dir='ltr'><strong>fiat,</strong></span> <span class='ocrx_word' id='word_1_627' title='bbox 555 2118 608 2153; x_wconf 88' lang='lat' dir='ltr'><strong>ita</strong></span> <span class='ocrx_word' id='word_1_628' title='bbox 632 2122 671 2152; x_wconf 83' lang='lat' dir='ltr'><strong>ut</strong></span> <span class='ocrx_word' id='word_1_629' title='bbox 695 2118 801 2153; x_wconf 85' lang='lat' dir='ltr'><strong>etiam</strong></span> <span class='ocrx_word' id='word_1_630' title='bbox 825 2129 933 2153; x_wconf 86' lang='lat' dir='ltr'><strong>sacra</strong></span> <span class='ocrx_word' id='word_1_631' title='bbox 957 2123 1084 2154; x_wconf 86' lang='lat' dir='ltr'><strong>nostra</strong></span> <span class='ocrx_word' id='word_1_632' title='bbox 1107 2119 1219 2154; x_wconf 88' lang='lat' dir='ltr'><strong>iussio</strong></span> <span class='ocrx_word' id='word_1_633' title='bbox 1244 2119 1288 2154; x_wconf 91' lang='lat' dir='ltr'><strong>de</strong></span> <span class='ocrx_word' id='word_1_634' title='bbox 1310 2130 1354 2154; x_wconf 90' lang='lat' dir='ltr'><strong>ea</strong></span> <span class='ocrx_word' id='word_1_635' title='bbox 1377 2129 1418 2154; x_wconf 87' lang='lat' dir='ltr'><strong>re</strong></span> <span class='ocrx_word' id='word_1_636' title='bbox 1439 2118 1579 2161; x_wconf 84' lang='lat' dir='ltr'><strong>edatur,</strong></span> <span class='ocrx_word' id='word_1_637' title='bbox 1603 2129 1697 2164; x_wconf 88' lang='lat' dir='ltr'><strong>quae</strong></span> <span class='ocrx_word' id='word_1_638' title='bbox 1720 2118 2009 2155; x_wconf 79' lang='lat' dir='ltr'><strong>consuetudinem</strong></span> <span class='ocrx_word' id='word_1_639' title='bbox 2032 2119 2046 2154; x_wconf 86' lang='lat' dir='ltr'><strong>i</strong></span> <span class='ocrx_word' id='word_1_640' title='bbox 2073 2129 2132 2155; x_wconf 87' lang='lat' dir='ltr'><strong>am</strong></span> <span class='ocrx_word' id='word_1_641' title='bbox 2152 2119 2191 2154; x_wconf 84' lang='lat' dir='ltr'><strong>in</strong></span> <span class='ocrx_word' id='word_1_642' title='bbox 2215 2119 2448 2156; x_wconf 83' lang='lat' dir='ltr'><strong>certissimam</strong></span> 
     </span>
     <span class='ocr_line' id='line_1_77' title="bbox 219 2162 2448 2211; baseline 0.001 -13"><span class='ocrx_word' id='word_1_643' title='bbox 219 2163 380 2208; x_wconf 87' lang='lat' dir='ltr'><strong>formam</strong></span> <span class='ocrx_word' id='word_1_644' title='bbox 402 2162 567 2208; x_wconf 85' lang='lat' dir='ltr'><strong>rediqat;</strong></span> <span class='ocrx_word' id='word_1_645' title='bbox 589 2163 712 2209; x_wconf 85' lang='lat' dir='ltr'><strong>itaque</strong></span> <span class='ocrx_word' id='word_1_646' title='bbox 735 2174 803 2198; x_wconf 87' lang='lat' dir='ltr'><strong>nos</strong></span> <span class='ocrx_word' id='word_1_647' title='bbox 820 2163 883 2199; x_wconf 88' lang='lat' dir='ltr'><strong>tibi</strong></span> <span class='ocrx_word' id='word_1_648' title='bbox 906 2164 1102 2210; x_wconf 82' lang='lat' dir='ltr'><strong>imperasse</strong></span> <span class='ocrx_word' id='word_1_649' title='bbox 1125 2169 1166 2199; x_wconf 82' lang='lat' dir='ltr'><strong>ut</strong></span> <span class='ocrx_word' id='word_1_650' title='bbox 1183 2164 1451 2200; x_wconf 85' lang='lat' dir='ltr'><strong>controversiae</strong></span> <span class='ocrx_word' id='word_1_651' title='bbox 1473 2169 1643 2199; x_wconf 87' lang='lat' dir='ltr'><strong>naturam</strong></span> <span class='ocrx_word' id='word_1_652' title='bbox 1666 2174 1904 2210; x_wconf 84' lang='lat' dir='ltr'><strong>coqnosceres</strong></span> <span class='ocrx_word' id='word_1_653' title='bbox 1922 2163 2036 2210; x_wconf 85' lang='lat' dir='ltr'><strong>deque</strong></span> <span class='ocrx_word' id='word_1_654' title='bbox 2051 2175 2095 2200; x_wconf 88' lang='lat' dir='ltr'><strong>ea</strong></span> <span class='ocrx_word' id='word_1_655' title='bbox 2117 2163 2168 2200; x_wconf 83' lang='lat' dir='ltr'><strong>ad</strong></span> <span class='ocrx_word' id='word_1_656' title='bbox 2187 2174 2256 2200; x_wconf 85' lang='lat' dir='ltr'><strong>nos</strong></span> <span class='ocrx_word' id='word_1_657' title='bbox 2276 2165 2448 2211; x_wconf 72' lang='lat' dir='ltr'><strong>resen-es,</strong></span> 
     </span>
     <span class='ocr_line' id='line_1_78' title="bbox 222 2207 2450 2262; baseline 0.002 -20"><span class='ocrx_word' id='word_1_658' title='bbox 222 2212 263 2243; x_wconf 88' lang='lat' dir='ltr'><strong>ut</strong></span> <span class='ocrx_word' id='word_1_659' title='bbox 285 2219 329 2243; x_wconf 89' lang='lat' dir='ltr'><strong>ea</strong></span> <span class='ocrx_word' id='word_1_660' title='bbox 354 2207 458 2243; x_wconf 85' lang='lat' dir='ltr'><strong>nobis</strong></span> <span class='ocrx_word' id='word_1_661' title='bbox 486 2208 684 2254; x_wconf 82' lang='lat' dir='ltr'><strong>manifesta</strong></span> <span class='ocrx_word' id='word_1_662' title='bbox 705 2209 811 2254; x_wconf 82' lang='lat' dir='ltr'><strong>facta</strong></span> <span class='ocrx_word' id='word_1_663' title='bbox 842 2209 942 2254; x_wconf 87' lang='lat' dir='ltr'><strong>quod</strong></span> <span class='ocrx_word' id='word_1_664' title='bbox 965 2209 1144 2244; x_wconf 81' lang='lat' dir='ltr'><strong>videretur</strong></span> <span class='ocrx_word' id='word_1_665' title='bbox 1167 2209 1245 2255; x_wconf 88' lang='lat' dir='ltr'><strong>leqe</strong></span> <span class='ocrx_word' id='word_1_666' title='bbox 1264 2214 1448 2256; x_wconf 79' lang='lat' dir='ltr'><strong>perpetua</strong></span> <span class='ocrx_word' id='word_1_667' title='bbox 1471 2208 1788 2254; x_wconf 85' lang='lat' dir='ltr'><strong>complecteremur</strong></span> <span class='ocrx_word' id='word_1_668' title='bbox 1793 2221 1809 2251; x_wconf 89' lang='lat'><em>;</em></span> <span class='ocrx_word' id='word_1_669' title='bbox 1846 2212 2013 2256; x_wconf 87' lang='lat' dir='ltr'><strong>tuamque</strong></span> <span class='ocrx_word' id='word_1_670' title='bbox 2042 2209 2198 2256; x_wconf 79' lang='lat' dir='ltr'><strong>qloriam</strong></span> <span class='ocrx_word' id='word_1_671' title='bbox 2228 2207 2318 2246; x_wconf 74' lang='lat' dir='ltr'><strong>haec</strong></span> <span class='ocrx_word' id='word_1_672' title='bbox 2340 2220 2450 2262; x_wconf 77' lang='lat' dir='ltr'><strong>aqere</strong></span> 
     </span>
     <span class='ocr_line' id='line_1_79' title="bbox 221 2253 2448 2301; baseline 0.001 -13"><span class='ocrx_word' id='word_1_673' title='bbox 221 2264 245 2288; x_wconf 93' lang='lat' dir='ltr'><strong>a</strong></span> <span class='ocrx_word' id='word_1_674' title='bbox 274 2253 378 2288; x_wconf 84' lang='lat' dir='ltr'><strong>nobis</strong></span> <span class='ocrx_word' id='word_1_675' title='bbox 407 2253 542 2287; x_wconf 85' lang='lat' dir='ltr'><strong>iussam</strong></span> <span class='ocrx_word' id='word_1_676' title='bbox 578 2264 821 2299; x_wconf 80' lang='lat' dir='ltr'><strong>conqreqasse</strong></span> <span class='ocrx_word' id='word_1_677' title='bbox 857 2254 1121 2296; x_wconf 82' lang='lat' dir='ltr'><strong>navicularios,</strong></span> <span class='ocrx_word' id='word_1_678' title='bbox 1183 2255 1289 2289; x_wconf 84' lang='lat' dir='ltr'><strong>uibus</strong></span> <span class='ocrx_word' id='word_1_679' title='bbox 1319 2254 1462 2301; x_wconf 89' lang='lat' dir='ltr'><strong>quidem</strong></span> <span class='ocrx_word' id='word_1_680' title='bbox 1496 2253 1672 2289; x_wconf 88' lang='lat' dir='ltr'><strong>eiusmodi</strong></span> <span class='ocrx_word' id='word_1_681' title='bbox 1705 2253 1843 2289; x_wconf 86' lang='lat' dir='ltr'><strong>eredita</strong></span> <span class='ocrx_word' id='word_1_682' title='bbox 1871 2264 1982 2290; x_wconf 88' lang='lat' dir='ltr'><strong>curae</strong></span> <span class='ocrx_word' id='word_1_683' title='bbox 2011 2258 2115 2297; x_wconf 87' lang='lat' dir='ltr'><strong>sunt,</strong></span> <span class='ocrx_word' id='word_1_684' title='bbox 2151 2258 2187 2290; x_wconf 89' lang='lat' dir='ltr'><strong>et</strong></span> <span class='ocrx_word' id='word_1_685' title='bbox 2217 2254 2448 2300; x_wconf 72' lang='lat' dir='ltr'><strong>quaesivisse,</strong></span> 
     </span>
     <span class='ocr_line' id='line_1_80' title="bbox 222 2298 2450 2345; baseline 0.001 -11"><span class='ocrx_word' id='word_1_686' title='bbox 222 2298 342 2344; x_wconf 87' lang='lat' dir='ltr'><strong>qualis</strong></span> <span class='ocrx_word' id='word_1_687' title='bbox 367 2298 508 2333; x_wconf 84' lang='lat' dir='ltr'><strong>tandem</strong></span> <span class='ocrx_word' id='word_1_688' title='bbox 531 2300 683 2344; x_wconf 81' lang='lat' dir='ltr'><strong>antiqua</strong></span> <span class='ocrx_word' id='word_1_689' title='bbox 707 2299 925 2334; x_wconf 88' lang='lat' dir='ltr'><strong>consuetudo</strong></span> <span class='ocrx_word' id='word_1_690' title='bbox 947 2299 1086 2345; x_wconf 50' lang='grc' dir='ltr'><strong><em>βορηίῃ</em></strong></span> <span class='ocrx_word' id='word_1_691' title='bbox 1122 2299 1150 2335; x_wconf 87' lang='lat' dir='ltr'><strong>il</strong></span> <span class='ocrx_word' id='word_1_692' title='bbox 1164 2310 1206 2335; x_wconf 88' lang='lat' dir='ltr'><strong>os</strong></span> <span class='ocrx_word' id='word_1_693' title='bbox 1229 2303 1347 2335; x_wconf 89' lang='lat' dir='ltr'><strong>autem</strong></span> <span class='ocrx_word' id='word_1_694' title='bbox 1370 2298 1607 2335; x_wconf 86' lang='lat' dir='ltr'><strong>iureiurando</strong></span> <span class='ocrx_word' id='word_1_695' title='bbox 1630 2299 1779 2345; x_wconf 82' lang='lat' dir='ltr'><strong>insuper</strong></span> <span class='ocrx_word' id='word_1_696' title='bbox 1802 2298 1926 2335; x_wconf 88' lang='lat' dir='ltr'><strong>addito</strong></span> <span class='ocrx_word' id='word_1_697' title='bbox 1952 2303 2101 2335; x_wconf 85' lang='lat' dir='ltr'><strong>testatos</strong></span> <span class='ocrx_word' id='word_1_698' title='bbox 2123 2309 2198 2335; x_wconf 87' lang='lat' dir='ltr'><strong>esse</strong></span> <span class='ocrx_word' id='word_1_699' title='bbox 2228 2299 2350 2336; x_wconf 82' lang='lat' dir='ltr'><strong>varios</strong></span> <span class='ocrx_word' id='word_1_700' title='bbox 2371 2309 2450 2336; x_wconf 80' lang='lat' dir='ltr'><strong>esse</strong></span> 
     </span>
     <span class='ocr_line' id='line_1_81' title="bbox 221 2343 2450 2391; baseline 0.001 -13"><span class='ocrx_word' id='word_1_701' title='bbox 221 2343 299 2378; x_wconf 86' lang='lat' dir='ltr'><strong>eius</strong></span> <span class='ocrx_word' id='word_1_702' title='bbox 320 2343 465 2389; x_wconf 87' lang='lat' dir='ltr'><strong>qeneris</strong></span> <span class='ocrx_word' id='word_1_703' title='bbox 488 2343 705 2380; x_wconf 86' lang='lat' dir='ltr'><strong>creditorum</strong></span> <span class='ocrx_word' id='word_1_704' title='bbox 729 2344 864 2385; x_wconf 85' lang='lat' dir='ltr'><strong>modos,</strong></span> <span class='ocrx_word' id='word_1_705' title='bbox 888 2349 924 2379; x_wconf 89' lang='lat' dir='ltr'><strong>et</strong></span> <span class='ocrx_word' id='word_1_706' title='bbox 945 2344 979 2379; x_wconf 90' lang='lat' dir='ltr'><strong>si</strong></span> <span class='ocrx_word' id='word_1_707' title='bbox 1002 2344 1144 2390; x_wconf 86' lang='lat' dir='ltr'><strong>quidem</strong></span> <span class='ocrx_word' id='word_1_708' title='bbox 1167 2343 1407 2380; x_wconf 86' lang='lat' dir='ltr'><strong>creditoribus</strong></span> <span class='ocrx_word' id='word_1_709' title='bbox 1431 2343 1632 2391; x_wconf 85' lang='lat' dir='ltr'><strong>placuerit,</strong></span> <span class='ocrx_word' id='word_1_710' title='bbox 1662 2344 1700 2378; x_wconf 88' lang='lat' dir='ltr'><strong>in</strong></span> <span class='ocrx_word' id='word_1_711' title='bbox 1729 2344 1896 2390; x_wconf 76' lang='lat' dir='ltr'><strong>sinqulos</strong></span> <span class='ocrx_word' id='word_1_712' title='bbox 1924 2343 2063 2380; x_wconf 85' lang='lat' dir='ltr'><strong>solidos</strong></span> <span class='ocrx_word' id='word_1_713' title='bbox 2090 2343 2327 2390; x_wconf 82' lang='lat' dir='ltr'><strong>pecuniarum</strong></span> <span class='ocrx_word' id='word_1_714' title='bbox 2357 2355 2450 2391; x_wconf 84' lang='lat' dir='ltr'><strong>quas</strong></span> 
     </span>
     <span class='ocr_line' id='line_1_82' title="bbox 221 2387 2449 2436; baseline 0 -12"><span class='ocrx_word' id='word_1_715' title='bbox 221 2387 384 2424; x_wconf 70' lang='lat' dir='ltr'><strong>dederint</strong></span> <span class='ocrx_word' id='word_1_716' title='bbox 406 2387 569 2434; x_wconf 80' lang='lat' dir='ltr'><strong>sinqulos</strong></span> <span class='ocrx_word' id='word_1_717' title='bbox 591 2389 729 2424; x_wconf 85' lang='lat' dir='ltr'><strong>modios</strong></span> <span class='ocrx_word' id='word_1_718' title='bbox 753 2389 863 2424; x_wconf 87' lang='lat' dir='ltr'><strong>tritici</strong></span> <span class='ocrx_word' id='word_1_719' title='bbox 885 2389 941 2425; x_wconf 91' lang='lat' dir='ltr'><strong>vel</strong></span> <span class='ocrx_word' id='word_1_720' title='bbox 962 2388 1090 2425; x_wconf 78' lang='lat' dir='ltr'><strong>hordei</strong></span> <span class='ocrx_word' id='word_1_721' title='bbox 1111 2400 1173 2426; x_wconf 90' lang='lat' dir='ltr'><strong>eos</strong></span> <span class='ocrx_word' id='word_1_722' title='bbox 1194 2389 1279 2426; x_wconf 88' lang='lat' dir='ltr'><strong>navi</strong></span> <span class='ocrx_word' id='word_1_723' title='bbox 1302 2390 1496 2436; x_wconf 81' lang='lat' dir='ltr'><strong>imponere,</strong></span> <span class='ocrx_word' id='word_1_724' title='bbox 1520 2400 1565 2425; x_wconf 88' lang='lat' dir='ltr'><strong>ac</strong></span> <span class='ocrx_word' id='word_1_725' title='bbox 1587 2400 1632 2424; x_wconf 87' lang='lat' dir='ltr'><strong>ne</strong></span> <span class='ocrx_word' id='word_1_726' title='bbox 1655 2389 1810 2435; x_wconf 85' lang='lat' dir='ltr'><strong>vectiqal</strong></span> <span class='ocrx_word' id='word_1_727' title='bbox 1831 2388 1974 2435; x_wconf 86' lang='lat' dir='ltr'><strong>quidem</strong></span> <span class='ocrx_word' id='word_1_728' title='bbox 1991 2400 2064 2436; x_wconf 84' lang='lat' dir='ltr'><strong>pro</strong></span> <span class='ocrx_word' id='word_1_729' title='bbox 2087 2399 2130 2424; x_wconf 88' lang='lat' dir='ltr'><strong>eo</strong></span> <span class='ocrx_word' id='word_1_730' title='bbox 2149 2388 2310 2436; x_wconf 77' lang='lat' dir='ltr'><strong>publicis</strong></span> <span class='ocrx_word' id='word_1_731' title='bbox 2325 2389 2449 2436; x_wconf 83' lang='lat' dir='ltr'><strong>porti-</strong></span> 
     </span>
     <span class='ocr_line' id='line_1_83' title="bbox 224 2432 2451 2487; baseline 0.001 -19"><span class='ocrx_word' id='word_1_732' title='bbox 224 2433 362 2469; x_wconf 84' lang='lat' dir='ltr'><strong>toribus</strong></span> <span class='ocrx_word' id='word_1_733' title='bbox 384 2434 542 2475; x_wconf 84' lang='lat' dir='ltr'><strong>sotvere,</strong></span> <span class='ocrx_word' id='word_1_734' title='bbox 573 2433 638 2468; x_wconf 88' lang='lat' dir='ltr'><strong>sed</strong></span> <span class='ocrx_word' id='word_1_735' title='bbox 660 2439 832 2479; x_wconf 87' lang='lat' dir='ltr'><strong>quantum</strong></span> <span class='ocrx_word' id='word_1_736' title='bbox 858 2434 908 2469; x_wconf 89' lang='lat' dir='ltr'><strong>ad</strong></span> <span class='ocrx_word' id='word_1_737' title='bbox 929 2435 1030 2480; x_wconf 86' lang='lat' dir='ltr'><strong>ipsos</strong></span> <span class='ocrx_word' id='word_1_738' title='bbox 1052 2435 1199 2481; x_wconf 76' lang='lat' dir='ltr'><strong>naviqia</strong></span> <span class='ocrx_word' id='word_1_739' title='bbox 1229 2435 1306 2470; x_wconf 85' lang='lat' dir='ltr'><strong>sine</strong></span> <span class='ocrx_word' id='word_1_740' title='bbox 1334 2434 1503 2481; x_wconf 81' lang='lat' dir='ltr'><strong>portorio</strong></span> <span class='ocrx_word' id='word_1_741' title='bbox 1526 2434 1717 2479; x_wconf 84' lang='lat' dir='ltr'><strong>naviqare,</strong></span> <span class='ocrx_word' id='word_1_742' title='bbox 1746 2438 1780 2469; x_wconf 88' lang='lat' dir='ltr'><strong>et</strong></span> <span class='ocrx_word' id='word_1_743' title='bbox 1803 2432 1899 2469; x_wconf 76' lang='lat' dir='ltr'><strong>hunc</strong></span> <span class='ocrx_word' id='word_1_744' title='bbox 1920 2445 1983 2470; x_wconf 87' lang='lat' dir='ltr'><strong>eos</strong></span> <span class='ocrx_word' id='word_1_745' title='bbox 2000 2435 2194 2481; x_wconf 82' lang='lat' dir='ltr'><strong>percipere</strong></span> <span class='ocrx_word' id='word_1_746' title='bbox 2208 2433 2377 2487; x_wconf 84' lang='lat' dir='ltr'><strong>fructum</strong></span> <span class='ocrx_word' id='word_1_747' title='bbox 2400 2445 2451 2470; x_wconf 77' lang='lat' dir='ltr'><strong>ea:</strong></span> 
     </span>
     <span class='ocr_line' id='line_1_84' title="bbox 217 2478 2450 2526; baseline 0.001 -13"><span class='ocrx_word' id='word_1_748' title='bbox 217 2479 384 2524; x_wconf 81' lang='lat' dir='ltr'><strong>pecuniis</strong></span> <span class='ocrx_word' id='word_1_749' title='bbox 407 2489 501 2524; x_wconf 87' lang='lat' dir='ltr'><strong>quas</strong></span> <span class='ocrx_word' id='word_1_750' title='bbox 524 2478 752 2520; x_wconf 70' lang='lat' dir='ltr'><strong>crediderint,</strong></span> <span class='ocrx_word' id='word_1_751' title='bbox 781 2483 818 2515; x_wconf 84' lang='lat' dir='ltr'><strong>et</strong></span> <span class='ocrx_word' id='word_1_752' title='bbox 837 2487 1029 2526; x_wconf 84' lang='lat' dir='ltr'><strong>praeterea</strong></span> <span class='ocrx_word' id='word_1_753' title='bbox 1052 2480 1159 2515; x_wconf 89' lang='lat' dir='ltr'><strong>etiam</strong></span> <span class='ocrx_word' id='word_1_754' title='bbox 1176 2491 1252 2526; x_wconf 84' lang='lat' dir='ltr'><strong>pro</strong></span> <span class='ocrx_word' id='word_1_755' title='bbox 1277 2480 1378 2515; x_wconf 82' lang='lat' dir='ltr'><strong>denis</strong></span> <span class='ocrx_word' id='word_1_756' title='bbox 1401 2479 1523 2515; x_wconf 90' lang='lat' dir='ltr'><strong>aureis</strong></span> <span class='ocrx_word' id='word_1_757' title='bbox 1545 2479 1711 2526; x_wconf 78' lang='lat' dir='ltr'><strong>sinqulos</strong></span> <span class='ocrx_word' id='word_1_758' title='bbox 1734 2483 1872 2514; x_wconf 87' lang='lat' dir='ltr'><strong>tantum</strong></span> <span class='ocrx_word' id='word_1_759' title='bbox 1896 2481 2088 2515; x_wconf 77' lang='lat' dir='ltr'><strong>usurarum</strong></span> <span class='ocrx_word' id='word_1_760' title='bbox 2115 2489 2259 2514; x_wconf 86' lang='lat' dir='ltr'><strong>nomme</strong></span> <span class='ocrx_word' id='word_1_761' title='bbox 2285 2480 2450 2526; x_wconf 84' lang='lat' dir='ltr'><strong>accipere</strong></span> 
     </span>
     <span class='ocr_line' id='line_1_85' title="bbox 222 2523 2451 2571; baseline 0.001 -13"><span class='ocrx_word' id='word_1_762' title='bbox 222 2527 305 2570; x_wconf 86' lang='lat' dir='ltr'><strong>[pro</strong></span> <span class='ocrx_word' id='word_1_763' title='bbox 328 2534 548 2570; x_wconf 88' lang='lat' dir='ltr'><strong>unaquaque</strong></span> <span class='ocrx_word' id='word_1_764' title='bbox 571 2524 654 2558; x_wconf 85' lang='lat' dir='ltr'><strong>auri</strong></span> <span class='ocrx_word' id='word_1_765' title='bbox 676 2523 833 2567; x_wconf 78' lang='lat' dir='ltr'><strong>decadel,</strong></span> <span class='ocrx_word' id='word_1_766' title='bbox 865 2524 915 2560; x_wconf 88' lang='lat' dir='ltr'><strong>ad</strong></span> <span class='ocrx_word' id='word_1_767' title='bbox 937 2526 1037 2571; x_wconf 81' lang='lat' dir='ltr'><strong>ipsos</strong></span> <span class='ocrx_word' id='word_1_768' title='bbox 1061 2530 1180 2561; x_wconf 88' lang='lat' dir='ltr'><strong>autem</strong></span> <span class='ocrx_word' id='word_1_769' title='bbox 1203 2524 1402 2560; x_wconf 86' lang='lat' dir='ltr'><strong>creditores</strong></span> <span class='ocrx_word' id='word_1_770' title='bbox 1422 2528 1589 2571; x_wconf 85' lang='lat' dir='ltr'><strong>spectare</strong></span> <span class='ocrx_word' id='word_1_771' title='bbox 1609 2524 1811 2571; x_wconf 81' lang='lat' dir='ltr'><strong>periculum</strong></span> <span class='ocrx_word' id='word_1_772' title='bbox 1841 2535 1891 2560; x_wconf 80' lang='lat' dir='ltr'><strong>ex</strong></span> <span class='ocrx_word' id='word_1_773' title='bbox 1913 2524 1959 2559; x_wconf 84' lang='lat' dir='ltr'><strong>iis</strong></span> <span class='ocrx_word' id='word_1_774' title='bbox 1981 2534 2076 2570; x_wconf 88' lang='lat' dir='ltr'><strong>quae</strong></span> <span class='ocrx_word' id='word_1_775' title='bbox 2098 2530 2269 2560; x_wconf 82' lang='lat' dir='ltr'><strong>eventura</strong></span> <span class='ocrx_word' id='word_1_776' title='bbox 2290 2524 2386 2566; x_wconf 58' lang='lat' dir='ltr'><strong>sinn</strong></span> <span class='ocrx_word' id='word_1_777' title='bbox 2417 2524 2451 2560; x_wconf 80' lang='lat' dir='ltr'><strong>si</strong></span> 
     </span>
     <span class='ocr_line' id='line_1_86' title="bbox 222 2568 2449 2616; baseline 0 -13"><span class='ocrx_word' id='word_1_778' title='bbox 222 2573 340 2604; x_wconf 87' lang='lat' dir='ltr'><strong>autem</strong></span> <span class='ocrx_word' id='word_1_779' title='bbox 371 2568 466 2603; x_wconf 70' lang='lat' dir='ltr'><strong>lianc</strong></span> <span class='ocrx_word' id='word_1_780' title='bbox 496 2569 589 2604; x_wconf 88' lang='lat' dir='ltr'><strong>viam</strong></span> <span class='ocrx_word' id='word_1_781' title='bbox 619 2569 818 2604; x_wconf 88' lang='lat' dir='ltr'><strong>creditores</strong></span> <span class='ocrx_word' id='word_1_782' title='bbox 849 2580 921 2604; x_wconf 88' lang='lat' dir='ltr'><strong>non</strong></span> <span class='ocrx_word' id='word_1_783' title='bbox 953 2570 1170 2616; x_wconf 78' lang='lat' dir='ltr'><strong>deleqerint,</strong></span> <span class='ocrx_word' id='word_1_784' title='bbox 1213 2573 1374 2606; x_wconf 87' lang='lat' dir='ltr'><strong>octavam</strong></span> <span class='ocrx_word' id='word_1_785' title='bbox 1405 2575 1551 2616; x_wconf 80' lang='lat' dir='ltr'><strong>partem</strong></span> <span class='ocrx_word' id='word_1_786' title='bbox 1580 2580 1656 2616; x_wconf 83' lang='lat' dir='ltr'><strong>pro</strong></span> <span class='ocrx_word' id='word_1_787' title='bbox 1687 2569 1841 2615; x_wconf 84' lang='lat' dir='ltr'><strong>sinqulis</strong></span> <span class='ocrx_word' id='word_1_788' title='bbox 1874 2569 2002 2605; x_wconf 84' lang='lat' dir='ltr'><strong>solidis</strong></span> <span class='ocrx_word' id='word_1_789' title='bbox 2030 2569 2221 2616; x_wconf 82' lang='lat' dir='ltr'><strong>percipere</strong></span> <span class='ocrx_word' id='word_1_790' title='bbox 2256 2579 2449 2605; x_wconf 84' lang='lat' dir='ltr'><strong>usurarum</strong></span> 
     </span>
     <span class='ocr_line' id='line_1_87' title="bbox 222 2613 2450 2661; baseline 0.001 -14"><span class='ocrx_word' id='word_1_791' title='bbox 222 2614 365 2648; x_wconf 87' lang='lat' dir='ltr'><strong>nomine</strong></span> <span class='ocrx_word' id='word_1_792' title='bbox 388 2625 462 2648; x_wconf 87' lang='lat' dir='ltr'><strong>non</strong></span> <span class='ocrx_word' id='word_1_793' title='bbox 486 2613 535 2648; x_wconf 89' lang='lat' dir='ltr'><strong>ad</strong></span> <span class='ocrx_word' id='word_1_794' title='bbox 557 2619 692 2649; x_wconf 86' lang='lat' dir='ltr'><strong>certum</strong></span> <span class='ocrx_word' id='word_1_795' title='bbox 716 2614 899 2660; x_wconf 86' lang='lat' dir='ltr'><strong>quoddam</strong></span> <span class='ocrx_word' id='word_1_796' title='bbox 923 2619 1062 2661; x_wconf 77' lang='lat' dir='ltr'><strong>tempus</strong></span> <span class='ocrx_word' id='word_1_797' title='bbox 1085 2615 1410 2657; x_wconf 85' lang='lat' dir='ltr'><strong>numerandarum,</strong></span> <span class='ocrx_word' id='word_1_798' title='bbox 1440 2614 1505 2650; x_wconf 87' lang='lat' dir='ltr'><strong>sed</strong></span> <span class='ocrx_word' id='word_1_799' title='bbox 1527 2614 1640 2650; x_wconf 89' lang='lat' dir='ltr'><strong>donec</strong></span> <span class='ocrx_word' id='word_1_800' title='bbox 1663 2616 1766 2651; x_wconf 87' lang='lat' dir='ltr'><strong>navis</strong></span> <span class='ocrx_word' id='word_1_801' title='bbox 1795 2613 1897 2650; x_wconf 86' lang='lat' dir='ltr'><strong>salva</strong></span> <span class='ocrx_word' id='word_1_802' title='bbox 1927 2614 2102 2657; x_wconf 85' lang='lat' dir='ltr'><strong>redierit‚·</strong></span> <span class='ocrx_word' id='word_1_803' title='bbox 2131 2613 2324 2650; x_wconf 85' lang='lat' dir='ltr'><strong>secundum</strong></span> <span class='ocrx_word' id='word_1_804' title='bbox 2355 2613 2450 2650; x_wconf 80' lang='lat' dir='ltr'><strong>lzunc</strong></span> 
     </span>
    </p>
   </div>
   <div class='ocr_carea' id='block_1_26' title="bbox 223 2658 2452 2751">
    <p class='ocr_par' dir='ltr' id='par_1_26' title="bbox 223 2658 2452 2751">
     <span class='ocr_line' id='line_1_88' title="bbox 223 2658 2450 2706; baseline 0 -12"><span class='ocrx_word' id='word_1_805' title='bbox 223 2669 307 2694; x_wconf 88' lang='lat' dir='ltr'><strong>vero</strong></span> <span class='ocrx_word' id='word_1_806' title='bbox 331 2658 476 2693; x_wconf 88' lang='lat' dir='ltr'><strong>modum</strong></span> <span class='ocrx_word' id='word_1_807' title='bbox 499 2659 708 2704; x_wconf 81' lang='lat' dir='ltr'><strong>eontinqere</strong></span> <span class='ocrx_word' id='word_1_808' title='bbox 728 2660 830 2705; x_wconf 82' lang='lat' dir='ltr'><strong>forte</strong></span> <span class='ocrx_word' id='word_1_809' title='bbox 854 2666 894 2695; x_wconf 88' lang='lat' dir='ltr'><strong>ut</strong></span> <span class='ocrx_word' id='word_1_810' title='bbox 916 2660 1023 2695; x_wconf 88' lang='lat' dir='ltr'><strong>etiam</strong></span> <span class='ocrx_word' id='word_1_811' title='bbox 1046 2661 1085 2695; x_wconf 86' lang='lat' dir='ltr'><strong>in</strong></span> <span class='ocrx_word' id='word_1_812' title='bbox 1107 2671 1242 2695; x_wconf 86' lang='lat' dir='ltr'><strong>annum</strong></span> <span class='ocrx_word' id='word_1_813' title='bbox 1262 2665 1401 2706; x_wconf 81' lang='lat' dir='ltr'><strong>tempus</strong></span> <span class='ocrx_word' id='word_1_814' title='bbox 1420 2658 1650 2702; x_wconf 76' lang='lat' dir='ltr'><strong>extendatur,</strong></span> <span class='ocrx_word' id='word_1_815' title='bbox 1680 2659 1856 2706; x_wconf 84' lang='lat' dir='ltr'><strong>siquidem</strong></span> <span class='ocrx_word' id='word_1_816' title='bbox 1876 2659 1979 2696; x_wconf 85' lang='lat' dir='ltr'><strong>navis</strong></span> <span class='ocrx_word' id='word_1_817' title='bbox 2000 2663 2072 2695; x_wconf 85' lang='lat' dir='ltr'><strong>tam</strong></span> <span class='ocrx_word' id='word_1_818' title='bbox 2094 2659 2157 2694; x_wconf 87' lang='lat' dir='ltr'><strong>diu</strong></span> <span class='ocrx_word' id='word_1_819' title='bbox 2170 2658 2271 2704; x_wconf 79' lang='lat' dir='ltr'><strong>foris</strong></span> <span class='ocrx_word' id='word_1_820' title='bbox 2292 2664 2450 2695; x_wconf 79' lang='lat' dir='ltr'><strong>moretur</strong></span> 
     </span>
     <span class='ocr_line' id='line_1_89' title="bbox 223 2703 2452 2751; baseline 0.001 -13"><span class='ocrx_word' id='word_1_821' title='bbox 223 2708 264 2739; x_wconf 91' lang='lat' dir='ltr'><strong>ut</strong></span> <span class='ocrx_word' id='word_1_822' title='bbox 286 2703 378 2738; x_wconf 87' lang='lat' dir='ltr'><strong>adeo</strong></span> <span class='ocrx_word' id='word_1_823' title='bbox 402 2714 536 2738; x_wconf 82' lang='lat' dir='ltr'><strong>annum</strong></span> <span class='ocrx_word' id='word_1_824' title='bbox 562 2710 627 2739; x_wconf 86' lang='lat' dir='ltr'><strong>aut</strong></span> <span class='ocrx_word' id='word_1_825' title='bbox 646 2704 755 2748; x_wconf 78' lang='lat' dir='ltr'><strong>finem</strong></span> <span class='ocrx_word' id='word_1_826' title='bbox 778 2704 977 2750; x_wconf 85' lang='lat' dir='ltr'><strong>naviqandi</strong></span> <span class='ocrx_word' id='word_1_827' title='bbox 1000 2704 1131 2741; x_wconf 76' lang='lat' dir='ltr'><strong>habeat</strong></span> <span class='ocrx_word' id='word_1_828' title='bbox 1158 2710 1223 2741; x_wconf 86' lang='lat' dir='ltr'><strong>aut</strong></span> <span class='ocrx_word' id='word_1_829' title='bbox 1253 2706 1359 2741; x_wconf 87' lang='lat' dir='ltr'><strong>etiam</strong></span> <span class='ocrx_word' id='word_1_830' title='bbox 1390 2704 1563 2747; x_wconf 76' lang='lat' dir='ltr'><strong>excedat,</strong></span> <span class='ocrx_word' id='word_1_831' title='bbox 1595 2704 1702 2740; x_wconf 87' lang='lat' dir='ltr'><strong>citius</strong></span> <span class='ocrx_word' id='word_1_832' title='bbox 1732 2709 1851 2740; x_wconf 84' lang='lat' dir='ltr'><strong>autem</strong></span> <span class='ocrx_word' id='word_1_833' title='bbox 1881 2704 2003 2740; x_wconf 86' lang='lat' dir='ltr'><strong>eadem</strong></span> <span class='ocrx_word' id='word_1_834' title='bbox 2033 2704 2205 2741; x_wconf 88' lang='lat' dir='ltr'><strong>redeunte</strong></span> <span class='ocrx_word' id='word_1_835' title='bbox 2234 2707 2373 2751; x_wconf 81' lang='lat' dir='ltr'><strong>tempus</strong></span> <span class='ocrx_word' id='word_1_836' title='bbox 2401 2703 2452 2740; x_wconf 82' lang='lat' dir='ltr'><strong>ad</strong></span> 
     </span>
    </p>
   </div>
   <div class='ocr_carea' id='block_1_27' title="bbox 223 2813 1306 3358">
    <p class='ocr_par' dir='ltr' id='par_1_27' title="bbox 223 2813 1306 3358">
     <span class='ocr_line' id='line_1_90' title="bbox 272 2813 1304 2861; baseline 0.002 -11"><span class='ocrx_word' id='word_1_837' title='bbox 272 2819 289 2852; x_wconf 83' lang='lat'>1</span> <span class='ocrx_word' id='word_1_838' title='bbox 314 2813 508 2861; x_wconf 77' lang='grc' dir='ltr'><strong><em>εὖλογητὸν</em></strong></span> <span class='ocrx_word' id='word_1_839' title='bbox 531 2817 587 2857; x_wconf 83' lang='grc' dir='ltr'><strong>Μ]</strong></span> <span class='ocrx_word' id='word_1_840' title='bbox 611 2816 792 2858; x_wconf 87' lang='lat' dir='ltr'><strong>Eulogium</strong></span> <span class='ocrx_word' id='word_1_841' title='bbox 818 2830 837 2854; x_wconf 85' lang='grc' dir='ltr'><strong>ς</strong></span> <span class='ocrx_word' id='word_1_842' title='bbox 854 2818 866 2861; x_wconf 81' lang='grc' dir='ltr'><strong>ΙΙ</strong></span> <span class='ocrx_word' id='word_1_843' title='bbox 884 2819 904 2852; x_wconf 86' lang='grc'><strong>6</strong></span> <span class='ocrx_word' id='word_1_844' title='bbox 924 2816 968 2851; x_wconf 84' lang='grc' dir='ltr'><strong>τὰ</strong></span> <span class='ocrx_word' id='word_1_845' title='bbox 991 2820 1065 2851; x_wconf 86' lang='grc' dir='ltr'><strong><em>τοῖς</em></strong></span> <span class='ocrx_word' id='word_1_846' title='bbox 1089 2816 1304 2852; x_wconf 85' lang='grc' dir='ltr'><strong><em>θαλαττίοις</em></strong></span> 
     </span>
     <span class='ocr_line' id='line_1_91' title="bbox 223 2857 1304 2904; baseline 0 -8"><span class='ocrx_word' id='word_1_847' title='bbox 223 2862 341 2897; x_wconf 79' lang='grc' dir='ltr'><strong><em>ταῦτα</em></strong></span> <span class='ocrx_word' id='word_1_848' title='bbox 364 2859 605 2904; x_wconf 82' lang='grc' dir='ltr'><strong><em>δανείσματα,</em></strong></span> <span class='ocrx_word' id='word_1_849' title='bbox 629 2857 655 2893; x_wconf 73' lang='grc' dir='ltr'><strong>εἲ</strong></span> <span class='ocrx_word' id='word_1_850' title='bbox 677 2859 809 2903; x_wconf 89' lang='grc' dir='ltr'><strong><em>καλεῖν]</em></strong></span> <span class='ocrx_word' id='word_1_851' title='bbox 834 2863 904 2904; x_wconf 83' lang='lat' dir='ltr'><strong>ipsa</strong></span> <span class='ocrx_word' id='word_1_852' title='bbox 925 2873 1001 2896; x_wconf 88' lang='lat' dir='ltr'><strong>vero</strong></span> <span class='ocrx_word' id='word_1_853' title='bbox 1025 2864 1154 2896; x_wconf 88' lang='lat' dir='ltr'><strong>marina</strong></span> <span class='ocrx_word' id='word_1_854' title='bbox 1177 2865 1304 2897; x_wconf 89' lang='lat' dir='ltr'><strong>credita</strong></span> 
     </span>
     <span class='ocr_line' id='line_1_92' title="bbox 224 2906 1303 2945; baseline 0.001 -4"><span class='ocrx_word' id='word_1_855' title='bbox 224 2917 341 2941; x_wconf 79' lang='lat' dir='ltr'><strong>vocare</strong></span> <span class='ocrx_word' id='word_1_856' title='bbox 365 2919 401 2945; x_wconf 83' lang='grc' dir='ltr'><strong><em>ς;</em></strong></span> <span class='ocrx_word' id='word_1_857' title='bbox 426 2907 487 2940; x_wconf 83' lang='grc' dir='ltr'><strong><em>ἐπὶ</em></strong></span> <span class='ocrx_word' id='word_1_858' title='bbox 512 2915 585 2939; x_wconf 81' lang='lat' dir='ltr'><strong>aute</strong></span> <span class='ocrx_word' id='word_1_859' title='bbox 608 2909 681 2939; x_wconf 82' lang='grc' dir='ltr'><strong><em>τοῖς</em></strong></span> <span class='ocrx_word' id='word_1_860' title='bbox 704 2906 917 2941; x_wconf 85' lang='grc' dir='ltr'><strong><em>θαλαττίοις</em></strong></span> <span class='ocrx_word' id='word_1_861' title='bbox 941 2910 1041 2942; x_wconf 83' lang='lat' dir='ltr'><strong>inseri</strong></span> <span class='ocrx_word' id='word_1_862' title='bbox 1063 2910 1155 2942; x_wconf 79' lang='lat' dir='ltr'><strong>malit</strong></span> <span class='ocrx_word' id='word_1_863' title='bbox 1170 2909 1303 2943; x_wconf 81' lang='lat' dir='ltr'><strong>Zacha-</strong></span> 
     </span>
     <span class='ocr_line' id='line_1_93' title="bbox 225 2947 1305 2997; baseline 0.001 -11"><span class='ocrx_word' id='word_1_864' title='bbox 225 2954 295 2987; x_wconf 87' lang='lat' dir='ltr'><strong>riae</strong></span> <span class='ocrx_word' id='word_1_865' title='bbox 320 2953 333 2994; x_wconf 88' lang='grc' dir='ltr'><strong>ΙΙ</strong></span> <span class='ocrx_word' id='word_1_866' title='bbox 360 2953 380 2986; x_wconf 88' lang='grc'>8</span> <span class='ocrx_word' id='word_1_867' title='bbox 402 2959 475 2995; x_wconf 85' lang='lat' dir='ltr'><strong>post</strong></span> <span class='ocrx_word' id='word_1_868' title='bbox 497 2947 748 2993; x_wconf 78' lang='grc' dir='ltr'><strong><em>ἀνισταμένων</em></strong></span> <span class='ocrx_word' id='word_1_869' title='bbox 772 2955 870 2985; x_wconf 77' lang='lat' dir='ltr'><strong>verba</strong></span> <span class='ocrx_word' id='word_1_870' title='bbox 896 2955 1056 2995; x_wconf 84' lang='lat' dir='ltr'><strong>quaedam</strong></span> <span class='ocrx_word' id='word_1_871' title='bbox 1080 2955 1187 2987; x_wconf 84' lang='lat' dir='ltr'><strong>deesse</strong></span> <span class='ocrx_word' id='word_1_872' title='bbox 1209 2962 1305 2997; x_wconf 79' lang='lat' dir='ltr'><strong>putat</strong></span> 
     </span>
     <span class='ocr_line' id='line_1_94' title="bbox 226 2994 1303 3040; baseline 0 -9"><span class='ocrx_word' id='word_1_873' title='bbox 226 2998 415 3039; x_wconf 78' lang='lat' dir='ltr'><strong>Hombequ</strong></span> <span class='ocrx_word' id='word_1_874' title='bbox 436 2998 506 3030; x_wconf 81' lang='lat' dir='ltr'><strong>sine</strong></span> <span class='ocrx_word' id='word_1_875' title='bbox 530 3009 630 3030; x_wconf 83' lang='lat' dir='ltr'><strong>causa</strong></span> <span class='ocrx_word' id='word_1_876' title='bbox 654 2996 667 3039; x_wconf 82' lang='grc' dir='ltr'><strong>ΙΙ</strong></span> <span class='ocrx_word' id='word_1_877' title='bbox 692 2999 712 3029; x_wconf 82' lang='grc'>9</span> <span class='ocrx_word' id='word_1_878' title='bbox 736 2999 796 3028; x_wconf 90' lang='grc' dir='ltr'><strong>καὶ</strong></span> <span class='ocrx_word' id='word_1_879' title='bbox 821 2994 980 3039; x_wconf 88' lang='grc' dir='ltr'><strong><em>δεῖσθαι]</em></strong></span> <span class='ocrx_word' id='word_1_880' title='bbox 1013 3001 1164 3040; x_wconf 81' lang='lat' dir='ltr'><strong>oportere</strong></span> <span class='ocrx_word' id='word_1_881' title='bbox 1187 3011 1206 3035; x_wconf 81' lang='grc' dir='ltr'><strong>ς</strong></span> <span class='ocrx_word' id='word_1_882' title='bbox 1221 2998 1234 3037; x_wconf 88' lang='grc' dir='ltr'><strong>ΙΙ</strong></span> <span class='ocrx_word' id='word_1_883' title='bbox 1263 3001 1303 3032; x_wconf 84' lang='grc'>10</span> 
     </span>
     <span class='ocr_line' id='line_1_95' title="bbox 224 3042 1304 3087; baseline 0.001 -11"><span class='ocrx_word' id='word_1_884' title='bbox 224 3045 285 3076; x_wconf 85' lang='grc' dir='ltr'><strong>καὶ</strong></span> <span class='ocrx_word' id='word_1_885' title='bbox 309 3043 381 3083; x_wconf 80' lang='grc' dir='ltr'><strong><em>ἐπὶ]</em></strong></span> <span class='ocrx_word' id='word_1_886' title='bbox 415 3044 476 3075; x_wconf 85' lang='grc' dir='ltr'><strong>καὶ</strong></span> <span class='ocrx_word' id='word_1_887' title='bbox 507 3055 564 3074; x_wconf 91' lang='lat' dir='ltr'><strong>om.</strong></span> <span class='ocrx_word' id='word_1_888' title='bbox 590 3054 608 3077; x_wconf 81' lang='grc' dir='ltr'><strong>ς</strong></span> <span class='ocrx_word' id='word_1_889' title='bbox 638 3042 650 3084; x_wconf 87' lang='grc' dir='ltr'><strong>ΙΙ</strong></span> <span class='ocrx_word' id='word_1_890' title='bbox 682 3042 723 3075; x_wconf 85' lang='grc'><strong>23</strong></span> <span class='ocrx_word' id='word_1_891' title='bbox 756 3042 800 3087; x_wconf 87' lang='grc' dir='ltr'><strong>τῇ</strong></span> <span class='ocrx_word' id='word_1_892' title='bbox 824 3044 883 3083; x_wconf 87' lang='grc' dir='ltr'><strong>νηὶ</strong></span> <span class='ocrx_word' id='word_1_893' title='bbox 916 3056 973 3076; x_wconf 69' lang='lat' dir='ltr'><strong>(tm.</strong></span> <span class='ocrx_word' id='word_1_894' title='bbox 999 3055 1018 3079; x_wconf 82' lang='grc' dir='ltr'><strong><em>ς</em></strong></span> <span class='ocrx_word' id='word_1_895' title='bbox 1046 3043 1059 3086; x_wconf 89' lang='grc' dir='ltr'><strong>ΙΙ</strong></span> <span class='ocrx_word' id='word_1_896' title='bbox 1089 3042 1205 3086; x_wconf 83' lang='grc' dir='ltr'><strong><em>*μήτε</em></strong></span> <span class='ocrx_word' id='word_1_897' title='bbox 1226 3044 1272 3077; x_wconf 88' lang='grc' dir='ltr'><em>Μ</em></span> <span class='ocrx_word' id='word_1_898' title='bbox 1292 3046 1304 3086; x_wconf 92' lang='grc' dir='ltr'><strong>ΙΙ</strong></span> 
     </span>
     <span class='ocr_line' id='line_1_96' title="bbox 227 3087 1305 3132; baseline -0.002 -9"><span class='ocrx_word' id='word_1_899' title='bbox 227 3090 270 3123; x_wconf 88' lang='grc'><strong>24</strong></span> <span class='ocrx_word' id='word_1_900' title='bbox 293 3100 345 3122; x_wconf 89' lang='grc' dir='ltr'><strong>πα</strong></span> <span class='ocrx_word' id='word_1_901' title='bbox 369 3089 473 3128; x_wconf 79' lang='grc' dir='ltr'><strong><em>ἐχειν]</em></strong></span> <span class='ocrx_word' id='word_1_902' title='bbox 509 3097 593 3128; x_wconf 87' lang='lat' dir='ltr'><strong>quae</strong></span> <span class='ocrx_word' id='word_1_903' title='bbox 617 3105 661 3110; x_wconf 95' lang='lat'><strong>—</strong></span> <span class='ocrx_word' id='word_1_904' title='bbox 709 3087 879 3119; x_wconf 84' lang='lat' dir='ltr'><strong>racberent</strong></span> <span class='ocrx_word' id='word_1_905' title='bbox 903 3099 922 3123; x_wconf 86' lang='grc' dir='ltr'><strong><em>ς</em></strong></span> <span class='ocrx_word' id='word_1_906' title='bbox 949 3087 961 3129; x_wconf 79' lang='grc' dir='ltr'><strong>ΙΙ</strong></span> <span class='ocrx_word' id='word_1_907' title='bbox 994 3090 1034 3121; x_wconf 85' lang='grc'><strong>27</strong></span> <span class='ocrx_word' id='word_1_908' title='bbox 1060 3087 1207 3132; x_wconf 76' lang='grc' dir='ltr'><strong><em>χρυσοῦς</em></strong></span> <span class='ocrx_word' id='word_1_909' title='bbox 1232 3089 1278 3121; x_wconf 90' lang='grc' dir='ltr'><strong>Μ</strong></span> <span class='ocrx_word' id='word_1_910' title='bbox 1294 3089 1305 3131; x_wconf 82' lang='grc' dir='ltr'><strong>ΙΙ</strong></span> 
     </span>
     <span class='ocr_line' id='line_1_97' title="bbox 227 3127 1304 3177; baseline 0 -11"><span class='ocrx_word' id='word_1_911' title='bbox 227 3135 270 3168; x_wconf 88' lang='grc'><strong>28</strong></span> <span class='ocrx_word' id='word_1_912' title='bbox 292 3146 338 3166; x_wconf 88' lang='grc' dir='ltr'><strong>κα</strong></span> <span class='ocrx_word' id='word_1_913' title='bbox 377 3129 385 3142; x_wconf 81' lang='lat'>²</span> <span class='ocrx_word' id='word_1_914' title='bbox 412 3130 570 3173; x_wconf 82' lang='grc' dir='ltr'><strong><em>ἑκάστην</em></strong></span> <span class='ocrx_word' id='word_1_915' title='bbox 593 3127 677 3164; x_wconf 84' lang='grc' dir='ltr'><strong><em>δεκά</em></strong></span> <span class='ocrx_word' id='word_1_916' title='bbox 704 3143 727 3163; x_wconf 91' lang='grc' dir='ltr'><strong>α</strong></span> <span class='ocrx_word' id='word_1_917' title='bbox 750 3135 894 3175; x_wconf 84' lang='grc' dir='ltr'><strong><em>χρυσίου</em></strong></span> <span class='ocrx_word' id='word_1_918' title='bbox 920 3133 975 3173; x_wconf 87' lang='grc' dir='ltr'><strong>Μ,</strong></span> <span class='ocrx_word' id='word_1_919' title='bbox 1001 3146 1058 3165; x_wconf 90' lang='lat' dir='ltr'><strong>om.</strong></span> <span class='ocrx_word' id='word_1_920' title='bbox 1073 3145 1092 3169; x_wconf 84' lang='grc' dir='ltr'><strong><em>ς</em></strong></span> <span class='ocrx_word' id='word_1_921' title='bbox 1117 3133 1130 3177; x_wconf 81' lang='grc' dir='ltr'><strong>ΙΙ</strong></span> <span class='ocrx_word' id='word_1_922' title='bbox 1158 3134 1200 3166; x_wconf 79' lang='grc'><strong>29</strong></span> <span class='ocrx_word' id='word_1_923' title='bbox 1225 3132 1304 3174; x_wconf 87' lang='grc' dir='ltr'><strong><em>τὸν]</em></strong></span> 
     </span>
     <span class='ocr_line' id='line_1_98' title="bbox 225 3173 1304 3222; baseline -0.001 -10"><span class='ocrx_word' id='word_1_924' title='bbox 225 3179 303 3212; x_wconf 77' lang='grc' dir='ltr'><strong>τῶν</strong></span> <span class='ocrx_word' id='word_1_925' title='bbox 320 3179 359 3211; x_wconf 90' lang='lat' dir='ltr'><em>M</em></span> <span class='ocrx_word' id='word_1_926' title='bbox 373 3179 386 3221; x_wconf 78' lang='grc' dir='ltr'><strong>Ι]</strong></span> <span class='ocrx_word' id='word_1_927' title='bbox 404 3179 447 3213; x_wconf 90' lang='grc'><strong>33</strong></span> <span class='ocrx_word' id='word_1_928' title='bbox 463 3174 758 3222; x_wconf 78' lang='grc' dir='ltr'><strong><em>ἀριθμουμένων]</em></strong></span> <span class='ocrx_word' id='word_1_929' title='bbox 784 3177 1018 3209; x_wconf 87' lang='lat' dir='ltr'><strong>numerandam</strong></span> <span class='ocrx_word' id='word_1_930' title='bbox 1038 3179 1072 3217; x_wconf 77' lang='lat' dir='ltr'><strong>(i.</strong></span> <span class='ocrx_word' id='word_1_931' title='bbox 1087 3191 1111 3211; x_wconf 88' lang='lat' dir='ltr'><strong>e.</strong></span> <span class='ocrx_word' id='word_1_932' title='bbox 1128 3173 1304 3221; x_wconf 83' lang='grc' dir='ltr'><strong><em>ἀριθμου-</em></strong></span> 
     </span>
     <span class='ocr_line' id='line_1_99' title="bbox 225 3219 1304 3268; baseline -0.002 -11"><span class='ocrx_word' id='word_1_933' title='bbox 225 3223 374 3268; x_wconf 68' lang='grc' dir='ltr'><strong><em>μένηνῗ)</em></strong></span> <span class='ocrx_word' id='word_1_934' title='bbox 399 3235 419 3260; x_wconf 87' lang='grc' dir='ltr'><strong><em>ς</em></strong></span> <span class='ocrx_word' id='word_1_935' title='bbox 437 3225 448 3265; x_wconf 84' lang='grc'>11</span> <span class='ocrx_word' id='word_1_936' title='bbox 468 3219 491 3266; x_wconf 86' lang='grc' dir='ltr'><em>ἡ</em></span> <span class='ocrx_word' id='word_1_937' title='bbox 511 3222 599 3256; x_wconf 74' lang='grc' dir='ltr'><strong><em>ναῦς</em></strong></span> <span class='ocrx_word' id='word_1_938' title='bbox 622 3220 820 3256; x_wconf 76' lang='grc' dir='ltr'><strong><em>ἐπανέλθοι</em></strong></span> <span class='ocrx_word' id='word_1_939' title='bbox 841 3224 1062 3264; x_wconf 76' lang='grc' dir='ltr'><strong><em>σεσωσμένη]</em></strong></span> <span class='ocrx_word' id='word_1_940' title='bbox 1083 3233 1181 3255; x_wconf 82' lang='lat' dir='ltr'><strong>naves</strong></span> <span class='ocrx_word' id='word_1_941' title='bbox 1196 3234 1304 3256; x_wconf 87' lang='lat' dir='ltr'><strong>rever-</strong></span> 
     </span>
     <span class='ocr_line' id='line_1_100' title="bbox 226 3267 1306 3312; baseline -0.001 -10"><span class='ocrx_word' id='word_1_942' title='bbox 226 3273 342 3302; x_wconf 83' lang='lat' dir='ltr'><strong>tantur</strong></span> <span class='ocrx_word' id='word_1_943' title='bbox 365 3268 475 3302; x_wconf 88' lang='lat' dir='ltr'><strong>salvae</strong></span> <span class='ocrx_word' id='word_1_944' title='bbox 498 3280 518 3304; x_wconf 81' lang='grc' dir='ltr'><strong>ς</strong></span> <span class='ocrx_word' id='word_1_945' title='bbox 543 3267 557 3312; x_wconf 77' lang='grc' dir='ltr'><strong>ΙΙ</strong></span> <span class='ocrx_word' id='word_1_946' title='bbox 586 3269 629 3302; x_wconf 87' lang='grc'><strong>34</strong></span> <span class='ocrx_word' id='word_1_947' title='bbox 653 3268 867 3310; x_wconf 83' lang='grc' dir='ltr'><strong><em>συμβαίνειν</em></strong></span> <span class='ocrx_word' id='word_1_948' title='bbox 893 3267 1090 3311; x_wconf 80' lang='lat' dir='ltr'><strong>Hombequ]</strong></span> <span class='ocrx_word' id='word_1_949' title='bbox 1116 3270 1306 3311; x_wconf 81' lang='grc' dir='ltr'><strong><em>συμβαίνει</em></strong></span> 
     </span>
     <span class='ocr_line' id='line_1_101' title="bbox 227 3312 759 3358; baseline -0.009 -9"><span class='ocrx_word' id='word_1_950' title='bbox 227 3315 288 3351; x_wconf 58' lang='lat' dir='ltr'><strong>Mc</strong></span> <span class='ocrx_word' id='word_1_951' title='bbox 311 3315 324 3358; x_wconf 80' lang='lat' dir='ltr'>u</span> <span class='ocrx_word' id='word_1_952' title='bbox 347 3316 386 3348; x_wconf 83' lang='lat'><strong>37</strong></span> <span class='ocrx_word' id='word_1_953' title='bbox 412 3315 534 3358; x_wconf 80' lang='grc' dir='ltr'><strong><em>πέρας]</em></strong></span> <span class='ocrx_word' id='word_1_954' title='bbox 558 3312 716 3346; x_wconf 85' lang='lat' dir='ltr'><strong>terminos</strong></span> <span class='ocrx_word' id='word_1_955' title='bbox 739 3323 759 3348; x_wconf 83' lang='grc' dir='ltr'><strong><em>ς</em></strong></span> 
     </span>
    </p>
   </div>
   <div class='ocr_carea' id='block_1_28' title="bbox 227 3445 1304 3716">
    <p class='ocr_par' dir='ltr' id='par_1_28' title="bbox 227 3445 1304 3716">
     <span class='ocr_line' id='line_1_102' title="bbox 297 3445 1303 3491; baseline -0.003 -10"><span class='ocrx_word' id='word_1_956' title='bbox 297 3452 313 3483; x_wconf 96' lang='grc'>1</span> <span class='ocrx_word' id='word_1_957' title='bbox 339 3452 448 3481; x_wconf 85' lang='lat' dir='ltr'><strong>nostre</strong></span> <span class='ocrx_word' id='word_1_958' title='bbox 471 3447 628 3491; x_wconf 80' lang='lat' dir='ltr'><strong>potestati</strong></span> <span class='ocrx_word' id='word_1_959' title='bbox 650 3457 740 3480; x_wconf 84' lang='lat' dir='ltr'><strong>sacre</strong></span> <span class='ocrx_word' id='word_1_960' title='bbox 764 3446 797 3479; x_wconf 75' lang='lat' dir='ltr'><em>R</em></span> <span class='ocrx_word' id='word_1_961' title='bbox 819 3445 831 3490; x_wconf 92' lang='grc' dir='ltr'><strong>ΙΙ</strong></span> <span class='ocrx_word' id='word_1_962' title='bbox 861 3447 881 3479; x_wconf 91' lang='grc'><strong>2</strong></span> <span class='ocrx_word' id='word_1_963' title='bbox 906 3448 949 3487; x_wconf 84' lang='lat' dir='ltr'><strong>et]</strong></span> <span class='ocrx_word' id='word_1_964' title='bbox 975 3447 1073 3479; x_wconf 78' lang='lat' dir='ltr'><strong>etiam</strong></span> <span class='ocrx_word' id='word_1_965' title='bbox 1098 3446 1131 3479; x_wconf 83' lang='lat' dir='ltr'><strong><em>R</em></strong></span> <span class='ocrx_word' id='word_1_966' title='bbox 1156 3447 1168 3489; x_wconf 76' lang='grc' dir='ltr'><strong>Ι]</strong></span> <span class='ocrx_word' id='word_1_967' title='bbox 1195 3447 1303 3489; x_wconf 82' lang='lat' dir='ltr'><strong>expla-</strong></span> 
     </span>
     <span class='ocr_line' id='line_1_103' title="bbox 227 3490 1303 3537; baseline -0.003 -10"><span class='ocrx_word' id='word_1_968' title='bbox 227 3497 344 3527; x_wconf 87' lang='lat' dir='ltr'><strong>nantes</strong></span> <span class='ocrx_word' id='word_1_969' title='bbox 370 3495 402 3527; x_wconf 87' lang='lat' dir='ltr'><em>T</em></span> <span class='ocrx_word' id='word_1_970' title='bbox 415 3494 427 3537; x_wconf 77' lang='grc' dir='ltr'><strong>ΙΙ</strong></span> <span class='ocrx_word' id='word_1_971' title='bbox 452 3494 531 3536; x_wconf 89' lang='lat' dir='ltr'><strong>quia</strong></span> <span class='ocrx_word' id='word_1_972' title='bbox 554 3493 596 3533; x_wconf 87' lang='lat' dir='ltr'><strong>V]</strong></span> <span class='ocrx_word' id='word_1_973' title='bbox 622 3492 681 3534; x_wconf 89' lang='lat' dir='ltr'><strong>qui</strong></span> <span class='ocrx_word' id='word_1_974' title='bbox 697 3492 730 3524; x_wconf 90' lang='lat' dir='ltr'><em>R</em></span> <span class='ocrx_word' id='word_1_975' title='bbox 754 3491 842 3533; x_wconf 86' lang='lat' dir='ltr'><strong>quod</strong></span> <span class='ocrx_word' id='word_1_976' title='bbox 861 3491 987 3534; x_wconf 79' lang='lat' dir='ltr'><strong>Tvulq.</strong></span> <span class='ocrx_word' id='word_1_977' title='bbox 1006 3490 1018 3535; x_wconf 87' lang='grc' dir='ltr'><strong>ΙΙ</strong></span> <span class='ocrx_word' id='word_1_978' title='bbox 1045 3494 1303 3533; x_wconf 85' lang='lat' dir='ltr'><strong>consueuerunt]</strong></span> 
     </span>
     <span class='ocr_line' id='line_1_104' title="bbox 228 3536 1303 3579; baseline -0.002 -7"><span class='ocrx_word' id='word_1_979' title='bbox 228 3544 432 3572; x_wconf 87' lang='lat' dir='ltr'><strong>consuerunt</strong></span> <span class='ocrx_word' id='word_1_980' title='bbox 458 3540 488 3572; x_wconf 89' lang='lat' dir='ltr'><em>T</em></span> <span class='ocrx_word' id='word_1_981' title='bbox 497 3539 518 3579; x_wconf 88' lang='lat'><strong>¹,</strong></span> <span class='ocrx_word' id='word_1_982' title='bbox 543 3552 599 3571; x_wconf 86' lang='lat' dir='ltr'><strong>om.</strong></span> <span class='ocrx_word' id='word_1_983' title='bbox 622 3538 672 3571; x_wconf 85' lang='lat' dir='ltr'><strong>V¹</strong></span> <span class='ocrx_word' id='word_1_984' title='bbox 697 3539 730 3570; x_wconf 85' lang='lat' dir='ltr'><strong>in</strong></span> <span class='ocrx_word' id='word_1_985' title='bbox 755 3544 838 3579; x_wconf 79' lang='lat' dir='ltr'><strong>spat.</strong></span> <span class='ocrx_word' id='word_1_986' title='bbox 854 3538 874 3570; x_wconf 83' lang='lat'>3</span> <span class='ocrx_word' id='word_1_987' title='bbox 900 3538 957 3569; x_wconf 82' lang='lat' dir='ltr'><strong>litt.</strong></span> <span class='ocrx_word' id='word_1_988' title='bbox 976 3536 988 3579; x_wconf 86' lang='grc' dir='ltr'><strong>ΙΙ</strong></span> <span class='ocrx_word' id='word_1_989' title='bbox 1007 3538 1026 3570; x_wconf 90' lang='grc'><strong>3</strong></span> <span class='ocrx_word' id='word_1_990' title='bbox 1051 3537 1247 3569; x_wconf 88' lang='lat' dir='ltr'><strong>nauclericis</strong></span> <span class='ocrx_word' id='word_1_991' title='bbox 1273 3538 1303 3570; x_wconf 82' lang='lat' dir='ltr'><em>R</em></span> 
     </span>
     <span class='ocr_line' id='line_1_105' title="bbox 228 3583 1302 3627; baseline -0.002 -10"><span class='ocrx_word' id='word_1_992' title='bbox 228 3584 417 3617; x_wconf 86' lang='lat' dir='ltr'><strong>naucheriis</strong></span> <span class='ocrx_word' id='word_1_993' title='bbox 434 3585 464 3617; x_wconf 94' lang='lat' dir='ltr'><em>T</em></span> <span class='ocrx_word' id='word_1_994' title='bbox 479 3585 491 3627; x_wconf 73' lang='lat' dir='ltr'>u</span> <span class='ocrx_word' id='word_1_995' title='bbox 506 3594 625 3616; x_wconf 88' lang='lat' dir='ltr'><strong>aurum</strong></span> <span class='ocrx_word' id='word_1_996' title='bbox 640 3583 701 3624; x_wconf 64' lang='lat'><strong>2⁷²]</strong></span> <span class='ocrx_word' id='word_1_997' title='bbox 725 3584 785 3615; x_wconf 85' lang='lat' dir='ltr'><strong>aut</strong></span> <span class='ocrx_word' id='word_1_998' title='bbox 808 3592 922 3614; x_wconf 85' lang='lat' dir='ltr'><strong>eorum</strong></span> <span class='ocrx_word' id='word_1_999' title='bbox 946 3583 1071 3622; x_wconf 87' lang='lat' dir='ltr'><strong>(eorum</strong></span> <span class='ocrx_word' id='word_1_1000' title='bbox 1093 3595 1151 3615; x_wconf 83' lang='lat' dir='ltr'><strong>om.</strong></span> <span class='ocrx_word' id='word_1_1001' title='bbox 1170 3583 1201 3615; x_wconf 83' lang='lat' dir='ltr'><strong>in</strong></span> <span class='ocrx_word' id='word_1_1002' title='bbox 1218 3590 1302 3626; x_wconf 75' lang='lat' dir='ltr'><strong>spat.</strong></span> 
     </span>
     <span class='ocr_line' id='line_1_106' title="bbox 227 3626 1304 3672; baseline -0.002 -11"><span class='ocrx_word' id='word_1_1003' title='bbox 227 3642 297 3662; x_wconf 83' lang='lat' dir='ltr'><strong>vac.</strong></span> <span class='ocrx_word' id='word_1_1004' title='bbox 321 3630 380 3670; x_wconf 69' lang='lat'><strong>17¹)</strong></span> <span class='ocrx_word' id='word_1_1005' title='bbox 405 3629 480 3662; x_wconf 83' lang='lat' dir='ltr'><strong>RV</strong></span> <span class='ocrx_word' id='word_1_1006' title='bbox 498 3631 556 3661; x_wconf 83' lang='lat' dir='ltr'><strong>aut</strong></span> <span class='ocrx_word' id='word_1_1007' title='bbox 580 3638 691 3661; x_wconf 84' lang='lat' dir='ltr'><strong>earum</strong></span> <span class='ocrx_word' id='word_1_1008' title='bbox 718 3628 749 3661; x_wconf 83' lang='lat' dir='ltr'><em>T</em></span> <span class='ocrx_word' id='word_1_1009' title='bbox 758 3630 764 3647; x_wconf 90' lang='lat'>¹</span> <span class='ocrx_word' id='word_1_1010' title='bbox 784 3626 796 3671; x_wconf 91' lang='grc' dir='ltr'><strong>ΙΙ</strong></span> <span class='ocrx_word' id='word_1_1011' title='bbox 821 3629 842 3661; x_wconf 83' lang='grc'><strong>6</strong></span> <span class='ocrx_word' id='word_1_1012' title='bbox 866 3626 919 3659; x_wconf 87' lang='lat' dir='ltr'><strong>lex</strong></span> <span class='ocrx_word' id='word_1_1013' title='bbox 944 3639 1001 3659; x_wconf 82' lang='lat' dir='ltr'><strong>om.</strong></span> <span class='ocrx_word' id='word_1_1014' title='bbox 1025 3627 1072 3660; x_wconf 85' lang='lat' dir='ltr'><strong>V¹</strong></span> <span class='ocrx_word' id='word_1_1015' title='bbox 1090 3629 1121 3660; x_wconf 84' lang='lat' dir='ltr'><strong>in</strong></span> <span class='ocrx_word' id='word_1_1016' title='bbox 1139 3640 1187 3671; x_wconf 79' lang='lat' dir='ltr'><strong>sp.</strong></span> <span class='ocrx_word' id='word_1_1017' title='bbox 1205 3640 1275 3660; x_wconf 85' lang='lat' dir='ltr'><strong>vac.</strong></span> <span class='ocrx_word' id='word_1_1018' title='bbox 1292 3626 1304 3672; x_wconf 76' lang='lat' dir='ltr'>ss</span> 
     </span>
     <span class='ocr_line' id='line_1_107' title="bbox 229 3671 1300 3716; baseline 0 -11"><span class='ocrx_word' id='word_1_1019' title='bbox 229 3674 487 3706; x_wconf 72' lang='lat' dir='ltr'><strong>trahilnaectutia</strong></span> <span class='ocrx_word' id='word_1_1020' title='bbox 513 3675 544 3706; x_wconf 85' lang='lat' dir='ltr'><em>T</em></span> <span class='ocrx_word' id='word_1_1021' title='bbox 552 3674 561 3693; x_wconf 92' lang='lat'><strong>¹</strong></span> <span class='ocrx_word' id='word_1_1022' title='bbox 585 3673 598 3716; x_wconf 90' lang='grc' dir='ltr'><strong>ΙΙ</strong></span> <span class='ocrx_word' id='word_1_1023' title='bbox 625 3676 642 3706; x_wconf 77' lang='grc' dir='ltr'><strong>’ἲ</strong></span> <span class='ocrx_word' id='word_1_1024' title='bbox 669 3673 726 3713; x_wconf 71' lang='lat' dir='ltr'><strong>cis]</strong></span> <span class='ocrx_word' id='word_1_1025' title='bbox 753 3683 791 3704; x_wconf 84' lang='lat' dir='ltr'><strong>cx</strong></span> <span class='ocrx_word' id='word_1_1026' title='bbox 816 3671 862 3703; x_wconf 77' lang='lat' dir='ltr'><strong>eis</strong></span> <span class='ocrx_word' id='word_1_1027' title='bbox 886 3671 938 3715; x_wconf 72' lang='lat' dir='ltr'><strong>Vl}</strong></span> <span class='ocrx_word' id='word_1_1028' title='bbox 965 3674 1128 3713; x_wconf 81' lang='lat' dir='ltr'><strong>oportere]</strong></span> <span class='ocrx_word' id='word_1_1029' title='bbox 1154 3675 1186 3705; x_wconf 87' lang='lat' dir='ltr'><strong>et</strong></span> <span class='ocrx_word' id='word_1_1030' title='bbox 1207 3684 1300 3716; x_wconf 81' lang='lat' dir='ltr'><strong>opor-</strong></span> 
     </span>
    </p>
   </div>
   <div class='ocr_carea' id='block_1_29' title="bbox 1372 2815 2498 3174">
    <p class='ocr_par' dir='ltr' id='par_1_29' title="bbox 1372 2815 2498 3174">
     <span class='ocr_line' id='line_1_108' title="bbox 1372 2815 2447 2862; baseline 0 -11"><span class='ocrx_word' id='word_1_1031' title='bbox 1372 2821 1443 2851; x_wconf 85' lang='lat' dir='ltr'><strong>tere</strong></span> <span class='ocrx_word' id='word_1_1032' title='bbox 1455 2818 1549 2852; x_wconf 87' lang='lat' dir='ltr'><strong>Beck</strong></span> <span class='ocrx_word' id='word_1_1033' title='bbox 1567 2818 1580 2862; x_wconf 86' lang='grc' dir='ltr'><strong>ΙΙ</strong></span> <span class='ocrx_word' id='word_1_1034' title='bbox 1597 2819 1616 2852; x_wconf 90' lang='grc'>8</span> <span class='ocrx_word' id='word_1_1035' title='bbox 1637 2818 1721 2859; x_wconf 83' lang='lat' dir='ltr'><strong>fieri]</strong></span> <span class='ocrx_word' id='word_1_1036' title='bbox 1746 2818 1801 2851; x_wconf 85' lang='lat' dir='ltr'><strong>uel</strong></span> <span class='ocrx_word' id='word_1_1037' title='bbox 1821 2817 1893 2850; x_wconf 88' lang='lat' dir='ltr'><strong>ficri</strong></span> <span class='ocrx_word' id='word_1_1038' title='bbox 1914 2817 1970 2862; x_wconf 73' lang='lat' dir='ltr'><strong>Vn</strong></span> <span class='ocrx_word' id='word_1_1039' title='bbox 1987 2817 2192 2850; x_wconf 81' lang='lat' dir='ltr'><strong>manifestari</strong></span> <span class='ocrx_word' id='word_1_1040' title='bbox 2207 2816 2258 2850; x_wconf 60' lang='grc' dir='ltr'><strong>Β*</strong></span> <span class='ocrx_word' id='word_1_1041' title='bbox 2272 2815 2285 2861; x_wconf 75' lang='lat' dir='ltr'>fl</span> <span class='ocrx_word' id='word_1_1042' title='bbox 2303 2818 2324 2851; x_wconf 84' lang='lat'><strong>9</strong></span> <span class='ocrx_word' id='word_1_1043' title='bbox 2340 2817 2374 2849; x_wconf 85' lang='lat' dir='ltr'><strong>et</strong></span> <span class='ocrx_word' id='word_1_1044' title='bbox 2390 2829 2447 2851; x_wconf 74' lang='lat' dir='ltr'><strong>om.</strong></span> 
     </span>
     <span class='ocr_line' id='line_1_109' title="bbox 1373 2861 2450 2906; baseline -0.001 -11"><span class='ocrx_word' id='word_1_1045' title='bbox 1373 2863 1489 2906; x_wconf 71' lang='lat' dir='ltr'><em>R¹T11</em></span> <span class='ocrx_word' id='word_1_1046' title='bbox 1506 2863 1543 2895; x_wconf 90' lang='lat' dir='ltr'><strong>in</strong></span> <span class='ocrx_word' id='word_1_1047' title='bbox 1567 2863 1630 2895; x_wconf 92' lang='lat' dir='ltr'><strong>hoc</strong></span> <span class='ocrx_word' id='word_1_1048' title='bbox 1654 2863 1761 2896; x_wconf 86' lang='lat' dir='ltr'><strong>om.R</strong></span> <span class='ocrx_word' id='word_1_1049' title='bbox 1775 2864 1788 2906; x_wconf 88' lang='grc' dir='ltr'><strong>ΙΙ</strong></span> <span class='ocrx_word' id='word_1_1050' title='bbox 1806 2862 2014 2905; x_wconf 85' lang='lat' dir='ltr'><strong>praecederet</strong></span> <span class='ocrx_word' id='word_1_1051' title='bbox 2036 2861 2093 2906; x_wconf 81' lang='grc' dir='ltr'><strong>ΤΙΙ</strong></span> <span class='ocrx_word' id='word_1_1052' title='bbox 2120 2864 2157 2896; x_wconf 89' lang='grc'><strong>11</strong></span> <span class='ocrx_word' id='word_1_1053' title='bbox 2185 2861 2374 2903; x_wconf 76' lang='lat' dir='ltr'><strong>delegantes</strong></span> <span class='ocrx_word' id='word_1_1054' title='bbox 2397 2861 2450 2895; x_wconf 83' lang='lat' dir='ltr'><strong>T²</strong></span> 
     </span>
     <span class='ocr_line' id='line_1_110' title="bbox 1372 2905 2450 2951; baseline 0 -11"><span class='ocrx_word' id='word_1_1055' title='bbox 1372 2907 1415 2940; x_wconf 86' lang='lat' dir='ltr'><strong>al.</strong></span> <span class='ocrx_word' id='word_1_1056' title='bbox 1434 2907 1639 2941; x_wconf 83' lang='lat' dir='ltr'><strong>declarantes</strong></span> <span class='ocrx_word' id='word_1_1057' title='bbox 1662 2908 1712 2941; x_wconf 83' lang='lat' dir='ltr'><strong>R²</strong></span> <span class='ocrx_word' id='word_1_1058' title='bbox 1728 2910 1760 2941; x_wconf 85' lang='lat' dir='ltr'><strong>in</strong></span> <span class='ocrx_word' id='word_1_1059' title='bbox 1778 2920 1881 2951; x_wconf 77' lang='lat' dir='ltr'><strong>mar-9.</strong></span> <span class='ocrx_word' id='word_1_1060' title='bbox 1907 2907 1919 2951; x_wconf 91' lang='grc' dir='ltr'><strong>ΙΙ</strong></span> <span class='ocrx_word' id='word_1_1061' title='bbox 1943 2909 2116 2950; x_wconf 80' lang='lat' dir='ltr'><strong>cognoscet</strong></span> <span class='ocrx_word' id='word_1_1062' title='bbox 2138 2907 2171 2940; x_wconf 89' lang='lat' dir='ltr'><strong><em>V</em></strong></span> <span class='ocrx_word' id='word_1_1063' title='bbox 2186 2905 2199 2949; x_wconf 87' lang='grc' dir='ltr'><strong>ΙΙ</strong></span> <span class='ocrx_word' id='word_1_1064' title='bbox 2231 2907 2272 2941; x_wconf 85' lang='grc'>13</span> <span class='ocrx_word' id='word_1_1065' title='bbox 2294 2916 2361 2948; x_wconf 85' lang='lat' dir='ltr'><strong>quo</strong></span> <span class='ocrx_word' id='word_1_1066' title='bbox 2386 2906 2418 2940; x_wconf 86' lang='lat' dir='ltr'><em>T</em></span> <span class='ocrx_word' id='word_1_1067' title='bbox 2437 2905 2450 2950; x_wconf 78' lang='grc' dir='ltr'><strong>ΙΙ</strong></span> 
     </span>
     <span class='ocr_line' id='line_1_111' title="bbox 1375 2951 2449 2997; baseline -0.003 -10"><span class='ocrx_word' id='word_1_1068' title='bbox 1375 2955 1417 2987; x_wconf 86' lang='grc'>14</span> <span class='ocrx_word' id='word_1_1069' title='bbox 1440 2955 1565 2995; x_wconf 79' lang='lat' dir='ltr'><strong>tuaque</strong></span> <span class='ocrx_word' id='word_1_1070' title='bbox 1587 2952 1696 2995; x_wconf 87' lang='lat' dir='ltr'><strong>gloria</strong></span> <span class='ocrx_word' id='word_1_1071' title='bbox 1714 2951 1769 2997; x_wconf 75' lang='lat' dir='ltr'><strong>Tss</strong></span> <span class='ocrx_word' id='word_1_1072' title='bbox 1791 2952 1912 2985; x_wconf 81' lang='lat' dir='ltr'><strong>iussam</strong></span> <span class='ocrx_word' id='word_1_1073' title='bbox 1932 2954 2029 2995; x_wconf 73' lang='lat' dir='ltr'><strong>cuiq]</strong></span> <span class='ocrx_word' id='word_1_1074' title='bbox 2053 2952 2143 2984; x_wconf 82' lang='lat' dir='ltr'><strong>iussa</strong></span> <span class='ocrx_word' id='word_1_1075' title='bbox 2169 2951 2247 2984; x_wconf 83' lang='lat' dir='ltr'><strong>libri</strong></span> <span class='ocrx_word' id='word_1_1076' title='bbox 2261 2952 2274 2991; x_wconf 84' lang='grc' dir='ltr'><strong>ΙΙ</strong></span> <span class='ocrx_word' id='word_1_1077' title='bbox 2300 2953 2341 2985; x_wconf 84' lang='grc'>15</span> <span class='ocrx_word' id='word_1_1078' title='bbox 2366 2961 2449 2984; x_wconf 79' lang='lat' dir='ltr'><strong>nau-</strong></span> 
     </span>
     <span class='ocr_line' id='line_1_112' title="bbox 1373 2995 2498 3040; baseline -0.001 -10"><span class='ocrx_word' id='word_1_1079' title='bbox 1373 2997 1471 3031; x_wconf 86' lang='lat' dir='ltr'><strong>cleris</strong></span> <span class='ocrx_word' id='word_1_1080' title='bbox 1494 2998 1572 3030; x_wconf 83' lang='lat' dir='ltr'><strong>RV</strong></span> <span class='ocrx_word' id='word_1_1081' title='bbox 1590 2999 1603 3040; x_wconf 83' lang='grc' dir='ltr'><strong>ΙΙ</strong></span> <span class='ocrx_word' id='word_1_1082' title='bbox 1625 3000 1740 3030; x_wconf 89' lang='lat' dir='ltr'><strong>mutue</strong></span> <span class='ocrx_word' id='word_1_1083' title='bbox 1762 2997 1814 3030; x_wconf 74' lang='lat' dir='ltr'><strong>V‘*</strong></span> <span class='ocrx_word' id='word_1_1084' title='bbox 1836 2997 1848 3040; x_wconf 89' lang='grc' dir='ltr'><strong>ΙΙ</strong></span> <span class='ocrx_word' id='word_1_1085' title='bbox 1877 2998 1918 3031; x_wconf 88' lang='grc'>16</span> <span class='ocrx_word' id='word_1_1086' title='bbox 1941 2996 2178 3038; x_wconf 79' lang='lat' dir='ltr'><strong>interrogasses</strong></span> <span class='ocrx_word' id='word_1_1087' title='bbox 2202 2995 2252 3030; x_wconf 66' lang='grc' dir='ltr'><strong>Β*</strong></span> <span class='ocrx_word' id='word_1_1088' title='bbox 2274 2995 2287 3039; x_wconf 95' lang='grc' dir='ltr'><strong>ΙΙ</strong></span> <span class='ocrx_word' id='word_1_1089' title='bbox 2311 3006 2448 3030; x_wconf 81' lang='lat' dir='ltr'><strong>consue·</strong></span> <span class='ocrx_word' id='word_1_1090' title='bbox 2494 3018 2498 3034; x_wconf 75' lang='grc'><em>;</em></span> 
     </span>
     <span class='ocr_line' id='line_1_113' title="bbox 1372 3039 2450 3086; baseline -0.001 -11"><span class='ocrx_word' id='word_1_1091' title='bbox 1372 3043 1455 3075; x_wconf 88' lang='lat' dir='ltr'><strong>tudo</strong></span> <span class='ocrx_word' id='word_1_1092' title='bbox 1478 3043 1618 3083; x_wconf 87' lang='lat' dir='ltr'><strong>antiqua</strong></span> <span class='ocrx_word' id='word_1_1093' title='bbox 1643 3043 1676 3075; x_wconf 89' lang='lat' dir='ltr'><em>T</em></span> <span class='ocrx_word' id='word_1_1094' title='bbox 1694 3041 1707 3086; x_wconf 84' lang='grc' dir='ltr'><strong>ΙΙ</strong></span> <span class='ocrx_word' id='word_1_1095' title='bbox 1733 3044 1771 3076; x_wconf 86' lang='grc'>17</span> <span class='ocrx_word' id='word_1_1096' title='bbox 1796 3041 2016 3074; x_wconf 83' lang='lat' dir='ltr'><strong>*testimonio</strong></span> <span class='ocrx_word' id='word_1_1097' title='bbox 2041 3039 2147 3085; x_wconf 75' lang='lat' dir='ltr'><strong>libriss</strong></span> <span class='ocrx_word' id='word_1_1098' title='bbox 2170 3042 2211 3075; x_wconf 85' lang='grc'>18</span> <span class='ocrx_word' id='word_1_1099' title='bbox 2236 3051 2339 3074; x_wconf 86' lang='lat' dir='ltr'><strong>uanos</strong></span> <span class='ocrx_word' id='word_1_1100' title='bbox 2364 3041 2415 3074; x_wconf 78' lang='lat' dir='ltr'><strong>T·</strong></span> <span class='ocrx_word' id='word_1_1101' title='bbox 2437 3043 2450 3084; x_wconf 78' lang='grc' dir='ltr'>Ι</span> 
     </span>
     <span class='ocr_line' id='line_1_114' title="bbox 1372 3084 2449 3130; baseline 0 -10"><span class='ocrx_word' id='word_1_1102' title='bbox 1372 3090 1563 3120; x_wconf 82' lang='lat' dir='ltr'><strong>mutuarum</strong></span> <span class='ocrx_word' id='word_1_1103' title='bbox 1590 3087 1639 3120; x_wconf 78' lang='grc' dir='ltr'><strong>Τι</strong></span> <span class='ocrx_word' id='word_1_1104' title='bbox 1668 3087 1681 3130; x_wconf 78' lang='grc'>11</span> <span class='ocrx_word' id='word_1_1105' title='bbox 1713 3089 1753 3121; x_wconf 88' lang='grc'>19</span> <span class='ocrx_word' id='word_1_1106' title='bbox 1777 3086 2013 3130; x_wconf 86' lang='lat' dir='ltr'><strong>peccuniarum</strong></span> <span class='ocrx_word' id='word_1_1107' title='bbox 2036 3084 2152 3119; x_wconf 85' lang='lat' dir='ltr'><strong>solidis</strong></span> <span class='ocrx_word' id='word_1_1108' title='bbox 2177 3086 2209 3119; x_wconf 82' lang='lat' dir='ltr'><strong><em>T</em></strong></span> <span class='ocrx_word' id='word_1_1109' title='bbox 2234 3084 2247 3130; x_wconf 85' lang='grc' dir='ltr'><strong>ΙΙ</strong></span> <span class='ocrx_word' id='word_1_1110' title='bbox 2275 3087 2315 3120; x_wconf 88' lang='grc'><strong>21</strong></span> <span class='ocrx_word' id='word_1_1111' title='bbox 2341 3095 2449 3128; x_wconf 79' lang='lat' dir='ltr'><strong>neque</strong></span> 
     </span>
     <span class='ocr_line' id='line_1_115' title="bbox 1373 3130 2448 3174; baseline -0.001 -9"><span class='ocrx_word' id='word_1_1112' title='bbox 1373 3132 1479 3173; x_wconf 86' lang='lat' dir='ltr'><strong>Beck]</strong></span> <span class='ocrx_word' id='word_1_1113' title='bbox 1504 3142 1588 3174; x_wconf 88' lang='lat' dir='ltr'><strong>quae</strong></span> <span class='ocrx_word' id='word_1_1114' title='bbox 1614 3132 1691 3165; x_wconf 82' lang='lat' dir='ltr'><strong>libri</strong></span> <span class='ocrx_word' id='word_1_1115' title='bbox 1711 3131 1724 3174; x_wconf 82' lang='grc' dir='ltr'><strong>ΙΙ</strong></span> <span class='ocrx_word' id='word_1_1116' title='bbox 1743 3131 1900 3173; x_wconf 85' lang='lat' dir='ltr'><strong>praebere</strong></span> <span class='ocrx_word' id='word_1_1117' title='bbox 1923 3131 2028 3172; x_wconf 85' lang='lat' dir='ltr'><strong>Beck]</strong></span> <span class='ocrx_word' id='word_1_1118' title='bbox 2051 3130 2224 3173; x_wconf 87' lang='lat' dir='ltr'><strong>praeberet</strong></span> <span class='ocrx_word' id='word_1_1119' title='bbox 2244 3130 2290 3164; x_wconf 88' lang='lat' dir='ltr'><strong>T¹</strong></span> <span class='ocrx_word' id='word_1_1120' title='bbox 2313 3130 2448 3174; x_wconf 81' lang='lat' dir='ltr'><strong>praebe·</strong></span> 
     </span>
    </p>
   </div>
   <div class='ocr_carea' id='block_1_30' title="bbox 1372 3174 2509 3266">
    <p class='ocr_par' dir='ltr' id='par_1_30' title="bbox 1372 3174 2509 3266">
     <span class='ocr_line' id='line_1_116' title="bbox 1372 3174 2502 3266; baseline -0.001 -57"><span class='ocrx_word' id='word_1_1121' title='bbox 1372 3179 1448 3210; x_wconf 87' lang='lat' dir='ltr'><strong>rent</strong></span> <span class='ocrx_word' id='word_1_1122' title='bbox 1464 3175 1587 3209; x_wconf 82' lang='lat' dir='ltr'><em>RVT²</em></span> <span class='ocrx_word' id='word_1_1123' title='bbox 1601 3175 1613 3220; x_wconf 89' lang='grc' dir='ltr'><strong>ΙΙ</strong></span> <span class='ocrx_word' id='word_1_1124' title='bbox 1641 3177 1683 3210; x_wconf 88' lang='grc'><strong>22</strong></span> <span class='ocrx_word' id='word_1_1125' title='bbox 1707 3186 1744 3209; x_wconf 83' lang='lat' dir='ltr'><strong>eo</strong></span> <span class='ocrx_word' id='word_1_1126' title='bbox 1769 3189 1826 3209; x_wconf 86' lang='lat' dir='ltr'><strong>om.</strong></span> <span class='ocrx_word' id='word_1_1127' title='bbox 1844 3177 1875 3209; x_wconf 91' lang='lat' dir='ltr'><em>T</em></span> <span class='ocrx_word' id='word_1_1128' title='bbox 1894 3178 1907 3220; x_wconf 72' lang='grc' dir='ltr'><strong>ΙΙ</strong></span> <span class='ocrx_word' id='word_1_1129' title='bbox 1930 3175 2120 3209; x_wconf 84' lang='lat' dir='ltr'><strong>teolenariis</strong></span> <span class='ocrx_word' id='word_1_1130' title='bbox 2141 3176 2175 3209; x_wconf 87' lang='lat' dir='ltr'><strong><em>V</em></strong></span> <span class='ocrx_word' id='word_1_1131' title='bbox 2190 3175 2374 3266; x_wconf 45' lang='grc' dir='ltr'><strong><em>ιεῙοιιατέἑιὲ</em></strong></span> <span class='ocrx_word' id='word_1_1132' title='bbox 2384 3174 2453 3262; x_wconf 61' lang='lat' dir='ltr'><strong>Rffl&#39;</strong></span> <span class='ocrx_word' id='word_1_1133' title='bbox 2499 3179 2502 3188; x_wconf 87' lang='grc'><em>“</em></span> 
     </span>
     <span class='ocr_line' id='line_1_117' title="bbox 2373 3231 2509 3265; baseline 0 0"><span class='ocrx_word' id='word_1_1134' title='bbox 2373 3231 2435 3265; x_wconf 75' lang='lat'><strong>9⁶¹¹</strong></span> <span class='ocrx_word' id='word_1_1135' title='bbox 2505 3264 2509 3265; x_wconf 20' lang='grc' dir='ltr'><strong><em>ι</em></strong></span> 
     </span>
    </p>
   </div>
   <div class='ocr_carea' id='block_1_31' title="bbox 1372 3221 2312 3264">
    <p class='ocr_par' dir='ltr' id='par_1_31' title="bbox 1372 3221 2312 3264">
     <span class='ocr_line' id='line_1_118' title="bbox 1372 3221 2312 3264; baseline -0.001 -9"><span class='ocrx_word' id='word_1_1136' title='bbox 1372 3221 1559 3255; x_wconf 85' lang='lat' dir='ltr'><strong>teloniariis</strong></span> <span class='ocrx_word' id='word_1_1137' title='bbox 1582 3222 1666 3264; x_wconf 74' lang='lat' dir='ltr'><strong>vulq.</strong></span> <span class='ocrx_word' id='word_1_1138' title='bbox 1686 3221 1698 3262; x_wconf 88' lang='grc' dir='ltr'><strong>ΙΙ</strong></span> <span class='ocrx_word' id='word_1_1139' title='bbox 1714 3221 1840 3254; x_wconf 79' lang='lat' dir='ltr'><strong>telonio</strong></span> <span class='ocrx_word' id='word_1_1140' title='bbox 1863 3221 1949 3264; x_wconf 73' lang='lat' dir='ltr'><strong>vuly.</strong></span> <span class='ocrx_word' id='word_1_1141' title='bbox 1968 3221 1980 3264; x_wconf 88' lang='grc' dir='ltr'><strong>ΙΙ</strong></span> <span class='ocrx_word' id='word_1_1142' title='bbox 1999 3222 2040 3254; x_wconf 83' lang='grc'><strong>23</strong></span> <span class='ocrx_word' id='word_1_1143' title='bbox 2065 3231 2177 3254; x_wconf 77' lang='lat' dir='ltr'><strong>earum</strong></span> <span class='ocrx_word' id='word_1_1144' title='bbox 2206 3221 2312 3254; x_wconf 79' lang='lat' dir='ltr'><strong>Osenb</strong></span> 
     </span>
    </p>
   </div>
   <div class='ocr_carea' id='block_1_32' title="bbox 1373 3264 2447 3310">
    <p class='ocr_par' dir='ltr' id='par_1_32' title="bbox 1373 3264 2447 3310">
     <span class='ocr_line' id='line_1_119' title="bbox 1373 3264 2447 3310; baseline 0 -11"><span class='ocrx_word' id='word_1_1145' title='bbox 1373 3269 1407 3299; x_wconf 86' lang='lat' dir='ltr'><strong>et</strong></span> <span class='ocrx_word' id='word_1_1146' title='bbox 1425 3276 1543 3299; x_wconf 87' lang='lat' dir='ltr'><strong>aurum</strong></span> <span class='ocrx_word' id='word_1_1147' title='bbox 1562 3266 1666 3299; x_wconf 84' lang='lat' dir='ltr'><strong>RVT</strong></span> <span class='ocrx_word' id='word_1_1148' title='bbox 1685 3267 1739 3309; x_wconf 89' lang='lat' dir='ltr'><strong>(cf.</strong></span> <span class='ocrx_word' id='word_1_1149' title='bbox 1758 3267 1805 3299; x_wconf 86' lang='lat' dir='ltr'><strong>ad</strong></span> <span class='ocrx_word' id='word_1_1150' title='bbox 1819 3278 1850 3298; x_wconf 86' lang='grc' dir='ltr'><strong><em>υ.</em></strong></span> <span class='ocrx_word' id='word_1_1151' title='bbox 1865 3267 1898 3307; x_wconf 88' lang='grc'><strong>3)</strong></span> <span class='ocrx_word' id='word_1_1152' title='bbox 1923 3267 1956 3298; x_wconf 86' lang='lat' dir='ltr'><strong>et</strong></span> <span class='ocrx_word' id='word_1_1153' title='bbox 1979 3267 2095 3299; x_wconf 87' lang='lat' dir='ltr'><strong>harum</strong></span> <span class='ocrx_word' id='word_1_1154' title='bbox 2119 3267 2205 3309; x_wconf 78' lang='lat' dir='ltr'><strong>vulq.</strong></span> <span class='ocrx_word' id='word_1_1155' title='bbox 2222 3266 2234 3310; x_wconf 80' lang='grc' dir='ltr'><strong>ΙΙ</strong></span> <span class='ocrx_word' id='word_1_1156' title='bbox 2253 3267 2296 3300; x_wconf 84' lang='grc'><strong>25</strong></span> <span class='ocrx_word' id='word_1_1157' title='bbox 2320 3264 2447 3307; x_wconf 71' lang='lat' dir='ltr'><strong>aureos]</strong></span> 
     </span>
    </p>
   </div>
   <div class='ocr_carea' id='block_1_33' title="bbox 1372 3303 2510 3354">
    <p class='ocr_par' dir='ltr' id='par_1_33' title="bbox 1372 3303 2510 3354">
     <span class='ocr_line' id='line_1_120' title="bbox 1372 3303 2510 3354; baseline 0 -9"><span class='ocrx_word' id='word_1_1158' title='bbox 1372 3311 1478 3346; x_wconf 85' lang='lat' dir='ltr'><strong>auiris</strong></span> <span class='ocrx_word' id='word_1_1159' title='bbox 1499 3310 1548 3345; x_wconf 83' lang='lat' dir='ltr'><strong>V¹</strong></span> <span class='ocrx_word' id='word_1_1160' title='bbox 1564 3310 1577 3354; x_wconf 85' lang='grc'>11</span> <span class='ocrx_word' id='word_1_1161' title='bbox 1600 3310 1780 3354; x_wconf 85' lang='lat' dir='ltr'><strong>percipere]</strong></span> <span class='ocrx_word' id='word_1_1162' title='bbox 1805 3311 1927 3353; x_wconf 88' lang='lat' dir='ltr'><strong>quippe</strong></span> <span class='ocrx_word' id='word_1_1163' title='bbox 1956 3312 2008 3353; x_wconf 82' lang='grc' dir='ltr'><strong>ΤΙΙ</strong></span> <span class='ocrx_word' id='word_1_1164' title='bbox 2036 3311 2179 3352; x_wconf 84' lang='lat' dir='ltr'><strong>*solumJ</strong></span> <span class='ocrx_word' id='word_1_1165' title='bbox 2204 3310 2349 3344; x_wconf 88' lang='lat' dir='ltr'><strong>solidum</strong></span> <span class='ocrx_word' id='word_1_1166' title='bbox 2373 3310 2451 3345; x_wconf 78' lang='lat' dir='ltr'><strong>libri</strong></span> <span class='ocrx_word' id='word_1_1167' title='bbox 2505 3303 2510 3324; x_wconf 64' lang='lat'><em>³</em></span> 
     </span>
    </p>
   </div>
   <div class='ocr_carea' id='block_1_34' title="bbox 1372 3353 2448 3715">
    <p class='ocr_par' dir='ltr' id='par_1_34' title="bbox 1372 3353 2448 3715">
     <span class='ocr_line' id='line_1_121' title="bbox 1372 3353 2448 3399; baseline 0 -10"><span class='ocrx_word' id='word_1_1168' title='bbox 1372 3358 1427 3399; x_wconf 67' lang='lat' dir='ltr'><strong>(cst</strong></span> <span class='ocrx_word' id='word_1_1169' title='bbox 1454 3357 1500 3389; x_wconf 83' lang='lat' dir='ltr'><strong>ad</strong></span> <span class='ocrx_word' id='word_1_1170' title='bbox 1523 3358 1598 3398; x_wconf 84' lang='lat'><strong>509,</strong></span> <span class='ocrx_word' id='word_1_1171' title='bbox 1612 3364 1636 3390; x_wconf 86' lang='lat'><strong>1.</strong></span> <span class='ocrx_word' id='word_1_1172' title='bbox 1654 3360 1696 3398; x_wconf 81' lang='grc' dir='ltr'><strong>ιι)</strong></span> <span class='ocrx_word' id='word_1_1173' title='bbox 1713 3356 1725 3398; x_wconf 93' lang='grc' dir='ltr'><strong>ΙΙ</strong></span> <span class='ocrx_word' id='word_1_1174' title='bbox 1743 3357 1787 3390; x_wconf 88' lang='grc'><strong>26</strong></span> <span class='ocrx_word' id='word_1_1175' title='bbox 1810 3356 2008 3389; x_wconf 86' lang='lat' dir='ltr'><strong>exeuntibus</strong></span> <span class='ocrx_word' id='word_1_1176' title='bbox 2024 3356 2111 3390; x_wconf 88' lang='lat' dir='ltr'><strong>RT¹</strong></span> <span class='ocrx_word' id='word_1_1177' title='bbox 2136 3367 2175 3389; x_wconf 86' lang='lat' dir='ltr'><strong>ex</strong></span> <span class='ocrx_word' id='word_1_1178' title='bbox 2191 3355 2346 3389; x_wconf 80' lang='lat' dir='ltr'><strong>uentibus</strong></span> <span class='ocrx_word' id='word_1_1179' title='bbox 2363 3354 2415 3389; x_wconf 75' lang='lat' dir='ltr'><strong>T·</strong></span> <span class='ocrx_word' id='word_1_1180' title='bbox 2434 3353 2448 3398; x_wconf 82' lang='grc' dir='ltr'><strong>ΙΙ</strong></span> 
     </span>
     <span class='ocr_line' id='line_1_122' title="bbox 1373 3400 2446 3446; baseline -0.003 -11"><span class='ocrx_word' id='word_1_1181' title='bbox 1373 3403 1414 3435; x_wconf 80' lang='grc' dir='ltr'><strong>2Ί</strong></span> <span class='ocrx_word' id='word_1_1182' title='bbox 1439 3411 1506 3434; x_wconf 91' lang='lat' dir='ltr'><strong>non</strong></span> <span class='ocrx_word' id='word_1_1183' title='bbox 1533 3414 1590 3434; x_wconf 85' lang='lat' dir='ltr'><strong>om.</strong></span> <span class='ocrx_word' id='word_1_1184' title='bbox 1608 3402 1640 3434; x_wconf 90' lang='lat' dir='ltr'><em>T</em></span> <span class='ocrx_word' id='word_1_1185' title='bbox 1659 3400 1671 3445; x_wconf 86' lang='grc' dir='ltr'><strong>ΙΙ</strong></span> <span class='ocrx_word' id='word_1_1186' title='bbox 1701 3400 1858 3434; x_wconf 66' lang='lat' dir='ltr'><strong>¹‘sumant</strong></span> <span class='ocrx_word' id='word_1_1187' title='bbox 1880 3403 1934 3446; x_wconf 70' lang='lat' dir='ltr'><strong>(cf.</strong></span> <span class='ocrx_word' id='word_1_1188' title='bbox 1959 3404 2090 3444; x_wconf 81' lang='lat'><strong>509‚5)]</strong></span> <span class='ocrx_word' id='word_1_1189' title='bbox 2123 3403 2280 3444; x_wconf 85' lang='lat' dir='ltr'><strong>rumpant</strong></span> <span class='ocrx_word' id='word_1_1190' title='bbox 2301 3402 2446 3446; x_wconf 68' lang='lat' dir='ltr'><strong>(rumpe-</strong></span> 
     </span>
     <span class='ocr_line' id='line_1_123' title="bbox 1373 3441 2448 3489; baseline 0.001 -11"><span class='ocrx_word' id='word_1_1191' title='bbox 1373 3449 1428 3478; x_wconf 88' lang='lat' dir='ltr'><strong>tur</strong></span> <span class='ocrx_word' id='word_1_1192' title='bbox 1442 3446 1504 3486; x_wconf 63' lang='lat'><strong>13¹)</strong></span> <span class='ocrx_word' id='word_1_1193' title='bbox 1528 3447 1597 3479; x_wconf 71' lang='grc' dir='ltr'><strong>ΕΤ</strong></span> <span class='ocrx_word' id='word_1_1194' title='bbox 1622 3449 1796 3489; x_wconf 83' lang='lat' dir='ltr'><strong>erumpant</strong></span> <span class='ocrx_word' id='word_1_1195' title='bbox 1817 3447 1953 3489; x_wconf 74' lang='lat' dir='ltr'><strong>Vvuly..</strong></span> <span class='ocrx_word' id='word_1_1196' title='bbox 1987 3449 2090 3479; x_wconf 80' lang='lat' dir='ltr'><strong>ratam</strong></span> <span class='ocrx_word' id='word_1_1197' title='bbox 2117 3446 2259 3479; x_wconf 82' lang='lat' dir='ltr'><strong>habeant</strong></span> <span class='ocrx_word' id='word_1_1198' title='bbox 2277 3445 2329 3479; x_wconf 67' lang='lat'><strong>12³</strong></span> <span class='ocrx_word' id='word_1_1199' title='bbox 2342 3458 2368 3479; x_wconf 75' lang='lat' dir='ltr'><strong>e.</strong></span> <span class='ocrx_word' id='word_1_1200' title='bbox 2382 3457 2412 3479; x_wconf 82' lang='lat' dir='ltr'><strong>v.</strong></span> <span class='ocrx_word' id='word_1_1201' title='bbox 2432 3441 2448 3488; x_wconf 81' lang='grc' dir='ltr'>Ι</span> 
     </span>
     <span class='ocr_line' id='line_1_124' title="bbox 1372 3489 2438 3535; baseline 0.001 -12"><span class='ocrx_word' id='word_1_1202' title='bbox 1372 3491 1433 3523; x_wconf 83' lang='lat' dir='ltr'><strong>hac</strong></span> <span class='ocrx_word' id='word_1_1203' title='bbox 1458 3491 1505 3523; x_wconf 76' lang='lat' dir='ltr'><strong>R¹</strong></span> <span class='ocrx_word' id='word_1_1204' title='bbox 1530 3492 1542 3533; x_wconf 81' lang='grc' dir='ltr'><strong>ΙΙ</strong></span> <span class='ocrx_word' id='word_1_1205' title='bbox 1567 3493 1609 3525; x_wconf 86' lang='grc'><strong>28</strong></span> <span class='ocrx_word' id='word_1_1206' title='bbox 1633 3502 1692 3534; x_wconf 85' lang='lat' dir='ltr'><strong>per</strong></span> <span class='ocrx_word' id='word_1_1207' title='bbox 1715 3490 1865 3534; x_wconf 84' lang='lat' dir='ltr'><strong>singulos</strong></span> <span class='ocrx_word' id='word_1_1208' title='bbox 1889 3491 2011 3524; x_wconf 84' lang='lat' dir='ltr'><strong>solidos</strong></span> <span class='ocrx_word' id='word_1_1209' title='bbox 2037 3492 2094 3535; x_wconf 88' lang='grc' dir='ltr'><strong>ΤΙΙ</strong></span> <span class='ocrx_word' id='word_1_1210' title='bbox 2124 3493 2166 3526; x_wconf 84' lang='grc'><strong>29</strong></span> <span class='ocrx_word' id='word_1_1211' title='bbox 2190 3493 2337 3535; x_wconf 85' lang='lat' dir='ltr'><strong>tempore</strong></span> <span class='ocrx_word' id='word_1_1212' title='bbox 2361 3490 2404 3524; x_wconf 73' lang='lat' dir='ltr'><strong>lib</strong></span> <span class='ocrx_word' id='word_1_1213' title='bbox 2429 3489 2438 3498; x_wconf 84' lang='lat'><strong><em>&#39;</em></strong></span> 
     </span>
     <span class='ocr_line' id='line_1_125' title="bbox 1373 3535 2415 3579; baseline -0.001 -11"><span class='ocrx_word' id='word_1_1214' title='bbox 1373 3549 1454 3569; x_wconf 87' lang='lat' dir='ltr'><strong>corr.</strong></span> <span class='ocrx_word' id='word_1_1215' title='bbox 1467 3538 1555 3579; x_wconf 74' lang='lat' dir='ltr'><strong>vulq.</strong></span> <span class='ocrx_word' id='word_1_1216' title='bbox 1573 3536 1586 3579; x_wconf 83' lang='grc' dir='ltr'><strong>ΙΙ</strong></span> <span class='ocrx_word' id='word_1_1217' title='bbox 1603 3537 1838 3570; x_wconf 87' lang='lat' dir='ltr'><strong>numerandam</strong></span> <span class='ocrx_word' id='word_1_1218' title='bbox 1855 3536 1950 3578; x_wconf 78' lang='lat' dir='ltr'><em>R2T]</em></span> <span class='ocrx_word' id='word_1_1219' title='bbox 1975 3536 2214 3570; x_wconf 86' lang='lat' dir='ltr'><strong>numerandum</strong></span> <span class='ocrx_word' id='word_1_1220' title='bbox 2231 3535 2415 3578; x_wconf 72' lang='lat' dir='ltr'><strong>R¹Vvu19.</strong></span> 
     </span>
     <span class='ocr_line' id='line_1_126' title="bbox 1372 3577 2445 3626; baseline 0 -12"><span class='ocrx_word' id='word_1_1221' title='bbox 1372 3583 1414 3614; x_wconf 86' lang='lat'><strong>30</strong></span> <span class='ocrx_word' id='word_1_1222' title='bbox 1439 3581 1547 3613; x_wconf 86' lang='lat' dir='ltr'><strong>saluas</strong></span> <span class='ocrx_word' id='word_1_1223' title='bbox 1570 3582 1615 3615; x_wconf 82' lang='lat' dir='ltr'><strong>V²</strong></span> <span class='ocrx_word' id='word_1_1224' title='bbox 1644 3582 1656 3626; x_wconf 90' lang='grc' dir='ltr'><strong>ΙΙ</strong></span> <span class='ocrx_word' id='word_1_1225' title='bbox 1686 3584 1725 3616; x_wconf 84' lang='grc'>31</span> <span class='ocrx_word' id='word_1_1226' title='bbox 1751 3581 1918 3622; x_wconf 83' lang='lat' dir='ltr'><strong>contingit</strong></span> <span class='ocrx_word' id='word_1_1227' title='bbox 1941 3583 1973 3614; x_wconf 67' lang='lat' dir='ltr'><strong>It</strong></span> <span class='ocrx_word' id='word_1_1228' title='bbox 1986 3582 2083 3626; x_wconf 75' lang='lat' dir='ltr'><strong>vuly]</strong></span> <span class='ocrx_word' id='word_1_1229' title='bbox 2120 3581 2262 3623; x_wconf 80' lang='lat' dir='ltr'><strong>contigit</strong></span> <span class='ocrx_word' id='word_1_1230' title='bbox 2282 3580 2345 3614; x_wconf 88' lang='lat' dir='ltr'><strong>V&#39;T</strong></span> <span class='ocrx_word' id='word_1_1231' title='bbox 2366 3579 2380 3622; x_wconf 85' lang='grc' dir='ltr'>Ι</span> <span class='ocrx_word' id='word_1_1232' title='bbox 2407 3577 2445 3610; x_wconf 74' lang='lat' dir='ltr'><strong>in</strong></span> 
     </span>
     <span class='ocr_line' id='line_1_127' title="bbox 1373 3621 2446 3671; baseline -0.002 -13"><span class='ocrx_word' id='word_1_1233' title='bbox 1373 3629 1508 3667; x_wconf 80' lang='lat' dir='ltr'><strong>annum]</strong></span> <span class='ocrx_word' id='word_1_1234' title='bbox 1542 3638 1672 3660; x_wconf 86' lang='lat' dir='ltr'><strong>manum</strong></span> <span class='ocrx_word' id='word_1_1235' title='bbox 1701 3627 1748 3660; x_wconf 62' lang='lat'><strong>13¹</strong></span> <span class='ocrx_word' id='word_1_1236' title='bbox 1777 3626 1790 3671; x_wconf 88' lang='grc' dir='ltr'><strong>ΙΙ</strong></span> <span class='ocrx_word' id='word_1_1237' title='bbox 1818 3628 1859 3660; x_wconf 86' lang='grc'><strong>32</strong></span> <span class='ocrx_word' id='word_1_1238' title='bbox 1884 3629 2009 3660; x_wconf 87' lang='lat' dir='ltr'><strong>tantam</strong></span> <span class='ocrx_word' id='word_1_1239' title='bbox 2033 3628 2080 3667; x_wconf 80' lang='lat' dir='ltr'><strong>(in</strong></span> <span class='ocrx_word' id='word_1_1240' title='bbox 2105 3639 2205 3670; x_wconf 80' lang='lat' dir='ltr'><strong>marq.</strong></span> <span class='ocrx_word' id='word_1_1241' title='bbox 2229 3625 2374 3667; x_wconf 88' lang='lat' dir='ltr'><strong>tantum)</strong></span> <span class='ocrx_word' id='word_1_1242' title='bbox 2396 3621 2446 3656; x_wconf 63' lang='grc' dir='ltr'><strong>Β*</strong></span> 
     </span>
     <span class='ocr_line' id='line_1_128' title="bbox 1372 3670 2296 3715; baseline 0 -12"><span class='ocrx_word' id='word_1_1243' title='bbox 1372 3674 1481 3704; x_wconf 80' lang='lat' dir='ltr'><strong>tamen</strong></span> <span class='ocrx_word' id='word_1_1244' title='bbox 1511 3673 1616 3715; x_wconf 62' lang='grc' dir='ltr'>ΙέῑΊἾΙ</span> <span class='ocrx_word' id='word_1_1245' title='bbox 1634 3676 1666 3705; x_wconf 87' lang='lat' dir='ltr'><strong>et</strong></span> <span class='ocrx_word' id='word_1_1246' title='bbox 1690 3685 1749 3706; x_wconf 88' lang='lat' dir='ltr'><strong>om.</strong></span> <span class='ocrx_word' id='word_1_1247' title='bbox 1767 3673 1796 3705; x_wconf 79' lang='lat' dir='ltr'><em>R</em></span> <span class='ocrx_word' id='word_1_1248' title='bbox 1815 3671 1828 3715; x_wconf 85' lang='grc' dir='ltr'><strong>ΙΙ</strong></span> <span class='ocrx_word' id='word_1_1249' title='bbox 1855 3673 1895 3704; x_wconf 77' lang='lat'><strong>33</strong></span> <span class='ocrx_word' id='word_1_1250' title='bbox 1921 3672 2016 3704; x_wconf 83' lang='lat' dir='ltr'><strong>titius</strong></span> <span class='ocrx_word' id='word_1_1251' title='bbox 2036 3671 2092 3714; x_wconf 67' lang='lat' dir='ltr'><strong>Vll</strong></span> <span class='ocrx_word' id='word_1_1252' title='bbox 2109 3681 2177 3703; x_wconf 81' lang='lat' dir='ltr'><strong>eam</strong></span> <span class='ocrx_word' id='word_1_1253' title='bbox 2207 3670 2296 3703; x_wconf 82' lang='lat' dir='ltr'><strong>R¹V</strong></span> 
     </span>
    </p>
   </div>
   <div class='ocr_carea' id='block_1_35' title="bbox 2492 1280 2592 3840">
    <p class='ocr_par' dir='ltr' id='par_1_35' title="bbox 2492 1280 2592 3840">
     <span class='ocr_line' id='line_1_129' title="bbox 2492 1280 2592 3840; baseline 0 0"><span class='ocrx_word' id='word_1_1254' title='bbox 2492 1280 2592 3840; x_wconf 95' lang='lat' dir='ltr'><strong> </strong></span> 
     </span>
    </p>
   </div>
  </div>
 </body>
</html>
