2476 3854
57 157 120 190 nn
146 136 499 191 montensium
526 158 704 191 mnus

57 256 215 302 βάσμιον
248 256 347 292 οἷκον
381 254 454 292 ὖπὸ
494 257 559 292 τοῦ
594 254 811 300 διαθεμένου
847 255 1132 292 διατυπωθέντα

57 302 249 347 γενέσθω,
288 299 476 346 κελεύομεν
509 299 656 337 τούτους
688 301 787 336 οἷκον
827 300 850 345 ἢ
886 298 1075 348 ἀγοράζειν
1108 298 1132 345 ἢ

56 346 307 391 μισθοῦσθαι,
339 343 432 382 ὅπου
455 345 631 382 δύνανται
651 346 699 382 τὰ
726 346 967 382 κελευσθέντα
989 345 1132 392 πληρῶ-

58 403 120 425 σαι
134 393 202 426 ἕως
217 390 264 425 ἂν
278 389 299 425 ό
316 393 476 426 τοιοῦτος
491 391 786 437 caenomani-taras
802 392 894 427 οἶκος
908 391 1130 440 πληρωθείη.

58 436 83 471 2
127 440 187 470 καὶ
207 437 239 470 εἰ
265 439 334 480 μὲν
357 434 465 471 αὐτὸς
495 434 515 471 ό
539 435 753 481 διαθέμενος
783 434 895 482 ὁρίσει
925 437 1007 472 τοὺς
1034 435 1055 471 ό
1085 440 1131 471 εί-

58 479 185 516 λοντας
200 479 406 525 ξενοδόχους
418 481 594 529 γενέσθαι
616 478 640 525 ἢ
663 481 942 529 πτωχοτρόφους
965 480 987 526 ἢ
1008 480 1054 516 ἅλ

57 526 237 560 τοιούτους
259 524 438 570 διοικητὰς
470 526 542 561 εἴτε
571 529 643 561 τοῖς
672 525 774 561 ἰδίοις
803 525 1035 574 κληρονόμοις
1065 527 1132 570 τὴν

56 569 230 614 τοιαύτην
245 570 415 618 ἑπιλογὴν
431 570 626 617 παράσχοι,
646 570 834 616 κελεύομεν
851 572 1000 616 τρόποις
1015 568 1132 608 ἅπασι

58 615 140 650 τοὺς
170 615 406 669 κληρονόμους
435 613 554 669 -αὖτοῦ
578 616 636 668 ἱτοὶ
675 614 766 662 παρ’
804 613 916 651 αἰτοῦ
950 615 1131 652 διατυπω-

1130 141 1215 190 659

1779 144 1890 189 Now
1916 142 2098 188 CXXXI
2130 145 2193 186 10.
2224 146 2272 186 11

1199 266 1294 291 mum
1309 266 1332 291 a
1346 257 1519 293 testatore
1541 255 1749 302 dispositam
1762 254 1850 293 fieri.
1873 253 2036 290 iubemus
2059 263 2121 290 eos
2135 253 2278 290 domum

1199 307 1263 337 aut
1293 311 1501 354 comparare
1530 305 1595 338 aut
1621 301 1760 354 locare,
1792 300 1853 335 ubi
1870 301 2027 351 'possunt
2057 309 2150 344 quae
2178 299 2278 352 iussa

1200 349 1285 426 sun}
1307 346 1509 426 atd1mplere,
1540 346 1656 383 donec
1677 345 1880 382 huiusmodi
1912 344 2037 380 domus
2064 344 2277 381 venerabilis

1199 401 1267 437 exp
1282 402 1323 427 ea
1340 403 1393 428 ur.

1167 437 1223 472 52
1268 437 1319 472 Et
1333 437 1365 472 si
1380 437 1520 482 quidem
1541 437 1619 482 ipse
1641 438 1793 472 testator
1815 434 2022 475 decreverit,
2068 433 2105 468 ui
2121 432 2278 469 debeant
2313 445 2317 447 “

1198 481 1398 518 xenodochi
1430 482 1509 518 fieri
1546 484 1611 517 aut
1640 480 1898 535 ptochotrophi
1939 484 2002 515 aut
2040 488 2063 514 a
2077 478 2145 533 teri
2185 479 2278 531 tales

1198 527 1466 572 gubernatores,
1498 527 1571 563 sive
1594 537 1670 562 suis
1692 525 1882 563 heredibus
1905 524 2109 561 huiusmodi
2132 523 2277 559 electio-

1198 582 1279 607 nem
1313 572 1543 614 commiserit,
1582 572 1746 607 iubemus
1779 570 1893 607 modis
1930 569 2093 606 omnibus
2129 568 2277 604 heredes

1201 617 1275 653 eius
1307 627 1399 662 quae
1432 617 1479 653 ab
1511 627 1553 652 eo
1584 616 1728 652 definita
1759 618 1845 651 sunt
1873 615 2083 661 adimplere,
2117 613 2278 650 locorum

59 661 176 695 θέντα
199 660 367 706 πληρουν,
399 674 477 695 των
499 674 591 696 κατα
616 662 683 696 τὸν
705 662 823 697 τόπον
841 662 1133 708 μακαριωτάτων
1147 666 1188 698 10
1201 662 1413 714 beatissimis
1426 662 1602 707 episcopis
1614 661 1895 706 inspicientibus,
1913 661 1945 696 εἰ
1954 659 2164 706 gubernatio
2179 660 2278 695 recte

57 702 270 740 ἐπισκόπων
292 705 582 750 ἐποπτευόντων,
613 707 645 740 εἰ
667 705 782 741 καλῶς
806 705 827 750 ἡ
851 706 1018 762 διοίκησις
1045 720 1131 754 προ-

56 753 187 794 βαίνει,
210 753 270 784 καὶ
290 751 322 784 εἰ
339 747 471 796 εῧρωσι
492 751 542 796 μὴ
563 756 750 795 χρησίμους
772 751 881 786 ὄντας
901 764 984 787 τους
1001 750 1132 796 διοικη-

55 793 136 837 τάς,
160 793 287 830 ἄδειαν
308 794 470 838 ἐχόντων
491 795 578 831 ἄνευ
603 798 728 839 ζημίας
747 796 872 831 ἄλλους
892 794 974 832 ἀντὶ
990 798 1133 832 τούτων

56 838 276 884 ἐπιτηδείους
298 844 425 876 ποιεῖν.

1200 708 1372 752 procedit,
1395 709 1432 742 et
1450 707 1483 742 si
1504 707 1702 742 invenerint
1723 717 1796 742 non
1819 707 1924 742 utiles
1947 706 2140 741 existentes
2161 706 2278 739 recto·

1199 762 1274 796 res,
1303 752 1482 788 licentiam
1513 751 1727 788 habentibus
1758 751 1836 788 sine
1863 751 1992 788 damno
2022 750 2114 787 alios
2136 760 2202 796 pro
2226 748 2278 785 eis

1200 802 1422 844 opportunos
1446 796 1600 834 efficere.

1037 919 1193 955 CAPUT
1215 919 1278 955 XI.
1301 940 1308 945 ·

108 986 158 1020 Εἰ
176 983 216 1020 δὲ
234 990 298 1021 καί
312 997 366 1021 τις
385 984 475 1031 ὑπὲρ
493 983 721 1032 ἀναρρύσεως
741 985 982 1042 αἰῇμαλώτων
1001 985 1025 1031 ἢ
1042 985 1133 1023 ἇπο-
1148 990 1189 1024 15

56 1032 189 1087 τροφῆς
210 1032 381 1075 πενήτων
402 1031 639 1086 κλῃρονομίαν
658 1031 682 1076 ἢ
702 1031 856 1079 ληγατον
878 1031 1071 1068 καταλίποι
1093 1035 1134 1067 ἐν

57 1089 243 1123 πραγμασι
262 1078 417 1119 κινητοῖς
435 1091 458 1120 η
478 1074 668 1120 ἀκινήτοις,
686 1077 757 1112 εἴτε
772 1074 874 1119 ἅπαξ
892 1078 963 1112 εἴτε
978 1078 1132 1121 ἐτήσιον,

56 1123 117 1155 καὶ
144 1122 252 1156 τοῦτο
282 1120 430 1167 τρόποις
459 1118 576 1157 ἅπασι
606 1122 700 1157 κατὰ
729 1122 799 1166 τὴν
827 1124 892 1157 τοῦ
914 1121 1133 1168 διαθεμένου

55 1164 206 1212 γνώμην
235 1163 307 1201 ἀπὸ
336 1168 413 1201 τῶν
435 1166 707 1203 κελευσθέντων
735 1169 843 1202 τοῦτο
873 1170 1023 1211 ποιῆσαι
1045 1168 1132 1212 πλη-

1267 987 1307 1023 Si
1330 987 1409 1032 quis
1432 990 1551 1023 autem
1572 987 1677 1023 etiam
1699 997 1767 1032 pro
1790 986 2034 1032 redemptione
2058 986 2279 1031 captivorum

1200 1038 1264 1068 aut
1279 1033 1455 1069 alimentis
1470 1043 1666 1078 pauperum
1689 1031 1920 1067 hereditatem
1942 1034 2007 1068 aut
2020 1032 2177 1076 legatum
2194 1031 2279 1066 reli-

1202 1079 1318 1123 querit
1338 1079 1377 1114 in
1393 1079 1502 1114 rebus
1524 1078 1714 1114 mobilibus
1732 1081 1796 1112 aut
1814 1077 2052 1119 inmobilibus,
2076 1077 2148 1113 sive
2171 1076 2280 1112 semel

1201 1134 1265 1159 seu
1287 1124 1428 1166 annale,
1458 1126 1496 1159 et
1524 1124 1594 1159 hoc
1622 1122 1734 1158 modis
1759 1122 1921 1158 omnibus
1952 1122 2145 1158 secundum
2167 1123 2279 1158 testa—

1200 1169 1289 1204 toris
1311 1170 1530 1206 voluntatem
1549 1169 1595 1203 ab
1615 1168 1671 1204 his
1691 1168 1818 1213 quibus
1840 1168 1978 1203 iussum
1996 1172 2053 1204 est
2071 1169 2140 1203 hoc
2158 1167 2280 1203 facere

57 1213 80 1248 1
123 1210 286 1256 ρούσθω.
316 1212 364 1245 *st
379 1210 418 1246 δὲ
431 1213 481 1256 μὴ
498 1210 618 1247 ἰδικῶς
639 1213 734 1247 εἴποι
749 1217 854 1248 ποίου
872 1212 987 1248 τόπου
1003 1216 1132 1257 πένησι
1146 1216 1188 1249 20
1202 1217 1222 1250 1
1270 1214 1450 1260 compleri.
1498 1214 1535 1249 Si
1558 1217 1676 1249 autem
1698 1224 1771 1248 non
1794 1213 1995 1257 specialiter
2018 1213 2161 1255 dixerit,
2190 1223 2281 1257 quo·

55 1257 172 1290 ταῦτα
194 1256 373 1299 κατέλιπε,
403 1257 591 1302 κελεύομεν
618 1258 686 1292 τὸν
709 1255 913 1293 ὁσιώτατον
935 1260 1133 1294 ἐπίσκοπον

56 1302 120 1345 τῆς
142 1300 281 1336 πόλεως
303 1303 344 1336 ἐν
367 1294 390 1349 ᾗ
412 1302 480 1345 τὴν
495 1303 634 1346 οἴκησιν
653 1300 673 1337 ό
693 1301 907 1348 διαθέμενος
929 1304 998 1346 εἶχε
1018 1317 1131 1349 παρα-

57 1345 256 1391 λαμβάνειν
288 1347 335 1381 τὰ
371 1344 463 1382 αὐτὰ
497 1349 693 1394 πράγματα
726 1351 786 1382 καὶ
821 1351 893 1402 τοῖς
927 1350 999 1404 τῆς,
1024 1346 1132 1393 αὐτῆς

1199 1259 1305 1295 modo
1328 1259 1546 1305 pauperibus
1570 1259 1659 1294 haee
1681 1258 1841 1303 reliquit,
1865 1258 2104 1303 praecipimus
2127 1258 2280 1293 sanctis·

1200 1305 1325 1340 simum
1361 1305 1565 1350 episcopum
1600 1304 1752 1340 civitatis
1788 1304 1826 1338 in
1861 1313 1932 1348 qua
1966 1308 2117 1339 testator
2154 1303 2281 1338 habuit

1200 1350 1414 1385 domicilium
1435 1349 1618 1395 percipere
1641 1348 1784 1384 easdem
1800 1358 1857 1384 res
1876 1352 1913 1383 et
1928 1349 2005 1384 eius
2021 1348 2172 1384 civitatis
2188 1358 2279 1393 pau-

56 1392 81 1427 2
126 1390 265 1426 πόλεως
286 1395 414 1435 πένησι
439 1391 630 1437 διανέμειν.
677 1394 708 1427 εἰ
728 1391 768 1427 δὲ
789 1397 849 1427 καὶ
865 1395 956 1439 νπὲρ
979 1394 1131 1440 αναρρύ-
1199 1396 1223 1431 2
1269 1396 1414 1440 peribus
1436 1404 1593 1440 erogare.
1640 1394 1678 1429 Si
1694 1397 1813 1429 autem
1828 1404 1894 1439 pro
1909 1393 2150 1438 redemptione
2166 1393 2280 1438 capti-

57 1447 146 1470 σεως
167 1436 409 1481 αἰχμαλώτων
431 1451 468 1472 τι
490 1438 764 1474 καταλέλειπται
793 1451 854 1494 και
882 1438 932 1484 μὴ
956 1436 1134 1484 ὀνομαστὶ
1146 1444 1188 1476 25
1200 1450 1324 1476 vorum
1345 1440 1479 1485 aliquid
1500 1439 1723 1484 relinquitur,
1747 1441 1784 1474 et
1802 1450 1876 1474 non
1897 1438 2107 1474 nominatim
2128 1441 2282 1475 testator

57 1478 78 1515 ὅ
113 1479 330 1525 διαθέμενος
370 1482 481 1524 εἴποι,
522 1481 582 1517 διὰ
621 1487 719 1518 τίνος
757 1496 823 1529 χρη
848 1485 1033 1539 ,γενέσθαι
1066 1484 1134 1528 τὴν

57 1525 264 1573 ἀνάρρυσιν,
286 1530 347 1561 καὶ
366 1524 481 1562 οὕτως
503 1527 690 1574 κελεύομεν
711 1529 759 1562 τὰ
782 1541 979 1575 πραγματα
1001 1529 1048 1564 τὰ
1073 1531 1133 1565 ἐπὶ

56 1573 176 1615 τούτῳ
198 1571 491 1618 καταλειφθέντα
513 1573 582 1608 τὸν
603 1575 679 1608 τῶν
699 1570 830 1610 τόπων
852 1576 1049 1610 ἐπίσκοπον
1072 1578 1132 1610 καὶ

57 1616 125 1651 τὸν
147 1616 275 1651 τούτου
299 1616 489 1661 οἰκονόμον
512 1618 638 1663 λαβεῖν
660 1622 721 1653 καὶ
741 1618 785 1654 τὸ
801 1620 967 1655 τοιοῦτον
990 1617 1132 1663 εὐσεβὲς

1201 1485 1339 1528 dixerit,
1362 1496 1427 1530 per
1444 1495 1547 1531 quem
1570 1487 1735 1530 oporteat
1756 1483 1835 1519 fieri
1856 1484 2147 1529 redemptionem,
2171 1483 2280 1520 etiam

1201 1530 1254 1566 sic
1275 1531 1437 1566 iubemus
1468 1540 1526 1566 res
1550 1530 1596 1565 ad
1618 1530 1688 1566 hoc
1710 1529 1855 1565 relictas
1884 1530 2047 1565 locorum
2072 1529 2281 1583 episcopum

1199 1580 1236 1611 et
1258 1575 1333 1611 eius
1357 1585 1571 1612 oeconomos
1595 1575 1759 1621 accipere
1782 1578 1819 1610 et
1841 1574 2045 1610 huiusmodi
2065 1585 2165 1620 plum
2187 1584 2209 1610 o
2235 1583 2279 1610 us

1197 1621 1353 1666 implere.
1400 1621 1443 1656 In
1466 1621 1630 1656 omnibus
1660 1620 1754 1656 enim
1784 1619 1918 1656 talibus
1945 1620 2015 1665 piis
2038 1619 2212 1655 voluntati
2237 1629 2280 1655 us

58 1663 162 1708 ἔργον
184 1661 353 1718 πληροῖ-ν.
401 1664 441 1696 ἐν
464 1661 597 1698 πάσαις
623 1665 693 1711 γὰρ
723 1667 802 1699 ταῖς
827 1662 1012 1699 τοιαύταις
1038 1663 1133 1699 scee-
1147 1668 1189 1701 30
1203 1666 1446 1702 sanctissimos
1476 1666 1637 1702 locorum
1667 1666 1856 1712 episcopos
1887 1664 2051 1701 volumus
2083 1665 2280 1711 providere,

55 1710 137 1751 βέσι
158 1706 350 1752 βουλησεσι
380 1707 462 1742 τοὺς
483 1707 704 1744 ὁσιωτατους
734 1711 812 1744 τῶν
834 1709 965 1745 τόπων
986 1710 1132 1745 ἐπισκό-

122 1798 306 1842 αΧῙρν.

329 1799 351 1840 ξ
370 1800 400 1834 1.
425 1800 445 1832 2
470 1812 508 1832 ez·
531 1800 567 1833 B
590 1801 687 1834 habet
704 1799 859 1834 Nonne-⁴
872 1801 973 1834 XIV
984 1803 1030 1835 tit.
1047 1802 1080 1844 2,
1095 1809 1126 1844 1,
1150 1803 1260 1835 eadem
1285 1803 1334 1835 bis
1358 1803 1521 1846 exscripta
1543 1801 1703 1836 Nonne!
1723 1802 1767 1835 ib.
1782 1802 1817 1845 f
1836 1801 1917 1835 184*
1939 1802 2017 1845 ets
2038 1801 2132 1839 189¹;

2167 1799 2279 1843 §3—

55 1843 169 1885 1115
183 1845 199 1877 1
215 1843 395 1878 Numam
407 1844 508 1878 XIV
516 1845 564 1880 tit.
578 1846 611 1886 2,
622 1852 648 1879 1.
660 1863 704 1869 -
727 1845 842 1879 Maior
853 1858 936 1891 pars
950 1847 1006 1888 (—
1020 1847 1097 1887 660,
1108 1855 1141 1881 ¹0
1159 1842 1373 1888 ἀπολλύναι)
1397 1849 1431 1881 in
1447 1849 1603 1891 epitomen
1619 1847 1754 1880 redacta
1770 1847 1934 1880 exhibetur
1949 1846 1999 1879 Β*
2020 1845 2052 1878 Δ
2068 1846 2123 1886 21,
2135 1852 2153 1879 2
2165 1858 2199 1888 p.
2214 1845 2280 1879 218

55 1888 172 1929 Zach„
195 1889 333 1925 eiusdem
350 1891 460 1932 partie
482 1902 621 1930 sununa,

643 1890 700 1934 §4
723 1892 850 1933 inaeqra
873 1898 959 1925 extat
982 1893 1014 1925 in
1038 1892 1112 1925 Ecl,
1136 1892 1222 1926 Bas.
1246 1893 1361 1927 I—X.
1385 1911 1431 1917 —
1452 1893 1641 1926 Summaria
1663 1891 1719 1935 §1
1745 1899 1820 1925 sunt
1842 1893 1875 1925 in
1901 1892 2033 1925 Nomoc.
2051 1890 2151 1924 XIV
2161 1891 2207 1923 tit.
2222 1890 2280 1931 2,1

51 1946 88 1978 p.
103 1934 181 1967 491.
197 1934 262 1967 493
281 1934 393 1976 Piera,
424 1947 545 1968 summa
568 1935 589 1977 ξ
602 1936 622 1968 3
635 1954 679 1959 -
693 1937 773 1969 XII
790 1935 812 1979 ξ
827 1939 845 1972 1
871 1939 913 1971 ib.
933 1949 971 1980 p.
987 1938 1055 1972 484
1070 1938 1177 1971 Pina.
1231 1938 1460 1982 Arqumentum
1483 1938 1505 1982 ξ
1522 1939 1555 1971 3.
1571 1939 1594 1971 4
1614 1945 1704 1970 notat
1727 1933 1787 1970 ΒΣ
1811 1938 1872 1979 41,
1891 1945 1925 1978 4,
1942 1945 1954 1971 1
1979 1936 2055 1978 (IV
2067 1949 2102 1979 p.
2122 1937 2186 1970 149
2211 1948 2242 1968 n.
2258 1936 2279 1968 5

55 1978 259 2021 Heimbach).

55 2065 206 2101 cumque
235 2055 470 2107 venerabilem
497 2056 640 2091 domum
668 2068 705 2109 a·
721 2062 892 2110 testatore

56 2100 81 2136 2
125 2099 335 2142 conducere,
358 2099 418 2135 ubt
440 2111 538 2136 tussa
561 2101 703 2148 expleri
720 2107 877 2148 possmt,

997 2059 1004 2066 '
1032 2059 1167 2095 iussam
1197 2069 1272 2095 non
1291 2059 1535 2105 perfecerint,
1570 2058 1731 2094 iubemus
1752 2067 1813 2093 eos
1835 2057 1979 2093 domum
2010 2056 2068 2092 vel
2088 2067 2204 2093 emere
2226 2056 2283 2092 vel

993 2114 1014 2138 c
1036 2104 1214 2140 eiusmodi
1233 2102 1446 2140 venerabilis
1468 2103 1595 2139 domus
1610 2103 1839 2150 perficiatur.
1901 2103 1954 2137 Ac
1975 2101 2051 2137 sive
2071 2102 2150 2147 ipse
2175 2106 2281 2137 testa-

57 2148 115 2180 tor
137 2144 349 2197 definiverit,
378 2145 443 2224 {tui
464 2146 670 2181 xenodochi
691 2147 747 2182 vel
761 2147 1028 2194 ptochotrophi
1047 2148 1104 2184 vel
1124 2149 1189 2184 alii
1210 2148 1383 2184 eiusmodi
1406 2147 1719 2183 administratores
1737 2147 1821 2191 fieri
1843 2146 2013 2187 debeant,
2042 2147 2118 2182 sive
2140 2145 2280 2182 heredi-

57 2190 123 2226 bus
143 2189 220 2224 suis
241 2200 377 2225 etusmo

57 2234 208 2280 exequi:
241 2237 350 2281 atque
369 2234 564 2271 beatissimi
583 2235 745 2270 locorum

438 2189 643 2226 electionem
665 2193 899 2235 concesserit,
930 2193 1090 2228 iubemus
1120 2193 1237 2228 modis
1260 2192 1424 2231 omnibus
1453 2191 1602 2228 heredes
1630 2193 1707 2227 eius
1737 2202 1832 2238 quae
1861 2191 1906 2226 ab
1930 2192 2009 2238 ipso
2034 2194 2173 2227 statuta
2194 2195 2281 2227 sunt

813 2238 932 2283 iscopi
951 2237 1166 2290 inspiciant,
1202 2248 1287 2273 num
1311 2236 1578 2272 administratio
1601 2242 1698 2272 recte
1717 2236 1907 2282 procedat,
1938 2240 1974 2271 et
1995 2235 2028 2271 si
2050 2236 2279 2272 administra-

59 2283 156 2315 tores
170 2289 307 2326 parum
330 2279 435 2314 utiles
457 2290 534 2315 esse
556 2281 765 2323 invenerint,
803 2283 895 2317 iceat
918 2283 1007 2328 ipsis·
1028 2293 1107 2318 sene
1129 2283 1261 2317 damno
1285 2282 1380 2316 alios
1402 2282 1441 2316 in
1463 2292 1587 2317 eorum
1610 2282 1728 2317 locum
1752 2281 1900 2316 idoneos
1923 2281 2149 2316 constituere.

190 2323 255 2359 XI.
301 2323 441 2367 Quodsi
456 2324 538 2370 quis
554 2326 662 2360 etiam

56 2368 96 2404 in
117 2369 224 2405 rebus
245 2368 433 2404 mobilibus
456 2369 512 2405 vel
533 2336 709 2405 immobfff

711 2336 754 2360 ro
772 2326 1015 2373 redemptione
1038 2327 1262 2374 captivorum
1286 2326 1341 2362 vel
1359 2326 1542 2362 alimoniis
1563 2337 1766 2372 pauperum
1790 2325 2020 2362 hereditatem
2043 2325 2101 2360 vel
2121 2325 2280 2372 leqatum

394 2414 401 2421 ·
704 2370 775 2422 buf-
804 2372 879 2423 sive
899 2372 1007 2407 semel
1029 2373 1102 2407 sive
1126 2371 1322 2423 quotannis
1343 2371 1547 2423 reliquerit,
1579 2370 1648 2406 hoc
1670 2382 1815 2427 quoque
1836 2369 1950 2406 modis
1972 2370 2135 2406 omnibus
2155 2381 2279 2406 secun-

57 2415 82 2451 1
125 2413 211 2449 dum
234 2417 418 2449 testatoris
439 2413 656 2449 voluntatem
679 2414 723 2450 ab
747 2426 793 2451 us
816 2426 876 2467 qm
901 2415 970 2451 hoc
990 2417 1118 2462 facere
1148 2427 1235 2467 tussa
1258 2420 1344 2452 sunt
1366 2415 1572 2462 impleatur.

1663 2417 1704 2451 ὁι
1728 2426 1812 2452 vero
1841 2426 1916 2450 non
1940 2415 2097 2462 proprie
2128 2415 2279 2455 dixerit,

58 2458 160 2494 cuius
183 2458 254 2493 loci
280 2469 358 2504 pau
384 2458 503 2494 eribus
526 2470 570 2494 ea
592 2459 790 2505 reliquerit,
821 2460 980 2496 iubemus
1002 2462 1264 2513 sanctis-ramum
1295 2462 1505 2512 episcopum
1527 2461 1682 2496 civitatis
1711 2462 1749 2496 in
1779 2471 1853 2506 qua
1886 2464 2037 2496 testator
2061 2460 2280 2496 domicilium

57 2503 82 2539 2
127 2502 252 2538 habuit
273 2513 335 2538 eas
381 2514 415 2537 m
436 2513 495 2539 res
517 2505 682 2550 accipere
702 2508 739 2540 et
754 2505 980 2551 pauperibus
1002 2506 1157 2542 eiusdem
1179 2507 1334 2542 oivuatzs
1356 2505 1580 2542 distribuere.

1671 2503 1810 2548 Quodsi
1832 2504 1922 2558 quid
1941 2506 2050 2541 etiam
2068 2515 2142 2557 pro
2165 2506 2280 2551 capti-

58 2558 183 2584 vorum
205 2547 447 2595 redemptione
467 2548 631 2584 relictum
653 2554 718 2592 est,
750 2561 865 2596 neque
887 2551 1097 2586 nominatim
1122 2555 1274 2586 testator
1296 2550 1443 2593 dixerit,
1471 2561 1540 2597 per
1563 2561 1667 2597 quem
1689 2550 1968 2596 redemptionem
1993 2550 2076 2595 fieri
2102 2554 2279 2596 oporteat,

57 2593 110 2629 sie
131 2603 275 2639 quoque
297 2591 455 2628 iubemus
476 2603 536 2628 res
557 2593 607 2628 ad
628 2593 696 2629 hoc
718 2595 863 2630 relictas
886 2595 1046 2631 locorum
1068 2596 1276 2642 episcopum
1299 2596 1446 2642 eiusque
1469 2605 1702 2631 oeconomum
1722 2595 1899 2641 accipere,
1925 2600 1962 2630 et
1981 2595 2082 2641 pium
2105 2595 2283 2631 eiusmodi

59 2648 152 2684 opus
178 2637 365 2683 perficere.
411 2635 458 2672 In
488 2638 652 2673 omnibus
681 2639 774 2674 enim
808 2639 983 2676 eiusmodi
1014 2640 1089 2686 piis
1116 2640 1359 2677 voluntatibus
1392 2641 1637 2676 sanctissimos
1670 2640 1831 2676 locorum
1866 2640 2054 2687 episcopos
2086 2639 2280 2686 providere

118 2732 132 2763 l
160 2724 414 2770 διατιθεμένου
429 2728 478 2761 Β*
493 2728 507 2772 ΙΙ
523 2728 747 2763 τυπωθέντα
762 2730 811 2763 Β*
835 2727 1131 2764 διατυπωθέντος

58 2773 219 2808 Nomou*
232 2774 289 2814 2,1
307 2772 321 2816 Ι
343 2774 362 2806 2
386 2769 410 2814 ἢ
431 2767 630 2818 ἀγοράζειν]
654 2770 676 2815 ἢ
699 2787 757 2807 om.
770 2775 801 2807 A
819 2774 833 2819 ss
857 2776 876 2808 3
900 2773 1131 2819 πληροῦσθαι

58 2818 123 2852 AL
136 2818 281 2858 (Nomoa
294 2818 448 2851 XIVtit.
463 2820 530 2860 2,1)
554 2820 567 2862 Ι
590 2821 612 2853 4
633 2818 825 2862 σεβάσμιος
846 2821 981 2861 ΕΒ’(ς)
1006 2820 1020 2864 Ι
1042 2818 1131 2862 πλη-

58 2861 198 2908 ρωθείη
210 2863 269 2904 Μ]
292 2860 472 2908 πληρωθῇ
486 2864 555 2897 LB
577 2861 757 2906 τελειωθῆ
770 2867 799 2897 A
817 2865 831 2908 Ι
848 2868 868 2899 5
884 2860 995 2908 ὁρίζει
1017 2861 1131 2911 (ὁρίζῃ

59 2910 153 2948 unus)
178 2908 207 2940 S
221 2907 235 2950 Ι
251 2909 272 2941 6
293 2907 467 2952 γενέσθαι
491 2921 549 2941 om.
567 2910 596 2942 S
612 2907 626 2952 Ι
642 2911 660 2942 7
685 2909 767 2950 εἴτε]
792 2904 813 2951 ἢ
837 2911 896 2942 καὶ
920 2913 949 2943 A
975 2910 988 2953 u
1015 2912 1036 2944 9
1059 2913 1133 2943 τοῖς

57 2950 288 2996 κληρονόμοις
312 2953 340 2986 S
361 2952 374 2995 ΙΙ
403 2948 513 2986 αὐτοῦ
537 2966 595 2986 om.
621 2954 680 2986 SA
701 2954 713 2995 ΙΙ
738 2950 828 2998 παρ’
855 2950 965 2988 αὗτοῦ
987 2967 1045 2988 om.
1071 2955 1100 2988 S
1119 2954 1133 2999 ΙΙ

61 3000 101 3032 10
124 2995 313 3042 πληρῶσαι
335 2997 487 3031 Nomoefi
504 3002 517 3042 fl
532 2997 623 3032 κατὰ
645 2998 723 3031 τῶν
744 2996 862 3032 τόπον
886 3000 931 3032 Μ
960 2998 1051 3032 κατὰ
1073 2998 1130 3033 τό-

58 3053 130 3076 πον
145 3039 288 3084 (τόπων
302 3042 476 3084 Numnam)
500 3043 529 3076 S
535 3044 613 3076 LB
635 3043 648 3086 ss
670 3042 962 3087 μακαριωτάτων
985 3057 1044 3077 om.
1069 3045 1098 3077 S
1128 3042 1134 3091 Ι

61 3088 103 3122 12
124 3084 245 3127 ὄντας]
267 3085 361 3120 εἶναι
383 3088 448 3120 SA
473 3088 486 3131 ΙΙ
511 3090 551 3122 13
575 3088 669 3129 ἔχειν
691 3090 756 3122 SA
773 3090 785 3132 ΙΙ
811 3084 897 3122 ἄντ’
924 3085 1047 3122 αὐτῶν
1071 3089 1100 3122 S
1129 3093 1133 3133 Ι

61 3133 103 3167 15
125 3131 175 3164 Εἰ
197 3150 242 3156 —
264 3133 308 3165 30
324 3129 484 3176 πληροῦν
507 3145 565 3166 om.
579 3134 609 3166 S
622 3135 634 3176 ΙΙ
653 3130 694 3166 δὲ
714 3136 778 3166 καί
798 3147 855 3167 οηι.
869 3133 1045 3168 Nomocstm
1060 3136 1131 3176 2.1‚

58 3178 122 3209 καί
141 3176 244 3208 οπι.Δ
260 3171 311 3219 Ιῆ
333 3179 394 3209 καὶ
416 3173 621 3222 ἇποτροφῆς
644 3179 796 3212 Nomoc.¹¹
811 3181 843 3219 2,
856 3187 872 3212 2
891 3179 903 3220 fl
922 3180 963 3213 16
982 3176 1133 3225 λεγάτον

58 3219 124 3253 AL
136 3219 294 3253 Nonae-'¹⁸
310 3221 354 3261 (et
369 3224 416 3255 sic
432 3224 534 3265 insro)
550 3223 564 3261 fl
579 3221 790 3257 καταλείποι
813 3223 865 3257 B!
876 3224 1035 3257 Nomoc.⁷'¹
1048 3226 1079 3265 2,
1093 3220 1133 3266 211

63 3265 103 3297 17
126 3262 197 3296 εἴτε
219 3263 373 3306 ἐτήσιον]
396 3262 419 3308 ἢ
434 3269 495 3299 καὶ
509 3265 654 3309 ἐτήσιον
672 3271 697 3301 Δ
719 3271 731 3310 ΙΙ
752 3270 790 3303 18
814 3267 881 3310 τὴν
895 3267 1045 3314 γνώμην
1068 3270 1132 3302 τοῖι

61 3305 278 3349 διαθεμένου
302 3310 353 3341 ΒΓ
364 3310 379 3352 ss
404 3312 444 3344 19
468 3312 656 3344 ποιεῖσθαι
679 3314 778 3354 LB‘,
803 3326 862 3346 om.
880 3314 931 3346 ΒῙ
945 3314 958 3357 ΙΙ
982 3312 1133 3357 πληροῦ-

60 3351 153 3401 σθαι
175 3351 334 3385 Nor-002⁸·
344 3354 376 3395 2,
389 3361 406 3388 2
442 3353 670 3399 πληροῦσθαι
692 3355 878 3400 κελεύομεν
900 3359 1060 3392 Nomoc.''¹
1077 3361 1131 3399 2,1

61 3396 250 3439 πληρῶσαι
266 3396 316 3429 B!
329 3397 343 3439 Ι
359 3399 401 3432 20
416 3398 467 3441 μὴ
490 3412 549 3434 om.
563 3401 622 3441 L¹,
643 3398 707 3433 οὐκ
727 3410 800 3444 post
823 3399 943 3436 ἰδικῶς
968 3406 1045 3438 add.
1058 3403 1107 3436 L²
1130 3414 1133 3421 '

61 3440 143 3483 εἴπη
156 3440 388 3474 BrNomoadw·
397 3443 456 3484 2,2
471 3443 484 3487 Ι
501 3446 606 3477 ποίου
620 3442 746 3486 τόπου]
766 3448 929 3487 quomodo
941 3450 978 3489 (i.
988 3461 1014 3482 e.
1028 3451 1131 3482 ποίου

61 3477 200 3530 τρόπον
207 3484 238 3525 Ἰ)
261 3496 282 3520 ς
296 3485 310 3527 Ι
325 3486 441 3519 ταῦτα
463 3490 592 3529 πένησι
607 3489 768 3522 Νοηιοε.’”
780 3492 814 3531 2,
828 3499 837 3523 1
861 3492 961 3526 altero
975 3494 1042 3526 loco
1061 3494 1073 3535 ΙΙ
1090 3495 1127 3526 21

61 3526 295 3562 καταλέλοιπε
315 3530 400 3563 AB⁶
411 3531 588 3565 Nemee-‘¹¹¹'
612 3531 799 3567 κατέλοιπε
816 3536 865 3568 L‘
878 3536 892 3577 ΙΙ
909 3536 972 3578 τῆς
994 3536 1133 3572 πόλεως

62 3574 258 3607 ἐπίσκοπον
279 3573 313 3607 A
338 3576 351 3615 Ι
381 3576 424 3608 22
446 3574 672 3619 παραλαβεῖν
696 3578 853 3611 Νοηιοε.ΙΙΙ
868 3581 925 3621 2,1
954 3581 968 3624 Ι
997 3583 1038 3616 23
1060 3586 1133 3615 τοῖς

63 3631 120 3652 om.
135 3618 175 3650 M
190 3618 203 3659 Ι
220 3619 263 3651 24
285 3620 344 3651 καὶ
366 3631 426 3652 om.
443 3619 490 3652 B!
510 3621 523 3662 Ι
547 3617 774 3663 ἄναρρὺσεως
795 3623 872 3655 τῶν
893 3624 1132 3667 αἰχμαλώτων

63 3662 109 3707 M
126 3660 365 3715 αἰχμαλώτων
374 3659 603 3718 ἀναρρύσεως
615 3665 666 3698 B!
678 3670 688 3699 ἵί
705 3668 748 3700 25
760 3665 1109 3703 καταλέλοιπενᾼΒῧ
1120 3672 1132 3714 ss

1198 2730 1351 2764 Nomai-‚⁶
1366 2732 1423 2772 2‚2
1438 2730 1451 2774 Ι]
1469 2733 1583 2764 τίνων
1593 2732 1626 2764 A
1643 2731 1656 2775 Ι
1677 2730 1849 2777 γίνεσθαι
1862 2731 1894 2764 L
1907 2732 1992 2775 vulq.
2009 2731 2022 2773 fl
2040 2733 2083 2766 27
2105 2730 2151 2766 τὰ
2165 2729 2279 2778 πράγ-

1197 2788 1297 2818 ματα
1320 2788 1390 2818 om.‚
1423 2774 1619 2822 πράγματα
1637 2785 1715 2819 post
1736 2775 2032 2821 καταλειφθέντα
2056 2778 2134 2810 add.
2150 2777 2210 2822 ΑΙ
2236 2779 2279 2812 28

1199 2821 1396 2854 ἐπίσκοπον
1412 2822 1489 2853 τῶν
1503 2820 1634 2855 τόπων
1648 2823 1680 2855 A
1696 2821 1709 2864 ΙΙ
1726 2817 1844 2855 τόπον
1860 2822 2021 2855 Noniae-”⁸
2034 2822 2066 2863 2,
2079 2829 2096 2856 2
2114 2823 2127 2865 Ι
2144 2823 2187 2857 29
2209 2821 2279 2855 τὸν

1197 2866 1326 2898 τούτου
1348 2863 1551 2909 οἰκονόμον]
1583 2866 1655 2900 eius
1677 2877 1871 2899 oeconomos
1894 2877 1915 2903 ς
1971 2864 2109 2910 λαβεῖν]
2141 2863 2278 2911 λαμβά-

1198 2922 1275 2943 νειν
1283 2910 1460 2944 Naum-‘¹¹²¹
1470 2913 1522 2952 2,1
1542 2911 1556 2954 [Ι
1571 2914 1614 2947 30
1626 2911 1718 2946 πᾶσι
1730 2913 1759 2945 Α
1775 2910 1789 2955 11
1807 2913 1885 2945 ταῖς
1902 2913 2000 2946 om.S
2016 2913 2029 2955 fl
2044 2913 2083 2946 31
2105 2911 2199 2953 τοὺς]
2219 2914 2278 2944 καὶ

1199 2954 1278 2988 τοὺς
1300 2956 1332 2989 L
1350 2956 1362 2998 Ι
1377 2955 1455 2988 τῶν
1476 2952 1606 2990 τόπων
1629 2955 1845 2991 ἐπισκόπους
1865 2957 2031 2998 SALBg]
2064 2957 2279 2990 ἐπισκόπους

1196 3000 1274 3033 τῶν
1296 2998 1426 3034 τόπων
1451 3001 1494 3034 Μ

1269 3092 1283 3123 1
1310 3089 1468 3131 disposita
1491 3088 1571 3132 1³¹1!
1592 3090 1613 3123 2
1637 3090 1710 3122 uisa
1732 3090 1810 3132 ΙίῑΙΙ
1836 3091 1856 3123 6
1880 3089 2078 3122 xenodochii
2103 3089 2136 3122 T
2164 3099 2277 3121 sceno-

1199 3134 1298 3166 dochi
1318 3135 1348 3167 V
1362 3134 1375 3178 Ι
1391 3134 1623 3177 optocotrophi
1643 3135 1675 3167 V
1704 3134 1855 3176 pthochii
1882 3135 1938 3174 ΤΠ
1956 3134 2053 3166 aliter
2074 3133 2122 3166 V'
2140 3132 2153 3175 Ι
2171 3135 2189 3165 7
2213 3143 2275 3174 gu-

1198 3179 1408 3211 bernationes
1433 3180 1466 3212 T
1472 3180 1482 3199 ¹
1501 3179 1721 3219 “electionem
1744 3179 1933 3211 huiusmodi
1958 3179 2020 3218 Rss
2045 3179 2063 3211 8
2086 3177 2276 3210 comiserint

1208 3224 1264 3267 Vfl
1281 3226 1300 3258 9
1314 3223 1397 3265 eius]
1413 3225 1461 3256 eis
1478 3224 1535 3268 ΤΙ
1555 3226 1592 3259 11
1608 3224 1779 3256 inuenerit
1798 3224 1866 3256 VT
1878 3224 1890 3264 ΙΙ
1911 3224 1950 3256 12
1967 3222 2042 3254 aliis
2056 3222 2088 3253 R
2103 3225 2115 3262 Ε
2137 3224 2176 3254 15
2186 3224 2274 3255 rubr.

1200 3269 1248 3301 De
1263 3269 1488 3311 redemptione
1509 3270 1715 3312 captiuorum
1741 3271 1773 3301 et
1795 3268 1835 3301 de
1851 3267 2017 3299 alimoniis
2035 3265 2214 3306 (alimentis
2229 3266 2275 3307 T)

1200 3324 1381 3356 pauperum
1404 3314 1474 3347 ΒΤ
1493 3315 1526 3347 in
1550 3327 1651 3358 marq.
1676 3315 1728 3355 (ex
1747 3314 1825 3351 Iul.)
1851 3312 1862 3352 11
1896 3313 1935 3344 16
1959 3314 2017 3342 aut
2041 3323 2098 3343 om.
2115 3310 2149 3343 R
2176 3310 2190 3353 η
2216 3313 2276 3343 ant

1199 3360 1308 3401 legum
1340 3358 1499 3400 (legatum
1532 3359 1592 3399 17³)
1621 3377 1663 3382 —-
1687 3360 1746 3390 aut
1769 3355 1930 3393 inmobili!
1963 3367 2025 3387 scr.
2058 3354 2109 3387 V²
2132 3356 2165 3387 in
2188 3363 2274 3398 spat.

1199 3417 1268 3437 vac.
1291 3404 1304 3447 u
1332 3406 1370 3437 17
1395 3407 1454 3436 aut
1477 3403 1693 3435 inmobilibus
1718 3414 1775 3434 om.
1791 3400 1839 3432 R¹
1866 3400 1878 3440 ΙΙ
1910 3401 1949 3433 18
1973 3409 2031 3430 seu
2051 3399 2097 3439 V]
2127 3401 2187 3431 ant
2208 3399 2280 3432 ΒΤ

1199 3449 1266 3481 sive
1289 3449 1373 3491 vulq.
1390 3449 1403 3491 Ι]
1420 3448 1607 3481 toetationis
1626 3448 1674 3480 T¹
1699 3448 1886 3478 testatorem
1906 3444 1954 3475 Β*
1971 3443 1984 3485 ΙΙ
2003 3445 2043 3477 19
2064 3443 2173 3476 uisum
2189 3444 2240 3476 R²
2262 3443 2275 3488 fl

1200 3495 1241 3527 20
1265 3496 1374 3525 autem
1398 3503 1465 3525 non
1490 3506 1548 3526 om.
1572 3492 1604 3525 V
1626 3491 1639 3534 fl
1668 3492 1707 3523 21
1731 3488 1905 3529 reliquerit
1928 3488 2110 3529 praecimus
2133 3489 2167 3521 T
2189 3488 2202 3531 Ε
2230 3490 2273 3523 22

1164 3569 1168 3593 4
1200 3538 1346 3570 ciuitatis
1370 3538 1558 3580 episcopum
1581 3536 1613 3567 R
1636 3537 1647 3573 1!
1675 3535 1716 3567 23
1742 3536 1774 3565 et
1793 3546 1850 3565 om.
1865 3533 1913 3564 R¹
1932 3537 1943 3573 n
1966 3534 2010 3566 24
2034 3542 2186 3576 errogare
2211 3533 2274 3585 Τ]

1200 3585 1287 3615 rubr.
1312 3584 1361 3615 De
1377 3583 1430 3614 his
1453 3592 1510 3623 per
1531 3591 1613 3621 quos
1637 3579 1694 3610 fiat
1716 3577 1887 3619 redenptio
1901 3577 1935 3608 R
1952 3578 1985 3609 in
2002 3589 2104 3620 πων-9.
2120 3579 2132 3618 ΙΙ
2151 3579 2193 3612 25
2210 3577 2274 3610 ah-

1199 3627 1292 3668 quid]
1317 3630 1350 3659 et
1371 3626 1499 3667 aliquid
1514 3626 1547 3656 V
1558 3624 1570 3666 11
1586 3623 1794 3663 relinquatur
1816 3621 1886 3654 BT
1899 3619 1912 3664 fl
1928 3621 1971 3653 26
1994 3621 2080 3653 dixit
2104 3622 2138 3655 T
2148 3622 2161 3665 Ι
2178 3633 2274 3666 opor·

1200 3676 1247 3703 tet
1270 3671 1327 3714 ΓΙ]
1353 3672 1394 3703 28
1419 3669 1561 3702 eiusdem
1587 3667 1645 3708 Rss
1671 3676 1823 3698 conomos
1845 3665 1878 3698 R
1912 3675 2090 3708 yconomus
2114 3667 2163 3700 T¹
2197 3677 2273 3710 yco-

62 3708 122 3741 καὶ
135 3707 185 3750 μὴ
202 3709 389 3750 ονομαστὶ]
404 3707 454 3751 μὴ
470 3712 646 3752 ονομαστὶ
662 3706 702 3742 δὲ
713 3711 889 3744 Nemeam
898 3714 956 3753 2‚·2
970 3720 979 3748 1!
996 3716 1039 3747 26
1051 3715 1131 3756 εἴπη
1165 3717 1168 3743 2
1200 3726 1334 3747 numum
1361 3713 1411 3746 T²
1425 3716 1437 3756 Ι
1456 3715 1498 3746 29
1523 3711 1652 3753 impleri
1677 3711 1762 3752 libri,
1787 3723 1867 3744 corr.
1889 3712 1977 3753 vuly.

1937 3766 2005 3800 83*
