<?xml version="1.0" encoding="UTF-8"?>
<!DOCTYPE html PUBLIC "-//W3C//DTD XHTML 1.0 Transitional//EN"
    "http://www.w3.org/TR/xhtml1/DTD/xhtml1-transitional.dtd">
<html xmlns="http://www.w3.org/1999/xhtml" xml:lang="en" lang="en">
 <head>
  <title>
</title>
<meta http-equiv="Content-Type" content="text/html;charset=utf-8" />
  <meta name='ocr-system' content='tesseract 3.04.00' />
  <meta name='ocr-capabilities' content='ocr_page ocr_carea ocr_par ocr_line ocrx_word'/>
</head>
<body>
  <div class='ocr_page' id='page_1' title='image "./corpusjuriscivil00krueuoft_0776.png"; bbox 0 0 2476 3854; ppageno 0'>
   <div class='ocr_carea' id='block_1_1' title="bbox 80 72 1223 129">
    <p class='ocr_par' dir='ltr' id='par_1_1' title="bbox 80 72 1223 129">
     <span class='ocr_line' id='line_1_1' title="bbox 80 72 1223 129; baseline 0.004 -14"><span class='ocrx_word' id='word_1_1' title='bbox 80 73 187 117; x_wconf 86' lang='lat' dir='ltr'><em>Nov.</em></span> <span class='ocrx_word' id='word_1_2' title='bbox 210 72 384 116; x_wconf 87' lang='lat' dir='ltr'>CLXIII</span> <span class='ocrx_word' id='word_1_3' title='bbox 413 86 475 129; x_wconf 86' lang='lat' dir='ltr'><em>pr.</em></span> <span class='ocrx_word' id='word_1_4' title='bbox 500 76 535 118; x_wconf 89' lang='lat'><em>1.</em></span> <span class='ocrx_word' id='word_1_5' title='bbox 557 76 595 117; x_wconf 85' lang='lat'><em>2.</em></span> <span class='ocrx_word' id='word_1_6' title='bbox 1138 72 1223 120; x_wconf 82' lang='lat'><em>750</em></span> 
     </span>
    </p>
   </div>
   <div class='ocr_carea' id='block_1_2' title="bbox 77 181 2373 416">
    <p class='ocr_par' dir='ltr' id='par_1_2' title="bbox 77 181 2373 416">
     <span class='ocr_line' id='line_1_2' title="bbox 78 181 2307 237; baseline 0.004 -20"><span class='ocrx_word' id='word_1_7' title='bbox 78 183 171 218; x_wconf 82' lang='grc' dir='ltr'><strong><em>κατὰ</em></strong></span> <span class='ocrx_word' id='word_1_8' title='bbox 200 184 244 219; x_wconf 86' lang='grc' dir='ltr'><em>τὸ</em></span> <span class='ocrx_word' id='word_1_9' title='bbox 279 182 476 232; x_wconf 80' lang='grc' dir='ltr'><strong><em>ἀναγκαῖον</em></strong></span> <span class='ocrx_word' id='word_1_10' title='bbox 507 181 700 231; x_wconf 83' lang='grc' dir='ltr'><strong><em>προϊούσης</em></strong></span> <span class='ocrx_word' id='word_1_11' title='bbox 721 182 882 228; x_wconf 81' lang='grc' dir='ltr'><strong><em>δαπάνης</em></strong></span> <span class='ocrx_word' id='word_1_12' title='bbox 906 185 1127 230; x_wconf 73' lang='grc' dir='ltr'><strong><em>ἐπικειμένης</em></strong></span> <span class='ocrx_word' id='word_1_13' title='bbox 1149 188 1210 221; x_wconf 74' lang='grc' dir='ltr'><em>καὶ</em></span> <span class='ocrx_word' id='word_1_14' title='bbox 1233 183 1378 232; x_wconf 84' lang='grc' dir='ltr'><strong><em>σφόδρα</em></strong></span> <span class='ocrx_word' id='word_1_15' title='bbox 1399 189 1460 221; x_wconf 80' lang='grc' dir='ltr'><em>καὶ</em></span> <span class='ocrx_word' id='word_1_16' title='bbox 1479 186 1718 232; x_wconf 83' lang='grc' dir='ltr'><strong><em>συνωθούσης</em></strong></span> <span class='ocrx_word' id='word_1_17' title='bbox 1740 186 1831 234; x_wconf 81' lang='grc' dir='ltr'><strong><em>ἡμᾶς</em></strong></span> <span class='ocrx_word' id='word_1_18' title='bbox 1852 188 1996 225; x_wconf 75' lang='grc' dir='ltr'><strong><em>πολλοῖς</em></strong></span> <span class='ocrx_word' id='word_1_19' title='bbox 2019 192 2307 237; x_wconf 76' lang='grc' dir='ltr'><strong><em>περιρρεομένους</em></strong></span> 
     </span>
     <span class='ocr_line' id='line_1_3' title="bbox 79 225 2307 281; baseline 0.003 -17"><span class='ocrx_word' id='word_1_20' title='bbox 79 228 243 274; x_wconf 86' lang='grc' dir='ltr'><strong><em>πολέμοις</em></strong></span> <span class='ocrx_word' id='word_1_21' title='bbox 274 230 403 272; x_wconf 87' lang='grc' dir='ltr'><strong><em>συχνὰς</em></strong></span> <span class='ocrx_word' id='word_1_22' title='bbox 434 230 624 265; x_wconf 86' lang='grc' dir='ltr'><strong><em>ποιεῖσθαι</em></strong></span> <span class='ocrx_word' id='word_1_23' title='bbox 648 230 845 274; x_wconf 87' lang='grc' dir='ltr'><strong><em>χρημάτων</em></strong></span> <span class='ocrx_word' id='word_1_24' title='bbox 874 229 938 265; x_wconf 84' lang='grc' dir='ltr'><em>τάς</em></span> <span class='ocrx_word' id='word_1_25' title='bbox 968 229 1157 266; x_wconf 75' lang='grc' dir='ltr'><strong><em>ἐπιδόσεις.</em></strong></span> <span class='ocrx_word' id='word_1_26' title='bbox 1205 232 1491 277; x_wconf 80' lang='grc' dir='ltr'><strong><em>έμεριμνήσαμεν</em></strong></span> <span class='ocrx_word' id='word_1_27' title='bbox 1520 225 1587 266; x_wconf 74' lang='grc' dir='ltr'><em>οὗν</em></span> <span class='ocrx_word' id='word_1_28' title='bbox 1612 232 1760 277; x_wconf 81' lang='grc' dir='ltr'><strong><em>ἱκανῶς,</em></strong></span> <span class='ocrx_word' id='word_1_29' title='bbox 1793 234 1872 269; x_wconf 88' lang='grc' dir='ltr'><em>πῶς</em></span> <span class='ocrx_word' id='word_1_30' title='bbox 1901 232 1948 269; x_wconf 77' lang='grc' dir='ltr'><em>ἂν</em></span> <span class='ocrx_word' id='word_1_31' title='bbox 1976 237 2117 281; x_wconf 88' lang='grc' dir='ltr'><strong><em>γένοιτο</em></strong></span> <span class='ocrx_word' id='word_1_32' title='bbox 2146 238 2207 269; x_wconf 80' lang='grc' dir='ltr'><em>καὶ</em></span> <span class='ocrx_word' id='word_1_33' title='bbox 2239 235 2307 279; x_wconf 87' lang='grc' dir='ltr'><em>τὴν</em></span> 
     </span>
     <span class='ocr_line' id='line_1_4' title="bbox 77 271 2308 325; baseline 0.003 -17"><span class='ocrx_word' id='word_1_34' title='bbox 77 278 199 319; x_wconf 83' lang='grc' dir='ltr'><strong><em>χρείαν</em></strong></span> <span class='ocrx_word' id='word_1_35' title='bbox 220 274 409 320; x_wconf 81' lang='grc' dir='ltr'><strong><em>πληρῶσαι</em></strong></span> <span class='ocrx_word' id='word_1_36' title='bbox 429 278 487 309; x_wconf 82' lang='grc' dir='ltr'><em>καὶ</em></span> <span class='ocrx_word' id='word_1_37' title='bbox 514 276 591 309; x_wconf 89' lang='grc' dir='ltr'><em>τῶν</em></span> <span class='ocrx_word' id='word_1_38' title='bbox 615 271 789 317; x_wconf 75' lang='grc' dir='ltr'><strong><em>ὗπηκόων</em></strong></span> <span class='ocrx_word' id='word_1_39' title='bbox 812 274 881 319; x_wconf 89' lang='grc' dir='ltr'><em>τὴν</em></span> <span class='ocrx_word' id='word_1_40' title='bbox 905 274 1048 310; x_wconf 79' lang='grc' dir='ltr'><strong><em>ἔνδειαν</em></strong></span> <span class='ocrx_word' id='word_1_41' title='bbox 1073 276 1311 323; x_wconf 78' lang='grc' dir='ltr'><strong><em>θεραπεῦσαι,</em></strong></span> <span class='ocrx_word' id='word_1_42' title='bbox 1335 276 1426 322; x_wconf 85' lang='grc' dir='ltr'><strong><em>πρὸς</em></strong></span> <span class='ocrx_word' id='word_1_43' title='bbox 1447 275 1563 312; x_wconf 83' lang='grc' dir='ltr'><strong><em>πολλά</em></strong></span> <span class='ocrx_word' id='word_1_44' title='bbox 1587 291 1627 312; x_wconf 88' lang='grc' dir='ltr'><em>τε</em></span> <span class='ocrx_word' id='word_1_45' title='bbox 1648 281 1879 324; x_wconf 82' lang='grc' dir='ltr'><strong><em>μεριζομένης</em></strong></span> <span class='ocrx_word' id='word_1_46' title='bbox 1901 276 1987 324; x_wconf 77' lang='grc' dir='ltr'><strong><em>ἡμῖν</em></strong></span> <span class='ocrx_word' id='word_1_47' title='bbox 2010 281 2072 323; x_wconf 71' lang='grc' dir='ltr'><em>τῆς</em></span> <span class='ocrx_word' id='word_1_48' title='bbox 2094 283 2176 325; x_wconf 80' lang='grc' dir='ltr'><strong><em>περὶ</em></strong></span> <span class='ocrx_word' id='word_1_49' title='bbox 2191 281 2308 315; x_wconf 84' lang='grc' dir='ltr'><strong><em>ταῦτα</em></strong></span> 
     </span>
     <span class='ocr_line' id='line_1_5' title="bbox 77 316 2305 369; baseline 0.003 -16"><span class='ocrx_word' id='word_1_50' title='bbox 77 316 221 365; x_wconf 84' lang='grc' dir='ltr'><strong><em>γνώμης</em></strong></span> <span class='ocrx_word' id='word_1_51' title='bbox 251 319 447 363; x_wconf 77' lang='grc' dir='ltr'><strong><em>ἐκράτησεν</em></strong></span> <span class='ocrx_word' id='word_1_52' title='bbox 477 316 499 354; x_wconf 80' lang='grc' dir='ltr'><em>ὅ</em></span> <span class='ocrx_word' id='word_1_53' title='bbox 529 331 576 354; x_wconf 88' lang='grc' dir='ltr'><em>ως</em></span> <span class='ocrx_word' id='word_1_54' title='bbox 600 319 644 353; x_wconf 90' lang='grc' dir='ltr'><em>τὸ</em></span> <span class='ocrx_word' id='word_1_55' title='bbox 675 318 814 364; x_wconf 84' lang='grc' dir='ltr'><strong><em>μᾶλλον</em></strong></span> <span class='ocrx_word' id='word_1_56' title='bbox 837 320 926 365; x_wconf 85' lang='grc' dir='ltr'><strong><em>πρὸς</em></strong></span> <span class='ocrx_word' id='word_1_57' title='bbox 948 319 1237 366; x_wconf 71' lang='grc' dir='ltr'><strong><em>φιλανθρωπίαν</em></strong></span> <span class='ocrx_word' id='word_1_58' title='bbox 1261 320 1351 356; x_wconf 85' lang='grc' dir='ltr'><strong><em>ἰδεῖν</em></strong></span> <span class='ocrx_word' id='word_1_59' title='bbox 1374 325 1435 355; x_wconf 84' lang='grc' dir='ltr'><em>καὶ</em></span> <span class='ocrx_word' id='word_1_60' title='bbox 1454 323 1516 364; x_wconf 83' lang='grc' dir='ltr'><em>τῆς</em></span> <span class='ocrx_word' id='word_1_61' title='bbox 1539 318 1752 368; x_wconf 80' lang='grc' dir='ltr'><strong><em>ἅρεσκούσης</em></strong></span> <span class='ocrx_word' id='word_1_62' title='bbox 1775 324 1855 367; x_wconf 79' lang='grc' dir='ltr'><em>θεῷ</em></span> <span class='ocrx_word' id='word_1_63' title='bbox 1879 322 2100 369; x_wconf 79' lang='grc' dir='ltr'><strong><em>μεταδοῦναι</em></strong></span> <span class='ocrx_word' id='word_1_64' title='bbox 2123 328 2196 360; x_wconf 83' lang='grc' dir='ltr'><strong><em>τοῖς</em></strong></span> <span class='ocrx_word' id='word_1_65' title='bbox 2217 322 2305 360; x_wconf 83' lang='grc' dir='ltr'><strong><em>ὖπο-</em></strong></span> 
     </span>
     <span class='ocr_line' id='line_1_6' title="bbox 79 363 2373 416; baseline 0.003 -18"><span class='ocrx_word' id='word_1_66' title='bbox 79 363 193 399; x_wconf 83' lang='grc' dir='ltr'><strong><em>τελέσι</em></strong></span> <span class='ocrx_word' id='word_1_67' title='bbox 217 365 404 409; x_wconf 84' lang='grc' dir='ltr'><strong><em>βοηθείας,</em></strong></span> <span class='ocrx_word' id='word_1_68' title='bbox 424 364 466 400; x_wconf 85' lang='grc' dir='ltr'><em>τὸ</em></span> <span class='ocrx_word' id='word_1_69' title='bbox 516 366 533 398; x_wconf 73' lang='grc' dir='ltr'><strong><em>ὲ</em></strong></span> <span class='ocrx_word' id='word_1_70' title='bbox 555 363 679 400; x_wconf 82' lang='grc' dir='ltr'><strong><em>λεῖπον</em></strong></span> <span class='ocrx_word' id='word_1_71' title='bbox 702 367 775 399; x_wconf 83' lang='grc' dir='ltr'><strong><em>τοῖς</em></strong></span> <span class='ocrx_word' id='word_1_72' title='bbox 798 368 928 400; x_wconf 86' lang='grc' dir='ltr'><strong><em>κοινοῖς</em></strong></span> <span class='ocrx_word' id='word_1_73' title='bbox 953 363 1213 410; x_wconf 79' lang='grc' dir='ltr'><strong><em>δαπανήμασιν</em></strong></span> <span class='ocrx_word' id='word_1_74' title='bbox 1235 368 1274 400; x_wconf 77' lang='grc' dir='ltr'><em>ἐκ</em></span> <span class='ocrx_word' id='word_1_75' title='bbox 1297 367 1375 401; x_wconf 88' lang='grc' dir='ltr'><em>τῶν</em></span> <span class='ocrx_word' id='word_1_76' title='bbox 1394 366 1595 411; x_wconf 81' lang='grc' dir='ltr'><strong><em>βασιλικῶν</em></strong></span> <span class='ocrx_word' id='word_1_77' title='bbox 1618 365 1886 416; x_wconf 81' lang='grc' dir='ltr'><strong><em>ἀντειςαγαγεῖν</em></strong></span> <span class='ocrx_word' id='word_1_78' title='bbox 1909 370 2119 414; x_wconf 75' lang='grc' dir='ltr'><strong><em>θησαυρῶν.</em></strong></span> <span class='ocrx_word' id='word_1_79' title='bbox 2353 373 2373 405; x_wconf 88' lang='grc'><strong>5</strong></span> 
     </span>
    </p>
   </div>
   <div class='ocr_carea' id='block_1_3' title="bbox 1094 455 1303 492">
    <p class='ocr_par' dir='ltr' id='par_1_3' title="bbox 1094 455 1303 492">
     <span class='ocr_line' id='line_1_7' title="bbox 1094 455 1303 492; baseline 0 -1"><span class='ocrx_word' id='word_1_80' title='bbox 1094 455 1251 491; x_wconf 86' lang='lat' dir='ltr'>CAPUT</span> <span class='ocrx_word' id='word_1_81' title='bbox 1274 456 1303 492; x_wconf 91' lang='grc' dir='ltr'><em>Ι.</em></span> 
     </span>
    </p>
   </div>
   <div class='ocr_carea' id='block_1_4' title="bbox 77 508 2374 832">
    <p class='ocr_par' dir='ltr' id='par_1_4' title="bbox 77 508 2374 832">
     <span class='ocr_line' id='line_1_8' title="bbox 209 508 2309 561; baseline 0.002 -16"><span class='ocrx_word' id='word_1_82' title='bbox 209 508 425 545; x_wconf 76' lang='grc' dir='ltr'><strong><em>Ἀναθέντες</em></strong></span> <span class='ocrx_word' id='word_1_83' title='bbox 451 510 645 559; x_wconf 74' lang='grc' dir='ltr'><strong><em>τοιγαροῦν</em></strong></span> <span class='ocrx_word' id='word_1_84' title='bbox 676 514 735 545; x_wconf 82' lang='grc' dir='ltr'><em>καὶ</em></span> <span class='ocrx_word' id='word_1_85' title='bbox 765 510 904 554; x_wconf 79' lang='grc' dir='ltr'><strong><em>ταύτην</em></strong></span> <span class='ocrx_word' id='word_1_86' title='bbox 928 510 1032 556; x_wconf 81' lang='grc' dir='ltr'><strong><em>ἡμῶν</em></strong></span> <span class='ocrx_word' id='word_1_87' title='bbox 1056 512 1125 555; x_wconf 81' lang='grc' dir='ltr'><em>τὴν</em></span> <span class='ocrx_word' id='word_1_88' title='bbox 1148 510 1324 558; x_wconf 82' lang='grc' dir='ltr'><strong><em>φροντίδα</em></strong></span> <span class='ocrx_word' id='word_1_89' title='bbox 1348 513 1401 556; x_wconf 79' lang='grc' dir='ltr'><em>τῷ</em></span> <span class='ocrx_word' id='word_1_90' title='bbox 1423 510 1583 558; x_wconf 85' lang='grc' dir='ltr'><strong><em>δεσπότη</em></strong></span> <span class='ocrx_word' id='word_1_91' title='bbox 1607 515 1769 560; x_wconf 78' lang='grc' dir='ltr'><strong><em>Χριστῷ,</em></strong></span> <span class='ocrx_word' id='word_1_92' title='bbox 1793 518 1853 549; x_wconf 81' lang='grc' dir='ltr'><em>καὶ</em></span> <span class='ocrx_word' id='word_1_93' title='bbox 1876 517 2065 561; x_wconf 77' lang='grc' dir='ltr'><strong><em>πρέποντα</em></strong></span> <span class='ocrx_word' id='word_1_94' title='bbox 2088 515 2309 561; x_wconf 88' lang='grc' dir='ltr'><strong><em>πράττοντες</em></strong></span> 
     </span>
     <span class='ocr_line' id='line_1_9' title="bbox 77 550 2306 608; baseline 0.003 -19"><span class='ocrx_word' id='word_1_95' title='bbox 77 558 154 590; x_wconf 85' lang='grc' dir='ltr'><strong><em>ταῖς</em></strong></span> <span class='ocrx_word' id='word_1_96' title='bbox 185 554 384 600; x_wconf 77' lang='grc' dir='ltr'><strong><em>παρούσαις</em></strong></span> <span class='ocrx_word' id='word_1_97' title='bbox 415 558 478 599; x_wconf 89' lang='grc' dir='ltr'><em>τῆς</em></span> <span class='ocrx_word' id='word_1_98' title='bbox 500 555 652 602; x_wconf 75' lang='grc' dir='ltr'><strong><em>μεγάλης</em></strong></span> <span class='ocrx_word' id='word_1_99' title='bbox 675 556 797 601; x_wconf 83' lang='grc' dir='ltr'><strong><em>ἑορτῆς</em></strong></span> <span class='ocrx_word' id='word_1_100' title='bbox 820 554 965 603; x_wconf 78' lang='grc' dir='ltr'><strong><em>ἡμέραις</em></strong></span> <span class='ocrx_word' id='word_1_101' title='bbox 984 559 1048 591; x_wconf 85' lang='grc' dir='ltr'><em>τοῦ</em></span> <span class='ocrx_word' id='word_1_102' title='bbox 1074 554 1324 602; x_wconf 82' lang='grc' dir='ltr'><strong><em>σωτηριώδους</em></strong></span> <span class='ocrx_word' id='word_1_103' title='bbox 1347 558 1492 592; x_wconf 86' lang='grc' dir='ltr'><strong><em>πάθους</em></strong></span> <span class='ocrx_word' id='word_1_104' title='bbox 1513 550 1573 592; x_wconf 68' lang='grc' dir='ltr'><em>καὶ</em></span> <span class='ocrx_word' id='word_1_105' title='bbox 1597 561 1661 602; x_wconf 85' lang='grc' dir='ltr'><em>τῆς</em></span> <span class='ocrx_word' id='word_1_106' title='bbox 1685 557 1785 607; x_wconf 78' lang='grc' dir='ltr'><strong><em>ἁγίας</em></strong></span> <span class='ocrx_word' id='word_1_107' title='bbox 1805 558 1916 595; x_wconf 77' lang='grc' dir='ltr'><strong><em>αὐτοῦ</em></strong></span> <span class='ocrx_word' id='word_1_108' title='bbox 1937 559 2180 604; x_wconf 83' lang='grc' dir='ltr'><strong><em>ἀναστάσεως,</em></strong></span> <span class='ocrx_word' id='word_1_109' title='bbox 2205 572 2306 608; x_wconf 85' lang='grc' dir='ltr'><strong><em>προς-</em></strong></span> 
     </span>
     <span class='ocr_line' id='line_1_10' title="bbox 78 595 2309 653; baseline 0.003 -19"><span class='ocrx_word' id='word_1_110' title='bbox 78 601 212 647; x_wconf 88' lang='grc' dir='ltr'><strong><em>άγομεν</em></strong></span> <span class='ocrx_word' id='word_1_111' title='bbox 242 599 334 647; x_wconf 80' lang='grc' dir='ltr'><strong><em>ὑπὲρ</em></strong></span> <span class='ocrx_word' id='word_1_112' title='bbox 362 601 428 635; x_wconf 76' lang='grc' dir='ltr'><em>τοῦ</em></span> <span class='ocrx_word' id='word_1_113' title='bbox 460 599 717 645; x_wconf 84' lang='grc' dir='ltr'><strong><em>πολιτεύματος</em></strong></span> <span class='ocrx_word' id='word_1_114' title='bbox 740 599 887 636; x_wconf 82' lang='grc' dir='ltr'><strong><em>εἰκότως</em></strong></span> <span class='ocrx_word' id='word_1_115' title='bbox 911 601 1013 646; x_wconf 75' lang='grc' dir='ltr'><strong><em>αὐτῷ</em></strong></span> <span class='ocrx_word' id='word_1_116' title='bbox 1035 605 1095 636; x_wconf 82' lang='grc' dir='ltr'><em>καὶ</em></span> <span class='ocrx_word' id='word_1_117' title='bbox 1119 603 1187 645; x_wconf 83' lang='grc' dir='ltr'><em>τὴν</em></span> <span class='ocrx_word' id='word_1_118' title='bbox 1211 603 1271 636; x_wconf 81' lang='grc' dir='ltr'><em>ἐπὶ</em></span> <span class='ocrx_word' id='word_1_119' title='bbox 1292 603 1356 636; x_wconf 84' lang='grc' dir='ltr'><em>τοῦ</em></span> <span class='ocrx_word' id='word_1_120' title='bbox 1381 602 1560 649; x_wconf 87' lang='grc' dir='ltr'><strong><em>παρόντος</em></strong></span> <span class='ocrx_word' id='word_1_121' title='bbox 1585 601 1738 651; x_wconf 85' lang='grc' dir='ltr'><strong><em>δωρεάν,</em></strong></span> <span class='ocrx_word' id='word_1_122' title='bbox 1762 601 1807 639; x_wconf 81' lang='grc' dir='ltr'><em>δι’</em></span> <span class='ocrx_word' id='word_1_123' title='bbox 1833 595 1872 649; x_wconf 73' lang='grc' dir='ltr'><em>ἦς</em></span> <span class='ocrx_word' id='word_1_124' title='bbox 1896 606 2123 643; x_wconf 78' lang='lat' dir='ltr'><strong>concedimus</strong></span> <span class='ocrx_word' id='word_1_125' title='bbox 2141 608 2309 653; x_wconf 81' lang='grc' dir='ltr'><strong><em>γεωργοῖς</em></strong></span> 
     </span>
     <span class='ocr_line' id='line_1_11' title="bbox 78 643 2308 695; baseline 0.003 -15"><span class='ocrx_word' id='word_1_126' title='bbox 78 659 117 680; x_wconf 87' lang='grc' dir='ltr'><em>τε</em></span> <span class='ocrx_word' id='word_1_127' title='bbox 148 648 206 679; x_wconf 83' lang='grc' dir='ltr'><em>καὶ</em></span> <span class='ocrx_word' id='word_1_128' title='bbox 237 644 483 681; x_wconf 81' lang='grc' dir='ltr'><strong><em>συντελεσταῖς</em></strong></span> <span class='ocrx_word' id='word_1_129' title='bbox 509 643 626 682; x_wconf 85' lang='grc' dir='ltr'><strong><em>ἅπασι</em></strong></span> <span class='ocrx_word' id='word_1_130' title='bbox 657 643 809 689; x_wconf 78' lang='grc' dir='ltr'><strong><em>(ταύτὸν</em></strong></span> <span class='ocrx_word' id='word_1_131' title='bbox 839 645 881 681; x_wconf 88' lang='grc' dir='ltr'><em>δέ</em></span> <span class='ocrx_word' id='word_1_132' title='bbox 909 648 1010 681; x_wconf 79' lang='grc' dir='ltr'><strong><em>ἐστιν</em></strong></span> <span class='ocrx_word' id='word_1_133' title='bbox 1043 648 1158 681; x_wconf 83' lang='grc' dir='ltr'><strong><em>εἰπεῖν</em></strong></span> <span class='ocrx_word' id='word_1_134' title='bbox 1180 650 1253 681; x_wconf 88' lang='grc' dir='ltr'><strong><em>τοῖς</em></strong></span> <span class='ocrx_word' id='word_1_135' title='bbox 1269 649 1347 681; x_wconf 89' lang='grc' dir='ltr'><em>τῶν</em></span> <span class='ocrx_word' id='word_1_136' title='bbox 1369 651 1516 693; x_wconf 83' lang='grc' dir='ltr'><strong><em>χωρίων</em></strong></span> <span class='ocrx_word' id='word_1_137' title='bbox 1534 653 1676 694; x_wconf 82' lang='grc' dir='ltr'><strong><em>κυρίοις)</em></strong></span> <span class='ocrx_word' id='word_1_138' title='bbox 1699 650 1874 695; x_wconf 79' lang='lat' dir='ltr'><em>integrum</em></span> <span class='ocrx_word' id='word_1_139' title='bbox 1899 662 2009 687; x_wconf 88' lang='lat' dir='ltr'><em>unum</em></span> <span class='ocrx_word' id='word_1_140' title='bbox 2033 661 2206 687; x_wconf 83' lang='lat' dir='ltr'><em>canonem</em></span> <span class='ocrx_word' id='word_1_141' title='bbox 2229 652 2308 686; x_wconf 83' lang='grc' dir='ltr'><em>τῶν</em></span> 
     </span>
     <span class='ocr_line' id='line_1_12' title="bbox 78 689 2374 740; baseline 0.003 -15"><span class='ocrx_word' id='word_1_142' title='bbox 78 689 262 735; x_wconf 83' lang='grc' dir='ltr'><strong><em>δημοσίων</em></strong></span> <span class='ocrx_word' id='word_1_143' title='bbox 293 689 420 737; x_wconf 83' lang='grc' dir='ltr'><strong><em>φόρων</em></strong></span> <span class='ocrx_word' id='word_1_144' title='bbox 449 693 536 735; x_wconf 84' lang='grc' dir='ltr'><strong><em>[τῆς]</em></strong></span> <span class='ocrx_word' id='word_1_145' title='bbox 568 691 615 726; x_wconf 87' lang='grc' dir='ltr'><em>εἰς</em></span> <span class='ocrx_word' id='word_1_146' title='bbox 642 691 911 736; x_wconf 80' lang='lat' dir='ltr'><strong>quadriennium</strong></span> <span class='ocrx_word' id='word_1_147' title='bbox 943 690 1198 738; x_wconf 79' lang='grc' dir='ltr'><strong><em>διαιρουμένης,</em></strong></span> <span class='ocrx_word' id='word_1_148' title='bbox 1231 695 1396 727; x_wconf 82' lang='grc' dir='ltr'><strong><em>τουτέστι</em></strong></span> <span class='ocrx_word' id='word_1_149' title='bbox 1427 694 1490 736; x_wconf 82' lang='grc' dir='ltr'><em>τῆς</em></span> <span class='ocrx_word' id='word_1_150' title='bbox 1519 696 1586 737; x_wconf 79' lang='grc' dir='ltr'><em>μὲν</em></span> <span class='ocrx_word' id='word_1_151' title='bbox 1617 694 1891 740; x_wconf 82' lang='grc' dir='ltr'><strong><em>εἰςελευσομένης</em></strong></span> <span class='ocrx_word' id='word_1_152' title='bbox 1914 697 2041 739; x_wconf 73' lang='grc' dir='ltr'><strong><em>ἐνάτης</em></strong></span> <span class='ocrx_word' id='word_1_153' title='bbox 2064 695 2307 740; x_wconf 74' lang='grc' dir='ltr'><strong><em>ἑπινεμήσεως</em></strong></span> <span class='ocrx_word' id='word_1_154' title='bbox 2334 699 2374 732; x_wconf 88' lang='grc'><em>10</em></span> 
     </span>
     <span class='ocr_line' id='line_1_13' title="bbox 77 734 2308 795; baseline 0.003 -26"><span class='ocrx_word' id='word_1_155' title='bbox 77 734 255 782; x_wconf 82' lang='grc' dir='ltr'><strong><em>τετάρτην</em></strong></span> <span class='ocrx_word' id='word_1_156' title='bbox 284 736 413 770; x_wconf 89' lang='grc' dir='ltr'><strong><em>τούτου</em></strong></span> <span class='ocrx_word' id='word_1_157' title='bbox 437 740 580 783; x_wconf 81' lang='grc' dir='ltr'><strong><em>μοῖραν,</em></strong></span> <span class='ocrx_word' id='word_1_158' title='bbox 610 738 673 779; x_wconf 80' lang='grc' dir='ltr'><em>τῆς</em></span> <span class='ocrx_word' id='word_1_159' title='bbox 697 734 737 771; x_wconf 78' lang='grc' dir='ltr'><em>δὲ</em></span> <span class='ocrx_word' id='word_1_160' title='bbox 758 737 850 780; x_wconf 79' lang='grc' dir='ltr'><strong><em>μετὰ</em></strong></span> <span class='ocrx_word' id='word_1_161' title='bbox 871 737 1010 779; x_wconf 85' lang='grc' dir='ltr'><strong><em>ταύτην</em></strong></span> <span class='ocrx_word' id='word_1_162' title='bbox 1033 736 1182 781; x_wconf 81' lang='grc' dir='ltr'><strong><em>δεκάτης</em></strong></span> <span class='ocrx_word' id='word_1_163' title='bbox 1206 738 1382 772; x_wconf 78' lang='grc' dir='ltr'><strong><em>τοσοῦτον</em></strong></span> <span class='ocrx_word' id='word_1_164' title='bbox 1405 740 1529 784; x_wconf 79' lang='grc' dir='ltr'><strong><em>ἕτερον</em></strong></span> <span class='ocrx_word' id='word_1_165' title='bbox 1551 741 1665 795; x_wconf 80' lang='grc' dir='ltr'><strong><em>μέρος,</em></strong></span> <span class='ocrx_word' id='word_1_166' title='bbox 1689 738 1822 783; x_wconf 84' lang='grc' dir='ltr'><strong><em>ὁμοίως</em></strong></span> <span class='ocrx_word' id='word_1_167' title='bbox 1843 744 1904 775; x_wconf 73' lang='grc' dir='ltr'><em>καὶ</em></span> <span class='ocrx_word' id='word_1_168' title='bbox 1927 743 1989 784; x_wconf 79' lang='grc' dir='ltr'><em>τῆς</em></span> <span class='ocrx_word' id='word_1_169' title='bbox 2012 739 2201 785; x_wconf 74' lang='grc' dir='ltr'><strong><em>ἑνδεκάτης</em></strong></span> <span class='ocrx_word' id='word_1_170' title='bbox 2223 741 2308 787; x_wconf 84' lang='grc' dir='ltr'><strong><em>(καὶ</em></strong></span> 
     </span>
     <span class='ocr_line' id='line_1_14' title="bbox 78 778 2310 832; baseline 0.003 -18"><span class='ocrx_word' id='word_1_171' title='bbox 78 779 304 826; x_wconf 84' lang='grc' dir='ltr'><strong><em>δωδεκάτης&gt;</em></strong></span> <span class='ocrx_word' id='word_1_172' title='bbox 335 780 577 827; x_wconf 78' lang='grc' dir='ltr'><strong><em>έπινεμήσεως</em></strong></span> <span class='ocrx_word' id='word_1_173' title='bbox 609 778 681 816; x_wconf 60' lang='lat' dir='ltr'><em>abaci</em></span> <span class='ocrx_word' id='word_1_174' title='bbox 713 783 890 827; x_wconf 87' lang='grc' dir='ltr'><strong><em>τετάρτην</em></strong></span> <span class='ocrx_word' id='word_1_175' title='bbox 917 785 1058 828; x_wconf 90' lang='grc' dir='ltr'><strong><em>μοῖραν,</em></strong></span> <span class='ocrx_word' id='word_1_176' title='bbox 1091 785 1413 826; x_wconf 82' lang='grc' dir='ltr'><strong><em>συναπομειοῦντες</em></strong></span> <span class='ocrx_word' id='word_1_177' title='bbox 1436 787 1496 817; x_wconf 85' lang='grc' dir='ltr'><em>καὶ</em></span> <span class='ocrx_word' id='word_1_178' title='bbox 1519 796 1584 819; x_wconf 84' lang='grc' dir='ltr'><em>τας</em></span> <span class='ocrx_word' id='word_1_179' title='bbox 1607 781 1772 820; x_wconf 79' lang='grc' dir='ltr'><strong><em>ὁπωςοῦν</em></strong></span> <span class='ocrx_word' id='word_1_180' title='bbox 1790 783 1883 832; x_wconf 73' lang='grc' dir='ltr'><strong><em>ὑπὲρ</em></strong></span> <span class='ocrx_word' id='word_1_181' title='bbox 1901 787 2044 821; x_wconf 89' lang='grc' dir='ltr'><strong><em>τούτων</em></strong></span> <span class='ocrx_word' id='word_1_182' title='bbox 2068 789 2310 832; x_wconf 76' lang='grc' dir='ltr'><strong><em>παρεχομένας</em></strong></span> 
     </span>
    </p>
   </div>
   <div class='ocr_carea' id='block_1_5' title="bbox 78 826 1299 909">
    <p class='ocr_par' dir='ltr' id='par_1_5' title="bbox 78 826 1299 909">
     <span class='ocr_line' id='line_1_15' title="bbox 78 826 378 869; baseline 0.007 -9"><span class='ocrx_word' id='word_1_183' title='bbox 78 830 152 860; x_wconf 88' lang='grc' dir='ltr'><strong><em>τισὶ</em></strong></span> <span class='ocrx_word' id='word_1_184' title='bbox 173 826 378 869; x_wconf 89' lang='grc' dir='ltr'><strong><em>συνηθείας.</em></strong></span> 
     </span>
     <span class='ocr_line' id='line_1_16' title="bbox 1073 872 1299 909; baseline 0 -1"><span class='ocrx_word' id='word_1_185' title='bbox 1073 872 1229 909; x_wconf 81' lang='lat' dir='ltr'>CAPUT</span> <span class='ocrx_word' id='word_1_186' title='bbox 1254 872 1299 908; x_wconf 86' lang='grc' dir='ltr'><em>ΙΙ.</em></span> 
     </span>
    </p>
   </div>
   <div class='ocr_carea' id='block_1_6' title="bbox 1909 91 2307 125">
    <p class='ocr_par' dir='ltr' id='par_1_6' title="bbox 1909 91 2307 125">
     <span class='ocr_line' id='line_1_17' title="bbox 1909 91 2307 125; baseline 0.003 -4"><span class='ocrx_word' id='word_1_187' title='bbox 1909 91 1967 122; x_wconf 79' lang='lat' dir='ltr'><em>DE</em></span> <span class='ocrx_word' id='word_1_188' title='bbox 1995 91 2307 125; x_wconf 75' lang='lat' dir='ltr'>RELEVA&#39;HONE</span> 
     </span>
    </p>
   </div>
   <div class='ocr_carea' id='block_1_7' title="bbox 78 925 2376 1744">
    <p class='ocr_par' dir='ltr' id='par_1_7' title="bbox 78 925 2376 1744">
     <span class='ocr_line' id='line_1_18' title="bbox 210 925 2309 977; baseline 0.002 -15"><span class='ocrx_word' id='word_1_189' title='bbox 210 925 375 973; x_wconf 77' lang='grc' dir='ltr'><strong><em>Ἀφίεμεν</em></strong></span> <span class='ocrx_word' id='word_1_190' title='bbox 407 925 448 961; x_wconf 78' lang='grc' dir='ltr'><em>δὶ</em></span> <span class='ocrx_word' id='word_1_191' title='bbox 477 925 616 963; x_wconf 81' lang='grc' dir='ltr'><strong><em>τούτοις</em></strong></span> <span class='ocrx_word' id='word_1_192' title='bbox 646 930 706 962; x_wconf 81' lang='grc' dir='ltr'><em>καὶ</em></span> <span class='ocrx_word' id='word_1_193' title='bbox 736 927 783 962; x_wconf 82' lang='grc' dir='ltr'><em>τὰ</em></span> <span class='ocrx_word' id='word_1_194' title='bbox 813 926 1032 973; x_wconf 79' lang='grc' dir='ltr'><strong><em>ἐλλείμματα</em></strong></span> <span class='ocrx_word' id='word_1_195' title='bbox 1063 930 1126 964; x_wconf 82' lang='grc' dir='ltr'><em>τοῦ</em></span> <span class='ocrx_word' id='word_1_196' title='bbox 1159 927 1372 975; x_wconf 87' lang='grc' dir='ltr'><strong><em>φθάσαντος</em></strong></span> <span class='ocrx_word' id='word_1_197' title='bbox 1404 929 1534 976; x_wconf 89' lang='grc' dir='ltr'><strong><em>χρόνου</em></strong></span> <span class='ocrx_word' id='word_1_198' title='bbox 1565 933 1667 975; x_wconf 78' lang='grc' dir='ltr'><strong><em>μέχρι</em></strong></span> <span class='ocrx_word' id='word_1_199' title='bbox 1692 934 1845 977; x_wconf 88' lang='grc' dir='ltr'><strong><em>πέρατος</em></strong></span> <span class='ocrx_word' id='word_1_200' title='bbox 1867 931 1930 975; x_wconf 83' lang='grc' dir='ltr'><em>τῆς</em></span> <span class='ocrx_word' id='word_1_201' title='bbox 1952 929 2033 976; x_wconf 76' lang='grc' dir='ltr'><strong><em>ἄρτι</em></strong></span> <span class='ocrx_word' id='word_1_202' title='bbox 2055 930 2309 977; x_wconf 73' lang='grc' dir='ltr'><strong><em>παρελθούσης</em></strong></span> 
     </span>
     <span class='ocr_line' id='line_1_19' title="bbox 79 964 2374 1023; baseline 0.001 -14"><span class='ocrx_word' id='word_1_203' title='bbox 79 973 223 1020; x_wconf 75' lang='lat' dir='ltr'><strong>quintae</strong></span> <span class='ocrx_word' id='word_1_204' title='bbox 248 972 498 1018; x_wconf 77' lang='grc' dir='ltr'><strong><em>ἐπινεμησεως,</em></strong></span> <span class='ocrx_word' id='word_1_205' title='bbox 523 976 583 1006; x_wconf 82' lang='grc' dir='ltr'><em>καὶ</em></span> <span class='ocrx_word' id='word_1_206' title='bbox 607 973 832 1018; x_wconf 86' lang='grc' dir='ltr'><strong><em>θεσπίζομεν</em></strong></span> <span class='ocrx_word' id='word_1_207' title='bbox 855 972 1035 1018; x_wconf 88' lang='grc' dir='ltr'><strong><em>μηδεμίαν</em></strong></span> <span class='ocrx_word' id='word_1_208' title='bbox 1059 973 1242 1020; x_wconf 77' lang='grc' dir='ltr'><strong><em>εἶ’ςπραξιν</em></strong></span> <span class='ocrx_word' id='word_1_209' title='bbox 1263 974 1439 1021; x_wconf 87' lang='grc' dir='ltr'><strong><em>γενέσθαι</em></strong></span> <span class='ocrx_word' id='word_1_210' title='bbox 1462 976 1540 1010; x_wconf 89' lang='grc' dir='ltr'><em>τῶν</em></span> <span class='ocrx_word' id='word_1_211' title='bbox 1564 964 1646 1021; x_wconf 41' lang='grc' dir='ltr'><em>παρῖ</em></span> <span class='ocrx_word' id='word_1_212' title='bbox 1674 973 1779 1020; x_wconf 85' lang='grc' dir='ltr'><strong><em>ἡμῶν</em></strong></span> <span class='ocrx_word' id='word_1_213' title='bbox 1802 975 2123 1022; x_wconf 73' lang='grc' dir='ltr'><strong><em>φιλοτιμηθέντων</em></strong></span> <span class='ocrx_word' id='word_1_214' title='bbox 2147 975 2308 1023; x_wconf 79' lang='grc' dir='ltr'><strong><em>εὗσεβῶν</em></strong></span> <span class='ocrx_word' id='word_1_215' title='bbox 2334 980 2374 1013; x_wconf 86' lang='grc'><em>15</em></span> 
     </span>
     <span class='ocr_line' id='line_1_20' title="bbox 78 1015 2309 1070; baseline 0.002 -17"><span class='ocrx_word' id='word_1_216' title='bbox 78 1017 318 1063; x_wconf 83' lang='grc' dir='ltr'><strong><em>τελεσμάτων,</em></strong></span> <span class='ocrx_word' id='word_1_217' title='bbox 342 1019 413 1053; x_wconf 85' lang='grc' dir='ltr'><strong><em>εἴτε</em></strong></span> <span class='ocrx_word' id='word_1_218' title='bbox 437 1018 504 1062; x_wconf 84' lang='grc' dir='ltr'><em>τὴν</em></span> <span class='ocrx_word' id='word_1_219' title='bbox 526 1022 699 1065; x_wconf 86' lang='grc' dir='ltr'><strong><em>μεγίστην</em></strong></span> <span class='ocrx_word' id='word_1_220' title='bbox 722 1018 834 1064; x_wconf 78' lang='grc' dir='ltr'><strong><em>ἀρχὴν</em></strong></span> <span class='ocrx_word' id='word_1_221' title='bbox 857 1015 926 1064; x_wconf 76' lang='grc' dir='ltr'><em>ὁρᾷ</em></span> <span class='ocrx_word' id='word_1_222' title='bbox 949 1019 1065 1053; x_wconf 79' lang='grc' dir='ltr'><strong><em>ταῦτα</em></strong></span> <span class='ocrx_word' id='word_1_223' title='bbox 1096 1021 1174 1054; x_wconf 90' lang='grc' dir='ltr'><em>τῶν</em></span> <span class='ocrx_word' id='word_1_224' title='bbox 1197 1018 1426 1054; x_wconf 80' lang='grc' dir='ltr'><strong><em>ἀνατολικῶν</em></strong></span> <span class='ocrx_word' id='word_1_225' title='bbox 1450 1020 1561 1064; x_wconf 83' lang='grc' dir='ltr'><strong><em>ἱερῶν</em></strong></span> <span class='ocrx_word' id='word_1_226' title='bbox 1581 1025 1818 1070; x_wconf 87' lang='grc' dir='ltr'><strong><em>πραιτωρίων</em></strong></span> <span class='ocrx_word' id='word_1_227' title='bbox 1837 1021 1908 1056; x_wconf 79' lang='grc' dir='ltr'><strong><em>εἴτε</em></strong></span> <span class='ocrx_word' id='word_1_228' title='bbox 1931 1021 1999 1065; x_wconf 86' lang='grc' dir='ltr'><em>τὴν</em></span> <span class='ocrx_word' id='word_1_229' title='bbox 2022 1020 2106 1070; x_wconf 76' lang='grc' dir='ltr'><strong><em>παρ’</em></strong></span> <span class='ocrx_word' id='word_1_230' title='bbox 2129 1021 2309 1070; x_wconf 87' lang='grc' dir='ltr'><strong><em>Ἰλλυριοῖς</em></strong></span> 
     </span>
     <span class='ocr_line' id='line_1_21' title="bbox 79 1060 2308 1115; baseline 0.003 -18"><span class='ocrx_word' id='word_1_231' title='bbox 79 1062 308 1109; x_wconf 83' lang='grc' dir='ltr'><strong><em>έπαρχότητα</em></strong></span> <span class='ocrx_word' id='word_1_232' title='bbox 339 1060 360 1108; x_wconf 84' lang='grc' dir='ltr'>ἢ</span> <span class='ocrx_word' id='word_1_233' title='bbox 391 1062 459 1107; x_wconf 88' lang='grc' dir='ltr'><em>τὴν</em></span> <span class='ocrx_word' id='word_1_234' title='bbox 489 1060 600 1109; x_wconf 79' lang='grc' dir='ltr'><strong><em>ἀρχὴν</em></strong></span> <span class='ocrx_word' id='word_1_235' title='bbox 629 1065 708 1098; x_wconf 89' lang='grc' dir='ltr'><em>τῶν</em></span> <span class='ocrx_word' id='word_1_236' title='bbox 738 1062 861 1108; x_wconf 81' lang='grc' dir='ltr'><strong><em>νήσων</em></strong></span> <span class='ocrx_word' id='word_1_237' title='bbox 892 1067 952 1098; x_wconf 82' lang='grc' dir='ltr'><em>καὶ</em></span> <span class='ocrx_word' id='word_1_238' title='bbox 976 1065 1055 1099; x_wconf 89' lang='grc' dir='ltr'><em>τῶν</em></span> <span class='ocrx_word' id='word_1_239' title='bbox 1085 1066 1146 1100; x_wconf 77' lang='grc' dir='ltr'><em>ἐπὶ</em></span> <span class='ocrx_word' id='word_1_240' title='bbox 1170 1064 1336 1108; x_wconf 76' lang='grc' dir='ltr'><strong><em>Σκυθίας</em></strong></span> <span class='ocrx_word' id='word_1_241' title='bbox 1366 1078 1406 1099; x_wconf 85' lang='grc' dir='ltr'><em>τε</em></span> <span class='ocrx_word' id='word_1_242' title='bbox 1437 1069 1496 1099; x_wconf 83' lang='grc' dir='ltr'><em>καὶ</em></span> <span class='ocrx_word' id='word_1_243' title='bbox 1522 1069 1664 1101; x_wconf 91' lang='grc' dir='ltr'><strong><em>Μυσίας</em></strong></span> <span class='ocrx_word' id='word_1_244' title='bbox 1687 1067 1963 1112; x_wconf 86' lang='grc' dir='ltr'><strong><em>στρατιωτικῶν</em></strong></span> <span class='ocrx_word' id='word_1_245' title='bbox 1982 1068 2180 1115; x_wconf 79' lang='grc' dir='ltr'><strong><em>ταγμάτων</em></strong></span> <span class='ocrx_word' id='word_1_246' title='bbox 2202 1065 2224 1112; x_wconf 86' lang='grc' dir='ltr'>ἢ</span> <span class='ocrx_word' id='word_1_247' title='bbox 2243 1065 2308 1103; x_wconf 76' lang='grc' dir='ltr'><em>τᾶς</em></span> 
     </span>
     <span class='ocr_line' id='line_1_22' title="bbox 79 1106 2307 1160; baseline 0.002 -17"><span class='ocrx_word' id='word_1_248' title='bbox 79 1110 184 1144; x_wconf 84' lang='grc' dir='ltr'><strong><em>θείας</em></strong></span> <span class='ocrx_word' id='word_1_249' title='bbox 207 1107 311 1153; x_wconf 84' lang='grc' dir='ltr'><strong><em>ἡμῶν</em></strong></span> <span class='ocrx_word' id='word_1_250' title='bbox 335 1107 562 1156; x_wconf 90' lang='grc' dir='ltr'><strong><em>λαργιτιόνας</em></strong></span> <span class='ocrx_word' id='word_1_251' title='bbox 585 1106 606 1153; x_wconf 85' lang='grc' dir='ltr'><em>ἢ</em></span> <span class='ocrx_word' id='word_1_252' title='bbox 629 1112 688 1143; x_wconf 85' lang='grc' dir='ltr'><em>καὶ</em></span> <span class='ocrx_word' id='word_1_253' title='bbox 711 1108 823 1152; x_wconf 78' lang='grc' dir='ltr'><strong><em>ἄλλην</em></strong></span> <span class='ocrx_word' id='word_1_254' title='bbox 845 1107 977 1156; x_wconf 78' lang='grc' dir='ltr'><strong><em>ἀρχὴν·</em></strong></span> <span class='ocrx_word' id='word_1_255' title='bbox 1001 1107 1283 1157; x_wconf 78' lang='grc' dir='ltr'><strong><em>ἀπαγορεύοντες</em></strong></span> <span class='ocrx_word' id='word_1_256' title='bbox 1303 1109 1510 1154; x_wconf 85' lang='grc' dir='ltr'><strong><em>βουλευταῖς</em></strong></span> <span class='ocrx_word' id='word_1_257' title='bbox 1532 1124 1572 1146; x_wconf 87' lang='grc' dir='ltr'><em>τε</em></span> <span class='ocrx_word' id='word_1_258' title='bbox 1595 1115 1655 1146; x_wconf 91' lang='grc' dir='ltr'><em>καὶ</em></span> <span class='ocrx_word' id='word_1_259' title='bbox 1679 1110 1906 1159; x_wconf 83' lang='grc' dir='ltr'><strong><em>έκλήπτορσι,</em></strong></span> <span class='ocrx_word' id='word_1_260' title='bbox 1929 1116 2163 1160; x_wconf 87' lang='grc' dir='ltr'><strong><em>σκρινιαρίοις</em></strong></span> <span class='ocrx_word' id='word_1_261' title='bbox 2185 1125 2226 1147; x_wconf 89' lang='grc' dir='ltr'><em>τε</em></span> <span class='ocrx_word' id='word_1_262' title='bbox 2248 1115 2307 1147; x_wconf 80' lang='grc' dir='ltr'><em>καὶ</em></span> 
     </span>
     <span class='ocr_line' id='line_1_23' title="bbox 78 1152 2307 1202; baseline 0.002 -14"><span class='ocrx_word' id='word_1_263' title='bbox 78 1152 286 1197; x_wconf 78' lang='grc' dir='ltr'><strong><em>ταξεώταις,</em></strong></span> <span class='ocrx_word' id='word_1_264' title='bbox 310 1154 520 1189; x_wconf 80' lang='grc' dir='ltr'><strong><em>παλαῐίνοις</em></strong></span> <span class='ocrx_word' id='word_1_265' title='bbox 543 1167 583 1189; x_wconf 88' lang='grc' dir='ltr'><em>τε</em></span> <span class='ocrx_word' id='word_1_266' title='bbox 607 1157 666 1188; x_wconf 88' lang='grc' dir='ltr'><em>καὶ</em></span> <span class='ocrx_word' id='word_1_267' title='bbox 689 1153 844 1198; x_wconf 82' lang='grc' dir='ltr'><strong><em>ἆνυταῖς,</em></strong></span> <span class='ocrx_word' id='word_1_268' title='bbox 868 1157 923 1189; x_wconf 77' lang='grc' dir='ltr'><em>ἔτι</em></span> <span class='ocrx_word' id='word_1_269' title='bbox 944 1168 986 1200; x_wconf 87' lang='grc' dir='ltr'><em>γε</em></span> <span class='ocrx_word' id='word_1_270' title='bbox 1008 1154 1081 1199; x_wconf 83' lang='grc' dir='ltr'><em>μὴν</em></span> <span class='ocrx_word' id='word_1_271' title='bbox 1104 1159 1164 1189; x_wconf 85' lang='grc' dir='ltr'><em>καὶ</em></span> <span class='ocrx_word' id='word_1_272' title='bbox 1187 1152 1399 1190; x_wconf 80' lang='grc' dir='ltr'><strong><em>ὖποδέκταις</em></strong></span> <span class='ocrx_word' id='word_1_273' title='bbox 1426 1159 1485 1190; x_wconf 85' lang='grc' dir='ltr'><em>καὶ</em></span> <span class='ocrx_word' id='word_1_274' title='bbox 1510 1159 1622 1192; x_wconf 81' lang='grc' dir='ltr'><strong><em>παντὶ</em></strong></span> <span class='ocrx_word' id='word_1_275' title='bbox 1647 1155 1833 1202; x_wconf 85' lang='grc' dir='ltr'><strong><em>δημοσίων</em></strong></span> <span class='ocrx_word' id='word_1_276' title='bbox 1856 1154 2054 1200; x_wconf 80' lang='grc' dir='ltr'><strong><em>ἀπαίτησίν</em></strong></span> <span class='ocrx_word' id='word_1_277' title='bbox 2073 1170 2113 1192; x_wconf 86' lang='grc' dir='ltr'><em>τε</em></span> <span class='ocrx_word' id='word_1_278' title='bbox 2138 1161 2196 1192; x_wconf 78' lang='grc' dir='ltr'><em>καὶ</em></span> <span class='ocrx_word' id='word_1_279' title='bbox 2218 1155 2307 1193; x_wconf 77' lang='grc' dir='ltr'><strong><em>ὑπο·</em></strong></span> 
     </span>
     <span class='ocr_line' id='line_1_24' title="bbox 79 1198 2374 1249; baseline 0.002 -15"><span class='ocrx_word' id='word_1_280' title='bbox 79 1198 188 1243; x_wconf 84' lang='grc' dir='ltr'><strong><em>δοχὴν</em></strong></span> <span class='ocrx_word' id='word_1_281' title='bbox 217 1202 450 1244; x_wconf 82' lang='grc' dir='ltr'><strong><em>ποιησαμένῳ</em></strong></span> <span class='ocrx_word' id='word_1_282' title='bbox 477 1212 518 1233; x_wconf 87' lang='grc' dir='ltr'><em>τε</em></span> <span class='ocrx_word' id='word_1_283' title='bbox 545 1202 605 1233; x_wconf 84' lang='grc' dir='ltr'><em>καὶ</em></span> <span class='ocrx_word' id='word_1_284' title='bbox 636 1203 838 1245; x_wconf 81' lang='grc' dir='ltr'><strong><em>ποιουμένῳ</em></strong></span> <span class='ocrx_word' id='word_1_285' title='bbox 871 1203 1069 1246; x_wconf 84' lang='grc' dir='ltr'><strong><em>περινοίαις</em></strong></span> <span class='ocrx_word' id='word_1_286' title='bbox 1094 1201 1256 1244; x_wconf 78' lang='grc' dir='ltr'><strong><em>χρῆσθαι</em></strong></span> <span class='ocrx_word' id='word_1_287' title='bbox 1283 1200 1375 1235; x_wconf 84' lang='grc' dir='ltr'><strong><em>κατὰ</em></strong></span> <span class='ocrx_word' id='word_1_288' title='bbox 1404 1202 1483 1236; x_wconf 86' lang='grc' dir='ltr'><em>τῶν</em></span> <span class='ocrx_word' id='word_1_289' title='bbox 1511 1215 1583 1249; x_wconf 86' lang='grc' dir='ltr'><em>γεω</em></span> <span class='ocrx_word' id='word_1_290' title='bbox 1607 1202 1686 1249; x_wconf 87' lang='grc' dir='ltr'><em>γῶν</em></span> <span class='ocrx_word' id='word_1_291' title='bbox 1715 1215 1756 1237; x_wconf 87' lang='grc' dir='ltr'><em>τε</em></span> <span class='ocrx_word' id='word_1_292' title='bbox 1779 1205 1838 1236; x_wconf 76' lang='grc' dir='ltr'><em>καὶ</em></span> <span class='ocrx_word' id='word_1_293' title='bbox 1862 1201 2061 1245; x_wconf 68' lang='grc' dir='ltr'><strong><em>ὑποτελῶν,</em></strong></span> <span class='ocrx_word' id='word_1_294' title='bbox 2098 1200 2121 1246; x_wconf 89' lang='grc' dir='ltr'><em>ἢ</em></span> <span class='ocrx_word' id='word_1_295' title='bbox 2144 1205 2204 1237; x_wconf 76' lang='grc' dir='ltr'><em>καὶ</em></span> <span class='ocrx_word' id='word_1_296' title='bbox 2227 1202 2310 1238; x_wconf 73' lang='grc' dir='ltr'><strong><em>τοὺς</em></strong></span> <span class='ocrx_word' id='word_1_297' title='bbox 2332 1204 2374 1238; x_wconf 84' lang='grc'>20</span> 
     </span>
     <span class='ocr_line' id='line_1_25' title="bbox 78 1215 2308 1294; baseline 0.001 -14"><span class='ocrx_word' id='word_1_298' title='bbox 78 1246 156 1280; x_wconf 93' lang='grc' dir='ltr'><em>τῶν</em></span> <span class='ocrx_word' id='word_1_299' title='bbox 189 1248 335 1293; x_wconf 84' lang='grc' dir='ltr'><strong><em>χωρίων</em></strong></span> <span class='ocrx_word' id='word_1_300' title='bbox 369 1242 548 1280; x_wconf 85' lang='grc' dir='ltr'><strong><em>δεσπότας</em></strong></span> <span class='ocrx_word' id='word_1_301' title='bbox 577 1259 594 1276; x_wconf 66' lang='grc' dir='ltr'><em>ι</em></span> <span class='ocrx_word' id='word_1_302' title='bbox 614 1260 631 1277; x_wconf 67' lang='lat' dir='ltr'><em>e</em></span> <span class='ocrx_word' id='word_1_303' title='bbox 652 1260 668 1277; x_wconf 71' lang='grc' dir='ltr'><em>ι</em></span> <span class='ocrx_word' id='word_1_304' title='bbox 700 1243 748 1280; x_wconf 78' lang='grc' dir='ltr'><em>ῶς</em></span> <span class='ocrx_word' id='word_1_305' title='bbox 782 1243 973 1292; x_wconf 83' lang='grc' dir='ltr'><strong><em>διαφόρους</em></strong></span> <span class='ocrx_word' id='word_1_306' title='bbox 1010 1246 1048 1280; x_wconf 76' lang='grc' dir='ltr'><em>ἐκ</em></span> <span class='ocrx_word' id='word_1_307' title='bbox 1085 1247 1165 1281; x_wconf 90' lang='grc' dir='ltr'><em>τῶν</em></span> <span class='ocrx_word' id='word_1_308' title='bbox 1202 1249 1528 1294; x_wconf 83' lang='grc' dir='ltr'><strong><em>συγκεχωρημένων</em></strong></span> <span class='ocrx_word' id='word_1_309' title='bbox 1565 1215 1813 1292; x_wconf 69' lang='grc' dir='ltr'><strong><em>ἐλλειμμάτων</em></strong></span> <span class='ocrx_word' id='word_1_310' title='bbox 1847 1246 2187 1294; x_wconf 79' lang='grc' dir='ltr'><strong><em>προκαταβαλοῦσιν</em></strong></span> <span class='ocrx_word' id='word_1_311' title='bbox 2215 1245 2308 1294; x_wconf 69' lang='grc' dir='ltr'><strong><em>ὑπὲρ</em></strong></span> 
     </span>
     <span class='ocr_line' id='line_1_26' title="bbox 79 1287 2310 1342; baseline 0.002 -18"><span class='ocrx_word' id='word_1_312' title='bbox 79 1287 203 1325; x_wconf 72' lang='grc' dir='ltr'><strong><em>αὐτῶν</em></strong></span> <span class='ocrx_word' id='word_1_313' title='bbox 226 1288 248 1334; x_wconf 88' lang='grc' dir='ltr'>ἢ</span> <span class='ocrx_word' id='word_1_314' title='bbox 271 1293 331 1325; x_wconf 79' lang='grc' dir='ltr'><em>καὶ</em></span> <span class='ocrx_word' id='word_1_315' title='bbox 355 1288 618 1335; x_wconf 82' lang='grc' dir='ltr'><strong><em>ἀντιφωνὴσεις</em></strong></span> <span class='ocrx_word' id='word_1_316' title='bbox 640 1287 662 1334; x_wconf 85' lang='grc' dir='ltr'><em>ἢ</em></span> <span class='ocrx_word' id='word_1_317' title='bbox 686 1288 811 1338; x_wconf 77' lang='grc' dir='ltr'><strong><em>ἐγγύας</em></strong></span> <span class='ocrx_word' id='word_1_318' title='bbox 833 1293 893 1325; x_wconf 77' lang='grc' dir='ltr'><em>καὶ</em></span> <span class='ocrx_word' id='word_1_319' title='bbox 917 1287 1104 1338; x_wconf 80' lang='grc' dir='ltr'><strong><em>ὁμολογίας</em></strong></span> <span class='ocrx_word' id='word_1_320' title='bbox 1128 1290 1279 1335; x_wconf 80' lang='grc' dir='ltr'><strong><em>λαβοῦσι</em></strong></span> <span class='ocrx_word' id='word_1_321' title='bbox 1303 1289 1383 1326; x_wconf 83' lang='grc' dir='ltr'><strong><em>δολε</em></strong></span> <span class='ocrx_word' id='word_1_322' title='bbox 1407 1293 1463 1327; x_wconf 75' lang='grc' dir='ltr'><strong><em>αἷς.</em></strong></span> <span class='ocrx_word' id='word_1_323' title='bbox 1501 1290 1699 1339; x_wconf 80' lang='grc' dir='ltr'><strong><em>ἀκυροῦμεν</em></strong></span> <span class='ocrx_word' id='word_1_324' title='bbox 1721 1291 1789 1339; x_wconf 84' lang='grc' dir='ltr'><em>γὰρ</em></span> <span class='ocrx_word' id='word_1_325' title='bbox 1813 1294 1937 1328; x_wconf 83' lang='grc' dir='ltr'><strong><em>πᾶσαν</em></strong></span> <span class='ocrx_word' id='word_1_326' title='bbox 1951 1292 2044 1327; x_wconf 85' lang='grc' dir='ltr'><strong><em>κατὰ</em></strong></span> <span class='ocrx_word' id='word_1_327' title='bbox 2059 1294 2121 1337; x_wconf 81' lang='grc' dir='ltr'><em>τῆς</em></span> <span class='ocrx_word' id='word_1_328' title='bbox 2137 1291 2310 1342; x_wconf 75' lang='grc' dir='ltr'><strong><em>ἡμετέρας</em></strong></span> 
     </span>
     <span class='ocr_line' id='line_1_27' title="bbox 79 1332 2310 1389; baseline 0.001 -19"><span class='ocrx_word' id='word_1_329' title='bbox 79 1335 284 1389; x_wconf 68' lang='grc' dir='ltr'><strong><em>φιλοτιμίας</em></strong></span> <span class='ocrx_word' id='word_1_330' title='bbox 305 1338 503 1382; x_wconf 81' lang='grc' dir='ltr'><strong><em>γενομένην</em></strong></span> <span class='ocrx_word' id='word_1_331' title='bbox 526 1332 549 1378; x_wconf 86' lang='grc' dir='ltr'><em>ἢ</em></span> <span class='ocrx_word' id='word_1_332' title='bbox 572 1339 632 1370; x_wconf 76' lang='grc' dir='ltr'><em>καὶ</em></span> <span class='ocrx_word' id='word_1_333' title='bbox 662 1339 906 1383; x_wconf 83' lang='grc' dir='ltr'><strong><em>γενησομένην</em></strong></span> <span class='ocrx_word' id='word_1_334' title='bbox 936 1336 1179 1383; x_wconf 85' lang='grc' dir='ltr'><strong><em>περιγραφήν·</em></strong></span> <span class='ocrx_word' id='word_1_335' title='bbox 1212 1337 1346 1370; x_wconf 80' lang='grc' dir='ltr'><strong><em>ἐκείνου</em></strong></span> <span class='ocrx_word' id='word_1_336' title='bbox 1403 1336 1485 1380; x_wconf 76' lang='grc' dir='ltr'><strong><em>ήλου</em></strong></span> <span class='ocrx_word' id='word_1_337' title='bbox 1516 1337 1637 1381; x_wconf 83' lang='grc' dir='ltr'><strong><em>ὄντος,</em></strong></span> <span class='ocrx_word' id='word_1_338' title='bbox 1675 1336 1722 1373; x_wconf 77' lang='grc' dir='ltr'><em>ὠς</em></span> <span class='ocrx_word' id='word_1_339' title='bbox 1751 1338 1786 1372; x_wconf 80' lang='grc' dir='ltr'><em>εἴ</em></span> <span class='ocrx_word' id='word_1_340' title='bbox 1812 1351 1849 1372; x_wconf 91' lang='grc' dir='ltr'><em>τι</em></span> <span class='ocrx_word' id='word_1_341' title='bbox 1881 1337 2094 1384; x_wconf 80' lang='grc' dir='ltr'><strong><em>φθάσαντές</em></strong></span> <span class='ocrx_word' id='word_1_342' title='bbox 2122 1350 2218 1374; x_wconf 85' lang='grc' dir='ltr'><strong><em>τινες</em></strong></span> <span class='ocrx_word' id='word_1_343' title='bbox 2247 1339 2310 1382; x_wconf 84' lang='grc' dir='ltr'><em>τῆς</em></span> 
     </span>
     <span class='ocr_line' id='line_1_28' title="bbox 79 1378 2310 1429; baseline 0.002 -15"><span class='ocrx_word' id='word_1_344' title='bbox 79 1384 249 1427; x_wconf 84' lang='grc' dir='ltr'><strong><em>ημετέρας</em></strong></span> <span class='ocrx_word' id='word_1_345' title='bbox 279 1378 415 1427; x_wconf 84' lang='grc' dir='ltr'><strong><em>δωρεᾶς</em></strong></span> <span class='ocrx_word' id='word_1_346' title='bbox 445 1381 655 1427; x_wconf 80' lang='grc' dir='ltr'><strong><em>εἰςέπραξαν</em></strong></span> <span class='ocrx_word' id='word_1_347' title='bbox 686 1383 724 1415; x_wconf 80' lang='grc' dir='ltr'><em>ἐκ</em></span> <span class='ocrx_word' id='word_1_348' title='bbox 748 1383 826 1415; x_wconf 87' lang='grc' dir='ltr'><em>τῶν</em></span> <span class='ocrx_word' id='word_1_349' title='bbox 848 1383 950 1429; x_wconf 89' lang='grc' dir='ltr'><strong><em>μέχρι</em></strong></span> <span class='ocrx_word' id='word_1_350' title='bbox 982 1383 1043 1425; x_wconf 82' lang='grc' dir='ltr'><em>τῆς</em></span> <span class='ocrx_word' id='word_1_351' title='bbox 1066 1384 1231 1426; x_wconf 82' lang='grc' dir='ltr'><strong><em>πέμπτης</em></strong></span> <span class='ocrx_word' id='word_1_352' title='bbox 1254 1381 1496 1425; x_wconf 78' lang='grc' dir='ltr'><strong><em>ἐπινεμήσεως</em></strong></span> <span class='ocrx_word' id='word_1_353' title='bbox 1519 1381 1767 1428; x_wconf 80' lang='grc' dir='ltr'><strong><em>ἐλλειμμάτων</em></strong></span> <span class='ocrx_word' id='word_1_354' title='bbox 1790 1386 1850 1418; x_wconf 74' lang='grc' dir='ltr'><em>καὶ</em></span> <span class='ocrx_word' id='word_1_355' title='bbox 1873 1384 1982 1418; x_wconf 75' lang='grc' dir='ltr'><strong><em>τοῦτο</em></strong></span> <span class='ocrx_word' id='word_1_356' title='bbox 2004 1381 2054 1428; x_wconf 82' lang='grc' dir='ltr'><em>μὴ</em></span> <span class='ocrx_word' id='word_1_357' title='bbox 2085 1384 2310 1419; x_wconf 78' lang='grc' dir='ltr'><strong><em>καταθέντες</em></strong></span> 
     </span>
     <span class='ocr_line' id='line_1_29' title="bbox 79 1422 2373 1481; baseline 0.001 -21"><span class='ocrx_word' id='word_1_358' title='bbox 79 1430 289 1472; x_wconf 86' lang='grc' dir='ltr'><strong><em>φανείησαν,</em></strong></span> <span class='ocrx_word' id='word_1_359' title='bbox 321 1429 395 1461; x_wconf 88' lang='grc' dir='ltr'><strong><em>τοῖς</em></strong></span> <span class='ocrx_word' id='word_1_360' title='bbox 427 1424 608 1470; x_wconf 85' lang='grc' dir='ltr'><strong><em>δημοσίοις</em></strong></span> <span class='ocrx_word' id='word_1_361' title='bbox 637 1424 724 1461; x_wconf 75' lang='grc' dir='ltr'><strong><em>αὐτὸ</em></strong></span> <span class='ocrx_word' id='word_1_362' title='bbox 756 1426 903 1473; x_wconf 87' lang='grc' dir='ltr'><strong><em>τρόποις</em></strong></span> <span class='ocrx_word' id='word_1_363' title='bbox 925 1422 1063 1461; x_wconf 84' lang='grc' dir='ltr'><strong><em>ἅπασιν</em></strong></span> <span class='ocrx_word' id='word_1_364' title='bbox 1084 1427 1296 1481; x_wconf 70' lang='grc' dir='ltr'><strong><em>εἱς-κομιοῦσι</em></strong></span> <span class='ocrx_word' id='word_1_365' title='bbox 1320 1425 1509 1472; x_wconf 89' lang='grc' dir='ltr'><strong><em>λογισμοῖς.</em></strong></span> <span class='ocrx_word' id='word_1_366' title='bbox 1557 1428 1638 1463; x_wconf 79' lang='grc' dir='ltr'><strong><em>τοὺς</em></strong></span> <span class='ocrx_word' id='word_1_367' title='bbox 1660 1428 1729 1476; x_wconf 86' lang='grc' dir='ltr'><em>γὰρ</em></span> <span class='ocrx_word' id='word_1_368' title='bbox 1753 1425 1934 1464; x_wconf 78' lang='grc' dir='ltr'><strong><em>ὑποτελεῖς</em></strong></span> <span class='ocrx_word' id='word_1_369' title='bbox 1956 1425 2222 1475; x_wconf 75' lang='grc' dir='ltr'><strong><em>εὐεργετοῦντες</em></strong></span> <span class='ocrx_word' id='word_1_370' title='bbox 2244 1430 2306 1472; x_wconf 75' lang='grc' dir='ltr'><em>τῆς</em></span> <span class='ocrx_word' id='word_1_371' title='bbox 2330 1430 2373 1463; x_wconf 93' lang='grc'>25</span> 
     </span>
     <span class='ocr_line' id='line_1_30' title="bbox 79 1469 2308 1520; baseline 0.001 -14"><span class='ocrx_word' id='word_1_372' title='bbox 79 1473 260 1516; x_wconf 87' lang='grc' dir='ltr'><strong><em>παρούσης</em></strong></span> <span class='ocrx_word' id='word_1_373' title='bbox 284 1469 405 1506; x_wconf 82' lang='grc' dir='ltr'><strong><em>αὐτοῖς</em></strong></span> <span class='ocrx_word' id='word_1_374' title='bbox 428 1469 732 1517; x_wconf 75' lang='grc' dir='ltr'><strong><em>μεταδεδώκαμεν</em></strong></span> <span class='ocrx_word' id='word_1_375' title='bbox 755 1471 1049 1517; x_wconf 84' lang='grc' dir='ltr'><strong><em>φιλανθρωπίας,</em></strong></span> <span class='ocrx_word' id='word_1_376' title='bbox 1073 1471 1114 1507; x_wconf 79' lang='grc' dir='ltr'><em>οὗ</em></span> <span class='ocrx_word' id='word_1_377' title='bbox 1138 1485 1211 1516; x_wconf 90' lang='grc' dir='ltr'><em>μην</em></span> <span class='ocrx_word' id='word_1_378' title='bbox 1234 1475 1294 1506; x_wconf 85' lang='grc' dir='ltr'><em>καὶ</em></span> <span class='ocrx_word' id='word_1_379' title='bbox 1311 1475 1386 1507; x_wconf 90' lang='grc' dir='ltr'><strong><em>τοῖς</em></strong></span> <span class='ocrx_word' id='word_1_380' title='bbox 1407 1471 1454 1507; x_wconf 79' lang='grc' dir='ltr'><em>τὰ</em></span> <span class='ocrx_word' id='word_1_381' title='bbox 1481 1470 1633 1516; x_wconf 81' lang='grc' dir='ltr'><strong><em>δημόσια</em></strong></span> <span class='ocrx_word' id='word_1_382' title='bbox 1657 1474 1740 1517; x_wconf 84' lang='grc' dir='ltr'><strong><em>τέλη</em></strong></span> <span class='ocrx_word' id='word_1_383' title='bbox 1765 1472 1939 1518; x_wconf 82' lang='grc' dir='ltr'><strong><em>λαβοῦσιν</em></strong></span> <span class='ocrx_word' id='word_1_384' title='bbox 1961 1474 2010 1508; x_wconf 84' lang='grc' dir='ltr'><em>εἰς</em></span> <span class='ocrx_word' id='word_1_385' title='bbox 2032 1472 2153 1520; x_wconf 86' lang='grc' dir='ltr'><strong><em>κέρδος</em></strong></span> <span class='ocrx_word' id='word_1_386' title='bbox 2175 1475 2308 1509; x_wconf 82' lang='grc' dir='ltr'><strong><em>οἰκεῖον</em></strong></span> 
     </span>
     <span class='ocr_line' id='line_1_31' title="bbox 78 1514 2309 1572; baseline 0.001 -21"><span class='ocrx_word' id='word_1_387' title='bbox 78 1514 353 1564; x_wconf 77' lang='grc' dir='ltr'><strong><em>ἀπενέγκασθαι</em></strong></span> <span class='ocrx_word' id='word_1_388' title='bbox 376 1516 604 1561; x_wconf 82' lang='grc' dir='ltr'><strong><em>βουλομένοις</em></strong></span> <span class='ocrx_word' id='word_1_389' title='bbox 623 1515 730 1560; x_wconf 85' lang='grc' dir='ltr'><strong><em>τήνδε</em></strong></span> <span class='ocrx_word' id='word_1_390' title='bbox 754 1518 818 1551; x_wconf 81' lang='grc' dir='ltr'><em>τοῦ</em></span> <span class='ocrx_word' id='word_1_391' title='bbox 843 1518 1020 1563; x_wconf 86' lang='grc' dir='ltr'><strong><em>ῥηθέντος</em></strong></span> <span class='ocrx_word' id='word_1_392' title='bbox 1044 1519 1207 1565; x_wconf 80' lang='grc' dir='ltr'><strong><em>ἐγκαίρου</em></strong></span> <span class='ocrx_word' id='word_1_393' title='bbox 1230 1515 1381 1552; x_wconf 91' lang='grc' dir='ltr'><strong><em>κανόνος</em></strong></span> <span class='ocrx_word' id='word_1_394' title='bbox 1404 1519 1630 1572; x_wconf 77' lang='grc' dir='ltr'><strong><em>συγχώρησιν</em></strong></span> <span class='ocrx_word' id='word_1_395' title='bbox 1653 1516 1925 1563; x_wconf 77' lang='grc' dir='ltr'><strong><em>ἐποιησάμεθα·</em></strong></span> <span class='ocrx_word' id='word_1_396' title='bbox 1952 1519 2014 1563; x_wconf 80' lang='grc' dir='ltr'><em>τῆς</em></span> <span class='ocrx_word' id='word_1_397' title='bbox 2036 1521 2180 1563; x_wconf 75' lang='grc' dir='ltr'><strong><em>ἐτησίας</em></strong></span> <span class='ocrx_word' id='word_1_398' title='bbox 2204 1521 2309 1565; x_wconf 73' lang='grc' dir='ltr'><strong><em>ἐμβο-</em></strong></span> 
     </span>
     <span class='ocr_line' id='line_1_32' title="bbox 79 1558 2307 1610; baseline 0.001 -14"><span class='ocrx_word' id='word_1_399' title='bbox 79 1561 139 1606; x_wconf 81' lang='grc' dir='ltr'><em>λῆς</em></span> <span class='ocrx_word' id='word_1_400' title='bbox 161 1560 238 1596; x_wconf 79' lang='grc' dir='ltr'><strong><em>κατ’</em></strong></span> <span class='ocrx_word' id='word_1_401' title='bbox 262 1560 391 1597; x_wconf 75' lang='grc' dir='ltr'><strong><em>οὐδένα</em></strong></span> <span class='ocrx_word' id='word_1_402' title='bbox 414 1561 553 1608; x_wconf 89' lang='grc' dir='ltr'><strong><em>τρόπον</em></strong></span> <span class='ocrx_word' id='word_1_403' title='bbox 577 1560 843 1606; x_wconf 76' lang='grc' dir='ltr'><strong><em>ἐλαττουμένης.</em></strong></span> <span class='ocrx_word' id='word_1_404' title='bbox 890 1560 946 1596; x_wconf 86' lang='grc' dir='ltr'><em>δεῖ</em></span> <span class='ocrx_word' id='word_1_405' title='bbox 966 1561 1034 1610; x_wconf 86' lang='grc' dir='ltr'><em>γὰρ</em></span> <span class='ocrx_word' id='word_1_406' title='bbox 1057 1562 1100 1597; x_wconf 86' lang='grc' dir='ltr'><em>τὸ</em></span> <span class='ocrx_word' id='word_1_407' title='bbox 1123 1566 1255 1608; x_wconf 84' lang='grc' dir='ltr'><strong><em>μέτρον</em></strong></span> <span class='ocrx_word' id='word_1_408' title='bbox 1279 1558 1379 1597; x_wconf 79' lang='grc' dir='ltr'><strong><em>ἅπαν</em></strong></span> <span class='ocrx_word' id='word_1_409' title='bbox 1402 1576 1465 1597; x_wconf 91' lang='grc' dir='ltr'><em>του</em></span> <span class='ocrx_word' id='word_1_410' title='bbox 1489 1577 1529 1598; x_wconf 80' lang='grc' dir='ltr'><em>τε</em></span> <span class='ocrx_word' id='word_1_411' title='bbox 1553 1567 1653 1599; x_wconf 87' lang='grc' dir='ltr'><strong><em>σίτου</em></strong></span> <span class='ocrx_word' id='word_1_412' title='bbox 1677 1567 1738 1598; x_wconf 85' lang='grc' dir='ltr'><em>καὶ</em></span> <span class='ocrx_word' id='word_1_413' title='bbox 1761 1565 1839 1598; x_wconf 90' lang='grc' dir='ltr'><em>τῶν</em></span> <span class='ocrx_word' id='word_1_414' title='bbox 1862 1562 1984 1598; x_wconf 78' lang='grc' dir='ltr'><strong><em>ἄλλων</em></strong></span> <span class='ocrx_word' id='word_1_415' title='bbox 2008 1562 2118 1599; x_wconf 82' lang='grc' dir='ltr'><strong><em>εἰδῶν</em></strong></span> <span class='ocrx_word' id='word_1_416' title='bbox 2138 1567 2198 1599; x_wconf 75' lang='grc' dir='ltr'><em>καὶ</em></span> <span class='ocrx_word' id='word_1_417' title='bbox 2221 1575 2307 1599; x_wconf 89' lang='grc' dir='ltr'><strong><em>συν-</em></strong></span> 
     </span>
     <span class='ocr_line' id='line_1_33' title="bbox 79 1606 2307 1658; baseline 0 -16"><span class='ocrx_word' id='word_1_418' title='bbox 79 1606 297 1650; x_wconf 83' lang='grc' dir='ltr'><strong><em>τελεσθῆναι</em></strong></span> <span class='ocrx_word' id='word_1_419' title='bbox 320 1609 381 1641; x_wconf 83' lang='grc' dir='ltr'><em>καὶ</em></span> <span class='ocrx_word' id='word_1_420' title='bbox 404 1607 676 1651; x_wconf 84' lang='grc' dir='ltr'><strong><em>εἰςκομισθῆναι</em></strong></span> <span class='ocrx_word' id='word_1_421' title='bbox 699 1606 791 1642; x_wconf 82' lang='grc' dir='ltr'><strong><em>κατὰ</em></strong></span> <span class='ocrx_word' id='word_1_422' title='bbox 814 1606 855 1641; x_wconf 84' lang='grc' dir='ltr'><em>τὸ</em></span> <span class='ocrx_word' id='word_1_423' title='bbox 877 1607 1011 1642; x_wconf 83' lang='grc' dir='ltr'><strong><em>εἰωθός</em></strong></span> <span class='ocrx_word' id='word_1_424' title='bbox 1033 1621 1073 1642; x_wconf 85' lang='grc' dir='ltr'><em>τε</em></span> <span class='ocrx_word' id='word_1_425' title='bbox 1096 1612 1155 1642; x_wconf 84' lang='grc' dir='ltr'><em>καὶ</em></span> <span class='ocrx_word' id='word_1_426' title='bbox 1175 1610 1446 1653; x_wconf 87' lang='grc' dir='ltr'><strong><em>νενομισμένον,</em></strong></span> <span class='ocrx_word' id='word_1_427' title='bbox 1470 1610 1548 1644; x_wconf 90' lang='grc' dir='ltr'><em>τῶν</em></span> <span class='ocrx_word' id='word_1_428' title='bbox 1570 1609 1784 1654; x_wconf 85' lang='grc' dir='ltr'><strong><em>τιμημάτων</em></strong></span> <span class='ocrx_word' id='word_1_429' title='bbox 1807 1610 1868 1653; x_wconf 78' lang='grc' dir='ltr'><em>τῆς</em></span> <span class='ocrx_word' id='word_1_430' title='bbox 1892 1612 2202 1658; x_wconf 84' lang='grc' dir='ltr'><strong><em>συγκεχωρημένης</em></strong></span> <span class='ocrx_word' id='word_1_431' title='bbox 2221 1606 2307 1653; x_wconf 77' lang='grc' dir='ltr'><strong><em>παρ’</em></strong></span> 
     </span>
     <span class='ocr_line' id='line_1_34' title="bbox 78 1651 2376 1701; baseline 0.001 -14"><span class='ocrx_word' id='word_1_432' title='bbox 78 1651 183 1696; x_wconf 82' lang='grc' dir='ltr'><strong><em>ἡμῶν</em></strong></span> <span class='ocrx_word' id='word_1_433' title='bbox 199 1651 291 1687; x_wconf 79' lang='grc' dir='ltr'><strong><em>καθ’</em></strong></span> <span class='ocrx_word' id='word_1_434' title='bbox 314 1655 468 1687; x_wconf 81' lang='grc' dir='ltr'><strong><em>ἕκαστον</em></strong></span> <span class='ocrx_word' id='word_1_435' title='bbox 490 1654 569 1687; x_wconf 70' lang='grc' dir='ltr'><strong><em>ἔτος</em></strong></span> <span class='ocrx_word' id='word_1_436' title='bbox 591 1652 761 1700; x_wconf 83' lang='grc' dir='ltr'><strong><em>τετάρτης</em></strong></span> <span class='ocrx_word' id='word_1_437' title='bbox 783 1657 909 1699; x_wconf 89' lang='grc' dir='ltr'><strong><em>μοίρας</em></strong></span> <span class='ocrx_word' id='word_1_438' title='bbox 933 1655 993 1687; x_wconf 88' lang='grc' dir='ltr'><em>έπὶ</em></span> <span class='ocrx_word' id='word_1_439' title='bbox 1018 1652 1083 1688; x_wconf 85' lang='grc' dir='ltr'><em>τὸν</em></span> <span class='ocrx_word' id='word_1_440' title='bbox 1105 1654 1278 1700; x_wconf 81' lang='grc' dir='ltr'><strong><em>τετραετῆ</em></strong></span> <span class='ocrx_word' id='word_1_441' title='bbox 1308 1653 1439 1699; x_wconf 88' lang='grc' dir='ltr'><strong><em>χρόνον</em></strong></span> <span class='ocrx_word' id='word_1_442' title='bbox 1462 1654 1555 1689; x_wconf 81' lang='grc' dir='ltr'><strong><em>κατὰ</em></strong></span> <span class='ocrx_word' id='word_1_443' title='bbox 1577 1654 1646 1700; x_wconf 77' lang='grc' dir='ltr'><em>τὴν</em></span> <span class='ocrx_word' id='word_1_444' title='bbox 1669 1653 1848 1700; x_wconf 88' lang='grc' dir='ltr'><strong><em>δημοσίαν</em></strong></span> <span class='ocrx_word' id='word_1_445' title='bbox 1863 1653 2048 1700; x_wconf 85' lang='grc' dir='ltr'><strong><em>τράπεζαν</em></strong></span> <span class='ocrx_word' id='word_1_446' title='bbox 2066 1654 2308 1701; x_wconf 80' lang='grc' dir='ltr'><strong><em>λογιζομένων</em></strong></span> <span class='ocrx_word' id='word_1_447' title='bbox 2332 1660 2376 1694; x_wconf 87' lang='grc'><em>30</em></span> 
     </span>
     <span class='ocr_line' id='line_1_35' title="bbox 79 1695 2307 1744; baseline 0.001 -12"><span class='ocrx_word' id='word_1_448' title='bbox 79 1702 152 1733; x_wconf 89' lang='grc' dir='ltr'><strong><em>τοῖς</em></strong></span> <span class='ocrx_word' id='word_1_449' title='bbox 184 1695 372 1733; x_wconf 78' lang='grc' dir='ltr'><strong><em>ὑποτελέσι</em></strong></span> <span class='ocrx_word' id='word_1_450' title='bbox 395 1701 468 1732; x_wconf 88' lang='grc' dir='ltr'><strong><em>τοῖς</em></strong></span> <span class='ocrx_word' id='word_1_451' title='bbox 491 1696 609 1732; x_wconf 84' lang='grc' dir='ltr'><strong><em>ἄλλοις</em></strong></span> <span class='ocrx_word' id='word_1_452' title='bbox 631 1701 705 1733; x_wconf 89' lang='grc' dir='ltr'><strong><em>τοῖς</em></strong></span> <span class='ocrx_word' id='word_1_453' title='bbox 728 1698 812 1744; x_wconf 83' lang='grc' dir='ltr'><strong><em>παρ’</em></strong></span> <span class='ocrx_word' id='word_1_454' title='bbox 839 1695 963 1733; x_wconf 78' lang='grc' dir='ltr'><strong><em>αὐτῶν</em></strong></span> <span class='ocrx_word' id='word_1_455' title='bbox 987 1699 1027 1732; x_wconf 79' lang='grc' dir='ltr'><em>ἐν</em></span> <span class='ocrx_word' id='word_1_456' title='bbox 1049 1702 1184 1743; x_wconf 82' lang='grc' dir='ltr'><strong><em>χρυσίῳ</em></strong></span> <span class='ocrx_word' id='word_1_457' title='bbox 1210 1698 1498 1743; x_wconf 87' lang='grc' dir='ltr'><strong><em>συντελουμένοις</em></strong></span> <span class='ocrx_word' id='word_1_458' title='bbox 1521 1698 1600 1743; x_wconf 83' lang='grc' dir='ltr'><strong><em>ἦτοι</em></strong></span> <span class='ocrx_word' id='word_1_459' title='bbox 1623 1698 1954 1744; x_wconf 84' lang='grc' dir='ltr'><strong><em>καταβαλλομένων</em></strong></span> <span class='ocrx_word' id='word_1_460' title='bbox 1978 1701 2016 1734; x_wconf 72' lang='grc' dir='ltr'><em>ἐκ</em></span> <span class='ocrx_word' id='word_1_461' title='bbox 2038 1701 2101 1735; x_wconf 75' lang='grc' dir='ltr'><em>τοῦ</em></span> <span class='ocrx_word' id='word_1_462' title='bbox 2125 1698 2307 1744; x_wconf 89' lang='grc' dir='ltr'><strong><em>δημοσίου.</em></strong></span> 
     </span>
    </p>
   </div>
   <div class='ocr_carea' id='block_1_8' title="bbox 77 1787 2311 3054">
    <p class='ocr_par' dir='ltr' id='par_1_8' title="bbox 78 1787 2311 2021">
     <span class='ocr_line' id='line_1_36' title="bbox 79 1787 2310 1836; baseline -0 -11"><span class='ocrx_word' id='word_1_463' title='bbox 79 1788 183 1826; x_wconf 88' lang='lat' dir='ltr'><em>valde</em></span> <span class='ocrx_word' id='word_1_464' title='bbox 213 1787 426 1834; x_wconf 83' lang='lat' dir='ltr'><em>urqentibus</em></span> <span class='ocrx_word' id='word_1_465' title='bbox 461 1790 497 1824; x_wconf 91' lang='lat' dir='ltr'><em>et</em></span> <span class='ocrx_word' id='word_1_466' title='bbox 527 1798 596 1823; x_wconf 90' lang='lat' dir='ltr'><em>nos</em></span> <span class='ocrx_word' id='word_1_467' title='bbox 618 1787 746 1835; x_wconf 24' lang='lat' dir='ltr'><em>*multis</em></span> <span class='ocrx_word' id='word_1_468' title='bbox 777 1787 878 1823; x_wconf 88' lang='lat' dir='ltr'><em>bellis</em></span> <span class='ocrx_word' id='word_1_469' title='bbox 908 1787 1150 1824; x_wconf 89' lang='lat' dir='ltr'><em>circumdatos</em></span> <span class='ocrx_word' id='word_1_470' title='bbox 1177 1787 1310 1824; x_wconf 90' lang='lat' dir='ltr'><em>multas</em></span> <span class='ocrx_word' id='word_1_471' title='bbox 1330 1788 1507 1834; x_wconf 89' lang='lat' dir='ltr'><em>pecuniae</em></span> <span class='ocrx_word' id='word_1_472' title='bbox 1530 1799 1712 1835; x_wconf 88' lang='lat' dir='ltr'><em>expensas</em></span> <span class='ocrx_word' id='word_1_473' title='bbox 1732 1789 1860 1835; x_wconf 86' lang='lat' dir='ltr'><em>facere</em></span> <span class='ocrx_word' id='word_1_474' title='bbox 1884 1789 2188 1836; x_wconf 80' lang='lat' dir='ltr'><em>compellentibus.</em></span> <span class='ocrx_word' id='word_1_475' title='bbox 2233 1789 2310 1826; x_wconf 79' lang='lat' dir='ltr'><em>Ali-</em></span> 
     </span>
     <span class='ocr_line' id='line_1_37' title="bbox 80 1833 2311 1881; baseline 0 -12"><span class='ocrx_word' id='word_1_476' title='bbox 80 1837 253 1879; x_wconf 83' lang='lat' dir='ltr'><em>quantum</em></span> <span class='ocrx_word' id='word_1_477' title='bbox 275 1833 389 1879; x_wconf 84' lang='lat' dir='ltr'><em>iqitur</em></span> <span class='ocrx_word' id='word_1_478' title='bbox 410 1833 657 1878; x_wconf 76' lang='lat' dir='ltr'><em>coqitavimus,</em></span> <span class='ocrx_word' id='word_1_479' title='bbox 710 1843 757 1868; x_wconf 88' lang='lat' dir='ltr'><em>ua</em></span> <span class='ocrx_word' id='word_1_480' title='bbox 776 1833 862 1877; x_wconf 82' lang='lat' dir='ltr'><em>fieri</em></span> <span class='ocrx_word' id='word_1_481' title='bbox 876 1837 1002 1880; x_wconf 86' lang='lat' dir='ltr'><em>posset</em></span> <span class='ocrx_word' id='word_1_482' title='bbox 1021 1834 1175 1877; x_wconf 87' lang='lat' dir='ltr'><em>ratione,</em></span> <span class='ocrx_word' id='word_1_483' title='bbox 1198 1837 1240 1869; x_wconf 91' lang='lat' dir='ltr'><em>ut</em></span> <span class='ocrx_word' id='word_1_484' title='bbox 1262 1837 1297 1869; x_wconf 89' lang='lat' dir='ltr'><em>et</em></span> <span class='ocrx_word' id='word_1_485' title='bbox 1320 1834 1525 1869; x_wconf 79' lang='lat' dir='ltr'><em>necessitati</em></span> <span class='ocrx_word' id='word_1_486' title='bbox 1547 1834 1843 1880; x_wconf 78' lang='lat' dir='ltr'><em>satisfaceremus</em></span> <span class='ocrx_word' id='word_1_487' title='bbox 1865 1838 1902 1870; x_wconf 92' lang='lat' dir='ltr'><em>et</em></span> <span class='ocrx_word' id='word_1_488' title='bbox 1922 1834 2146 1870; x_wconf 85' lang='lat' dir='ltr'><em>subditorum</em></span> <span class='ocrx_word' id='word_1_489' title='bbox 2164 1835 2311 1881; x_wconf 79' lang='lat' dir='ltr'><em>inopiae</em></span> 
     </span>
     <span class='ocr_line' id='line_1_38' title="bbox 78 1877 2310 1930; baseline 0 -15"><span class='ocrx_word' id='word_1_490' title='bbox 78 1878 312 1921; x_wconf 77' lang='lat' dir='ltr'><em>mederemur,</em></span> <span class='ocrx_word' id='word_1_491' title='bbox 343 1889 494 1930; x_wconf 84' lang='lat' dir='ltr'><em>cumque</em></span> <span class='ocrx_word' id='word_1_492' title='bbox 524 1883 651 1914; x_wconf 85' lang='lat' dir='ltr'><em>nostra</em></span> <span class='ocrx_word' id='word_1_493' title='bbox 704 1889 723 1913; x_wconf 92' lang='lat' dir='ltr'><em>e</em></span> <span class='ocrx_word' id='word_1_494' title='bbox 751 1877 819 1913; x_wconf 82' lang='lat' dir='ltr'><em>hac</em></span> <span class='ocrx_word' id='word_1_495' title='bbox 851 1889 891 1913; x_wconf 88' lang='lat' dir='ltr'><em>re</em></span> <span class='ocrx_word' id='word_1_496' title='bbox 922 1879 1101 1914; x_wconf 87' lang='lat' dir='ltr'><em>sententia</em></span> <span class='ocrx_word' id='word_1_497' title='bbox 1134 1881 1172 1914; x_wconf 90' lang='lat' dir='ltr'><em>in</em></span> <span class='ocrx_word' id='word_1_498' title='bbox 1203 1878 1336 1914; x_wconf 88' lang='lat' dir='ltr'><em>multas</em></span> <span class='ocrx_word' id='word_1_499' title='bbox 1365 1882 1492 1924; x_wconf 85' lang='lat' dir='ltr'><em>partes</em></span> <span class='ocrx_word' id='word_1_500' title='bbox 1526 1878 1800 1923; x_wconf 80' lang='lat' dir='ltr'><em>distraheretur,</em></span> <span class='ocrx_word' id='word_1_501' title='bbox 1823 1879 1983 1926; x_wconf 88' lang='lat' dir='ltr'><em>pervicit</em></span> <span class='ocrx_word' id='word_1_502' title='bbox 2016 1883 2153 1922; x_wconf 84' lang='lat' dir='ltr'><em>tamen,</em></span> <span class='ocrx_word' id='word_1_503' title='bbox 2186 1883 2228 1915; x_wconf 89' lang='lat' dir='ltr'><em>ut</em></span> <span class='ocrx_word' id='word_1_504' title='bbox 2259 1878 2310 1916; x_wconf 89' lang='lat' dir='ltr'><em>ad</em></span> 
     </span>
     <span class='ocr_line' id='line_1_39' title="bbox 79 1923 2310 1970; baseline 0 -11"><span class='ocrx_word' id='word_1_505' title='bbox 79 1923 336 1959; x_wconf 76' lang='lat' dir='ltr'><em>humanitatem</em></span> <span class='ocrx_word' id='word_1_506' title='bbox 357 1927 482 1970; x_wconf 75' lang='lat' dir='ltr'><em>potius</em></span> <span class='ocrx_word' id='word_1_507' title='bbox 505 1923 762 1969; x_wconf 80' lang='lat' dir='ltr'><em>respiceremus</em></span> <span class='ocrx_word' id='word_1_508' title='bbox 785 1926 821 1959; x_wconf 90' lang='lat' dir='ltr'><em>et</em></span> <span class='ocrx_word' id='word_1_509' title='bbox 843 1923 909 1959; x_wconf 88' lang='lat' dir='ltr'><em>deo</em></span> <span class='ocrx_word' id='word_1_510' title='bbox 934 1928 1119 1970; x_wconf 89' lang='lat' dir='ltr'><em>acceptum</em></span> <span class='ocrx_word' id='word_1_511' title='bbox 1144 1923 1323 1960; x_wconf 85' lang='lat' dir='ltr'><em>auxilium</em></span> <span class='ocrx_word' id='word_1_512' title='bbox 1346 1923 1500 1959; x_wconf 87' lang='lat' dir='ltr'><em>subditis</em></span> <span class='ocrx_word' id='word_1_513' title='bbox 1515 1927 1807 1970; x_wconf 81' lang='lat' dir='ltr'><em>praestaremus,</em></span> <span class='ocrx_word' id='word_1_514' title='bbox 1839 1923 1939 1970; x_wconf 87' lang='lat' dir='ltr'><em>quod</em></span> <span class='ocrx_word' id='word_1_515' title='bbox 1961 1935 2045 1961; x_wconf 88' lang='lat' dir='ltr'><em>vero</em></span> <span class='ocrx_word' id='word_1_516' title='bbox 2064 1924 2310 1962; x_wconf 85' lang='lat' dir='ltr'><em>communibus</em></span> 
     </span>
     <span class='ocr_line' id='line_1_40' title="bbox 78 1967 1408 2021; baseline -0.001 -16"><span class='ocrx_word' id='word_1_517' title='bbox 78 1968 279 2015; x_wconf 84' lang='lat' dir='ltr'><em>sumptibus</em></span> <span class='ocrx_word' id='word_1_518' title='bbox 301 1967 440 2004; x_wconf 87' lang='lat' dir='ltr'><em>deesset</em></span> <span class='ocrx_word' id='word_1_519' title='bbox 461 1979 511 2004; x_wconf 90' lang='lat' dir='ltr'><em>ex</em></span> <span class='ocrx_word' id='word_1_520' title='bbox 535 1967 781 2021; x_wconf 79' lang='lat' dir='ltr'><em>imperialibus</em></span> <span class='ocrx_word' id='word_1_521' title='bbox 798 1968 927 2015; x_wconf 86' lang='lat' dir='ltr'><em>potius</em></span> <span class='ocrx_word' id='word_1_522' title='bbox 950 1968 1129 2004; x_wconf 76' lang='lat' dir='ltr'><em>thesauris</em></span> <span class='ocrx_word' id='word_1_523' title='bbox 1147 1969 1408 2016; x_wconf 74' lang='lat' dir='ltr'><em>suppleremus.</em></span> 
     </span>
    </p>

    <p class='ocr_par' dir='ltr' id='par_1_9' title="bbox 79 2012 2311 2331">
     <span class='ocr_line' id='line_1_41' title="bbox 214 2012 2309 2061; baseline 0 -12"><span class='ocrx_word' id='word_1_524' title='bbox 214 2014 244 2050; x_wconf 91' lang='grc' dir='ltr'><em>Ι.</em></span> <span class='ocrx_word' id='word_1_525' title='bbox 291 2012 507 2049; x_wconf 86' lang='lat' dir='ltr'><em>Dedicantes</em></span> <span class='ocrx_word' id='word_1_526' title='bbox 530 2014 644 2060; x_wconf 82' lang='lat' dir='ltr'><em>iqitur</em></span> <span class='ocrx_word' id='word_1_527' title='bbox 666 2012 761 2048; x_wconf 85' lang='lat' dir='ltr'><em>hanc</em></span> <span class='ocrx_word' id='word_1_528' title='bbox 784 2024 929 2060; x_wconf 89' lang='lat' dir='ltr'><em>quoque</em></span> <span class='ocrx_word' id='word_1_529' title='bbox 952 2025 1075 2049; x_wconf 89' lang='lat' dir='ltr'><em>curam</em></span> <span class='ocrx_word' id='word_1_530' title='bbox 1100 2018 1259 2050; x_wconf 89' lang='lat' dir='ltr'><em>nostram</em></span> <span class='ocrx_word' id='word_1_531' title='bbox 1276 2013 1420 2050; x_wconf 87' lang='lat' dir='ltr'><em>domino</em></span> <span class='ocrx_word' id='word_1_532' title='bbox 1440 2013 1593 2056; x_wconf 83' lang='lat' dir='ltr'><em>Christo,</em></span> <span class='ocrx_word' id='word_1_533' title='bbox 1618 2017 1728 2060; x_wconf 90' lang='lat' dir='ltr'><em>atque</em></span> <span class='ocrx_word' id='word_1_534' title='bbox 1746 2014 1992 2050; x_wconf 87' lang='lat' dir='ltr'><em>convenientia</em></span> <span class='ocrx_word' id='word_1_535' title='bbox 2009 2014 2189 2060; x_wconf 80' lang='lat' dir='ltr'><em>facientes</em></span> <span class='ocrx_word' id='word_1_536' title='bbox 2201 2024 2309 2061; x_wconf 87' lang='lat' dir='ltr'><em>prae-</em></span> 
     </span>
     <span class='ocr_line' id='line_1_42' title="bbox 79 2058 2310 2106; baseline 0 -12"><span class='ocrx_word' id='word_1_537' title='bbox 79 2059 237 2096; x_wconf 89' lang='lat' dir='ltr'><em>sentibus</em></span> <span class='ocrx_word' id='word_1_538' title='bbox 267 2059 392 2104; x_wconf 83' lang='lat' dir='ltr'><em>maqni</em></span> <span class='ocrx_word' id='word_1_539' title='bbox 419 2059 511 2105; x_wconf 90' lang='lat' dir='ltr'><em>festi</em></span> <span class='ocrx_word' id='word_1_540' title='bbox 538 2058 714 2095; x_wconf 88' lang='lat' dir='ltr'><em>salutaris</em></span> <span class='ocrx_word' id='word_1_541' title='bbox 733 2059 923 2105; x_wconf 79' lang='lat' dir='ltr'><em>passionis</em></span> <span class='ocrx_word' id='word_1_542' title='bbox 953 2064 1172 2106; x_wconf 81' lang='lat' dir='ltr'><em>sanctaeque</em></span> <span class='ocrx_word' id='word_1_543' title='bbox 1199 2060 1278 2095; x_wconf 89' lang='lat' dir='ltr'><em>eius</em></span> <span class='ocrx_word' id='word_1_544' title='bbox 1307 2058 1587 2095; x_wconf 88' lang='lat' dir='ltr'><em>resurrectionis</em></span> <span class='ocrx_word' id='word_1_545' title='bbox 1617 2058 1751 2102; x_wconf 88' lang='lat' dir='ltr'><em>diebus,</em></span> <span class='ocrx_word' id='word_1_546' title='bbox 1784 2060 1909 2095; x_wconf 90' lang='lat' dir='ltr'><em>merito</em></span> <span class='ocrx_word' id='word_1_547' title='bbox 1939 2059 1998 2095; x_wconf 89' lang='lat' dir='ltr'><em>illi</em></span> <span class='ocrx_word' id='word_1_548' title='bbox 2050 2070 2093 2095; x_wconf 90' lang='lat' dir='ltr'><em>ro</em></span> <span class='ocrx_word' id='word_1_549' title='bbox 2123 2058 2310 2106; x_wconf 83' lang='lat' dir='ltr'><em>republica</em></span> 
     </span>
     <span class='ocr_line' id='line_1_43' title="bbox 80 2103 2309 2151; baseline 0 -12"><span class='ocrx_word' id='word_1_550' title='bbox 80 2104 175 2140; x_wconf 86' lang='lat' dir='ltr'><em>hanc</em></span> <span class='ocrx_word' id='word_1_551' title='bbox 205 2114 348 2150; x_wconf 87' lang='lat' dir='ltr'><em>quoque</em></span> <span class='ocrx_word' id='word_1_552' title='bbox 375 2107 603 2150; x_wconf 85' lang='lat' dir='ltr'><em>praesentem</em></span> <span class='ocrx_word' id='word_1_553' title='bbox 634 2103 866 2140; x_wconf 85' lang='lat' dir='ltr'><em>donationem</em></span> <span class='ocrx_word' id='word_1_554' title='bbox 898 2104 1098 2150; x_wconf 84' lang='lat' dir='ltr'><em>offerimus,</em></span> <span class='ocrx_word' id='word_1_555' title='bbox 1131 2115 1204 2151; x_wconf 86' lang='lat' dir='ltr'><em>qua</em></span> <span class='ocrx_word' id='word_1_556' title='bbox 1235 2104 1464 2140; x_wconf 85' lang='lat' dir='ltr'><em>concedimus</em></span> <span class='ocrx_word' id='word_1_557' title='bbox 1494 2103 1669 2150; x_wconf 85' lang='lat' dir='ltr'><em>aqricolis</em></span> <span class='ocrx_word' id='word_1_558' title='bbox 1692 2103 1926 2150; x_wconf 87' lang='lat' dir='ltr'><em>omnibusque</em></span> <span class='ocrx_word' id='word_1_559' title='bbox 1949 2104 2007 2140; x_wconf 91' lang='lat' dir='ltr'><em>col</em></span> <span class='ocrx_word' id='word_1_560' title='bbox 2021 2104 2183 2140; x_wconf 89' lang='lat' dir='ltr'><em>atoribus</em></span> <span class='ocrx_word' id='word_1_561' title='bbox 2205 2103 2309 2147; x_wconf 89' lang='lat' dir='ltr'><em>(idem</em></span> 
     </span>
     <span class='ocr_line' id='line_1_44' title="bbox 79 2148 2308 2196; baseline -0 -10"><span class='ocrx_word' id='word_1_562' title='bbox 79 2154 134 2186; x_wconf 89' lang='lat' dir='ltr'><em>est</em></span> <span class='ocrx_word' id='word_1_563' title='bbox 171 2150 291 2185; x_wconf 89' lang='lat' dir='ltr'><em>dicere</em></span> <span class='ocrx_word' id='word_1_564' title='bbox 317 2149 559 2196; x_wconf 87' lang='lat' dir='ltr'><em>praediorum</em></span> <span class='ocrx_word' id='word_1_565' title='bbox 590 2148 756 2193; x_wconf 86' lang='lat' dir='ltr'><em>dominis)</em></span> <span class='ocrx_word' id='word_1_566' title='bbox 787 2149 966 2196; x_wconf 79' lang='lat' dir='ltr'><em>inteqrum</em></span> <span class='ocrx_word' id='word_1_567' title='bbox 997 2160 1107 2185; x_wconf 88' lang='lat' dir='ltr'><em>unum</em></span> <span class='ocrx_word' id='word_1_568' title='bbox 1135 2160 1307 2185; x_wconf 91' lang='lat' dir='ltr'><em>canonem</em></span> <span class='ocrx_word' id='word_1_569' title='bbox 1343 2149 1573 2196; x_wconf 85' lang='lat' dir='ltr'><em>publicorum</em></span> <span class='ocrx_word' id='word_1_570' title='bbox 1609 2148 1824 2185; x_wconf 87' lang='lat' dir='ltr'><em>tributorum</em></span> <span class='ocrx_word' id='word_1_571' title='bbox 1855 2151 1893 2185; x_wconf 89' lang='lat' dir='ltr'><em>in</em></span> <span class='ocrx_word' id='word_1_572' title='bbox 1922 2149 2200 2195; x_wconf 82' lang='lat' dir='ltr'><em>quadriennium</em></span> <span class='ocrx_word' id='word_1_573' title='bbox 2229 2159 2308 2185; x_wconf 85' lang='lat' dir='ltr'><em>eam</em></span> 
     </span>
     <span class='ocr_line' id='line_1_45' title="bbox 79 2193 2308 2241; baseline -0 -11"><span class='ocrx_word' id='word_1_574' title='bbox 79 2195 342 2237; x_wconf 86' lang='lat' dir='ltr'><em>distribuentes,</em></span> <span class='ocrx_word' id='word_1_575' title='bbox 367 2193 434 2230; x_wconf 89' lang='lat' dir='ltr'><em>hoc</em></span> <span class='ocrx_word' id='word_1_576' title='bbox 458 2199 511 2230; x_wconf 90' lang='lat' dir='ltr'><em>est</em></span> <span class='ocrx_word' id='word_1_577' title='bbox 534 2205 650 2230; x_wconf 88' lang='lat' dir='ltr'><em>nonae</em></span> <span class='ocrx_word' id='word_1_578' title='bbox 672 2205 766 2240; x_wconf 91' lang='lat' dir='ltr'><em>quae</em></span> <span class='ocrx_word' id='word_1_579' title='bbox 787 2195 919 2239; x_wconf 85' lang='lat' dir='ltr'><em>futura</em></span> <span class='ocrx_word' id='word_1_580' title='bbox 942 2198 997 2230; x_wconf 87' lang='lat' dir='ltr'><em>est</em></span> <span class='ocrx_word' id='word_1_581' title='bbox 1018 2194 1227 2231; x_wconf 86' lang='lat' dir='ltr'><em>indictionis</em></span> <span class='ocrx_word' id='word_1_582' title='bbox 1250 2199 1419 2240; x_wconf 80' lang='lat' dir='ltr'><em>quartam</em></span> <span class='ocrx_word' id='word_1_583' title='bbox 1443 2194 1520 2230; x_wconf 88' lang='lat' dir='ltr'><em>eius</em></span> <span class='ocrx_word' id='word_1_584' title='bbox 1540 2198 1695 2241; x_wconf 85' lang='lat' dir='ltr'><em>partem,</em></span> <span class='ocrx_word' id='word_1_585' title='bbox 1719 2194 1876 2230; x_wconf 85' lang='lat' dir='ltr'><em>decimae</em></span> <span class='ocrx_word' id='word_1_586' title='bbox 1890 2205 1975 2231; x_wconf 86' lang='lat' dir='ltr'><em>vero</em></span> <span class='ocrx_word' id='word_1_587' title='bbox 1992 2195 2069 2230; x_wconf 87' lang='lat' dir='ltr'><em>inse</em></span> <span class='ocrx_word' id='word_1_588' title='bbox 2095 2194 2211 2231; x_wconf 86' lang='lat' dir='ltr'><em>uentis</em></span> <span class='ocrx_word' id='word_1_589' title='bbox 2228 2198 2308 2230; x_wconf 85' lang='lat' dir='ltr'><em>tan-</em></span> 
     </span>
     <span class='ocr_line' id='line_1_46' title="bbox 81 2239 2311 2286; baseline -0 -10"><span class='ocrx_word' id='word_1_590' title='bbox 81 2245 169 2276; x_wconf 88' lang='lat' dir='ltr'><em>tam.</em></span> <span class='ocrx_word' id='word_1_591' title='bbox 184 2240 294 2275; x_wconf 90' lang='lat' dir='ltr'><em>aliam</em></span> <span class='ocrx_word' id='word_1_592' title='bbox 319 2244 477 2286; x_wconf 83' lang='lat' dir='ltr'><em>partem,</em></span> <span class='ocrx_word' id='word_1_593' title='bbox 508 2240 673 2275; x_wconf 86' lang='lat' dir='ltr'><em>similiter</em></span> <span class='ocrx_word' id='word_1_594' title='bbox 703 2240 809 2275; x_wconf 87' lang='lat' dir='ltr'><em>etiam</em></span> <span class='ocrx_word' id='word_1_595' title='bbox 839 2239 1049 2275; x_wconf 87' lang='lat' dir='ltr'><em>undecimae</em></span> <span class='ocrx_word' id='word_1_596' title='bbox 1079 2244 1114 2276; x_wconf 91' lang='lat' dir='ltr'><em>et</em></span> <span class='ocrx_word' id='word_1_597' title='bbox 1141 2239 1373 2276; x_wconf 84' lang='lat' dir='ltr'><em>duodecimae</em></span> <span class='ocrx_word' id='word_1_598' title='bbox 1402 2239 1612 2275; x_wconf 86' lang='lat' dir='ltr'><em>indictionis</em></span> <span class='ocrx_word' id='word_1_599' title='bbox 1632 2244 1785 2286; x_wconf 90' lang='lat' dir='ltr'><em>quartas</em></span> <span class='ocrx_word' id='word_1_600' title='bbox 1800 2243 1950 2286; x_wconf 83' lang='lat' dir='ltr'><em>partes,</em></span> <span class='ocrx_word' id='word_1_601' title='bbox 1980 2240 2072 2275; x_wconf 88' lang='lat' dir='ltr'><em>simu</em></span> <span class='ocrx_word' id='word_1_602' title='bbox 2112 2240 2311 2275; x_wconf 88' lang='lat' dir='ltr'><em>minuentes</em></span> 
     </span>
     <span class='ocr_line' id='line_1_47' title="bbox 79 2284 1525 2331; baseline -0.002 -9"><span class='ocrx_word' id='word_1_603' title='bbox 79 2286 187 2322; x_wconf 90' lang='lat' dir='ltr'><em>etiam</em></span> <span class='ocrx_word' id='word_1_604' title='bbox 211 2285 496 2326; x_wconf 86' lang='lat' dir='ltr'><em>consuetudines,</em></span> <span class='ocrx_word' id='word_1_605' title='bbox 522 2296 616 2331; x_wconf 88' lang='lat' dir='ltr'><em>quae</em></span> <span class='ocrx_word' id='word_1_606' title='bbox 639 2284 769 2330; x_wconf 89' lang='lat' dir='ltr'><em>quibus</em></span> <span class='ocrx_word' id='word_1_607' title='bbox 792 2288 974 2331; x_wconf 88' lang='lat' dir='ltr'><em>utcunque</em></span> <span class='ocrx_word' id='word_1_608' title='bbox 993 2296 1065 2331; x_wconf 92' lang='lat' dir='ltr'><em>pro</em></span> <span class='ocrx_word' id='word_1_609' title='bbox 1088 2285 1144 2320; x_wconf 88' lang='lat' dir='ltr'><em>his</em></span> <span class='ocrx_word' id='word_1_610' title='bbox 1167 2285 1274 2321; x_wconf 90' lang='lat' dir='ltr'><em>rebus</em></span> <span class='ocrx_word' id='word_1_611' title='bbox 1294 2285 1525 2331; x_wconf 83' lang='lat' dir='ltr'><em>praebentur.</em></span> 
     </span>
    </p>

    <p class='ocr_par' dir='ltr' id='par_1_10' title="bbox 77 2329 2311 3054">
     <span class='ocr_line' id='line_1_48' title="bbox 213 2329 2309 2377; baseline 0 -12"><span class='ocrx_word' id='word_1_612' title='bbox 213 2330 261 2366; x_wconf 89' lang='grc' dir='ltr'><em>ΙΙ.</em></span> <span class='ocrx_word' id='word_1_613' title='bbox 308 2329 535 2366; x_wconf 84' lang='lat' dir='ltr'><em>Remittimus</em></span> <span class='ocrx_word' id='word_1_614' title='bbox 559 2334 677 2366; x_wconf 65' lang='lat' dir='ltr'><em>aretem</em></span> <span class='ocrx_word' id='word_1_615' title='bbox 702 2330 753 2365; x_wconf 90' lang='lat' dir='ltr'><em>eis</em></span> <span class='ocrx_word' id='word_1_616' title='bbox 776 2330 883 2365; x_wconf 88' lang='lat' dir='ltr'><em>etiam</em></span> <span class='ocrx_word' id='word_1_617' title='bbox 903 2330 1095 2376; x_wconf 88' lang='lat' dir='ltr'><em>praeteriti</em></span> <span class='ocrx_word' id='word_1_618' title='bbox 1119 2334 1186 2366; x_wconf 91' lang='lat' dir='ltr'><em>tem</em></span> <span class='ocrx_word' id='word_1_619' title='bbox 1217 2330 1292 2366; x_wconf 91' lang='lat' dir='ltr'><em>oris</em></span> <span class='ocrx_word' id='word_1_620' title='bbox 1314 2330 1456 2376; x_wconf 90' lang='lat' dir='ltr'><em>reliqua</em></span> <span class='ocrx_word' id='word_1_621' title='bbox 1480 2339 1593 2375; x_wconf 91' lang='lat' dir='ltr'><em>usque</em></span> <span class='ocrx_word' id='word_1_622' title='bbox 1613 2329 1663 2365; x_wconf 92' lang='lat' dir='ltr'><em>ad</em></span> <span class='ocrx_word' id='word_1_623' title='bbox 1679 2329 1788 2374; x_wconf 83' lang='lat' dir='ltr'><em>finem</em></span> <span class='ocrx_word' id='word_1_624' title='bbox 1811 2330 1960 2376; x_wconf 83' lang='lat' dir='ltr'><em>quintae</em></span> <span class='ocrx_word' id='word_1_625' title='bbox 1983 2340 2077 2375; x_wconf 86' lang='lat' dir='ltr'><em>quac</em></span> <span class='ocrx_word' id='word_1_626' title='bbox 2091 2339 2188 2365; x_wconf 88' lang='lat' dir='ltr'><em>nunc</em></span> <span class='ocrx_word' id='word_1_627' title='bbox 2202 2339 2309 2377; x_wconf 87' lang='lat' dir='ltr'><em>prae-</em></span> 
     </span>
     <span class='ocr_line' id='line_1_49' title="bbox 81 2373 2310 2422; baseline -0 -11"><span class='ocrx_word' id='word_1_628' title='bbox 81 2376 178 2411; x_wconf 89' lang='lat' dir='ltr'><em>teriit</em></span> <span class='ocrx_word' id='word_1_629' title='bbox 207 2375 432 2417; x_wconf 80' lang='lat' dir='ltr'><em>indictionis,</em></span> <span class='ocrx_word' id='word_1_630' title='bbox 464 2379 498 2410; x_wconf 93' lang='lat' dir='ltr'><em>et</em></span> <span class='ocrx_word' id='word_1_631' title='bbox 527 2376 727 2418; x_wconf 86' lang='lat' dir='ltr'><em>sancimus,</em></span> <span class='ocrx_word' id='word_1_632' title='bbox 757 2379 798 2410; x_wconf 91' lang='lat' dir='ltr'><em>ut</em></span> <span class='ocrx_word' id='word_1_633' title='bbox 828 2375 930 2411; x_wconf 86' lang='lat' dir='ltr'><em>nulla</em></span> <span class='ocrx_word' id='word_1_634' title='bbox 960 2375 1108 2422; x_wconf 86' lang='lat' dir='ltr'><em>piorum</em></span> <span class='ocrx_word' id='word_1_635' title='bbox 1140 2377 1190 2411; x_wconf 88' lang='lat' dir='ltr'><em>tri</em></span> <span class='ocrx_word' id='word_1_636' title='bbox 1211 2379 1356 2411; x_wconf 91' lang='lat' dir='ltr'><em>utorum</em></span> <span class='ocrx_word' id='word_1_637' title='bbox 1387 2386 1411 2411; x_wconf 93' lang='lat' dir='ltr'><em>a</em></span> <span class='ocrx_word' id='word_1_638' title='bbox 1443 2375 1544 2410; x_wconf 89' lang='lat' dir='ltr'><em>nobis</em></span> <span class='ocrx_word' id='word_1_639' title='bbox 1574 2373 1861 2410; x_wconf 90' lang='lat' dir='ltr'><em>condonatorum</em></span> <span class='ocrx_word' id='word_1_640' title='bbox 1884 2376 2029 2411; x_wconf 86' lang='lat' dir='ltr'><em>exactio</em></span> <span class='ocrx_word' id='word_1_641' title='bbox 2051 2375 2133 2420; x_wconf 78' lang='lat' dir='ltr'><em>fiat,</em></span> <span class='ocrx_word' id='word_1_642' title='bbox 2161 2375 2236 2411; x_wconf 82' lang='lat' dir='ltr'><em>sive</em></span> <span class='ocrx_word' id='word_1_643' title='bbox 2258 2374 2310 2410; x_wconf 86' lang='lat' dir='ltr'><em>ad</em></span> 
     </span>
     <span class='ocr_line' id='line_1_50' title="bbox 80 2418 2309 2467; baseline 0 -12"><span class='ocrx_word' id='word_1_644' title='bbox 80 2422 278 2457; x_wconf 87' lang='lat' dir='ltr'><em>maximum</em></span> <span class='ocrx_word' id='word_1_645' title='bbox 309 2422 561 2467; x_wconf 81' lang='lat' dir='ltr'><em>maqistratum</em></span> <span class='ocrx_word' id='word_1_646' title='bbox 591 2419 681 2456; x_wconf 86' lang='lat' dir='ltr'><em>haec</em></span> <span class='ocrx_word' id='word_1_647' title='bbox 706 2420 895 2467; x_wconf 82' lang='lat' dir='ltr'><em>pertinent</em></span> <span class='ocrx_word' id='word_1_648' title='bbox 915 2421 1014 2456; x_wconf 87' lang='lat' dir='ltr'><em>sacri</em></span> <span class='ocrx_word' id='word_1_649' title='bbox 1040 2420 1197 2456; x_wconf 81' lang='lat' dir='ltr'><em>Orientis</em></span> <span class='ocrx_word' id='word_1_650' title='bbox 1209 2420 1411 2467; x_wconf 86' lang='lat' dir='ltr'><em>praetorii,</em></span> <span class='ocrx_word' id='word_1_651' title='bbox 1442 2421 1515 2456; x_wconf 90' lang='lat' dir='ltr'><em>sive</em></span> <span class='ocrx_word' id='word_1_652' title='bbox 1538 2419 1586 2455; x_wconf 88' lang='lat' dir='ltr'><em>ad</em></span> <span class='ocrx_word' id='word_1_653' title='bbox 1601 2419 1878 2465; x_wconf 83' lang='lat' dir='ltr'><em>praefecturam</em></span> <span class='ocrx_word' id='word_1_654' title='bbox 1903 2418 2066 2466; x_wconf 77' lang='lat' dir='ltr'><em>Illyrici,</em></span> <span class='ocrx_word' id='word_1_655' title='bbox 2097 2419 2172 2456; x_wconf 84' lang='lat' dir='ltr'><em>sive</em></span> <span class='ocrx_word' id='word_1_656' title='bbox 2194 2420 2309 2466; x_wconf 80' lang='lat' dir='ltr'><em>maqi-</em></span> 
     </span>
     <span class='ocr_line' id='line_1_51' title="bbox 79 2464 2309 2512; baseline -0 -11"><span class='ocrx_word' id='word_1_657' title='bbox 79 2470 234 2502; x_wconf 91' lang='lat' dir='ltr'><em>stratum</em></span> <span class='ocrx_word' id='word_1_658' title='bbox 259 2465 459 2501; x_wconf 88' lang='lat' dir='ltr'><em>insularum</em></span> <span class='ocrx_word' id='word_1_659' title='bbox 482 2470 518 2501; x_wconf 90' lang='lat' dir='ltr'><em>et</em></span> <span class='ocrx_word' id='word_1_660' title='bbox 540 2465 748 2501; x_wconf 89' lang='lat' dir='ltr'><em>militarium</em></span> <span class='ocrx_word' id='word_1_661' title='bbox 772 2465 941 2501; x_wconf 87' lang='lat' dir='ltr'><em>ordinum</em></span> <span class='ocrx_word' id='word_1_662' title='bbox 964 2466 1002 2500; x_wconf 89' lang='lat' dir='ltr'><em>in</em></span> <span class='ocrx_word' id='word_1_663' title='bbox 1025 2464 1177 2512; x_wconf 76' lang='lat' dir='ltr'><em>Scythia</em></span> <span class='ocrx_word' id='word_1_664' title='bbox 1200 2469 1236 2501; x_wconf 90' lang='lat' dir='ltr'><em>et</em></span> <span class='ocrx_word' id='word_1_665' title='bbox 1259 2464 1397 2501; x_wconf 89' lang='lat' dir='ltr'><em>Moesia</em></span> <span class='ocrx_word' id='word_1_666' title='bbox 1421 2465 1691 2507; x_wconf 87' lang='lat' dir='ltr'><em>collocatorum,</em></span> <span class='ocrx_word' id='word_1_667' title='bbox 1713 2465 1788 2500; x_wconf 87' lang='lat' dir='ltr'><em>sive</em></span> <span class='ocrx_word' id='word_1_668' title='bbox 1811 2465 1861 2500; x_wconf 90' lang='lat' dir='ltr'><em>ad</em></span> <span class='ocrx_word' id='word_1_669' title='bbox 1882 2475 2010 2500; x_wconf 86' lang='lat' dir='ltr'><em>sacras</em></span> <span class='ocrx_word' id='word_1_670' title='bbox 2032 2467 2178 2500; x_wconf 88' lang='lat' dir='ltr'><em>nostras</em></span> <span class='ocrx_word' id='word_1_671' title='bbox 2198 2464 2309 2511; x_wconf 81' lang='lat' dir='ltr'><em>larqi-</em></span> 
     </span>
     <span class='ocr_line' id='line_1_52' title="bbox 82 2509 2308 2557; baseline 0 -11"><span class='ocrx_word' id='word_1_672' title='bbox 82 2512 197 2547; x_wconf 84' lang='lat' dir='ltr'><em>tiones</em></span> <span class='ocrx_word' id='word_1_673' title='bbox 226 2511 282 2547; x_wconf 89' lang='lat' dir='ltr'><em>vel</em></span> <span class='ocrx_word' id='word_1_674' title='bbox 309 2511 417 2547; x_wconf 90' lang='lat' dir='ltr'><em>etiam</em></span> <span class='ocrx_word' id='word_1_675' title='bbox 448 2511 559 2546; x_wconf 89' lang='lat' dir='ltr'><em>alium</em></span> <span class='ocrx_word' id='word_1_676' title='bbox 590 2511 864 2557; x_wconf 83' lang='lat' dir='ltr'><em>maqistratum,·</em></span> <span class='ocrx_word' id='word_1_677' title='bbox 894 2511 1146 2548; x_wconf 87' lang='lat' dir='ltr'><em>interdicentes</em></span> <span class='ocrx_word' id='word_1_678' title='bbox 1176 2510 1373 2546; x_wconf 89' lang='lat' dir='ltr'><em>curialibus</em></span> <span class='ocrx_word' id='word_1_679' title='bbox 1402 2514 1439 2546; x_wconf 89' lang='lat' dir='ltr'><em>et</em></span> <span class='ocrx_word' id='word_1_680' title='bbox 1469 2510 1739 2556; x_wconf 79' lang='lat' dir='ltr'><em>exceptoribus,</em></span> <span class='ocrx_word' id='word_1_681' title='bbox 1770 2510 1972 2546; x_wconf 89' lang='lat' dir='ltr'><em>scriniariis</em></span> <span class='ocrx_word' id='word_1_682' title='bbox 1995 2513 2030 2546; x_wconf 90' lang='lat' dir='ltr'><em>et</em></span> <span class='ocrx_word' id='word_1_683' title='bbox 2052 2509 2308 2551; x_wconf 86' lang='lat' dir='ltr'><em>cohortalibus,</em></span> 
     </span>
     <span class='ocr_line' id='line_1_53' title="bbox 77 2555 2310 2603; baseline -0 -12"><span class='ocrx_word' id='word_1_684' title='bbox 77 2556 254 2603; x_wconf 87' lang='lat' dir='ltr'><em>palatinis</em></span> <span class='ocrx_word' id='word_1_685' title='bbox 278 2560 313 2591; x_wconf 88' lang='lat' dir='ltr'><em>et</em></span> <span class='ocrx_word' id='word_1_686' title='bbox 335 2556 580 2599; x_wconf 77' lang='lat' dir='ltr'><em>exactoribus,</em></span> <span class='ocrx_word' id='word_1_687' title='bbox 605 2566 670 2592; x_wconf 90' lang='lat' dir='ltr'><em>nec</em></span> <span class='ocrx_word' id='word_1_688' title='bbox 693 2567 766 2591; x_wconf 92' lang='lat' dir='ltr'><em>non</em></span> <span class='ocrx_word' id='word_1_689' title='bbox 789 2556 1068 2603; x_wconf 83' lang='lat' dir='ltr'><em>susceptoribus,</em></span> <span class='ocrx_word' id='word_1_690' title='bbox 1091 2561 1126 2591; x_wconf 89' lang='lat' dir='ltr'><em>et</em></span> <span class='ocrx_word' id='word_1_691' title='bbox 1149 2556 1353 2602; x_wconf 85' lang='lat' dir='ltr'><em>quicunque</em></span> <span class='ocrx_word' id='word_1_692' title='bbox 1378 2555 1592 2591; x_wconf 86' lang='lat' dir='ltr'><em>tributorum</em></span> <span class='ocrx_word' id='word_1_693' title='bbox 1616 2555 1841 2590; x_wconf 79' lang='lat' dir='ltr'><em>exactionem</em></span> <span class='ocrx_word' id='word_1_694' title='bbox 1864 2560 1899 2591; x_wconf 91' lang='lat' dir='ltr'><em>et</em></span> <span class='ocrx_word' id='word_1_695' title='bbox 1917 2556 2178 2602; x_wconf 83' lang='lat' dir='ltr'><em>susceptionem</em></span> <span class='ocrx_word' id='word_1_696' title='bbox 2197 2555 2310 2602; x_wconf 79' lang='lat' dir='ltr'><em>qessit</em></span> 
     </span>
     <span class='ocr_line' id='line_1_54' title="bbox 81 2598 2309 2648; baseline -0.001 -12"><span class='ocrx_word' id='word_1_697' title='bbox 81 2606 116 2637; x_wconf 90' lang='lat' dir='ltr'><em>et</em></span> <span class='ocrx_word' id='word_1_698' title='bbox 145 2603 252 2647; x_wconf 83' lang='lat' dir='ltr'><em>qerit,</em></span> <span class='ocrx_word' id='word_1_699' title='bbox 281 2612 326 2637; x_wconf 90' lang='lat' dir='ltr'><em>ne</em></span> <span class='ocrx_word' id='word_1_700' title='bbox 349 2602 533 2648; x_wconf 82' lang='lat' dir='ltr'><em>aqricolas</em></span> <span class='ocrx_word' id='word_1_701' title='bbox 555 2605 589 2636; x_wconf 89' lang='lat' dir='ltr'><em>et</em></span> <span class='ocrx_word' id='word_1_702' title='bbox 611 2601 774 2637; x_wconf 88' lang='lat' dir='ltr'><em>subditos</em></span> <span class='ocrx_word' id='word_1_703' title='bbox 797 2601 1075 2638; x_wconf 82' lang='lat' dir='ltr'><em>circumveniant</em></span> <span class='ocrx_word' id='word_1_704' title='bbox 1097 2605 1162 2638; x_wconf 90' lang='lat' dir='ltr'><em>aut</em></span> <span class='ocrx_word' id='word_1_705' title='bbox 1184 2601 1291 2637; x_wconf 88' lang='lat' dir='ltr'><em>etiam</em></span> <span class='ocrx_word' id='word_1_706' title='bbox 1310 2600 1548 2647; x_wconf 88' lang='lat' dir='ltr'><em>praediorum</em></span> <span class='ocrx_word' id='word_1_707' title='bbox 1572 2599 1737 2635; x_wconf 83' lang='lat' dir='ltr'><em>dominos</em></span> <span class='ocrx_word' id='word_1_708' title='bbox 1759 2598 1890 2635; x_wconf 86' lang='lat' dir='ltr'><em>damno</em></span> <span class='ocrx_word' id='word_1_709' title='bbox 1914 2600 2094 2646; x_wconf 84' lang='lat' dir='ltr'><em>afficiant,</em></span> <span class='ocrx_word' id='word_1_710' title='bbox 2126 2603 2198 2636; x_wconf 89' lang='lat' dir='ltr'><em>tam</em></span> <span class='ocrx_word' id='word_1_711' title='bbox 2227 2611 2309 2635; x_wconf 91' lang='lat' dir='ltr'><em>uam</em></span> 
     </span>
     <span class='ocr_line' id='line_1_55' title="bbox 82 2644 2309 2693; baseline -0 -12"><span class='ocrx_word' id='word_1_712' title='bbox 82 2647 216 2682; x_wconf 87' lang='lat' dir='ltr'><em>tributa</em></span> <span class='ocrx_word' id='word_1_713' title='bbox 246 2658 265 2682; x_wconf 92' lang='lat' dir='ltr'><em>e</em></span> <span class='ocrx_word' id='word_1_714' title='bbox 296 2647 453 2682; x_wconf 85' lang='lat' dir='ltr'><em>remissis</em></span> <span class='ocrx_word' id='word_1_715' title='bbox 483 2646 634 2692; x_wconf 87' lang='lat' dir='ltr'><em>reliquis</em></span> <span class='ocrx_word' id='word_1_716' title='bbox 659 2657 732 2693; x_wconf 89' lang='lat' dir='ltr'><em>pro</em></span> <span class='ocrx_word' id='word_1_717' title='bbox 755 2647 808 2682; x_wconf 87' lang='lat' dir='ltr'><em>eis</em></span> <span class='ocrx_word' id='word_1_718' title='bbox 827 2650 911 2683; x_wconf 91' lang='lat' dir='ltr'><em>ante</em></span> <span class='ocrx_word' id='word_1_719' title='bbox 933 2646 1108 2683; x_wconf 87' lang='lat' dir='ltr'><em>solverint</em></span> <span class='ocrx_word' id='word_1_720' title='bbox 1130 2650 1196 2682; x_wconf 91' lang='lat' dir='ltr'><em>aut</em></span> <span class='ocrx_word' id='word_1_721' title='bbox 1217 2647 1324 2682; x_wconf 87' lang='lat' dir='ltr'><em>etiam</em></span> <span class='ocrx_word' id='word_1_722' title='bbox 1348 2645 1544 2681; x_wconf 88' lang='lat' dir='ltr'><em>constituta</em></span> <span class='ocrx_word' id='word_1_723' title='bbox 1574 2645 1630 2682; x_wconf 89' lang='lat' dir='ltr'><em>vel</em></span> <span class='ocrx_word' id='word_1_724' title='bbox 1647 2644 1897 2690; x_wconf 82' lang='lat' dir='ltr'><em>fideiussiones</em></span> <span class='ocrx_word' id='word_1_725' title='bbox 1920 2649 1954 2681; x_wconf 87' lang='lat' dir='ltr'><em>et</em></span> <span class='ocrx_word' id='word_1_726' title='bbox 1977 2645 2164 2681; x_wconf 88' lang='lat' dir='ltr'><em>cautiones</em></span> <span class='ocrx_word' id='word_1_727' title='bbox 2211 2644 2309 2681; x_wconf 83' lang='lat' dir='ltr'><em>olose</em></span> 
     </span>
     <span class='ocr_line' id='line_1_56' title="bbox 82 2690 2309 2738; baseline -0.001 -11"><span class='ocrx_word' id='word_1_728' title='bbox 82 2692 298 2737; x_wconf 87' lang='lat' dir='ltr'><em>acceperint.</em></span> <span class='ocrx_word' id='word_1_729' title='bbox 346 2690 497 2727; x_wconf 88' lang='lat' dir='ltr'><em>Irritam</em></span> <span class='ocrx_word' id='word_1_730' title='bbox 526 2693 619 2727; x_wconf 89' lang='lat' dir='ltr'><em>enim</em></span> <span class='ocrx_word' id='word_1_731' title='bbox 648 2692 808 2737; x_wconf 86' lang='lat' dir='ltr'><em>facimus</em></span> <span class='ocrx_word' id='word_1_732' title='bbox 839 2702 977 2727; x_wconf 89' lang='lat' dir='ltr'><em>omnem</em></span> <span class='ocrx_word' id='word_1_733' title='bbox 1009 2703 1102 2738; x_wconf 86' lang='lat' dir='ltr'><em>quae</em></span> <span class='ocrx_word' id='word_1_734' title='bbox 1132 2695 1263 2728; x_wconf 90' lang='lat' dir='ltr'><em>contra</em></span> <span class='ocrx_word' id='word_1_735' title='bbox 1283 2690 1534 2727; x_wconf 87' lang='lat' dir='ltr'><em>liberalitatem</em></span> <span class='ocrx_word' id='word_1_736' title='bbox 1557 2694 1720 2726; x_wconf 90' lang='lat' dir='ltr'><em>nostram</em></span> <span class='ocrx_word' id='word_1_737' title='bbox 1741 2690 1848 2735; x_wconf 88' lang='lat' dir='ltr'><em>facta</em></span> <span class='ocrx_word' id='word_1_738' title='bbox 1871 2694 1925 2727; x_wconf 90' lang='lat' dir='ltr'><em>est</em></span> <span class='ocrx_word' id='word_1_739' title='bbox 1948 2690 2004 2727; x_wconf 88' lang='lat' dir='ltr'><em>vel</em></span> <span class='ocrx_word' id='word_1_740' title='bbox 2025 2690 2133 2726; x_wconf 90' lang='lat' dir='ltr'><em>etiam</em></span> <span class='ocrx_word' id='word_1_741' title='bbox 2153 2690 2219 2736; x_wconf 80' lang='lat' dir='ltr'><em>fiet</em></span> <span class='ocrx_word' id='word_1_742' title='bbox 2241 2690 2309 2725; x_wconf 89' lang='lat' dir='ltr'><em>cir-</em></span> 
     </span>
     <span class='ocr_line' id='line_1_57' title="bbox 82 2735 2308 2783; baseline -0.001 -11"><span class='ocrx_word' id='word_1_743' title='bbox 82 2737 417 2781; x_wconf 88' lang='lat' dir='ltr'><em>cumscriptionem,·</em></span> <span class='ocrx_word' id='word_1_744' title='bbox 447 2747 527 2771; x_wconf 87' lang='lat' dir='ltr'><em>cum</em></span> <span class='ocrx_word' id='word_1_745' title='bbox 554 2737 646 2772; x_wconf 89' lang='lat' dir='ltr'><em>illud</em></span> <span class='ocrx_word' id='word_1_746' title='bbox 667 2737 899 2782; x_wconf 66' lang='lat' dir='ltr'><em>manifestum</em></span> <span class='ocrx_word' id='word_1_747' title='bbox 923 2737 981 2781; x_wconf 87' lang='lat' dir='ltr'><em>sit,</em></span> <span class='ocrx_word' id='word_1_748' title='bbox 1012 2737 1044 2772; x_wconf 89' lang='lat' dir='ltr'><em>si</em></span> <span class='ocrx_word' id='word_1_749' title='bbox 1068 2737 1131 2783; x_wconf 90' lang='lat' dir='ltr'><em>qui</em></span> <span class='ocrx_word' id='word_1_750' title='bbox 1154 2741 1238 2773; x_wconf 90' lang='lat' dir='ltr'><em>ante</em></span> <span class='ocrx_word' id='word_1_751' title='bbox 1260 2736 1491 2773; x_wconf 88' lang='lat' dir='ltr'><em>donationem</em></span> <span class='ocrx_word' id='word_1_752' title='bbox 1514 2740 1675 2771; x_wconf 88' lang='lat' dir='ltr'><em>nostram</em></span> <span class='ocrx_word' id='word_1_753' title='bbox 1699 2746 1749 2771; x_wconf 88' lang='lat' dir='ltr'><em>ex</em></span> <span class='ocrx_word' id='word_1_754' title='bbox 1771 2735 1845 2771; x_wconf 88' lang='lat' dir='ltr'><em>illis</em></span> <span class='ocrx_word' id='word_1_755' title='bbox 1865 2746 1977 2782; x_wconf 86' lang='lat' dir='ltr'><em>usque</em></span> <span class='ocrx_word' id='word_1_756' title='bbox 2000 2735 2051 2771; x_wconf 91' lang='lat' dir='ltr'><em>ad</em></span> <span class='ocrx_word' id='word_1_757' title='bbox 2071 2735 2234 2782; x_wconf 86' lang='lat' dir='ltr'><em>quintam</em></span> <span class='ocrx_word' id='word_1_758' title='bbox 2257 2735 2308 2770; x_wconf 91' lang='lat' dir='ltr'><em>in-</em></span> 
     </span>
     <span class='ocr_line' id='line_1_58' title="bbox 81 2779 2311 2833; baseline -0.001 -16"><span class='ocrx_word' id='word_1_759' title='bbox 81 2781 271 2817; x_wconf 89' lang='lat' dir='ltr'><em>dictionem</em></span> <span class='ocrx_word' id='word_1_760' title='bbox 294 2781 448 2816; x_wconf 85' lang='lat' dir='ltr'><em>residuis</em></span> <span class='ocrx_word' id='word_1_761' title='bbox 471 2781 610 2833; x_wconf 85' lang='lat' dir='ltr'><em>aliquid</em></span> <span class='ocrx_word' id='word_1_762' title='bbox 632 2783 823 2827; x_wconf 83' lang='lat' dir='ltr'><em>exeqerint</em></span> <span class='ocrx_word' id='word_1_763' title='bbox 845 2782 954 2827; x_wconf 85' lang='lat' dir='ltr'><em>idque</em></span> <span class='ocrx_word' id='word_1_764' title='bbox 976 2793 1050 2818; x_wconf 92' lang='lat' dir='ltr'><em>non</em></span> <span class='ocrx_word' id='word_1_765' title='bbox 1072 2782 1219 2818; x_wconf 87' lang='lat' dir='ltr'><em>solvisse</em></span> <span class='ocrx_word' id='word_1_766' title='bbox 1234 2781 1474 2825; x_wconf 86' lang='lat' dir='ltr'><em>inveniantur,</em></span> <span class='ocrx_word' id='word_1_767' title='bbox 1498 2791 1561 2816; x_wconf 91' lang='lat' dir='ltr'><em>eos</em></span> <span class='ocrx_word' id='word_1_768' title='bbox 1575 2780 1615 2816; x_wconf 89' lang='lat' dir='ltr'><em>id</em></span> <span class='ocrx_word' id='word_1_769' title='bbox 1629 2780 1791 2816; x_wconf 88' lang='lat' dir='ltr'><em>omnibus</em></span> <span class='ocrx_word' id='word_1_770' title='bbox 1805 2780 1922 2816; x_wconf 86' lang='lat' dir='ltr'><em>modis</em></span> <span class='ocrx_word' id='word_1_771' title='bbox 1935 2780 2092 2833; x_wconf 80' lang='lat' dir='ltr'><em>publicis</em></span> <span class='ocrx_word' id='word_1_772' title='bbox 2106 2779 2311 2816; x_wconf 88' lang='lat' dir='ltr'><em>rationibus</em></span> 
     </span>
     <span class='ocr_line' id='line_1_59' title="bbox 81 2825 2309 2874; baseline -0.001 -11"><span class='ocrx_word' id='word_1_773' title='bbox 81 2826 251 2863; x_wconf 83' lang='lat' dir='ltr'><em>illaturos</em></span> <span class='ocrx_word' id='word_1_774' title='bbox 273 2837 360 2861; x_wconf 88' lang='lat' dir='ltr'><em>esse.</em></span> <span class='ocrx_word' id='word_1_775' title='bbox 413 2825 457 2862; x_wconf 88' lang='lat' dir='ltr'><em>Ut</em></span> <span class='ocrx_word' id='word_1_776' title='bbox 479 2837 571 2861; x_wconf 78' lang='lat' dir='ltr'><em>enim</em></span> <span class='ocrx_word' id='word_1_777' title='bbox 594 2827 747 2863; x_wconf 82' lang='lat' dir='ltr'><em>subditis</em></span> <span class='ocrx_word' id='word_1_778' title='bbox 770 2828 904 2862; x_wconf 87' lang='lat' dir='ltr'><em>nostris</em></span> <span class='ocrx_word' id='word_1_779' title='bbox 928 2827 1207 2873; x_wconf 84' lang='lat' dir='ltr'><em>benefaciamus,</em></span> <span class='ocrx_word' id='word_1_780' title='bbox 1228 2830 1454 2874; x_wconf 88' lang='lat' dir='ltr'><em>praesentem</em></span> <span class='ocrx_word' id='word_1_781' title='bbox 1477 2827 1527 2862; x_wconf 89' lang='lat' dir='ltr'><em>eis</em></span> <span class='ocrx_word' id='word_1_782' title='bbox 1551 2825 1799 2862; x_wconf 84' lang='lat' dir='ltr'><em>liberalitatem</em></span> <span class='ocrx_word' id='word_1_783' title='bbox 1825 2826 1947 2871; x_wconf 79' lang='lat' dir='ltr'><em>larqiti</em></span> <span class='ocrx_word' id='word_1_784' title='bbox 1970 2836 2106 2869; x_wconf 86' lang='lat' dir='ltr'><em>sumus,</em></span> <span class='ocrx_word' id='word_1_785' title='bbox 2129 2835 2203 2861; x_wconf 84' lang='lat' dir='ltr'><em>non</em></span> <span class='ocrx_word' id='word_1_786' title='bbox 2225 2835 2309 2861; x_wconf 86' lang='lat' dir='ltr'><em>vero</em></span> 
     </span>
     <span class='ocr_line' id='line_1_60' title="bbox 82 2870 2311 2917; baseline -0.001 -10"><span class='ocrx_word' id='word_1_787' title='bbox 82 2872 189 2907; x_wconf 86' lang='lat' dir='ltr'><em>etiam</em></span> <span class='ocrx_word' id='word_1_788' title='bbox 218 2873 271 2906; x_wconf 87' lang='lat' dir='ltr'><em>eis</em></span> <span class='ocrx_word' id='word_1_789' title='bbox 301 2871 364 2917; x_wconf 90' lang='lat' dir='ltr'><em>qui</em></span> <span class='ocrx_word' id='word_1_790' title='bbox 390 2871 536 2917; x_wconf 86' lang='lat' dir='ltr'><em>publica</em></span> <span class='ocrx_word' id='word_1_791' title='bbox 568 2872 703 2908; x_wconf 86' lang='lat' dir='ltr'><em>tributa</em></span> <span class='ocrx_word' id='word_1_792' title='bbox 734 2883 817 2907; x_wconf 89' lang='lat' dir='ltr'><em>acce</em></span> <span class='ocrx_word' id='word_1_793' title='bbox 845 2878 952 2908; x_wconf 89' lang='lat' dir='ltr'><em>erunt</em></span> <span class='ocrx_word' id='word_1_794' title='bbox 982 2877 1018 2908; x_wconf 91' lang='lat' dir='ltr'><em>et</em></span> <span class='ocrx_word' id='word_1_795' title='bbox 1048 2873 1086 2908; x_wconf 88' lang='lat' dir='ltr'><em>in</em></span> <span class='ocrx_word' id='word_1_796' title='bbox 1117 2872 1256 2908; x_wconf 89' lang='lat' dir='ltr'><em>lucrum</em></span> <span class='ocrx_word' id='word_1_797' title='bbox 1285 2883 1390 2907; x_wconf 88' lang='lat' dir='ltr'><em>suum</em></span> <span class='ocrx_word' id='word_1_798' title='bbox 1417 2876 1554 2907; x_wconf 86' lang='lat' dir='ltr'><em>vertere</em></span> <span class='ocrx_word' id='word_1_799' title='bbox 1578 2871 1712 2912; x_wconf 89' lang='lat' dir='ltr'><em>volunt,</em></span> <span class='ocrx_word' id='word_1_800' title='bbox 1737 2870 1869 2906; x_wconf 85' lang='lat' dir='ltr'><em>dictum</em></span> <span class='ocrx_word' id='word_1_801' title='bbox 1889 2874 2116 2916; x_wconf 87' lang='lat' dir='ltr'><em>praesentem</em></span> <span class='ocrx_word' id='word_1_802' title='bbox 2139 2880 2311 2906; x_wconf 87' lang='lat' dir='ltr'><em>canonem</em></span> 
     </span>
     <span class='ocr_line' id='line_1_61' title="bbox 81 2915 2310 2962; baseline -0.001 -10"><span class='ocrx_word' id='word_1_803' title='bbox 81 2917 282 2954; x_wconf 84' lang='lat' dir='ltr'><em>remisimus</em></span> <span class='ocrx_word' id='word_1_804' title='bbox 288 2928 304 2958; x_wconf 89' lang='lat'><em>;</em></span> <span class='ocrx_word' id='word_1_805' title='bbox 326 2927 449 2951; x_wconf 87' lang='lat' dir='ltr'><em>annua</em></span> <span class='ocrx_word' id='word_1_806' title='bbox 469 2927 616 2952; x_wconf 91' lang='lat' dir='ltr'><em>annona</em></span> <span class='ocrx_word' id='word_1_807' title='bbox 631 2917 730 2952; x_wconf 83' lang='lat' dir='ltr'><em>nullo</em></span> <span class='ocrx_word' id='word_1_808' title='bbox 747 2928 805 2952; x_wconf 91' lang='lat' dir='ltr'><em>mo</em></span> <span class='ocrx_word' id='word_1_809' title='bbox 834 2928 854 2953; x_wconf 90' lang='lat' dir='ltr'><em>o</em></span> <span class='ocrx_word' id='word_1_810' title='bbox 871 2917 1114 2953; x_wconf 84' lang='lat' dir='ltr'><em>diminuenda.</em></span> <span class='ocrx_word' id='word_1_811' title='bbox 1151 2917 1295 2954; x_wconf 88' lang='lat' dir='ltr'><em>Omnem</em></span> <span class='ocrx_word' id='word_1_812' title='bbox 1310 2918 1402 2953; x_wconf 88' lang='lat' dir='ltr'><em>enim</em></span> <span class='ocrx_word' id='word_1_813' title='bbox 1418 2927 1620 2953; x_wconf 88' lang='lat' dir='ltr'><em>mensuram</em></span> <span class='ocrx_word' id='word_1_814' title='bbox 1635 2915 1812 2962; x_wconf 87' lang='lat' dir='ltr'><em>frumenti</em></span> <span class='ocrx_word' id='word_1_815' title='bbox 1827 2919 2097 2961; x_wconf 89' lang='lat' dir='ltr'><em>ceterarumque</em></span> <span class='ocrx_word' id='word_1_816' title='bbox 2110 2915 2310 2962; x_wconf 84' lang='lat' dir='ltr'><em>specierum</em></span> 
     </span>
     <span class='ocr_line' id='line_1_62' title="bbox 82 2959 2309 3015; baseline -0.002 -17"><span class='ocrx_word' id='word_1_817' title='bbox 82 2966 253 2998; x_wconf 89' lang='lat' dir='ltr'><em>consueto</em></span> <span class='ocrx_word' id='word_1_818' title='bbox 277 2965 312 2997; x_wconf 89' lang='lat' dir='ltr'><em>et</em></span> <span class='ocrx_word' id='word_1_819' title='bbox 330 2961 439 2997; x_wconf 89' lang='lat' dir='ltr'><em>solito</em></span> <span class='ocrx_word' id='word_1_820' title='bbox 463 2972 563 2996; x_wconf 91' lang='lat' dir='ltr'><em>more</em></span> <span class='ocrx_word' id='word_1_821' title='bbox 586 2962 767 2997; x_wconf 87' lang='lat' dir='ltr'><em>contribui</em></span> <span class='ocrx_word' id='word_1_822' title='bbox 788 2966 822 2998; x_wconf 90' lang='lat' dir='ltr'><em>et</em></span> <span class='ocrx_word' id='word_1_823' title='bbox 844 2963 981 3008; x_wconf 87' lang='lat' dir='ltr'><em>inferri</em></span> <span class='ocrx_word' id='word_1_824' title='bbox 1002 2966 1157 3015; x_wconf 78' lang='lat' dir='ltr'><em>oportet,</em></span> <span class='ocrx_word' id='word_1_825' title='bbox 1179 2963 1309 3009; x_wconf 88' lang='lat' dir='ltr'><em>pretiis</em></span> <span class='ocrx_word' id='word_1_826' title='bbox 1332 2966 1486 3008; x_wconf 86' lang='lat' dir='ltr'><em>quartae</em></span> <span class='ocrx_word' id='word_1_827' title='bbox 1536 2962 1627 2997; x_wconf 89' lang='lat' dir='ltr'><em>artis</em></span> <span class='ocrx_word' id='word_1_828' title='bbox 1639 2972 1712 3007; x_wconf 87' lang='lat' dir='ltr'><em>per</em></span> <span class='ocrx_word' id='word_1_829' title='bbox 1734 2960 1899 3007; x_wconf 85' lang='lat' dir='ltr'><em>sinqulos</em></span> <span class='ocrx_word' id='word_1_830' title='bbox 1922 2971 2039 2996; x_wconf 89' lang='lat' dir='ltr'><em>annos</em></span> <span class='ocrx_word' id='word_1_831' title='bbox 2061 2960 2099 2995; x_wconf 87' lang='lat' dir='ltr'><em>in</em></span> <span class='ocrx_word' id='word_1_832' title='bbox 2115 2959 2309 3006; x_wconf 84' lang='lat' dir='ltr'><em>quadrien-</em></span> 
     </span>
     <span class='ocr_line' id='line_1_63' title="bbox 82 3004 2308 3054; baseline -0.002 -12"><span class='ocrx_word' id='word_1_833' title='bbox 82 3009 180 3043; x_wconf 87' lang='lat' dir='ltr'><em>nium</em></span> <span class='ocrx_word' id='word_1_834' title='bbox 213 3018 235 3042; x_wconf 93' lang='lat' dir='ltr'><em>a</em></span> <span class='ocrx_word' id='word_1_835' title='bbox 269 3006 374 3043; x_wconf 86' lang='lat' dir='ltr'><em>nobis</em></span> <span class='ocrx_word' id='word_1_836' title='bbox 406 3007 577 3042; x_wconf 86' lang='lat' dir='ltr'><em>remissae</em></span> <span class='ocrx_word' id='word_1_837' title='bbox 608 3006 709 3053; x_wconf 86' lang='lat' dir='ltr'><em>apud</em></span> <span class='ocrx_word' id='word_1_838' title='bbox 739 3018 896 3042; x_wconf 86' lang='lat' dir='ltr'><em>mensam</em></span> <span class='ocrx_word' id='word_1_839' title='bbox 924 3006 1108 3054; x_wconf 75' lang='lat' dir='ltr'><em>publicam</em></span> <span class='ocrx_word' id='word_1_840' title='bbox 1140 3007 1292 3043; x_wconf 86' lang='lat' dir='ltr'><em>subditis</em></span> <span class='ocrx_word' id='word_1_841' title='bbox 1323 3007 1545 3053; x_wconf 77' lang='lat' dir='ltr'><em>imputantis</em></span> <span class='ocrx_word' id='word_1_842' title='bbox 1577 3007 1616 3041; x_wconf 91' lang='lat' dir='ltr'><em>in</em></span> <span class='ocrx_word' id='word_1_843' title='bbox 1647 3006 1792 3049; x_wconf 84' lang='lat' dir='ltr'><em>ceteris,</em></span> <span class='ocrx_word' id='word_1_844' title='bbox 1825 3015 1920 3051; x_wconf 88' lang='lat' dir='ltr'><em>quae</em></span> <span class='ocrx_word' id='word_1_845' title='bbox 1951 3005 1995 3041; x_wconf 89' lang='lat' dir='ltr'><em>ab</em></span> <span class='ocrx_word' id='word_1_846' title='bbox 2027 3004 2117 3052; x_wconf 81' lang='lat' dir='ltr'><em>ipsis</em></span> <span class='ocrx_word' id='word_1_847' title='bbox 2149 3004 2187 3040; x_wconf 91' lang='lat' dir='ltr'><em>in</em></span> <span class='ocrx_word' id='word_1_848' title='bbox 2215 3014 2308 3039; x_wconf 89' lang='lat' dir='ltr'><em>auro</em></span> 
     </span>
    </p>
   </div>
   <div class='ocr_carea' id='block_1_9' title="bbox 1233 3091 2310 3132">
    <p class='ocr_par' dir='ltr' id='par_1_11' title="bbox 1233 3091 2310 3132">
     <span class='ocr_line' id='line_1_64' title="bbox 1233 3091 2310 3132; baseline -0.004 -1"><span class='ocrx_word' id='word_1_849' title='bbox 1233 3094 1411 3132; x_wconf 88' lang='grc' dir='ltr'><strong><em>δεσπότας</em></strong></span> <span class='ocrx_word' id='word_1_850' title='bbox 1449 3098 1606 3131; x_wconf 77' lang='lat' dir='ltr'><em>excidisse</em></span> <span class='ocrx_word' id='word_1_851' title='bbox 1643 3097 1736 3129; x_wconf 81' lang='lat' dir='ltr'><em>verbi</em></span> <span class='ocrx_word' id='word_1_852' title='bbox 1773 3108 1873 3129; x_wconf 87' lang='lat' dir='ltr'><em>causa</em></span> <span class='ocrx_word' id='word_1_853' title='bbox 1907 3091 2045 3128; x_wconf 82' lang='grc' dir='ltr'><strong><em>ἀδικεῖν</em></strong></span> <span class='ocrx_word' id='word_1_854' title='bbox 2079 3101 2163 3128; x_wconf 84' lang='lat' dir='ltr'><em>recte</em></span> <span class='ocrx_word' id='word_1_855' title='bbox 2196 3095 2310 3128; x_wconf 83' lang='lat' dir='ltr'><em>statuit</em></span> 
     </span>
    </p>
   </div>
   <div class='ocr_carea' id='block_1_10' title="bbox 132 3106 2308 3186">
    <p class='ocr_par' dir='ltr' id='par_1_12' title="bbox 132 3106 2308 3186">
     <span class='ocr_line' id='line_1_65' title="bbox 132 3106 2308 3186; baseline -0.001 -42"><span class='ocrx_word' id='word_1_856' title='bbox 132 3113 147 3145; x_wconf 93' lang='lat'>1</span> <span class='ocrx_word' id='word_1_857' title='bbox 165 3112 225 3144; x_wconf 77' lang='grc' dir='ltr'><em>καὶ</em></span> <span class='ocrx_word' id='word_1_858' title='bbox 243 3106 494 3151; x_wconf 87' lang='grc' dir='ltr'><strong><em>συνωθούσης]</em></strong></span> <span class='ocrx_word' id='word_1_859' title='bbox 511 3109 571 3141; x_wconf 77' lang='grc' dir='ltr'><em>καὶ</em></span> <span class='ocrx_word' id='word_1_860' title='bbox 588 3109 650 3141; x_wconf 89' lang='lat' dir='ltr'><em>del.</em></span> <span class='ocrx_word' id='word_1_861' title='bbox 668 3108 863 3141; x_wconf 82' lang='lat' dir='ltr'><em>Haloander</em></span> <span class='ocrx_word' id='word_1_862' title='bbox 879 3108 964 3152; x_wconf 77' lang='lat' dir='ltr'><em>vulq.</em></span> <span class='ocrx_word' id='word_1_863' title='bbox 981 3109 994 3149; x_wconf 82' lang='grc' dir='ltr'><em>ΙΙ</em></span> <span class='ocrx_word' id='word_1_864' title='bbox 1013 3111 1032 3143; x_wconf 89' lang='grc'><strong>3</strong></span> <span class='ocrx_word' id='word_1_865' title='bbox 1050 3107 1164 3144; x_wconf 79' lang='grc' dir='ltr'><strong><em>πολλά</em></strong></span> <span class='ocrx_word' id='word_1_866' title='bbox 1233 3143 1381 3181; x_wconf 46' lang='lat' dir='ltr'><strong><em>schoah</em></strong></span> <span class='ocrx_word' id='word_1_867' title='bbox 1415 3143 1487 3176; x_wconf 57' lang='grc' dir='ltr'><strong><em>τοῖς</em></strong></span> <span class='ocrx_word' id='word_1_868' title='bbox 1518 3141 1596 3175; x_wconf 59' lang='grc' dir='ltr'><em>τῶν</em></span> <span class='ocrx_word' id='word_1_869' title='bbox 1617 3153 1650 3182; x_wconf 41' lang='grc' dir='ltr'><em>χ.</em></span> <span class='ocrx_word' id='word_1_870' title='bbox 1676 3137 1881 3182; x_wconf 59' lang='grc' dir='ltr'><strong><em>δεσπόταις,</em></strong></span> <span class='ocrx_word' id='word_1_871' title='bbox 1914 3137 1963 3173; x_wconf 58' lang='grc' dir='ltr'><em>ὥς</em></span> <span class='ocrx_word' id='word_1_872' title='bbox 1986 3138 2055 3186; x_wconf 66' lang='grc' dir='ltr'><em>ἄρα</em></span> <span class='ocrx_word' id='word_1_873' title='bbox 2078 3135 2207 3184; x_wconf 63' lang='grc' dir='ltr'><strong><em>φόρους</em></strong></span> <span class='ocrx_word' id='word_1_874' title='bbox 2231 3164 2240 3173; x_wconf 40' lang='grc' dir='ltr'>ι</span> <span class='ocrx_word' id='word_1_875' title='bbox 2267 3164 2274 3172; x_wconf 40' lang='lat'>¹</span> <span class='ocrx_word' id='word_1_876' title='bbox 2300 3163 2308 3172; x_wconf 39' lang='lat'>⁸</span> 
     </span>
    </p>
   </div>
   <div class='ocr_carea' id='block_1_11' title="bbox 82 3150 1164 3196">
    <p class='ocr_par' dir='ltr' id='par_1_13' title="bbox 82 3150 1164 3196">
     <span class='ocr_line' id='line_1_66' title="bbox 82 3150 1164 3196; baseline -0.002 -6"><span class='ocrx_word' id='word_1_877' title='bbox 82 3169 124 3190; x_wconf 81' lang='grc' dir='ltr'><em>τε</em></span> <span class='ocrx_word' id='word_1_878' title='bbox 150 3155 358 3196; x_wconf 77' lang='grc' dir='ltr'><strong><em>Ηαίοαηιίεν]</em></strong></span> <span class='ocrx_word' id='word_1_879' title='bbox 382 3151 515 3188; x_wconf 82' lang='grc' dir='ltr'><strong><em>πολλάς</em></strong></span> <span class='ocrx_word' id='word_1_880' title='bbox 537 3165 578 3187; x_wconf 87' lang='grc' dir='ltr'><em>τε</em></span> <span class='ocrx_word' id='word_1_881' title='bbox 601 3153 632 3186; x_wconf 90' lang='lat' dir='ltr'><em>L</em></span> <span class='ocrx_word' id='word_1_882' title='bbox 651 3152 664 3196; x_wconf 83' lang='grc' dir='ltr'><em>ΙΙ</em></span> <span class='ocrx_word' id='word_1_883' title='bbox 680 3155 699 3186; x_wconf 90' lang='grc'>5</span> <span class='ocrx_word' id='word_1_884' title='bbox 724 3150 848 3186; x_wconf 84' lang='grc' dir='ltr'><strong><em>λεῖπον</em></strong></span> <span class='ocrx_word' id='word_1_885' title='bbox 873 3155 916 3195; x_wconf 92' lang='lat' dir='ltr'><em>L]</em></span> <span class='ocrx_word' id='word_1_886' title='bbox 941 3152 1073 3189; x_wconf 83' lang='grc' dir='ltr'><strong><em>λοιπὸν</em></strong></span> <span class='ocrx_word' id='word_1_887' title='bbox 1097 3167 1164 3188; x_wconf 86' lang='lat' dir='ltr'><em>cum</em></span> 
     </span>
    </p>
   </div>
   <div class='ocr_carea' id='block_1_12' title="bbox 83 3195 1165 3516">
    <p class='ocr_par' dir='ltr' id='par_1_14' title="bbox 83 3195 1165 3516">
     <span class='ocr_line' id='line_1_67' title="bbox 84 3195 1164 3245; baseline -0.003 -10"><span class='ocrx_word' id='word_1_888' title='bbox 84 3202 281 3235; x_wconf 86' lang='lat' dir='ltr'><em>Haloandro</em></span> <span class='ocrx_word' id='word_1_889' title='bbox 305 3201 391 3245; x_wconf 77' lang='lat' dir='ltr'><em>vulq.</em></span> <span class='ocrx_word' id='word_1_890' title='bbox 418 3200 500 3233; x_wconf 85' lang='lat' dir='ltr'><em>male</em></span> <span class='ocrx_word' id='word_1_891' title='bbox 523 3198 536 3243; x_wconf 81' lang='lat' dir='ltr'>ss</span> <span class='ocrx_word' id='word_1_892' title='bbox 564 3195 756 3242; x_wconf 72' lang='grc' dir='ltr'><strong><em>θησαυρὸν</em></strong></span> <span class='ocrx_word' id='word_1_893' title='bbox 775 3198 826 3231; x_wconf 72' lang='lat' dir='ltr'><em>Jst</em></span> <span class='ocrx_word' id='word_1_894' title='bbox 844 3198 856 3241; x_wconf 83' lang='grc' dir='ltr'><em>ΙΙ</em></span> <span class='ocrx_word' id='word_1_895' title='bbox 884 3201 901 3232; x_wconf 83' lang='lat'><strong>7</strong></span> <span class='ocrx_word' id='word_1_896' title='bbox 935 3196 1080 3243; x_wconf 81' lang='grc' dir='ltr'><strong><em>ἡμέραις</em></strong></span> <span class='ocrx_word' id='word_1_897' title='bbox 1106 3213 1164 3233; x_wconf 84' lang='grc' dir='ltr'><strong><em>οηι.</em></strong></span> 
     </span>
     <span class='ocr_line' id='line_1_68' title="bbox 84 3241 1163 3291; baseline -0.004 -10"><span class='ocrx_word' id='word_1_898' title='bbox 84 3248 134 3280; x_wconf 72' lang='lat' dir='ltr'><em>L‘⁸</em></span> <span class='ocrx_word' id='word_1_899' title='bbox 153 3246 165 3291; x_wconf 80' lang='grc' dir='ltr'><em>ΙΙ</em></span> <span class='ocrx_word' id='word_1_900' title='bbox 185 3248 225 3281; x_wconf 87' lang='grc'><em>10</em></span> <span class='ocrx_word' id='word_1_901' title='bbox 246 3244 340 3288; x_wconf 85' lang='grc' dir='ltr'><strong><em>*τῆς</em></strong></span> <span class='ocrx_word' id='word_1_902' title='bbox 356 3245 488 3284; x_wconf 79' lang='grc' dir='ltr'><strong><em>εεείαει”;</em></strong></span> <span class='ocrx_word' id='word_1_903' title='bbox 514 3241 622 3286; x_wconf 77' lang='grc' dir='ltr'><strong><em>αὐτῆς</em></strong></span> <span class='ocrx_word' id='word_1_904' title='bbox 646 3256 713 3276; x_wconf 86' lang='lat' dir='ltr'><em>cum</em></span> <span class='ocrx_word' id='word_1_905' title='bbox 728 3243 925 3277; x_wconf 86' lang='lat' dir='ltr'><em>Haloandro</em></span> <span class='ocrx_word' id='word_1_906' title='bbox 948 3246 1036 3288; x_wconf 76' lang='lat' dir='ltr'><em>vulq.</em></span> <span class='ocrx_word' id='word_1_907' title='bbox 1052 3244 1064 3288; x_wconf 74' lang='lat' dir='ltr'>ss</span> <span class='ocrx_word' id='word_1_908' title='bbox 1084 3255 1163 3287; x_wconf 83' lang='lat' dir='ltr'><em>qua—</em></span> 
     </span>
     <span class='ocr_line' id='line_1_69' title="bbox 84 3288 1165 3333; baseline -0.001 -9"><span class='ocrx_word' id='word_1_909' title='bbox 84 3292 262 3325; x_wconf 83' lang='lat' dir='ltr'><em>drennium</em></span> <span class='ocrx_word' id='word_1_910' title='bbox 286 3292 318 3324; x_wconf 90' lang='lat' dir='ltr'><em>L</em></span> <span class='ocrx_word' id='word_1_911' title='bbox 345 3292 357 3331; x_wconf 91' lang='grc' dir='ltr'><em>ΙΙ</em></span> <span class='ocrx_word' id='word_1_912' title='bbox 389 3289 516 3332; x_wconf 83' lang='grc' dir='ltr'><strong><em>ἐνάτης</em></strong></span> <span class='ocrx_word' id='word_1_913' title='bbox 541 3289 747 3329; x_wconf 86' lang='lat' dir='ltr'><em>Haloander]</em></span> <span class='ocrx_word' id='word_1_914' title='bbox 780 3288 845 3320; x_wconf 79' lang='grc' dir='ltr'><em>ἕνα</em></span> <span class='ocrx_word' id='word_1_915' title='bbox 870 3288 930 3330; x_wconf 73' lang='grc' dir='ltr'><em>τῆς</em></span> <span class='ocrx_word' id='word_1_916' title='bbox 954 3291 995 3322; x_wconf 90' lang='lat' dir='ltr'><em>L.</em></span> <span class='ocrx_word' id='word_1_917' title='bbox 1042 3290 1165 3333; x_wconf 82' lang='lat' dir='ltr'><em>Incipit</em></span> 
     </span>
     <span class='ocr_line' id='line_1_70' title="bbox 84 3329 1165 3380; baseline -0.003 -9"><span class='ocrx_word' id='word_1_918' title='bbox 84 3339 151 3371; x_wconf 83' lang='lat' dir='ltr'><em>kal.</em></span> <span class='ocrx_word' id='word_1_919' title='bbox 175 3337 267 3380; x_wconf 87' lang='lat' dir='ltr'><em>Sept.</em></span> <span class='ocrx_word' id='word_1_920' title='bbox 294 3350 323 3369; x_wconf 83' lang='lat' dir='ltr'><em>a.</em></span> <span class='ocrx_word' id='word_1_921' title='bbox 350 3338 414 3370; x_wconf 84' lang='lat'><em>575</em></span> <span class='ocrx_word' id='word_1_922' title='bbox 444 3335 456 3379; x_wconf 87' lang='grc' dir='ltr'><em>ΙΙ</em></span> <span class='ocrx_word' id='word_1_923' title='bbox 490 3337 524 3369; x_wconf 89' lang='grc'><em>11</em></span> <span class='ocrx_word' id='word_1_924' title='bbox 554 3335 612 3367; x_wconf 81' lang='grc' dir='ltr'><em>καὶ</em></span> <span class='ocrx_word' id='word_1_925' title='bbox 638 3329 840 3374; x_wconf 79' lang='grc' dir='ltr'><strong><em>δωδεκάτης</em></strong></span> <span class='ocrx_word' id='word_1_926' title='bbox 864 3335 942 3367; x_wconf 87' lang='lat' dir='ltr'><em>add.</em></span> <span class='ocrx_word' id='word_1_927' title='bbox 968 3334 1165 3368; x_wconf 84' lang='lat' dir='ltr'><em>Haloander</em></span> 
     </span>
     <span class='ocr_line' id='line_1_71' title="bbox 83 3374 1164 3423; baseline -0.006 -8"><span class='ocrx_word' id='word_1_928' title='bbox 83 3379 167 3423; x_wconf 78' lang='grc' dir='ltr'><strong><em>(ἀπὸ</em></strong></span> <span class='ocrx_word' id='word_1_929' title='bbox 201 3380 241 3414; x_wconf 79' lang='grc' dir='ltr'><em>θ’</em></span> <span class='ocrx_word' id='word_1_930' title='bbox 268 3379 494 3414; x_wconf 82' lang='grc' dir='ltr'><strong><em>ἰνδικτιῶνος</em></strong></span> <span class='ocrx_word' id='word_1_931' title='bbox 523 3382 625 3423; x_wconf 88' lang='grc' dir='ltr'><strong><em>μέχρι</em></strong></span> <span class='ocrx_word' id='word_1_932' title='bbox 653 3374 701 3421; x_wconf 78' lang='grc' dir='ltr'><em>ιβ’</em></span> <span class='ocrx_word' id='word_1_933' title='bbox 729 3378 863 3420; x_wconf 87' lang='lat' dir='ltr'><em>Theod.)</em></span> <span class='ocrx_word' id='word_1_934' title='bbox 889 3377 902 3418; x_wconf 93' lang='grc' dir='ltr'><em>ΙΙ</em></span> <span class='ocrx_word' id='word_1_935' title='bbox 935 3381 976 3413; x_wconf 89' lang='grc'><em>14</em></span> <span class='ocrx_word' id='word_1_936' title='bbox 997 3374 1164 3423; x_wconf 74' lang='grc' dir='ltr'><strong><em>Ἀφίεμεν</em></strong></span> 
     </span>
     <span class='ocr_line' id='line_1_72' title="bbox 86 3420 1162 3469; baseline -0.004 -8"><span class='ocrx_word' id='word_1_937' title='bbox 86 3429 293 3467; x_wconf 82' lang='lat' dir='ltr'><em>Haloander]</em></span> <span class='ocrx_word' id='word_1_938' title='bbox 328 3427 473 3469; x_wconf 80' lang='grc' dir='ltr'><strong><em>ἐφίεμεν</em></strong></span> <span class='ocrx_word' id='word_1_939' title='bbox 498 3427 528 3459; x_wconf 94' lang='lat' dir='ltr'><em>L</em></span> <span class='ocrx_word' id='word_1_940' title='bbox 562 3426 574 3468; x_wconf 89' lang='grc' dir='ltr'><em>ΙΙ</em></span> <span class='ocrx_word' id='word_1_941' title='bbox 607 3420 861 3467; x_wconf 73' lang='grc' dir='ltr'><strong><em>παρελθούσης</em></strong></span> <span class='ocrx_word' id='word_1_942' title='bbox 885 3424 1072 3457; x_wconf 78' lang='lat' dir='ltr'><em>Zachariae</em></span> <span class='ocrx_word' id='word_1_943' title='bbox 1106 3426 1162 3467; x_wconf 85' lang='lat' dir='ltr'><em>(cs.</em></span> 
     </span>
     <span class='ocr_line' id='line_1_73' title="bbox 85 3468 1164 3516; baseline -0.004 -11"><span class='ocrx_word' id='word_1_944' title='bbox 85 3475 161 3512; x_wconf 80' lang='lat'><em>719,</em></span> <span class='ocrx_word' id='word_1_945' title='bbox 178 3474 239 3514; x_wconf 80' lang='grc'>12)]</span> <span class='ocrx_word' id='word_1_946' title='bbox 264 3468 525 3516; x_wconf 86' lang='grc' dir='ltr'><strong><em>περιελθούσης</em></strong></span> <span class='ocrx_word' id='word_1_947' title='bbox 542 3471 572 3504; x_wconf 88' lang='lat' dir='ltr'><em>L</em></span> <span class='ocrx_word' id='word_1_948' title='bbox 599 3471 618 3503; x_wconf 85' lang='lat' dir='ltr'><em>i.</em></span> <span class='ocrx_word' id='word_1_949' title='bbox 634 3482 659 3503; x_wconf 86' lang='lat' dir='ltr'><em>e.</em></span> <span class='ocrx_word' id='word_1_950' title='bbox 685 3481 784 3512; x_wconf 85' lang='lat' dir='ltr'><em>usque</em></span> <span class='ocrx_word' id='word_1_951' title='bbox 806 3469 852 3502; x_wconf 85' lang='lat' dir='ltr'><em>ad</em></span> <span class='ocrx_word' id='word_1_952' title='bbox 861 3470 971 3512; x_wconf 81' lang='lat' dir='ltr'><em>pridie</em></span> <span class='ocrx_word' id='word_1_953' title='bbox 990 3470 1056 3503; x_wconf 87' lang='lat' dir='ltr'><em>kal.</em></span> <span class='ocrx_word' id='word_1_954' title='bbox 1072 3470 1164 3512; x_wconf 85' lang='lat' dir='ltr'><em>Sept.</em></span> 
     </span>
    </p>
   </div>
   <div class='ocr_carea' id='block_1_13' title="bbox 84 3518 1164 3674">
    <p class='ocr_par' dir='ltr' id='par_1_15' title="bbox 84 3518 1164 3674">
     <span class='ocr_line' id='line_1_74' title="bbox 85 3518 1164 3582; baseline -0.001 -10"><span class='ocrx_word' id='word_1_955' title='bbox 85 3553 115 3573; x_wconf 86' lang='lat' dir='ltr'><em>a.</em></span> <span class='ocrx_word' id='word_1_956' title='bbox 134 3541 199 3574; x_wconf 79' lang='lat'><em>572</em></span> <span class='ocrx_word' id='word_1_957' title='bbox 214 3539 227 3582; x_wconf 83' lang='grc' dir='ltr'><em>ΙΙ</em></span> <span class='ocrx_word' id='word_1_958' title='bbox 248 3540 288 3574; x_wconf 87' lang='grc'><em>15</em></span> <span class='ocrx_word' id='word_1_959' title='bbox 313 3518 433 3581; x_wconf 68' lang='lat' dir='ltr'><em>qu‘nte</em></span> <span class='ocrx_word' id='word_1_960' title='bbox 457 3540 527 3580; x_wconf 79' lang='lat' dir='ltr'><em>(sic)</em></span> <span class='ocrx_word' id='word_1_961' title='bbox 554 3539 584 3572; x_wconf 92' lang='lat' dir='ltr'><em>L</em></span> <span class='ocrx_word' id='word_1_962' title='bbox 601 3538 614 3581; x_wconf 85' lang='grc' dir='ltr'><em>ΙΙ</em></span> <span class='ocrx_word' id='word_1_963' title='bbox 635 3541 672 3572; x_wconf 88' lang='grc'><em>17</em></span> <span class='ocrx_word' id='word_1_964' title='bbox 701 3535 849 3580; x_wconf 81' lang='grc' dir='ltr'><strong><em>νήσσων</em></strong></span> <span class='ocrx_word' id='word_1_965' title='bbox 872 3538 903 3570; x_wconf 90' lang='lat' dir='ltr'><em>L</em></span> <span class='ocrx_word' id='word_1_966' title='bbox 922 3535 935 3580; x_wconf 80' lang='grc' dir='ltr'><em>ΙΙ</em></span> <span class='ocrx_word' id='word_1_967' title='bbox 948 3534 1084 3580; x_wconf 89' lang='grc' dir='ltr'><strong><em>μυθίας</em></strong></span> <span class='ocrx_word' id='word_1_968' title='bbox 1109 3535 1164 3571; x_wconf 80' lang='lat' dir='ltr'><em>Lu</em></span> 
     </span>
     <span class='ocr_line' id='line_1_75' title="bbox 88 3581 1161 3627; baseline -0.005 -9"><span class='ocrx_word' id='word_1_969' title='bbox 88 3586 129 3618; x_wconf 93' lang='lat'><em>18</em></span> <span class='ocrx_word' id='word_1_970' title='bbox 162 3586 193 3617; x_wconf 83' lang='lat' dir='ltr'><em>in</em></span> <span class='ocrx_word' id='word_1_971' title='bbox 218 3586 322 3618; x_wconf 88' lang='lat' dir='ltr'><em>verbis</em></span> <span class='ocrx_word' id='word_1_972' title='bbox 351 3581 557 3627; x_wconf 84' lang='grc' dir='ltr'><strong><em>βουλευταῖς</em></strong></span> <span class='ocrx_word' id='word_1_973' title='bbox 579 3595 618 3616; x_wconf 91' lang='grc' dir='ltr'><em>τε</em></span> <span class='ocrx_word' id='word_1_974' title='bbox 638 3584 698 3616; x_wconf 81' lang='grc' dir='ltr'><em>καὶ</em></span> <span class='ocrx_word' id='word_1_975' title='bbox 719 3584 837 3616; x_wconf 82' lang='lat' dir='ltr'><em>desinit</em></span> <span class='ocrx_word' id='word_1_976' title='bbox 856 3583 887 3616; x_wconf 93' lang='lat' dir='ltr'><em>L</em></span> <span class='ocrx_word' id='word_1_977' title='bbox 916 3582 929 3626; x_wconf 82' lang='grc' dir='ltr'><em>ΙΙ</em></span> <span class='ocrx_word' id='word_1_978' title='bbox 959 3583 1000 3615; x_wconf 91' lang='grc'>20</span> <span class='ocrx_word' id='word_1_979' title='bbox 1026 3591 1161 3623; x_wconf 88' lang='grc' dir='ltr'><strong><em>ποησα-</em></strong></span> 
     </span>
     <span class='ocr_line' id='line_1_76' title="bbox 84 3626 1162 3674; baseline -0.004 -11"><span class='ocrx_word' id='word_1_980' title='bbox 84 3631 183 3672; x_wconf 84' lang='grc' dir='ltr'><strong><em>μένῳ</em></strong></span> <span class='ocrx_word' id='word_1_981' title='bbox 208 3630 220 3663; x_wconf 94' lang='lat' dir='ltr'><em>l</em></span> <span class='ocrx_word' id='word_1_982' title='bbox 238 3629 251 3674; x_wconf 80' lang='grc' dir='ltr'><em>ΙΙ</em></span> <span class='ocrx_word' id='word_1_983' title='bbox 278 3630 316 3663; x_wconf 82' lang='lat'><em>21</em></span> <span class='ocrx_word' id='word_1_984' title='bbox 350 3630 512 3673; x_wconf 74' lang='lat' dir='ltr'><em>corrupta</em></span> <span class='ocrx_word' id='word_1_985' title='bbox 535 3630 614 3663; x_wconf 87' lang='lat' dir='ltr'><em>haee</em></span> <span class='ocrx_word' id='word_1_986' title='bbox 638 3641 705 3663; x_wconf 85' lang='lat' dir='ltr'><em>esse</em></span> <span class='ocrx_word' id='word_1_987' title='bbox 725 3629 809 3663; x_wconf 79' lang='lat' dir='ltr'><em>vidit</em></span> <span class='ocrx_word' id='word_1_988' title='bbox 833 3627 1035 3662; x_wconf 84' lang='lat' dir='ltr'><em>Haloander.</em></span> <span class='ocrx_word' id='word_1_989' title='bbox 1083 3626 1162 3660; x_wconf 86' lang='lat' dir='ltr'><em>Post</em></span> 
     </span>
    </p>
   </div>
   <div class='ocr_carea' id='block_1_14' title="bbox 1231 3180 2311 3471">
    <p class='ocr_par' dir='ltr' id='par_1_16' title="bbox 1231 3180 2311 3471">
     <span class='ocr_line' id='line_1_77' title="bbox 1233 3180 2311 3276; baseline -0.004 -11"><span class='ocrx_word' id='word_1_990' title='bbox 1233 3180 2311 3276; x_wconf 43' lang='lat' dir='ltr'><em>atagartis-3⁴2sitiit?staffines?..5322525</em></span> 
     </span>
     <span class='ocr_line' id='line_1_78' title="bbox 1231 3262 2309 3321; baseline -0.003 -11"><span class='ocrx_word' id='word_1_991' title='bbox 1231 3275 1409 3321; x_wconf 84' lang='grc' dir='ltr'><strong><em>βαλοῦσιν</em></strong></span> <span class='ocrx_word' id='word_1_992' title='bbox 1429 3278 1510 3317; x_wconf 78' lang='lat' dir='ltr'><em>(sim.</em></span> <span class='ocrx_word' id='word_1_993' title='bbox 1532 3276 1732 3316; x_wconf 83' lang='lat' dir='ltr'><em>Zachariae)</em></span> <span class='ocrx_word' id='word_1_994' title='bbox 1758 3276 1868 3316; x_wconf 85' lang='lat' dir='ltr'><em>Kroll]</em></span> <span class='ocrx_word' id='word_1_995' title='bbox 1894 3262 2163 3319; x_wconf 64' lang='grc' dir='ltr'><strong><em>προβάλλουσιν</em></strong></span> <span class='ocrx_word' id='word_1_996' title='bbox 2187 3275 2207 3308; x_wconf 80' lang='lat' dir='ltr'><em>l.</em></span> <span class='ocrx_word' id='word_1_997' title='bbox 2258 3275 2309 3316; x_wconf 74' lang='lat' dir='ltr'><em>Cf.</em></span> 
     </span>
     <span class='ocr_line' id='line_1_79' title="bbox 1233 3315 2310 3363; baseline -0.003 -8"><span class='ocrx_word' id='word_1_998' title='bbox 1233 3334 1304 3355; x_wconf 86' lang='lat' dir='ltr'><em>nov.</em></span> <span class='ocrx_word' id='word_1_999' title='bbox 1331 3322 1498 3355; x_wconf 83' lang='lat' dir='ltr'><em>Marciani</em></span> <span class='ocrx_word' id='word_1_1000' title='bbox 1518 3322 1538 3354; x_wconf 91' lang='grc'>2</span> <span class='ocrx_word' id='word_1_1001' title='bbox 1571 3320 1590 3363; x_wconf 83' lang='lat'>§</span> <span class='ocrx_word' id='word_1_1002' title='bbox 1615 3321 1634 3354; x_wconf 88' lang='lat'><strong>2</strong></span> <span class='ocrx_word' id='word_1_1003' title='bbox 1656 3332 1692 3363; x_wconf 89' lang='lat' dir='ltr'><em>p.</em></span> <span class='ocrx_word' id='word_1_1004' title='bbox 1711 3321 1776 3354; x_wconf 82' lang='lat'><em>275</em></span> <span class='ocrx_word' id='word_1_1005' title='bbox 1803 3321 1932 3354; x_wconf 80' lang='lat' dir='ltr'><em>Haenel</em></span> <span class='ocrx_word' id='word_1_1006' title='bbox 1958 3321 1970 3363; x_wconf 89' lang='grc' dir='ltr'><em>ΙΙ</em></span> <span class='ocrx_word' id='word_1_1007' title='bbox 2000 3322 2041 3355; x_wconf 86' lang='grc'>23</span> <span class='ocrx_word' id='word_1_1008' title='bbox 2073 3317 2135 3353; x_wconf 87' lang='grc' dir='ltr'><em>τὰς</em></span> <span class='ocrx_word' id='word_1_1009' title='bbox 2163 3315 2220 3362; x_wconf 85' lang='grc' dir='ltr'><em>ἡμ.</em></span> <span class='ocrx_word' id='word_1_1010' title='bbox 2242 3316 2310 3352; x_wconf 86' lang='grc' dir='ltr'><em>δω-</em></span> 
     </span>
     <span class='ocr_line' id='line_1_80' title="bbox 1232 3361 2310 3411; baseline -0.003 -12"><span class='ocrx_word' id='word_1_1011' title='bbox 1232 3365 1312 3411; x_wconf 81' lang='grc' dir='ltr'><strong><em>ρεὰς</em></strong></span> <span class='ocrx_word' id='word_1_1012' title='bbox 1337 3367 1366 3408; x_wconf 91' lang='lat' dir='ltr'><em>l,</em></span> <span class='ocrx_word' id='word_1_1013' title='bbox 1398 3378 1480 3400; x_wconf 88' lang='lat' dir='ltr'><em>corr.</em></span> <span class='ocrx_word' id='word_1_1014' title='bbox 1508 3366 1702 3399; x_wconf 86' lang='lat' dir='ltr'><em>Haloander</em></span> <span class='ocrx_word' id='word_1_1015' title='bbox 1730 3366 1742 3408; x_wconf 83' lang='grc' dir='ltr'><em>ΙΙ</em></span> <span class='ocrx_word' id='word_1_1016' title='bbox 1772 3367 1814 3399; x_wconf 90' lang='grc'><em>26</em></span> <span class='ocrx_word' id='word_1_1017' title='bbox 1845 3361 2145 3408; x_wconf 83' lang='grc' dir='ltr'><strong><em>μεταδιδώκαμεν</em></strong></span> <span class='ocrx_word' id='word_1_1018' title='bbox 2169 3366 2182 3398; x_wconf 87' lang='grc' dir='ltr'><em>ί</em></span> <span class='ocrx_word' id='word_1_1019' title='bbox 2207 3364 2220 3408; x_wconf 70' lang='grc' dir='ltr'><em>ΙΙ</em></span> <span class='ocrx_word' id='word_1_1020' title='bbox 2249 3365 2310 3397; x_wconf 81' lang='grc' dir='ltr'><em>καὶ</em></span> 
     </span>
     <span class='ocr_line' id='line_1_81' title="bbox 1233 3407 2307 3471; baseline -0.005 -26"><span class='ocrx_word' id='word_1_1021' title='bbox 1233 3411 1440 3452; x_wconf 85' lang='lat' dir='ltr'><em>Haloander]</em></span> <span class='ocrx_word' id='word_1_1022' title='bbox 1455 3407 1523 3456; x_wconf 82' lang='grc' dir='ltr'><em>γὰρ</em></span> <span class='ocrx_word' id='word_1_1023' title='bbox 1538 3412 1549 3443; x_wconf 90' lang='lat' dir='ltr'><em>l</em></span> <span class='ocrx_word' id='word_1_1024' title='bbox 1565 3410 1576 3453; x_wconf 89' lang='grc' dir='ltr'><em>ΙΙ</em></span> <span class='ocrx_word' id='word_1_1025' title='bbox 1595 3408 1768 3454; x_wconf 78' lang='grc' dir='ltr'><strong><em>λαβοῦσιν</em></strong></span> <span class='ocrx_word' id='word_1_1026' title='bbox 1781 3411 1869 3445; x_wconf 64' lang='lat' dir='ltr'><em>del?</em></span> <span class='ocrx_word' id='word_1_1027' title='bbox 1886 3411 1899 3454; x_wconf 87' lang='grc' dir='ltr'><em>ΙΙ</em></span> <span class='ocrx_word' id='word_1_1028' title='bbox 1918 3412 1959 3445; x_wconf 80' lang='lat'><em>27</em></span> <span class='ocrx_word' id='word_1_1029' title='bbox 1978 3407 2087 3453; x_wconf 76' lang='grc' dir='ltr'><strong><em>τήνδε</em></strong></span> <span class='ocrx_word' id='word_1_1030' title='bbox 2101 3410 2307 3471; x_wconf 57' lang='grc' dir='ltr'><strong><em>Ησίοαηᾶίέν]</em></strong></span> 
     </span>
    </p>
   </div>
   <div class='ocr_carea' id='block_1_15' title="bbox 1230 3474 2312 3533">
    <p class='ocr_par' dir='ltr' id='par_1_17' title="bbox 1230 3474 2312 3533">
     <span class='ocr_line' id='line_1_82' title="bbox 1230 3474 2312 3533; baseline -0.003 -21"><span class='ocrx_word' id='word_1_1031' title='bbox 1230 3476 1298 3521; x_wconf 86' lang='grc' dir='ltr'><em>τήν</em></span> <span class='ocrx_word' id='word_1_1032' title='bbox 1319 3479 1385 3512; x_wconf 66' lang='lat' dir='ltr'><em>*nl</em></span> <span class='ocrx_word' id='word_1_1033' title='bbox 1407 3477 1420 3522; x_wconf 77' lang='grc' dir='ltr'><em>[Ι</em></span> <span class='ocrx_word' id='word_1_1034' title='bbox 1448 3480 1488 3512; x_wconf 90' lang='grc'>28</span> <span class='ocrx_word' id='word_1_1035' title='bbox 1510 3474 1618 3511; x_wconf 81' lang='grc' dir='ltr'><strong><em>εἰδῶν</em></strong></span> <span class='ocrx_word' id='word_1_1036' title='bbox 1643 3474 1752 3533; x_wconf 68' lang='grc' dir='ltr'><strong><em>εἰδῶν</em></strong></span> <span class='ocrx_word' id='word_1_1037' title='bbox 1770 3478 1809 3520; x_wconf 78' lang='lat'><em>1⁰,</em></span> <span class='ocrx_word' id='word_1_1038' title='bbox 1830 3479 1926 3522; x_wconf 79' lang='lat' dir='ltr'><em>prius</em></span> <span class='ocrx_word' id='word_1_1039' title='bbox 1941 3477 2003 3512; x_wconf 88' lang='lat' dir='ltr'><em>del.</em></span> <span class='ocrx_word' id='word_1_1040' title='bbox 2021 3475 2048 3510; x_wconf 85' lang='lat' dir='ltr'><em>l¹’</em></span> <span class='ocrx_word' id='word_1_1041' title='bbox 2066 3477 2078 3519; x_wconf 73' lang='lat' dir='ltr'>ss</span> <span class='ocrx_word' id='word_1_1042' title='bbox 2094 3478 2136 3511; x_wconf 84' lang='lat'><em>30</em></span> <span class='ocrx_word' id='word_1_1043' title='bbox 2152 3476 2281 3519; x_wconf 86' lang='grc' dir='ltr'><strong><em>τετρτὴ</em></strong></span> <span class='ocrx_word' id='word_1_1044' title='bbox 2300 3476 2312 3509; x_wconf 80' lang='grc' dir='ltr'><em>ί</em></span> 
     </span>
    </p>
   </div>
   <div class='ocr_carea' id='block_1_16' title="bbox 1229 3535 2311 3680">
    <p class='ocr_par' dir='ltr' id='par_1_18' title="bbox 1229 3535 2311 3680">
     <span class='ocr_line' id='line_1_83' title="bbox 1229 3535 2311 3591; baseline -0.004 -11"><span class='ocrx_word' id='word_1_1045' title='bbox 1229 3545 1298 3591; x_wconf 75' lang='grc'>1131</span> <span class='ocrx_word' id='word_1_1046' title='bbox 1334 3541 1499 3579; x_wconf 81' lang='grc' dir='ltr'><strong><em>ὑποκόοις</em></strong></span> <span class='ocrx_word' id='word_1_1047' title='bbox 1523 3547 1562 3586; x_wconf 70' lang='lat' dir='ltr'><em>l0,</em></span> <span class='ocrx_word' id='word_1_1048' title='bbox 1585 3535 1736 3579; x_wconf 74' lang='grc' dir='ltr'><em>ὑποτελ8</em></span> <span class='ocrx_word' id='word_1_1049' title='bbox 1764 3544 1801 3587; x_wconf 77' lang='lat'><em>1⁶,</em></span> <span class='ocrx_word' id='word_1_1050' title='bbox 1839 3541 2049 3579; x_wconf 81' lang='grc' dir='ltr'><strong><em>ὑποτελέσιν</em></strong></span> <span class='ocrx_word' id='word_1_1051' title='bbox 2072 3541 2167 3588; x_wconf 77' lang='grc' dir='ltr'><strong><em>(ἐπὶ)</em></strong></span> <span class='ocrx_word' id='word_1_1052' title='bbox 2190 3543 2311 3576; x_wconf 84' lang='lat' dir='ltr'><em>mavult</em></span> 
     </span>
     <span class='ocr_line' id='line_1_84' title="bbox 1233 3587 2308 3635; baseline -0.003 -11"><span class='ocrx_word' id='word_1_1053' title='bbox 1233 3591 1331 3624; x_wconf 90' lang='lat' dir='ltr'><em>Kroll</em></span> <span class='ocrx_word' id='word_1_1054' title='bbox 1341 3590 1352 3635; x_wconf 84' lang='grc' dir='ltr'><em>ΙΙ</em></span> <span class='ocrx_word' id='word_1_1055' title='bbox 1367 3589 1697 3634; x_wconf 79' lang='grc' dir='ltr'><strong><em>καταβαλλομένων</em></strong></span> <span class='ocrx_word' id='word_1_1056' title='bbox 1711 3591 1829 3632; x_wconf 85' lang='lat' dir='ltr'><em>Kroll]</em></span> <span class='ocrx_word' id='word_1_1057' title='bbox 1846 3587 2148 3634; x_wconf 85' lang='grc' dir='ltr'><strong><em>καταβαλομένοις</em></strong></span> <span class='ocrx_word' id='word_1_1058' title='bbox 2164 3589 2184 3630; x_wconf 86' lang='lat' dir='ltr'><em>l,</em></span> <span class='ocrx_word' id='word_1_1059' title='bbox 2200 3599 2308 3622; x_wconf 88' lang='grc' dir='ltr'><strong><em>κατα-</em></strong></span> 
     </span>
     <span class='ocr_line' id='line_1_85' title="bbox 1230 3633 1770 3680; baseline 0.004 -11"><span class='ocrx_word' id='word_1_1060' title='bbox 1230 3633 1461 3680; x_wconf 83' lang='grc' dir='ltr'><strong><em>βαλλομένοις</em></strong></span> <span class='ocrx_word' id='word_1_1061' title='bbox 1489 3650 1556 3670; x_wconf 87' lang='lat' dir='ltr'><em>cum</em></span> <span class='ocrx_word' id='word_1_1062' title='bbox 1575 3636 1656 3670; x_wconf 85' lang='lat' dir='ltr'><em>Hal.</em></span> <span class='ocrx_word' id='word_1_1063' title='bbox 1682 3636 1770 3680; x_wconf 70' lang='lat' dir='ltr'><em>vulq-</em></span> 
     </span>
    </p>
   </div>
  </div>
 </body>
</html>
