2476 3854
112 80 220 125 Nov.
241 80 403 126 CXXX
431 83 543 125 3-6
1181 77 1265 126 652
1859 94 2075 134 Quouono
2104 94 2339 130 oponm'r

112 194 190 227 τῶν
205 192 251 228 τά
268 190 426 237 δημόσια
442 189 643 227 οἷν-υόντων.
690 187 833 226 τούτων
853 187 1033 227 ἁπάντων
1048 192 1194 237 προϊόν·
1262 191 1400 228 fiscalia
1433 192 1591 237 exigunt.
1642 191 1709 229 His
1743 192 1905 229 omnibus
1943 194 2171 231 admittendis
2204 197 2242 231 et
2274 195 2338 231 ob-

112 251 190 272 των
220 251 261 272 τε
289 241 348 272 καὶ
379 238 762 291 παραφυλαττομένων
791 234 950 280 κινδύνῳ
981 238 1046 280 τῆς
1069 249 1110 271 τε
1133 238 1196 281 σῆς
1263 237 1445 274 servandis
1468 237 1627 283 periculo
1651 241 1686 274 et
1701 240 1786 273 tuae
1804 238 1939 282 gloriae
1963 241 1999 275 et
2014 239 2233 284 singularum
2255 250 2338 286 pro-

113 280 345 338 ἐνδοξότητος
380 286 439 316 καὶ
473 285 550 317 τῶν
581 282 732 324 ἑκαστης
767 282 938 337 &naeptes-
965 284 1195 327 τρακτευτῶν
1262 283 1458 318 vineiarum
1489 285 1723 318 tractatorum
1754 286 1790 318 et
1817 283 1975 320 iudicum
2006 287 2044 320 et
2070 286 2338 330 obsequentium

111 331 171 362 καὶ
188 325 379 374 ἀρχοντων
402 330 462 361 καὶ
481 328 557 361 τῶν
572 326 809 370 πειθομένων
834 329 953 361 αυτοῖς
971 327 1113 367 τάξεων
1135 330 1195 362 καὶ
1263 328 1315 363 eis
1334 327 1532 364 officiorum
1552 331 1589 363 et
1605 331 1853 374 susceptorum
1874 330 1910 365 et
1928 329 2114 366 curialium
2133 334 2170 365 et
2185 329 2339 366 omnium

112 372 348 417 έκληπτόρων
378 375 437 406 καὶ
468 371 755 416 πολιτευομένων
785 374 845 406 καὶ
869 372 1024 407 πάντων
1048 373 1127 408 τῶν
1147 372 1195 407 τὰ
1231 372 1401 408 5fiscalia
1423 372 1666 409 tractantium.

113 416 269 462 δημόσια
292 415 539 463 χειριζόντων.

1109 507 1264 544 CAPUT
1289 507 1352 543 1V.

170 576 243 607 Καὶ
273 574 382 609 τοῦτο
415 571 455 608 δὲ
484 573 672 618 κελεύομεν
702 572 1072 620 παραφυλάττεσθαι,
1105 571 1192 609 am
1318 574 1395 610 Hoc
1419 584 1560 621 quoque
1582 575 1744 612 iubemus
1769 576 1918 621 servari,
1943 576 2079 612 nullum
2102 575 2258 612 iudicum
2277 579 2342 612 ant

109 618 248 663 μηδένα
281 620 359 653 τῶν
390 617 553 663 ἐξάρχων
583 618 606 662 ἢ
637 620 714 654 τῶν
745 620 984 664 στρατιωτῶν
1016 620 1194 666 προφάσει
1262 619 1412 655 militum
1448 620 1637 656 occasione
1671 621 1843 658 transitus
1880 624 1944 657 aut
1981 631 2004 657 a
2038 621 2238 657 civitatibus
2278 624 2342 657 aut

110 661 273 708 παρόδου
297 661 320 708 ἢ
343 660 418 700 άπὸ
442 664 521 699 τῶν
545 663 690 699 πόλεων
713 662 736 708 ἢ
758 664 870 709 (τῶν)
892 668 1038 710 χωρίων
1062 666 1101 699 ἐν
1125 661 1194 699 ἀπ·-
1262 665 1417 710 praediis
1447 665 1486 700 in
1516 676 1659 702 nummo
1691 666 1827 712 aliquid
1857 666 2031 712 accipere.
2079 666 2117 702 Si
2142 668 2262 703 autem
2285 667 2340 702 in-

111 710 318 755 αργυρισμῷ
353 722 390 744 τι
425 708 635 754 λαμβάνειν.
682 710 713 743 εἰ
745 707 785 744 δὲ
813 705 962 755 εὑρεθεί
1016 721 1070 744 τις
1103 706 1194 755 ὑπὲρ
1210 714 1250 746 10
1263 715 1389 746 ventus
1411 710 1521 746 fuerit
1537 711 1667 756 aliquis
1715 722 1755 747 ro
1771 712 1925 747 transitu
1947 712 1985 747 in
2004 722 2147 748 nummo
2163 721 2341 747 annonam

111 752 274 800 παρόδου
303 756 343 789 ἐν
373 752 635 801 ἀπαργυρισμῷ
664 751 884 800 λαμβάνων,
915 723 1103 798 κελεύομεν
1126 755 1195 789 τὸν
1263 755 1438 801 accipere,
1462 755 1625 791 iubemus
1648 759 1687 791 ta
1702 766 1721 792 e
1736 757 1870 801 aliquid
1893 759 2055 801 agentem
2080 757 2170 801 exigi
2194 757 2340 802 duplum

110 799 255 833 τοιοῦτό
290 812 329 833 τι
364 798 575 844 πράττοντα
610 797 851 835 ἀπαιτεῖσθαι
887 797 1079 835 διπλάσιον
1118 801 1195 835 πᾶν
1263 804 1377 837 totum
1402 801 1497 847 quod
1521 801 1684 847 accipere
1705 811 1771 847 pro
1795 802 1864 838 hoc
1886 802 2175 847 praesumpserit.

111 840 202 889 ὅπερ
226 843 352 888 λαβεῖν
375 843 467 890 ὑπὲρ
489 845 618 879 τούτου
642 844 821 890 τολμήσει.

1115 935 1273 972 CAPUT
1298 935 1340 972 V.

167 1001 217 1035 Εἰ
246 998 290 1035 δέ
315 1012 411 1037 τινες
438 1002 515 1037 τῶν
535 999 721 1059 ἡμετέρων
752 999 916 1050 ἐξάρχων
942 999 965 1046 ἢ
987 1003 1065 1038 τῶν
1088 1014 1194 1049 στρα-
1331 1002 1368 1038 Si
1389 1003 1467 1048 quis
1491 1013 1574 1039 vero
1598 1006 1803 1039 nostrorum
1830 1003 1987 1039 iudicum
2018 1007 2081 1039 aut
2108 1002 2261 1039 militum
2279 1005 2343 1039 aut

110 1047 257 1081 τιωτῶν
273 1043 296 1090 ἢ
311 1047 391 1081 τῶν
409 1043 599 1082 ὀπτιόνων
624 1047 748 1082 αυτῶν
769 1047 818 1092 μὴ
835 1049 983 1083 recauta
1006 1045 1197 1093 ποιήσουσι
1213 1051 1252 1084 15
1267 1048 1452 1094 optionum
1475 1049 1634 1093 ipsorum
1664 1059 1736 1084 non
1759 1053 1906 1084 recauta
1928 1048 2053 1084 fecerit
2081 1048 2198 1085 factae
2221 1048 2267 1084 ab
2290 1048 2342 1084 eis

111 1093 173 1135 τῆς
194 1094 385 1139 γενομένης
416 1088 508 1137 παρ’
534 1089 659 1127 αὐτῶν
690 1090 872 1136 δαπάνης,
904 1091 1092 1137 κελεύομεν
1115 1093 1197 1128 τοὺς
1268 1103 1454 1139 expensae,
1479 1093 1640 1130 iubemus
1657 1104 1830 1139 expensas
1847 1094 2019 1131 facientes
2043 1093 2230 1131 collatores
2244 1097 2344 1138 gesta

111 1138 180 1180 τὴν
204 1135 372 1181 δαπάνην
395 1137 662 1191 χορηγήσαντας
685 1136 920 1172 συντελεστὰς
949 1139 1083 1185 πρᾶξιν
1106 1137 1195 1174 ’ὑπο-
1264 1142 1571 1175 monumentorum
1595 1139 1779 1182 conficere,
1803 1139 1834 1175 si
1854 1138 1994 1184 quidem
2017 1139 2218 1175 inveniatur
2236 1139 2342 1175 iudex

110 1182 313 1227 μνημάτων
336 1193 524 1227 συνισταν,
556 1183 587 1217 εἰ
609 1185 677 1228 μὲν
700 1181 835 1230 εὑρεθῇ
867 1180 887 1217 ὁ
913 1181 1035 1229 ἄρχων
1061 1185 1101 1219 ἐν
1123 1186 1196 1218 τοῖς
1264 1185 1301 1219 in
1334 1184 1422 1220 locis
1457 1184 1545 1227 illis,
1580 1184 1679 1229 apud
1712 1195 1792 1220 eum
1828 1189 1864 1220 et
1893 1184 2155 1220 sanctissimum
2190 1184 2343 1220 civitatis

111 1228 237 1262 τόποις
272 1229 436 1270 ἐκείνοις,
472 1225 561 1273 παρ’
588 1224 690 1271 αὐτῷ
722 1231 781 1262 καὶ
813 1229 865 1271 τῷ
904 1225 1098 1272 ὁσιωτάτῳ
1134 1230 1197 1273 τῆς
1264 1229 1482 1276 episcopum,
1507 1230 1635 1265 sivero
1660 1240 1731 1265 non
1754 1229 1952 1265 inveniatur
1974 1229 2081 1265 iudex
2103 1230 2141 1266 in
2156 1228 2244 1265 locis
2260 1228 2342 1272 illis,

112 1272 251 1308 πόλεως
275 1271 484 1317 ἐπισκόπῳ,
516 1274 547 1307 εἰ
572 1271 612 1307 δὲ
632 1274 682 1318 μὴ
707 1271 840 1320 εὑρεθῇ
869 1272 887 1307 ό
915 1273 1038 1318 ἄρχων
1063 1276 1102 1309 ἐν
1124 1277 1196 1308 τοῖς
1210 1276 1250 1309 20
1264 1275 1360 1320 apud
1395 1275 1657 1310 sanctissimum
1694 1275 1846 1311 civitatis
1881 1275 2086 1320 episcopum
2122 1278 2186 1310 aut
2219 1274 2342 1310 defen-

114 1315 232 1352 αὐτοῖς
261 1318 405 1361 τόποις,
438 1318 537 1364 παρὰ
567 1319 621 1361 τῷ
647 1316 841 1363 ὁσιωτάτῳ
871 1319 934 1361 τῆς
957 1317 1096 1354 πόλεως
1119 1321 1196 1354 ἑπι-
1265 1330 1362 1356 sores
1399 1321 1557 1356 locorum
1594 1321 1661 1356 sub
1697 1320 1825 1365 quibus
1885 1321 2036 1356 ossessio
2070 1319 2164 1356 iacet
2197 1330 2242 1355 ex
2274 1329 2344 1365 qua

113 1362 240 1407 σκόπῳ
271 1360 295 1407 ἢ
323 1365 377 1406 τῷ
386 1361 531 1407 ,ἐκδίκῳ
560 1364 638 1398 τῶν
666 1361 808 1407 τόπων,
839 1360 904 1410 ὑφ’
931 1361 990 1398 οὓς
1020 1363 1043 1408 ἡ
1074 1365 1197 1409 κτῆσις
1263 1365 1363 1401 faeta
1385 1368 1441 1401 est
1465 1374 1640 1411 expensa,
1670 1368 1706 1400 et
1729 1375 1793 1410 per
1817 1331 1904 1401 αέα
1932 1369 2034 1410 gesta
2063 1365 2183 1410 palam
2211 1366 2343 1408 faeere,

112 1406 289 1443 διάκειται
320 1408 359 1449 ἐξ
382 1408 420 1452 ἧς
433 1412 487 1489 ἔέ
506 1421 590 1444 ονεν
620 1406 642 1452 ἡ
668 1407 824 1452 δαπάνη,
854 1412 914 1444 καὶ
939 1407 1000 1444 διὰ
1031 1411 1094 1454 τῆς
1122 1423 1195 1445 τοι-
1264 1411 1325 1455 qui
1346 1413 1551 1447 nostrorum
1574 1410 1731 1446 iudicum
1760 1413 1797 1446 et
1822 1421 1902 1446 cum
1924 1410 2021 1456 quali
2042 1411 2203 1446 exercitu
2224 1415 2343 1446 trans·

114 1451 222 1497 αύτης
246 1454 409 1499 πράξεως
457 1455 476 1498 ἢ
502 1467 525 1487 α
548 1457 677 1497 ποιεῖν,
707 1458 801 1489 τίνες
823 1456 900 1489 τῶν
923 1452 1109 1503 ἡμετέρων
1133 1451 1195 1500 ἆρ-
1263 1456 1352 1492 itum
1376 1456 1549 1492 facientes
1565 1467 1638 1492 non
1652 1455 1816 1492 fecerunt
1832 1460 1978 1491 recauta
1997 1459 2033 1491 et
2047 1458 2218 1500 quantam
2233 1465 2344 1501 quan-

112 1497 257 1541 χόντων
295 1496 318 1543 ἢ
351 1499 444 1544 μετὰ
483 1503 587 1535 ποίου
625 1498 890 1546 στρατεύματος
927 1499 996 1544 τὴν
1032 1498 1196 1556 πάροδον
1209 1502 1251 1535 25
1264 1502 1402 1537 titatem
1432 1502 1694 1546 expenderunt,
1727 1505 1764 1537 et
1794 1501 1883 1537 talia
1910 1506 2011 1547 gesta
2043 1500 2136 1536 mitti
2170 1501 2215 1537 ad
2245 1504 2344 1536 tuam

113 1543 324 1589 ποιούμενοι
346 1541 410 1579 οὐκ
426 1546 601 1588 ἐποίησαν
620 1549 767 1581 recauta
790 1548 850 1579 καὶ
866 1544 986 1589 πόσην
1007 1557 1196 1588 ποσοτητα
1263 1547 1422 1592 gloriam,
1442 1550 1542 1582 tuam
1556 1557 1640 1583 vero
1659 1546 1903 1583 celsitudinem
1926 1549 2051 1592 utpote
2066 1546 2223 1582 recautis
2238 1545 2344 1582 factis

113 1587 363 1633 ἐδαπάνησαν,
402 1593 462 1624 καὶ
495 1590 564 1634 τὴν
597 1589 771 1634 τοιαύτην
813 1591 948 1636 πρᾶξιν
982 1591 1196 1636 πέμπεσθαι
1265 1592 1498 1628 collatoribus
1519 1592 1658 1637 quidem
1674 1592 1847 1638 praebere
1864 1595 1927 1627 aut
1941 1592 2048 1628 etiam
2063 1595 2230 1636 reputare
2251 1600 2344 1636 quae

113 1635 203 1679 πρὸς
225 1635 294 1679 τὴν
317 1635 386 1679 σὴν
410 1633 640 1679 ἐνδοξότητα,
672 1635 741 1680 τὴν
764 1633 803 1670 δὲ
833 1635 902 1679 σὴν
930 1634 1110 1682 ὑπεροχὴν
1134 1634 1196 1671 aie-
1265 1637 1311 1673 ab
1341 1637 1392 1673 eis
1423 1638 1521 1673 faeta
1551 1641 1607 1674 est
1635 1647 1808 1683 expensa,
1843 1637 1949 1673 sicuti
1980 1636 2147 1683 superius
2180 1636 2344 1679 diximus,

114 1683 192 1714 ανεὶ
215 1684 395 1715 recautum
417 1684 625 1727 γενομένων
644 1684 717 1716 τοῖς
731 1683 799 1725 μὲν
815 1677 1004 1716 ὑποτελέσι
1027 1684 1198 1727 παρέχειν
1265 1682 1418 1718 retinere
1441 1684 1561 1718 autem
1583 1683 1676 1719 hanc
1701 1683 1936 1728 quantitatem
1967 1692 2058 1728 quae
2084 1692 2127 1717 ex
2149 1682 2259 1726 gestis
2282 1681 2343 1717 de-

114 1723 137 1768 ἢ
159 1728 220 1759 καὶ
240 1723 452 1772 λογίζεσθαι
474 1726 543 1769 τὴν
560 1724 648 1772 παρ’
668 1723 790 1760 αὖτῶν
805 1730 1001 1772 γενομένην
1017 1724 1197 1771 δαπάνην,
1209 1729 1253 1762 30
1267 1729 1423 1764 claratur
1446 1738 1491 1763 ex
1511 1728 1567 1763 his
1591 1738 1683 1773 quae
1705 1729 1867 1773 delegata
1890 1731 1974 1764 sunt
1998 1728 2042 1764 de
2063 1727 2151 1763 fiseo
2176 1726 2344 1772 principi-

113 1769 288 1816 καθάπερ
318 1769 491 1817 ἀνωτέρω
521 1770 722 1817 εἰρήκαμεν,
754 1774 998 1817 παρακρατεῖν
1019 1770 1058 1806 δὲ
1084 1769 1199 1816 αὐτὴν
1265 1773 1334 1810 bus
1357 1773 1504 1810 militiae
1527 1777 1563 1809 et
1585 1773 1756 1810 militibus
1782 1773 1844 1819 qui
1866 1783 2060 1819 expensam
2082 1772 2258 1810 fecerunt.

113 1815 182 1858 τὴν
214 1815 402 1860 ποσότητα
430 1816 498 1859 τὴν
530 1814 591 1851 διὰ
622 1818 685 1860 τῆς
714 1816 878 1862 πράξεως
908 1815 1128 1861 δηλουμένην
1159 1819 1198 1851 ἐκ

114 1862 193 1895 τῶν
217 1859 558 1908 δηληγατευομὲνων
582 1858 659 1896 ἀπὸ
682 1862 747 1896 τοῦ
766 1859 936 1906 δημοσίου
951 1865 1024 1897 τοῖς
1042 1862 1199 1908 ἐξάρχοις

113 1908 174 1940 καὶ
196 1909 270 1941 τοῖς
293 1905 534 1951 στρατιώταις
554 1910 628 1942 τοῖς
649 1906 719 1951 τὴν
742 1905 912 1951 δαπάνην
936 1911 1197 1952 ποιησαμένοις.

1111 2019 1267 2057 CAPUT
1291 2019 1353 2057 VI.

181 2087 279 2133 Πρὸς
309 2085 448 2122 τούτοις
477 2085 664 2131 κελεύομεν
698 2087 780 2122 τοὺς
811 2085 999 2144 ᾐμετέρους
1028 2085 1091 2128 ἐξά
1116 2099 1195 2130 χουε
1209 2090 1250 2124 35
1319 2088 1378 2124 Ad
1401 2088 1490 2124 haec
1519 2087 1682 2125 iubemus
1713 2087 1893 2134 principes
1924 2087 2070 2125 militiae
2099 2091 2241 2126 nostros
2272 2088 2349 2125 sive

113 2132 184 2168 εἴτε
206 2136 266 2167 καὶ
289 2132 373 2167 τοὺς
396 2129 643 2175 διασώζονταε
665 2132 707 2167 τὸ
733 2144 940 2180 στρατευμα
971 2135 1032 2167 καὶ
1056 2133 1098 2168 de
1115 2143 1194 2178 ega·
1264 2143 1326 2169 eos
1350 2133 1411 2179 qui
1433 2133 1613 2170 deducunt
1636 2133 1831 2169 exercitum
1852 2135 1891 2170 et
1913 2134 2132 2178 delegatores
2162 2134 2199 2169 in
2230 2137 2347 2170 trans·

113 2183 213 2213 toras
248 2179 288 2212 ἐν
316 2181 394 2222 ταῖς
418 2175 591 2223 παρόδοις
620 2181 851 2223 προπέμπειν
885 2178 933 2212 εἰς
963 2179 1098 2213 ἐκεῖνον
1132 2179 1197 2213 τὸν
1265 2179 1336 2215 itus
1359 2179 1586 2225 praemittere
1615 2179 1662 2215 ad
1684 2179 1784 2214 illum
1805 2179 1939 2222 locum,
1969 2179 2006 2214 in
2031 2189 2101 2224 quo
2125 2179 2268 2215 futurus
2292 2182 2348 2215 est

113 2223 232 2259 τόπον
254 2226 294 2258 ἐν
318 2223 348 2267 ιρ
372 2221 489 2268 μέλλει
512 2223 555 2258 τὸ
575 2220 748 2271 ἡμέτερον
772 2224 978 2270 στράτευμα
1000 2224 1196 2266 καταντᾶν,
1265 2228 1388 2261 noster
1411 2225 1589 2261 exercitus
1613 2225 1807 2270 applicare,
1835 2227 1873 2260 et
1894 2224 2204 2270 praeparationem
2225 2224 2347 2261 facere

113 2313 159 2348 iis
187 2323 256 2358 per
279 2322 341 2349 eos
364 2312 427 2359 qui
446 2312 591 2357 fiscalia
614 2313 778 2357 exiqunt.
825 2315 943 2359 Atque
965 2313 1054 2349 haec
1077 2314 1197 2350 omnia
1219 2313 1429 2361 procedant
1459 2316 1568 2359 atque
1593 2314 1824 2351 observentur
1840 2313 2010 2360 periculo
2040 2317 2076 2349 et
2099 2317 2184 2351 tuae
2202 2314 2349 2361 gloriae

113 2362 150 2394 et
172 2358 345 2404 cuiusque
366 2358 576 2404 provinciae
601 2362 839 2394 tractatorum
862 2362 898 2394 et
917 2358 1127 2405 praesidum
1150 2362 1185 2396 et
1209 2359 1417 2405 officiorum
1447 2359 1494 2395 iis
1523 2358 1791 2405 obsequentium
1822 2362 1858 2395 et
1886 2362 2137 2407 susceptorum
2168 2362 2206 2396 et
2226 2359 2346 2395 euria-

115 2403 202 2439 lium
225 2407 262 2440 et
285 2404 442 2438 omnium
491 2403 529 2438 ui
548 2403 695 2448 fiscalia
719 2407 886 2440 tractant.
1510 2414 1516 2424 ·
1888 2447 1892 2450 ⁴

248 2448 311 2484 IV.
358 2447 433 2484 Sed
454 2414 523 2484 ltqoe
546 2459 691 2501 quoque
720 2448 906 2485 observari
936 2448 1108 2492 iubemus,
1139 2460 1186 2485 ne
1207 2449 1399 2496 quisquam
1423 2448 1553 2484 dueum
1583 2451 1648 2484 aut
1679 2447 1842 2500 militium
1873 2448 2016 2500 nomine
2040 2449 2216 2500 transitus
2245 2449 2302 2486 vel
2323 2460 2349 2486 a

115 2493 319 2529 civitatibus
349 2493 407 2529 vel
422 2493 588 2540 praediis
619 2505 658 2529 m
674 2495 834 2541 pecunia
863 2497 1052 2531 numerata
1075 2494 1268 2540 quiequam
1292 2495 1452 2540 auferat.
1500 2492 1543 2529 Si
1566 2494 1648 2546 quis
1670 2503 1756 2530 vero
1777 2496 1982 2530 inventatur
2012 2504 2075 2540 qut
2091 2505 2167 2541 pro
2192 2495 2348 2531 transitu

114 2538 153 2573 in
171 2539 331 2585 pecunia
361 2543 550 2575 numerata
581 2539 775 2585 quiequam
804 2540 973 2585 auferat,
1003 2539 1163 2576 iubemus
1194 2539 1238 2576 ab
1268 2550 1311 2575 eo
1343 2540 1408 2586 qui
1436 2538 1527 2586 quid
1550 2538 1727 2576 exusmodi
1755 2538 1848 2585 feeit
1872 2538 2023 2585 duplum
2049 2538 2144 2582 eim,
2175 2539 2276 2587 quod
2303 2550 2347 2576 eo

115 2584 259 2619 nomine
282 2583 433 2629 auferre
457 2595 567 2619 ausus
589 2584 647 2627 sit,
671 2585 782 2630 exiqi.

250 2629 294 2665 V.
342 2627 384 2664 Si
407 2629 471 2675 qui
493 2640 577 2665 vero
601 2640 651 2666 ex
673 2630 810 2666 nostris
833 2629 982 2666 ducibus
1013 2632 1079 2666 aut
1100 2628 1273 2665 militibus
1303 2632 1369 2665 aut
1391 2628 1600 2677 optionibus
1629 2638 1754 2665 eorum
1776 2638 1851 2664 non
1871 2627 2031 2674 fecerint
2058 2631 2208 2665 recauta
2226 2629 2347 2676 faeta-

116 2684 197 2709 rum
220 2673 265 2708 ab
289 2673 379 2720 ipsis
401 2684 663 2720 expensarum,
695 2674 855 2711 iubemus
879 2674 1073 2711 collatores
1104 2675 1169 2720 qui
1195 2684 1378 2721 expensas
1407 2674 1744 2716 subministrarunt,
1775 2676 1858 2708 acta
1889 2672 2114 2718 conficienda
2136 2683 2288 2718 curare,
2315 2675 2350 2711 εἰ

142 2717 260 2754 uidem
280 2728 430 2764 praeses
452 2720 489 2754 in
513 2719 585 2754 illis
609 2719 699 2755 locis
720 2719 936 2764 inveniatur,
959 2719 1059 2767 apud
1081 2730 1160 2756 eum
1183 2723 1218 2756 et
1240 2719 1503 2756 sanctissimum
1527 2719 1683 2756 civitatis
1705 2729 1725 2755 e
1752 2718 1933 2765 iseopum,
1963 2718 2020 2753 sin
2038 2729 2192 2765 praeses
2213 2720 2254 2755 in
2273 2719 2350 2755 iltis

132 2763 207 2799 ocis
229 2774 303 2798 non
327 2764 541 2806 inveniatur,
565 2764 667 2811 apud
688 2766 951 2801 sanctissimum
974 2764 1131 2801 civitatis
1153 2764 1362 2818 episcopum
1384 2764 1442 2801 vel
1455 2765 1683 2810 defensorem
1722 2774 1887 2806 ocorum,
1911 2762 2040 2809 quibus
2089 2765 2245 2801 ossesst'o
2265 2764 2347 2801 sub-

116 2809 210 2845 iecta
233 2812 287 2844 est
310 2819 360 2844 ex
382 2819 456 2854 qua
478 2819 663 2855 expensae
683 2810 810 2855 factae
832 2813 927 2852 sunt,
958 2813 995 2846 et
1013 2821 1083 2857 per
1105 2809 1277 2846 eiusmodi
1299 2813 1382 2846 acta
1402 2810 1527 2857 palam
1549 2810 1687 2855 facere,
1719 2809 1867 2856 quinam
1890 2819 1940 2845 ex
1963 2807 2046 2844 duci
2069 2819 2113 2845 us
2135 2809 2271 2846 nostn's
2293 2809 2350 2847 vel

118 2853 220 2900 quali
250 2864 329 2889 cum
359 2854 524 2889 exercitu
555 2854 746 2890 transitum
775 2855 954 2901 facientes
983 2858 1134 2891 recauta
1163 2865 1237 2890 non
1264 2855 1441 2901 fecerint,
1477 2859 1512 2891 et
1535 2857 1709 2901 quantam
1738 2864 1912 2890 summam
1941 2853 2183 2900 expenderint
2189 2867 2205 2898 ;
2238 2858 2281 2891 at
2303 2865 2349 2891 ue

118 2898 292 2934 eiusmodi
315 2902 398 2933 aeta
430 2898 479 2933 ad
510 2902 606 2934 tuam
630 2900 786 2945 qlorz'am
809 2901 1011 2942 mittantur,
1046 2903 1108 2935 tua
1139 2910 1222 2936 vero
1254 2900 1456 2936 sublimitas
1489 2904 1668 2946 tamquam
1691 2899 1850 2935 recautis
1878 2898 1993 2944 saetis
2014 2898 2183 2935 subiectis
2205 2900 2271 2946 qu·
2293 2910 2347 2935 em

110 2943 290 2991 praebeat
313 2942 370 2978 vel
383 2943 489 2978 etiam
504 2944 655 2990 imputet
678 2955 876 2991 expensam
900 2945 945 2980 ab
962 2945 1007 2980 iis
1020 2945 1173 2990 factam,
1199 2945 1497 2991 quemadmodum
1516 2955 1630 2991 supra
1647 2944 1818 2987 diximus,
1840 2943 1958 2994 ipsam
1974 2947 2092 2979 autem
2109 2943 2347 2990 quantitatem

118 2989 211 3025 actis
233 2987 515 3024 demonstratam
537 2988 691 3024 retineat
713 3000 762 3025 ex
785 2990 830 3024 iis
861 3000 955 3035 quae
979 3001 1001 3025 a
1022 2990 1112 3034 fiseo
1136 2989 1304 3036 deleqata
1325 2994 1411 3026 sunt
1441 2990 1590 3025 ducibus
1609 2993 1645 3026 et
1665 2989 1836 3024 militibus
1864 2998 1925 3034 qut
1950 2997 2146 3034 expensam
2167 2988 2347 3034 fecerunt.

252 3033 314 3070 VI.
353 3032 550 3069 Pmeterea
570 3032 729 3069 iubemus
752 3033 860 3070 duces
875 3037 1022 3070 nostros
1044 3034 1101 3070 vel
1118 3035 1223 3071 etiam
1247 3045 1308 3070 eos
1329 3035 1392 3081 qui
1407 3034 1605 3071 exercitum
1628 3033 1810 3070 deducunt
1831 3036 1867 3069 et
1889 3031 2113 3078 deleqatores
2135 3033 2172 3068 in
2191 3034 2349 3070 transitu

115 3079 290 3126 faciendo
315 3082 399 3114 ante
421 3079 561 3115 mittere
592 3079 642 3114 ad
663 3078 763 3114 illum
789 3078 906 3115 locum
936 3079 974 3114 in
997 3091 1101 3125 quem
1125 3080 1307 3115 exercitus
1330 3083 1455 3115 noster
1481 3082 1722 3126 perventurus
1743 3081 1809 3121 est,
1840 3081 1875 3114 et
1898 3087 2080 3124 expensas
2109 3078 2349 3125 apparandus

175 3171 195 3205 8
215 3166 446 3214 ἐξαρχόντων
469 3169 500 3203 L
519 3169 531 3211 11
553 3170 573 3203 9
596 3168 675 3202 τῶν
699 3169 777 3202 add.
793 3169 980 3203 Zachariae
998 3169 1011 3214 ΙΙ
1038 3172 1077 3205 10
1090 3183 1138 3214 sq.
1163 3182 1200 3204 τι
1270 3172 1288 3204 7
1314 3169 1402 3203 nulli
1422 3168 1477 3214 Vss
1502 3169 1522 3203 8
1546 3178 1567 3201 a
1590 3180 1649 3202 om.
1673 3168 1728 3212 Vll
1752 3169 1811 3201 aut
1835 3168 1974 3212 Vvu19.]
2000 3170 2058 3201 aut
2081 3178 2101 3200 a
2127 3168 2183 3212 ΤΙΙ
2208 3171 2228 3203 9
2252 3179 2347 3212 prae·

118 3210 641 3260 λαμβάνειν-ἆπαργυρισμῷ
657 3213 769 3248 οηι.Μ
782 3213 794 3257 ΙΙ
815 3216 852 3248 11
868 3211 1080 3258 λαμβάνων]
1098 3225 1201 3248 anno·
1269 3215 1370 3248 eediis
1392 3215 1422 3248 V
1445 3213 1458 3257 ΙΙ
1489 3215 1530 3247 10
1553 3222 1719 3246 annonam
1743 3214 1827 3247 delet
1849 3213 1944 3247 Beck
1973 3213 1985 3256 ΙΙ
2014 3215 2055 3247 12
2078 3214 2347 3257 praesumpserit]

118 3272 195 3294 nam
218 3260 367 3305 accipere
392 3271 412 3297 ς
428 3260 440 3304 ΙΙ
459 3261 501 3294 14
514 3272 561 3303 sq.
586 3269 680 3293 τινες
702 3277 748 3283 -
772 3258 972 3301 ποιήσουσι]
998 3260 1073 3302 quis
1094 3279 1133 3285 —
1153 3260 1201 3294 fe·
1268 3260 1433 3303 aoeeperit
1456 3257 1712 3301 praesumpserit
1739 3259 1792 3292 Ta
1840 3259 1880 3294 15
1898 3258 1985 3291 faeta
2000 3258 2042 3291 ab
2058 3260 2105 3292 eis
2126 3269 2265 3302 expensa
2286 3259 2320 3293 V

119 3307 202 3340 eerit
226 3318 245 3343 ς
263 3310 276 3350 ΙΙ
291 3305 530 3350 στρατιωτῶν
555 3306 699 3339 dedimus
723 3316 761 3338 ex
781 3317 802 3341 ς
818 3305 892 3345 Iul]
918 3305 1202 3349 στρατευμάτων
1273 3306 1312 3339 16
1334 3304 1452 3338 iubent
1477 3303 1532 3347 ΤΙΙ
1550 3302 1717 3336 faciendas
1745 3304 1794 3337 Τί*
1851 3306 1889 3337 17
1915 3303 2072 3337 confitere
2092 3304 2155 3338 VT
2173 3305 2186 3348 ΙΙ
2201 3304 2337 3346 quidem

119 3352 192 3385 ML
220 3351 232 3396 ΙΙ
263 3352 305 3386 20
328 3347 494 3395 εὑρεθείη
520 3351 550 3384 L
577 3350 589 3394 [1
617 3351 659 3391 22
683 3349 736 3391 τῷ
762 3346 904 3391 tumne]
937 3349 1123 3383 defensores
1148 3362 1167 3386 ς
1268 3350 1344 3392 quis
1358 3350 1390 3383 T
1402 3348 1414 3393 ΙΙ
1435 3349 1475 3383 18
1489 3348 1693 3382 sanctissimo
1710 3348 1858 3383 ciuitatis
1874 3348 2031 3393 episeopo
2046 3350 2132 3391 libri,
2145 3347 2348 3395 εονν.υκ19.ΙΙ

120 3399 162 3430 25
182 3393 216 3438 ἢ]
238 3398 270 3429 et
286 3408 306 3433 ς
323 3396 335 3440 ΙΙ
353 3397 393 3431 28
413 3392 604 3441 ὑπεροχὴν]
621 3392 856 3438 ἐδαπάνησαν
871 3396 931 3427 καὶ
946 3394 1015 3437 τὴν
1031 3396 1108 3428 add.
1126 3396 1173 3428 [β’
1274 3396 1314 3430 19
1338 3393 1556 3427 inueniuntur
1578 3394 1610 3427 V
1623 3392 1635 3438 ΙΙ
1651 3393 1720 3427 inis
1736 3395 1773 3427 in
1796 3394 1878 3427 locis
1897 3395 1928 3428 T
1940 3394 1952 3438 ΙΙ
1971 3396 2012 3429 20
2030 3394 2233 3428 defensorem
2256 3395 2349 3428 malie

120 3443 159 3476 31
180 3438 293 3483 αὐτὴν
306 3442 361 3483 Μ]
379 3438 518 3483 ταύτην
534 3442 592 3477 Le
609 3441 621 3485 ΙΙ
640 3442 683 3475 33
700 3437 1023 3486 διλιγατευομένων
1040 3440 1123 3482 ML,
1148 3437 1200 3473 δε·
1273 3440 1503 3484 Oeenbru‘yqen
1520 3438 1533 3482 [Ι
1551 3440 1590 3472 21
1608 3439 1723 3481 pensio
1745 3439 1799 3484 Vn
1818 3440 1860 3473 23
1874 3441 1906 3472 et
1920 3449 1995 3472 oum
2008 3439 2100 3481 quali
2117 3449 2156 3473 ex
2169 3449 2242 3473 oum
2255 3438 2347 3481 quali

119 3485 408 3532 λεγατευομένων
425 3499 493 3520 cum
507 3487 704 3520 Haloandro
717 3487 802 3527 vulq.
822 3485 834 3528 ῑΙ
850 3484 927 3518 τῶν
947 3481 1132 3527 δημοσίων
1145 3485 1202 3529 LI}
1269 3485 1415 3518 exercitu
1436 3483 1492 3527 Vl}
1510 3486 1553 3518 24
1577 3487 1734 3526 quantam
1758 3485 1977 3526 quantitatem
2001 3485 2102 3528 only]
2127 3484 2348 3527 quantitatem

120 3533 163 3566 36
186 3532 390 3575 delegatoras
412 3533 449 3573 (e.
463 3546 492 3567 υ.
509 3530 668 3575 μηνυτὰς
687 3531 732 3574 L)
756 3530 829 3564 ML
847 3530 917 3574 1137
942 3531 1015 3564 τοῖς
1039 3529 1081 3563 Μ
1269 3539 1367 3572 quam
1388 3530 1420 3562 T
1438 3530 1657 3571 quantitatem
1680 3529 1738 3574 Vn
1754 3531 1795 3564 29
1813 3531 1863 3571 ex]
1888 3529 1988 3563 etiam
2004 3540 2043 3563 ex
2064 3529 2118 3573 Vn
2137 3530 2179 3564 30
2196 3529 2347 3571 delegata

123 3592 1188 3602 —————-—-———-————————-·
1268 3576 1358 3615 sunt]
1382 3574 1548 3607 declarata
1564 3576 1642 3607 sunt
1658 3575 1730 3608 siue
1747 3574 1899 3618 delegata
1916 3575 1949 3609 T
1962 3574 1974 3619 ΙΙ
1990 3576 2029 3610 31
2049 3574 2190 3608 militiae
2210 3586 2268 3608 om.
2285 3574 2319 3608 T
2334 3571 2348 3620 ΙΙ

178 3624 194 3656 1
213 3622 316 3655 fiscali
337 3623 370 3656 V
381 3622 393 3666 ΙΙ
410 3622 473 3654 His
490 3635 547 3655 om.
567 3622 598 3655 T
611 3621 623 3665 ΙΙ
640 3623 659 3655 3
678 3623 710 3654 et
725 3621 886 3661 iudicum]
912 3622 944 3654 et
960 3632 1017 3654 om.
1034 3619 1066 3653 T
1079 3617 1092 3671 [J
1108 3621 1130 3654 4
1154 3620 1202 3653 eis
1269 3621 1313 3654 36
1327 3620 1506 3653 exercitum
1518 3621 1617 3664 vale]
1632 3620 1822 3663 expeditum
1837 3621 1913 3654 libri
1923 3619 1935 3663 ΙΙ
1946 3619 2124 3653 *transitos
2139 3620 2225 3662 libri,
2242 3621 2347 3652 trans-

120 3667 221 3711 ναῖς]
250 3677 304 3701 eos
330 3668 406 3702 libri
434 3666 448 3711 ss
475 3669 507 3700 et
530 3666 720 3708 curialium]
754 3668 787 3700 et
817 3679 875 3701 om.
904 3665 937 3700 T
957 3665 971 3710 ΙΙ
999 3674 1111 3699 omma
1138 3665 1171 3699 T
1189 3664 1201 3710 ΙΙ
1268 3665 1373 3699 itibus
1392 3666 1479 3710 vulq.
1498 3665 1511 3710 ΙΙ
1527 3667 1568 3700 38
1593 3668 1705 3699 nostre
1727 3664 1785 3710 Vll
1800 3664 1980 3710 applicare]
2003 3664 2052 3698 ibi
2069 3663 2238 3711 applicare
2258 3664 2292 3701 T
