2476 3854
125 105 477 151 Nov.oxxx1v
504 121 567 163 pr.
1185 104 1270 153 (376

125 215 407 273 φιλανθρωπίας
430 217 624 254 ἀπολαύειν
658 216 718 252 διὰ
743 217 805 261 τῆς
827 218 904 252 τῶν
927 215 1203 263 εὖλαβεστάτων

123 260 270 309 ανδρῶν
295 264 561 307 καθαρότητος,
592 260 639 307 ἣν
662 261 857 308 φυλάξουσι
879 266 939 298 καὶ
962 262 1119 308 κληρικοὶ
1141 267 1202 299 καὶ

123 311 273 352 μοναχοὶ
296 311 356 343 καὶ
380 311 567 344 ἐπίσκοποι
589 310 728 352 μείζους
758 321 798 343 τε
825 311 883 342 καὶ
909 307 1093 352 ἐλάττους,
1123 310 1202 344 τῶν

125 366 165 387 τε
187 351 295 400 ἱερῶν
323 356 541 409 μεμνῃμένοι
570 351 740 388 κανόνων
770 354 847 388 τῶν
869 366 909 388 τε
932 351 1118 401 ἡμετέρων
1140 354 1201 390 νό-

1703 123 1763 154 U'I'
1791 123 1928 156 NULLI
1955 123 2148 156 mmmm
2175 124 2338 159 monn*

1269 220 1401 257 Christi
1437 219 1623 257 clementis
1652 220 1725 257 frui
1758 231 1824 267 per
1853 222 2214 259 reverentissimorum
2246 223 2338 261 viro-

1268 276 1345 302 rum
1369 265 1578 311 puritatem,
1609 267 1756 312 (quam)
1781 267 1983 303 custodient
2013 278 2152 314 quoque
2174 269 2340 305 monaehi

1269 313 1305 347 et
1329 311 1448 347 clerici
1477 313 1514 346 et
1536 311 1694 358 episcopi
1725 311 1876 348 maiores
1905 316 1941 349 et
1962 312 2127 355 minores,
2159 323 2340 350 sacrorum

1269 366 1441 392 memores
1472 365 1647 392 canonum
1678 366 1928 403 sacrarumque
1957 358 2074 403 legum
2102 361 2138 394 et
2167 359 2339 395 eonstitu-

123 411 205 454 ugne
238 401 298 432 καὶ
328 396 527 439 διαταξεων
559 399 636 433 τῶν
665 411 712 434 πε
735 401 748 431 i
778 398 905 433 τούτου
933 401 1201 454 γεγραμμένων,
1237 401 1406 436 5tionum
1438 401 1481 438 de
1502 401 1572 437 hoc
1604 401 1836 447 scriptarum,
1867 412 1955 448 quas
1978 405 2016 438 et
2037 403 2155 440 valere
2185 407 2221 440 et
2241 408 2340 440 ratas

124 454 184 477 ovs
207 447 266 477 καὶ
289 447 432 488 κρατεῖν
455 446 514 477 καὶ
538 447 675 489 κυρίους
697 457 714 478 ε
729 456 790 478 ναι
813 446 872 477 καὶ
897 440 957 478 διὰ
981 457 1045 479 του
1066 456 1201 491 παρον-

123 499 183 522 ros
205 489 429 532 θεσπίζομεν
451 486 574 533 νόμου.

182 530 467 580 <Ἐπίλογος.>
512 531 696 570 Ἡτοίνυν
725 534 770 578 σὴ
802 532 988 578 ἐνδοξότης
1014 534 1061 569 τὰ
1084 546 1199 582 παρα-

124 575 263 612 στάντα
284 575 372 622 ἡμῖν
387 581 447 612 καὶ
464 577 524 613 διὰ
540 577 646 613 τοῦδε
668 581 732 614 τοῦ
749 580 854 614 θείου
871 577 1073 624 δηλούμενα
1087 579 1200 624 νόμου

1270 456 1347 482 esse
1371 449 1407 481 et
1429 456 1493 491 per
1516 450 1737 491 praesentem
1761 447 1938 484 sancimus
1960 448 2082 494 legem.

1324 535 1603 582 (Epilogus.)
1647 537 1727 573 Tus.
1749 538 1857 583 igitur
1879 538 2061 574 beatitudo
2085 548 2176 584 quae
2194 539 2340 583 placue-

1268 584 1352 615 runt
1374 580 1477 617 nobis
1501 584 1536 617 et
1557 591 1622 627 per
1638 581 1732 618 hano
1755 592 1894 619 sacram
1918 583 2099 619 declarata
2123 587 2207 620 sunt
2228 583 2341 629 legem

122 622 347 668 γινώσκουσα
379 625 471 671 ἔργῳ
501 627 561 658 καὶ
590 627 718 670 πέρατι
741 622 971 671 παραδοῦναι
994 625 1199 661 σπευσάτω.
1217 629 1256 662 10
1269 635 1486 671 cognoscens
1510 627 1608 672 operi
1631 626 1842 674 effectuique
1865 628 2006 664 tradere
2028 628 2182 665 festinet.

176 668 258 704 Dat.
270 679 363 704 xvn.
383 670 418 704 k.
436 669 524 715 Apr.
544 669 612 705 ΟΡ.
630 670 730 716 <imp
749 669 807 706 dn.
824 670 1013 707 Iustiniani
1029 681 1079 716 pp

122 722 215 749 anno
232 712 336 759 XII.)
359 713 500 759 Apione
523 725 579 751 vo.
603 725 700 752 cons.
1083 671 1196 715 'Aug‘

618 899 702 941 P—A‘A

191 972 368 1026 ΠΕΡΙ
399 972 961 1027 ΤΟΠΟΤΗΡΗΤῼΝ
991 974 1131 1028 ΚΑΙ

1323 671 1408 707 Dat.
1430 681 1481 707 1v.
1505 682 1588 708 non.
1610 672 1718 709 Mart.
1742 674 1843 719 (imp.
1869 673 1927 708 dn.
1952 674 2140 710 Iustiniani
2162 684 2222 720 pp.
2247 673 2340 719 Aug.

1159 716 1205 762 [a.
1222 719 1299 759 539]
1366 725 1460 752 anno
1484 716 1584 761 XII.)
1605 717 1744 763 Apione
1767 730 1819 755 vc.
1844 728 1941 755 cons.

1523 907 1717 945 CXXXIV.
1762 909 1874 946 Auth.
1890 910 2065 946 CXXVII.
2091 910 2178 947 Con.
2188 910 2241 946 IX
2254 910 2342 947 tite

1261 977 1315 1026 R
1356 976 1452 1028 UT
1497 978 1705 1029 NULLI
1750 978 2043 1030 IUDICUM
2085 979 2342 1031 LIOEAT

120 1040 754 1096 MOIXEYOMENSRN
799 1041 1556 1096 ΓῩΝΑΙΚῼΝιῡΗΑΒΕΒΕ
1611 1045 1780 1097 LOOI
1837 1046 2339 1109 SERVATOREM,

184 1108 323 1161 KAI
353 1108 643 1163 ΕΤΕΡῼΝ
672 1108 1134 1163 ΚΕΦΑΛΑΙῼΝ.

115 1250 177 1288 Ἐν
201 1251 357 1298 ὀνόματι
386 1255 451 1289 τοῦ
475 1253 654 1290 δεσπότου
679 1253 792 1301 Ἰησοῦ
817 1257 978 1301 Χριστοῦ
1009 1257 1074 1291 τοῦ
1106 1256 1197 1291 θεοῦ

118 1295 224 1343 ἡμῶν
263 1296 514 1346 Αὐτοκράτωρ
557 1304 700 1347 Καῖσαρ
748 1299 906 1345 Φλάβιος
949 1297 1199 1336 Ἰουστινιανὸς

115 1340 351 1390 Ἀλαμανικὸς
367 1346 548 1380 Γοτθικὸς
573 1346 775 1393 Φραγγικὸς
800 1346 1018 1402 Γερμανικὸς
1038 1344 1198 1382 Ἀντικὸς
1211 1350 1253 1383 20

116 1385 299 1425 'Alaunos
321 1389 546 1426 Βανδαλικὸς
565 1388 777 1446 Ἀῗνρικανὸς
800 1392 947 1436 ευσεβὴς
974 1389 1120 1436 εὐτυχὴς
1143 1394 1198 1427 ἔν-

120 1433 221 1476 δοξος
263 1436 409 1480 νικητὴς
447 1448 683 1483 τροπαιουχος
726 1433 956 1482 ἀεισέβαστος
990 1436 1200 1484 Αὔγουστος

384 1486 591 1527 Μουσωνίῳ
616 1481 762 1528 ἐπάρχῳ
787 1481 934 1518 πόλεως.

128 1590 137 1603 ε
172 1549 230 1595 <11
232 1562 253 1594 ρ
260 1562 279 1583 ο
286 1562 305 1584 ο
313 1553 329 1584 ί
333 1564 360 1595 μ
368 1564 381 1584 ι
390 1563 409 1584 ο
418 1550 469 1593 ν.)
520 1551 569 1585 Tei
593 1550 683 1606 προς
707 1547 884 1606 &vil-esav
912 1551 990 1585 τῶν
998 1595 1005 1605 Ι
1013 1548 1198 1595 ἡμετέρων

1266 1113 1405 1164 NISI
1439 1113 1684 1165 CERTIS
1720 1115 1795 1165 IN
1822 1113 2063 1166 CAUSIS
2098 1115 2342 1167 DIVINA

1409 1180 1871 1234 CONOESSERIT
1906 1182 2128 1234 IUSSIO
2158 1183 2211 1234 R

1595 1259 1692 1296 mem
1715 1260 1807 1305 Aug.
1831 1259 1938 1296 Petro
1960 1271 2020 1306 pp.

1317 1552 1364 1599 (P
1373 1563 1392 1588 r
1400 1563 1422 1589 a
1430 1563 1450 1589 e
1458 1553 1476 1589 f
1483 1563 1504 1589 a
1511 1553 1548 1589 ti
1559 1554 1610 1597 ο.)
1655 1553 1754 1599 Quae
1769 1553 1815 1589 ad
1830 1553 2019 1590 utilitatem
2039 1555 2244 1591 nostrorum
2258 1554 2343 1590 sub-

117 1595 291 1638 υπηκόων
314 1597 613 1641 περισκοποῦντες
643 1599 699 1629 αεὶ
722 1609 871 1642 ευρομεν
895 1594 1088 1643 ὃιαφορους
1110 1595 1198 1641 βλά-
1210 1599 1252 1633 25
1266 1598 1438 1634 iectorum
1468 1599 1700 1636 intentionem
1730 1599 1865 1635 habent
1894 1609 2033 1645 semper
2062 1599 2259 1636 invenimus
2289 1599 2342 1636 di-

175 1686 262 1720 Nov.
280 1686 486 1721 CXXXIV
497 1687 659 1728 (Anthent.
679 1687 864 1722 CXXVII
871 1703 915 1716 =
932 1688 1013 1722 Call·
1026 1688 1088 1721 IX
1103 1689 1148 1722 tit.
1159 1689 1196 1722 9:
1217 1690 1330 1733 yloss.)
1358 1690 1482 1725 Graece
1498 1698 1587 1725 extat
1601 1692 1635 1725 in
1651 1691 1743 1733 ML,
1767 1692 1800 1726 in
1817 1691 1854 1725 B
1870 1692 1974 1726 variis
1991 1691 2069 1725 locis
2081 1691 2159 1734 (vid.
2172 1691 2286 1735 infra).
2298 1709 2344 1717 —-

118 1732 210 1775 Epic.
230 1732 349 1766 Theod.
367 1733 442 1773 134,
466 1732 587 1766 Athan-
601 1734 633 1774 4,
646 1740 693 1767 22.
739 1734 915 1776 Appendiz·
938 1733 1064 1766 Iuliani
1080 1745 1116 1776 p.
1136 1735 1199 1768 192
1225 1735 1364 1768 Haenel.
2167 1775 2169 1777 ³

117 1831 303 1868 clementia
320 1843 392 1879 per
414 1831 766 1877 reliyiosissimorum
790 1833 949 1869 virorum
966 1833 1166 1880 puritatem
1193 1833 1358 1880 fruatur,
1391 1845 1498 1881 quam
1521 1836 1716 1872 servabunt
1745 1838 1779 1872 et
1808 1835 1929 1871 clerici
1959 1839 1996 1872 et
2016 1835 2185 1873 monachi
2210 1841 2248 1874 et
2268 1837 2343 1884 epi-

116 1878 221 1924 scopi
242 1888 322 1913 eum
345 1877 501 1913 maiores
525 1882 598 1914 tum
621 1878 789 1920 minores,
812 1883 847 1914 et
869 1888 1057 1914 sacrorum
1080 1888 1258 1915 canonum
1280 1890 1454 1916 memores
1484 1882 1519 1916 et
1542 1884 1747 1916 nostrarum
1771 1880 1888 1927 layum
1919 1884 2027 1927 atque
2050 1882 2344 1918 constitutionum

117 1923 162 1959 de
185 1922 241 1958 his
263 1924 506 1975 scriptarum;
535 1934 629 1970 quac
652 1927 691 1959 ut
714 1922 859 1960 valeant
880 1927 915 1959 et
936 1927 1042 1961 ratae
1064 1924 1139 1960 sint
1186 1935 1227 1960 er
1246 1930 1474 1971 praesentem
1497 1936 1641 1972 quoque
1657 1926 1777 1972 ‚leqem
1799 1925 1991 1962 sancimus.

253 1967 288 2003 E
292 1979 322 2015 p
328 1968 364 2003 tl
371 1979 392 2004 ο
435 1979 497 2005 us.
556 1967 634 2004 Tua
669 1968 781 2015 iqitur
812 1968 936 2015 qloria
971 1980 1064 2016 quae
1099 1980 1146 2005 no
1170 1970 1202 2005 is
1231 1969 1453 2017 placuerunt
1485 1975 1521 2007 et
1548 1981 1621 2018 per
1655 1970 1750 2007 hanc
1783 1981 1926 2008 sacram
1962 1970 2077 2018 Zeqem
2109 1970 2344 2007 declarantur

117 2023 338 2059 coqnoscens
360 2025 383 2049 a
432 2024 524 2060 opus
546 2013 785 2060 effectumque
807 2013 987 2050 adducere
1009 2014 1163 2050 studeat.

1133 2181 1296 2220 CXXXI
1300 2183 1342 2221 V.

277 2249 380 2301 DE
419 2249 742 2303 VICARIIS
784 2250 879 2303 ET
917 2251 1814 2372 MUfflEgssngU-SADULTERIS
1848 2251 2193 2314 ALIISQUE

116 2393 163 2430 In
194 2395 339 2432 nomine
369 2395 505 2432 domini
535 2395 621 2433 Iesu
654 2397 786 2434 Christi
817 2397 877 2435 dei
905 2399 1021 2436 nostri
1052 2397 1258 2481 lifferator
1290 2399 1423 2436 Caesar
1451 2399 1600 2436 Flavius
1630 2397 1858 2436 lastinianus
1887 2399 2145 2435 Alamannicus
2174 2397 2346 2436 Gothicus

115 2440 317 2476 Francicus
351 2439 584 2478 Germanicus
614 2443 765 2479 Anticus
795 2443 969 2480 Alanicus
1006 2444 1086 2481 Van

1113 2445 1228 2481 alicus
1258 2445 1411 2491 Africus
1437 2445 1529 2492 pius
1557 2444 1658 2491 felix
1692 2444 1850 2481 inclutus
1884 2444 1998 2481 ‘victor
2027 2455 2072 2481 ac
2102 2444 2346 2492 triumphator

790 2500 931 2537 semper
953 2491 1139 2538 Auqustus
1162 2489 1333 2527 Musonio
1355 2491 1548 2538 praefecto
1571 2489 1663 2526 urbi.

257 2553 523 2600 Praefatio.
580 2556 666 2594 Cum
699 2567 841 2604 semper
874 2558 1206 2605 circumspiciamus
1240 2569 1334 2605 quae
1367 2557 1417 2594 ad
1446 2557 1636 2594 utilitatem
1669 2557 1910 2594 subiectorum
1945 2560 2156 2593 nostrorum
2187 2556 2344 2604 faciant,

162 2658 177 2690 1
196 2653 362 2700 εὗλαβῶν
378 2657 406 2691 C
419 2656 432 2700 ΙΙ
450 2658 469 2691 2
485 2659 545 2690 καὶ
557 2661 708 2701 μοναχοὶ
723 2661 782 2692 καὶ
795 2657 953 2704 κληρικοὶ
970 2660 1022 2696 C:
1038 2657 1198 2705 κληρικοί

114 2713 155 2735 τε
178 2702 238 2734 καὶ
260 2703 411 2744 μοναχοὶ
430 2703 461 2735 Α
479 2701 527 2746 113
551 2704 666 2745 μείζοι
683 2706 755 2746 (sic)
779 2716 818 2738 τε
841 2707 901 2738 καὶ
925 2702 1111 2739 ἐλάττονες
1132 2706 1162 2738 A
1184 2703 1196 2750 ΙΙ

116 2749 138 2780 4
162 2758 200 2780 τε
224 2759 281 2779 om.
307 2747 336 2781 C
359 2746 372 2791 ΙΙ
398 2750 636 2791 μεμνημένων
664 2750 693 2784 C
698 2750 845 2793 plerique
869 2750 882 2794 ΙΙ
909 2751 987 2784 τῶν
1010 2762 1050 2784 τε
1073 2745 1195 2793 ἡμετέ-

116 2793 204 2837 ρων]
229 2802 461 2834 sacrarumque
481 2804 500 2829 ς
518 2792 530 2836 ΙΙ
548 2796 567 2827 5
587 2794 675 2836 τῶν]
699 2793 768 2838 τὴν
783 2796 815 2828 L
831 2796 843 2839 ΙΙ
861 2793 1005 2829 τούτων
1021 2796 1052 2829 Α
1071 2796 1083 2837 ΙΙ
1100 2797 1119 2829 6
1136 2798 1196 2828 καὶ

115 2838 273 2882 κρατεῖν]
297 2839 357 2870 καὶ
381 2837 542 2882 ονηιΑΟΙΙ
559 2840 619 2871 καὶ
641 2836 712 2880 διὰ]
737 2842 797 2873 καὶ
821 2853 878 2874 om.
894 2841 963 2875 BC
982 2840 995 2885 ΙΙ
1012 2842 1032 2875 8
1051 2837 1195 2880 ἐνδοξό-

115 2892 176 2925 της
191 2882 294 2915 MLA
303 2882 345 2923 B]
365 2878 585 2927 μακαριότης
605 2884 658 2920 05,-
683 2881 850 2930 (ὑπεροχὴ
866 2886 1065 2927 Zachariae,
1079 2899 1111 2919 υ.
1125 2888 1161 2928 i.)
1185 2885 1196 2922 ΙΙ

116 2929 138 2962 9
161 2928 221 2960 καὶ
246 2940 303 2960 om.
334 2927 363 2961 C
377 2939 407 2960 υ.
423 2928 443 2960 ἰ.
470 2931 482 2970 ΙΙ
516 2930 555 2962 10
578 2928 818 2973 γινώσκουσα]
851 2929 1079 2976 γινώσκουσα
1102 2927 1124 2973 ἡ
1149 2929 1195 2973 σὴ

116 2969 271 3017 ὑπεροχὴ
297 2973 343 3006 Μ
368 2973 470 3016 (quod
493 2973 539 3006 ad
561 2975 723 3017 exemplar
742 2978 910 3019 praefecto
930 2978 1097 3018 praetorio
1121 2978 1195 3010 mis-

115 3031 182 3051 sum
207 3019 309 3062 refert
330 3018 534 3060 Zachariae,
560 3019 751 3053 allocutione
774 3014 797 3062 ἦ
820 3019 865 3063 σὴ
889 3017 1078 3063 ἐνδοξότης
1098 3033 1197 3064 prae-

108 3065 229 3107 fectum
249 3064 325 3097 urbi
342 3064 530 3106 significari
551 3066 654 3106 ratus)
683 3065 696 3107 ΙΙ
726 3065 818 3110 ἔργῳ
842 3068 902 3098 καὶ
925 3068 1066 3110 πέρατι]
1102 3066 1195 3112 ἔργῳ

115 3106 222 3151 τάχος
243 3110 304 3141 καὶ
327 3110 456 3152 πέρατι
480 3105 629 3142 πάντως
651 3110 682 3142 Α
705 3109 717 3149 ΙΙ
745 3112 782 3144 11
806 3113 926 3144 subscr.
952 3112 983 3144 d.
1007 3121 1097 3144 xv11.
1122 3114 1196 3151 (xv,

116 3167 199 3187 corr.
214 3154 415 3196 Zachariae)
439 3153 471 3187 k.
493 3164 562 3196 apr.
588 3165 637 3197 cp.
663 3154 782 3197 apione
808 3166 859 3189 ue.
877 3166 978 3189 conss.
993 3157 1039 3190 Μ
1057 3154 1194 3202 ἐγράφη

117 3196 154 3232 δ’
170 3198 254 3242 (πρὸ
273 3195 307 3232 δ’
324 3212 353 3232 υ.
368 3200 403 3239 l.)
427 3195 551 3233 νόνων
572 3210 676 3244 μαρτ.
702 3199 822 3243 (μαΐου
839 3201 1068 3254 Leunclavius)
1091 3204 1194 3245 βασι-

117 3242 210 3277 λείας
232 3241 485 3278 Ἰουστινιανοῦ
509 3243 551 3278 τὸ
577 3257 590 3276 ι
613 3243 622 3254 ’
647 3246 689 3286 (υ.
715 3246 735 3277 l.
760 3244 804 3286 η’,
840 3258 921 3279 corr.
946 3244 1014 3289 ιβ’)
1039 3249 1196 3288 vaureta

114 3286 290 3323 Ἀπίωνος
301 3290 377 3323 ΑιῘι.
404 3256 620 3335 ἐξεφωνήιῆ
639 3291 727 3333 μηνὶ
746 3292 889 3335 μαρτίῳ
909 3286 1063 3333 ὑπατείᾳ
1077 3287 1195 3325 Ἀπίο-

116 3345 175 3368 νος
193 3335 314 3368 Theod.
345 3335 412 3368 dat.
428 3346 480 3368 111.
502 3335 547 3369 id.
566 3335 665 3369 Mart.
683 3335 811 3379 Apione
835 3345 885 3368 vo.
911 3347 930 3371 ς
961 3336 1026 3368 dat.
1041 3347 1105 3369 vu.
1122 3337 1195 3370 reli-

118 3382 189 3420 quis
215 3382 339 3414 omissis
369 3381 398 3414 C
421 3380 434 3424 ss
464 3382 506 3415 14
526 3381 615 3414 rubr.
648 3382 738 3427 Περὶ
762 3400 804 3405 -
828 3378 1036 3426 κεφαλαίων
1059 3382 1101 3413 Μ
1108 3382 1138 3413 L
1149 3381 1196 3422 Β]

119 3427 206 3469 Περὶ
230 3421 421 3470 ἀρχόντων
444 3428 503 3459 καὶ
526 3425 788 3471 τοποτηρητῶν
810 3428 870 3459 καὶ
895 3423 1090 3459 διαλύσεως
1108 3422 1196 3466 (δια-

118 3468 257 3503 λύσεων
274 3473 383 3511 index)
405 3470 536 3517 γάμων
558 3474 619 3505 καὶ
641 3470 829 3517 τιμωριῶν
852 3473 912 3504 καὶ
933 3470 1066 3515 ἑτέρων
1090 3482 1194 3515 κεφα-

118 3513 230 3548 λαίων
244 3516 319 3549 Ath.
345 3518 434 3560 Περὶ
459 3513 651 3560 ἀρχόντων
675 3518 734 3550 καὶ
754 3518 836 3562 περὶ
857 3518 1014 3560 μοιχείας
1037 3517 1095 3548 καὶ
1115 3517 1198 3561 περὶ

117 3560 302 3605 τιμωριῶν
326 3563 386 3594 καὶ
410 3564 491 3604 περὶ
516 3559 717 3595 δανειστῶν
735 3563 855 3596 Theod.
887 3562 938 3595 De
960 3560 1094 3594 vicariis
1119 3574 1196 3605 app.

118 3605 180 3638 Iul.
200 3608 255 3648 (cf
273 3608 304 3648 ς)
325 3605 337 3646 ΙΙ
368 3608 407 3640 19
430 3603 694 3649 Ἰουστινιανὸς]
719 3604 912 3653 αὕγουστος
935 3608 1012 3640 add.
1028 3606 1099 3640 ML
1118 3605 1131 3649 ss
1154 3607 1196 3640 20

118 3645 375 3693 άλλαμανικός·
399 3649 583 3697 γοθθικός
604 3653 651 3686 M
665 3652 677 3697 ΙΙ
693 3648 850 3686 Ἀντικὸς
870 3671 912 3677 -
935 3653 975 3687 21
987 3647 1197 3698 Ἀφρικανὸς

119 3707 177 3728 om.
190 3696 222 3729 L
238 3696 251 3739 ΙΙ
269 3698 309 3730 21
333 3691 543 3742 Ἀφρικανὸς
556 3698 615 3738 Μ]
640 3700 757 3732 rectius
778 3694 955 3743 Ἀφρικὸς,
980 3699 1022 3742 cf.
1040 3698 1086 3731 ad
1099 3699 1195 3732 inser.

1264 2672 1335 2693 nov.
1350 2662 1389 2693 Χ
1396 2660 1467 2694 VII
1473 2671 1510 2714 p
1527 2660 1601 2699 117,
1615 2666 1650 2714 4‘2
1668 2659 1680 2703 ΙΙ
1703 2654 1876 2701 *εὐτυχὴς
1899 2654 2046 2702 εὐσεβὴς
2066 2659 2139 2692 ML
2157 2657 2170 2703 ΙΙ
2186 2660 2228 2693 23
2249 2661 2345 2693 Μου-

1264 2707 1389 2748 σωνίῳ
1413 2704 1560 2750 ἐπάρχῳ
1585 2702 1724 2738 πολεως
1746 2704 1825 2738 ML
1834 2704 1910 2738 Aila.
1935 2705 1987 2745 (de
2003 2704 2156 2738 Musonio
2179 2706 2223 2749 cf.
2245 2705 2345 2739 Theo-

1258 2752 1387 2794 phanes
1412 2752 1458 2783 ad
1481 2763 1511 2783 a.
1530 2751 1594 2784 556
1608 2763 1643 2793 p.
1664 2751 1741 2792 230,
1754 2757 1786 2783 21
1805 2750 1854 2783 ed.
1873 2751 1912 2783 de
1928 2749 2033 2791 Boor,
2058 2749 2208 2783 Malalas
2228 2762 2265 2793 p.
2278 2751 2345 2785 488

1263 2796 1394 2838 Dind.)]
1418 2796 1519 2828 Petro
1536 2795 1703 2839 praefecto
1726 2794 1892 2838 praetorio
1913 2805 1934 2831 ς
1956 2795 2128 2838 (rescripta
2143 2793 2198 2828 lex
2213 2794 2255 2828 ad
2270 2795 2345 2828 Μο-

1263 2841 1421 2874 naohium
1444 2841 1517 2883 (sic)
1541 2851 1575 2884 p.
1591 2850 1623 2873 u.
1648 2841 1880 2884 subscriptioni
1901 2841 2134 2874 constitutionis
2159 2841 2236 2874 add.
2253 2841 2343 2884 App.

1263 2885 1376 2926 Iul.1›v;
1401 2888 1443 2930 cli
1469 2897 1552 2928 quae
1578 2886 1624 2919 ad
1642 2886 1801 2930 epiloyum
1825 2886 2062 2927 adnotavimus)
2077 2884 2090 2930 ΙΙ
2115 2885 2157 2919 25
2177 2894 2345 2930 περισκο-

1263 2931 1426 2972 ποῦντες]
1451 2931 1672 2964 intentionem
1695 2930 1816 2964 habere
1838 2930 1914 2974 (leq.
1928 2929 2067 2973 habent)
2091 2931 2112 2964 i.
2133 2942 2158 2964 e.
2182 2940 2344 2974 περισκο-

1262 2976 1432 3010 noim-a?
1457 2987 1476 3012 ς

1322 3114 1336 3145 1
1363 3110 1431 3144 frui
1455 3108 1840 3153 praeuerentissimorum
1862 3108 1913 3142 Τι
1930 3107 1944 3151 ΙΙ
1962 3109 1982 3142 2
2002 3118 2101 3150 quam
2125 3109 2202 3143 add.
2215 3109 2303 3154 ναῖς.
2327 3108 2341 3156 ΙΙ

1263 3158 1406 3199 quoque]
1430 3165 1573 3197 namque
1590 3153 1647 3198 ΤΕ
1665 3155 1684 3187 5
1700 3153 1901 3197 scriptorum
1922 3154 2008 3195 libri,
2026 3165 2108 3187 corr.
2121 3155 2209 3198 ναῖς.
2229 3154 2241 3198 ΙΙ
2256 3157 2346 3189 rates

1264 3203 1370 3243 Beck]
1394 3203 1505 3243 gratas
1529 3199 1638 3243 tvulq.
1660 3208 1767 3232 sacras
1793 3199 1825 3232 T
1845 3197 1858 3242 ΙΙ
1884 3200 1904 3232 9
1928 3199 1962 3231 et
1986 3211 2045 3232 om.
2060 3204 2088 3240 t,
2122 3209 2182 3243 per
2207 3212 2264 3233 om.
2280 3198 2346 3246 ΤΕ

1266 3248 1303 3281 11
1321 3248 1444 3280 subscr.
1469 3244 1536 3278 dat.
1550 3254 1603 3277 111.
1619 3243 1665 3276 id.
1689 3254 1788 3277 maso.
1809 3243 1968 3287 spinione
1988 3242 2063 3278 uiue
2087 3243 2214 3278 consul.
2237 3253 2346 3280 servat

1263 3304 1344 3325 unus
1360 3290 1611 3332 Neoburyensis‚
1635 3290 1692 3323 ubi
1706 3290 1838 3323 additur
1853 3290 2066 3333 praecedenti
2079 3301 2149 3323 nov.
2167 3290 2349 3325 CXXXII

1263 3351 1307 3364 ==
1317 3336 1415 3369 Auen.
1428 3335 1568 3369 CXXX
1572 3347 1580 3373 ς
1598 3335 1723 3368 restitui
1733 3347 1771 3368 ex
1783 3335 1858 3368 Ath.
1872 3335 2134 3377 subscriptionem
2151 3337 2343 3379 exemplaris

1264 3382 1310 3415 ad
1332 3381 1464 3414 Menam
1491 3380 1764 3423 archiepiscopum
1788 3380 1860 3414 dati
1887 3379 1899 3422 ΙΙ
1931 3381 1971 3414 13
1995 3391 2067 3412 nov.
2085 3379 2253 3414 CXXXI
2257 3380 2344 3414 V-

1263 3427 1360 3460 Auth.
1387 3425 1574 3460 CXXVII
1602 3433 1688 3459 extat
1720 3426 1813 3459 etiam
1843 3426 1875 3459 in
1898 3424 2100 3469 Appendicis
2122 3425 2250 3459 Iuliani
2271 3426 2341 3459 cod.

1264 3470 1475 3505 Berolinensi
1488 3472 1520 3513 f.
1543 3472 1607 3504 194
1631 3472 1687 3511 (τε
1711 3471 1742 3511 ὁ)
1767 3477 1797 3503 et
1828 3470 2067 3503 Vindobonensi
2088 3477 2185 3505 const.
2204 3470 2347 3504 CXXII

1264 3518 1320 3559 (=
1332 3517 1365 3557 v)
1384 3515 1396 3560 ΙΙ
1415 3517 1454 3550 15
1472 3515 1581 3548 locum
1600 3517 1617 3548 b
1634 3516 1646 3559 ΙΙ
1667 3517 1707 3550 16
1724 3516 1833 3548 certus
1858 3517 1875 3548 b
1894 3514 1906 3558 ΙΙ
1924 3516 1964 3549 17
1978 3514 2140 3548 concessit
2152 3514 2184 3547 R
2201 3514 2214 3559 ss
2234 3517 2274 3549 18
2290 3514 2341 3548 Id.

1263 3572 1292 3594 a.
1314 3561 1439 3602 RVT]
1471 3562 1554 3604 Imp.
1575 3561 1780 3594 iustinienus
1802 3570 1878 3602 aug.
1906 3561 1924 3593 ὁ
1958 3559 2062 3602 Impr.
2086 3569 2162 3602 aug.
2186 3559 2341 3593 iustinia-

1264 3617 1327 3639 nus
1345 3618 1367 3638 υ
1382 3605 1394 3650 ΙΙ
1414 3607 1457 3640 24
1472 3605 1708 3648 subiectorum]
1732 3605 1902 3648 pertinent
1915 3617 1943 3639 s.
1955 3617 1985 3639 v.
2000 3605 2107 3638 adscr.
2130 3603 2180 3638 V⁸
2195 3604 2208 3648 [1
2226 3605 2268 3640 25
2289 3604 2341 3638 in-

1263 3652 1449 3685 centionem
1467 3654 1484 3684 b
1502 3651 1514 3695 ΙΙ
1531 3651 1693 3693 *habentJ
1714 3651 1834 3684 habere
1851 3651 1930 3684 libri
1949 3649 2108 3683 hebentes
2124 3650 2211 3693 ναῖς.
2228 3649 2240 3694 ΙΙ
2258 3660 2340 3682 sem-

1263 3699 1335 3741 per]
1360 3697 1531 3740 cupientes
1554 3710 1580 3730 s.
1595 3710 1624 3730 v.
1639 3698 1746 3731 adscr.
1768 3694 1845 3740 V'ss
1870 3694 2021 3729 diuersos
2047 3696 2065 3728 b
2098 3693 2229 3729 diuerso
2252 3693 2346 3728 3¹1¹

2472 3466 2476 3474 .
2473 3421 2476 3428 .
2471 3385 2476 3398 ἡ
2466 3083 2476 3351 --ν..ιιιᾳ...-Δ
2469 3049 2476 3059 ε
