<?xml version="1.0" encoding="UTF-8"?>
<!DOCTYPE html PUBLIC "-//W3C//DTD XHTML 1.0 Transitional//EN"
    "http://www.w3.org/TR/xhtml1/DTD/xhtml1-transitional.dtd">
<html xmlns="http://www.w3.org/1999/xhtml" xml:lang="en" lang="en">
 <head>
  <title>
</title>
<meta http-equiv="Content-Type" content="text/html;charset=utf-8" />
  <meta name='ocr-system' content='tesseract 3.04.00' />
  <meta name='ocr-capabilities' content='ocr_page ocr_carea ocr_par ocr_line ocrx_word'/>
</head>
<body>
  <div class='ocr_page' id='page_1' title='image "./corpusjuriscivil00krueuoft/corpusjuriscivil00krueuoft_0258.png"; bbox 0 0 2592 3840; ppageno 0'>
   <div class='ocr_carea' id='block_1_1' title="bbox 236 55 625 98">
    <p class='ocr_par' dir='ltr' id='par_1_1' title="bbox 236 55 625 98">
     <span class='ocr_line' id='line_1_1' title="bbox 236 55 625 98; baseline 0.005 -2"><span class='ocrx_word' id='word_1_1' title='bbox 236 55 342 97; x_wconf 86' lang='lat' dir='ltr'><strong>Nov.</strong></span> <span class='ocrx_word' id='word_1_2' title='bbox 374 55 497 98; x_wconf 90' lang='lat' dir='ltr'><strong>XXX</strong></span> <span class='ocrx_word' id='word_1_3' title='bbox 530 57 567 98; x_wconf 91' lang='grc'><strong>8.</strong></span> <span class='ocrx_word' id='word_1_4' title='bbox 599 57 625 97; x_wconf 87' lang='grc'><strong>9</strong></span> 
     </span>
    </p>
   </div>
   <div class='ocr_carea' id='block_1_2' title="bbox 233 163 1313 579">
    <p class='ocr_par' dir='ltr' id='par_1_2' title="bbox 233 163 1313 579">
     <span class='ocr_line' id='line_1_2' title="bbox 233 163 1312 213; baseline 0.003 -15"><span class='ocrx_word' id='word_1_5' title='bbox 233 165 383 199; x_wconf 81' lang='grc' dir='ltr'><strong><em>οἴκοθεν</em></strong></span> <span class='ocrx_word' id='word_1_6' title='bbox 407 163 530 200; x_wconf 83' lang='grc' dir='ltr'><strong><em>πάντα</em></strong></span> <span class='ocrx_word' id='word_1_7' title='bbox 552 163 723 200; x_wconf 74' lang='grc' dir='ltr'><strong><em>κωλύσει·</em></strong></span> <span class='ocrx_word' id='word_1_8' title='bbox 753 166 784 199; x_wconf 79' lang='grc' dir='ltr'><strong>εἰ</strong></span> <span class='ocrx_word' id='word_1_9' title='bbox 807 163 849 200; x_wconf 76' lang='grc' dir='ltr'><strong>δε·</strong></span> <span class='ocrx_word' id='word_1_10' title='bbox 869 176 966 199; x_wconf 88' lang='grc' dir='ltr'><strong><em>τινος</em></strong></span> <span class='ocrx_word' id='word_1_11' title='bbox 989 168 1049 198; x_wconf 77' lang='grc' dir='ltr'><strong>καὶ</strong></span> <span class='ocrx_word' id='word_1_12' title='bbox 1073 163 1312 213; x_wconf 78' lang='grc' dir='ltr'><strong><em>σφοδροτέρου</em></strong></span> 
     </span>
     <span class='ocr_line' id='line_1_3' title="bbox 234 207 1312 264; baseline 0.004 -21"><span class='ocrx_word' id='word_1_13' title='bbox 234 208 393 253; x_wconf 85' lang='grc' dir='ltr'><strong><em>δεηθείη,</em></strong></span> <span class='ocrx_word' id='word_1_14' title='bbox 422 210 572 255; x_wconf 80' lang='grc' dir='ltr'><strong><em>μηνύσει</em></strong></span> <span class='ocrx_word' id='word_1_15' title='bbox 595 223 635 245; x_wconf 87' lang='grc' dir='ltr'><strong>τε</strong></span> <span class='ocrx_word' id='word_1_16' title='bbox 659 210 748 258; x_wconf 87' lang='grc' dir='ltr'><strong><em>πρός</em></strong></span> <span class='ocrx_word' id='word_1_17' title='bbox 771 224 811 245; x_wconf 85' lang='grc' dir='ltr'><strong>τε</strong></span> <span class='ocrx_word' id='word_1_18' title='bbox 834 212 901 252; x_wconf 83' lang='grc' dir='ltr'><strong>τὴν</strong></span> <span class='ocrx_word' id='word_1_19' title='bbox 925 209 993 252; x_wconf 87' lang='grc' dir='ltr'><strong>σὴν</strong></span> <span class='ocrx_word' id='word_1_20' title='bbox 1017 207 1195 264; x_wconf 53' lang='grc' dir='ltr'><strong><em>ὑπεροζὴν</em></strong></span> <span class='ocrx_word' id='word_1_21' title='bbox 1224 211 1312 257; x_wconf 79' lang='grc' dir='ltr'><strong><em>πρός</em></strong></span> 
     </span>
     <span class='ocr_line' id='line_1_4' title="bbox 234 253 1312 303; baseline 0.002 -14"><span class='ocrx_word' id='word_1_22' title='bbox 234 268 274 289; x_wconf 86' lang='grc' dir='ltr'><strong>τε</strong></span> <span class='ocrx_word' id='word_1_23' title='bbox 296 254 363 290; x_wconf 83' lang='grc' dir='ltr'><strong>τὸν</strong></span> <span class='ocrx_word' id='word_1_24' title='bbox 380 253 618 296; x_wconf 77' lang='grc' dir='ltr'><strong><em>ἐνδοξότατον</em></strong></span> <span class='ocrx_word' id='word_1_25' title='bbox 642 254 886 301; x_wconf 85' lang='grc' dir='ltr'><strong><em>πραιπόσιτον</em></strong></span> <span class='ocrx_word' id='word_1_26' title='bbox 909 253 998 303; x_wconf 87' lang='grc' dir='ltr'><strong><em>πρός</em></strong></span> <span class='ocrx_word' id='word_1_27' title='bbox 1020 268 1061 289; x_wconf 82' lang='grc' dir='ltr'><strong>τε</strong></span> <span class='ocrx_word' id='word_1_28' title='bbox 1084 267 1165 290; x_wconf 75' lang='grc' dir='ltr'><strong><em>τους</em></strong></span> <span class='ocrx_word' id='word_1_29' title='bbox 1188 254 1312 291; x_wconf 80' lang='grc' dir='ltr'><strong><em>ἄλλους</em></strong></span> 
     </span>
     <span class='ocr_line' id='line_1_5' title="bbox 234 298 1313 348; baseline 0.002 -14"><span class='ocrx_word' id='word_1_30' title='bbox 234 299 485 346; x_wconf 83' lang='grc' dir='ltr'><strong><em>πανευφήμους</em></strong></span> <span class='ocrx_word' id='word_1_31' title='bbox 507 299 695 347; x_wconf 82' lang='grc' dir='ltr'><strong><em>ἄρχοντας,</em></strong></span> <span class='ocrx_word' id='word_1_32' title='bbox 727 299 777 334; x_wconf 82' lang='grc' dir='ltr'><strong>οἷς</strong></span> <span class='ocrx_word' id='word_1_33' title='bbox 800 303 853 334; x_wconf 89' lang='grc' dir='ltr'><strong>τίς</strong></span> <span class='ocrx_word' id='word_1_34' title='bbox 877 301 954 334; x_wconf 81' lang='grc' dir='ltr'><strong><em>ἐστι</em></strong></span> <span class='ocrx_word' id='word_1_35' title='bbox 979 298 1068 346; x_wconf 79' lang='grc' dir='ltr'><strong><em>πρὸς</em></strong></span> <span class='ocrx_word' id='word_1_36' title='bbox 1098 299 1142 335; x_wconf 84' lang='grc' dir='ltr'><strong>τὸ</strong></span> <span class='ocrx_word' id='word_1_37' title='bbox 1164 302 1313 348; x_wconf 77' lang='grc' dir='ltr'><strong><em>πρᾶγμα</em></strong></span> 
     </span>
     <span class='ocr_line' id='line_1_6' title="bbox 234 341 1311 400; baseline 0.002 -21"><span class='ocrx_word' id='word_1_38' title='bbox 234 350 422 389; x_wconf 86' lang='grc' dir='ltr'><strong><em>μετουσία,</em></strong></span> <span class='ocrx_word' id='word_1_39' title='bbox 458 345 546 390; x_wconf 88' lang='grc' dir='ltr'><strong><em>πρός</em></strong></span> <span class='ocrx_word' id='word_1_40' title='bbox 573 359 612 380; x_wconf 89' lang='grc' dir='ltr'><strong>τε</strong></span> <span class='ocrx_word' id='word_1_41' title='bbox 643 342 732 400; x_wconf 67' lang='grc' dir='ltr'><strong><em>η’μᾶς</em></strong></span> <span class='ocrx_word' id='word_1_42' title='bbox 763 341 904 379; x_wconf 76' lang='grc' dir='ltr'><strong><em>αὐτούς·</em></strong></span> <span class='ocrx_word' id='word_1_43' title='bbox 940 341 1037 389; x_wconf 80' lang='grc' dir='ltr'><em>ἡμεῖς</em></span> <span class='ocrx_word' id='word_1_44' title='bbox 1068 358 1109 379; x_wconf 82' lang='grc' dir='ltr'><strong>τε</strong></span> <span class='ocrx_word' id='word_1_45' title='bbox 1138 341 1236 390; x_wconf 76' lang='grc' dir='ltr'><strong><em>αὐτῷ</em></strong></span> <span class='ocrx_word' id='word_1_46' title='bbox 1269 346 1311 381; x_wconf 87' lang='grc' dir='ltr'><strong>τὸ</strong></span> 
     </span>
     <span class='ocr_line' id='line_1_7' title="bbox 235 387 1312 436; baseline 0.001 -11"><span class='ocrx_word' id='word_1_47' title='bbox 235 392 255 425; x_wconf 93' lang='grc'><strong>1</strong></span> <span class='ocrx_word' id='word_1_48' title='bbox 302 394 482 435; x_wconf 79' lang='grc' dir='ltr'><strong><em>πρακτέον</em></strong></span> <span class='ocrx_word' id='word_1_49' title='bbox 501 388 774 436; x_wconf 69' lang='grc' dir='ltr'><strong><em>ὑφηγησομεθα.</em></strong></span> <span class='ocrx_word' id='word_1_50' title='bbox 823 387 983 424; x_wconf 86' lang='grc' dir='ltr'><strong><em>Σανίδας</em></strong></span> <span class='ocrx_word' id='word_1_51' title='bbox 1001 387 1042 424; x_wconf 74' lang='grc' dir='ltr'><strong>δὲ</strong></span> <span class='ocrx_word' id='word_1_52' title='bbox 1058 387 1312 428; x_wconf 70' lang='grc' dir='ltr'><strong><em>ἀνατίθεσθαι</em></strong></span> 
     </span>
     <span class='ocr_line' id='line_1_8' title="bbox 236 426 1311 481; baseline 0.002 -12"><span class='ocrx_word' id='word_1_53' title='bbox 236 434 329 469; x_wconf 80' lang='grc' dir='ltr'><strong><em>κατὰ</em></strong></span> <span class='ocrx_word' id='word_1_54' title='bbox 350 435 418 478; x_wconf 87' lang='grc' dir='ltr'><strong>τὴν</strong></span> <span class='ocrx_word' id='word_1_55' title='bbox 441 438 617 481; x_wconf 78' lang='grc' dir='ltr'><strong><em>ἐπαρχίαν</em></strong></span> <span class='ocrx_word' id='word_1_56' title='bbox 640 426 677 478; x_wconf 72' lang='grc' dir='ltr'><strong><em>ἧς</em></strong></span> <span class='ocrx_word' id='word_1_57' title='bbox 701 433 800 481; x_wconf 80' lang='grc' dir='ltr'><strong><em>ἄρχει</em></strong></span> <span class='ocrx_word' id='word_1_58' title='bbox 824 439 1064 481; x_wconf 80' lang='grc' dir='ltr'><strong><em>προςηγορίαν</em></strong></span> <span class='ocrx_word' id='word_1_59' title='bbox 1083 437 1199 471; x_wconf 76' lang='grc' dir='ltr'><strong><em>τινῶν</em></strong></span> <span class='ocrx_word' id='word_1_60' title='bbox 1219 436 1311 480; x_wconf 77' lang='grc' dir='ltr'><strong><em>ἐχού-</em></strong></span> 
     </span>
     <span class='ocr_line' id='line_1_9' title="bbox 236 479 1311 527; baseline 0.003 -14"><span class='ocrx_word' id='word_1_61' title='bbox 236 492 317 521; x_wconf 90' lang='grc' dir='ltr'><strong><em>σας,</em></strong></span> <span class='ocrx_word' id='word_1_62' title='bbox 350 481 563 527; x_wconf 77' lang='grc' dir='ltr'><strong><em>ἐξῃρημένης</em></strong></span> <span class='ocrx_word' id='word_1_63' title='bbox 585 482 646 522; x_wconf 83' lang='grc' dir='ltr'><strong>τῆς</strong></span> <span class='ocrx_word' id='word_1_64' title='bbox 669 479 853 524; x_wconf 81' lang='grc' dir='ltr'><strong><em>βασιλείας</em></strong></span> <span class='ocrx_word' id='word_1_65' title='bbox 877 483 938 513; x_wconf 81' lang='grc' dir='ltr'><strong>καὶ</strong></span> <span class='ocrx_word' id='word_1_66' title='bbox 963 481 1025 514; x_wconf 82' lang='grc' dir='ltr'><strong>τοῦ</strong></span> <span class='ocrx_word' id='word_1_67' title='bbox 1048 484 1213 525; x_wconf 80' lang='grc' dir='ltr'><strong><em>ταμείου,</em></strong></span> <span class='ocrx_word' id='word_1_68' title='bbox 1244 495 1311 516; x_wconf 88' lang='grc' dir='ltr'><strong><em>κω-</em></strong></span> 
     </span>
     <span class='ocr_line' id='line_1_10' title="bbox 237 521 1312 579; baseline 0.004 -21"><span class='ocrx_word' id='word_1_69' title='bbox 237 522 334 560; x_wconf 80' lang='grc' dir='ltr'><strong><em>λύσει</em></strong></span> <span class='ocrx_word' id='word_1_70' title='bbox 357 528 530 559; x_wconf 81' lang='grc' dir='ltr'><strong><em>τοσοῦτον</em></strong></span> <span class='ocrx_word' id='word_1_71' title='bbox 562 521 650 559; x_wconf 72' lang='grc' dir='ltr'><strong><em>ὥςτε</em></strong></span> <span class='ocrx_word' id='word_1_72' title='bbox 679 527 738 558; x_wconf 82' lang='grc' dir='ltr'><strong>καὶ</strong></span> <span class='ocrx_word' id='word_1_73' title='bbox 760 522 936 569; x_wconf 80' lang='grc' dir='ltr'><strong><em>δημοσίαν</em></strong></span> <span class='ocrx_word' id='word_1_74' title='bbox 950 528 1078 579; x_wconf 46' lang='grc' dir='ltr'><strong><em>,ποιεῖν</em></strong></span> <span class='ocrx_word' id='word_1_75' title='bbox 1101 525 1168 569; x_wconf 80' lang='grc' dir='ltr'><strong>τὴν</strong></span> <span class='ocrx_word' id='word_1_76' title='bbox 1187 524 1312 562; x_wconf 78' lang='grc' dir='ltr'><strong><em>οὐσίαν</em></strong></span> 
     </span>
    </p>
   </div>
   <div class='ocr_carea' id='block_1_3' title="bbox 1300 52 1387 100">
    <p class='ocr_par' dir='ltr' id='par_1_3' title="bbox 1300 52 1387 100">
     <span class='ocr_line' id='line_1_11' title="bbox 1300 52 1387 100; baseline 0 0"><span class='ocrx_word' id='word_1_77' title='bbox 1300 52 1387 100; x_wconf 79' lang='grc'><strong>232</strong></span> 
     </span>
    </p>
   </div>
   <div class='ocr_carea' id='block_1_4' title="bbox 2080 69 2456 103">
    <p class='ocr_par' dir='ltr' id='par_1_4' title="bbox 2080 69 2456 103">
     <span class='ocr_line' id='line_1_12' title="bbox 2080 69 2456 103; baseline 0.005 -3"><span class='ocrx_word' id='word_1_78' title='bbox 2080 70 2141 101; x_wconf 79' lang='lat' dir='ltr'><strong>DE</strong></span> <span class='ocrx_word' id='word_1_79' title='bbox 2169 69 2456 103; x_wconf 73' lang='lat' dir='ltr'>PROCONSULE</span> 
     </span>
    </p>
   </div>
   <div class='ocr_carea' id='block_1_5' title="bbox 1382 166 2457 352">
    <p class='ocr_par' dir='ltr' id='par_1_5' title="bbox 1382 166 2457 352">
     <span class='ocr_line' id='line_1_13' title="bbox 1384 166 2457 212; baseline 0.002 -9"><span class='ocrx_word' id='word_1_80' title='bbox 1384 177 1467 203; x_wconf 86' lang='lat' dir='ltr'><strong>vero</strong></span> <span class='ocrx_word' id='word_1_81' title='bbox 1491 166 1625 212; x_wconf 80' lang='lat' dir='ltr'><strong>aliquid</strong></span> <span class='ocrx_word' id='word_1_82' title='bbox 1648 166 1755 203; x_wconf 88' lang='lat' dir='ltr'><strong>etiam</strong></span> <span class='ocrx_word' id='word_1_83' title='bbox 1777 167 2018 203; x_wconf 85' lang='lat' dir='ltr'><strong>vehementius</strong></span> <span class='ocrx_word' id='word_1_84' title='bbox 2044 167 2083 202; x_wconf 91' lang='lat' dir='ltr'><strong>in</strong></span> <span class='ocrx_word' id='word_1_85' title='bbox 2111 167 2119 176; x_wconf 85' lang='lat'>&#39;</span> <span class='ocrx_word' id='word_1_86' title='bbox 2168 168 2246 211; x_wconf 87' lang='lat' dir='ltr'><strong>erit,</strong></span> <span class='ocrx_word' id='word_1_87' title='bbox 2276 168 2457 205; x_wconf 80' lang='lat' dir='ltr'><strong>nuntiabit</strong></span> 
     </span>
     <span class='ocr_line' id='line_1_14' title="bbox 1385 211 2456 260; baseline 0.003 -13"><span class='ocrx_word' id='word_1_88' title='bbox 1385 216 1421 248; x_wconf 86' lang='lat' dir='ltr'><strong>et</strong></span> <span class='ocrx_word' id='word_1_89' title='bbox 1445 212 1490 248; x_wconf 87' lang='lat' dir='ltr'><strong>ad</strong></span> <span class='ocrx_word' id='word_1_90' title='bbox 1509 215 1609 248; x_wconf 84' lang='lat' dir='ltr'><strong>tuam</strong></span> <span class='ocrx_word' id='word_1_91' title='bbox 1633 211 1880 248; x_wconf 81' lang='lat' dir='ltr'><strong>celsitudinem</strong></span> <span class='ocrx_word' id='word_1_92' title='bbox 1896 215 1933 248; x_wconf 86' lang='lat' dir='ltr'><strong>et</strong></span> <span class='ocrx_word' id='word_1_93' title='bbox 1947 211 2028 258; x_wconf 84' lang='lat' dir='ltr'><strong>(ad)</strong></span> <span class='ocrx_word' id='word_1_94' title='bbox 2044 212 2337 257; x_wconf 82' lang='lat' dir='ltr'><strong>gloriosissimum</strong></span> <span class='ocrx_word' id='word_1_95' title='bbox 2352 223 2456 260; x_wconf 84' lang='lat' dir='ltr'><strong>prae·</strong></span> 
     </span>
     <span class='ocr_line' id='line_1_15' title="bbox 1383 256 2457 304; baseline 0.002 -11"><span class='ocrx_word' id='word_1_96' title='bbox 1383 257 1539 303; x_wconf 84' lang='lat' dir='ltr'><strong>positum</strong></span> <span class='ocrx_word' id='word_1_97' title='bbox 1557 261 1593 293; x_wconf 88' lang='lat' dir='ltr'><strong>et</strong></span> <span class='ocrx_word' id='word_1_98' title='bbox 1612 257 1659 293; x_wconf 88' lang='lat' dir='ltr'><strong>ad</strong></span> <span class='ocrx_word' id='word_1_99' title='bbox 1677 257 1766 293; x_wconf 87' lang='lat' dir='ltr'><strong>alios</strong></span> <span class='ocrx_word' id='word_1_100' title='bbox 1783 256 2039 293; x_wconf 86' lang='lat' dir='ltr'><strong>famosissimos</strong></span> <span class='ocrx_word' id='word_1_101' title='bbox 2052 260 2194 294; x_wconf 85' lang='lat' dir='ltr'><strong>nostros</strong></span> <span class='ocrx_word' id='word_1_102' title='bbox 2210 257 2358 302; x_wconf 82' lang='lat' dir='ltr'><strong>iudices,</strong></span> <span class='ocrx_word' id='word_1_103' title='bbox 2378 258 2457 304; x_wconf 88' lang='lat' dir='ltr'><strong>qui-</strong></span> 
     </span>
     <span class='ocr_line' id='line_1_16' title="bbox 1382 301 2456 352; baseline 0.002 -14"><span class='ocrx_word' id='word_1_104' title='bbox 1382 303 1450 338; x_wconf 91' lang='lat' dir='ltr'><strong>bus</strong></span> <span class='ocrx_word' id='word_1_105' title='bbox 1468 302 1587 349; x_wconf 86' lang='lat' dir='ltr'><strong>aliqua</strong></span> <span class='ocrx_word' id='word_1_106' title='bbox 1607 305 1663 338; x_wconf 89' lang='lat' dir='ltr'><strong>est</strong></span> <span class='ocrx_word' id='word_1_107' title='bbox 1679 302 1726 338; x_wconf 83' lang='lat' dir='ltr'><strong>ad</strong></span> <span class='ocrx_word' id='word_1_108' title='bbox 1739 312 1884 338; x_wconf 81' lang='lat' dir='ltr'><strong>causam</strong></span> <span class='ocrx_word' id='word_1_109' title='bbox 1923 301 2137 347; x_wconf 87' lang='lat' dir='ltr'><strong>articipatio,</strong></span> <span class='ocrx_word' id='word_1_110' title='bbox 2159 306 2195 338; x_wconf 88' lang='lat' dir='ltr'><strong>et</strong></span> <span class='ocrx_word' id='word_1_111' title='bbox 2206 303 2253 338; x_wconf 86' lang='lat' dir='ltr'><strong>ad</strong></span> <span class='ocrx_word' id='word_1_112' title='bbox 2266 302 2456 352; x_wconf 82' lang='lat' dir='ltr'><strong>nosipsos,</strong></span> 
     </span>
    </p>
   </div>
   <div class='ocr_carea' id='block_1_6' title="bbox 1348 347 2354 428">
    <p class='ocr_par' dir='ltr' id='par_1_6' title="bbox 1348 347 2354 428">
     <span class='ocr_line' id='line_1_17' title="bbox 1348 347 2354 428; baseline -0.001 -44"><span class='ocrx_word' id='word_1_113' title='bbox 1348 351 1447 428; x_wconf 73' lang='lat' dir='ltr'><strong>51110s</strong></span> <span class='ocrx_word' id='word_1_114' title='bbox 1473 358 1518 383; x_wconf 86' lang='lat' dir='ltr'><strong>ue</strong></span> <span class='ocrx_word' id='word_1_115' title='bbox 1540 347 1658 392; x_wconf 90' lang='lat' dir='ltr'><strong>ipsum</strong></span> <span class='ocrx_word' id='word_1_116' title='bbox 1682 347 1778 400; x_wconf 67' lang='lat' dir='ltr'><strong>quoti</strong></span> <span class='ocrx_word' id='word_1_117' title='bbox 1799 357 1900 399; x_wconf 48' lang='lat' dir='ltr'><strong>agen·</strong></span> <span class='ocrx_word' id='word_1_118' title='bbox 1914 358 1974 383; x_wconf 91' lang='lat' dir='ltr'><strong>um</strong></span> <span class='ocrx_word' id='word_1_119' title='bbox 1996 351 2052 383; x_wconf 86' lang='lat' dir='ltr'><strong>est</strong></span> <span class='ocrx_word' id='word_1_120' title='bbox 2073 347 2354 400; x_wconf 56' lang='lat' dir='ltr'><strong>esplanabimus.</strong></span> 
     </span>
    </p>
   </div>
   <div class='ocr_carea' id='block_1_7' title="bbox 1382 392 2459 579">
    <p class='ocr_par' dir='ltr' id='par_1_7' title="bbox 1382 392 2459 579">
     <span class='ocr_line' id='line_1_18' title="bbox 1480 392 2459 445; baseline 0.002 -17"><span class='ocrx_word' id='word_1_121' title='bbox 1480 393 1589 428; x_wconf 82' lang='lat' dir='ltr'><strong>itulos</strong></span> <span class='ocrx_word' id='word_1_122' title='bbox 1618 395 1738 429; x_wconf 87' lang='lat' dir='ltr'><strong>autem</strong></span> <span class='ocrx_word' id='word_1_123' title='bbox 1767 403 1901 438; x_wconf 80' lang='lat' dir='ltr'><strong>imponi</strong></span> <span class='ocrx_word' id='word_1_124' title='bbox 1935 392 1973 428; x_wconf 91' lang='lat' dir='ltr'><strong>in</strong></span> <span class='ocrx_word' id='word_1_125' title='bbox 2008 392 2191 437; x_wconf 82' lang='lat' dir='ltr'><strong>provincia</strong></span> <span class='ocrx_word' id='word_1_126' title='bbox 2225 392 2286 428; x_wconf 87' lang='lat' dir='ltr'><strong>cui</strong></span> <span class='ocrx_word' id='word_1_127' title='bbox 2311 397 2459 445; x_wconf 75' lang='lat' dir='ltr'><strong>praeest</strong></span> 
     </span>
     <span class='ocr_line' id='line_1_19' title="bbox 1383 437 2458 483; baseline 0 -9"><span class='ocrx_word' id='word_1_128' title='bbox 1383 437 1658 483; x_wconf 76' lang='lat' dir='ltr'><strong>appellationem</strong></span> <span class='ocrx_word' id='word_1_129' title='bbox 1683 437 1883 482; x_wconf 88' lang='lat' dir='ltr'><strong>aliquorum</strong></span> <span class='ocrx_word' id='word_1_130' title='bbox 1912 437 2104 481; x_wconf 85' lang='lat' dir='ltr'><strong>habentes,</strong></span> <span class='ocrx_word' id='word_1_131' title='bbox 2137 441 2286 483; x_wconf 85' lang='lat' dir='ltr'><strong>excepto</strong></span> <span class='ocrx_word' id='word_1_132' title='bbox 2309 448 2358 473; x_wconf 81' lang='lat' dir='ltr'><strong>im</strong></span> <span class='ocrx_word' id='word_1_133' title='bbox 2385 438 2458 474; x_wconf 84' lang='lat' dir='ltr'><strong>erio</strong></span> 
     </span>
     <span class='ocr_line' id='line_1_20' title="bbox 1382 482 2459 527; baseline 0.001 -9"><span class='ocrx_word' id='word_1_134' title='bbox 1382 488 1418 518; x_wconf 88' lang='lat' dir='ltr'><strong>et</strong></span> <span class='ocrx_word' id='word_1_135' title='bbox 1441 483 1590 525; x_wconf 88' lang='lat' dir='ltr'><strong>aerario,</strong></span> <span class='ocrx_word' id='word_1_136' title='bbox 1614 482 1818 527; x_wconf 82' lang='lat' dir='ltr'><strong>prohibebit</strong></span> <span class='ocrx_word' id='word_1_137' title='bbox 1836 483 1873 518; x_wconf 91' lang='lat' dir='ltr'><strong>in</strong></span> <span class='ocrx_word' id='word_1_138' title='bbox 1889 484 2040 526; x_wconf 89' lang='lat' dir='ltr'><strong>tantum,</strong></span> <span class='ocrx_word' id='word_1_139' title='bbox 2064 485 2106 518; x_wconf 84' lang='lat' dir='ltr'><strong>ut</strong></span> <span class='ocrx_word' id='word_1_140' title='bbox 2123 482 2231 518; x_wconf 89' lang='lat' dir='ltr'><strong>etiam</strong></span> <span class='ocrx_word' id='word_1_141' title='bbox 2249 482 2329 518; x_wconf 81' lang='lat' dir='ltr'><strong>fisci</strong></span> <span class='ocrx_word' id='word_1_142' title='bbox 2362 483 2459 521; x_wconf 77' lang='lat' dir='ltr'><strong>aciat</strong></span> 
     </span>
     <span class='ocr_line' id='line_1_21' title="bbox 1382 527 2458 579; baseline 0.001 -16"><span class='ocrx_word' id='word_1_143' title='bbox 1382 527 1620 564; x_wconf 76' lang='lat' dir='ltr'><strong>substantiam</strong></span> <span class='ocrx_word' id='word_1_144' title='bbox 1651 527 1785 579; x_wconf 75' lang='lat' dir='ltr'><strong>aliquid</strong></span> <span class='ocrx_word' id='word_1_145' title='bbox 1815 527 1886 563; x_wconf 87' lang='lat' dir='ltr'><strong>tale</strong></span> <span class='ocrx_word' id='word_1_146' title='bbox 1915 536 2020 572; x_wconf 85' lang='lat' dir='ltr'><strong>agere</strong></span> <span class='ocrx_word' id='word_1_147' title='bbox 2045 527 2233 563; x_wconf 81' lang='lat' dir='ltr'><strong>nitentium</strong></span> <span class='ocrx_word' id='word_1_148' title='bbox 2266 531 2303 564; x_wconf 85' lang='lat' dir='ltr'><strong>et</strong></span> <span class='ocrx_word' id='word_1_149' title='bbox 2332 538 2458 564; x_wconf 88' lang='lat' dir='ltr'><strong>manus</strong></span> 
     </span>
    </p>
   </div>
   <div class='ocr_carea' id='block_1_8' title="bbox 236 569 2460 627">
    <p class='ocr_par' dir='ltr' id='par_1_8' title="bbox 236 569 2460 627">
     <span class='ocr_line' id='line_1_22' title="bbox 236 569 2460 627; baseline 0.002 -24"><span class='ocrx_word' id='word_1_150' title='bbox 236 571 314 604; x_wconf 81' lang='grc' dir='ltr'><strong>τῶν</strong></span> <span class='ocrx_word' id='word_1_151' title='bbox 342 569 483 605; x_wconf 79' lang='grc' dir='ltr'><strong><em>τοιοῦτό</em></strong></span> <span class='ocrx_word' id='word_1_152' title='bbox 513 582 549 603; x_wconf 91' lang='grc' dir='ltr'><strong>τι</strong></span> <span class='ocrx_word' id='word_1_153' title='bbox 579 569 754 622; x_wconf 65' lang='grc' dir='ltr'><strong><em>πράττειν</em></strong></span> <span class='ocrx_word' id='word_1_154' title='bbox 782 571 1062 616; x_wconf 81' lang='grc' dir='ltr'><strong><em>ἐπιχειρσυντων</em></strong></span> <span class='ocrx_word' id='word_1_155' title='bbox 1092 574 1151 605; x_wconf 79' lang='grc' dir='ltr'><strong>καὶ</strong></span> <span class='ocrx_word' id='word_1_156' title='bbox 1181 573 1313 627; x_wconf 49' lang='grc' dir='ltr'><strong><em>χειροῖν</em></strong></span> <span class='ocrx_word' id='word_1_157' title='bbox 1328 575 1368 608; x_wconf 90' lang='grc'><strong>10</strong></span> <span class='ocrx_word' id='word_1_158' title='bbox 1382 573 1524 609; x_wconf 79' lang='lat' dir='ltr'><strong>auferat</strong></span> <span class='ocrx_word' id='word_1_159' title='bbox 1545 572 1674 607; x_wconf 85' lang='lat' dir='ltr'><strong>horum</strong></span> <span class='ocrx_word' id='word_1_160' title='bbox 1697 583 1758 618; x_wconf 84' lang='lat' dir='ltr'><strong>qul</strong></span> <span class='ocrx_word' id='word_1_161' title='bbox 1781 582 1842 608; x_wconf 85' lang='lat' dir='ltr'><strong>eos</strong></span> <span class='ocrx_word' id='word_1_162' title='bbox 1866 572 1914 607; x_wconf 89' lang='lat' dir='ltr'><strong>im</strong></span> <span class='ocrx_word' id='word_1_163' title='bbox 1941 575 2072 615; x_wconf 87' lang='lat' dir='ltr'><strong>onunt,</strong></span> <span class='ocrx_word' id='word_1_164' title='bbox 2105 572 2138 608; x_wconf 83' lang='lat' dir='ltr'><strong>si</strong></span> <span class='ocrx_word' id='word_1_165' title='bbox 2160 575 2367 617; x_wconf 71' lang='lat' dir='ltr'><strong>praesentes</strong></span> <span class='ocrx_word' id='word_1_166' title='bbox 2389 571 2460 626; x_wconf 62' lang='lat' dir='ltr'><strong>ippi</strong></span> 
     </span>
    </p>
   </div>
   <div class='ocr_carea' id='block_1_9' title="bbox 235 611 1313 799">
    <p class='ocr_par' dir='ltr' id='par_1_9' title="bbox 235 611 1313 799">
     <span class='ocr_line' id='line_1_23' title="bbox 237 611 1311 670; baseline 0.003 -22"><span class='ocrx_word' id='word_1_167' title='bbox 237 611 475 661; x_wconf 79' lang='grc' dir='ltr'><strong><em>ἀφαιρεῖσθαι</em></strong></span> <span class='ocrx_word' id='word_1_168' title='bbox 499 613 577 649; x_wconf 80' lang='grc' dir='ltr'><strong><em>τοὺς</em></strong></span> <span class='ocrx_word' id='word_1_169' title='bbox 595 626 729 648; x_wconf 84' lang='grc' dir='ltr'><strong><em>ταυτας</em></strong></span> <span class='ocrx_word' id='word_1_170' title='bbox 743 615 990 657; x_wconf 71' lang='grc' dir='ltr'><strong><em>ἐπιτιθέντας,</em></strong></span> <span class='ocrx_word' id='word_1_171' title='bbox 1011 616 1043 649; x_wconf 81' lang='grc' dir='ltr'><strong>εἰ</strong></span> <span class='ocrx_word' id='word_1_172' title='bbox 1060 615 1237 670; x_wconf 73' lang='grc' dir='ltr'><strong><em>παρόντες</em></strong></span> <span class='ocrx_word' id='word_1_173' title='bbox 1252 631 1311 651; x_wconf 85' lang='grc' dir='ltr'><strong>αυ-</strong></span> 
     </span>
     <span class='ocr_line' id='line_1_24' title="bbox 236 657 1311 707; baseline 0.003 -14"><span class='ocrx_word' id='word_1_174' title='bbox 236 662 291 693; x_wconf 86' lang='grc' dir='ltr'><strong>τοὶ</strong></span> <span class='ocrx_word' id='word_1_175' title='bbox 315 659 489 703; x_wconf 77' lang='grc' dir='ltr'><strong><em>τολμῷεν,</em></strong></span> <span class='ocrx_word' id='word_1_176' title='bbox 513 660 544 693; x_wconf 85' lang='grc' dir='ltr'><strong>εἰ</strong></span> <span class='ocrx_word' id='word_1_177' title='bbox 568 657 608 693; x_wconf 84' lang='grc' dir='ltr'><strong>δὲ</strong></span> <span class='ocrx_word' id='word_1_178' title='bbox 630 659 665 693; x_wconf 88' lang='grc' dir='ltr'><strong>οἱ</strong></span> <span class='ocrx_word' id='word_1_179' title='bbox 686 660 765 694; x_wconf 79' lang='grc' dir='ltr'><strong>τῶν</strong></span> <span class='ocrx_word' id='word_1_180' title='bbox 788 657 964 695; x_wconf 81' lang='grc' dir='ltr'><strong><em>ἀπόντων</em></strong></span> <span class='ocrx_word' id='word_1_181' title='bbox 983 672 1230 707; x_wconf 83' lang='grc' dir='ltr'><strong><em>προνοουντες,</em></strong></span> <span class='ocrx_word' id='word_1_182' title='bbox 1253 676 1311 706; x_wconf 84' lang='grc' dir='ltr'><strong>με-</strong></span> 
     </span>
     <span class='ocr_line' id='line_1_25' title="bbox 235 701 1312 751; baseline 0.003 -13"><span class='ocrx_word' id='word_1_183' title='bbox 235 703 358 751; x_wconf 76' lang='grc' dir='ltr'><strong><em>γάλαις</em></strong></span> <span class='ocrx_word' id='word_1_184' title='bbox 381 707 532 738; x_wconf 73' lang='grc' dir='ltr'><strong><em>ἐκείνους</em></strong></span> <span class='ocrx_word' id='word_1_185' title='bbox 555 701 736 748; x_wconf 81' lang='grc' dir='ltr'><strong><em>ὑποθήσει</em></strong></span> <span class='ocrx_word' id='word_1_186' title='bbox 759 701 941 748; x_wconf 83' lang='grc' dir='ltr'><strong><em>βασάνοις.</em></strong></span> <span class='ocrx_word' id='word_1_187' title='bbox 990 704 1072 741; x_wconf 79' lang='grc' dir='ltr'><strong><em>τούς</em></strong></span> <span class='ocrx_word' id='word_1_188' title='bbox 1098 708 1225 749; x_wconf 70' lang='grc' dir='ltr'><strong><em>μέντοι</em></strong></span> <span class='ocrx_word' id='word_1_189' title='bbox 1259 710 1312 741; x_wconf 87' lang='grc' dir='ltr'><strong>τί-</strong></span> 
     </span>
     <span class='ocr_line' id='line_1_26' title="bbox 236 745 1313 799; baseline 0.006 -20"><span class='ocrx_word' id='word_1_190' title='bbox 236 745 338 781; x_wconf 84' lang='grc' dir='ltr'><strong><em>τλους</em></strong></span> <span class='ocrx_word' id='word_1_191' title='bbox 354 746 444 782; x_wconf 63' lang='lat' dir='ltr'><strong>{ism</strong></span> <span class='ocrx_word' id='word_1_192' title='bbox 464 747 598 792; x_wconf 84' lang='grc' dir='ltr'><strong><em>δήποτε</em></strong></span> <span class='ocrx_word' id='word_1_193' title='bbox 626 746 838 793; x_wconf 81' lang='grc' dir='ltr'><strong><em>τολμήσειεν</em></strong></span> <span class='ocrx_word' id='word_1_194' title='bbox 864 750 936 784; x_wconf 83' lang='grc' dir='ltr'><strong><em>εἴτε</em></strong></span> <span class='ocrx_word' id='word_1_195' title='bbox 967 749 1100 797; x_wconf 74' lang='grc' dir='ltr'><strong><em>παρών</em></strong></span> <span class='ocrx_word' id='word_1_196' title='bbox 1130 751 1201 786; x_wconf 78' lang='grc' dir='ltr'><strong><em>εἴτε</em></strong></span> <span class='ocrx_word' id='word_1_197' title='bbox 1222 749 1313 799; x_wconf 76' lang='grc' dir='ltr'><strong><em>ὑπὲρ</em></strong></span> 
     </span>
    </p>
   </div>
   <div class='ocr_carea' id='block_1_10' title="bbox 1380 617 2460 798">
    <p class='ocr_par' dir='ltr' id='par_1_10' title="bbox 1380 617 2460 798">
     <span class='ocr_line' id='line_1_27' title="bbox 1381 617 2458 663; baseline 0.001 -10"><span class='ocrx_word' id='word_1_198' title='bbox 1381 617 1699 662; x_wconf 77' lang='lat' dir='ltr'><strong>praesumpserint3</strong></span> <span class='ocrx_word' id='word_1_199' title='bbox 1735 617 1767 653; x_wconf 89' lang='lat' dir='ltr'><strong>si</strong></span> <span class='ocrx_word' id='word_1_200' title='bbox 1789 627 1873 653; x_wconf 87' lang='lat' dir='ltr'><strong>vero</strong></span> <span class='ocrx_word' id='word_1_201' title='bbox 1897 627 1920 652; x_wconf 84' lang='lat' dir='ltr'><strong>a</strong></span> <span class='ocrx_word' id='word_1_202' title='bbox 1945 617 2099 653; x_wconf 88' lang='lat' dir='ltr'><strong>sentium</strong></span> <span class='ocrx_word' id='word_1_203' title='bbox 2122 619 2293 662; x_wconf 78' lang='lat' dir='ltr'><strong>rectores,</strong></span> <span class='ocrx_word' id='word_1_204' title='bbox 2322 627 2458 663; x_wconf 78' lang='lat' dir='ltr'><strong>magnis</strong></span> 
     </span>
     <span class='ocr_line' id='line_1_28' title="bbox 1381 661 2460 708; baseline 0.001 -10"><span class='ocrx_word' id='word_1_205' title='bbox 1381 663 1461 698; x_wconf 89' lang='lat' dir='ltr'><strong>illos</strong></span> <span class='ocrx_word' id='word_1_206' title='bbox 1494 662 1624 698; x_wconf 85' lang='lat' dir='ltr'><strong>subdat</strong></span> <span class='ocrx_word' id='word_1_207' title='bbox 1652 661 1868 698; x_wconf 84' lang='lat' dir='ltr'><strong>verberibus.</strong></span> <span class='ocrx_word' id='word_1_208' title='bbox 1925 662 2065 698; x_wconf 80' lang='lat' dir='ltr'><strong>Titulos</strong></span> <span class='ocrx_word' id='word_1_209' title='bbox 2092 665 2213 698; x_wconf 84' lang='lat' dir='ltr'><strong>autem</strong></span> <span class='ocrx_word' id='word_1_210' title='bbox 2246 661 2460 708; x_wconf 81' lang='lat' dir='ltr'><strong>quicumque</strong></span> 
     </span>
     <span class='ocr_line' id='line_1_29' title="bbox 1380 707 2458 752; baseline 0.001 -9"><span class='ocrx_word' id='word_1_211' title='bbox 1380 707 1661 752; x_wconf 76' lang='lat' dir='ltr'><strong>praesumpserit</strong></span> <span class='ocrx_word' id='word_1_212' title='bbox 1689 707 1762 743; x_wconf 88' lang='lat' dir='ltr'><strong>sive</strong></span> <span class='ocrx_word' id='word_1_213' title='bbox 1785 716 1958 752; x_wconf 86' lang='lat' dir='ltr'><strong>praesens</strong></span> <span class='ocrx_word' id='word_1_214' title='bbox 1989 707 2062 743; x_wconf 88' lang='lat' dir='ltr'><strong>sive</strong></span> <span class='ocrx_word' id='word_1_215' title='bbox 2084 718 2151 752; x_wconf 87' lang='lat' dir='ltr'><strong>pro</strong></span> <span class='ocrx_word' id='word_1_216' title='bbox 2176 707 2326 744; x_wconf 78' lang='lat' dir='ltr'><strong>absente</strong></span> <span class='ocrx_word' id='word_1_217' title='bbox 2349 717 2458 752; x_wconf 75' lang='lat' dir='ltr'><strong>agens</strong></span> 
     </span>
     <span class='ocr_line' id='line_1_30' title="bbox 1381 751 2458 798; baseline 0.001 -11"><span class='ocrx_word' id='word_1_218' title='bbox 1381 753 1573 797; x_wconf 83' lang='lat' dir='ltr'><strong>imponere,</strong></span> <span class='ocrx_word' id='word_1_219' title='bbox 1605 751 1787 797; x_wconf 85' lang='lat' dir='ltr'><strong>deponens</strong></span> <span class='ocrx_word' id='word_1_220' title='bbox 1809 762 1893 787; x_wconf 88' lang='lat' dir='ltr'><strong>mox</strong></span> <span class='ocrx_word' id='word_1_221' title='bbox 1922 751 2094 797; x_wconf 80' lang='lat' dir='ltr'><strong>infringet</strong></span> <span class='ocrx_word' id='word_1_222' title='bbox 2118 752 2373 798; x_wconf 80' lang='lat' dir='ltr'><strong>imponentium</strong></span> <span class='ocrx_word' id='word_1_223' title='bbox 2398 763 2458 789; x_wconf 87' lang='lat' dir='ltr'><strong>ca-</strong></span> 
     </span>
    </p>
   </div>
   <div class='ocr_carea' id='block_1_11' title="bbox 236 791 2458 974">
    <p class='ocr_par' dir='ltr' id='par_1_11' title="bbox 236 791 2458 888">
     <span class='ocr_line' id='line_1_31' title="bbox 236 791 2458 851; baseline 0.004 -24"><span class='ocrx_word' id='word_1_224' title='bbox 236 792 391 829; x_wconf 81' lang='grc' dir='ltr'><strong><em>ἀπόντος</em></strong></span> <span class='ocrx_word' id='word_1_225' title='bbox 410 793 583 840; x_wconf 85' lang='grc' dir='ltr'><strong><em>πράττων</em></strong></span> <span class='ocrx_word' id='word_1_226' title='bbox 598 791 805 837; x_wconf 81' lang='grc' dir='ltr'><strong><em>ἀναθεῖναι,</em></strong></span> <span class='ocrx_word' id='word_1_227' title='bbox 827 794 1000 830; x_wconf 79' lang='grc' dir='ltr'><strong><em>καθελών</em></strong></span> <span class='ocrx_word' id='word_1_228' title='bbox 1019 792 1129 830; x_wconf 67' lang='grc' dir='ltr'><strong><em>εὐθὺς</em></strong></span> <span class='ocrx_word' id='word_1_229' title='bbox 1148 796 1312 851; x_wconf 75' lang='grc' dir='ltr'><strong><em>περιρρή-</em></strong></span> <span class='ocrx_word' id='word_1_230' title='bbox 1329 800 1368 833; x_wconf 83' lang='lat'><strong>15</strong></span> <span class='ocrx_word' id='word_1_231' title='bbox 1381 797 1529 843; x_wconf 80' lang='lat' dir='ltr'><strong>pitibue,</strong></span> <span class='ocrx_word' id='word_1_232' title='bbox 1567 796 1684 832; x_wconf 78' lang='lat' dir='ltr'><strong>sciens</strong></span> <span class='ocrx_word' id='word_1_233' title='bbox 1715 797 1810 842; x_wconf 79' lang='lat' dir='ltr'><strong>quia,</strong></span> <span class='ocrx_word' id='word_1_234' title='bbox 1846 796 1877 832; x_wconf 81' lang='lat' dir='ltr'><strong>si</strong></span> <span class='ocrx_word' id='word_1_235' title='bbox 1906 797 1997 833; x_wconf 69' lang='lat' dir='ltr'><strong>haec</strong></span> <span class='ocrx_word' id='word_1_236' title='bbox 2027 807 2224 842; x_wconf 75' lang='lat' dir='ltr'><strong>agnoscens</strong></span> <span class='ocrx_word' id='word_1_237' title='bbox 2254 797 2458 846; x_wconf 68' lang='lat' dir='ltr'><strong>neglexerit,</strong></span> 
     </span>
     <span class='ocr_line' id='line_1_32' title="bbox 237 835 2221 888; baseline 0.004 -16"><span class='ocrx_word' id='word_1_238' title='bbox 237 839 288 879; x_wconf 80' lang='grc' dir='ltr'><strong>ξει</strong></span> <span class='ocrx_word' id='word_1_239' title='bbox 324 842 400 873; x_wconf 78' lang='grc' dir='ltr'><strong><em>ταῖς</em></strong></span> <span class='ocrx_word' id='word_1_240' title='bbox 433 840 511 873; x_wconf 82' lang='grc' dir='ltr'><strong>τῶν</strong></span> <span class='ocrx_word' id='word_1_241' title='bbox 549 835 771 875; x_wconf 71' lang='grc' dir='ltr'><strong><em>ἀναθέντων</em></strong></span> <span class='ocrx_word' id='word_1_242' title='bbox 810 839 996 886; x_wconf 76' lang='grc' dir='ltr'><strong><em>κεφαλαῖς,</em></strong></span> <span class='ocrx_word' id='word_1_243' title='bbox 1036 838 1141 875; x_wconf 78' lang='grc' dir='ltr'><strong><em>εἰδὼς</em></strong></span> <span class='ocrx_word' id='word_1_244' title='bbox 1175 852 1244 885; x_wconf 87' lang='grc' dir='ltr'><strong><em>ως,</em></strong></span> <span class='ocrx_word' id='word_1_245' title='bbox 1283 842 1315 876; x_wconf 76' lang='grc' dir='ltr'><strong>εἰ</strong></span> <span class='ocrx_word' id='word_1_246' title='bbox 1382 843 1460 888; x_wconf 85' lang='lat' dir='ltr'><strong>ipse</strong></span> <span class='ocrx_word' id='word_1_247' title='bbox 1483 842 1522 878; x_wconf 89' lang='lat' dir='ltr'><strong>in</strong></span> <span class='ocrx_word' id='word_1_248' title='bbox 1546 841 1622 877; x_wconf 87' lang='lat' dir='ltr'><strong>suis</strong></span> <span class='ocrx_word' id='word_1_249' title='bbox 1647 841 1757 878; x_wconf 86' lang='lat' dir='ltr'><strong>rebus</strong></span> <span class='ocrx_word' id='word_1_250' title='bbox 1779 841 2059 887; x_wconf 77' lang='lat' dir='ltr'><strong>publicationem</strong></span> <span class='ocrx_word' id='word_1_251' title='bbox 2081 842 2221 879; x_wconf 86' lang='lat' dir='ltr'><strong>sentiet.</strong></span> 
     </span>
    </p>

    <p class='ocr_par' dir='ltr' id='par_1_12' title="bbox 236 882 1313 930">
     <span class='ocr_line' id='line_1_33' title="bbox 236 882 1313 930; baseline 0.003 -13"><span class='ocrx_word' id='word_1_252' title='bbox 236 886 349 917; x_wconf 79' lang='grc' dir='ltr'><strong><em>ταῦτα</em></strong></span> <span class='ocrx_word' id='word_1_253' title='bbox 380 882 519 927; x_wconf 79' lang='grc' dir='ltr'><strong><em>μαθών</em></strong></span> <span class='ocrx_word' id='word_1_254' title='bbox 551 882 816 930; x_wconf 80' lang='grc' dir='ltr'><strong><em>ῥᾳθυμήσειεν,</em></strong></span> <span class='ocrx_word' id='word_1_255' title='bbox 850 884 956 919; x_wconf 80' lang='grc' dir='ltr'><strong><em>αὐτὸς</em></strong></span> <span class='ocrx_word' id='word_1_256' title='bbox 987 887 1048 920; x_wconf 77' lang='grc' dir='ltr'><strong>ἐπὶ</strong></span> <span class='ocrx_word' id='word_1_257' title='bbox 1082 889 1156 920; x_wconf 89' lang='grc' dir='ltr'><strong><em>τοῖς</em></strong></span> <span class='ocrx_word' id='word_1_258' title='bbox 1185 886 1313 921; x_wconf 77' lang='grc' dir='ltr'><strong><em>ἑαυτοῦ</em></strong></span> 
     </span>
    </p>

    <p class='ocr_par' dir='ltr' id='par_1_13' title="bbox 237 926 985 974">
     <span class='ocr_line' id='line_1_34' title="bbox 237 926 985 974; baseline 0.003 -12"><span class='ocrx_word' id='word_1_259' title='bbox 237 926 420 973; x_wconf 74' lang='grc' dir='ltr'><strong><em>πράγμασι</em></strong></span> <span class='ocrx_word' id='word_1_260' title='bbox 444 930 506 971; x_wconf 74' lang='grc' dir='ltr'><strong>τῆς</strong></span> <span class='ocrx_word' id='word_1_261' title='bbox 530 926 733 974; x_wconf 77' lang='grc' dir='ltr'><strong><em>δημεύσεως</em></strong></span> <span class='ocrx_word' id='word_1_262' title='bbox 757 927 985 974; x_wconf 72' lang='grc' dir='ltr'><strong><em>αἰσθήσεται.</em></strong></span> 
     </span>
    </p>
   </div>
   <div class='ocr_carea' id='block_1_12' title="bbox 1224 1065 1471 1101">
    <p class='ocr_par' dir='ltr' id='par_1_14' title="bbox 1224 1065 1471 1101">
     <span class='ocr_line' id='line_1_35' title="bbox 1224 1065 1471 1101; baseline 0.004 -2"><span class='ocrx_word' id='word_1_263' title='bbox 1224 1065 1381 1100; x_wconf 90' lang='lat' dir='ltr'>CAPUT</span> <span class='ocrx_word' id='word_1_264' title='bbox 1408 1065 1471 1101; x_wconf 90' lang='lat' dir='ltr'><strong>IX.</strong></span> 
     </span>
    </p>
   </div>
   <div class='ocr_carea' id='block_1_13' title="bbox 233 1138 2465 2089">
    <p class='ocr_par' dir='ltr' id='par_1_15' title="bbox 233 1138 2465 2089">
     <span class='ocr_line' id='line_1_36' title="bbox 293 1138 2458 1195; baseline 0.004 -22"><span class='ocrx_word' id='word_1_265' title='bbox 293 1141 372 1174; x_wconf 79' lang='grc' dir='ltr'><strong>Τῶν</strong></span> <span class='ocrx_word' id='word_1_266' title='bbox 403 1138 517 1175; x_wconf 81' lang='grc' dir='ltr'><strong><em>δικῶν</em></strong></span> <span class='ocrx_word' id='word_1_267' title='bbox 549 1140 589 1176; x_wconf 82' lang='grc' dir='ltr'><strong>δὲ</strong></span> <span class='ocrx_word' id='word_1_268' title='bbox 615 1141 868 1187; x_wconf 79' lang='grc' dir='ltr'><strong><em>ἐπιμελήσεται</em></strong></span> <span class='ocrx_word' id='word_1_269' title='bbox 899 1141 966 1176; x_wconf 73' lang='grc' dir='ltr'><strong>σὺν</strong></span> <span class='ocrx_word' id='word_1_270' title='bbox 998 1140 1097 1190; x_wconf 85' lang='grc' dir='ltr'><strong><em>πάσῃ</em></strong></span> <span class='ocrx_word' id='word_1_271' title='bbox 1130 1147 1312 1186; x_wconf 85' lang='grc' dir='ltr'><strong><em>συντονίᾳ,</em></strong></span> <span class='ocrx_word' id='word_1_272' title='bbox 1426 1143 1623 1178; x_wconf 76' lang='lat' dir='ltr'><strong>Causarum</strong></span> <span class='ocrx_word' id='word_1_273' title='bbox 1646 1152 1730 1179; x_wconf 80' lang='lat' dir='ltr'><strong>vero</strong></span> <span class='ocrx_word' id='word_1_274' title='bbox 1748 1142 1963 1195; x_wconf 78' lang='lat' dir='ltr'><strong>diligentiam</strong></span> <span class='ocrx_word' id='word_1_275' title='bbox 1986 1143 2135 1180; x_wconf 71' lang='lat' dir='ltr'><strong>habebit</strong></span> <span class='ocrx_word' id='word_1_276' title='bbox 2154 1154 2235 1180; x_wconf 81' lang='lat' dir='ltr'><strong>cum</strong></span> <span class='ocrx_word' id='word_1_277' title='bbox 2255 1143 2354 1180; x_wconf 81' lang='lat' dir='ltr'><strong>omni</strong></span> <span class='ocrx_word' id='word_1_278' title='bbox 2371 1154 2458 1181; x_wconf 80' lang='lat' dir='ltr'><strong>con-</strong></span> 
     </span>
     <span class='ocr_line' id='line_1_37' title="bbox 234 1182 2460 1235; baseline 0.003 -17"><span class='ocrx_word' id='word_1_279' title='bbox 234 1188 294 1218; x_wconf 77' lang='grc' dir='ltr'><strong>καὶ</strong></span> <span class='ocrx_word' id='word_1_280' title='bbox 317 1182 380 1219; x_wconf 77' lang='grc' dir='ltr'><strong>οὐκ</strong></span> <span class='ocrx_word' id='word_1_281' title='bbox 404 1184 499 1220; x_wconf 76' lang='grc' dir='ltr'><strong><em>ἐάσει</em></strong></span> <span class='ocrx_word' id='word_1_282' title='bbox 530 1186 573 1221; x_wconf 84' lang='grc' dir='ltr'><strong>τὸ</strong></span> <span class='ocrx_word' id='word_1_283' title='bbox 602 1186 800 1235; x_wconf 77' lang='grc' dir='ltr'><strong><em>γεωργικὸν</em></strong></span> <span class='ocrx_word' id='word_1_284' title='bbox 824 1186 997 1233; x_wconf 85' lang='grc' dir='ltr'><strong><em>καθάπερ</em></strong></span> <span class='ocrx_word' id='word_1_285' title='bbox 1019 1190 1123 1233; x_wconf 81' lang='grc' dir='ltr'><strong><em>μέχρι</em></strong></span> <span class='ocrx_word' id='word_1_286' title='bbox 1145 1190 1212 1222; x_wconf 83' lang='grc' dir='ltr'><strong>νῦν</strong></span> <span class='ocrx_word' id='word_1_287' title='bbox 1236 1185 1311 1222; x_wconf 83' lang='grc' dir='ltr'><strong><em>ἀδι·</em></strong></span> <span class='ocrx_word' id='word_1_288' title='bbox 1326 1191 1367 1223; x_wconf 92' lang='grc'><strong>20</strong></span> <span class='ocrx_word' id='word_1_289' title='bbox 1381 1188 1526 1230; x_wconf 80' lang='lat' dir='ltr'><strong>stantia,</strong></span> <span class='ocrx_word' id='word_1_290' title='bbox 1550 1198 1618 1223; x_wconf 82' lang='lat' dir='ltr'><strong>nec</strong></span> <span class='ocrx_word' id='word_1_291' title='bbox 1637 1188 1730 1224; x_wconf 73' lang='lat' dir='ltr'><strong>sinet</strong></span> <span class='ocrx_word' id='word_1_292' title='bbox 1750 1188 1924 1232; x_wconf 74' lang='lat' dir='ltr'><strong>agricolas</strong></span> <span class='ocrx_word' id='word_1_293' title='bbox 1948 1189 2043 1225; x_wconf 83' lang='lat' dir='ltr'><strong>sicut</strong></span> <span class='ocrx_word' id='word_1_294' title='bbox 2064 1188 2239 1224; x_wconf 76' lang='lat' dir='ltr'><strong>haetenus</strong></span> <span class='ocrx_word' id='word_1_295' title='bbox 2262 1188 2367 1233; x_wconf 72' lang='lat' dir='ltr'><strong>laedi,</strong></span> <span class='ocrx_word' id='word_1_296' title='bbox 2391 1199 2460 1225; x_wconf 78' lang='lat' dir='ltr'><strong>nee</strong></span> 
     </span>
     <span class='ocr_line' id='line_1_38' title="bbox 233 1228 2459 1279; baseline 0.003 -16"><span class='ocrx_word' id='word_1_297' title='bbox 233 1230 399 1264; x_wconf 73' lang='grc' dir='ltr'><strong><em>κεῖσθαι·</em></strong></span> <span class='ocrx_word' id='word_1_298' title='bbox 446 1228 529 1265; x_wconf 70' lang='grc' dir='ltr'><strong><em>οὔδε</em></strong></span> <span class='ocrx_word' id='word_1_299' title='bbox 564 1231 816 1275; x_wconf 73' lang='grc' dir='ltr'><strong><em>ἐνοχλήσουσιν</em></strong></span> <span class='ocrx_word' id='word_1_300' title='bbox 850 1230 942 1277; x_wconf 81' lang='grc' dir='ltr'><strong><em>ἡμᾶς</em></strong></span> <span class='ocrx_word' id='word_1_301' title='bbox 975 1235 1031 1267; x_wconf 76' lang='grc' dir='ltr'><strong>ἔτι</strong></span> <span class='ocrx_word' id='word_1_302' title='bbox 1065 1230 1313 1267; x_wconf 83' lang='grc' dir='ltr'><strong><em>Καππαδόκαι</em></strong></span> <span class='ocrx_word' id='word_1_303' title='bbox 1379 1233 1623 1269; x_wconf 88' lang='lat' dir='ltr'><strong>molestabunt</strong></span> <span class='ocrx_word' id='word_1_304' title='bbox 1652 1243 1718 1269; x_wconf 89' lang='lat' dir='ltr'><strong>nos</strong></span> <span class='ocrx_word' id='word_1_305' title='bbox 1753 1233 1903 1269; x_wconf 84' lang='lat' dir='ltr'><strong>ulterius</strong></span> <span class='ocrx_word' id='word_1_306' title='bbox 1935 1233 2168 1279; x_wconf 79' lang='lat' dir='ltr'><strong>Cappadoces</strong></span> <span class='ocrx_word' id='word_1_307' title='bbox 2203 1233 2354 1270; x_wconf 88' lang='lat' dir='ltr'><strong>multum</strong></span> <span class='ocrx_word' id='word_1_308' title='bbox 2386 1234 2459 1270; x_wconf 79' lang='lat' dir='ltr'><strong>cla·</strong></span> 
     </span>
     <span class='ocr_line' id='line_1_39' title="bbox 234 1273 2461 1325; baseline 0.003 -15"><span class='ocrx_word' id='word_1_309' title='bbox 234 1273 349 1310; x_wconf 79' lang='grc' dir='ltr'><strong><em>πολλὰ</em></strong></span> <span class='ocrx_word' id='word_1_310' title='bbox 371 1276 531 1319; x_wconf 79' lang='grc' dir='ltr'><strong><em>βοῶντές</em></strong></span> <span class='ocrx_word' id='word_1_311' title='bbox 554 1290 593 1311; x_wconf 90' lang='grc' dir='ltr'><strong>τε</strong></span> <span class='ocrx_word' id='word_1_312' title='bbox 617 1280 678 1311; x_wconf 83' lang='grc' dir='ltr'><strong>καὶ</strong></span> <span class='ocrx_word' id='word_1_313' title='bbox 701 1279 977 1323; x_wconf 81' lang='grc' dir='ltr'><strong><em>προςκυνοῦντες</em></strong></span> <span class='ocrx_word' id='word_1_314' title='bbox 1006 1280 1066 1311; x_wconf 86' lang='grc' dir='ltr'><strong>καὶ</strong></span> <span class='ocrx_word' id='word_1_315' title='bbox 1090 1274 1312 1324; x_wconf 85' lang='grc' dir='ltr'><strong><em>ὀδυρόμενοι,</em></strong></span> <span class='ocrx_word' id='word_1_316' title='bbox 1380 1280 1522 1314; x_wconf 82' lang='lat' dir='ltr'><strong>mantes</strong></span> <span class='ocrx_word' id='word_1_317' title='bbox 1553 1281 1590 1313; x_wconf 85' lang='lat' dir='ltr'><strong>et</strong></span> <span class='ocrx_word' id='word_1_318' title='bbox 1620 1278 1809 1314; x_wconf 83' lang='lat' dir='ltr'><strong>adorantes</strong></span> <span class='ocrx_word' id='word_1_319' title='bbox 1841 1282 1949 1324; x_wconf 84' lang='lat' dir='ltr'><strong>atque</strong></span> <span class='ocrx_word' id='word_1_320' title='bbox 1977 1278 2266 1324; x_wconf 77' lang='lat' dir='ltr'><strong>ingemiscentes,</strong></span> <span class='ocrx_word' id='word_1_321' title='bbox 2296 1278 2361 1315; x_wconf 74' lang='lat' dir='ltr'><strong>sed</strong></span> <span class='ocrx_word' id='word_1_322' title='bbox 2381 1278 2461 1325; x_wconf 79' lang='lat' dir='ltr'><strong>ipse</strong></span> 
     </span>
     <span class='ocr_line' id='line_1_40' title="bbox 233 1317 2459 1376; baseline 0.003 -23"><span class='ocrx_word' id='word_1_323' title='bbox 233 1317 315 1353; x_wconf 75' lang='grc' dir='ltr'><strong><em>ἄλλ’</em></strong></span> <span class='ocrx_word' id='word_1_324' title='bbox 343 1318 449 1355; x_wconf 79' lang='grc' dir='ltr'><strong><em>αὐτὸς</em></strong></span> <span class='ocrx_word' id='word_1_325' title='bbox 474 1320 591 1356; x_wconf 82' lang='grc' dir='ltr'><strong><em>αὐτοῖς</em></strong></span> <span class='ocrx_word' id='word_1_326' title='bbox 614 1319 801 1366; x_wconf 82' lang='grc' dir='ltr'><strong><em>διαιτῆσει.</em></strong></span> <span class='ocrx_word' id='word_1_327' title='bbox 849 1319 945 1367; x_wconf 79' lang='grc' dir='ltr'><strong><em>ἡμεῖς</em></strong></span> <span class='ocrx_word' id='word_1_328' title='bbox 966 1322 1034 1376; x_wconf 77' lang='grc' dir='ltr'><strong><em>γὰρ</em></strong></span> <span class='ocrx_word' id='word_1_329' title='bbox 1066 1322 1102 1355; x_wconf 86' lang='grc' dir='ltr'><strong>εἴ</strong></span> <span class='ocrx_word' id='word_1_330' title='bbox 1119 1335 1205 1357; x_wconf 88' lang='grc' dir='ltr'><strong><em>τινα</em></strong></span> <span class='ocrx_word' id='word_1_331' title='bbox 1226 1320 1313 1357; x_wconf 81' lang='grc' dir='ltr'><strong><em>ἴδοι·</em></strong></span> <span class='ocrx_word' id='word_1_332' title='bbox 1381 1323 1432 1359; x_wconf 89' lang='lat' dir='ltr'><strong>eis</strong></span> <span class='ocrx_word' id='word_1_333' title='bbox 1454 1323 1638 1369; x_wconf 82' lang='lat' dir='ltr'><strong>iudicabit.</strong></span> <span class='ocrx_word' id='word_1_334' title='bbox 1685 1323 1762 1359; x_wconf 82' lang='lat' dir='ltr'><strong>Nos</strong></span> <span class='ocrx_word' id='word_1_335' title='bbox 1793 1323 1885 1359; x_wconf 84' lang='lat' dir='ltr'><strong>enim</strong></span> <span class='ocrx_word' id='word_1_336' title='bbox 1915 1323 1946 1359; x_wconf 82' lang='lat' dir='ltr'><strong>si</strong></span> <span class='ocrx_word' id='word_1_337' title='bbox 1969 1334 2072 1370; x_wconf 88' lang='lat' dir='ltr'><strong>quem</strong></span> <span class='ocrx_word' id='word_1_338' title='bbox 2102 1323 2293 1360; x_wconf 75' lang='lat' dir='ltr'><strong>viderimus</strong></span> <span class='ocrx_word' id='word_1_339' title='bbox 2316 1323 2459 1360; x_wconf 79' lang='lat' dir='ltr'><strong>venien-</strong></span> 
     </span>
     <span class='ocr_line' id='line_1_41' title="bbox 233 1362 2460 1414; baseline 0.003 -16"><span class='ocrx_word' id='word_1_340' title='bbox 233 1379 299 1408; x_wconf 70' lang='grc' dir='ltr'><strong>μεν</strong></span> <span class='ocrx_word' id='word_1_341' title='bbox 323 1362 486 1400; x_wconf 72' lang='grc' dir='ltr'><strong><em>ἐλθόντα</em></strong></span> <span class='ocrx_word' id='word_1_342' title='bbox 516 1364 553 1401; x_wconf 75' lang='grc' dir='ltr'><strong><em>ὃς</em></strong></span> <span class='ocrx_word' id='word_1_343' title='bbox 578 1363 619 1400; x_wconf 81' lang='grc' dir='ltr'><strong>οὗ</strong></span> <span class='ocrx_word' id='word_1_344' title='bbox 649 1366 761 1414; x_wconf 78' lang='grc' dir='ltr'><strong><em>πρὸτε</em></strong></span> <span class='ocrx_word' id='word_1_345' title='bbox 785 1380 827 1402; x_wconf 91' lang='grc' dir='ltr'><strong>ον</strong></span> <span class='ocrx_word' id='word_1_346' title='bbox 855 1365 955 1412; x_wconf 76' lang='grc' dir='ltr'><strong><em>αὐτῷ</em></strong></span> <span class='ocrx_word' id='word_1_347' title='bbox 986 1380 1033 1401; x_wconf 81' lang='grc' dir='ltr'><strong>τα</strong></span> <span class='ocrx_word' id='word_1_348' title='bbox 1066 1367 1178 1401; x_wconf 82' lang='grc' dir='ltr'><strong><em>οἰκεῖα</em></strong></span> <span class='ocrx_word' id='word_1_349' title='bbox 1209 1379 1312 1410; x_wconf 78' lang='grc' dir='ltr'><strong><em>προς-</em></strong></span> <span class='ocrx_word' id='word_1_350' title='bbox 1380 1372 1463 1411; x_wconf 88' lang='lat' dir='ltr'><strong>tem,</strong></span> <span class='ocrx_word' id='word_1_351' title='bbox 1487 1368 1549 1414; x_wconf 86' lang='lat' dir='ltr'><strong>qui</strong></span> <span class='ocrx_word' id='word_1_352' title='bbox 1568 1378 1653 1404; x_wconf 87' lang='lat' dir='ltr'><strong>suas</strong></span> <span class='ocrx_word' id='word_1_353' title='bbox 1675 1368 1709 1404; x_wconf 88' lang='lat' dir='ltr'><strong>ei</strong></span> <span class='ocrx_word' id='word_1_354' title='bbox 1726 1379 1800 1404; x_wconf 91' lang='lat' dir='ltr'><strong>non</strong></span> <span class='ocrx_word' id='word_1_355' title='bbox 1820 1367 1920 1414; x_wconf 87' lang='lat' dir='ltr'><strong>prius</strong></span> <span class='ocrx_word' id='word_1_356' title='bbox 1938 1367 2119 1405; x_wconf 82' lang='lat' dir='ltr'><strong>defleverit</strong></span> <span class='ocrx_word' id='word_1_357' title='bbox 2163 1368 2337 1413; x_wconf 85' lang='lat' dir='ltr'><strong>assiones,</strong></span> <span class='ocrx_word' id='word_1_358' title='bbox 2361 1368 2460 1406; x_wconf 82' lang='lat' dir='ltr'><strong>hunc</strong></span> 
     </span>
     <span class='ocr_line' id='line_1_42' title="bbox 235 1405 2465 1461; baseline 0.003 -18"><span class='ocrx_word' id='word_1_359' title='bbox 235 1407 400 1456; x_wconf 80' lang='grc' dir='ltr'><strong><em>ωδύρατο</em></strong></span> <span class='ocrx_word' id='word_1_360' title='bbox 421 1408 538 1454; x_wconf 85' lang='grc' dir='ltr'><strong><em>πάθη,</em></strong></span> <span class='ocrx_word' id='word_1_361' title='bbox 562 1412 693 1446; x_wconf 81' lang='grc' dir='ltr'><strong><em>τοῦτον</em></strong></span> <span class='ocrx_word' id='word_1_362' title='bbox 713 1405 758 1446; x_wconf 72' lang='grc' dir='ltr'><strong>αὖ</strong></span> <span class='ocrx_word' id='word_1_363' title='bbox 792 1423 822 1446; x_wconf 92' lang='grc' dir='ltr'><strong>ις</strong></span> <span class='ocrx_word' id='word_1_364' title='bbox 846 1413 907 1447; x_wconf 77' lang='grc' dir='ltr'><strong>ἐπὶ</strong></span> <span class='ocrx_word' id='word_1_365' title='bbox 926 1413 988 1456; x_wconf 85' lang='grc' dir='ltr'><strong>τῆς</strong></span> <span class='ocrx_word' id='word_1_366' title='bbox 1010 1411 1063 1455; x_wconf 75' lang='grc' dir='ltr'><strong><em>χιό</em></strong></span> <span class='ocrx_word' id='word_1_367' title='bbox 1089 1424 1129 1446; x_wconf 85' lang='grc' dir='ltr'><strong>ας</strong></span> <span class='ocrx_word' id='word_1_368' title='bbox 1152 1411 1220 1447; x_wconf 82' lang='grc' dir='ltr'><strong>σὺν</strong></span> <span class='ocrx_word' id='word_1_369' title='bbox 1239 1410 1314 1446; x_wconf 81' lang='grc' dir='ltr'><strong><em>ἆτι-</em></strong></span> <span class='ocrx_word' id='word_1_370' title='bbox 1328 1416 1370 1449; x_wconf 88' lang='grc'><strong>25</strong></span> <span class='ocrx_word' id='word_1_371' title='bbox 1381 1423 1508 1461; x_wconf 77' lang='lat' dir='ltr'><strong>rursus</strong></span> <span class='ocrx_word' id='word_1_372' title='bbox 1532 1412 1579 1449; x_wconf 81' lang='lat' dir='ltr'><strong>ad</strong></span> <span class='ocrx_word' id='word_1_373' title='bbox 1601 1412 1822 1459; x_wconf 67' lang='lat' dir='ltr'><strong>provinciam</strong></span> <span class='ocrx_word' id='word_1_374' title='bbox 1847 1423 1928 1448; x_wconf 79' lang='lat' dir='ltr'><strong>cum</strong></span> <span class='ocrx_word' id='word_1_375' title='bbox 1952 1416 2117 1450; x_wconf 83' lang='lat' dir='ltr'><strong>contume</strong></span> <span class='ocrx_word' id='word_1_376' title='bbox 2145 1423 2167 1448; x_wconf 76' lang='lat' dir='ltr'><strong>a</strong></span> <span class='ocrx_word' id='word_1_377' title='bbox 2189 1412 2390 1460; x_wconf 71' lang='lat' dir='ltr'><strong>dirigimus,</strong></span> <span class='ocrx_word' id='word_1_378' title='bbox 2421 1423 2465 1449; x_wconf 81' lang='lat' dir='ltr'><strong>eo</strong></span> 
     </span>
     <span class='ocr_line' id='line_1_43' title="bbox 233 1454 2460 1503; baseline 0.003 -15"><span class='ocrx_word' id='word_1_379' title='bbox 233 1458 300 1499; x_wconf 78' lang='grc' dir='ltr'><strong>μίᾳ</strong></span> <span class='ocrx_word' id='word_1_380' title='bbox 324 1454 532 1500; x_wconf 75' lang='grc' dir='ltr'><strong><em>στελρῦμεν,</em></strong></span> <span class='ocrx_word' id='word_1_381' title='bbox 564 1455 658 1491; x_wconf 85' lang='grc' dir='ltr'><strong><em>διότι</em></strong></span> <span class='ocrx_word' id='word_1_382' title='bbox 690 1455 756 1492; x_wconf 83' lang='grc' dir='ltr'><strong>τὸν</strong></span> <span class='ocrx_word' id='word_1_383' title='bbox 787 1455 946 1503; x_wconf 79' lang='grc' dir='ltr'><strong><em>ἄρχοντα</em></strong></span> <span class='ocrx_word' id='word_1_384' title='bbox 969 1470 1059 1491; x_wconf 89' lang='grc' dir='ltr'><strong><em>κατα</em></strong></span> <span class='ocrx_word' id='word_1_385' title='bbox 1085 1455 1183 1491; x_wconf 79' lang='grc' dir='ltr'><strong>ιπών</strong></span> <span class='ocrx_word' id='word_1_386' title='bbox 1206 1454 1315 1491; x_wconf 72' lang='grc' dir='ltr'><strong><em>εὐθὺς</em></strong></span> <span class='ocrx_word' id='word_1_387' title='bbox 1385 1457 1480 1502; x_wconf 89' lang='lat' dir='ltr'><strong>quod</strong></span> <span class='ocrx_word' id='word_1_388' title='bbox 1502 1457 1655 1492; x_wconf 84' lang='lat' dir='ltr'><strong>iudicem</strong></span> <span class='ocrx_word' id='word_1_389' title='bbox 1675 1457 1880 1502; x_wconf 82' lang='lat' dir='ltr'><strong>relinquens</strong></span> <span class='ocrx_word' id='word_1_390' title='bbox 1902 1467 1986 1492; x_wconf 86' lang='lat' dir='ltr'><strong>mox</strong></span> <span class='ocrx_word' id='word_1_391' title='bbox 2007 1457 2120 1493; x_wconf 84' lang='lat' dir='ltr'><strong>currit</strong></span> <span class='ocrx_word' id='word_1_392' title='bbox 2137 1457 2186 1493; x_wconf 75' lang='lat' dir='ltr'><strong>ad</strong></span> <span class='ocrx_word' id='word_1_393' title='bbox 2204 1467 2282 1494; x_wconf 76' lang='grc'>1108.</span> <span class='ocrx_word' id='word_1_394' title='bbox 2319 1457 2359 1494; x_wconf 87' lang='lat' dir='ltr'><strong>Si</strong></span> <span class='ocrx_word' id='word_1_395' title='bbox 2374 1466 2460 1494; x_wconf 78' lang='lat' dir='ltr'><strong>vero</strong></span> 
     </span>
     <span class='ocr_line' id='line_1_44' title="bbox 233 1497 2461 1550; baseline 0.003 -18"><span class='ocrx_word' id='word_1_396' title='bbox 233 1497 367 1545; x_wconf 76' lang='grc' dir='ltr'><strong><em>ἔδραμε</em></strong></span> <span class='ocrx_word' id='word_1_397' title='bbox 390 1501 479 1547; x_wconf 86' lang='grc' dir='ltr'><strong><em>πρὸς</em></strong></span> <span class='ocrx_word' id='word_1_398' title='bbox 501 1498 599 1546; x_wconf 79' lang='grc' dir='ltr'><strong><em>ἡμᾶς.</em></strong></span> <span class='ocrx_word' id='word_1_399' title='bbox 647 1502 678 1536; x_wconf 87' lang='grc' dir='ltr'><strong>εἰ</strong></span> <span class='ocrx_word' id='word_1_400' title='bbox 699 1500 739 1536; x_wconf 81' lang='grc' dir='ltr'><strong>δὲ</strong></span> <span class='ocrx_word' id='word_1_401' title='bbox 761 1502 798 1536; x_wconf 84' lang='grc' dir='ltr'><strong>οἱ</strong></span> <span class='ocrx_word' id='word_1_402' title='bbox 812 1504 878 1546; x_wconf 82' lang='grc' dir='ltr'><strong>μὲν</strong></span> <span class='ocrx_word' id='word_1_403' title='bbox 897 1506 1077 1549; x_wconf 90' lang='grc' dir='ltr'><strong><em>προςίοιεν</em></strong></span> <span class='ocrx_word' id='word_1_404' title='bbox 1099 1505 1159 1536; x_wconf 83' lang='grc' dir='ltr'><strong>καὶ</strong></span> <span class='ocrx_word' id='word_1_405' title='bbox 1181 1501 1315 1550; x_wconf 76' lang='grc' dir='ltr'><strong><em>λέγοιεν</em></strong></span> <span class='ocrx_word' id='word_1_406' title='bbox 1383 1502 1436 1538; x_wconf 90' lang='lat' dir='ltr'><strong>illi</strong></span> <span class='ocrx_word' id='word_1_407' title='bbox 1459 1502 1602 1548; x_wconf 83' lang='lat' dir='ltr'><strong>quidem</strong></span> <span class='ocrx_word' id='word_1_408' title='bbox 1624 1501 1776 1538; x_wconf 82' lang='lat' dir='ltr'><strong>adierint</strong></span> <span class='ocrx_word' id='word_1_409' title='bbox 1803 1505 1840 1537; x_wconf 85' lang='lat' dir='ltr'><strong>et</strong></span> <span class='ocrx_word' id='word_1_410' title='bbox 1863 1501 2018 1537; x_wconf 76' lang='lat' dir='ltr'><strong>dixerint</strong></span> <span class='ocrx_word' id='word_1_411' title='bbox 2039 1501 2225 1546; x_wconf 73' lang='lat' dir='ltr'><strong>violentos,</strong></span> <span class='ocrx_word' id='word_1_412' title='bbox 2255 1501 2318 1538; x_wconf 81' lang='lat' dir='ltr'><strong>ille</strong></span> <span class='ocrx_word' id='word_1_413' title='bbox 2340 1504 2461 1539; x_wconf 64' lang='lat' dir='ltr'><strong>autem</strong></span> 
     </span>
     <span class='ocr_line' id='line_1_45' title="bbox 233 1543 2462 1594; baseline 0.002 -16"><span class='ocrx_word' id='word_1_414' title='bbox 233 1547 315 1579; x_wconf 81' lang='grc' dir='ltr'><strong><em>τοὺς</em></strong></span> <span class='ocrx_word' id='word_1_415' title='bbox 347 1543 578 1589; x_wconf 79' lang='grc' dir='ltr'><strong><em>ἀδικοῦντας,</em></strong></span> <span class='ocrx_word' id='word_1_416' title='bbox 615 1544 721 1581; x_wconf 78' lang='grc' dir='ltr'><strong><em>αὐτὸς</em></strong></span> <span class='ocrx_word' id='word_1_417' title='bbox 756 1545 796 1581; x_wconf 75' lang='grc' dir='ltr'><strong>δὲ</strong></span> <span class='ocrx_word' id='word_1_418' title='bbox 830 1545 1120 1594; x_wconf 75' lang='grc' dir='ltr'><strong><em>ἐκδεδιῃτημένος</em></strong></span> <span class='ocrx_word' id='word_1_419' title='bbox 1154 1545 1221 1590; x_wconf 84' lang='grc' dir='ltr'><strong>ἤδη</strong></span> <span class='ocrx_word' id='word_1_420' title='bbox 1255 1549 1315 1581; x_wconf 85' lang='grc' dir='ltr'><strong>καὶ</strong></span> <span class='ocrx_word' id='word_1_421' title='bbox 1383 1547 1493 1583; x_wconf 83' lang='lat' dir='ltr'><strong>iudex</strong></span> <span class='ocrx_word' id='word_1_422' title='bbox 1515 1549 1553 1582; x_wconf 88' lang='lat' dir='ltr'><strong>et</strong></span> <span class='ocrx_word' id='word_1_423' title='bbox 1576 1547 1741 1593; x_wconf 86' lang='lat' dir='ltr'><strong>epulator</strong></span> <span class='ocrx_word' id='word_1_424' title='bbox 1762 1557 1836 1583; x_wconf 92' lang='lat' dir='ltr'><strong>non</strong></span> <span class='ocrx_word' id='word_1_425' title='bbox 1860 1547 2060 1592; x_wconf 85' lang='lat' dir='ltr'><strong>susceperit</strong></span> <span class='ocrx_word' id='word_1_426' title='bbox 2082 1547 2202 1591; x_wconf 85' lang='lat' dir='ltr'><strong>verba,</strong></span> <span class='ocrx_word' id='word_1_427' title='bbox 2235 1546 2300 1584; x_wconf 83' lang='lat' dir='ltr'><strong>sed</strong></span> <span class='ocrx_word' id='word_1_428' title='bbox 2321 1557 2462 1592; x_wconf 81' lang='lat' dir='ltr'><strong>gemere</strong></span> 
     </span>
     <span class='ocr_line' id='line_1_46' title="bbox 235 1588 2461 1639; baseline 0.002 -15"><span class='ocrx_word' id='word_1_429' title='bbox 235 1591 384 1635; x_wconf 78' lang='grc' dir='ltr'><strong><em>τρυφῶν</em></strong></span> <span class='ocrx_word' id='word_1_430' title='bbox 407 1588 471 1624; x_wconf 80' lang='grc' dir='ltr'><strong>οὐκ</strong></span> <span class='ocrx_word' id='word_1_431' title='bbox 495 1593 748 1639; x_wconf 77' lang='grc' dir='ltr'><strong><em>ἐπιστρέφοιτο</em></strong></span> <span class='ocrx_word' id='word_1_432' title='bbox 772 1593 850 1626; x_wconf 81' lang='grc' dir='ltr'><strong>τῶν</strong></span> <span class='ocrx_word' id='word_1_433' title='bbox 875 1591 1004 1639; x_wconf 78' lang='grc' dir='ltr'><strong><em>λόγων,</em></strong></span> <span class='ocrx_word' id='word_1_434' title='bbox 1035 1589 1116 1626; x_wconf 78' lang='grc' dir='ltr'><strong><em>ἀλλ’</em></strong></span> <span class='ocrx_word' id='word_1_435' title='bbox 1143 1591 1315 1636; x_wconf 78' lang='grc' dir='ltr'><strong><em>οἰμώζειν</em></strong></span> <span class='ocrx_word' id='word_1_436' title='bbox 1384 1592 1627 1638; x_wconf 83' lang='lat' dir='ltr'><strong>supplicantes</strong></span> <span class='ocrx_word' id='word_1_437' title='bbox 1652 1592 1840 1635; x_wconf 82' lang='lat' dir='ltr'><strong>dimiserit,</strong></span> <span class='ocrx_word' id='word_1_438' title='bbox 1872 1592 1925 1627; x_wconf 90' lang='lat' dir='ltr'><strong>illi</strong></span> <span class='ocrx_word' id='word_1_439' title='bbox 1948 1602 2032 1628; x_wconf 88' lang='lat' dir='ltr'><strong>vero</strong></span> <span class='ocrx_word' id='word_1_440' title='bbox 2064 1592 2181 1628; x_wconf 87' lang='lat' dir='ltr'><strong>coacti</strong></span> <span class='ocrx_word' id='word_1_441' title='bbox 2203 1594 2392 1629; x_wconf 70' lang='lat' dir='ltr'><strong>recurrant</strong></span> <span class='ocrx_word' id='word_1_442' title='bbox 2413 1592 2461 1629; x_wconf 74' lang='lat' dir='ltr'><strong>ad</strong></span> 
     </span>
     <span class='ocr_line' id='line_1_47' title="bbox 235 1633 2460 1692; baseline 0.002 -23"><span class='ocrx_word' id='word_1_443' title='bbox 235 1633 315 1669; x_wconf 83' lang='grc' dir='ltr'><strong><em>τοὺς</em></strong></span> <span class='ocrx_word' id='word_1_444' title='bbox 346 1634 570 1670; x_wconf 73' lang='grc' dir='ltr'><strong><em>ἱκετεύοντας</em></strong></span> <span class='ocrx_word' id='word_1_445' title='bbox 599 1635 881 1692; x_wconf 75' lang='grc' dir='ltr'><strong><em>καταλιμπάνω,</em></strong></span> <span class='ocrx_word' id='word_1_446' title='bbox 915 1636 951 1670; x_wconf 85' lang='grc' dir='ltr'><strong>οἱ</strong></span> <span class='ocrx_word' id='word_1_447' title='bbox 975 1635 1016 1671; x_wconf 81' lang='grc' dir='ltr'><strong>δὲ</strong></span> <span class='ocrx_word' id='word_1_448' title='bbox 1046 1633 1314 1684; x_wconf 75' lang='grc' dir='ltr'><strong><em>ἀναγκασθεῖεν</em></strong></span> <span class='ocrx_word' id='word_1_449' title='bbox 1328 1640 1370 1672; x_wconf 89' lang='grc'><strong>30</strong></span> <span class='ocrx_word' id='word_1_450' title='bbox 1383 1648 1463 1680; x_wconf 81' lang='lat' dir='ltr'><strong>nos,</strong></span> <span class='ocrx_word' id='word_1_451' title='bbox 1494 1641 1530 1673; x_wconf 84' lang='lat' dir='ltr'><strong>et</strong></span> <span class='ocrx_word' id='word_1_452' title='bbox 1559 1637 1712 1673; x_wconf 78' lang='lat' dir='ltr'><strong>maxime</strong></span> <span class='ocrx_word' id='word_1_453' title='bbox 1742 1637 1774 1672; x_wconf 81' lang='lat' dir='ltr'><strong>Si</strong></span> <span class='ocrx_word' id='word_1_454' title='bbox 1806 1637 1971 1673; x_wconf 80' lang='lat' dir='ltr'><strong>mulieres</strong></span> <span class='ocrx_word' id='word_1_455' title='bbox 2003 1637 2084 1681; x_wconf 78' lang='lat' dir='ltr'><strong>sint,</strong></span> <span class='ocrx_word' id='word_1_456' title='bbox 2114 1647 2253 1690; x_wconf 74' lang='lat' dir='ltr'><strong>nosque</strong></span> <span class='ocrx_word' id='word_1_457' title='bbox 2282 1636 2460 1674; x_wconf 70' lang='lat' dir='ltr'><strong>discamus</strong></span> 
     </span>
     <span class='ocr_line' id='line_1_48' title="bbox 234 1678 2461 1729; baseline 0.002 -16"><span class='ocrx_word' id='word_1_458' title='bbox 234 1682 372 1725; x_wconf 82' lang='grc' dir='ltr'><strong><em>τρέχειν</em></strong></span> <span class='ocrx_word' id='word_1_459' title='bbox 395 1681 443 1715; x_wconf 86' lang='grc' dir='ltr'><strong>εἰς</strong></span> <span class='ocrx_word' id='word_1_460' title='bbox 465 1678 572 1725; x_wconf 86' lang='grc' dir='ltr'><strong><em>ἡμᾶς,</em></strong></span> <span class='ocrx_word' id='word_1_461' title='bbox 604 1685 664 1715; x_wconf 84' lang='grc' dir='ltr'><strong>καὶ</strong></span> <span class='ocrx_word' id='word_1_462' title='bbox 684 1680 838 1727; x_wconf 86' lang='grc' dir='ltr'><strong><em>μαλιστα</em></strong></span> <span class='ocrx_word' id='word_1_463' title='bbox 866 1683 898 1715; x_wconf 83' lang='grc' dir='ltr'><strong>εἰ</strong></span> <span class='ocrx_word' id='word_1_464' title='bbox 920 1685 1083 1729; x_wconf 75' lang='grc' dir='ltr'><strong><em>γυναῖκες</em></strong></span> <span class='ocrx_word' id='word_1_465' title='bbox 1107 1682 1188 1724; x_wconf 83' lang='grc' dir='ltr'><strong><em>εἶεν,</em></strong></span> <span class='ocrx_word' id='word_1_466' title='bbox 1219 1680 1315 1727; x_wconf 85' lang='grc' dir='ltr'><strong><em>ἡμεῖς</em></strong></span> <span class='ocrx_word' id='word_1_467' title='bbox 1385 1683 1468 1728; x_wconf 75' lang='lat' dir='ltr'><strong>quia.</strong></span> <span class='ocrx_word' id='word_1_468' title='bbox 1487 1682 1538 1718; x_wconf 87' lang='lat' dir='ltr'><strong>illi</strong></span> <span class='ocrx_word' id='word_1_469' title='bbox 1559 1682 1701 1727; x_wconf 81' lang='lat' dir='ltr'><strong>quidem</strong></span> <span class='ocrx_word' id='word_1_470' title='bbox 1720 1682 1896 1727; x_wconf 77' lang='lat' dir='ltr'><strong>adierunt,</strong></span> <span class='ocrx_word' id='word_1_471' title='bbox 1919 1682 1981 1718; x_wconf 84' lang='lat' dir='ltr'><strong>ille</strong></span> <span class='ocrx_word' id='word_1_472' title='bbox 1997 1692 2080 1718; x_wconf 83' lang='lat' dir='ltr'><strong>vero</strong></span> <span class='ocrx_word' id='word_1_473' title='bbox 2100 1691 2174 1718; x_wconf 88' lang='grc'>11011</span> <span class='ocrx_word' id='word_1_474' title='bbox 2190 1681 2290 1726; x_wconf 78' lang='lat' dir='ltr'><strong>iuvit,</strong></span> <span class='ocrx_word' id='word_1_475' title='bbox 2315 1691 2461 1719; x_wconf 64' lang='grc'>0111188111</span> 
     </span>
     <span class='ocr_line' id='line_1_49' title="bbox 233 1723 2462 1774; baseline 0.002 -16"><span class='ocrx_word' id='word_1_476' title='bbox 233 1738 274 1759; x_wconf 79' lang='grc' dir='ltr'><strong>τε</strong></span> <span class='ocrx_word' id='word_1_477' title='bbox 295 1723 482 1770; x_wconf 77' lang='grc' dir='ltr'><strong><em>μάθοιμεν</em></strong></span> <span class='ocrx_word' id='word_1_478' title='bbox 505 1723 553 1760; x_wconf 77' lang='grc' dir='ltr'><strong><em>ὠς</em></strong></span> <span class='ocrx_word' id='word_1_479' title='bbox 576 1726 612 1760; x_wconf 89' lang='grc' dir='ltr'><strong>οἱ</strong></span> <span class='ocrx_word' id='word_1_480' title='bbox 629 1725 923 1774; x_wconf 73' lang='grc' dir='ltr'><strong><em>μὲνπροςῆλθον</em></strong></span> <span class='ocrx_word' id='word_1_481' title='bbox 953 1723 972 1761; x_wconf 86' lang='lat' dir='ltr'><strong>o‘</strong></span> <span class='ocrx_word' id='word_1_482' title='bbox 994 1725 1034 1761; x_wconf 77' lang='grc' dir='ltr'><strong>δὲ</strong></span> <span class='ocrx_word' id='word_1_483' title='bbox 1060 1723 1123 1760; x_wconf 79' lang='grc' dir='ltr'><strong>οὐκ</strong></span> <span class='ocrx_word' id='word_1_484' title='bbox 1143 1723 1314 1771; x_wconf 82' lang='grc' dir='ltr'><strong><em>ἠμύνατο,</em></strong></span> <span class='ocrx_word' id='word_1_485' title='bbox 1385 1728 1504 1763; x_wconf 82' lang='lat' dir='ltr'><strong>statim</strong></span> <span class='ocrx_word' id='word_1_486' title='bbox 1525 1726 1787 1773; x_wconf 85' lang='lat' dir='ltr'><strong>suspicabimur</strong></span> <span class='ocrx_word' id='word_1_487' title='bbox 1811 1727 1895 1772; x_wconf 90' lang='lat' dir='ltr'><strong>quia</strong></span> <span class='ocrx_word' id='word_1_488' title='bbox 1937 1730 2059 1773; x_wconf 84' lang='lat' dir='ltr'><strong>ropter</strong></span> <span class='ocrx_word' id='word_1_489' title='bbox 2075 1727 2217 1763; x_wconf 86' lang='lat' dir='ltr'><strong>lucrum</strong></span> <span class='ocrx_word' id='word_1_490' title='bbox 2236 1731 2298 1763; x_wconf 87' lang='lat' dir='ltr'><strong>aut</strong></span> <span class='ocrx_word' id='word_1_491' title='bbox 2313 1730 2462 1773; x_wconf 86' lang='lat' dir='ltr'><strong>propter</strong></span> 
     </span>
     <span class='ocr_line' id='line_1_50' title="bbox 234 1768 2460 1825; baseline 0.002 -22"><span class='ocrx_word' id='word_1_492' title='bbox 234 1768 277 1803; x_wconf 85' lang='grc' dir='ltr'><strong>τὸ</strong></span> <span class='ocrx_word' id='word_1_493' title='bbox 302 1771 450 1825; x_wconf 73' lang='grc' dir='ltr'><strong><em>πρᾶγμά</em></strong></span> <span class='ocrx_word' id='word_1_494' title='bbox 482 1784 523 1805; x_wconf 82' lang='grc' dir='ltr'><strong>τε</strong></span> <span class='ocrx_word' id='word_1_495' title='bbox 553 1768 662 1806; x_wconf 73' lang='grc' dir='ltr'><strong><em>εὐθὺς</em></strong></span> <span class='ocrx_word' id='word_1_496' title='bbox 683 1768 958 1816; x_wconf 77' lang='grc' dir='ltr'><strong><em>ὖποπτεύσομεν</em></strong></span> <span class='ocrx_word' id='word_1_497' title='bbox 990 1769 1038 1806; x_wconf 69' lang='grc' dir='ltr'><strong>οἷς</strong></span> <span class='ocrx_word' id='word_1_498' title='bbox 1063 1768 1085 1813; x_wconf 83' lang='grc' dir='ltr'>ἢ</span> <span class='ocrx_word' id='word_1_499' title='bbox 1109 1770 1170 1806; x_wconf 76' lang='grc' dir='ltr'><strong><em>διὰ</em></strong></span> <span class='ocrx_word' id='word_1_500' title='bbox 1193 1770 1316 1818; x_wconf 74' lang='grc' dir='ltr'><strong><em>κέρδος</em></strong></span> <span class='ocrx_word' id='word_1_501' title='bbox 1383 1773 1536 1818; x_wconf 85' lang='lat' dir='ltr'><strong>gratiam</strong></span> <span class='ocrx_word' id='word_1_502' title='bbox 1559 1774 1624 1808; x_wconf 90' lang='lat' dir='ltr'><strong>aut</strong></span> <span class='ocrx_word' id='word_1_503' title='bbox 1646 1776 1794 1819; x_wconf 88' lang='lat' dir='ltr'><strong>propter</strong></span> <span class='ocrx_word' id='word_1_504' title='bbox 1816 1772 1918 1808; x_wconf 87' lang='lat' dir='ltr'><strong>mede</strong></span> <span class='ocrx_word' id='word_1_505' title='bbox 1932 1782 1988 1808; x_wconf 88' lang='lat' dir='ltr'><strong>am</strong></span> <span class='ocrx_word' id='word_1_506' title='bbox 2014 1772 2213 1816; x_wconf 87' lang='lat' dir='ltr'><strong>aliquorum</strong></span> <span class='ocrx_word' id='word_1_507' title='bbox 2234 1771 2372 1808; x_wconf 80' lang='lat' dir='ltr'><strong>factum</strong></span> <span class='ocrx_word' id='word_1_508' title='bbox 2393 1775 2460 1816; x_wconf 79' lang='lat' dir='ltr'><strong>est,</strong></span> 
     </span>
     <span class='ocr_line' id='line_1_51' title="bbox 234 1811 2461 1864; baseline 0.003 -16"><span class='ocrx_word' id='word_1_509' title='bbox 234 1811 256 1857; x_wconf 81' lang='grc' dir='ltr'><em>ἢ</em></span> <span class='ocrx_word' id='word_1_510' title='bbox 279 1812 339 1848; x_wconf 83' lang='grc' dir='ltr'><strong>διὰ</strong></span> <span class='ocrx_word' id='word_1_511' title='bbox 362 1828 468 1862; x_wconf 75' lang='grc' dir='ltr'><strong><em>χαριν</em></strong></span> <span class='ocrx_word' id='word_1_512' title='bbox 497 1812 518 1859; x_wconf 84' lang='grc' dir='ltr'><em>ἢ</em></span> <span class='ocrx_word' id='word_1_513' title='bbox 542 1814 602 1850; x_wconf 79' lang='grc' dir='ltr'><strong>διὰ</strong></span> <span class='ocrx_word' id='word_1_514' title='bbox 626 1817 832 1863; x_wconf 83' lang='grc' dir='ltr'><strong><em>θεραπείαν</em></strong></span> <span class='ocrx_word' id='word_1_515' title='bbox 861 1818 976 1851; x_wconf 80' lang='grc' dir='ltr'><strong><em>τινῶν</em></strong></span> <span class='ocrx_word' id='word_1_516' title='bbox 998 1816 1204 1864; x_wconf 80' lang='grc' dir='ltr'><strong><em>γενόμενον,</em></strong></span> <span class='ocrx_word' id='word_1_517' title='bbox 1237 1817 1314 1851; x_wconf 84' lang='grc' dir='ltr'><strong><em>ἑαυ·</em></strong></span> <span class='ocrx_word' id='word_1_518' title='bbox 1384 1827 1520 1863; x_wconf 82' lang='lat' dir='ltr'><strong>nosque</strong></span> <span class='ocrx_word' id='word_1_519' title='bbox 1543 1818 1577 1853; x_wconf 83' lang='lat' dir='ltr'><strong>ei</strong></span> <span class='ocrx_word' id='word_1_520' title='bbox 1600 1817 1766 1853; x_wconf 77' lang='lat' dir='ltr'><strong>omnibus</strong></span> <span class='ocrx_word' id='word_1_521' title='bbox 1789 1817 1904 1853; x_wconf 77' lang='lat' dir='ltr'><strong>modis</strong></span> <span class='ocrx_word' id='word_1_522' title='bbox 1927 1818 2145 1861; x_wconf 72' lang='lat' dir='ltr'><strong>resistemus,</strong></span> <span class='ocrx_word' id='word_1_523' title='bbox 2169 1821 2206 1852; x_wconf 87' lang='lat' dir='ltr'><strong>et</strong></span> <span class='ocrx_word' id='word_1_524' title='bbox 2224 1827 2306 1853; x_wconf 83' lang='lat' dir='ltr'><strong>cum</strong></span> <span class='ocrx_word' id='word_1_525' title='bbox 2328 1816 2461 1863; x_wconf 75' lang='lat' dir='ltr'><strong>triplex</strong></span> 
     </span>
     <span class='ocr_line' id='line_1_52' title="bbox 234 1858 2460 1908; baseline 0.003 -15"><span class='ocrx_word' id='word_1_526' title='bbox 234 1858 317 1894; x_wconf 81' lang='grc' dir='ltr'><strong><em>τούς</em></strong></span> <span class='ocrx_word' id='word_1_527' title='bbox 334 1873 375 1894; x_wconf 88' lang='grc' dir='ltr'><strong>τε</strong></span> <span class='ocrx_word' id='word_1_528' title='bbox 396 1858 495 1903; x_wconf 80' lang='grc' dir='ltr'><strong><em>αὐτῷ</em></strong></span> <span class='ocrx_word' id='word_1_529' title='bbox 517 1865 701 1897; x_wconf 80' lang='grc' dir='ltr'><strong><em>παντοίως</em></strong></span> <span class='ocrx_word' id='word_1_530' title='bbox 716 1859 988 1907; x_wconf 82' lang='grc' dir='ltr'><strong><em>ἀντιστήσομεν,</em></strong></span> <span class='ocrx_word' id='word_1_531' title='bbox 1006 1865 1069 1901; x_wconf 69' lang='grc' dir='ltr'><strong><em>,καὶ</em></strong></span> <span class='ocrx_word' id='word_1_532' title='bbox 1088 1861 1239 1908; x_wconf 81' lang='grc' dir='ltr'><strong><em>τριπλῆς</em></strong></span> <span class='ocrx_word' id='word_1_533' title='bbox 1255 1859 1313 1905; x_wconf 76' lang='grc' dir='ltr'><strong>αὖ·</strong></span> <span class='ocrx_word' id='word_1_534' title='bbox 1328 1865 1370 1899; x_wconf 85' lang='grc'><strong>35</strong></span> <span class='ocrx_word' id='word_1_535' title='bbox 1385 1863 1493 1899; x_wconf 83' lang='lat' dir='ltr'><strong>etiam</strong></span> <span class='ocrx_word' id='word_1_536' title='bbox 1516 1862 1778 1899; x_wconf 81' lang='lat' dir='ltr'><strong>administratio</strong></span> <span class='ocrx_word' id='word_1_537' title='bbox 1803 1862 1860 1905; x_wconf 83' lang='lat' dir='ltr'><strong>sit,</strong></span> <span class='ocrx_word' id='word_1_538' title='bbox 1887 1862 2063 1908; x_wconf 82' lang='lat' dir='ltr'><strong>triplicem</strong></span> <span class='ocrx_word' id='word_1_539' title='bbox 2087 1862 2374 1898; x_wconf 75' lang='lat' dir='ltr'><strong>contrarietatem</strong></span> <span class='ocrx_word' id='word_1_540' title='bbox 2394 1861 2460 1899; x_wconf 69' lang='lat' dir='ltr'><strong>ha·</strong></span> 
     </span>
     <span class='ocr_line' id='line_1_53' title="bbox 235 1902 2348 1960; baseline 0.003 -23"><span class='ocrx_word' id='word_1_541' title='bbox 235 1906 288 1947; x_wconf 83' lang='grc' dir='ltr'><strong>τῷ</strong></span> <span class='ocrx_word' id='word_1_542' title='bbox 313 1906 374 1948; x_wconf 78' lang='grc' dir='ltr'><strong>τῆς</strong></span> <span class='ocrx_word' id='word_1_543' title='bbox 396 1902 502 1953; x_wconf 79' lang='grc' dir='ltr'><strong><em>ἀρχῆς</em></strong></span> <span class='ocrx_word' id='word_1_544' title='bbox 525 1906 630 1950; x_wconf 81' lang='grc' dir='ltr'><strong><em>οὔσης</em></strong></span> <span class='ocrx_word' id='word_1_545' title='bbox 652 1905 893 1960; x_wconf 72' lang='grc' dir='ltr'><strong><em>τριπλασίονα</em></strong></span> <span class='ocrx_word' id='word_1_546' title='bbox 922 1910 982 1941; x_wconf 83' lang='grc' dir='ltr'><strong>καὶ</strong></span> <span class='ocrx_word' id='word_1_547' title='bbox 1007 1905 1075 1950; x_wconf 84' lang='grc' dir='ltr'><strong>τὴν</strong></span> <span class='ocrx_word' id='word_1_548' title='bbox 1098 1905 1315 1942; x_wconf 88' lang='grc' dir='ltr'><strong><em>ἀντίστασιν</em></strong></span> <span class='ocrx_word' id='word_1_549' title='bbox 1385 1908 1493 1952; x_wconf 85' lang='lat' dir='ltr'><strong>bebit,</strong></span> <span class='ocrx_word' id='word_1_550' title='bbox 1516 1907 1714 1944; x_wconf 83' lang='lat' dir='ltr'><strong>rebellante</strong></span> <span class='ocrx_word' id='word_1_551' title='bbox 1737 1907 1771 1943; x_wconf 90' lang='lat' dir='ltr'><strong>ei</strong></span> <span class='ocrx_word' id='word_1_552' title='bbox 1793 1907 1932 1943; x_wconf 80' lang='lat' dir='ltr'><strong>iustitia</strong></span> <span class='ocrx_word' id='word_1_553' title='bbox 1954 1911 1992 1943; x_wconf 87' lang='lat' dir='ltr'><strong>et</strong></span> <span class='ocrx_word' id='word_1_554' title='bbox 2014 1907 2117 1944; x_wconf 81' lang='lat' dir='ltr'><strong>nobis</strong></span> <span class='ocrx_word' id='word_1_555' title='bbox 2140 1909 2177 1943; x_wconf 88' lang='lat' dir='ltr'><strong>et</strong></span> <span class='ocrx_word' id='word_1_556' title='bbox 2198 1906 2348 1952; x_wconf 74' lang='lat' dir='ltr'><strong>legibus.</strong></span> 
     </span>
     <span class='ocr_line' id='line_1_54' title="bbox 235 1948 1314 1996; baseline 0.004 -14"><span class='ocrx_word' id='word_1_557' title='bbox 235 1949 316 1991; x_wconf 80' lang='grc' dir='ltr'><strong><em>ἕξει,</em></strong></span> <span class='ocrx_word' id='word_1_558' title='bbox 341 1948 580 1993; x_wconf 79' lang='grc' dir='ltr'><strong><em>πολεμοῦντος</em></strong></span> <span class='ocrx_word' id='word_1_559' title='bbox 604 1948 702 1996; x_wconf 79' lang='grc' dir='ltr'><strong><em>αὗτῳ</em></strong></span> <span class='ocrx_word' id='word_1_560' title='bbox 726 1953 790 1986; x_wconf 83' lang='grc' dir='ltr'><strong>τοῦ</strong></span> <span class='ocrx_word' id='word_1_561' title='bbox 815 1950 954 1986; x_wconf 82' lang='grc' dir='ltr'><strong><em>δικαίου</em></strong></span> <span class='ocrx_word' id='word_1_562' title='bbox 976 1965 1018 1986; x_wconf 83' lang='grc' dir='ltr'><strong>τε</strong></span> <span class='ocrx_word' id='word_1_563' title='bbox 1041 1954 1100 1985; x_wconf 82' lang='grc' dir='ltr'><strong>καὶ</strong></span> <span class='ocrx_word' id='word_1_564' title='bbox 1124 1949 1230 1995; x_wconf 80' lang='grc' dir='ltr'><strong><em>ἡμῶν</em></strong></span> <span class='ocrx_word' id='word_1_565' title='bbox 1252 1955 1314 1986; x_wconf 81' lang='grc' dir='ltr'><strong>καὶ</strong></span> 
     </span>
     <span class='ocr_line' id='line_1_55' title="bbox 234 1992 2398 2051; baseline 0.003 -23"><span class='ocrx_word' id='word_1_566' title='bbox 234 1995 254 2029; x_wconf 92' lang='grc'><strong>1</strong></span> <span class='ocrx_word' id='word_1_567' title='bbox 301 1995 379 2028; x_wconf 80' lang='grc' dir='ltr'><strong>τῶν</strong></span> <span class='ocrx_word' id='word_1_568' title='bbox 399 1992 532 2040; x_wconf 89' lang='grc' dir='ltr'><strong><em>νόμων.</em></strong></span> <span class='ocrx_word' id='word_1_569' title='bbox 561 1992 673 2042; x_wconf 67' lang='grc' dir='ltr'><strong>εἉπερ</strong></span> <span class='ocrx_word' id='word_1_570' title='bbox 693 1994 804 2031; x_wconf 73' lang='grc' dir='ltr'><strong><em>αὐτὸν</em></strong></span> <span class='ocrx_word' id='word_1_571' title='bbox 823 1995 986 2043; x_wconf 85' lang='grc' dir='ltr'><strong><em>προςήκει</em></strong></span> <span class='ocrx_word' id='word_1_572' title='bbox 1000 1995 1146 2031; x_wconf 83' lang='grc' dir='ltr'><strong><em>δεδιότα</em></strong></span> <span class='ocrx_word' id='word_1_573' title='bbox 1160 1998 1315 2041; x_wconf 76' lang='grc' dir='ltr'><strong><em>καὶτῶν</em></strong></span> <span class='ocrx_word' id='word_1_574' title='bbox 1382 2000 1404 2034; x_wconf 91' lang='grc'><strong>1</strong></span> <span class='ocrx_word' id='word_1_575' title='bbox 1450 1997 1550 2042; x_wconf 74' lang='lat' dir='ltr'><strong>Quae</strong></span> <span class='ocrx_word' id='word_1_576' title='bbox 1579 2007 1660 2033; x_wconf 88' lang='lat' dir='ltr'><strong>eum</strong></span> <span class='ocrx_word' id='word_1_577' title='bbox 1683 1997 1786 2033; x_wconf 80' lang='lat' dir='ltr'><strong>decet</strong></span> <span class='ocrx_word' id='word_1_578' title='bbox 1818 1998 2032 2033; x_wconf 79' lang='lat' dir='ltr'><strong>metuentem</strong></span> <span class='ocrx_word' id='word_1_579' title='bbox 2058 2000 2094 2032; x_wconf 86' lang='lat' dir='ltr'><strong>et</strong></span> <span class='ocrx_word' id='word_1_580' title='bbox 2121 2000 2247 2033; x_wconf 82' lang='lat' dir='ltr'><strong>nostra</strong></span> <span class='ocrx_word' id='word_1_581' title='bbox 2267 2006 2398 2051; x_wconf 65' lang='lat' dir='ltr'><strong>praece</strong></span> 
     </span>
     <span class='ocr_line' id='line_1_56' title="bbox 235 2035 2460 2089; baseline 0.003 -16"><span class='ocrx_word' id='word_1_582' title='bbox 235 2035 418 2085; x_wconf 79' lang='grc' dir='ltr'><strong><em>ἡμετέρων</em></strong></span> <span class='ocrx_word' id='word_1_583' title='bbox 453 2040 765 2089; x_wconf 76' lang='grc' dir='ltr'><strong><em>παραγγελμάτων</em></strong></span> <span class='ocrx_word' id='word_1_584' title='bbox 796 2039 1172 2086; x_wconf 84' lang='grc' dir='ltr'><strong><em>ἀναμιμνησκόμενον,</em></strong></span> <span class='ocrx_word' id='word_1_585' title='bbox 1207 2039 1315 2076; x_wconf 79' lang='grc' dir='ltr'><strong><em>ἅτινα</em></strong></span> <span class='ocrx_word' id='word_1_586' title='bbox 1384 2046 1688 2086; x_wconf 83' lang='lat' dir='ltr'><strong>rememorantem,</strong></span> <span class='ocrx_word' id='word_1_587' title='bbox 1721 2052 1813 2088; x_wconf 80' lang='lat' dir='ltr'><strong>quae</strong></span> <span class='ocrx_word' id='word_1_588' title='bbox 1835 2042 1870 2077; x_wconf 85' lang='lat' dir='ltr'><strong>ei</strong></span> <span class='ocrx_word' id='word_1_589' title='bbox 1893 2042 2057 2078; x_wconf 72' lang='lat' dir='ltr'><strong>dabimus</strong></span> <span class='ocrx_word' id='word_1_590' title='bbox 2081 2052 2161 2078; x_wconf 86' lang='lat' dir='ltr'><strong>cum</strong></span> <span class='ocrx_word' id='word_1_591' title='bbox 2184 2042 2392 2079; x_wconf 73' lang='lat' dir='ltr'><strong>administra</strong></span> <span class='ocrx_word' id='word_1_592' title='bbox 2421 2053 2460 2079; x_wconf 89' lang='grc'><strong>0·</strong></span> 
     </span>
    </p>
   </div>
   <div class='ocr_carea' id='block_1_14' title="bbox 233 2151 2464 3009">
    <p class='ocr_par' dir='ltr' id='par_1_16' title="bbox 233 2151 2463 2519">
     <span class='ocr_line' id='line_1_57' title="bbox 235 2151 2462 2205; baseline 0.002 -19"><span class='ocrx_word' id='word_1_593' title='bbox 235 2151 368 2198; x_wconf 75' lang='lat' dir='ltr'><strong>quodsi</strong></span> <span class='ocrx_word' id='word_1_594' title='bbox 396 2163 469 2198; x_wconf 87' lang='lat' dir='ltr'><strong>qua</strong></span> <span class='ocrx_word' id='word_1_595' title='bbox 495 2156 678 2199; x_wconf 82' lang='lat' dir='ltr'><strong>potestate</strong></span> <span class='ocrx_word' id='word_1_596' title='bbox 707 2153 876 2199; x_wconf 70' lang='lat' dir='ltr'><strong>qraviore</strong></span> <span class='ocrx_word' id='word_1_597' title='bbox 905 2153 1088 2200; x_wconf 75' lang='lat' dir='ltr'><strong>indiqeat,</strong></span> <span class='ocrx_word' id='word_1_598' title='bbox 1119 2153 1302 2190; x_wconf 80' lang='lat' dir='ltr'><strong>nuntiabit</strong></span> <span class='ocrx_word' id='word_1_599' title='bbox 1329 2164 1406 2189; x_wconf 90' lang='lat' dir='ltr'><strong>rem</strong></span> <span class='ocrx_word' id='word_1_600' title='bbox 1436 2158 1474 2190; x_wconf 91' lang='lat' dir='ltr'><strong>et</strong></span> <span class='ocrx_word' id='word_1_601' title='bbox 1503 2157 1586 2190; x_wconf 88' lang='lat' dir='ltr'><strong>tuae</strong></span> <span class='ocrx_word' id='word_1_602' title='bbox 1608 2153 1820 2190; x_wconf 76' lang='lat' dir='ltr'><strong>sublimitati</strong></span> <span class='ocrx_word' id='word_1_603' title='bbox 1850 2157 1887 2189; x_wconf 83' lang='lat' dir='ltr'><strong>et</strong></span> <span class='ocrx_word' id='word_1_604' title='bbox 1906 2152 2170 2205; x_wconf 64' lang='lat' dir='ltr'><strong>qlomosissimo</strong></span> <span class='ocrx_word' id='word_1_605' title='bbox 2190 2153 2403 2200; x_wconf 82' lang='lat' dir='ltr'><strong>praeposito</strong></span> <span class='ocrx_word' id='word_1_606' title='bbox 2425 2158 2462 2190; x_wconf 86' lang='lat' dir='ltr'><strong>et</strong></span> 
     </span>
     <span class='ocr_line' id='line_1_58' title="bbox 234 2197 2460 2250; baseline 0.002 -19"><span class='ocrx_word' id='word_1_607' title='bbox 234 2197 384 2243; x_wconf 84' lang='lat' dir='ltr'><strong>reliquis</strong></span> <span class='ocrx_word' id='word_1_608' title='bbox 407 2197 646 2233; x_wconf 80' lang='lat' dir='ltr'><strong>celeberrimis</strong></span> <span class='ocrx_word' id='word_1_609' title='bbox 667 2208 727 2233; x_wconf 90' lang='lat' dir='ltr'><strong>ma</strong></span> <span class='ocrx_word' id='word_1_610' title='bbox 753 2198 951 2240; x_wconf 85' lang='lat' dir='ltr'><strong>istratibus,</strong></span> <span class='ocrx_word' id='word_1_611' title='bbox 1008 2199 1048 2233; x_wconf 86' lang='lat' dir='ltr'><strong>ui</strong></span> <span class='ocrx_word' id='word_1_612' title='bbox 1068 2198 1192 2245; x_wconf 85' lang='lat' dir='ltr'><strong>aliquo</strong></span> <span class='ocrx_word' id='word_1_613' title='bbox 1216 2198 1321 2234; x_wconf 90' lang='lat' dir='ltr'><strong>modo</strong></span> <span class='ocrx_word' id='word_1_614' title='bbox 1345 2199 1400 2234; x_wconf 86' lang='lat' dir='ltr'><strong>rei</strong></span> <span class='ocrx_word' id='word_1_615' title='bbox 1418 2199 1622 2246; x_wconf 79' lang='lat' dir='ltr'><strong>participes</strong></span> <span class='ocrx_word' id='word_1_616' title='bbox 1643 2202 1740 2242; x_wconf 89' lang='lat' dir='ltr'><strong>sunt,</strong></span> <span class='ocrx_word' id='word_1_617' title='bbox 1769 2202 1806 2249; x_wconf 75' lang='lat' dir='ltr'><strong>et</strong></span> <span class='ocrx_word' id='word_1_618' title='bbox 1827 2197 1932 2234; x_wconf 82' lang='lat' dir='ltr'><strong>nobis</strong></span> <span class='ocrx_word' id='word_1_619' title='bbox 1952 2197 2055 2250; x_wconf 80' lang='lat' dir='ltr'><strong>ipsis,</strong></span> <span class='ocrx_word' id='word_1_620' title='bbox 2077 2208 2216 2244; x_wconf 81' lang='lat' dir='ltr'><strong>nosque</strong></span> <span class='ocrx_word' id='word_1_621' title='bbox 2238 2199 2274 2234; x_wconf 86' lang='lat' dir='ltr'><strong>ei</strong></span> <span class='ocrx_word' id='word_1_622' title='bbox 2293 2198 2384 2245; x_wconf 75' lang='lat' dir='ltr'><strong>quid</strong></span> <span class='ocrx_word' id='word_1_623' title='bbox 2398 2199 2460 2245; x_wconf 78' lang='lat' dir='ltr'><strong>fa-</strong></span> 
     </span>
     <span class='ocr_line' id='line_1_59' title="bbox 235 2209 2462 2291; baseline 0.001 -14"><span class='ocrx_word' id='word_1_624' title='bbox 235 2244 256 2277; x_wconf 94' lang='lat'>1</span> <span class='ocrx_word' id='word_1_625' title='bbox 302 2241 465 2277; x_wconf 85' lang='lat' dir='ltr'><strong>ciendum</strong></span> <span class='ocrx_word' id='word_1_626' title='bbox 487 2243 537 2279; x_wconf 91' lang='lat' dir='ltr'><strong>sit</strong></span> <span class='ocrx_word' id='word_1_627' title='bbox 558 2209 845 2289; x_wconf 56' lang='lat' dir='ltr'><strong>explanagimus.</strong></span> <span class='ocrx_word' id='word_1_628' title='bbox 940 2243 992 2279; x_wconf 84' lang='lat' dir='ltr'><strong>Ta</strong></span> <span class='ocrx_word' id='word_1_629' title='bbox 1016 2243 1099 2280; x_wconf 89' lang='lat' dir='ltr'><strong>ulae</strong></span> <span class='ocrx_word' id='word_1_630' title='bbox 1129 2247 1248 2280; x_wconf 90' lang='lat' dir='ltr'><strong>autem</strong></span> <span class='ocrx_word' id='word_1_631' title='bbox 1271 2243 1465 2290; x_wconf 78' lang='lat' dir='ltr'><strong>quominus</strong></span> <span class='ocrx_word' id='word_1_632' title='bbox 1487 2254 1563 2291; x_wconf 83' lang='lat' dir='ltr'><strong>pro</strong></span> <span class='ocrx_word' id='word_1_633' title='bbox 1592 2247 1753 2280; x_wconf 85' lang='lat' dir='ltr'><strong>onantur</strong></span> <span class='ocrx_word' id='word_1_634' title='bbox 1780 2253 1820 2278; x_wconf 83' lang='lat' dir='ltr'><strong>m</strong></span> <span class='ocrx_word' id='word_1_635' title='bbox 1835 2243 2031 2290; x_wconf 74' lang='lat' dir='ltr'><strong>provincia</strong></span> <span class='ocrx_word' id='word_1_636' title='bbox 2061 2243 2122 2279; x_wconf 85' lang='lat' dir='ltr'><strong>cui</strong></span> <span class='ocrx_word' id='word_1_637' title='bbox 2134 2247 2288 2289; x_wconf 80' lang='lat' dir='ltr'><strong>praeest</strong></span> <span class='ocrx_word' id='word_1_638' title='bbox 2311 2244 2462 2280; x_wconf 81' lang='lat' dir='ltr'><strong>nomina</strong></span> 
     </span>
     <span class='ocr_line' id='line_1_60' title="bbox 235 2286 2462 2336; baseline 0.001 -14"><span class='ocrx_word' id='word_1_639' title='bbox 235 2286 462 2332; x_wconf 86' lang='lat' dir='ltr'><strong>quorundam</strong></span> <span class='ocrx_word' id='word_1_640' title='bbox 486 2287 694 2324; x_wconf 76' lang='lat' dir='ltr'><strong>exhibentes</strong></span> <span class='ocrx_word' id='word_1_641' title='bbox 717 2290 885 2335; x_wconf 78' lang='lat' dir='ltr'><strong>(excepto</strong></span> <span class='ocrx_word' id='word_1_642' title='bbox 909 2289 1059 2335; x_wconf 85' lang='lat' dir='ltr'><strong>imperio</strong></span> <span class='ocrx_word' id='word_1_643' title='bbox 1083 2292 1120 2325; x_wconf 88' lang='lat' dir='ltr'><strong>et</strong></span> <span class='ocrx_word' id='word_1_644' title='bbox 1140 2290 1300 2332; x_wconf 82' lang='lat' dir='ltr'><strong>aerario)</strong></span> <span class='ocrx_word' id='word_1_645' title='bbox 1324 2288 1416 2325; x_wconf 86' lang='lat' dir='ltr'><strong>adeo</strong></span> <span class='ocrx_word' id='word_1_646' title='bbox 1432 2288 1549 2336; x_wconf 75' lang='lat' dir='ltr'><strong>probi</strong></span> <span class='ocrx_word' id='word_1_647' title='bbox 1572 2288 1654 2331; x_wconf 87' lang='lat' dir='ltr'><strong>ebit,</strong></span> <span class='ocrx_word' id='word_1_648' title='bbox 1685 2292 1725 2324; x_wconf 90' lang='lat' dir='ltr'><strong>ut</strong></span> <span class='ocrx_word' id='word_1_649' title='bbox 1755 2292 1792 2325; x_wconf 89' lang='lat' dir='ltr'><strong>et</strong></span> <span class='ocrx_word' id='word_1_650' title='bbox 1822 2289 1917 2325; x_wconf 89' lang='lat' dir='ltr'><strong>bona</strong></span> <span class='ocrx_word' id='word_1_651' title='bbox 1938 2298 2063 2324; x_wconf 83' lang='lat' dir='ltr'><strong>eorum</strong></span> <span class='ocrx_word' id='word_1_652' title='bbox 2093 2288 2157 2334; x_wconf 83' lang='lat' dir='ltr'><strong>qui</strong></span> <span class='ocrx_word' id='word_1_653' title='bbox 2177 2287 2266 2334; x_wconf 83' lang='lat' dir='ltr'><strong>quid</strong></span> <span class='ocrx_word' id='word_1_654' title='bbox 2287 2287 2462 2326; x_wconf 72' lang='lat' dir='ltr'><strong>eiusmodi</strong></span> 
     </span>
     <span class='ocr_line' id='line_1_61' title="bbox 233 2332 2462 2381; baseline 0.001 -14"><span class='ocrx_word' id='word_1_655' title='bbox 233 2332 360 2377; x_wconf 84' lang='lat' dir='ltr'><strong>facere</strong></span> <span class='ocrx_word' id='word_1_656' title='bbox 384 2337 560 2368; x_wconf 87' lang='lat' dir='ltr'><strong>conentur</strong></span> <span class='ocrx_word' id='word_1_657' title='bbox 588 2333 750 2379; x_wconf 82' lang='lat' dir='ltr'><strong>publicet</strong></span> <span class='ocrx_word' id='word_1_658' title='bbox 771 2338 808 2369; x_wconf 89' lang='lat' dir='ltr'><strong>et</strong></span> <span class='ocrx_word' id='word_1_659' title='bbox 833 2344 960 2369; x_wconf 87' lang='lat' dir='ltr'><strong>manus</strong></span> <span class='ocrx_word' id='word_1_660' title='bbox 983 2333 1174 2369; x_wconf 79' lang='lat' dir='ltr'><strong>abscindat</strong></span> <span class='ocrx_word' id='word_1_661' title='bbox 1201 2334 1248 2369; x_wconf 84' lang='lat' dir='ltr'><strong>iis</strong></span> <span class='ocrx_word' id='word_1_662' title='bbox 1270 2334 1334 2381; x_wconf 81' lang='lat' dir='ltr'><strong>qui</strong></span> <span class='ocrx_word' id='word_1_663' title='bbox 1357 2345 1420 2370; x_wconf 90' lang='lat' dir='ltr'><strong>eas</strong></span> <span class='ocrx_word' id='word_1_664' title='bbox 1441 2334 1700 2381; x_wconf 87' lang='lat' dir='ltr'><strong>imposuerunt,</strong></span> <span class='ocrx_word' id='word_1_665' title='bbox 1723 2334 1758 2369; x_wconf 89' lang='lat' dir='ltr'><strong>si</strong></span> <span class='ocrx_word' id='word_1_666' title='bbox 1770 2337 1986 2380; x_wconf 83' lang='lat' dir='ltr'><strong>praesentes</strong></span> <span class='ocrx_word' id='word_1_667' title='bbox 2016 2332 2088 2379; x_wconf 82' lang='lat' dir='ltr'><strong>ipsi</strong></span> <span class='ocrx_word' id='word_1_668' title='bbox 2110 2332 2150 2368; x_wconf 90' lang='lat' dir='ltr'><strong>id</strong></span> <span class='ocrx_word' id='word_1_669' title='bbox 2172 2334 2256 2370; x_wconf 81' lang='lat' dir='ltr'><strong>ausi</strong></span> <span class='ocrx_word' id='word_1_670' title='bbox 2274 2333 2370 2375; x_wconf 60' lang='lat' dir='ltr'><strong>sinu</strong></span> <span class='ocrx_word' id='word_1_671' title='bbox 2402 2333 2462 2369; x_wconf 71' lang='lat' dir='ltr'><strong>sin</strong></span> 
     </span>
     <span class='ocr_line' id='line_1_62' title="bbox 236 2376 2463 2426; baseline 0.001 -14"><span class='ocrx_word' id='word_1_672' title='bbox 236 2376 435 2412; x_wconf 86' lang='lat' dir='ltr'><strong>absentium</strong></span> <span class='ocrx_word' id='word_1_673' title='bbox 465 2383 745 2424; x_wconf 85' lang='lat' dir='ltr'><strong>procuratores,</strong></span> <span class='ocrx_word' id='word_1_674' title='bbox 782 2378 956 2424; x_wconf 74' lang='lat' dir='ltr'><strong>qravibus</strong></span> <span class='ocrx_word' id='word_1_675' title='bbox 984 2389 1046 2414; x_wconf 90' lang='lat' dir='ltr'><strong>eos</strong></span> <span class='ocrx_word' id='word_1_676' title='bbox 1076 2378 1297 2415; x_wconf 88' lang='lat' dir='ltr'><strong>cruciatibus</strong></span> <span class='ocrx_word' id='word_1_677' title='bbox 1326 2378 1491 2415; x_wconf 86' lang='lat' dir='ltr'><strong>subiciat.</strong></span> <span class='ocrx_word' id='word_1_678' title='bbox 1552 2377 1662 2426; x_wconf 85' lang='lat' dir='ltr'><strong>Ipsos</strong></span> <span class='ocrx_word' id='word_1_679' title='bbox 1692 2389 1777 2415; x_wconf 86' lang='lat' dir='ltr'><strong>vero</strong></span> <span class='ocrx_word' id='word_1_680' title='bbox 1810 2377 1935 2415; x_wconf 73' lang='lat' dir='ltr'><strong>titulos</strong></span> <span class='ocrx_word' id='word_1_681' title='bbox 1965 2377 2129 2424; x_wconf 81' lang='lat' dir='ltr'><strong>quisquis</strong></span> <span class='ocrx_word' id='word_1_682' title='bbox 2158 2378 2317 2424; x_wconf 74' lang='lat' dir='ltr'><strong>affiqere</strong></span> <span class='ocrx_word' id='word_1_683' title='bbox 2350 2388 2463 2415; x_wconf 70' lang='lat' dir='ltr'><strong>ausus</strong></span> 
     </span>
     <span class='ocr_line' id='line_1_63' title="bbox 236 2422 2460 2470; baseline 0.001 -14"><span class='ocrx_word' id='word_1_684' title='bbox 236 2423 284 2456; x_wconf 86' lang='lat' dir='ltr'><strong>sit</strong></span> <span class='ocrx_word' id='word_1_685' title='bbox 313 2422 386 2457; x_wconf 83' lang='lat' dir='ltr'><strong>sive</strong></span> <span class='ocrx_word' id='word_1_686' title='bbox 410 2433 589 2468; x_wconf 86' lang='lat' dir='ltr'><strong>praesens</strong></span> <span class='ocrx_word' id='word_1_687' title='bbox 617 2424 692 2459; x_wconf 85' lang='lat' dir='ltr'><strong>sive</strong></span> <span class='ocrx_word' id='word_1_688' title='bbox 718 2434 790 2470; x_wconf 86' lang='lat' dir='ltr'><strong>pro</strong></span> <span class='ocrx_word' id='word_1_689' title='bbox 822 2423 968 2459; x_wconf 87' lang='lat' dir='ltr'><strong>absente</strong></span> <span class='ocrx_word' id='word_1_690' title='bbox 998 2435 1130 2470; x_wconf 76' lang='lat' dir='ltr'><strong>aqens,</strong></span> <span class='ocrx_word' id='word_1_691' title='bbox 1167 2423 1332 2460; x_wconf 82' lang='lat' dir='ltr'><strong>sublatos</strong></span> <span class='ocrx_word' id='word_1_692' title='bbox 1360 2424 1484 2460; x_wconf 87' lang='lat' dir='ltr'><strong>statim</strong></span> <span class='ocrx_word' id='word_1_693' title='bbox 1513 2424 1554 2460; x_wconf 89' lang='lat' dir='ltr'><strong>in</strong></span> <span class='ocrx_word' id='word_1_694' title='bbox 1584 2423 1705 2470; x_wconf 85' lang='lat' dir='ltr'><strong>capite</strong></span> <span class='ocrx_word' id='word_1_695' title='bbox 1735 2434 1860 2460; x_wconf 90' lang='lat' dir='ltr'><strong>eorum</strong></span> <span class='ocrx_word' id='word_1_696' title='bbox 1889 2423 1952 2469; x_wconf 86' lang='lat' dir='ltr'><strong>qui</strong></span> <span class='ocrx_word' id='word_1_697' title='bbox 1983 2433 2045 2459; x_wconf 86' lang='lat' dir='ltr'><strong>cos</strong></span> <span class='ocrx_word' id='word_1_698' title='bbox 2068 2426 2348 2470; x_wconf 81' lang='lat' dir='ltr'><strong>proposuerunt</strong></span> <span class='ocrx_word' id='word_1_699' title='bbox 2375 2433 2460 2459; x_wconf 78' lang='lat' dir='ltr'><strong>con-</strong></span> 
     </span>
     <span class='ocr_line' id='line_1_64' title="bbox 236 2467 2283 2519; baseline 0.001 -19"><span class='ocrx_word' id='word_1_700' title='bbox 236 2467 389 2512; x_wconf 75' lang='lat' dir='ltr'><strong>frinqet,</strong></span> <span class='ocrx_word' id='word_1_701' title='bbox 413 2468 529 2503; x_wconf 86' lang='lat' dir='ltr'><strong>sciens</strong></span> <span class='ocrx_word' id='word_1_702' title='bbox 551 2479 600 2510; x_wconf 89' lang='lat' dir='ltr'><strong>se,</strong></span> <span class='ocrx_word' id='word_1_703' title='bbox 624 2468 656 2503; x_wconf 85' lang='lat' dir='ltr'><strong>si</strong></span> <span class='ocrx_word' id='word_1_704' title='bbox 679 2467 769 2504; x_wconf 79' lang='lat' dir='ltr'><strong>baec</strong></span> <span class='ocrx_word' id='word_1_705' title='bbox 792 2470 941 2515; x_wconf 79' lang='lat' dir='ltr'><strong>coqnita</strong></span> <span class='ocrx_word' id='word_1_706' title='bbox 964 2469 1179 2515; x_wconf 75' lang='lat' dir='ltr'><strong>neqleoeerit,</strong></span> <span class='ocrx_word' id='word_1_707' title='bbox 1202 2469 1242 2503; x_wconf 87' lang='lat' dir='ltr'><strong>in</strong></span> <span class='ocrx_word' id='word_1_708' title='bbox 1263 2470 1341 2505; x_wconf 88' lang='lat' dir='ltr'><strong>suis</strong></span> <span class='ocrx_word' id='word_1_709' title='bbox 1363 2469 1481 2516; x_wconf 84' lang='lat' dir='ltr'><strong>ipsum</strong></span> <span class='ocrx_word' id='word_1_710' title='bbox 1504 2469 1612 2505; x_wconf 87' lang='lat' dir='ltr'><strong>rebus</strong></span> <span class='ocrx_word' id='word_1_711' title='bbox 1661 2468 1912 2505; x_wconf 84' lang='lat' dir='ltr'><strong>ublicationem</strong></span> <span class='ocrx_word' id='word_1_712' title='bbox 1936 2478 2013 2504; x_wconf 88' lang='lat' dir='ltr'><strong>esse</strong></span> <span class='ocrx_word' id='word_1_713' title='bbox 2035 2471 2283 2519; x_wconf 65' lang='lat' dir='ltr'><strong>experturum.</strong></span> 
     </span>
    </p>

    <p class='ocr_par' dir='ltr' id='par_1_17' title="bbox 236 2511 2464 3009">
     <span class='ocr_line' id='line_1_65' title="bbox 371 2511 2461 2560; baseline 0.002 -14"><span class='ocrx_word' id='word_1_714' title='bbox 371 2512 432 2547; x_wconf 90' lang='lat' dir='ltr'><strong>IX.</strong></span> <span class='ocrx_word' id='word_1_715' title='bbox 480 2511 621 2548; x_wconf 87' lang='lat' dir='ltr'><strong>Litibus</strong></span> <span class='ocrx_word' id='word_1_716' title='bbox 643 2524 727 2549; x_wconf 81' lang='lat' dir='ltr'><strong>vero</strong></span> <span class='ocrx_word' id='word_1_717' title='bbox 759 2524 838 2548; x_wconf 88' lang='lat' dir='ltr'><strong>cum</strong></span> <span class='ocrx_word' id='word_1_718' title='bbox 863 2514 960 2549; x_wconf 86' lang='lat' dir='ltr'><strong>omni</strong></span> <span class='ocrx_word' id='word_1_719' title='bbox 992 2514 1104 2549; x_wconf 88' lang='lat' dir='ltr'><strong>animi</strong></span> <span class='ocrx_word' id='word_1_720' title='bbox 1126 2514 1356 2550; x_wconf 84' lang='lat' dir='ltr'><strong>contentione</strong></span> <span class='ocrx_word' id='word_1_721' title='bbox 1379 2525 1505 2550; x_wconf 87' lang='lat' dir='ltr'><strong>curam</strong></span> <span class='ocrx_word' id='word_1_722' title='bbox 1528 2513 1615 2550; x_wconf 83' lang='lat' dir='ltr'><strong>adlzi</strong></span> <span class='ocrx_word' id='word_1_723' title='bbox 1638 2513 1726 2556; x_wconf 81' lang='lat' dir='ltr'><strong>chit,</strong></span> <span class='ocrx_word' id='word_1_724' title='bbox 1756 2524 1822 2550; x_wconf 88' lang='lat' dir='ltr'><strong>nec</strong></span> <span class='ocrx_word' id='word_1_725' title='bbox 1837 2513 2005 2560; x_wconf 80' lang='lat' dir='ltr'><strong>patietur</strong></span> <span class='ocrx_word' id='word_1_726' title='bbox 2027 2512 2210 2559; x_wconf 72' lang='lat' dir='ltr'><strong>aqnoolas</strong></span> <span class='ocrx_word' id='word_1_727' title='bbox 2230 2512 2328 2549; x_wconf 73' lang='lat' dir='ltr'><strong>sieut</strong></span> <span class='ocrx_word' id='word_1_728' title='bbox 2347 2523 2461 2560; x_wconf 72' lang='lat' dir='ltr'><strong>usque</strong></span> 
     </span>
     <span class='ocr_line' id='line_1_66' title="bbox 239 2555 2462 2639; baseline 0.002 -49"><span class='ocrx_word' id='word_1_729' title='bbox 239 2555 357 2590; x_wconf 79' lang='lat' dir='ltr'><strong>adbuc</strong></span> <span class='ocrx_word' id='word_1_730' title='bbox 380 2557 516 2592; x_wconf 77' lang='lat' dir='ltr'><strong>iniuria</strong></span> <span class='ocrx_word' id='word_1_731' title='bbox 539 2558 667 2602; x_wconf 80' lang='lat' dir='ltr'><strong>affici;</strong></span> <span class='ocrx_word' id='word_1_732' title='bbox 699 2569 814 2604; x_wconf 87' lang='lat' dir='ltr'><strong>neque</strong></span> <span class='ocrx_word' id='word_1_733' title='bbox 840 2557 1074 2604; x_wconf 84' lang='lat' dir='ltr'><strong>Cappadoces</strong></span> <span class='ocrx_word' id='word_1_734' title='bbox 1098 2558 1202 2594; x_wconf 87' lang='lat' dir='ltr'><strong>nobis</strong></span> <span class='ocrx_word' id='word_1_735' title='bbox 1224 2558 1381 2606; x_wconf 89' lang='lat' dir='ltr'><strong>amplius</strong></span> <span class='ocrx_word' id='word_1_736' title='bbox 1403 2559 1552 2606; x_wconf 75' lang='lat' dir='ltr'><strong>neqotia</strong></span> <span class='ocrx_word' id='word_1_737' title='bbox 1563 2559 1767 2639; x_wconf 67' lang='lat' dir='ltr'><strong>asacessent</strong></span> <span class='ocrx_word' id='word_1_738' title='bbox 1795 2558 1909 2594; x_wconf 87' lang='lat' dir='ltr'><strong>multa</strong></span> <span class='ocrx_word' id='word_1_739' title='bbox 1932 2557 2128 2594; x_wconf 85' lang='lat' dir='ltr'><strong>clamantes</strong></span> <span class='ocrx_word' id='word_1_740' title='bbox 2143 2561 2194 2609; x_wconf 36' lang='lat' dir='ltr'><strong>*et</strong></span> <span class='ocrx_word' id='word_1_741' title='bbox 2213 2557 2462 2637; x_wconf 62' lang='lat' dir='ltr'><strong>supplicante:</strong></span> 
     </span>
     <span class='ocr_line' id='line_1_67' title="bbox 239 2601 2463 2650; baseline 0.002 -16"><span class='ocrx_word' id='word_1_742' title='bbox 239 2604 275 2635; x_wconf 90' lang='lat' dir='ltr'><strong>et</strong></span> <span class='ocrx_word' id='word_1_743' title='bbox 298 2605 572 2646; x_wconf 80' lang='lat' dir='ltr'><strong>conquerentes,</strong></span> <span class='ocrx_word' id='word_1_744' title='bbox 604 2602 668 2638; x_wconf 89' lang='lat' dir='ltr'><strong>sed</strong></span> <span class='ocrx_word' id='word_1_745' title='bbox 689 2603 768 2648; x_wconf 81' lang='lat' dir='ltr'><strong>ipse</strong></span> <span class='ocrx_word' id='word_1_746' title='bbox 790 2603 836 2638; x_wconf 85' lang='lat' dir='ltr'><strong>iis</strong></span> <span class='ocrx_word' id='word_1_747' title='bbox 858 2603 916 2638; x_wconf 87' lang='lat' dir='ltr'><strong>ius</strong></span> <span class='ocrx_word' id='word_1_748' title='bbox 939 2603 1042 2640; x_wconf 83' lang='lat' dir='ltr'><strong>dicet.</strong></span> <span class='ocrx_word' id='word_1_749' title='bbox 1098 2603 1177 2639; x_wconf 88' lang='lat' dir='ltr'><strong>Nos</strong></span> <span class='ocrx_word' id='word_1_750' title='bbox 1206 2603 1300 2640; x_wconf 89' lang='lat' dir='ltr'><strong>enim</strong></span> <span class='ocrx_word' id='word_1_751' title='bbox 1330 2604 1363 2639; x_wconf 89' lang='lat' dir='ltr'><strong>si</strong></span> <span class='ocrx_word' id='word_1_752' title='bbox 1392 2615 1497 2650; x_wconf 86' lang='lat' dir='ltr'><strong>quem</strong></span> <span class='ocrx_word' id='word_1_753' title='bbox 1527 2604 1563 2640; x_wconf 89' lang='lat' dir='ltr'><strong>vi</strong></span> <span class='ocrx_word' id='word_1_754' title='bbox 1588 2614 1713 2639; x_wconf 88' lang='lat' dir='ltr'><strong>eamus</strong></span> <span class='ocrx_word' id='word_1_755' title='bbox 1743 2603 1876 2645; x_wconf 82' lang='lat' dir='ltr'><strong>venire,</strong></span> <span class='ocrx_word' id='word_1_756' title='bbox 1907 2603 1971 2648; x_wconf 84' lang='lat' dir='ltr'><strong>qui</strong></span> <span class='ocrx_word' id='word_1_757' title='bbox 1993 2613 2068 2639; x_wconf 87' lang='lat' dir='ltr'><strong>non</strong></span> <span class='ocrx_word' id='word_1_758' title='bbox 2083 2613 2195 2650; x_wconf 73' lang='lat' dir='ltr'><strong>prius</strong></span> <span class='ocrx_word' id='word_1_759' title='bbox 2224 2601 2252 2637; x_wconf 75' lang='lat' dir='ltr'><strong>tl</strong></span> <span class='ocrx_word' id='word_1_760' title='bbox 2265 2613 2277 2638; x_wconf 77' lang='grc' dir='ltr'><strong>ι</strong></span> <span class='ocrx_word' id='word_1_761' title='bbox 2308 2612 2463 2639; x_wconf 70' lang='lat' dir='ltr'><strong>intumas</strong></span> 
     </span>
     <span class='ocr_line' id='line_1_68' title="bbox 238 2647 2461 2696; baseline 0.003 -17"><span class='ocrx_word' id='word_1_762' title='bbox 238 2655 326 2679; x_wconf 87' lang='lat' dir='ltr'><strong>suas</strong></span> <span class='ocrx_word' id='word_1_763' title='bbox 349 2655 416 2680; x_wconf 90' lang='lat' dir='ltr'><strong>con</strong></span> <span class='ocrx_word' id='word_1_764' title='bbox 444 2651 565 2681; x_wconf 80' lang='lat' dir='ltr'><strong>aestus</strong></span> <span class='ocrx_word' id='word_1_765' title='bbox 587 2647 652 2689; x_wconf 88' lang='lat' dir='ltr'><strong>sit,</strong></span> <span class='ocrx_word' id='word_1_766' title='bbox 683 2647 777 2682; x_wconf 81' lang='lat' dir='ltr'><strong>bunc</strong></span> <span class='ocrx_word' id='word_1_767' title='bbox 799 2659 929 2683; x_wconf 87' lang='lat' dir='ltr'><strong>rursus</strong></span> <span class='ocrx_word' id='word_1_768' title='bbox 952 2659 1032 2683; x_wconf 91' lang='lat' dir='ltr'><strong>cum</strong></span> <span class='ocrx_word' id='word_1_769' title='bbox 1055 2649 1255 2695; x_wconf 75' lang='lat' dir='ltr'><strong>iqnominia</strong></span> <span class='ocrx_word' id='word_1_770' title='bbox 1284 2649 1322 2683; x_wconf 88' lang='lat' dir='ltr'><strong>in</strong></span> <span class='ocrx_word' id='word_1_771' title='bbox 1343 2649 1570 2696; x_wconf 88' lang='lat' dir='ltr'><strong>provinciam</strong></span> <span class='ocrx_word' id='word_1_772' title='bbox 1591 2649 1787 2691; x_wconf 84' lang='lat' dir='ltr'><strong>mittemus,</strong></span> <span class='ocrx_word' id='word_1_773' title='bbox 1821 2648 1990 2694; x_wconf 85' lang='lat' dir='ltr'><strong>quoniam</strong></span> <span class='ocrx_word' id='word_1_774' title='bbox 2016 2648 2234 2694; x_wconf 77' lang='lat' dir='ltr'><strong>maqistratu</strong></span> <span class='ocrx_word' id='word_1_775' title='bbox 2258 2647 2461 2695; x_wconf 75' lang='lat' dir='ltr'><strong>praeterito</strong></span> 
     </span>
     <span class='ocr_line' id='line_1_69' title="bbox 239 2689 2462 2745; baseline 0.003 -22"><span class='ocrx_word' id='word_1_776' title='bbox 239 2689 362 2724; x_wconf 85' lang='lat' dir='ltr'><strong>statim</strong></span> <span class='ocrx_word' id='word_1_777' title='bbox 385 2701 408 2724; x_wconf 90' lang='lat' dir='ltr'><strong>a</strong></span> <span class='ocrx_word' id='word_1_778' title='bbox 456 2701 523 2726; x_wconf 90' lang='lat' dir='ltr'><strong>nos</strong></span> <span class='ocrx_word' id='word_1_779' title='bbox 547 2692 716 2726; x_wconf 84' lang='lat' dir='ltr'><strong>cucurrit.</strong></span> <span class='ocrx_word' id='word_1_780' title='bbox 771 2691 813 2727; x_wconf 88' lang='lat' dir='ltr'><strong>Si</strong></span> <span class='ocrx_word' id='word_1_781' title='bbox 835 2703 920 2728; x_wconf 87' lang='lat' dir='ltr'><strong>vero</strong></span> <span class='ocrx_word' id='word_1_782' title='bbox 945 2692 1000 2728; x_wconf 89' lang='lat' dir='ltr'><strong>illi</strong></span> <span class='ocrx_word' id='word_1_783' title='bbox 1022 2693 1165 2739; x_wconf 82' lang='lat' dir='ltr'><strong>quidem</strong></span> <span class='ocrx_word' id='word_1_784' title='bbox 1197 2694 1314 2745; x_wconf 82' lang='lat' dir='ltr'><strong>ipsum</strong></span> <span class='ocrx_word' id='word_1_785' title='bbox 1345 2693 1479 2730; x_wconf 86' lang='lat' dir='ltr'><strong>adeant</strong></span> <span class='ocrx_word' id='word_1_786' title='bbox 1505 2704 1637 2740; x_wconf 86' lang='lat' dir='ltr'><strong>eosque</strong></span> <span class='ocrx_word' id='word_1_787' title='bbox 1667 2693 1731 2739; x_wconf 81' lang='lat' dir='ltr'><strong>qui</strong></span> <span class='ocrx_word' id='word_1_788' title='bbox 1753 2692 1924 2729; x_wconf 83' lang='lat' dir='ltr'><strong>iniuriam</strong></span> <span class='ocrx_word' id='word_1_789' title='bbox 1953 2691 2022 2728; x_wconf 78' lang='lat' dir='ltr'><strong>sibi</strong></span> <span class='ocrx_word' id='word_1_790' title='bbox 2049 2692 2239 2728; x_wconf 80' lang='lat' dir='ltr'><strong>intulerint</strong></span> <span class='ocrx_word' id='word_1_791' title='bbox 2266 2692 2462 2735; x_wconf 74' lang='lat' dir='ltr'><strong>noniinent,</strong></span> 
     </span>
     <span class='ocr_line' id='line_1_70' title="bbox 240 2735 2464 2784; baseline 0.003 -16"><span class='ocrx_word' id='word_1_792' title='bbox 240 2735 318 2780; x_wconf 81' lang='lat' dir='ltr'><strong>ipse</strong></span> <span class='ocrx_word' id='word_1_793' title='bbox 340 2745 424 2770; x_wconf 86' lang='lat' dir='ltr'><strong>vero</strong></span> <span class='ocrx_word' id='word_1_794' title='bbox 447 2735 518 2770; x_wconf 88' lang='lat' dir='ltr'><strong>iam</strong></span> <span class='ocrx_word' id='word_1_795' title='bbox 543 2736 706 2771; x_wconf 85' lang='lat' dir='ltr'><strong>licentius</strong></span> <span class='ocrx_word' id='word_1_796' title='bbox 727 2738 848 2772; x_wconf 83' lang='lat' dir='ltr'><strong>vivens</strong></span> <span class='ocrx_word' id='word_1_797' title='bbox 870 2747 914 2772; x_wconf 87' lang='lat' dir='ltr'><strong>ac</strong></span> <span class='ocrx_word' id='word_1_798' title='bbox 937 2737 1109 2774; x_wconf 78' lang='lat' dir='ltr'><strong>luxuriae</strong></span> <span class='ocrx_word' id='word_1_799' title='bbox 1126 2738 1268 2774; x_wconf 82' lang='lat' dir='ltr'><strong>deditus</strong></span> <span class='ocrx_word' id='word_1_800' title='bbox 1291 2749 1366 2774; x_wconf 91' lang='lat' dir='ltr'><strong>non</strong></span> <span class='ocrx_word' id='word_1_801' title='bbox 1385 2739 1550 2775; x_wconf 87' lang='lat' dir='ltr'><strong>advertat</strong></span> <span class='ocrx_word' id='word_1_802' title='bbox 1573 2739 1731 2774; x_wconf 83' lang='lat' dir='ltr'><strong>animum</strong></span> <span class='ocrx_word' id='word_1_803' title='bbox 1750 2736 1801 2773; x_wconf 86' lang='lat' dir='ltr'><strong>ad</strong></span> <span class='ocrx_word' id='word_1_804' title='bbox 1821 2747 2003 2774; x_wconf 87' lang='lat' dir='ltr'><strong>sermones</strong></span> <span class='ocrx_word' id='word_1_805' title='bbox 2027 2747 2171 2779; x_wconf 87' lang='lat' dir='ltr'><strong>eorum,</strong></span> <span class='ocrx_word' id='word_1_806' title='bbox 2199 2736 2264 2772; x_wconf 88' lang='lat' dir='ltr'><strong>sed</strong></span> <span class='ocrx_word' id='word_1_807' title='bbox 2279 2736 2464 2784; x_wconf 71' lang='lat' dir='ltr'><strong>supplica</strong></span> 
     </span>
     <span class='ocr_line' id='line_1_71' title="bbox 236 2779 2463 2834; baseline 0.003 -21"><span class='ocrx_word' id='word_1_808' title='bbox 236 2779 392 2826; x_wconf 87' lang='lat' dir='ltr'><strong>plorare</strong></span> <span class='ocrx_word' id='word_1_809' title='bbox 413 2780 521 2821; x_wconf 78' lang='lat' dir='ltr'><strong>sinat,</strong></span> <span class='ocrx_word' id='word_1_810' title='bbox 545 2780 643 2826; x_wconf 83' lang='lat' dir='ltr'><strong>iique</strong></span> <span class='ocrx_word' id='word_1_811' title='bbox 666 2780 715 2816; x_wconf 91' lang='lat' dir='ltr'><strong>ad</strong></span> <span class='ocrx_word' id='word_1_812' title='bbox 737 2792 804 2816; x_wconf 91' lang='lat' dir='ltr'><strong>nos</strong></span> <span class='ocrx_word' id='word_1_813' title='bbox 828 2793 974 2818; x_wconf 87' lang='lat' dir='ltr'><strong>currere</strong></span> <span class='ocrx_word' id='word_1_814' title='bbox 997 2787 1188 2829; x_wconf 77' lang='lat' dir='ltr'><strong>coquntur,</strong></span> <span class='ocrx_word' id='word_1_815' title='bbox 1210 2784 1427 2830; x_wconf 86' lang='lat' dir='ltr'><strong>praesertim</strong></span> <span class='ocrx_word' id='word_1_816' title='bbox 1450 2784 1483 2820; x_wconf 87' lang='lat' dir='ltr'><strong>si</strong></span> <span class='ocrx_word' id='word_1_817' title='bbox 1502 2783 1669 2819; x_wconf 86' lang='lat' dir='ltr'><strong>mulieres</strong></span> <span class='ocrx_word' id='word_1_818' title='bbox 1690 2782 1775 2826; x_wconf 85' lang='lat' dir='ltr'><strong>sint,</strong></span> <span class='ocrx_word' id='word_1_819' title='bbox 1798 2793 1936 2828; x_wconf 84' lang='lat' dir='ltr'><strong>nosque</strong></span> <span class='ocrx_word' id='word_1_820' title='bbox 1959 2791 2217 2828; x_wconf 61' lang='lat' dir='ltr'><strong>cognoscamus</strong></span> <span class='ocrx_word' id='word_1_821' title='bbox 2239 2792 2302 2818; x_wconf 78' lang='lat' dir='ltr'><strong>eos</strong></span> <span class='ocrx_word' id='word_1_822' title='bbox 2321 2780 2463 2834; x_wconf 61' lang='lat' dir='ltr'><strong>quddam</strong></span> 
     </span>
     <span class='ocr_line' id='line_1_72' title="bbox 241 2823 2463 2875; baseline 0.002 -16"><span class='ocrx_word' id='word_1_823' title='bbox 241 2823 386 2866; x_wconf 86' lang='lat' dir='ltr'><strong>adiisse,</strong></span> <span class='ocrx_word' id='word_1_824' title='bbox 409 2824 527 2870; x_wconf 83' lang='lat' dir='ltr'><strong>ipsum</strong></span> <span class='ocrx_word' id='word_1_825' title='bbox 551 2836 634 2860; x_wconf 89' lang='lat' dir='ltr'><strong>vero</strong></span> <span class='ocrx_word' id='word_1_826' title='bbox 659 2836 762 2871; x_wconf 87' lang='lat' dir='ltr'><strong>opem</strong></span> <span class='ocrx_word' id='word_1_827' title='bbox 783 2837 857 2862; x_wconf 93' lang='lat' dir='ltr'><strong>non</strong></span> <span class='ocrx_word' id='word_1_828' title='bbox 879 2826 1013 2869; x_wconf 86' lang='lat' dir='ltr'><strong>tulisse,</strong></span> <span class='ocrx_word' id='word_1_829' title='bbox 1037 2838 1115 2863; x_wconf 87' lang='lat' dir='ltr'><strong>eam</strong></span> <span class='ocrx_word' id='word_1_830' title='bbox 1135 2839 1212 2863; x_wconf 88' lang='lat' dir='ltr'><strong>rem</strong></span> <span class='ocrx_word' id='word_1_831' title='bbox 1233 2828 1355 2864; x_wconf 87' lang='lat' dir='ltr'><strong>statim</strong></span> <span class='ocrx_word' id='word_1_832' title='bbox 1372 2828 1639 2875; x_wconf 86' lang='lat' dir='ltr'><strong>suspicabimur</strong></span> <span class='ocrx_word' id='word_1_833' title='bbox 1658 2827 1715 2866; x_wconf 84' lang='lat' dir='ltr'><strong>vel</strong></span> <span class='ocrx_word' id='word_1_834' title='bbox 1728 2830 1883 2874; x_wconf 85' lang='lat' dir='ltr'><strong>propter</strong></span> <span class='ocrx_word' id='word_1_835' title='bbox 1903 2826 2042 2863; x_wconf 87' lang='lat' dir='ltr'><strong>lucrum</strong></span> <span class='ocrx_word' id='word_1_836' title='bbox 2061 2826 2117 2863; x_wconf 85' lang='lat' dir='ltr'><strong>vel</strong></span> <span class='ocrx_word' id='word_1_837' title='bbox 2132 2830 2287 2873; x_wconf 83' lang='lat' dir='ltr'><strong>propter</strong></span> <span class='ocrx_word' id='word_1_838' title='bbox 2305 2830 2463 2872; x_wconf 60' lang='lat' dir='ltr'><strong>granam</strong></span> 
     </span>
     <span class='ocr_line' id='line_1_73' title="bbox 241 2868 2463 2922; baseline 0.001 -17"><span class='ocrx_word' id='word_1_839' title='bbox 241 2868 296 2905; x_wconf 88' lang='lat' dir='ltr'><strong>vel</strong></span> <span class='ocrx_word' id='word_1_840' title='bbox 312 2875 470 2915; x_wconf 85' lang='lat' dir='ltr'><strong>propter</strong></span> <span class='ocrx_word' id='word_1_841' title='bbox 493 2869 699 2914; x_wconf 85' lang='lat' dir='ltr'><strong>beneficium</strong></span> <span class='ocrx_word' id='word_1_842' title='bbox 723 2870 950 2916; x_wconf 84' lang='lat' dir='ltr'><strong>quorundam</strong></span> <span class='ocrx_word' id='word_1_843' title='bbox 970 2872 1112 2917; x_wconf 86' lang='lat' dir='ltr'><strong>factam</strong></span> <span class='ocrx_word' id='word_1_844' title='bbox 1136 2884 1223 2915; x_wconf 90' lang='lat' dir='ltr'><strong>esse,</strong></span> <span class='ocrx_word' id='word_1_845' title='bbox 1247 2884 1386 2919; x_wconf 84' lang='lat' dir='ltr'><strong>nosque</strong></span> <span class='ocrx_word' id='word_1_846' title='bbox 1408 2874 1511 2920; x_wconf 86' lang='lat' dir='ltr'><strong>ipsos</strong></span> <span class='ocrx_word' id='word_1_847' title='bbox 1532 2873 1590 2910; x_wconf 87' lang='lat' dir='ltr'><strong>illi</strong></span> <span class='ocrx_word' id='word_1_848' title='bbox 1612 2872 1773 2909; x_wconf 84' lang='lat' dir='ltr'><strong>omnibus</strong></span> <span class='ocrx_word' id='word_1_849' title='bbox 1793 2871 1910 2908; x_wconf 86' lang='lat' dir='ltr'><strong>modis</strong></span> <span class='ocrx_word' id='word_1_850' title='bbox 1932 2883 1954 2908; x_wconf 91' lang='grc' dir='ltr'><strong>ο</strong></span> <span class='ocrx_word' id='word_1_851' title='bbox 1976 2882 2169 2922; x_wconf 67' lang='lat' dir='ltr'><strong>ponemus,</strong></span> <span class='ocrx_word' id='word_1_852' title='bbox 2191 2875 2325 2909; x_wconf 82' lang='lat' dir='ltr'><strong>etcum</strong></span> <span class='ocrx_word' id='word_1_853' title='bbox 2347 2871 2398 2907; x_wconf 85' lang='lat' dir='ltr'><strong>tri</strong></span> <span class='ocrx_word' id='word_1_854' title='bbox 2419 2870 2463 2908; x_wconf 72' lang='lat' dir='ltr'><strong>lu·-</strong></span> 
     </span>
     <span class='ocr_line' id='line_1_74' title="bbox 241 2881 2462 2968; baseline 0.002 -19"><span class='ocrx_word' id='word_1_855' title='bbox 241 2924 317 2949; x_wconf 87' lang='lat' dir='ltr'><strong>cem</strong></span> <span class='ocrx_word' id='word_1_856' title='bbox 368 2918 554 2950; x_wconf 83' lang='lat' dir='ltr'><strong>otestatem</strong></span> <span class='ocrx_word' id='word_1_857' title='bbox 576 2919 693 2960; x_wconf 74' lang='lat' dir='ltr'><strong>qerat,</strong></span> <span class='ocrx_word' id='word_1_858' title='bbox 727 2915 902 2961; x_wconf 84' lang='lat' dir='ltr'><strong>triplicem</strong></span> <span class='ocrx_word' id='word_1_859' title='bbox 926 2927 1070 2962; x_wconf 82' lang='lat' dir='ltr'><strong>quoque</strong></span> <span class='ocrx_word' id='word_1_860' title='bbox 1094 2918 1360 2964; x_wconf 86' lang='lat' dir='ltr'><strong>oppositionem</strong></span> <span class='ocrx_word' id='word_1_861' title='bbox 1383 2918 1526 2955; x_wconf 76' lang='lat' dir='ltr'><strong>habebit</strong></span> <span class='ocrx_word' id='word_1_862' title='bbox 1547 2921 1584 2954; x_wconf 86' lang='lat' dir='ltr'><strong>et</strong></span> <span class='ocrx_word' id='word_1_863' title='bbox 1605 2917 1684 2954; x_wconf 83' lang='lat' dir='ltr'><strong>iure</strong></span> <span class='ocrx_word' id='word_1_864' title='bbox 1707 2922 1744 2954; x_wconf 88' lang='lat' dir='ltr'><strong>et</strong></span> <span class='ocrx_word' id='word_1_865' title='bbox 1765 2916 1869 2954; x_wconf 89' lang='lat' dir='ltr'><strong>nobis</strong></span> <span class='ocrx_word' id='word_1_866' title='bbox 1893 2921 1929 2953; x_wconf 91' lang='lat' dir='ltr'><strong>et</strong></span> <span class='ocrx_word' id='word_1_867' title='bbox 1965 2916 2141 2968; x_wconf 64' lang='lat' dir='ltr'><strong>eqibuset</strong></span> <span class='ocrx_word' id='word_1_868' title='bbox 2163 2926 2282 2963; x_wconf 73' lang='lat' dir='ltr'><strong>repuy</strong></span> <span class='ocrx_word' id='word_1_869' title='bbox 2326 2961 2333 2968; x_wconf 47' lang='grc'><em>.</em></span> <span class='ocrx_word' id='word_1_870' title='bbox 2380 2881 2462 2968; x_wconf 52' lang='lat' dir='ltr'><strong>&#39;gact-</strong></span> 
     </span>
     <span class='ocr_line' id='line_1_75' title="bbox 241 2958 2463 3009; baseline 0.002 -15"><span class='ocrx_word' id='word_1_871' title='bbox 241 2960 263 2994; x_wconf 92' lang='lat'>1</span> <span class='ocrx_word' id='word_1_872' title='bbox 347 2969 415 2994; x_wconf 86' lang='lat' dir='ltr'><strong>uae</strong></span> <span class='ocrx_word' id='word_1_873' title='bbox 437 2958 580 3004; x_wconf 82' lang='lat' dir='ltr'><strong>quidem</strong></span> <span class='ocrx_word' id='word_1_874' title='bbox 602 2960 753 2995; x_wconf 84' lang='lat' dir='ltr'><strong>veritum</strong></span> <span class='ocrx_word' id='word_1_875' title='bbox 777 2970 854 2994; x_wconf 87' lang='lat' dir='ltr'><strong>eum</strong></span> <span class='ocrx_word' id='word_1_876' title='bbox 884 2964 920 2996; x_wconf 86' lang='lat' dir='ltr'><strong>et</strong></span> <span class='ocrx_word' id='word_1_877' title='bbox 942 2972 1132 2998; x_wconf 88' lang='lat' dir='ltr'><strong>memorem</strong></span> <span class='ocrx_word' id='word_1_878' title='bbox 1154 2966 1435 3009; x_wconf 86' lang='lat' dir='ltr'><strong>praeceptorum</strong></span> <span class='ocrx_word' id='word_1_879' title='bbox 1458 2968 1675 3004; x_wconf 87' lang='lat' dir='ltr'><strong>nostrorum,</strong></span> <span class='ocrx_word' id='word_1_880' title='bbox 1706 2973 1800 3008; x_wconf 86' lang='lat' dir='ltr'><strong>quae</strong></span> <span class='ocrx_word' id='word_1_881' title='bbox 1822 2962 1878 2997; x_wconf 83' lang='lat' dir='ltr'><strong>illi</strong></span> <span class='ocrx_word' id='word_1_882' title='bbox 1901 2972 1981 2997; x_wconf 85' lang='lat' dir='ltr'><strong>cum</strong></span> <span class='ocrx_word' id='word_1_883' title='bbox 2003 2965 2239 3007; x_wconf 74' lang='lat' dir='ltr'><strong>maqistratus</strong></span> <span class='ocrx_word' id='word_1_884' title='bbox 2262 2958 2463 3007; x_wconf 58' lang='lat' dir='ltr'><strong>insonabas</strong></span> 
     </span>
    </p>
   </div>
   <div class='ocr_carea' id='block_1_15' title="bbox 244 3035 400 3040">
    <p class='ocr_par' dir='ltr' id='par_1_18' title="bbox 244 3035 400 3040">
     <span class='ocr_line' id='line_1_76' title="bbox 244 3035 400 3040; baseline 0 0"><span class='ocrx_word' id='word_1_885' title='bbox 244 3035 400 3040; x_wconf 95' lang='lat' dir='ltr'><strong> </strong></span> 
     </span>
    </p>
   </div>
   <div class='ocr_carea' id='block_1_16' title="bbox 407 3035 516 3040">
    <p class='ocr_par' dir='ltr' id='par_1_19' title="bbox 407 3035 516 3040">
     <span class='ocr_line' id='line_1_77' title="bbox 407 3035 516 3040; baseline 0 0"><span class='ocrx_word' id='word_1_886' title='bbox 407 3035 516 3040; x_wconf 95' lang='lat' dir='ltr'><strong> </strong></span> 
     </span>
    </p>
   </div>
   <div class='ocr_carea' id='block_1_17' title="bbox 241 3068 1320 3376">
    <p class='ocr_par' dir='ltr' id='par_1_20' title="bbox 241 3068 1320 3376">
     <span class='ocr_line' id='line_1_78' title="bbox 287 3068 1317 3119; baseline 0.001 -13"><span class='ocrx_word' id='word_1_887' title='bbox 287 3074 307 3106; x_wconf 85' lang='lat'><strong>2</strong></span> <span class='ocrx_word' id='word_1_888' title='bbox 333 3070 421 3117; x_wconf 84' lang='grc' dir='ltr'><strong><em>πρός</em></strong></span> <span class='ocrx_word' id='word_1_889' title='bbox 443 3083 484 3104; x_wconf 85' lang='grc' dir='ltr'><strong>τε</strong></span> <span class='ocrx_word' id='word_1_890' title='bbox 506 3069 573 3114; x_wconf 87' lang='grc' dir='ltr'><strong>τὴν</strong></span> <span class='ocrx_word' id='word_1_891' title='bbox 594 3072 696 3113; x_wconf 72' lang='lat' dir='ltr'><strong>LBs]</strong></span> <span class='ocrx_word' id='word_1_892' title='bbox 721 3071 808 3117; x_wconf 85' lang='grc' dir='ltr'><strong><em>πρὸς</em></strong></span> <span class='ocrx_word' id='word_1_893' title='bbox 831 3069 898 3113; x_wconf 86' lang='grc' dir='ltr'><strong>τὴν</strong></span> <span class='ocrx_word' id='word_1_894' title='bbox 918 3072 962 3104; x_wconf 88' lang='grc' dir='ltr'><em>Μ</em></span> <span class='ocrx_word' id='word_1_895' title='bbox 976 3071 1023 3116; x_wconf 83' lang='grc'><strong>114</strong></span> <span class='ocrx_word' id='word_1_896' title='bbox 1048 3068 1233 3119; x_wconf 77' lang='grc' dir='ltr'><strong><em>ἄρχοντας]</em></strong></span> <span class='ocrx_word' id='word_1_897' title='bbox 1258 3085 1317 3108; x_wconf 89' lang='lat' dir='ltr'><strong>no-</strong></span> 
     </span>
     <span class='ocr_line' id='line_1_79' title="bbox 242 3113 1317 3163; baseline 0.001 -13"><span class='ocrx_word' id='word_1_898' title='bbox 242 3120 325 3150; x_wconf 82' lang='lat' dir='ltr'><strong>stros</strong></span> <span class='ocrx_word' id='word_1_899' title='bbox 343 3117 469 3150; x_wconf 82' lang='lat' dir='ltr'><strong>iudices</strong></span> <span class='ocrx_word' id='word_1_900' title='bbox 493 3128 512 3153; x_wconf 79' lang='grc' dir='ltr'><strong><em>ς</em></strong></span> <span class='ocrx_word' id='word_1_901' title='bbox 530 3118 542 3158; x_wconf 81' lang='grc' dir='ltr'><strong>ΙΙ</strong></span> <span class='ocrx_word' id='word_1_902' title='bbox 559 3119 578 3151; x_wconf 91' lang='grc'>5</span> <span class='ocrx_word' id='word_1_903' title='bbox 604 3113 717 3160; x_wconf 77' lang='grc' dir='ltr'><strong><em>αὐτῷ]</em></strong></span> <span class='ocrx_word' id='word_1_904' title='bbox 743 3118 849 3159; x_wconf 87' lang='lat' dir='ltr'><strong>ipsum</strong></span> <span class='ocrx_word' id='word_1_905' title='bbox 872 3118 906 3157; x_wconf 80' lang='grc' dir='ltr'><strong><em>(ι’.</em></strong></span> <span class='ocrx_word' id='word_1_906' title='bbox 921 3129 947 3149; x_wconf 83' lang='lat' dir='ltr'><strong>e.</strong></span> <span class='ocrx_word' id='word_1_907' title='bbox 963 3113 1066 3157; x_wconf 78' lang='grc' dir='ltr'><strong><em>αὐτὸ)</em></strong></span> <span class='ocrx_word' id='word_1_908' title='bbox 1085 3130 1103 3153; x_wconf 82' lang='grc' dir='ltr'><strong><em>ς</em></strong></span> <span class='ocrx_word' id='word_1_909' title='bbox 1119 3117 1132 3161; x_wconf 81' lang='grc' dir='ltr'><strong>ΙΙ</strong></span> <span class='ocrx_word' id='word_1_910' title='bbox 1155 3120 1193 3152; x_wconf 85' lang='grc'><strong>15</strong></span> <span class='ocrx_word' id='word_1_911' title='bbox 1218 3130 1317 3163; x_wconf 85' lang='grc' dir='ltr'><strong><em>περι-</em></strong></span> 
     </span>
     <span class='ocr_line' id='line_1_80' title="bbox 242 3157 1318 3208; baseline 0 -12"><span class='ocrx_word' id='word_1_912' title='bbox 242 3159 339 3208; x_wconf 83' lang='grc' dir='ltr'><strong><em>ρήξει</em></strong></span> <span class='ocrx_word' id='word_1_913' title='bbox 365 3162 435 3196; x_wconf 85' lang='lat' dir='ltr'><strong>ML</strong></span> <span class='ocrx_word' id='word_1_914' title='bbox 465 3160 479 3206; x_wconf 71' lang='lat' dir='ltr'>u</span> <span class='ocrx_word' id='word_1_915' title='bbox 508 3162 549 3196; x_wconf 86' lang='lat'><strong>16</strong></span> <span class='ocrx_word' id='word_1_916' title='bbox 572 3158 665 3203; x_wconf 85' lang='grc' dir='ltr'><strong><em>εἰδῆς</em></strong></span> <span class='ocrx_word' id='word_1_917' title='bbox 688 3161 720 3194; x_wconf 87' lang='lat' dir='ltr'><em>L</em></span> <span class='ocrx_word' id='word_1_918' title='bbox 749 3160 762 3204; x_wconf 88' lang='grc' dir='ltr'><strong>ΙΙ</strong></span> <span class='ocrx_word' id='word_1_919' title='bbox 793 3162 831 3194; x_wconf 84' lang='grc'><strong>19</strong></span> <span class='ocrx_word' id='word_1_920' title='bbox 857 3157 1010 3194; x_wconf 83' lang='grc' dir='ltr'><strong><em>δικαίων</em></strong></span> <span class='ocrx_word' id='word_1_921' title='bbox 1034 3162 1064 3194; x_wconf 90' lang='lat' dir='ltr'><em>L</em></span> <span class='ocrx_word' id='word_1_922' title='bbox 1088 3161 1100 3204; x_wconf 78' lang='grc' dir='ltr'><strong>ΙΙ</strong></span> <span class='ocrx_word' id='word_1_923' title='bbox 1130 3163 1219 3195; x_wconf 80' lang='grc' dir='ltr'><strong><em>πᾶσι</em></strong></span> <span class='ocrx_word' id='word_1_924' title='bbox 1241 3165 1271 3196; x_wconf 90' lang='lat' dir='ltr'><em>L</em></span> <span class='ocrx_word' id='word_1_925' title='bbox 1306 3163 1318 3204; x_wconf 79' lang='grc' dir='ltr'>Η</span> 
     </span>
     <span class='ocr_line' id='line_1_81' title="bbox 243 3203 1320 3252; baseline -0.001 -11"><span class='ocrx_word' id='word_1_926' title='bbox 243 3209 286 3241; x_wconf 90' lang='grc'><strong>23</strong></span> <span class='ocrx_word' id='word_1_927' title='bbox 309 3204 445 3251; x_wconf 83' lang='grc' dir='ltr'><strong><em>ἴδωμεν</em></strong></span> <span class='ocrx_word' id='word_1_928' title='bbox 468 3207 503 3240; x_wconf 89' lang='grc' dir='ltr'><em>Β</em></span> <span class='ocrx_word' id='word_1_929' title='bbox 521 3205 534 3250; x_wconf 87' lang='grc' dir='ltr'><strong>ΙΙ</strong></span> <span class='ocrx_word' id='word_1_930' title='bbox 562 3208 605 3242; x_wconf 87' lang='grc'><strong>26</strong></span> <span class='ocrx_word' id='word_1_931' title='bbox 629 3203 844 3248; x_wconf 76' lang='grc' dir='ltr'><strong><em>στελλοῦμεν</em></strong></span> <span class='ocrx_word' id='word_1_932' title='bbox 868 3206 940 3238; x_wconf 87' lang='lat' dir='ltr'><strong>ML</strong></span> <span class='ocrx_word' id='word_1_933' title='bbox 969 3205 982 3249; x_wconf 84' lang='grc' dir='ltr'><strong>ΙΙ</strong></span> <span class='ocrx_word' id='word_1_934' title='bbox 1011 3207 1053 3239; x_wconf 89' lang='grc'><strong>28</strong></span> <span class='ocrx_word' id='word_1_935' title='bbox 1077 3203 1145 3248; x_wconf 83' lang='grc' dir='ltr'><strong><em>ἤδη</em></strong></span> <span class='ocrx_word' id='word_1_936' title='bbox 1170 3220 1228 3241; x_wconf 88' lang='lat' dir='ltr'><strong>om.</strong></span> <span class='ocrx_word' id='word_1_937' title='bbox 1253 3220 1272 3243; x_wconf 81' lang='grc' dir='ltr'><strong><em>ς</em></strong></span> <span class='ocrx_word' id='word_1_938' title='bbox 1307 3208 1320 3252; x_wconf 76' lang='lat' dir='ltr'>n</span> 
     </span>
     <span class='ocr_line' id='line_1_82' title="bbox 243 3246 1320 3296; baseline -0.001 -10"><span class='ocrx_word' id='word_1_939' title='bbox 243 3254 285 3286; x_wconf 89' lang='lat'><strong>30</strong></span> <span class='ocrx_word' id='word_1_940' title='bbox 310 3249 574 3296; x_wconf 83' lang='grc' dir='ltr'><strong><em>καταλιμπάνει</em></strong></span> <span class='ocrx_word' id='word_1_941' title='bbox 598 3251 634 3284; x_wconf 91' lang='grc' dir='ltr'><em>Β</em></span> <span class='ocrx_word' id='word_1_942' title='bbox 656 3251 669 3294; x_wconf 70' lang='grc' dir='ltr'><strong>ΙΙ</strong></span> <span class='ocrx_word' id='word_1_943' title='bbox 700 3252 741 3284; x_wconf 89' lang='grc'><strong>33</strong></span> <span class='ocrx_word' id='word_1_944' title='bbox 767 3246 815 3283; x_wconf 76' lang='grc' dir='ltr'><strong><em>ὠς</em></strong></span> <span class='ocrx_word' id='word_1_945' title='bbox 837 3246 870 3291; x_wconf 89' lang='grc' dir='ltr'><strong>ἢ]</strong></span> <span class='ocrx_word' id='word_1_946' title='bbox 895 3247 916 3291; x_wconf 86' lang='grc' dir='ltr'><em>ἢ</em></span> <span class='ocrx_word' id='word_1_947' title='bbox 940 3263 998 3282; x_wconf 88' lang='lat' dir='ltr'><strong>om.</strong></span> <span class='ocrx_word' id='word_1_948' title='bbox 1025 3262 1043 3286; x_wconf 84' lang='grc' dir='ltr'><strong><em>ς</em></strong></span> <span class='ocrx_word' id='word_1_949' title='bbox 1068 3250 1080 3293; x_wconf 84' lang='grc' dir='ltr'><strong>ΙΙ</strong></span> <span class='ocrx_word' id='word_1_950' title='bbox 1110 3252 1152 3284; x_wconf 87' lang='grc'><strong>34</strong></span> <span class='ocrx_word' id='word_1_951' title='bbox 1176 3249 1320 3285; x_wconf 78' lang='grc' dir='ltr'><strong><em>ἑαυτούς</em></strong></span> 
     </span>
     <span class='ocr_line' id='line_1_83' title="bbox 241 3291 1320 3340; baseline -0.002 -10"><span class='ocrx_word' id='word_1_952' title='bbox 241 3310 282 3331; x_wconf 86' lang='grc' dir='ltr'><strong>τε</strong></span> <span class='ocrx_word' id='word_1_953' title='bbox 306 3294 405 3340; x_wconf 77' lang='grc' dir='ltr'><strong><em>αὐτῷ</em></strong></span> <span class='ocrx_word' id='word_1_954' title='bbox 430 3297 568 3339; x_wconf 67' lang='lat' dir='ltr'><em>LB(5)]</em></span> <span class='ocrx_word' id='word_1_955' title='bbox 593 3293 767 3331; x_wconf 82' lang='grc' dir='ltr'><strong><em>έπαυτούς</em></strong></span> <span class='ocrx_word' id='word_1_956' title='bbox 789 3295 830 3327; x_wconf 70' lang='grc' dir='ltr'><strong>τὸ</strong></span> <span class='ocrx_word' id='word_1_957' title='bbox 853 3291 965 3328; x_wconf 78' lang='grc' dir='ltr'><strong><em>αὐτὸν</em></strong></span> <span class='ocrx_word' id='word_1_958' title='bbox 987 3295 1029 3327; x_wconf 89' lang='grc' dir='ltr'><em>Μ</em></span> <span class='ocrx_word' id='word_1_959' title='bbox 1042 3294 1054 3337; x_wconf 92' lang='grc' dir='ltr'><strong>ΙΙ</strong></span> <span class='ocrx_word' id='word_1_960' title='bbox 1073 3297 1112 3329; x_wconf 86' lang='grc'><strong>37</strong></span> <span class='ocrx_word' id='word_1_961' title='bbox 1139 3293 1242 3337; x_wconf 83' lang='grc' dir='ltr'><strong><em>ὴμῶν</em></strong></span> <span class='ocrx_word' id='word_1_962' title='bbox 1261 3298 1320 3328; x_wconf 76' lang='grc' dir='ltr'><strong>καὶ</strong></span> 
     </span>
     <span class='ocr_line' id='line_1_84' title="bbox 243 3343 358 3376; baseline 0.009 -1"><span class='ocrx_word' id='word_1_963' title='bbox 243 3357 301 3376; x_wconf 74' lang='grc'>0711.</span> <span class='ocrx_word' id='word_1_964' title='bbox 322 3343 358 3376; x_wconf 85' lang='grc' dir='ltr'><em>Β</em></span> 
     </span>
    </p>
   </div>
   <div class='ocr_carea' id='block_1_18' title="bbox 1325 3072 2463 3651">
    <p class='ocr_par' dir='ltr' id='par_1_21' title="bbox 1386 3072 2463 3431">
     <span class='ocr_line' id='line_1_85' title="bbox 1388 3072 2444 3120; baseline -0.003 -10"><span class='ocrx_word' id='word_1_965' title='bbox 1388 3077 1421 3109; x_wconf 92' lang='lat' dir='ltr'><em>T</em></span> <span class='ocrx_word' id='word_1_966' title='bbox 1435 3075 1447 3120; x_wconf 88' lang='grc' dir='ltr'><strong>ΙΙ</strong></span> <span class='ocrx_word' id='word_1_967' title='bbox 1465 3077 1507 3109; x_wconf 86' lang='grc'><strong>14</strong></span> <span class='ocrx_word' id='word_1_968' title='bbox 1525 3075 1710 3117; x_wconf 81' lang='lat' dir='ltr'><strong>infringere</strong></span> <span class='ocrx_word' id='word_1_969' title='bbox 1726 3075 1759 3108; x_wconf 87' lang='lat' dir='ltr'><em>T</em></span> <span class='ocrx_word' id='word_1_970' title='bbox 1773 3073 1923 3116; x_wconf 83' lang='lat' dir='ltr'><strong>infringe</strong></span> <span class='ocrx_word' id='word_1_971' title='bbox 1945 3073 2000 3118; x_wconf 71' lang='lat' dir='ltr'><strong>Vn</strong></span> <span class='ocrx_word' id='word_1_972' title='bbox 2017 3074 2059 3108; x_wconf 84' lang='lat'><strong>22</strong></span> <span class='ocrx_word' id='word_1_973' title='bbox 2085 3075 2117 3107; x_wconf 85' lang='lat' dir='ltr'><strong>et</strong></span> <span class='ocrx_word' id='word_1_974' title='bbox 2137 3073 2312 3106; x_wconf 81' lang='lat' dir='ltr'><strong>adorantes</strong></span> <span class='ocrx_word' id='word_1_975' title='bbox 2335 3084 2394 3107; x_wconf 87' lang='lat' dir='ltr'><strong>om.</strong></span> <span class='ocrx_word' id='word_1_976' title='bbox 2412 3072 2444 3107; x_wconf 77' lang='lat' dir='ltr'><em>V</em></span> 
     </span>
     <span class='ocr_line' id='line_1_86' title="bbox 1386 3116 2448 3196; baseline -0.004 -42"><span class='ocrx_word' id='word_1_977' title='bbox 1386 3122 1429 3155; x_wconf 83' lang='lat'><strong>23</strong></span> <span class='ocrx_word' id='word_1_978' title='bbox 1453 3121 1482 3153; x_wconf 86' lang='lat' dir='ltr'><strong>si</strong></span> <span class='ocrx_word' id='word_1_979' title='bbox 1506 3131 1602 3162; x_wconf 86' lang='lat' dir='ltr'><strong>quem</strong></span> <span class='ocrx_word' id='word_1_980' title='bbox 1624 3121 1721 3161; x_wconf 78' lang='lat' dir='ltr'><strong>Tul-J</strong></span> <span class='ocrx_word' id='word_1_981' title='bbox 1745 3120 1774 3152; x_wconf 87' lang='lat' dir='ltr'><strong>si</strong></span> <span class='ocrx_word' id='word_1_982' title='bbox 1797 3118 1932 3161; x_wconf 88' lang='lat' dir='ltr'><strong>quidem</strong></span> <span class='ocrx_word' id='word_1_983' title='bbox 1952 3118 2010 3161; x_wconf 72' lang='lat' dir='ltr'><strong>Vn</strong></span> <span class='ocrx_word' id='word_1_984' title='bbox 2025 3120 2070 3153; x_wconf 85' lang='lat'><strong>24</strong></span> <span class='ocrx_word' id='word_1_985' title='bbox 2092 3128 2185 3151; x_wconf 84' lang='lat' dir='ltr'><strong>suam</strong></span> <span class='ocrx_word' id='word_1_986' title='bbox 2205 3116 2287 3196; x_wconf 70' lang='lat' dir='ltr'><strong>V⁸Vfl</strong></span> <span class='ocrx_word' id='word_1_987' title='bbox 2304 3117 2363 3151; x_wconf 84' lang='lat' dir='ltr'><strong>*ei</strong></span> <span class='ocrx_word' id='word_1_988' title='bbox 2381 3126 2448 3151; x_wconf 85' lang='lat' dir='ltr'><strong>non</strong></span> 
     </span>
     <span class='ocr_line' id='line_1_87' title="bbox 1387 3162 2461 3208; baseline -0.003 -10"><span class='ocrx_word' id='word_1_989' title='bbox 1387 3165 1417 3197; x_wconf 88' lang='lat' dir='ltr'><strong>ei</strong></span> <span class='ocrx_word' id='word_1_990' title='bbox 1437 3167 1507 3198; x_wconf 82' lang='grc' dir='ltr'><strong><em>οιῖιο</em></strong></span> <span class='ocrx_word' id='word_1_991' title='bbox 1521 3167 1555 3206; x_wconf 81' lang='grc' dir='ltr'><strong><em>(ι’.</em></strong></span> <span class='ocrx_word' id='word_1_992' title='bbox 1570 3178 1595 3198; x_wconf 88' lang='lat' dir='ltr'><strong>e.</strong></span> <span class='ocrx_word' id='word_1_993' title='bbox 1610 3164 1759 3206; x_wconf 88' lang='lat' dir='ltr'><strong>omnino)</strong></span> <span class='ocrx_word' id='word_1_994' title='bbox 1782 3164 1818 3198; x_wconf 88' lang='lat' dir='ltr'><strong><em>V</em></strong></span> <span class='ocrx_word' id='word_1_995' title='bbox 1834 3163 1925 3198; x_wconf 85' lang='lat' dir='ltr'><strong>enim</strong></span> <span class='ocrx_word' id='word_1_996' title='bbox 1940 3163 2026 3197; x_wconf 87' lang='lat' dir='ltr'><strong>Tal.</strong></span> <span class='ocrx_word' id='word_1_997' title='bbox 2041 3163 2054 3206; x_wconf 72' lang='lat' dir='ltr'>u</span> <span class='ocrx_word' id='word_1_998' title='bbox 2072 3162 2225 3196; x_wconf 77' lang='lat' dir='ltr'><strong>defluerit</strong></span> <span class='ocrx_word' id='word_1_999' title='bbox 2288 3162 2302 3208; x_wconf 84' lang='grc' dir='ltr'>Ι</span> <span class='ocrx_word' id='word_1_1000' title='bbox 2320 3163 2362 3196; x_wconf 75' lang='grc'><strong>26</strong></span> <span class='ocrx_word' id='word_1_1001' title='bbox 2387 3172 2461 3196; x_wconf 87' lang='lat' dir='ltr'><strong>cum</strong></span> 
     </span>
     <span class='ocr_line' id='line_1_88' title="bbox 1388 3205 2437 3285; baseline -0.004 -43"><span class='ocrx_word' id='word_1_1002' title='bbox 1388 3208 1439 3252; x_wconf 91' lang='lat' dir='ltr'><strong>V]</strong></span> <span class='ocrx_word' id='word_1_1003' title='bbox 1453 3222 1512 3243; x_wconf 88' lang='lat' dir='ltr'><strong>om.</strong></span> <span class='ocrx_word' id='word_1_1004' title='bbox 1529 3211 1567 3244; x_wconf 85' lang='lat' dir='ltr'><strong>T.</strong></span> <span class='ocrx_word' id='word_1_1005' title='bbox 1583 3210 1626 3244; x_wconf 87' lang='lat' dir='ltr'><strong>al.</strong></span> <span class='ocrx_word' id='word_1_1006' title='bbox 1644 3209 1658 3254; x_wconf 70' lang='lat' dir='ltr'>fl</span> <span class='ocrx_word' id='word_1_1007' title='bbox 1677 3207 1913 3243; x_wconf 84' lang='lat' dir='ltr'><strong>contumeliam</strong></span> <span class='ocrx_word' id='word_1_1008' title='bbox 1932 3205 2015 3250; x_wconf 65' lang='lat' dir='ltr'><strong>VT!</strong></span> <span class='ocrx_word' id='word_1_1009' title='bbox 2027 3205 2098 3251; x_wconf 73' lang='lat' dir='ltr'><strong>‘eol</strong></span> <span class='ocrx_word' id='word_1_1010' title='bbox 2116 3208 2149 3239; x_wconf 82' lang='lat' dir='ltr'><strong>et</strong></span> <span class='ocrx_word' id='word_1_1011' title='bbox 2169 3206 2254 3248; x_wconf 73' lang='lat' dir='ltr'><strong>libri,</strong></span> <span class='ocrx_word' id='word_1_1012' title='bbox 2274 3219 2333 3240; x_wconf 79' lang='lat' dir='ltr'><strong>om.</strong></span> <span class='ocrx_word' id='word_1_1013' title='bbox 2350 3205 2437 3285; x_wconf 40' lang='grc' dir='ltr'><strong>ναξ</strong></span> 
     </span>
     <span class='ocr_line' id='line_1_89' title="bbox 1388 3250 2372 3297; baseline -0.002 -11"><span class='ocrx_word' id='word_1_1014' title='bbox 1388 3255 1428 3287; x_wconf 86' lang='grc'><strong>27</strong></span> <span class='ocrx_word' id='word_1_1015' title='bbox 1454 3253 1507 3286; x_wconf 87' lang='lat' dir='ltr'><strong>illi</strong></span> <span class='ocrx_word' id='word_1_1016' title='bbox 1528 3266 1587 3286; x_wconf 85' lang='lat' dir='ltr'><strong>om.</strong></span> <span class='ocrx_word' id='word_1_1017' title='bbox 1609 3254 1643 3287; x_wconf 92' lang='lat' dir='ltr'><strong><em>V</em></strong></span> <span class='ocrx_word' id='word_1_1018' title='bbox 1660 3254 1672 3297; x_wconf 83' lang='grc' dir='ltr'><strong>ΙΙ</strong></span> <span class='ocrx_word' id='word_1_1019' title='bbox 1695 3252 1829 3295; x_wconf 87' lang='lat' dir='ltr'><strong>quidem</strong></span> <span class='ocrx_word' id='word_1_1020' title='bbox 1852 3252 1956 3295; x_wconf 78' lang='lat' dir='ltr'><strong>vu19.]</strong></span> <span class='ocrx_word' id='word_1_1021' title='bbox 1981 3251 2040 3293; x_wconf 84' lang='lat' dir='ltr'><strong>qui</strong></span> <span class='ocrx_word' id='word_1_1022' title='bbox 2064 3251 2142 3286; x_wconf 76' lang='lat' dir='ltr'><strong>libri</strong></span> <span class='ocrx_word' id='word_1_1023' title='bbox 2156 3250 2170 3294; x_wconf 81' lang='grc'><strong>11</strong></span> <span class='ocrx_word' id='word_1_1024' title='bbox 2190 3250 2372 3284; x_wconf 81' lang='lat' dir='ltr'><strong>adiecerint</strong></span> 
     </span>
     <span class='ocr_line' id='line_1_90' title="bbox 1387 3295 2461 3340; baseline -0.002 -11"><span class='ocrx_word' id='word_1_1025' title='bbox 1387 3297 1550 3330; x_wconf 77' lang='lat' dir='ltr'><strong>uiolentos</strong></span> <span class='ocrx_word' id='word_1_1026' title='bbox 1572 3299 1603 3331; x_wconf 92' lang='lat' dir='ltr'><strong><em>V</em></strong></span> <span class='ocrx_word' id='word_1_1027' title='bbox 1622 3298 1634 3340; x_wconf 89' lang='grc' dir='ltr'><strong>ΙΙ</strong></span> <span class='ocrx_word' id='word_1_1028' title='bbox 1660 3300 1699 3332; x_wconf 87' lang='grc'><strong>31</strong></span> <span class='ocrx_word' id='word_1_1029' title='bbox 1723 3297 1823 3338; x_wconf 83' lang='lat' dir='ltr'><strong>iuvit]</strong></span> <span class='ocrx_word' id='word_1_1030' title='bbox 1846 3296 1941 3329; x_wconf 85' lang='lat' dir='ltr'><strong>iubet</strong></span> <span class='ocrx_word' id='word_1_1031' title='bbox 1962 3296 2041 3330; x_wconf 82' lang='lat' dir='ltr'><strong>libri</strong></span> <span class='ocrx_word' id='word_1_1032' title='bbox 2059 3296 2165 3339; x_wconf 82' lang='lat' dir='ltr'><strong>(iuvet</strong></span> <span class='ocrx_word' id='word_1_1033' title='bbox 2177 3295 2315 3338; x_wconf 63' lang='lat' dir='ltr'><strong>Beckssl</strong></span> <span class='ocrx_word' id='word_1_1034' title='bbox 2341 3296 2383 3330; x_wconf 79' lang='lat'><strong>32</strong></span> <span class='ocrx_word' id='word_1_1035' title='bbox 2406 3304 2461 3328; x_wconf 82' lang='lat' dir='ltr'><strong>su-</strong></span> 
     </span>
     <span class='ocr_line' id='line_1_91' title="bbox 1387 3339 2463 3387; baseline -0.001 -13"><span class='ocrx_word' id='word_1_1036' title='bbox 1387 3343 1589 3383; x_wconf 86' lang='lat' dir='ltr'><strong>spicauimus</strong></span> <span class='ocrx_word' id='word_1_1037' title='bbox 1615 3343 1692 3376; x_wconf 79' lang='lat' dir='ltr'><strong>libri</strong></span> <span class='ocrx_word' id='word_1_1038' title='bbox 1719 3341 1732 3387; x_wconf 85' lang='grc'><strong>11</strong></span> <span class='ocrx_word' id='word_1_1039' title='bbox 1758 3341 1890 3374; x_wconf 84' lang='lat' dir='ltr'><strong>lucrum</strong></span> <span class='ocrx_word' id='word_1_1040' title='bbox 1912 3343 1971 3374; x_wconf 88' lang='lat' dir='ltr'><strong>aut</strong></span> <span class='ocrx_word' id='word_1_1041' title='bbox 1993 3342 2129 3383; x_wconf 81' lang='lat' dir='ltr'><strong>propter</strong></span> <span class='ocrx_word' id='word_1_1042' title='bbox 2151 3353 2210 3374; x_wconf 89' lang='lat' dir='ltr'><strong>om.</strong></span> <span class='ocrx_word' id='word_1_1043' title='bbox 2227 3339 2284 3384; x_wconf 73' lang='lat' dir='ltr'><strong>Vll</strong></span> <span class='ocrx_word' id='word_1_1044' title='bbox 2309 3341 2352 3375; x_wconf 81' lang='lat'><strong>33</strong></span> <span class='ocrx_word' id='word_1_1045' title='bbox 2375 3339 2463 3373; x_wconf 75' lang='lat' dir='ltr'><strong>faeta</strong></span> 
     </span>
     <span class='ocr_line' id='line_1_92' title="bbox 1387 3385 2461 3431; baseline -0.001 -12"><span class='ocrx_word' id='word_1_1046' title='bbox 1387 3387 1472 3429; x_wconf 78' lang='lat' dir='ltr'><strong>vulq.</strong></span> <span class='ocrx_word' id='word_1_1047' title='bbox 1490 3386 1503 3429; x_wconf 79' lang='grc' dir='ltr'><strong>ΙΙ</strong></span> <span class='ocrx_word' id='word_1_1048' title='bbox 1522 3389 1564 3420; x_wconf 83' lang='grc'><strong>34</strong></span> <span class='ocrx_word' id='word_1_1049' title='bbox 1583 3387 1764 3420; x_wconf 83' lang='lat' dir='ltr'><strong>resistimus</strong></span> <span class='ocrx_word' id='word_1_1050' title='bbox 1786 3385 1841 3431; x_wconf 70' lang='lat' dir='ltr'><strong>Vl}</strong></span> <span class='ocrx_word' id='word_1_1051' title='bbox 1860 3388 1902 3421; x_wconf 83' lang='lat'><strong>35</strong></span> <span class='ocrx_word' id='word_1_1052' title='bbox 1916 3385 2015 3419; x_wconf 81' lang='lat' dir='ltr'><strong>etiam</strong></span> <span class='ocrx_word' id='word_1_1053' title='bbox 2035 3385 2081 3427; x_wconf 92' lang='lat' dir='ltr'><strong>V]</strong></span> <span class='ocrx_word' id='word_1_1054' title='bbox 2100 3387 2134 3418; x_wconf 84' lang='lat' dir='ltr'><strong>et</strong></span> <span class='ocrx_word' id='word_1_1055' title='bbox 2151 3386 2207 3426; x_wconf 80' lang='lat' dir='ltr'><strong>aL,</strong></span> <span class='ocrx_word' id='word_1_1056' title='bbox 2219 3397 2278 3418; x_wconf 88' lang='lat' dir='ltr'><strong>om.</strong></span> <span class='ocrx_word' id='word_1_1057' title='bbox 2291 3385 2417 3419; x_wconf 66' lang='lat' dir='ltr'><strong>Teium</strong></span> <span class='ocrx_word' id='word_1_1058' title='bbox 2451 3408 2461 3418; x_wconf 86' lang='lat'><strong>.</strong></span> 
     </span>
    </p>

    <p class='ocr_par' dir='ltr' id='par_1_22' title="bbox 1325 3427 2462 3651">
     <span class='ocr_line' id='line_1_93' title="bbox 1325 3427 2461 3480; baseline -0.002 -17"><span class='ocrx_word' id='word_1_1059' title='bbox 1325 3455 1335 3461; x_wconf 92' lang='lat'><em>.</em></span> <span class='ocrx_word' id='word_1_1060' title='bbox 1387 3431 1441 3463; x_wconf 83' lang='lat' dir='ltr'><strong>An</strong></span> <span class='ocrx_word' id='word_1_1061' title='bbox 1465 3432 1566 3464; x_wconf 86' lang='lat' dir='ltr'><strong>etiam</strong></span> <span class='ocrx_word' id='word_1_1062' title='bbox 1590 3433 1811 3465; x_wconf 83' lang='lat' dir='ltr'><strong>collocandum</strong></span> <span class='ocrx_word' id='word_1_1063' title='bbox 1830 3438 1906 3475; x_wconf 76' lang='lat' dir='ltr'><strong>pose</strong></span> <span class='ocrx_word' id='word_1_1064' title='bbox 1927 3429 2117 3473; x_wconf 75' lang='lat' dir='ltr'><strong>triplicem?</strong></span> <span class='ocrx_word' id='word_1_1065' title='bbox 2135 3427 2148 3474; x_wconf 79' lang='grc' dir='ltr'><strong>ΙΙ</strong></span> <span class='ocrx_word' id='word_1_1066' title='bbox 2163 3429 2201 3462; x_wconf 79' lang='lat' dir='ltr'><strong>fit</strong></span> <span class='ocrx_word' id='word_1_1067' title='bbox 2220 3428 2275 3475; x_wconf 73' lang='lat' dir='ltr'><strong>Vll</strong></span> <span class='ocrx_word' id='word_1_1068' title='bbox 2294 3430 2336 3466; x_wconf 81' lang='lat'><strong>36</strong></span> <span class='ocrx_word' id='word_1_1069' title='bbox 2356 3428 2414 3462; x_wconf 80' lang='lat' dir='ltr'><strong>reb</strong></span> <span class='ocrx_word' id='word_1_1070' title='bbox 2446 3445 2461 3480; x_wconf 53' lang='grc' dir='ltr'>ἶ</span> 
     </span>
     <span class='ocr_line' id='line_1_94' title="bbox 1390 3473 2462 3519; baseline 0 -13"><span class='ocrx_word' id='word_1_1071' title='bbox 1390 3474 1491 3515; x_wconf 87' lang='lat' dir='ltr'><strong>lante]</strong></span> <span class='ocrx_word' id='word_1_1072' title='bbox 1514 3475 1699 3508; x_wconf 84' lang='lat' dir='ltr'><strong>reuelantes</strong></span> <span class='ocrx_word' id='word_1_1073' title='bbox 1714 3477 1798 3509; x_wconf 88' lang='lat' dir='ltr'><strong>Tal.</strong></span> <span class='ocrx_word' id='word_1_1074' title='bbox 1820 3475 2005 3509; x_wconf 82' lang='lat' dir='ltr'><strong>releuantes</strong></span> <span class='ocrx_word' id='word_1_1075' title='bbox 2025 3474 2084 3519; x_wconf 66' lang='lat' dir='ltr'><strong>V!</strong></span> <span class='ocrx_word' id='word_1_1076' title='bbox 2098 3474 2261 3507; x_wconf 83' lang='lat' dir='ltr'><strong>iustitiam</strong></span> <span class='ocrx_word' id='word_1_1077' title='bbox 2274 3473 2462 3515; x_wconf 71' lang='lat' dir='ltr'><strong>(iustiniani</strong></span> 
     </span>
     <span class='ocr_line' id='line_1_95' title="bbox 1396 3518 2461 3563; baseline 0 -12"><span class='ocrx_word' id='word_1_1078' title='bbox 1396 3519 1442 3559; x_wconf 92' lang='lat' dir='ltr'><strong>V)</strong></span> <span class='ocrx_word' id='word_1_1079' title='bbox 1468 3520 1546 3552; x_wconf 81' lang='lat' dir='ltr'><strong>libri</strong></span> <span class='ocrx_word' id='word_1_1080' title='bbox 1562 3519 1575 3562; x_wconf 81' lang='grc' dir='ltr'><strong>ΙΙ</strong></span> <span class='ocrx_word' id='word_1_1081' title='bbox 1599 3522 1641 3553; x_wconf 88' lang='grc'><strong>38</strong></span> <span class='ocrx_word' id='word_1_1082' title='bbox 1664 3523 1808 3552; x_wconf 82' lang='lat' dir='ltr'><strong>nostram</strong></span> <span class='ocrx_word' id='word_1_1083' title='bbox 1830 3520 1911 3554; x_wconf 87' lang='lat' dir='ltr'><strong>Val.</strong></span> <span class='ocrx_word' id='word_1_1084' title='bbox 1929 3520 1942 3563; x_wconf 79' lang='grc' dir='ltr'><strong>ΙΙ</strong></span> <span class='ocrx_word' id='word_1_1085' title='bbox 1959 3522 2166 3562; x_wconf 84' lang='lat' dir='ltr'><strong>praeceptam</strong></span> <span class='ocrx_word' id='word_1_1086' title='bbox 2187 3518 2237 3552; x_wconf 80' lang='lat' dir='ltr'><strong>V⁰</strong></span> <span class='ocrx_word' id='word_1_1087' title='bbox 2254 3519 2267 3562; x_wconf 78' lang='grc' dir='ltr'><strong>ΙΙ</strong></span> <span class='ocrx_word' id='word_1_1088' title='bbox 2290 3519 2334 3552; x_wconf 83' lang='grc'><strong>39</strong></span> <span class='ocrx_word' id='word_1_1089' title='bbox 2357 3527 2461 3551; x_wconf 83' lang='lat' dir='ltr'><strong>reme-</strong></span> 
     </span>
     <span class='ocr_line' id='line_1_96' title="bbox 1386 3563 2460 3604; baseline 0.002 -10"><span class='ocrx_word' id='word_1_1090' title='bbox 1386 3565 1581 3604; x_wconf 85' lang='lat' dir='ltr'><strong>morantem]</strong></span> <span class='ocrx_word' id='word_1_1091' title='bbox 1608 3575 1823 3597; x_wconf 84' lang='lat' dir='ltr'><strong>rememorare</strong></span> <span class='ocrx_word' id='word_1_1092' title='bbox 1845 3565 1879 3598; x_wconf 91' lang='lat' dir='ltr'><strong><em>V</em></strong></span> <span class='ocrx_word' id='word_1_1093' title='bbox 1901 3574 2082 3598; x_wconf 80' lang='lat' dir='ltr'><strong>memorare</strong></span> <span class='ocrx_word' id='word_1_1094' title='bbox 2106 3564 2140 3597; x_wconf 81' lang='lat' dir='ltr'><strong><em>T</em></strong></span> <span class='ocrx_word' id='word_1_1095' title='bbox 2151 3563 2194 3597; x_wconf 86' lang='lat' dir='ltr'><strong>al.</strong></span> <span class='ocrx_word' id='word_1_1096' title='bbox 2227 3564 2460 3597; x_wconf 76' lang='lat' dir='ltr'><strong>memorantem</strong></span> 
     </span>
     <span class='ocr_line' id='line_1_97' title="bbox 1387 3609 1474 3651; baseline -0.011 -10"><span class='ocrx_word' id='word_1_1097' title='bbox 1387 3609 1474 3651; x_wconf 75' lang='lat' dir='ltr'><strong>vulq-</strong></span> 
     </span>
    </p>
   </div>
   <div class='ocr_carea' id='block_1_19' title="bbox 243 3473 1319 3658">
    <p class='ocr_par' dir='ltr' id='par_1_23' title="bbox 243 3473 1319 3658">
     <span class='ocr_line' id='line_1_98' title="bbox 289 3473 1319 3521; baseline -0.007 -9"><span class='ocrx_word' id='word_1_1098' title='bbox 289 3481 308 3512; x_wconf 87' lang='lat'>2</span> <span class='ocrx_word' id='word_1_1099' title='bbox 333 3479 375 3511; x_wconf 85' lang='lat' dir='ltr'><strong>ad</strong></span> <span class='ocrx_word' id='word_1_1100' title='bbox 397 3476 575 3521; x_wconf 77' lang='lat' dir='ltr'><strong>supplevill</strong></span> <span class='ocrx_word' id='word_1_1101' title='bbox 597 3479 617 3511; x_wconf 85' lang='lat'><strong>3</strong></span> <span class='ocrx_word' id='word_1_1102' title='bbox 642 3475 844 3511; x_wconf 68' lang='lat' dir='ltr'><strong>ramossimos</strong></span> <span class='ocrx_word' id='word_1_1103' title='bbox 870 3473 929 3518; x_wconf 77' lang='lat' dir='ltr'><strong>Vn</strong></span> <span class='ocrx_word' id='word_1_1104' title='bbox 954 3476 975 3508; x_wconf 83' lang='lat'>4</span> <span class='ocrx_word' id='word_1_1105' title='bbox 999 3473 1113 3515; x_wconf 83' lang='lat' dir='ltr'><strong>aliqua</strong></span> <span class='ocrx_word' id='word_1_1106' title='bbox 1135 3473 1232 3516; x_wconf 53' lang='lat' dir='ltr'><strong>cula]</strong></span> <span class='ocrx_word' id='word_1_1107' title='bbox 1258 3473 1319 3506; x_wconf 83' lang='lat' dir='ltr'><strong>ali-</strong></span> 
     </span>
     <span class='ocr_line' id='line_1_99' title="bbox 243 3516 1319 3566; baseline -0.004 -11"><span class='ocrx_word' id='word_1_1108' title='bbox 243 3524 302 3565; x_wconf 89' lang='lat' dir='ltr'><strong>qui</strong></span> <span class='ocrx_word' id='word_1_1109' title='bbox 333 3523 417 3557; x_wconf 84' lang='lat' dir='ltr'><strong>Val.</strong></span> <span class='ocrx_word' id='word_1_1110' title='bbox 448 3522 578 3564; x_wconf 84' lang='lat' dir='ltr'><strong>aliquid</strong></span> <span class='ocrx_word' id='word_1_1111' title='bbox 599 3522 632 3555; x_wconf 88' lang='lat' dir='ltr'><strong><em>T</em></strong></span> <span class='ocrx_word' id='word_1_1112' title='bbox 657 3520 670 3566; x_wconf 79' lang='lat' dir='ltr'>ss</span> <span class='ocrx_word' id='word_1_1113' title='bbox 695 3519 876 3564; x_wconf 85' lang='lat' dir='ltr'><strong>partipatio</strong></span> <span class='ocrx_word' id='word_1_1114' title='bbox 906 3518 958 3553; x_wconf 86' lang='lat' dir='ltr'><strong>V¹</strong></span> <span class='ocrx_word' id='word_1_1115' title='bbox 981 3517 995 3563; x_wconf 83' lang='grc' dir='ltr'><strong>ΙΙ</strong></span> <span class='ocrx_word' id='word_1_1116' title='bbox 1024 3521 1042 3552; x_wconf 88' lang='grc'>5</span> <span class='ocrx_word' id='word_1_1117' title='bbox 1069 3516 1319 3560; x_wconf 83' lang='lat' dir='ltr'><strong>explanauimus</strong></span> 
     </span>
     <span class='ocr_line' id='line_1_100' title="bbox 245 3562 1318 3611; baseline -0.007 -10"><span class='ocrx_word' id='word_1_1118' title='bbox 245 3570 323 3601; x_wconf 80' lang='lat' dir='ltr'><strong>libri</strong></span> <span class='ocrx_word' id='word_1_1119' title='bbox 344 3568 357 3611; x_wconf 72' lang='grc' dir='ltr'><em>η</em></span> <span class='ocrx_word' id='word_1_1120' title='bbox 382 3571 402 3602; x_wconf 89' lang='grc'><strong>6</strong></span> <span class='ocrx_word' id='word_1_1121' title='bbox 426 3568 547 3601; x_wconf 85' lang='lat' dir='ltr'><strong>titulus</strong></span> <span class='ocrx_word' id='word_1_1122' title='bbox 574 3567 606 3601; x_wconf 86' lang='lat' dir='ltr'><em>T</em></span> <span class='ocrx_word' id='word_1_1123' title='bbox 614 3568 656 3600; x_wconf 87' lang='lat' dir='ltr'><strong>al.</strong></span> <span class='ocrx_word' id='word_1_1124' title='bbox 684 3565 697 3610; x_wconf 77' lang='lat' dir='ltr'>n</span> <span class='ocrx_word' id='word_1_1125' title='bbox 726 3567 744 3598; x_wconf 84' lang='lat'><strong>7</strong></span> <span class='ocrx_word' id='word_1_1126' title='bbox 769 3564 1029 3609; x_wconf 82' lang='lat' dir='ltr'><strong>appellationum</strong></span> <span class='ocrx_word' id='word_1_1127' title='bbox 1055 3563 1133 3595; x_wconf 84' lang='lat' dir='ltr'><strong>libri</strong></span> <span class='ocrx_word' id='word_1_1128' title='bbox 1154 3562 1166 3605; x_wconf 85' lang='grc' dir='ltr'><strong>ΙΙ</strong></span> <span class='ocrx_word' id='word_1_1129' title='bbox 1196 3565 1235 3595; x_wconf 83' lang='grc'><strong>10</strong></span> <span class='ocrx_word' id='word_1_1130' title='bbox 1259 3573 1318 3594; x_wconf 90' lang='lat' dir='ltr'><strong>au-</strong></span> 
     </span>
     <span class='ocr_line' id='line_1_101' title="bbox 245 3608 1319 3658; baseline -0.005 -13"><span class='ocrx_word' id='word_1_1131' title='bbox 245 3614 328 3646; x_wconf 84' lang='lat' dir='ltr'><strong>ferat</strong></span> <span class='ocrx_word' id='word_1_1132' title='bbox 342 3615 441 3658; x_wconf 74' lang='lat' dir='ltr'><strong>vu29.]</strong></span> <span class='ocrx_word' id='word_1_1133' title='bbox 456 3614 572 3647; x_wconf 83' lang='lat' dir='ltr'><strong>offerre</strong></span> <span class='ocrx_word' id='word_1_1134' title='bbox 587 3613 664 3646; x_wconf 83' lang='lat' dir='ltr'><strong>libri</strong></span> <span class='ocrx_word' id='word_1_1135' title='bbox 679 3611 692 3655; x_wconf 85' lang='grc' dir='ltr'><strong>ΙΙ</strong></span> <span class='ocrx_word' id='word_1_1136' title='bbox 712 3614 747 3645; x_wconf 87' lang='lat'><strong>11</strong></span> <span class='ocrx_word' id='word_1_1137' title='bbox 769 3609 881 3653; x_wconf 83' lang='lat' dir='ltr'><strong>magni</strong></span> <span class='ocrx_word' id='word_1_1138' title='bbox 902 3608 960 3653; x_wconf 75' lang='lat' dir='ltr'><strong>Vll</strong></span> <span class='ocrx_word' id='word_1_1139' title='bbox 979 3611 1018 3643; x_wconf 86' lang='lat'><strong>13</strong></span> <span class='ocrx_word' id='word_1_1140' title='bbox 1036 3608 1319 3652; x_wconf 80' lang='lat' dir='ltr'><strong>praesumpserint</strong></span> 
     </span>
    </p>
   </div>
   <div class='ocr_carea' id='block_1_20' title="bbox 2544 1656 2592 3413">
    <p class='ocr_par' dir='ltr' id='par_1_24' title="bbox 2544 1656 2592 3413">
     <span class='ocr_line' id='line_1_102' title="bbox 2544 1656 2592 3413; baseline 0 0"><span class='ocrx_word' id='word_1_1141' title='bbox 2544 1656 2592 3413; x_wconf 95' lang='lat' dir='ltr'><strong> </strong></span> 
     </span>
    </p>
   </div>
  </div>
 </body>
</html>
