2592 3840
255 81 295 125 N
297 95 363 126 ov.
393 82 537 126 XXIV
568 86 585 125 1

256 195 430 240 ἑκατέραν
454 191 576 238 ἀρχήν,
608 191 676 236 τὴν
699 188 887 233 πολιτικήν
910 203 950 224 τε
973 187 1047 234 ἅμα
1071 193 1130 225 καῖ
1155 202 1331 237 στρατιω-

255 236 369 282 τικήν,
405 242 464 273 καὶ
501 239 626 273 δοῦναι
661 238 714 280 τῷ
749 234 887 278 ταύτην
918 238 1039 277 ἔχοντι
1071 235 1139 278 τὴν
1170 236 1332 276 ἐξουσίαν

256 282 324 327 τὴν
353 285 417 318 τοῦ
452 287 656 330 πραίτωρος
685 280 794 317 πάλιν
823 284 1077 327 προςηγορίαν,
1110 279 1198 315 ὥςτε
1222 280 1333 317 αὐτὸν

255 332 316 362 καὶ
347 330 425 363 τῶν
456 326 736 382 σ’τρατευμάτων
769 327 847 360 τῶν
878 327 939 360 ἐπὶ
970 326 1032 368 τῆς
1061 325 1181 373 χώρας
1211 325 1333 362 ὄντων

258 373 350 407 κατὰ
373 373 440 417 τὴν
464 374 616 407 ανωθεν
645 369 744 414 αὐτῷ
768 371 971 413 ταχθεῖσαν
1001 372 1216 415 ἐπωνυμίαν
1245 369 1332 419 ἡγεῖ·
1359 375 1378 407 5

257 419 350 453 σθαι
385 421 444 452 καὶ
477 416 755 463 προβεβλῆσθαι
789 418 867 450 τῶν
897 413 1023 459 νόμων
1054 418 1127 458 (καὶ
1157 415 1265 451 τοῦτο
1295 415 1334 451 δὲ

256 462 408 497 ἄνωθεν
431 464 508 497 τῶν
529 460 750 510 πραιτώριον
774 458 868 495 ἴδιον
891 453 959 503 ἦν),
983 463 1043 494 καὶ
1065 463 1160 504 ἔχειν
1181 463 1250 506 μὲν
1272 461 1334 496 τὰς

257 509 425 565 ἑκατέρας
447 506 551 553 ἀρχῆς
572 506 733 549 σιτήσεις,
757 504 857 546 τάξει
878 503 919 539 δὲ
935 505 1096 552 χρῆσθαι
1114 507 1181 550 μιᾷ
1199 507 1332 548 ταξεω-

257 555 335 588 τῶν
359 553 487 587 εκατύν
519 550 718 606 (ᾇρκέσουσι
741 550 808 597 γὰρ
833 548 1140 596 αὖτῇτοσοῦτοι),
1173 563 1332 598 πραιτω-

1337 78 1414 126 190

2152 94 2213 125 ΒΕ
2240 93 2476 126 ΡΒΔΕΤΟΒΕ

1401 201 1482 237 gere
1505 194 1695 236 utrumque
1718 191 1974 236 magistratum,
2002 191 2137 227 civilem
2162 192 2266 228 simul
2288 196 2325 229 et
2348 193 2479 229 milita-

1401 247 1485 280 rem,
1506 239 1542 272 et
1559 237 1644 289 dare
1661 237 1755 272 hanc
1773 236 1921 289 habenti
1938 239 2150 290 potestatem
2162 238 2337 291 praetoris
2354 248 2478 291 rursus

1402 281 2267 371 &223333332240333insistimus
2284 292 2480 373 0¹33ssssss

1403 372 1539 418 praesit
1569 375 1605 408 et
1634 374 1888 425 praeponatur·
1900 371 2037 416 legibus
2066 374 2116 414 (et
2137 372 2208 409 hoc
2231 383 2372 418 quoque
2395 373 2479 408 olim

1402 421 1607 471 praetorum
1630 427 1814 462 proprium
1839 417 1930 459 fult),
1962 418 1999 452 et
2021 417 2155 469 habeat
2182 418 2323 463 quidem
2345 418 2478 454 utrius-

1403 461 2479 553 (1ἓὲτίἓὲῗὲἓέἓὲαὲῗὲἒέἱέηὲἷῇἓὲῗέἓὲθέῃέῗῗξέὣῗ

1402 517 1504 587 318.ῃο
1523 551 1643 588 officio
1662 551 1903 597 nuncupando
1925 555 1960 587 et
1983 561 2029 588 ex
2044 552 2262 598 probatoriis
2282 535 2366 588 h’inc
2382 552 2493 588 com?

258 600 379 643 ριανῆς
409 599 469 641 τῆς
499 598 632 637 ταξεως
662 594 878 649 καλουμένης
912 598 972 629 καὶ
1005 597 1044 630 ἐκ
1076 598 1333 650 προβεατοριῶν
1349 600 1389 632 10
1402 597 1606 642 petentibus
1630 596 1741 632 facto.
1789 597 1848 632 Sic
1871 597 1965 632 enim
1989 597 2057 632 erit
2076 597 2216 640 nobilis,
2241 597 2292 634 sic
2311 597 2481 634 terribilis

258 644 431 677 ἐντεῦθεν
454 641 661 696 προςφόρως
681 652 876 686 φοιτωσων
924 643 1097 685 ινομένης.
1146 654 1242 676 ουτω
1265 643 1333 690 γὰρ

256 691 359 722 ἔσται
373 686 508 732 σεμνός,
527 683 623 721 ου’τω
637 686 787 733 φοβερὸς
803 688 877 720 τοῖς
911 685 1132 732 ῃστεύουσιν,
1152 683 1248 721 οὕτω
1261 690 1335 721 τοῖς

257 731 443 767 ἀδικοῦσιν
479 732 740 778 ἀπαραίτητος,
781 730 813 764 εἰ
845 730 937 774 μετὰ
977 730 1140 766 πλείονος
1175 732 1335 772 ἐξουσίας

257 776 404 813 ἅπαντα
424 776 591 822 πράττοι·
613 775 668 831 ’vig
689 777 757 820 μὲν
775 776 956 822 καθαραῖς
977 789 1000 819 χ
1023 776 1139 820 ἧσθαι
1160 779 1238 810 ταῖς
1257 790 1334 824 χερ-

1401 642 1712 685 latrocinantibus,
1737 641 1790 677 sic
1807 641 1949 677 iniustis
1972 642 2196 686 inevitabilis,
2221 643 2349 678 sicum
2369 642 2482 678 multa

1402 687 2048 768 832³³ta1ssssdgiiffi{uissiissauiiuffi
2087 687 2209 768 33²?
2227 687 2483 769 &tatium

1404 743 1568 812 omxiib‘im
1593 743 1992 821 administrationibus?
2002 777 2082 822 ipso
2107 742 2248 822 quoglgm
2271 777 2482 814 oboedientis

257 826 318 857 σὶν
347 821 413 866 ἤδη
441 835 504 875 του
534 833 608 866 παρ
650 822 754 865 ημῶν
777 822 924 868 ἔναγχος
951 833 992 855 τε
1025 825 1125 855 ἐντος
1147 821 1259 866 νόμου
1282 835 1334 856 κε·
1351 824 1391 856 15
1404 822 1456 857 illi
1475 824 1512 857 et
1526 821 1774 857 iusiurandum
1794 821 1969 856 subeunte
1985 825 2022 857 et
2039 822 2236 858 secundm
2255 831 2334 858 eam
2351 822 2481 867 guber-

258 866 448 902 λεύσαντος
470 866 623 900 απάσαις
647 869 724 900 ταῖς
747 865 879 912 ἀρχαῖς,
913 862 1022 900 αὐτοῦ
1049 864 1089 900 δὲ
1112 867 1336 911 πειθομένου

256 926 296 947 τε
325 915 448 955 ἐκείνῳ
481 914 540 945 καὶ
570 910 638 945 τὸν
669 907 779 957 ὅρκον
802 910 996 952 ὑπέχοντος
1024 914 1085 946 καὶ
1115 910 1198 946 κατ’
1226 909 1337 946 αὐτὸν

257 956 563 1004 διακυβερνῶντος
595 954 642 990 τὰ
672 955 880 1003 πράγματα,
916 958 990 991 τοῖς
1018 969 1059 991 τε
1091 953 1214 991 ὅπλοις
1244 970 1335 1003 χρω-

255 1005 363 1047 μένου
393 999 439 1036 τὰ
469 1014 510 1035 τε
541 999 710 1035 πολιτικὰ
740 999 833 1035 κατὰ
863 999 944 1036 τοὺς
973 998 1160 1088 ἧμετέΞους
1191 999 1336 1036 διατάτ.

1404 870 1513 902 nante
1546 876 1691 909 causas,
1724 868 1761 901 et
1791 866 1900 902 armis
1932 867 2055 902 utente
2086 870 2123 903 et
2147 867 2264 903 civilia
2286 867 2483 903 secundum

1404 915 1549 947 nostras
1574 911 1784 956 disponente
1807 911 1922 956 leges3
1954 914 1996 946 ut
2019 911 2051 947 si
2074 912 2182 947 etiam
2211 911 2481 956 gloriosissimo-

1404 967 1485 992 rum
1506 956 1635 1001 aliquis
1652 957 1879 992 consularem
1898 955 2105 1001 dignitatem
2119 956 2327 993 habentium
2344 956 2391 993 ad
2406 956 2481 992 cin-

1402 1002 1524 1047 gulum
1546 1001 1699 1044 venerit,
1730 1003 1766 1036 et
1789 1001 1876 1047 <hoc
1898 1001 2048 1037 imitatio
2073 1001 2136 1047 sit>
2158 1002 2329 1055 priorum,
2354 1011 2482 1038 secun-

256 1058 381 1081 τοντος
413 1045 551 1091 νόμους.
599 1042 688 1080 οῗίςτε
724 1047 755 1080 εἰ
786 1049 847 1080 καὶ
886 1047 964 1081 τῶν
999 1044 1082 1081 ἐνδο
1104 1044 1249 1081 οτάτων
1283 1058 1336 1081 τις
1349 1048 1391 1080 20
1404 1049 1488 1082 dum
1520 1046 1616 1092 quod
1646 1045 1890 1082 sortiebantur
1920 1046 2124 1092 provincias
2153 1046 2222 1082 Vlri
2252 1047 2417 1084 consules
2447 1049 2483 1082 et

255 1090 446 1127 ὑπατικῶν
477 1093 537 1125 ἐπὶ
566 1090 634 1134 τὴν
664 1088 776 1136 ἀρχὴν
803 1090 927 1134 ἔλθοι,
965 1095 1026 1126 καὶ
1054 1092 1162 1126 τοῦτο
1194 1094 1335 1137 μίμημα

257 1138 334 1171 τῶν
357 1136 569 1183 ἔμπροσθεν
593 1136 700 1178 εἶναι,
733 1136 831 1170 καθὸ
857 1135 1109 1184 διεκληροῦντο
1140 1135 1202 1172 τὰς
1226 1139 1334 1184 ἐπαρ-

256 1186 333 1225 χίας
355 1180 480 1235 ἄνδρες
502 1178 639 1217 ὕπατοί
660 1194 700 1216 τε
723 1184 783 1215 καὶ
807 1182 846 1222 ἐξ
867 1179 1023 1218 ὑπάτων
1050 1185 1110 1216 καὶ
1133 1185 1335 1237 πραίτωρες

1405 1102 1450 1128 ex
1474 1091 1682 1127 consulibus
1706 1094 1741 1127 et
1763 1093 1949 1136 praetores
1978 1091 2115 1128 modice
2139 1091 2345 1128 consulibus
2368 1092 2482 1128 mino-

1402 1147 1472 1179 res,
1497 1140 1533 1172 et
1556 1137 1608 1172 ita
1636 1136 1812 1182 paulatim
1834 1136 2076 1173 Romanorum
2099 1140 2275 1173 auxerunt
2296 1147 2425 1173 nomen
2447 1139 2485 1172 et

1402 1185 1542 1217 tantum
1562 1185 1719 1227 egerunt,
1745 1185 1918 1227 quantum
1933 1182 2024 1217 nulli
2039 1182 2183 1228 penitus
2207 1181 2313 1218 alteri
2332 1181 2484 1219 aliarum

256 1228 372 1273 μικρῷ
408 1240 485 1261 των
520 1223 692 1261 ὑπάτων·
709 1225 978 1272 ἐλαττούμενοι,
1016 1230 1076 1261 καὶ
1111 1240 1208 1262 ουτω
1243 1240 1336 1261 κατα
1402 1227 1747 1273 rerumpublicarum
1777 1227 1929 1263 contulit
1959 1226 2059 1263 deus.
2115 1227 2220 1272 Quod
2251 1237 2360 1273 super
2389 1226 2483 1263 Pisi-

256 1273 384 1318 μικρὸν
407 1271 449 1307 τὸ
468 1269 655 1326 Ἱζῳμαίων
674 1270 836 1315 ηὔξησαν
859 1271 976 1317 ὄνομα
999 1275 1059 1306 καὶ
1079 1273 1254 1307 τοσοῦτον
1274 1285 1334 1307 πε·
1348 1274 1390 1307 25
1405 1272 1531 1308 dorum
1555 1272 1699 1317 regione
1722 1271 1880 1317 incipere
1902 1272 2055 1318 primum
2077 1273 2251 1316 volumus,
2275 1282 2318 1308 eo
2335 1271 2431 1318 quod
2447 1274 2484 1308 et

257 1316 467 1361 πὸιήκασιν,
493 1328 580 1351 οσον
603 1314 751 1361 οὐδεμιᾷ
774 1316 961 1352 παντελῶς
985 1317 1091 1364 ἑτέρᾳ
1113 1318 1192 1352 τῶν
1215 1316 1335 1352 ἄλλων

258 1361 452 1397 πολιτειῶν
482 1360 638 1396 δέδωκεν
668 1359 687 1396 ὃ
710 1362 808 1397 θεός.
848 1359 960 1407 Ὅπερ
993 1364 1054 1398 ἐπὶ
1085 1363 1147 1406 τῆς
1169 1360 1337 1397 Πισιδῶν

257 1406 374 1455 χώρας
392 1406 577 1453 ἄρξασθαι
596 1408 746 1453 πρῶτον
759 1406 982 1452 βουλόμεθα,
1003 1405 1098 1442 διότι
1114 1411 1176 1442 καὶ
1188 1410 1263 1442 τοῖς
1276 1410 1336 1452 eju-

258 1453 423 1508 προσθεν
438 1452 894 1508 χρονογράφοις-εἰρημένον
914 1450 1112 1499 εὑρήκαμεν
1135 1451 1177 1487 τὸ
1207 1452 1337 1500 πρώην

1403 1318 1443 1354 in
1465 1318 1646 1364 prioribus
1676 1317 1834 1353 historiis
1867 1316 2001 1353 dictum
2030 1317 2229 1353 invenimus
2258 1316 2392 1353 dudum
2416 1316 2485 1353 toti

1404 1363 1456 1398 illi
1478 1365 1597 1398 terrae
1611 1362 1812 1398 Pisidorum
1834 1366 1982 1407 gentemv
1996 1363 2231 1408 praesedisse,
2256 1362 2319 1398 sed
2328 1364 2371 1409 et
2386 1371 2486 1414 nunc

1406 1418 1547 1454 quoque
1569 1408 1750 1452 regionem
1779 1407 1874 1443 hanc
1898 1417 2001 1452 egere
2023 1407 2151 1443 maiori
2171 1410 2211 1444 et
2233 1406 2486 1444 vehementiori

1407 1454 1548 1498 cingulo
1582 1452 1804 1496 credidimus,
1836 1456 1873 1488 et
1902 1453 2069 1498 quoniam
2098 1452 2169 1488 vici
2198 1453 2343 1488 maximi
2371 1452 2411 1488 in
2440 1461 2485 1487 ea

257 1510 394 1540 απασης
418 1499 550 1541 ἐκείνης
581 1509 641 1541 της
670 1509 731 1545 γης
763 1511 806 1532 το
831 1496 998 1533 Πισιδῶν
1021 1498 1133 1533 ἔθνος
1164 1494 1337 1544 ἐξάρχειν,
1351 1499 1394 1532 30
1407 1502 1491 1535 sunt
1515 1500 1551 1533 et
1568 1498 1736 1543 populosi
1760 1501 1796 1533 et
1816 1497 1942 1534 crebro
1962 1502 1998 1533 et
2019 1501 2146 1534 contra
2168 1498 2250 1543 ipsa
2267 1497 2486 1534 resultantes

258 1547 318 1577 καὶ
341 1544 407 1577 νῦν
431 1541 471 1576 δὲ
495 1541 538 1585 δὴ
557 1541 624 1586 τὴν
644 1545 822 1590 ἐπαρχίαν
845 1540 982 1586 ταύτην
1007 1541 1156 1578 δεῖσθαι
1174 1545 1337 1588 μείζονος

257 1591 318 1622 καὶ
354 1586 593 1635 σφοδροτέρας
628 1585 734 1635 ἀρχῆς
769 1588 1001 1633 πιστεύομεν,
1047 1587 1241 1636 ἐπειδήπερ
1277 1591 1336 1622 καὶ

257 1634 378 1679 κῶμαι
400 1636 566 1680 μέγισται
597 1632 681 1668 κατ)
710 1631 825 1677 αὐτὴν
855 1633 924 1667 εἰσι
955 1637 1016 1667 καὶ
1047 1632 1336 1681 πόλυάνθρωποι

257 1682 318 1712 καὶ
349 1677 516 1713 πολλάκις
546 1677 634 1725 πρὸς
666 1676 792 1713 αὐτοὺς
823 1678 1083 1721 στασιάζουσαι
1113 1677 1197 1713 τοὺς
1228 1677 1335 1724 δημο-

1406 1544 1543 1580 tributa
1574 1543 1722 1586 fiscalia,
1754 1546 1790 1578 et
1813 1543 2111 1579 latrocinantibus
2141 1543 2210 1579 illis
2239 1546 2276 1579 et
2298 1542 2485 1578 homicidis

1406 1589 1572 1634 praediis,
1594 1598 1686 1634 quae
1702 1588 1741 1623 in
1758 1588 1880 1633 aliqua
1899 1588 2102 1624 summitate
2117 1588 2248 1624 montis
2262 1588 2319 1623 Lu
2342 1587 2357 1623 i
2375 1589 2486 1641 caput

1406 1634 1588 1680 appellata
1612 1637 1876 1669 commorantur
1897 1652 1944 1659 ——
1971 1633 2292 1680 Lycocranitarum
2316 1634 2331 1678 [
2361 1642 2484 1678 uplca-

1405 1680 1574 1725 pitorum]
1607 1678 1853 1714 habitaculum
1884 1678 2089 1714 nominatur
2112 1699 2174 1721 ——,
2207 1677 2484 1714 administratio-

259 1723 523 1779 clovc'gvdqovs·
559 1726 619 1757 καὶ
642 1727 715 1758 τοῖς
737 1737 777 1758 τε
801 1723 1000 1772 λῃστρικοῖς
1023 1726 1169 1759 ἐκείνοις
1192 1727 1253 1758 καὶ
1276 1722 1337 1759 οἷν-
1351 1725 1392 1758 35
1406 1734 1488 1760 nem
1511 1725 1605 1760 hanc
1629 1733 1813 1769 praeesse;
1849 1726 1884 1759 et
1907 1733 2003 1759 nunc
2027 1723 2168 1768 quidem
2191 1734 2265 1760 non
2289 1722 2486 1760 secundum

259 1767 446 1815 δροφονοις
467 1773 626 1815 χωρίοις,
658 1766 751 1816 ἅπερ
783 1770 847 1805 ἐπί
873 1781 970 1804 τινος
993 1765 1190 1816 ἀκρωρείας
1212 1766 1335 1804 Λύκου

258 1813 421 1870 ιιεῗφαλζῖβς·1
442 1813 657 1869 καλουμένης
687 1813 828 1870 ἵδρυται
851 1816 1141 1869 Λυκοκρανιτῶν
1172 1828 1213 1850 τε
1243 1816 1338 1858 οἰκη-

1407 1770 1565 1806 ordinem
1587 1769 1782 1814 legitimum
1811 1769 1857 1804 ad
1887 1779 1965 1804 eam
1989 1769 2176 1814 accedere,
2207 1768 2270 1805 sed
2289 1768 2486 1805 secundum

1407 1815 1585 1861 quandam
1609 1814 1840 1850 discursionis
1865 1814 2032 1858 figuram:
2069 1814 2207 1860 cingulo
2232 1816 2352 1850 autem
2373 1813 2485 1848 mixto

258 1872 383 1905 τηριον
404 1861 628 1903 ονομαζεται,
658 1860 726 1902 τὴν
749 1858 862 1906 αρχὴν
885 1873 1025 1903 ταυτην
1049 1857 1254 1906 ἐφεστάναι,
1271 1864 1339 1906 ,καὶ

259 1906 326 1938 νῦν
354 1906 421 1949 μὲν
451 1901 491 1938 οὐ
521 1904 612 1939 κατὰ
641 1903 746 1946 τάξιν
777 1902 933 1950 νόμιμον
962 1902 1025 1941 ἐπ’
1052 1902 1166 1949 αὐτὴν
1194 1908 1336 1951 χωρεῖν,

259 1947 348 1984 ἀλλὰ
370 1947 462 1984 κατά
484 1953 584 1984 τινος
604 1948 796 1997 ἐπιδρομῆς
821 1951 957 1995 σχῆμα·
1003 1951 1065 1994 τῆς
1089 1948 1130 1985 δὲ
1152 1949 1258 1996 ἀρχῆς
1280 1965 1338 1995 μι-
1350 1952 1394 1985 40

258 1998 430 2041 γνυμένης
453 1998 513 2028 καὶ
537 1995 811 2040 συντιθεμένων
834 1997 882 2030 εἰς
904 1994 1040 2030 ταύτὸν
1063 1996 1144 2030 τῶν
1167 2009 1208 2030 τε
1231 2006 1337 2041 στρα-

1408 1862 1444 1896 et
1468 1860 1674 1906 compositis
1703 1860 1740 1895 in
1771 1859 1864 1896 idem
1895 1862 1932 1895 ct
1957 1859 2171 1896 militaribus
2201 1862 2239 1895 et
2259 1857 2486 1895 iudicialibus

261 2083 473 2119 trahendum
497 2087 688 2130 utrumque
710 2085 975 2130 maqistratum,
1008 2095 1088 2120 cum
1112 2084 1250 2121 civilem
1274 2087 1347 2120 tum
1371 2083 1574 2126 militarem,
1605 2083 1890 2119 eoeistimavimus
1920 2083 2024 2129 eique
2055 2083 2122 2129 qui
2147 2081 2242 2118 hane
2266 2085 2485 2130 potestatem

261 2129 368 2164 habet
428 2130 584 2165 raetoris
615 2129 897 2176 appellationem
928 2129 1104 2172 dandam,
1140 2133 1182 2165 ut
1208 2130 1242 2164 is
1273 2133 1310 2165 et
1331 2127 1552 2165 exercitibus
1583 2128 1647 2175 qui
1676 2129 1716 2163 in
1740 2128 1936 2175 provincia
1969 2131 2056 2163 sunt
2085 2127 2280 2164 secundum
2309 2138 2440 2164 nomen
2462 2139 2486 2164 a

251 2173 391 2209 maiori
414 2185 457 2209 us
486 2175 522 2210 ei
551 2174 722 2210 tributum
749 2175 891 2221 praesit
920 2178 956 2210 et
983 2174 1124 2221 leqibus
1146 2178 1407 2222 praeponatur
1437 2176 1531 2215 (erat
1560 2173 1654 2209 enim
1684 2172 1753 2209 hoc
1776 2183 1921 2220 quoque
1951 2172 1996 2209 ab
2028 2172 2134 2208 initio
2158 2175 2376 2219 praetorum
2393 2183 2486 2219 pro-

258 2220 409 2265 prium),
443 2222 478 2255 et
499 2220 688 2266 utriusque
712 2219 854 2266 quidem
878 2231 936 2255 ma
963 2220 1115 2256 istratus
1138 2230 1306 2256 annonas
1329 2218 1479 2261 habeat,
1511 2217 1662 2254 cohorte
1685 2221 1804 2254 autem
1833 2221 1960 2254 utatur
1982 2229 2057 2254 una
2080 2222 2221 2253 centum
2244 2216 2486 2254 cohortalium

261 2267 329 2307 (tot
352 2265 443 2299 enim
465 2265 655 2310 sufficient
676 2265 739 2308 ei),
801 2276 869 2300 uae
892 2231 1025 2301 cozors
1041 2266 1287 2310 praetoriana
1315 2268 1464 2301 vocetur
1495 2267 1530 2299 et
1552 2274 1602 2299 ex
1626 2263 1858 2310 probatoriis
1882 2263 2064 2303 commode
2093 2262 2178 2298 hinc
2208 2262 2325 2298 missis
2353 2263 2485 2299 consti-

262 2314 396 2345 tuatur.
455 2309 516 2345 Sic
539 2310 631 2345 enim
654 2321 785 2345 venera
809 2310 878 2353 ilis,
902 2310 955 2345 sic
980 2310 1150 2346 terribilis
1174 2309 1388 2352 latronibus,
1418 2310 1472 2345 sic
1491 2308 1780 2354 delinquentibus
1807 2308 2049 2345 inexorabilis
2071 2307 2158 2351 erit,
2189 2308 2224 2343 si
2243 2307 2383 2344 maiore
2405 2318 2485 2344 cum

255 2359 441 2400 potestate
465 2355 585 2390 omnia
610 2359 707 2401 ayat.
766 2355 884 2401 Atque
901 2355 1012 2402 puris
1036 2356 1091 2391 uti
1111 2355 1278 2391 manibus
1301 2366 1381 2391 cum
1403 2355 1476 2390 iam
1500 2354 1563 2390 lex
1585 2364 1702 2401 nuper
1725 2365 1749 2390 a
1772 2353 1877 2390 nobis
1908 2353 1985 2389 lata
2009 2363 2130 2389 omnes
2153 2354 2390 2399 maqistratus
2411 2353 2486 2389 ius-

260 2400 359 2446 serit,
384 2400 462 2446 ipse
485 2403 520 2435 et
537 2399 592 2434 illi
617 2401 835 2447 obtemperet
857 2404 894 2436 et
915 2400 1167 2436 iusiurandum
1188 2404 1352 2447 praestet
1374 2404 1411 2436 et
1431 2398 1627 2435 secundum
1649 2398 1743 2435 idem
1766 2410 1826 2435 res
1849 2398 2086 2441 administret,
2110 2401 2147 2434 et
2168 2398 2280 2434 arnus
2302 2401 2430 2434 utatur
2450 2401 2488 2435 et

262 2445 382 2479 civilia
402 2444 596 2479 secundum
615 2449 762 2480 nostras
782 2445 878 2491 leqes
898 2446 1050 2481 ordinet.
1098 2444 1220 2489 Quare
1241 2445 1382 2482 etiamsi
1401 2446 1483 2492 quis
1499 2455 1549 2481 ex
1565 2444 1839 2490 qloriosissimis
1858 2443 2112 2479 consularibus
2131 2442 2181 2479 ad
2197 2454 2277 2479 eum
2294 2443 2486 2490 ma'qistra-

263 2494 337 2524 tum
359 2490 558 2535 perveniat,
583 2489 652 2524 lzoc
675 2500 819 2535 quoque
838 2491 904 2535 fiet
924 2502 993 2537 per
1015 2491 1252 2527 imitationem
1273 2494 1444 2533 veterum,
1474 2488 1773 2537 quemadmodum
1801 2488 2014 2536 provincias
2043 2487 2291 2524 sortiebantur
2320 2487 2488 2524 consules

263 2539 298 2569 et
321 2534 576 2569 exconsulibus
599 2539 635 2569 et
655 2541 846 2580 praetores
863 2536 979 2581 paulo
1003 2536 1202 2581 inferiores
1226 2535 1435 2572 consulibus
1459 2539 1569 2580 atque
1598 2535 1651 2570 ita
1668 2534 1854 2581 paulatim
1876 2533 2125 2569 Romanorum
2149 2543 2278 2569 nomen
2301 2536 2490 2570 auxerunt

263 2583 298 2614 et
324 2584 460 2613 tantum
482 2579 718 2614 reddiderunt
740 2583 915 2626 quantum
947 2581 1039 2615 nulli
1070 2582 1216 2617 omnino
1248 2581 1312 2616 alii
1342 2582 1437 2616 inter
1466 2580 1627 2626 reliquas
1659 2580 1822 2616 civitates
1852 2578 1942 2614 deus
1965 2578 2071 2614 dedit.
2132 2578 2241 2614 Cuius
2263 2578 2407 2624 quidem
2431 2577 2487 2614 rei

261 2623 418 2670 primum
441 2623 479 2657 in
494 2622 701 2659 Pisidarum
723 2625 872 2669 reqione
895 2625 1035 2661 initium
1058 2627 1186 2671 facere
1202 2626 1374 2669 volumus,
1399 2626 1571 2672 quoniam
1589 2628 1626 2660 et
1645 2636 1668 2660 a
1687 2623 1864 2661 veteribus
1879 2621 2174 2670 chronoqraphis
2197 2622 2332 2659 dictum
2352 2622 2487 2660 inveni-

264 2678 343 2703 mus
366 2668 450 2703 olim
470 2668 657 2708 universae
680 2668 735 2703 illi
759 2675 878 2705 terrae
893 2669 1102 2706 Pisidarum
1124 2676 1266 2717 qentem
1284 2671 1493 2718 imperasse,
1517 2673 1552 2706 et
1571 2680 1668 2705 nunc
1690 2668 1834 2715 quidem
1845 2679 2069 2716 persuasum
2088 2671 2143 2704 est
2161 2678 2240 2704 eam
2256 2667 2487 2714 provinciam

264 2714 403 2748 maiore
426 2716 461 2748 et
483 2713 661 2748 severiore
684 2714 902 2760 maqistratu
925 2726 1041 2761 effere,
1074 2716 1365 2763 quandoquidem
1386 2727 1438 2762 pa
1464 2715 1478 2750 i
1508 2715 1547 2750 in
1571 2725 1614 2750 ea
1637 2714 1796 2750 maximi.
1819 2719 1854 2750 et
1872 2712 2050 2760 populosi
2078 2716 2165 2748 sunt
2185 2713 2320 2764 quique
2340 2713 2489 2760 saepius

265 2758 438 2793 adversus
468 2757 617 2810 publica
654 2758 787 2794 tributa
822 2758 990 2795 seditiose
1024 2764 1160 2807 aqant;
1191 2765 1387 2808 praeterea
1421 2760 1497 2795 ilis
1521 2761 1705 2795 latronum
1735 2762 1771 2794 et
1800 2759 2016 2798 sicariorum
2040 2757 2296 2805 receptaculis,
2332 2758 2488 2805 quaein

265 2803 396 2839 vertice
427 2802 551 2847 aliquo
583 2804 715 2838 montis
750 2803 813 2848 qui
843 2802 940 2849 Lupi
970 2809 1081 2851 caput
1109 2809 1261 2842 vocatur
1290 2807 1363 2842 sita
1392 2810 1489 2848 sunt,
1525 2814 1618 2851 quos
1648 2803 1978 2851 Lycoeram’tarum
2008 2802 2254 2839 habitaculum
2284 2802 2487 2846 nominant,

265 2847 361 2884 hunc
384 2848 634 2893 maqistratum
665 2858 740 2883 esse
763 2848 968 2894 impositum
975 2862 990 2892 ;
1025 2861 1097 2896 quo
1130 2861 1226 2887 nunc
1249 2850 1392 2897 quidem
1424 2861 1503 2886 eum
1526 2860 1597 2885 non
1629 2860 1679 2886 ex
1708 2848 1836 2885 ordine
1858 2847 2017 2895 leqitimo
2051 2847 2117 2883 sed
2135 2858 2205 2900 per
2226 2846 2411 2894 quandam
2433 2847 2487 2884 im

265 2892 444 2929 cursionis
463 2892 615 2938 speciem
636 2892 823 2927 accedere:
846 2894 948 2939 atqui
967 2895 1003 2930 si
1012 2900 1181 2941 potestas
1199 2896 1393 2932 misceatur
1413 2899 1449 2931 et
1469 2901 1540 2931 tam
1557 2893 1731 2930 militaria
1753 2905 1863 2940 quam
1883 2893 2121 2941 maqistratus
2138 2892 2299 2939 msiqnia
2318 2893 2356 2928 in
2376 2903 2488 2928 unum

314 2987 328 3018 1
355 2981 467 3035 ἀρχὴν
492 2984 555 3023 Lg]
580 2979 690 3026 ἀρχὴν
713 2982 773 3023 τῆς
797 2981 964 3016 Πισιδίας
988 2985 1065 3017 ΜΒ
1091 2985 1103 3028 11
1127 2988 1147 3019 3
1171 2984 1237 3027 τὴν
1261 2986 1339 3026 τοῦ]

264 3028 325 3071 τῆς
342 3039 406 3062 του
428 3028 479 3061 B⁶
495 3026 507 3071 11
526 3023 649 3060 αὐτῶν
669 3027 700 3060 L
715 3026 728 3070 11
747 3030 766 3061 5
792 3024 915 3060 αὐτῶν
938 3030 968 3061 L
987 3027 999 3072 11
1016 3031 1035 3062 6
1059 3031 1118 3062 καὶ
1144 3029 1340 3073 προβεβλῆ-

265 3073 359 3107 σθαι
384 3086 442 3106 om.
456 3073 505 3106 Ββ
519 3071 532 3116 11
550 3072 615 3105 τὸν
635 3069 748 3115 νόμον
764 3072 796 3105 L
813 3072 825 3115 11
844 3074 860 3103 7
887 3077 1124 3118 πραιτωρίων
1140 3076 1170 3107 L
1186 3074 1198 3118 11
1217 3077 1236 3108 9
1261 3075 1339 3107 ἕκα-

265 3119 409 3171 στον-Ε
436 3117 449 3161 11
479 3114 578 3159 αὐτῷ
604 3117 788 3168 Hombgqu
815 3116 827 3159 11
860 3118 899 3171 11)
923 3117 985 3159 τῆς
1009 3131 1067 3151 om.
1092 3120 1142 3151 B⁶
1165 3118 1177 3162 11
1206 3123 1340 3172 προβα-

264 3159 1342 3252 esem'‘gisnense-,esi15²..tarem

265 3256 326 3287 καὶ
339 3252 519 3300 καθαραῖς
526 3253 597 3304 μὲν
608 3250 769 3295 χρῆσθαι
781 3251 813 3283 L
831 3252 843 3294 11
864 3253 901 3285 15
922 3250 1044 3292 νόμου]
1059 3252 1141 3285 Νου.
1154 3253 1245 3285 VIII
1254 3265 1280 3286 e.
1291 3256 1308 3286 7
1329 3252 1340 3297 11

269 3302 309 3334 16
334 3295 472 3333 ἁπάσας
494 3308 557 3331 τας
580 3294 686 3343 ἀρχὰς
711 3297 896 3339 Homberyk
913 3295 925 3338 11
946 3298 983 3329 17
1011 3297 1122 3329 ἐκεῖνο
1141 3298 1200 3329 καὶ
1225 3298 1256 3329 L
1280 3300 1340 3329 καὶ

266 3345 391 3386 ἐκείνῳ
410 3344 442 3377 Β
458 3344 469 3384 ΙΙ
488 3338 571 3376 κατ’
593 3339 718 3375 αὐτῶν
737 3341 769 3374 L
784 3340 796 3384 11
816 3342 858 3374 20
882 3340 912 3373 εἰ
931 3342 1002 3380 καὶ]
1027 3343 1086 3373 καὶ
1101 3342 1148 3373 L¹
1172 3337 1240 3373 κᾶν
1259 3342 1306 3374 L2
1336 3341 1340 3387 1

265 3387 332 3422 τὸν
354 3386 595 3427 ἐνδοξότατον
619 3388 665 3420 L¹
696 3385 708 3430 11
736 3387 777 3419 22
811 3383 909 3418 καθὸ
934 3383 978 3427 δὴ
1010 3383 1223 3430 ἐκληροῦντο
1248 3386 1295 3418 L²
1337 3390 1339 3427 1

266 3436 308 3468 24
332 3431 494 3474 ὑπάτων]
518 3429 694 3467 ὑπαντῶν
714 3431 761 3464 L¹
779 3430 792 3475 11
809 3432 849 3463 25
873 3428 928 3471 τὸ]
953 3429 1029 3463 τῶν
1050 3431 1081 3463 L
1104 3428 1146 3463 τὸ
1164 3430 1243 3463 τῶν
1258 3431 1293 3463 Β
1335 3429 1339 3474 1

266 3481 308 3513 27
334 3479 394 3522 τῆς
416 3479 494 3512 τῶν
518 3474 685 3529 Πισιδαῖν
712 3477 745 3509 Β
768 3474 781 3519 11
804 3477 850 3530 βο
874 3477 1006 3528 ἐκείνης
1028 3472 1166 3516 ἀπάσης
1190 3476 1220 3529 L
1247 3474 1341 3529 11ἳτῇς

265 3523 476 3610 Ξηὲἷῖᾈῗὰῃ
486 3519 683 3609 ῗιῖύῗῆνὸιῧ
694 3518 818 3609 n‘ffisszss·
833 3517 1039 3600 23⁸2ssAE
1059 3521 1340 3609 {Zigimff’imfi

266 3616 308 3647 34
334 3612 590 3655 στασιάζουσιν
614 3614 645 3646 L
660 3612 673 3656 11
693 3614 732 3646 37
760 3609 923 3655 ἵδρυνται
948 3611 1016 3643 LB
1034 3610 1104 3654 1139
1130 3606 1190 3643 ἐπ’
1215 3606 1339 3651 αὐτὴν]

268 3661 327 3703 leq.
353 3657 415 3694 ἐπΊ
443 3657 558 3692 auva?
576 3658 588 3701 11
606 3661 644 3692 41
672 3657 956 3700 συντεθημένων
979 3656 1011 3689 L

1455 2987 1475 3019 2
1498 2985 1661 3028 praetoris
1683 2986 1879 3028 potestatem
1911 2984 1995 3018 Val.
2015 2981 2065 3028 114
2088 2983 2251 3016 secundus
2275 2981 2330 3027 1711
2348 2983 2369 3017 6
2391 2992 2487 3025 prae-

1409 3031 1533 3063 torium
1561 3030 1595 3063 V
1617 3028 1630 3074 11
1658 3030 1725 3063 fuit
1748 3043 1807 3063 om.
1835 3030 1888 3063 Va
1916 3027 1930 3073 11
1957 3031 1975 3063 7
2001 3030 2151 3062 mutatur
2171 3028 2204 3062 V
2227 3026 2240 3072 11
2271 3029 2291 3062 9
2317 3028 2408 3068 hino]
2431 3027 2488 3061 hic

1410 3077 1487 3109 libri
1510 3074 1523 3120 11
1549 3077 1587 3109 10
1610 3075 1657 3107 sic
1681 3074 1841 3108 terribilis
1857 3093 1902 3099 —-
1922 3076 1959 3108 11
1985 3073 2192 3106 ineuitabilis
2216 3074 2264 3106 bis
2289 3073 2385 3106 habet
2410 3072 2446 3106 V
2474 3070 2488 3117 11

1411 3123 1449 3154 11
1479 3120 1507 3152 si
1531 3121 1618 3162 cum]
1650 3120 1737 3153 sicut
1768 3120 1847 3153 libri
1873 3118 1886 3162 11
1912 3118 2030 3160 multa]
2060 3118 2157 3151 mult.
2187 3118 2224 3150 in
2256 3117 2291 3151 V
2316 3116 2424 3151 multa
2449 3117 2487 3150 in

1408 3166 1573 3209 Neoburq.
1591 3165 1602 3207 11
1625 3166 1664 3198 12
1685 3166 1805 3197 cuncta
1824 3166 1919 3206 gerat
1933 3164 1988 3207 Τ11
2006 3165 2046 3196 ut
2065 3170 2124 3197 om.
2137 3164 2224 3207 vuly.
2240 3160 2252 3205 11
2269 3162 2374 3206 puris]
2391 3161 2486 3205 prius

1410 3210 1488 3243 libri
1512 3209 1525 3254 11
1560 3211 1599 3243 13
1624 3211 1655 3250 a]
1681 3209 1723 3241 ad
1756 3210 1839 3243 Val.
1868 3209 1881 3251 11
1907 3211 1947 3243 15
1971 3208 2194 3251 gubernantes
2222 3207 2256 3241 V
2280 3207 2293 3250 11
2322 3208 2362 3242 16
2386 3206 2486 3240 armis

1407 3256 1522 3287 utente
1542 3255 1586 3295 V]
1607 3254 1871 3287 amministrante
1889 3254 1922 3287 T
1935 3252 1948 3298 11
1967 3255 2004 3287 17
2026 3253 2236 3297 disponentes
2248 3252 2341 3285 codd.
2358 3250 2371 3295 11
2392 3253 2432 3285 19
2452 3251 2487 3284 et

1408 3300 1470 3331 hoc
1491 3299 1634 3332 imitatio
1657 3299 1808 3342 priorum
1827 3300 1871 3331 sit
1893 3299 1992 3341 only„
2016 3300 2049 3330 et
2071 3298 2164 3341 prior
2184 3297 2218 3331 V
2236 3298 2268 3330 et
2279 3296 2385 3339 priori
2396 3295 2485 3330 Neo-

1410 3346 1499 3387 burq.
1532 3346 1565 3375 et
1588 3345 1681 3386 prior
1704 3345 1811 3377 honor
1842 3344 1876 3377 T
1900 3342 1913 3387 11
1940 3344 1983 3377 20
2013 3342 2113 3384 quod]
2147 3343 2311 3384 quotquot
2342 3341 2427 3374 Val.
2472 3338 2486 3386 Ι

1408 3389 1450 3421 23
1474 3387 1589 3420 nullus
1610 3389 1666 3432 Vn
1683 3390 1726 3423 24
1747 3389 1946 3431 pissidorum
1967 3388 2002 3421 V
2018 3389 2114 3428 (idem
2134 3388 2190 3428 27)
2211 3387 2224 3430 11
2250 3388 2293 3421 25
2315 3384 2486 3419 noluimus

1416 3432 1450 3464 V
1466 3431 1478 3474 11
1509 3434 1551 3466 26
1575 3433 1650 3474 toti]
1675 3434 1780 3466 totius
1804 3434 1882 3467 libri
1911 3432 1923 3476 11
1956 3434 1996 3466 27
2030 3431 2084 3465 illi
2116 3432 2256 3474 Vvuqu
2285 3430 2378 3463 illius
2402 3430 2436 3464 T
2471 3427 2486 3474 11

1406 3476 1571 3517 prandisse
1592 3477 1648 3521 Vn
1666 3479 1708 3512 28
1733 3487 1829 3520 egere
1853 3478 1960 3517 Beck]
1985 3477 2111 3519 erigere
2143 3475 2230 3519 VTn
2255 3476 2298 3509 29
2322 3474 2485 3508 credimus

1407 3522 1493 3563 vnly.
1513 3521 1525 3562 11
1541 3524 1697 3562 quoniam
1722 3525 1754 3555 et
1777 3523 1869 3556 Beck
1886 3523 1898 3565 11
1923 3523 1962 3556 31
1990 3521 2178 3555 homicidiis
2202 3521 2280 3554 libri
2294 3518 2307 3564 11
2323 3521 2366 3554 32
2389 3529 2484 3561 prae·

1407 3565 1500 3597 sidiis
1520 3566 1552 3598 V
1565 3566 1577 3609 11
1592 3567 1746 3599 sumitate
1770 3568 1802 3600 V
1814 3566 1827 3611 11
1844 3569 1885 3600 33
1909 3567 2074 3610 appellate
2088 3567 2165 3600 libri
2177 3565 2190 3610 11
2208 3564 2483 3607 Lupicapitorum

1416 3610 1450 3642 V
1466 3610 1502 3642 id
1526 3613 1573 3642 est
1596 3611 1870 3654 Lupicapitorum
1897 3612 1934 3644 T.
1960 3612 2090 3645 Seclusi
