2476 3854
1222 87 1308 135 784

143 202 180 237 οἱ
197 202 264 238 τὸν
285 200 409 238 αὐτῶν
432 203 651 247 πληροῦντες
674 202 791 237 τόπον
814 201 907 236 κατὰ
930 199 1063 246 χώραν.
1110 201 1143 235 εἰ
1172 201 1243 247 γὰρ
1263 201 1372 235 τοῦτο
1396 200 1606 244 αἰτήσουσιν
1628 199 1651 246 ἢ
1676 202 1776 248 εἴπερ
1798 202 2042 248 προστάξαιεν
2065 201 2087 247 ἦ
2110 203 2156 247 σὴ
2177 201 2366 248 ἐνδοξότης

144 251 204 282 καὶ
227 247 264 282 οἱ
285 248 378 282 κατὰ
403 249 531 293 καιρὸν
553 248 623 291 τὴν
643 246 757 290 αὐτὴν
781 249 920 289 ἔχοντες
943 245 1068 290 ἀρχήν,
1093 242 1255 292 ἀνάγκην
1276 246 1347 286 ἕξει
1372 243 1395 280 δ’
1417 259 1458 280 τε
1481 248 1574 281 κατὰ
1595 247 1723 294 καιρὸν
1747 245 2001 294 αὔγουστάλιος
2023 252 2083 283 καὶ
2107 249 2142 283 οἱ
2165 247 2225 283 ὑπ’
2251 247 2366 284 αὐτὸν

144 293 427 338 καθωσιωμένοι
456 293 679 338 στρατιῶται
711 294 771 325 καὶ
801 291 839 326 οἱ
867 289 1011 325 τούτων
1041 292 1228 337 τριβοῦνοι
1258 294 1319 324 καὶ
1349 288 1372 334 ἦ
1401 292 1605 334 πειθομένη
1636 293 1738 333 τάξις
1768 293 1822 336 τῷ
1857 291 1957 336 αὐτῷ
1989 292 2365 340 μεγαλοπρεπεστάτῃ)

146 335 395 384 αύγουσταλίῳ
427 341 487 371 καὶ
515 338 619 372 πᾶσα
651 335 820 379 πολιτικὴ
851 339 911 370 καί
945 333 1098 379 δημοσία
1117 335 1288 380 βοήθεια,
1322 338 1382 370 καὶ
1408 335 1607 381 ἐπαμύνειν
1627 341 1700 372 τοῖς
1723 342 1955 383 σκρινιαρίοις
1976 342 2050 373 τοῖς
2072 341 2146 373 σοῖς
2168 342 2229 373 καὶ
2251 352 2366 384 παρα·

144 384 330 425 σκευάζειν
360 382 525 418 ἅπαντας
554 382 634 416 τοὺς
667 379 916 425 ὑποκειμένους
944 383 1023 415 ταῖς
1046 379 1230 415 τοιαύταις
1254 381 1435 437 εἰσφοραῖς
1458 385 1535 416 ταῖς
1558 381 1797 427 ἁρμοζούσαις
1819 383 1971 427 ἑκατέρᾳ
1993 386 2154 431 τραπέζῃ
2178 385 2243 418 τοῦ
2267 382 2365 418 δικα-
2388 388 2409 421 5

145 432 291 473 στηρίου
322 429 383 468 τῆς
413 428 476 469 σῆς
507 425 691 471 ὑπεροχῆς,
723 425 805 469 δίχα
829 427 892 470 τῆς
919 425 1068 460 οἱασοῦν
1099 425 1282 470 ἀναβολῆς
1312 438 1395 461 τους
1420 427 1660 472 ἐπικειμένους
1683 425 1803 462 αὐτοῖς
1826 428 2003 473 εἰσφέρειν
2026 427 2214 472 δημοσίαυς
2237 428 2367 475 φόρους

144 476 204 506 καὶ
233 472 282 516 μὴ
305 471 443 516 τολμᾶν
467 469 678 518 ἀντιλέγειν.
727 472 757 505 εἰ
778 471 846 518 γάρ
870 471 967 516 <τις>
989 472 1067 505 τῶν
1091 470 1130 511 ἐξ
1149 471 1317 516 ἑκατέρας
1337 471 1526 517 Αἰγύπτου
1550 469 1573 515 ἢ
1595 474 1674 507 τῶν
1693 471 1784 507 κατὰ
1798 473 1867 515 τὴν
1879 471 2151 519 Ἀλεξάνδρειαν
2167 473 2367 508 οἰκούντων

144 521 203 560 καὶ
229 515 477 560 ὑποκειμένων
500 519 578 551 ταῖς
600 514 785 551 τοιαύταις
808 519 860 550 εἰσ
892 519 989 561 οραῖς
1013 516 1243 563 (ἐξῃρημένον
1266 516 1329 550 τοῦ
1355 513 1555 560 Μαρεώτου
1579 520 1639 551 καὶ
1668 519 1732 552 τοῦ
1756 516 1978 552 Μενελαΐτου
2011 520 2072 561 τῆς
2102 516 2250 562 πόλεως,
2284 521 2367 564 περὶ

144 562 199 595 ὡν
222 564 262 596 ἐν
285 565 358 596 τοῖς
382 562 506 616 ἑφεξῇς
529 560 576 595 τά
600 560 832 606 προσήκοντα
855 530 1145 605 ἔίατυπιὸσομεν)
1169 560 1381 605 τολμήσειεν
1404 560 1622 616 ἀντιβλέψαι
1645 561 1736 607 πρὸς
1758 562 1827 606 τὴν
1850 560 1953 597 δόσιν
1973 560 1997 606 ἢ
2020 562 2112 597 κατά
2134 577 2170 598 τι
2194 565 2365 598 ἐναντιω-

146 607 271 650 θῆναι,
302 610 362 641 καὶ
390 607 440 650 μὴ
463 619 482 640 ο
505 606 742 652 περίβλεπτος
766 603 1019 653 αύγουστάλιος
1039 608 1133 649 ἔχων
1155 609 1216 640 καὶ
1239 607 1308 649 τὴν
1331 617 1599 651 στρατιωτικην
1621 610 1680 640 καὶ
1702 606 1772 651 τὴν
1795 606 1985 651 πολιτικὴν
2009 605 2123 655 ἀρχὴν
2146 611 2206 642 καὶ
2230 607 2267 643 οἷ
2287 610 2366 642 τῶν
2392 612 2432 646 10

144 651 344 698 ταγμάτων
376 651 625 697 πρωτεύοντες
649 654 710 685 καὶ
738 652 926 696 τριβούνοι
956 650 1290 698 καταναγκάσουσιν
1321 648 1433 685 αὗτόν
1465 648 1488 694 ἢ
1519 650 1649 686 αὐτοὺς
1670 651 1718 686 τὰ
1741 649 1959 697 ὀφειλόμενα
1981 653 2191 700 εἰσενεγκεῖν
2214 656 2274 687 καὶ
2297 651 2367 697 τὴν

145 694 426 742 εὐγνωμοσύνην
458 695 526 740 τὴν
542 697 644 742 ’πρὸς
674 696 717 731 τὸ
749 695 926 740 δημόσιον
952 693 1149 742 ἀγαπῆσαι,
1181 697 1355 739 ἴστωσαν,
1380 693 1429 730 ῶς
1450 694 1555 731 αὐτὸς
1577 699 1644 741 μὲν
1667 696 1688 731 ὃ
1709 696 2089 743 μεγαλοπρεπέστατος
2113 696 2367 744 αὖγουστάλιος

143 745 203 775 καὶ
235 743 337 777 πᾶσα
368 739 529 786 βοήθεια
561 741 599 785 ἧς
629 742 842 787 ἔμπροσθεν
873 741 1108 786 ἐμνήσθημεν
1130 739 1422 775 κινδυνεύσουσιν
1447 742 1511 776 ἐπί
1530 755 1571 776 τε
1593 744 1671 776 ταῖς
1694 742 1825 784 ζώναις
1850 757 1867 774 ο
1884 756 1901 774 ο
1918 756 1935 774 ιι
1962 742 2010 777 εἰς
2045 742 2088 777 τὸ
2114 740 2287 787 δημόσιον
2307 745 2367 777 καὶ

144 788 192 820 εἰς
221 789 325 831 μέρος
353 788 433 822 τῶν
464 783 710 831 όφειλομένων
737 785 872 821 καταλο
899 788 1086 830 ιζομέναις,
1118 786 1155 821 οἱ
1184 784 1224 820 δὲ
1255 783 1441 820 ἀντειπεῖν
1471 785 1727 834 θαρρήσαντες
1750 784 1928 832 δημοσίαν
1952 785 2110 832 ὄψονται
2132 786 2202 822 τ“ν
2225 788 2367 822 ἑαυτῶν

144 835 355 877 περιουσίαν
374 834 572 879 γενομένην
594 835 654 865 καὶ
678 830 821 866 ἑαυτοὺς
844 799 915 872 ἕὲω
939 832 1000 875 τῆς
1021 830 1140 887 χώρας
1163 831 1427 875 ἐλαυνομένους.
1466 830 1649 877 πρόδηλον
1672 830 1723 875 δέ,
1743 829 1792 866 ῶς
1817 833 1909 866 πᾶσι
1933 835 2006 867 τοῖς
2020 830 2150 876 διαταχ
2183 835 2368 877 ησομένοις
2392 832 2433 866 15

144 877 244 920 παρὰ
276 878 339 921 τῆς
369 878 433 921 σῆς
461 876 635 923 ὑπεροχῆς
665 877 686 910 ὅ
717 877 809 911 κατὰ
839 876 968 924 καιρὸν
992 874 1249 924 αυγουστάλιος
1271 873 1499 911 ὕποκείσεται
1520 877 1565 924 τῇ
1590 878 1653 921 τῆς
1675 877 1739 921 σῆς
1755 875 1929 924 ὑπεροχῆς
1952 877 2096 921 ἐξουσίᾳ
2117 890 2158 912 τε
2180 880 2240 911 καὶ
2264 875 2368 923 ἀρχῇ,

143 922 319 969 καθάπερ
341 925 444 970 μέχρι
467 924 532 956 τοῦ
557 922 739 968 παρόντος
761 921 989 968 πεφύλακται

145 90 224 135 Ed.
243 91 349 136 XIII
379 93 419 136 9.
446 95 494 134 10
1708 104 1768 136 nn
1796 104 1914 136 mum
1943 103 2365 138 Amxmnnmomm

1141 988 1298 1025 CAPUT
1322 988 1369 1025 X.

278 1057 326 1091 Εἰ
353 1059 479 1102 μέντοι
502 1056 670 1104 βουληθῇ
688 1054 709 1099 ἦ
735 1055 779 1100 σὴ
802 1054 992 1100 ἐνδοξότης
1015 1052 1037 1100 ἢ
1061 1056 1098 1091 οἱ
1119 1053 1337 1104 σκρινιάριοι
1359 1055 1382 1099 ἢ
1406 1055 1443 1091 οἱ
1456 1069 1477 1091 τ
1502 1059 1671 1090 ακτευταῖ
1686 1053 1707 1100 ἢ
1723 1055 1761 1091 οἷ
1772 1056 1840 1092 τὸν
1854 1058 2004 1091 ἐκείνων
2021 1054 2240 1102 πληροῦντες
2253 1054 2368 1092 τόπον

145 1099 240 1135 κατὰ
265 1101 390 1148 χώραν
407 1101 515 1149 λόγον
530 1105 605 1137 τισὶ
626 1101 788 1146 δοθῆναι
804 1100 1024 1157 προσώποις,
1049 1101 1139 1148 ὑπὲρ
1155 1100 1279 1137 αὐτῶν
1296 1099 1399 1136 αὐτοὶ
1417 1115 1475 1136 κιν
1499 1099 1728 1136 υνεύσουσιν·
1754 1100 1863 1136 δώσει
1878 1105 2004 1147 μέντοι
2019 1103 2151 1137 τοῦτον
2165 1099 2185 1136 ὁ
2202 1100 2367 1148 θεοφιλέ-

145 1158 275 1181 στατος
299 1146 519 1193 πατριάρχης
542 1149 603 1183 ἐπὶ
625 1147 803 1182 τοσαύτας
826 1150 957 1194 ημέρας
981 1147 1231 1191 ἐκτεινόμενον
1253 1151 1313 1181 καὶ
1337 1148 1398 1182 ἐπὶ
1416 1144 1559 1181 τούτοις
1574 1150 1647 1181 τοῖς
1662 1143 1770 1192 ὅροις,
1791 1144 1845 1193 ἐφ’
1862 1147 1912 1182 οἷς
1928 1146 1974 1182 ἂν
1989 1147 2089 1194 παρὰ
2108 1149 2168 1189 τῆς
2183 1142 2291 1192 ἀρχῆς
2304 1147 2367 1191 τῆς
2390 1149 2434 1183 20

144 1193 208 1235 σῆς
240 1189 414 1238 ὑπεροχῆς
437 1193 686 1238 προσταχθείη
711 1189 733 1235 ἢ
757 1194 857 1245 παρὰ
874 1193 952 1227 τῶν
968 1193 1199 1236 τρακτευτῶν
1216 1192 1395 1235 αἰτηθείη.
1435 1192 1467 1225 εἰ
1484 1190 1523 1226 δὲ
1538 1192 1638 1238 παρὰ
1652 1193 1768 1227 ταῦτα
1784 1191 1925 1247 γένοιτό
1939 1203 1992 1226 τις
2009 1191 2114 1240 λόγου
2138 1190 2249 1234 δόσις,
2274 1189 2365 1235 αὐτὴ

144 1236 333 1271 παντελῶς
359 1240 464 1272 ἔσται
495 1238 633 1283 ἄκυρος.
681 1234 766 1271 ούδὲ
787 1250 857 1283 γαρ
877 1235 921 1271 δι’
948 1235 1209 1280 οἱαςδηποτοῦν
1233 1238 1349 1272 αἰτίας
1370 1234 1479 1283 λόγον
1501 1238 1588 1271 τινὰ
1612 1236 1710 1283 παρὰ
1733 1251 1848 1272 ταυτα
1872 1241 2042 1283 παρέχειν
2064 1239 2138 1272 τοῖς
2159 1235 2369 1285 προσώποις

143 1284 216 1316 τοῖς
248 1282 379 1330 ἑκάστῃ
411 1282 675 1329 ἀφωρισμένοις
706 1283 806 1325 αἰτίᾳ
837 1283 1100 1328 συγχωροῦμεν,
1134 1280 1231 1317 πλην
1259 1283 1291 1316 εἰ
1316 1282 1366 1327 μὴ
1391 1283 1453 1317 ἐπὶ
1481 1281 1600 1325 τούτῳ
1624 1282 1691 1317 τὸν
1714 1281 1823 1329 λόγον
1847 1280 2002 1327 λάβοιεν,
2037 1281 2092 1328 ἐφ’
2118 1274 2191 1326 ᾧτε
2213 1280 2369 1326 δημοσίᾳ

144 1327 347 1372 φαίνεσθαι
378 1330 438 1362 καὶ
468 1328 618 1363 πάι-τως
647 1328 733 1362 εἴσω
766 1328 888 1373 ῥητῶν
912 1326 1056 1374 ἡμερῶν
1079 1328 1155 1362 πᾶν
1177 1323 1267 1362 ὅσον
1290 1325 1471 1373 ὀφείλουσι
1491 1326 1534 1361 τὸ
1558 1325 1732 1383 δημόσιον
1756 1326 1984 1373 ἐκπληρῶσαι
2008 1323 2030 1371 ἢ
2052 1328 2121 1371 τὴν
2145 1325 2367 1372 ἀποχρῶσαν

142 1375 217 1406 τοῖς
248 1375 481 1419 τρακτευταῖς
504 1370 527 1415 ἢ
551 1377 784 1418 σκρινιαριόις
805 1374 973 1417 παρέχειν
994 1370 1214 1418 ἐσφάλειαν·
1238 1372 1327 1418 πρὸς
1349 1373 1402 1416 τῷ
1423 1371 1492 1406 τὸν
1515 1384 1615 1418 παρα
1637 1373 1754 1407 ταῦτα
1777 1372 1949 1418 εἰληφότα
1971 1372 2079 1419 λόγον
2110 1369 2195 1418 παρ’
2228 1370 2365 1416 οἱουδή-
2390 1371 2433 1404 25

143 1430 234 1452 ποτε
268 1419 466 1462 προσώπου
499 1418 577 1452 ἴσον
608 1421 682 1452 τοῖς
704 1416 958 1461 ἀμπλακοῦσιν
980 1417 1073 1451 εἶναι
1097 1420 1157 1451 καὶ
1180 1413 1374 1460 ὑπομένειν
1397 1416 1467 1460 τὴν
1489 1417 1680 1462 εἴσπραξιν
1703 1421 1762 1451 καὶ
1786 1419 1893 1452 ἔνδον
1915 1419 1993 1452 τῶν
2016 1415 2131 1464 ἁγίων
2150 1431 2196 1452 πε
2219 1414 2366 1461 ιβόλων.

142 1464 164 1497 1
211 1463 242 1496 εἰ
273 1461 313 1497 δὲ
343 1462 363 1497 ὁ
395 1462 678 1509 θεοφιλέστατος
709 1461 984 1508 ἀρχιεπίσκοπος
1013 1462 1114 1507 παρὰ
1143 1462 1190 1497 τὰ
1221 1463 1391 1509 εἰρημένα
1423 1461 1502 1503 δοίη
1535 1461 1652 1508 λόγον,
1684 1459 1847 1508 ἀνάγκην
1867 1464 2009 1504 ἕξουσιν
2031 1463 2066 1497 οἱ
2088 1431 2367 1509 θεοφιλέστατοι

144 1507 331 1552 οἰκονόμοι
361 1511 423 1542 καὶ
452 1509 488 1542 οἱ
518 1506 795 1552 ἐκκλησιέκδικοι
824 1509 888 1551 τῆς
920 1507 1123 1554 ἁγιωτάτης
1152 1507 1339 1550 ἐκκλησίας
1368 1506 1439 1550 τὴν
1468 1508 1644 1542 ἐντεῦθεν
1674 1512 1946 1552 συμβαίνουσαν
1968 1509 2022 1551 τῷ
2047 1506 2209 1551 δημοσίῳ
2234 1509 2367 1551 ζημίαν

145 1554 346 1599 ἐπιγνῶναι
369 1554 518 1588 οἴκοθεν
540 1557 600 1587 καὶ
624 1556 663 1587 ἐκ
685 1554 749 1597 τῆς
771 1551 863 1588 ἰδίας
887 1550 1011 1588 αὐτῶν
1041 1551 1282 1588 ὑποστάσεως.
1329 1553 1361 1588 εἰ
1384 1551 1424 1587 δέ
1444 1553 1495 1597 μὴ
1520 1549 1767 1598 εὖπορήσειαν,
1791 1555 1831 1587 ἐκ
1853 1554 1933 1588 τῶν
1947 1555 2011 1597 τῆς
2026 1551 2230 1600 ἁγιωτάτης
2245 1551 2366 1597 ἐκκλη-

143 1598 168 1633 2
216 1601 295 1632 σίας
321 1598 515 1644 χρημάτων
537 1611 578 1633 τε
599 1602 660 1633 καὶ
683 1596 912 1645 πραγμάτων
929 1598 972 1633 τὸ
997 1597 1125 1633 ἱκανὸν
1148 1599 1202 1642 τῷ
1222 1596 1384 1643 δημοσίῳ
1407 1597 1607 1645 γενήσεται.
1656 1598 1688 1632 εἰ
1711 1596 1751 1632 δὲ
1773 1597 1993 1643 τολμήσουσι
2016 1596 2116 1646 παρὰ
2162 1597 2288 1655 νεόμην
2301 1598 2366 1632 τοῦ
2389 1595 2433 1629 30

144 1642 433 1689 θεοφιλεστάτου
456 1643 654 1679 ἐπισκόπου
680 1642 783 1678 αὐτοὶ
807 1642 937 1678 δοῦναι
962 1642 1082 1690 λόγον,
1105 1642 1148 1677 ού
1171 1643 1289 1688 μόνον
1313 1645 1416 1678 ἔσται
1438 1642 1482 1677 τὸ
1503 1641 1700 1687 δεδομένον
1716 1643 1904 1679 παντελῶς
1920 1642 2063 1697 ἄκυρον,
2080 1641 2103 1677 ά
2127 1611 2161 1678 λζ
2180 1646 2284 1678 αυτοὶ
2298 1642 2367 1687 τὴν

144 1690 275 1731 ζημίαν
291 1689 560 1734 θεραπεύσουσι
575 1690 628 1732 τῷ
643 1687 817 1732 δημοσίῳ,
834 1690 899 1723 τοῦ
909 1688 1187 1735 μακαριωτάτου
1201 1687 1434 1734 πατριάρχου,
1450 1689 1481 1722 εἰ
1493 1689 1602 1723 τοῦτο
1615 1688 1715 1735 παρὰ
1727 1688 1805 1735 γναὶ
1833 1701 1878 1732 ην
1892 1686 2002 1723 αύτου
2015 1688 2204 1735 πράξειαν,
2221 1687 2368 1724 πάντως

143 1735 168 1769 3
215 1732 343 1768 αὐτοὺς
374 1737 434 1768 καὶ
465 1731 726 1769 ἀποκινοῦντος
754 1736 831 1768 τῶν
863 1737 1090 1779 φροντίσειεν
1113 1726 1167 1768 ῶν
1188 1735 1306 1776 έχουσι
1329 1737 1390 1768 καὶ
1412 1734 1475 1777 τῆς
1494 1732 1689 1779 ἱερωσύνης
1711 1703 1956 1778 ἐκβάλιλοντος.
2002 1734 2034 1767 εἰ
2056 1731 2098 1768 δὲ
2120 1732 2245 1789 ἅρχων
2267 1731 2368 1779 παρὰ

142 1775 191 1812 τὰ
223 1776 482 1825 διηγορευμένα
510 1777 589 1823 δοίη
613 1781 687 1828 τινὶ
710 1778 820 1823 λόγον
843 1776 1026 1824 ὀφείλοντι
1057 1776 1214 1823 δημόσια
1242 1781 1320 1813 ταῖς
1349 1780 1429 1813 σαῖς
1451 1780 1645 1823 τραπέζαις
1668 1775 1917 1826 άφωρισμένα,
1940 1781 2130 1814 τουτέστιν
2152 1792 2175 1822 η
2199 1778 2220 1813 ὁ
2243 1777 2368 1824 αὐγου·

143 1924 185 1960 Si
216 1925 309 1960 enim
336 1923 411 1960 '‘hoc
434 1928 574 1978 petent,
605 1928 670 1960 aut
699 1925 734 1960 si
754 1925 900 1960 iusserit
922 1925 1044 1971 yloria
1069 1928 1131 1960 tua
1155 1929 1191 1960 et
1213 1925 1277 1971 qui
1301 1935 1444 1971 quoque
1467 1928 1628 1971 tempore
1650 1922 1798 1959 eandem
1822 1923 2170 1960 administrationem
2194 1923 2367 1969 obtinent,

143 1981 284 2006 necesse
314 1969 456 2006 habebit
484 1971 548 2016 qui
579 1973 665 2005 tunc
695 1974 749 2006 est
777 1970 991 2015 Augustalis
1019 1974 1054 2005 et
1083 1970 1148 2016 qui
1176 1970 1244 2006 sub'
1272 1980 1315 2005 eo
1345 1973 1430 2005 sunt
1460 1969 1581 2006 devoti
1605 1968 1736 2004 milites
1766 1979 1962 2015 eorumque
1987 1968 2122 2004 tribuni
2144 1972 2181 2006 et
2204 1969 2368 2015 officium

144 2015 258 2050 eidem
282 2015 637 2061 maqnificentissimo
660 2015 856 2061 Auqustati
877 2025 1013 2061 parens
1036 2019 1070 2050 et
1092 2025 1197 2050 omne
1221 2015 1323 2050 civile
1346 2018 1380 2050 et
1389 2014 1577 2068 publicum
1593 2013 1826 2056 adiutorium,
1849 2013 2053 2050 scriniariis
2070 2015 2141 2050 tuis
2154 2025 2368 2050 succurrere

142 2064 177 2095 et
200 2060 381 2107 perficere
411 2065 452 2095 ut
475 2066 614 2103 ?omnes‚
647 2060 853 2106 quicunque
875 2059 1052 2095 eiusmodi
1073 2059 1299 2095 illationibus
1322 2064 1467 2106 utrique
1489 2069 1633 2095 mensae
1655 2058 1847 2094 tribunalis
1871 2062 1955 2095 tuae
1977 2058 2205 2095 sublimitatis
2227 2069 2367 2107 compe·

142 2105 297 2141 tentibus
329 2105 484 2140 obnoxii
510 2110 607 2148 sunt,
637 2106 715 2140 sine
744 2105 820 2140 ulta
851 2115 954 2140 mora
984 2106 1155 2152 imposita
1177 2105 1245 2141 sibi
1261 2104 1414 2151 publica
1439 2105 1574 2140 tributa
1597 2103 1762 2149 inferant
1784 2114 1900 2150 neque
1923 2104 2172 2140 contradicere
2195 2104 2364 2140 audeant.

143 2150 184 2185 Si
204 2151 287 2196 quis
308 2151 400 2186 enim
425 2161 474 2186 ex
496 2150 552 2193 iis,
577 2152 641 2195 qui
663 2151 702 2184 in
725 2154 882 2196 utraque
905 2150 959 2186 Ae
982 2154 1073 2197 ypto
1098 2153 1164 2185 aut
1186 2149 1435 2186 Alexandriae
1454 2148 1619 2185 habitant
1650 2153 1686 2184 et
1709 2148 1842 2184 talibus
1866 2148 2090 2185 illationibus
2109 2149 2263 2186 obnoxii
2282 2152 2368 2184 sunt

144 2197 311 2242 (excepta
335 2195 503 2231 Mareota
535 2199 571 2231 ot
593 2194 792 2231 Menelaita
815 2194 914 2237 urbe,
938 2161 983 2230 ἄρα
1006 2195 1134 2241 quibus
1156 2194 1195 2229 in
1217 2195 1449 2240 sequentibus
1496 2205 1566 2230 uae
1589 2204 1707 2240 aequa
1726 2197 1812 2229 sunt
1833 2195 2055 2238 statuemus),
2078 2204 2249 2230 recusare
2270 2193 2367 2230 solu-

143 2241 274 2276 tionem
297 2246 363 2276 aut
385 2241 422 2275 in
447 2240 571 2286 aliqua
587 2251 628 2275 re
650 2240 839 2276 adversari
859 2239 1003 2282 audeat,
1029 2244 1064 2276 et
1086 2239 1293 2287 spectabilis
1307 2240 1474 2286 Auqusta
1490 2241 1521 2275 is
1537 2244 1608 2275 tam
1624 2239 1813 2274 militarem
1830 2249 1938 2285 quam
1956 2239 2094 2274 civilem
2115 2240 2366 2286 maqistratum

142 2286 276 2321 habens
299 2290 335 2321 et
357 2285 558 2321 cohortium
574 2286 761 2332 principes
783 2289 819 2321 et
844 2284 980 2320 tribuni
1000 2295 1075 2320 non
1098 2285 1285 2331 coeqerint
1307 2295 1386 2320 eum
1411 2284 1467 2321 vel
1488 2294 1552 2321 eos
1574 2283 1694 2320 debita
1717 2284 1860 2329 inferre
1882 2287 1918 2319 et
1937 2282 2116 2330 probitati
2135 2294 2225 2330 erqa
2237 2284 2366 2330 fiscum

140 2330 302 2372 studere,
332 2332 449 2366 sciant
479 2331 597 2377 ipsum
625 2330 1015 2377 maqnificentissimum
1035 2330 1271 2376 Auqustalem
1295 2334 1330 2366 et
1353 2340 1458 2365 omne
1480 2329 1698 2365 adiutorium
1723 2329 1826 2364 cuius
1848 2327 1955 2376 modo
1977 2329 2190 2365 mentionem
2210 2329 2367 2376 fecimus

135 2376 341 2422 periculum
371 2375 554 2411 subituros
585 2386 663 2411 esse
694 2376 791 2411 circa
822 2374 970 2422 cinqula
1003 2400 1170 2410 .......
1198 2375 1288 2420 fisco
1319 2374 1535 2421 inferendas
1565 2378 1601 2410 et
1630 2374 1670 2409 in
1699 2378 1843 2420 partem
1875 2372 2078 2409 debitorum
2112 2373 2366 2420 imputanda53

141 2422 206 2472 qui
228 2426 347 2457 autem
371 2421 560 2457 adversari
582 2421 664 2456 ausi
686 2424 803 2462 erunt,
829 2421 923 2457 bona
946 2431 1014 2455 sua
1025 2420 1212 2467 publicari
1231 2420 1399 2456 videbunt
1421 2430 1530 2466 seque
1569 2430 1589 2456 e
1618 2430 1722 2456 serra
1767 2418 1908 2454 eiectos.
1955 2417 2193 2464 Manifestum
2212 2429 2297 2455 vero
2313 2421 2367 2455 est

142 2476 180 2500 tn
205 2466 369 2502 omnibus
393 2477 486 2518 quae
509 2477 532 2500 a
556 2465 774 2502 sublimitate
799 2469 862 2501 tua
881 2466 1147 2501 constituentur
1169 2475 1261 2508 eum,
1286 2465 1349 2511 qui
1369 2475 1514 2511 quoque
1539 2468 1699 2510 tempore
1722 2467 1776 2499 est
1790 2463 2015 2510 Auqustatis,
2041 2468 2125 2499 tuae
2138 2463 2368 2500 sublimitatis

140 2512 316 2556 potestati
334 2515 369 2546 et
387 2512 540 2558 imperio
561 2510 757 2546 subiectum
778 2511 878 2556 fore,
901 2511 1010 2546 sicuti
1032 2520 1146 2557 usque
1170 2510 1220 2546 ad
1238 2520 1416 2557 praesens
1440 2518 1579 2556 tempus
1601 2508 1826 2545 observatum
1848 2512 1914 2544 est.

274 2556 320 2592 X.
368 2555 410 2591 Si
443 2562 560 2592 tamen
591 2555 744 2591 voluerit
772 2555 895 2602 qloria
927 2559 990 2591 tua
1021 2562 1084 2591 aut
1113 2555 1298 2591 scriniarii
1328 2554 1384 2591 vel
1415 2558 1635 2590 tractatores
1661 2553 1719 2589 vel
1739 2553 1803 2599 qui
1824 2564 1949 2589 eorum
1974 2553 2092 2590 locum
2115 2553 2154 2590 in
2203 2553 2367 2590 rovincia

142 2600 313 2644 obtinent,
346 2599 457 2648 λόγον
488 2600 701 2647 quibusdam
726 2601 898 2647 personis
917 2600 1012 2643 dari,
1041 2611 1113 2647 pro
1138 2601 1183 2636 iis
1206 2600 1278 2647 ipsi
1296 2599 1499 2647 periculum
1522 2599 1773 2640 sustinebunt,·
1795 2598 1896 2634 dabit
1915 2602 2034 2634 autem
2058 2609 2138 2635 eum
2186 2599 2222 2635 ei
2242 2609 2366 2635 aman-

142 2646 298 2681 tissimus
321 2647 540 2693 patriarcba
571 2646 611 2681 in
642 2650 697 2681 tot
723 2646 801 2681 de'es
831 2650 1019 2681 extensum
1050 2649 1086 2681 et
1116 2645 1181 2680 sub
1205 2645 1258 2681 eis
1288 2644 1571 2686 condicionibus,
1602 2643 1668 2679 sub
1694 2643 1824 2690 quibus
1847 2647 1930 2679 tuae
1952 2643 2189 2680 excellentiae
2212 2644 2363 2691 imperio

140 2694 315 2725 statutum
350 2696 415 2726 aut
450 2703 472 2726 a
507 2691 764 2727 tractatoribus
787 2692 945 2738 petitum
975 2692 1033 2726 sit.
1081 2689 1125 2726 Si
1153 2701 1239 2726 vero
1264 2694 1416 2737 praeter
1446 2688 1536 2725 haec
1565 2687 1664 2735 λόγος
1695 2688 1812 2730 detur,
1841 2688 1941 2724 datio
1971 2690 2117 2735 penitus
2147 2689 2255 2725 irrita
2285 2688 2364 2726 erit.

141 2734 267 2781 Neque
298 2737 391 2772 enim
423 2736 508 2778 ullis
531 2747 580 2772 ex
603 2737 724 2771 causis
747 2742 787 2772 ut
803 2740 956 2782 praeter
975 2734 1064 2771 haec
1088 2735 1223 2781 aliquis
1245 2734 1342 2780 asyli
1364 2734 1470 2782 λόγον
1487 2733 1668 2782 praebeat
1683 2734 1856 2781 personis
1877 2734 2033 2780 sinqulis
2054 2733 2167 2770 titulis
2189 2733 2366 2781 deleqatis

141 2780 380 2822 concedimus,
411 2781 483 2815 nisi
513 2792 556 2816 ea
580 2781 791 2817 condicione
814 2780 923 2827 λόγον
947 2780 1142 2827 accipiant,
1167 2785 1207 2816 ut
1230 2781 1268 2815 in
1285 2780 1434 2827 publico
1459 2784 1646 2816 versentur
1668 2783 1705 2814 et
1728 2779 1873 2814 omnino
1898 2780 1997 2814 intra
2020 2783 2139 2815 certos
2162 2778 2239 2814 dies
2262 2789 2367 2815 omne

140 2825 240 2870 quod
266 2824 393 2861 debent
419 2826 511 2869 fisco
543 2826 734 2861 exsolvant
765 2830 830 2861 aut
860 2826 1101 2872 sufficientem
1135 2825 1393 2861 tractatoribus
1416 2824 1661 2860 scriniariisve
1685 2824 1887 2859 cautionem
1907 2828 2108 2870 praestent.
2154 2823 2304 2860 Accedit
2323 2827 2367 2860 ut

126 2870 204 2916 -qui
231 2874 380 2916 praeter
409 2870 497 2906 haec
528 2869 637 2916 λόγον
667 2882 690 2905 a
722 2870 880 2916 qualibet
904 2881 1070 2917 persona
1101 2870 1251 2917 accepit,
1281 2870 1448 2916 aequalis
1475 2869 1523 2906 sit
1552 2869 1605 2906 eis
1635 2869 1700 2915 qui
1721 2880 1796 2904 non
1818 2874 2035 2916 acceperunt
2058 2873 2094 2905 et
2115 2869 2214 2905 intra
2237 2871 2366 2905 sancta

140 2918 162 2952 1
210 2925 355 2961 quoque
376 2920 504 2961 saepta
525 2916 753 2950 exactionem
776 2916 963 2951 sustineat.
1010 2914 1055 2951 Si
1075 2926 1160 2951 vero
1184 2915 1242 2950 dei
1260 2914 1528 2950 amantissimus
1555 2913 1851 2961 archiepiscopus
1874 2918 2001 2950 contra
2024 2924 2068 2950 ea
2091 2924 2186 2960 quae
2203 2913 2365 2950 diximus

141 2957 251 3006 λόγον
273 2960 423 3001 dederit,
448 2960 651 2995 necessario
675 2961 732 2995 dei
755 2960 993 2996 amantissimi
1010 2961 1197 2996 oeconomi
1212 2964 1247 2995 et
1262 2960 1473 3006 defensores
1487 2959 1736 2995 sanctissimae
1751 2959 1921 2995 ecclesiae
1937 2958 2104 2995 damnum
2124 2958 2208 2994 hinc
2213 2958 2363 3006 publico

139 3005 281 3041 illatum
305 3004 351 3041 de
370 3015 436 3041 suo
461 3009 497 3041 et
519 3005 564 3040 de
583 3006 741 3052 propria
763 3005 967 3041 substantia
989 3006 1189 3041 restituent.
1223 3004 1267 3040 Si
1282 3016 1365 3041 vero
1382 3004 1581 3057 locupletes
1596 3015 1670 3040 non
1689 3005 1774 3046 sint,
1797 3014 1847 3040 cx
1860 3004 2026 3050 pecuniis
2041 3008 2076 3039 et
2091 3003 2199 3039 rebus
2213 3004 2364 3039 sanctis-

139 3051 163 3086 2
197 3051 310 3086 simae
330 3050 503 3086 ecclesiae
521 3050 613 3095 fisco
636 3050 798 3093 satisfiet.
835 3049 942 3092 Quod
963 3051 999 3085 si
1019 3051 1092 3096 ipsi
1114 3051 1226 3086 invito
1251 3049 1309 3085 dei
1330 3051 1576 3085 amantissimo
1598 3048 1872 3095 archiepiscopo
1896 3047 2008 3095 λόγον
2030 3048 2120 3083 dare
2143 3048 2225 3083 ausi
2247 3053 2364 3090 erunt,

140 3107 214 3130 non
244 3095 351 3131 modo
383 3095 483 3141 quod
513 3095 637 3132 datum
661 3099 715 3130 est
732 3095 881 3141 penitus
904 3095 1049 3130 irritum
1073 3096 1154 3137 erit,
1177 3095 1241 3131 sed
1264 3095 1336 3141 ipsi
1358 3095 1527 3130 damnum
1545 3094 1694 3141 publico
1717 3094 1917 3135 restituent,
1941 3098 1977 3129 et
2001 3092 2224 3128 beatissimus
2244 3094 2363 3139 patri-

140 3139 264 3183 archa,
288 3141 321 3176 si
343 3139 412 3176 Ιιοο
432 3145 582 3188 praeter
604 3140 683 3175 eius
706 3140 923 3175 voluntatem
944 3139 1115 3185 fecerint,
1137 3140 1282 3175 omnino
1306 3150 1368 3175 eos
1391 3150 1415 3175 a
1438 3139 1647 3174 ministeriis
1669 3149 1761 3183 quae
1785 3137 1918 3172 habent
1940 3137 2133 3173 removebit
2155 3141 2191 3173 et
2212 3148 2364 3174 esacer-

140 3186 164 3220 3
209 3185 310 3221 dotio
340 3185 452 3222 eiciet.
502 3185 568 3220 Sin
600 3189 719 3221 autem
750 3183 865 3220 iudex
896 3188 1026 3220 contra
1057 3195 1101 3220 ea
1127 3195 1221 3231 quae
1243 3185 1434 3220 sanximus
1457 3183 1595 3219 dederit
1617 3181 1726 3229 λόγον
1750 3181 1861 3217 alicui
1884 3183 1951 3228 qui
1968 3182 2115 3229 publica
2138 3182 2269 3219 mensis
2292 3183 2365 3219 tuis

188 3336 202 3367 1
225 3333 333 3367 malim
350 3331 587 3377 προστάξειεν
604 3332 616 3375 ΙΙ
634 3334 654 3366 2
671 3326 730 3366 ὑπ’
750 3330 874 3364 αυτῶν
888 3330 934 3363 M
946 3328 959 3374 ΙΙ
975 3332 995 3364 6
1014 3327 1143 3364 αὐτούς
1155 3331 1201 3364 M
1207 3332 1218 3373 ss

141 3381 158 3411 7
192 3388 246 3411 τις
278 3380 433 3418 inserui(
466 3385 515 3411 ost
536 3376 725 3421 τολμήσειε
748 3374 947 3414 Zachariae)
978 3375 991 3418 ΙΙ
1028 3377 1068 3409 13
1093 3377 1220 3419 aliquid

142 3425 297 3456 excidisse
321 3424 402 3457 vidit
451 3425 616 3465 achar-iae,
641 3425 699 3467 qui
719 3422 848 3466 supplet
870 3422 930 3453 καὶ
955 3420 1014 3453 ἐπὶ
1039 3422 1116 3453 ταῖς
1139 3431 1217 3453 ποι-

140 3470 218 3502 ναῖς
247 3465 512 3511 δοθησομέναις
545 3480 607 3501 non
637 3475 744 3508 reete;
766 3467 839 3511 suit
860 3467 938 3509 sere
960 3466 1020 3497 καὶ
1052 3465 1113 3499 ἐπὶ
1141 3467 1220 3498 ταῖς

140 3509 301 3555 σιτήσεσι
326 3510 657 3556 καταβαλλομέναις
671 3512 684 3557 ΙΙ
710 3514 752 3546 14
775 3511 815 3546 οῗ
832 3522 873 3544 τε
896 3507 1066 3544 ἆντιπεῖν
1088 3510 1135 3543 Μ
1154 3509 1159 3554 Ι
1178 3512 1219 3544 15

141 3560 246 3591 malim
272 3555 321 3591 ῶς
344 3559 384 3590 ἐν
407 3558 496 3591 πᾶσι
523 3558 536 3602 ΙΙ
567 3560 609 3592 16
639 3558 684 3601 τῆ
710 3570 768 3592 om.
794 3569 862 3591 cum
887 3556 1070 3599 Serimqero
1093 3566 1135 3588 vu
1149 3567 1182 3598 9.
1207 3554 1220 3596 ΙΙ

144 3604 183 3636 18
207 3601 286 3643 τὸν]
313 3602 388 3636 τῶν
414 3604 458 3636 M
480 3603 493 3646 ss
522 3604 560 3637 21
591 3593 682 3644 αι’»τῆ
707 3603 750 3636 M
776 3601 789 3646 u
821 3603 864 3636 22
888 3598 1016 3646 ἄκυροι
1038 3599 1220 3654 Agyzaeus}

141 3650 243 3693 κυρία
259 3649 300 3682 Μ
320 3648 332 3691 ΙΙ
363 3643 445 3681 οὐδὲ
467 3646 535 3694 γὰρ
560 3645 605 3681 δι’
632 3645 894 3691 οἱαςδηποτοῦν
908 3646 1024 3687 Kroll]
1048 3656 1132 3679 ουτε
1150 3642 1220 3691 γὰρ

1286 3327 1434 3372 δίδομεν
1457 3325 1591 3372 δήποτε
1611 3321 1700 3373 γούν
1723 3329 1770 3362 M
1787 3330 1842 3370 (an
1866 3329 1953 3375 γοῦν
1978 3330 2080 3372 delfi)
2099 3328 2112 3374 ΙΙ
2128 3329 2254 3372 αἰτίας]
2279 3326 2362 3364 οἷον·

1289 3372 1364 3408 itas
1381 3373 1566 3408 Zachariae
1591 3376 1687 3412 (idem
1711 3372 1794 3407 οὔτε
1819 3372 2017 3418 λαμβάνειν
2042 3377 2137 3409 addit
2155 3383 2231 3418 post
2254 3378 2363 3420 παρέ-

1288 3422 1375 3461 χειν)
1403 3419 1416 3463 ΙΙ
1447 3419 1489 3452 25
1513 3419 1566 3461 τῷ
1595 3418 1791 3460 Zachariae]
1816 3417 1858 3453 τὸ
1885 3421 1928 3453 Μ
1942 3425 1966 3499 11
1995 3421 2037 3453 26
2061 3418 2259 3464 προσώπου
2283 3420 2363 3455 ἴσον

1290 3463 1487 3505 Zachariae]
1510 3463 1647 3508 τρόπου
1671 3463 1757 3498 ἴσως
1777 3465 1821 3498 Μ
1832 3464 1845 3508 [Ι
1862 3459 1940 3507 άμπ
1965 3465 2113 3498 ακοῦσιν
2132 3466 2247 3507 KroiI]
2272 3463 2362 3500 ἀπο-

1287 3506 1536 3553 λαμβάνουσιν
1560 3510 1611 3552 M,
1634 3505 1699 3542 οὐκ
1722 3506 1825 3544 ἀπολ.
1853 3508 2068 3552 ΖσεΙιανίαεΙΙ
2094 3511 2137 3544 29
2161 3509 2362 3557 ἐπιγνῶναι

1289 3567 1347 3587 om.
1373 3555 1446 3596 Ma,
1467 3567 1567 3598 supra
1594 3556 1708 3588 lineam
1731 3556 1807 3589 add.
1834 3555 1876 3588 Μ
1883 3554 1898 3575 ⁰
1920 3555 1934 3598 fl
1960 3555 1999 3588 31
2023 3551 2216 3598 δεδομένον
2239 3555 2360 3596 Kroll]

1288 3597 1480 3644 λεγόμενον
1503 3600 1544 3633 Μ
1559 3599 1572 3642 ΙΙ
1590 3602 1632 3634 32
1655 3599 1763 3633 τοίτο
1790 3600 2032 3644 Οεεηὸνᾶςςεη]
2055 3612 2091 3633 τι
2114 3598 2157 3633 τὸ
2181 3600 2228 3633 Μ
2244 3602 2301 3642 (an
2324 3612 2361 3633 τι

1288 3644 1431 3679 τοιοῦτο
1440 3644 1471 3687 Ῡ)
1498 3644 1511 3689 ΙΙ
1540 3646 1581 3679 33
1604 3652 1751 3690 praestat
1774 3641 1982 3690 φροντίδων
2005 3645 2056 3678 vel
2078 3644 2362 3691 φροντισμάτων
