2476 3854
1218 95 1301 142 (394

151 99 260 144 Nov.
287 99 508 144 CXXXVI
539 102 576 141 5.
608 102 633 142 6
1542 111 1601 142 m:
1629 110 2012 146 ARGENTARIORUM
2042 112 2375 147 commem-mus

151 210 413 257 περσοναλίαις,
462 209 504 247 οὗ
527 211 597 258 γὰρ
621 207 669 246 ἂν
685 213 880 256 προχείρως
896 208 1042 254 δοίημεν
1058 206 1253 254 ὑποθήκην
1269 213 1340 245 τοῖς
1355 213 1463 245 τοῦτο
1481 209 1531 254 μὴ
1548 209 1824 257 συμφωνήσασι,
1848 211 1945 255 πλὴν
1958 212 1990 246 εἰ
2002 211 2052 256 μὴ
2070 210 2230 265 δειχθείη
2247 213 2286 248 ἐν
2304 215 2377 247 τοῖς

149 258 359 303 γράμμασιν
381 254 473 292 ὅλως
496 256 739 301 ὑπαρχόντων
759 258 879 300 μνήμη
898 258 1083 301 γενομένη,
1114 257 1221 300 (nai)
1243 252 1267 298 ἢ
1291 253 1498 290 ἱπόθοιντο
1521 255 1567 290 τὰ
1590 257 1731 291 ἑαυτῶν
1750 252 1772 299 ἢ
1797 257 1905 291 τοῦτο
1928 258 2017 303 γοῦν
2041 257 2084 291 τὸ
2110 256 2251 292 απλοῦν
2274 269 2377 311 προς-

150 304 253 335 θεῖεν
283 300 485 345 κινδύνῳ
518 316 535 335 ἰ
550 302 610 335 ὧν
635 300 940 346 ὑπαρχόντων
965 297 1135 341 αι’-τοῖς,
1167 297 1189 343 ἢ
1211 297 1301 335 ὅλως
1323 314 1358 334 τι
1384 300 1608 346 φθέγξονται
1631 298 1653 344 ἢ
1676 299 1858 347 γράψαιεν
1879 303 2046 336 τοιοῦτον
2069 300 2196 337 ὁποῖον
2221 303 2269 336 εἰς
2292 314 2377 336 υπο-

150 344 265 390 θήκης
289 349 433 380 ἔννοιαν
457 349 563 392 φέρει.
611 347 697 381 τότε
720 346 788 391 γὰρ
812 349 872 379 καὶ
895 346 963 400 τήν
986 343 1180 388 ὑποθήκην
1207 342 1326 380 αὐτοῖς
1350 348 1561 390 παρέχομεν,
1585 342 1632 380 ὥς
1655 346 1744 389 μήτε
1769 346 1835 389 τὴν
1851 346 2014 380 καθόλου
2031 345 2142 392 φύσιν
2157 348 2234 381 τῶν
2249 347 2376 392 νόμων

149 394 170 427 1
216 393 294 426 τῶν
322 390 506 437 ἡμετέρων
532 390 752 435 συνταράξαι
783 388 874 435 μήτε
899 389 1027 425 οτι-τοὺς
1049 387 1294 435 ἀποστερῆσαι
1315 391 1376 433 τῆς
1394 389 1546 433 δυνατῆς
1568 391 1750 435 βοηθείας.
1805 392 1917 426 Τόκον
1936 390 1985 434 δέ,
2009 393 2040 426 εἰ
2063 394 2130 435 μὲν
2153 391 2265 436 ῥητὸν
2289 403 2374 437 συμ-

150 438 367 480 φωνήσαιεν,
391 437 459 470 τὸν
483 438 818 481 σι’,ιιπεφωνη-ιιένον
841 436 942 470 εἶναι.
990 436 1020 469 εἰ
1045 433 1084 469 δὲ
1107 437 1214 469 τοῦτο
1233 436 1353 491 μόνον
1376 438 1588 482 γέγραπται,
1614 433 1661 470 ὠς
1685 438 1745 471 ἐπὶ
1765 437 1862 480 τόκῳ
1887 437 1929 471 τὸ
1949 435 2122 482 δάνεισμα
2139 439 2303 480 συνέστη,
2326 437 2374 481 μὴ

151 480 335 515 δύνασθαι
359 482 441 515 τοί-ς
461 481 730 525 συμβάλλοντας
755 480 887 527 λέγειν,
918 478 966 515 ais
990 478 1114 524 ἐπειδὴ
1133 478 1196 522 οὐχ
1220 479 1373 526 ω’ρισται
1397 479 1517 523 τόκος,
1548 480 1608 514 διὰ
1629 482 1738 515 τοῦτο
1766 480 1900 515 ἄτοκόν
1924 484 2001 516 ἐστι
2024 482 2066 516 τὸ
2087 485 2251 527 χρυσίον,
2281 479 2374 516 ἀλλὰ

149 526 240 560 κατὰ
265 524 450 571 πρόληψιν
475 524 522 560 ως
553 527 617 560 τοῦ
646 525 845 571 διμοιραιόυ
868 526 974 560 τόκου
998 527 1115 571 ῥητῶς
1138 522 1410 570 ὀνομασθέντος
1432 522 1548 559 οὕτως
1576 526 1645 569 τὴν
1668 526 1851 572 εἴςπραξιν
1867 528 2047 573 γίνεσθαι.
2095 530 2155 560 καὶ
2178 527 2286 562 τοῦτο
2308 528 2375 571 μὲν

149 573 212 605 τοῦ
238 569 363 605 λοιποῦ
390 571 754 617 παραφυλάττεσθαι.
803 573 861 606 ἐπὶ
888 569 927 605 δὲ
949 574 1022 605 τοῖς
1041 570 1109 614 ήδη
1133 573 1335 616 γενομένοις
1351 569 1584 616 λογοθεσίοις,
1610 572 1640 604 εἰ
1656 574 1714 605 καὶ
1729 572 1852 615 μνήμη
1865 572 1953 618 <μὴ>
1967 575 2091 617 γέγονε
2107 572 2215 606 τόκου
2235 570 2373 614 (ἐπειδὴ

149 614 332 658 πρόδηλόν
357 618 457 650 ἐστιν
482 618 542 651 ἐπὶ
566 617 705 651 παντὸς
724 613 876 662 ἀργίρου
897 617 1075 663 τραπέζης
1099 617 1324 661 προεστῶτος
1348 615 1431 660 (τὸ)
1455 617 1515 650 ἐπὶ
1538 613 1656 650 τόκοις
1672 616 1901 661 συμβάλλειν,
1918 620 1977 651 καὶ
1996 614 2105 652 αὐτὸς
2120 617 2244 652 τόκους
2258 615 2374 652 τελῶν

147 658 211 694 οὐκ
234 659 281 693 ἂν
306 659 455 695 δύναιτο
479 661 587 696 τόκου
610 664 717 709 χωρὶς
740 661 911 704 δαπάνην
935 659 1101 704 διδόναι),
1127 661 1258 701 ἐξεῖναι
1281 661 1348 695 τὸν
1371 659 1482 694 τόκον
1506 658 1626 695 αὐτοῖς
1641 660 1708 695 τὸν
1732 660 1934 708 διμοιραῖον
1957 658 2136 705 ἀπαιτεῖν,
2161 663 2226 697 τοῦ
2249 664 2373 707 μέντοι

148 705 275 741 λοιποῦ
295 707 413 740 ταῦτα
437 710 764 753 παρατηρουμένοις
788 703 881 753 ἅπερ
906 703 925 741 ὁ
948 705 1078 752 παρὼν
1103 705 1200 740 θεῖος
1224 706 1332 749 νόμος
1357 704 1510 740 δίδωσιν
1534 702 1661 740 αὐτοῖς.

1143 796 1301 832 CAPUT
1325 795 1387 832 Vl.

287 864 344 898 Εἰς
367 864 483 899 ἐκεῖνο
507 867 632 908 μέντοι
655 867 715 899 καὶ
739 862 879 906 σφόδρα
904 861 1024 899 αὐτοῖς
1046 864 1269 908 βοηθοῦμεν,
1294 860 1381 897 ὥςτε
1405 863 1436 897 εἰ
1459 862 1655 910 λογοθέσια
1678 866 1897 920 προφέροιτο
1922 866 2050 907 ἔχοντα
2075 864 2193 911 ῥητῶς
2216 861 2374 907 ἑκάστην

147 909 270 943 αἰτίαν
286 910 575 956 ἑγγεγραμμένην
597 910 646 945 εἰς
668 907 714 953 ἣν
737 897 882 944 &Sorba
905 908 947 943 τὸ
971 913 1126 954 χρυσίον,
1150 908 1169 943 ὁ
1194 907 1234 942 δὲ
1255 906 1501 955 ὑπογράψειεν
1525 910 1565 942 ἐν
1587 911 1661 942 τοῖς
1685 912 1807 943 αυτοῖς
1829 908 2063 955 λογοθεσίοις,
2086 909 2118 943 εἰ
2141 911 2200 943 καὶ
2219 909 2374 952 ἑκάστην

149 950 255 988 αὐτὸς
279 957 391 997 οἰκεία
415 958 505 1001 χειρὶ
529 954 597 999 τὴν
618 955 739 989 αἰτίαν
760 951 802 989 οὗ
823 951 1010 1001 γράψειεν,
1034 951 1058 998 ἢ
1081 956 1141 988 καὶ
1165 952 1362 1000 ὁμολογίαν
1393 952 1477 988 τινὰ
1501 951 1591 999 ὑπὲρ
1615 952 1744 988 τούτου
1766 953 1959 998 ποιήσαιτο
1981 954 2052 988 εἴτε
2075 955 2116 989 ἐν
2138 952 2374 998 δανείσματος

148 998 304 1043 σχήματι
337 1000 407 1034 εἴτε
436 1002 477 1035 ἐν
508 997 705 1034 διαλύσεως
737 1000 807 1034 εἴτε
837 1003 896 1033 καὶ
925 998 1060 1043 ἄλλως,
1090 1002 1216 1043 μηκέτι
1250 998 1438 1033 δύνασθαι
1467 998 1536 1033 τὸν
1559 999 1668 1033 τοῦτο
1691 1011 1720 1033 π
1743 998 1883 1040 άξαντα
1906 1000 1984 1034 τῶν
2006 999 2100 1033 κατὰ
2122 1001 2225 1046 μέρος
2248 999 2374 1033 αἰτιῶν

148 1042 317 1080 ἀπαιτεῖν
347 1045 410 1080 τὰς
442 1043 662 1088 ἀποδείξεις,
693 1043 789 1088 πλὴν
812 1045 843 1079 εἰ
866 1043 915 1089 μὴ
940 1043 1032 1079 κατὰ
1056 1048 1267 1089 περιουσίαν
1291 1041 1400 1089 ὅρκον
1427 1045 1621 1091 ἐπαγαγεῖν
1645 1042 1714 1087 βοὺ
1739 1057 1815 1078 οιτο
1838 1041 1861 1088 ἢ
1886 1043 1985 1088 αὐτῷ
2009 1042 2033 1088 ἢ
2056 1042 2288 1092 κληρονόμοις
2310 1045 2376 1079 τοῦ

148 1087 392 1126 δανείσαντος.
438 1091 545 1125 τοῦτο
576 1090 644 1137 γὰρ
677 1090 792 1134 μόνον
824 1088 922 1133 ain?
949 1093 1169 1135 παρέχομεν,
1200 1090 1285 1124 εἴσω
1308 1091 1434 1134 μέντοι
1457 1091 1535 1123 τῶν
1558 1090 1603 1146 τῇ
1635 1088 1834 1136 ἇναργυρίᾳ
1864 1091 2122 1136 παρεχομένων
2143 1088 2296 1135 χρόνων.
2342 1089 2375 1123 εἰ

147 1134 217 1189 γαρ
250 1137 310 1169 καὶ
343 1132 450 1171 αὐτὸς
479 1136 621 1181 φθάσει
652 1135 854 1180 παρελθεῖν
876 1132 895 1169 ὁ
921 1130 1180 1188 χρόνος-κούδὲ
1197 1133 1305 1190 =‹39ngx
1324 1133 1532 1179 βαρύνομεν
1556 1134 1700 1169 αυτούς·
1724 1137 1834 1169 τοῦτο
1857 1131 1947 1188 ἕπερ
1970 1138 2030 1169 καὶ
2054 1136 2094 1169 ἐν
2117 1138 2190 1170 τοῖς
2212 1131 2374 1169 καθόλου

2401 618 2440 651 10

2402 958 2440 990 15

147 1191 272 1223 νομοις
303 1181 524 1234 ἐγράψαμενὁ
570 1184 730 1228 καίτοιγε
757 1178 842 1215 ου’δὲ
868 1181 977 1215 τοῦτο
1008 1181 1132 1226 ἐχρην·
1167 1193 1235 1215 τον
1265 1193 1333 1236 γαρ
1369 1181 1482 1235 οἰκείᾳ
1512 1182 1603 1225 χειρὶ
1633 1178 1829 1236 γράψαντα
1861 1194 1884 1223 η
1915 1182 1974 1214 καὶ
2006 1178 2122 1215 δόντα
2150 1178 2373 1226 -λογοθᾰσιον
2397 1183 2440 1216 20

150 1226 219 1260 ποῦ
244 1223 386 1260 δίκαιον
411 1229 457 1268 ἣν
481 1238 596 1263 ουτως
620 1224 747 1269 ἐκμελῆ
771 1223 997 1261 καθεστάναι
1021 1228 1082 1260 καὶ
1103 1227 1274 1279 νομίζειν,
1299 1236 1348 1260 ccc
1370 1238 1416 1259 τα
1437 1226 1487 1269 μὴ
1510 1222 1686 1269 δεδομένα
1707 1238 1883 1271 γραφειν,·

281 1267 569 1319 (Ἐπίλογος.)
622 1270 672 1306 Τὰ
702 1275 828 1306 τοίνυν
858 1268 1099 1318 παραστάντα
1129 1274 1213 1315 ημῖν
1243 1273 1304 1304 καὶ
1335 1267 1396 1305 διὰ
1417 1268 1522 1304 τοὶδε
1545 1272 1610 1304 τοῦ
1634 1270 1740 1304 θείου
1763 1270 2011 1317 πραγματικοῦ
2035 1267 2238 1314 δηλούμενα
2260 1268 2375 1314 νόμου

147 1311 169 1359 ἦ
193 1329 232 1350 τε
255 1315 301 1360 σὴ
326 1315 516 1361 ἐνδοξότης
539 1320 599 1351 καὶ
622 1317 694 1352 πᾶς
718 1319 834 1361 ἕτερος
856 1317 918 1359 τῆς
940 1313 1113 1361 ἡμετέρας
1136 1315 1319 1351 πολιτείας
1343 1314 1467 1362 ἅρχων
1490 1313 1639 1360 ἀκέραια
1662 1314 1857 1360 φυλάττειν
1872 1316 1920 1349 εἰς
1936 1314 1978 1350 τὸ
1996 1313 2151 1358 διηνεκὲς
2167 1314 2373 1357 σπευσάτω,

147 1362 274 1404 ποινῆς
303 1362 474 1398 librarum
504 1363 584 1398 auri
614 1362 735 1398 decem
766 1363 989 1406 ἐπικειμένης
1010 1359 1102 1396 κατὰ
1127 1363 1205 1396 τῶν
1227 1363 1346 1396 ταῦτα
1369 1359 1680 1410 παραβαινόντων
1703 1358 1727 1405 ἢ
1751 1359 2054 1407 παραβαίνεσθαι
2079 1358 2372 1407 ουγχωροίντων.

146 1406 193 1443 D.
217 1407 252 1442 k.
277 1406 366 1453 Apr.
395 1408 464 1443 GP.
491 1407 667 1443 Belisario
691 1418 749 1443 vc.
773 1417 869 1443 cons.

144 1565 322 1611 fecerint,
354 1565 426 1600 nisi
457 1564 601 1600 omnino
624 1564 663 1600 in
686 1564 833 1610 scriptis
857 1563 1034 1600 bonorum
1057 1563 1269 1599 mentionem
1290 1563 1432 1609 factam
1456 1573 1532 1600 esse
1547 1563 1727 1610 probetur
1748 1562 1829 1609 (et)
1852 1568 1917 1599 aut
1937 1573 2007 1599 sua
2028 1562 2101 1610 ipsi
2116 1561 2273 1610 piqnori
2288 1561 2376 1599 obli-

146 1610 271 1657 qarint
293 1614 358 1646 aut
379 1609 506 1646 saltem
531 1608 599 1645 hoc
620 1609 832 1656 simpliciter
855 1609 1053 1645 adiecerint
1074 1607 1297 1656 ‘periculo
1325 1619 1478 1644 eorum
1508 1619 1625 1654 quae
1648 1609 1694 1645 in
1716 1607 1848 1644 bonis
1878 1606 2106 1651 habeant’,
2137 1611 2203 1643 aut
2222 1605 2376 1654 denique

149 1656 221 1691 tale
259 1655 400 1701 aliquid
437 1655 600 1691 dixerint
637 1655 907 1702 scripserintve,
939 1654 1048 1700 quate
1075 1653 1125 1690 ad
1154 1652 1380 1700 hypothecae
1411 1654 1667 1700 coqitationem
1698 1653 1818 1689 ducat.
1885 1653 1984 1688 Tunc
2014 1653 2106 1690 enim
2138 1652 2376 1699 hypothecam

147 1712 290 1747 quoque
319 1701 365 1736 iis
393 1700 626 1747 praebemus,
657 1705 699 1736 ut
727 1710 842 1745 neque
871 1700 1075 1735 universam
1107 1699 1224 1745 tequm
1255 1701 1462 1734 nostrarum
1493 1702 1661 1735 naturam
1691 1699 1942 1736 conturbemus
1969 1709 2085 1744 neque
2106 1698 2208 1745 ipsos
2230 1697 2374 1734 auxilio

146 1749 169 1781 1
214 1745 312 1791 quod
332 1745 516 1792 praestari
534 1748 656 1791 potest
677 1745 870 1791 privemus.
923 1744 1058 1780 Usurae
1081 1750 1218 1786 autem,
1247 1743 1279 1778 si
1301 1743 1443 1790 quidem
1467 1747 1586 1780 certas
1601 1745 1694 1791 pepi
1720 1744 1833 1787 erint,
1861 1746 1992 1790 pactae
2015 1743 2168 1781 valeant.
2214 1741 2282 1778 Sin
2304 1741 2374 1779 hoc

146 1790 265 1827 solum
295 1791 470 1837 scriptum
501 1789 567 1833 sit,
597 1796 756 1825 mutuum
785 1789 850 1825 sub
879 1790 1002 1825 usuris
1031 1800 1108 1825 esse
1131 1792 1373 1832 contractum,
1404 1791 1655 1826 contrahentes
1677 1755 1797 1825 (geere
1819 1791 2021 1835 nequeant,
2044 1789 2217 1834 quoniam
2238 1797 2374 1824 usurae

147 1836 316 1881 definitae
343 1846 416 1872 non
444 1835 529 1877 sint,
555 1839 751 1881 propterea
781 1846 854 1870 non
883 1834 1069 1881 fenebrem
1100 1845 1177 1871 esse
1237 1834 1418 1877 ecuniam,
1446 1833 1511 1870 sed
1526 1842 1600 1881 per
1620 1834 1949 1880 praesumptionem
1973 1835 2081 1880 quasi
2101 1833 2219 1870 besses
2241 1842 2374 1868 usurae

146 1880 359 1917 nominatim
379 1890 577 1927 expressae
599 1880 672 1916 sinz
696 1881 749 1916 ita
770 1880 839 1925 fiat
862 1880 1018 1917 exactio.
1066 1880 1183 1926 Atque
1219 1890 1275 1915 coc
1297 1879 1440 1926 quidem
1465 1879 1502 1914 in
1518 1883 1707 1926 posterum
1732 1879 1948 1915 observetur.
1994 1877 2042 1914 In
2063 1877 2267 1915 ratiociniis
2288 1888 2373 1914 vero

146 1927 219 1962 iam
254 1926 446 1972 confectis,
474 1925 542 1961 etsi
571 1926 703 1961 mentio
732 1936 927 1961 usurarum
956 1925 1062 1971 facta
1092 1935 1166 1960 non
1195 1925 1243 1960 sit
1273 1924 1457 1971 (quoniam
1480 1925 1712 1970 manifestum
1735 1928 1789 1960 est
1811 1924 1912 1971 apud
1930 1923 2120 1970 quemlibet
2143 1923 2375 1975 arqentariae

146 1982 310 2007 meusae=
317 1970 565 2018 praepositum
597 1973 806 2006 contractus
836 1970 902 2006 sub
934 1970 1055 2005 usuris
1080 1970 1182 2016 fieri,
1214 1980 1280 2006 nec
1308 1970 1374 2016 qui
1401 1970 1478 2016 ipse
1501 1980 1632 2005 usuras
1655 1969 1846 2016 dependit,
1875 1969 2011 2016 absque
2032 1970 2154 2005 usuris
2175 1978 2374 2015 impensam

144 2017 273 2097 {acere
302 2018 471 2096 polterit),
504 2015 611 2051 liceat
633 2015 680 2051 iis
703 2018 820 2052 besses
842 2026 975 2050 usuras
998 2015 1159 2061 exiqere‚
1182 2015 1221 2050 in
1244 2020 1427 2061 posterum
1453 2019 1571 2050 tamen
1594 2025 1638 2051 ea
1662 2014 1932 2052 observantibus
1955 2025 2048 2060 quae
2065 2024 2244 2061 praesens
2265 2023 2374 2050 sacra

159 2073 209 2099 ex
232 2062 246 2096 i
272 2061 323 2096 sis
360 2072 404 2096 ar
431 2062 515 2096 itur.

244 2073 342 2142 pVI.
368 2072 429 2141 Inq
438 2106 503 2142 illo
527 2116 611 2142 vero
634 2105 691 2142 vet
712 2105 869 2141 maxime
891 2105 937 2141 iis
958 2105 1195 2148 subvenimus,
1220 2108 1261 2141 ut
1273 2105 1306 2140 si
1320 2105 1515 2141 ratiocinia
1533 2105 1778 2152 proferantur
1793 2115 1887 2151 quae
1902 2103 2048 2150 definite
2063 2102 2229 2151 sinqutas
2244 2113 2374 2140 causas

146 2153 184 2187 in
215 2162 307 2198 quas
334 2151 492 2204 pecunia
523 2150 610 2187 data
641 2155 696 2187 est
719 2151 916 2197 inscriptas
939 2150 1168 2192 contineant,
1198 2150 1231 2186 is
1254 2155 1372 2186 autem
1396 2151 1461 2196 qui
1482 2151 1671 2186 contraxit
1693 2150 1750 2186 his
1771 2150 1785 2185 i
1811 2150 1861 2186 sis
1883 2149 2086 2186 ratiociniis
2108 2148 2374 2195 subscripserit,

145 2197 288 2233 etiamsi
315 2196 478 2243 sinqutas
509 2206 640 2232 causas
662 2207 730 2232 sua
753 2196 831 2242 ipse
854 2207 964 2231 manu
987 2206 1060 2231 non
1083 2196 1290 2242 scripserit,
1320 2195 1378 2232 vel
1399 2196 1506 2231 etiam
1532 2196 1733 2231 cautionem
1756 2207 1780 2231 a
1795 2196 1918 2242 iquam
1941 2194 1986 2230 de
2005 2205 2048 2230 eo
2071 2194 2146 2231 sive
2167 2193 2234 2230 sub
2256 2193 2375 2240 specie

145 2243 260 2278 mutui
283 2242 357 2278 sive
382 2242 638 2278 transactionis
659 2242 733 2278 sive
757 2241 863 2276 etiam
887 2241 995 2277 aliter
1018 2241 1229 2287 confecerit,
1251 2240 1284 2276 is
1307 2241 1370 2286 qui
1393 2239 1462 2276 hoc
1483 2240 1575 2292 fecit
1597 2244 1752 2287 nequeat
1767 2240 1924 2287 amptius
1938 2239 2164 2286 sinqutarum
2181 2248 2374 2275 causarum

144 2287 381 2333 probationes
404 2288 565 2333 exz’qere,
588 2287 663 2322 nisi
683 2287 779 2328 forte
802 2297 852 2322 ex
869 2285 1069 2322 abundanti
1084 2286 1336 2322 iusiurandum
1352 2285 1407 2322 vel
1421 2286 1491 2333 ipsi
1509 2285 1564 2322 vel
1580 2285 1769 2322 heredibus
1784 2285 1976 2322 creditoris
1991 2285 2138 2331 deferre
2154 2283 2251 2321 velit.
2292 2282 2375 2320 Hoc

145 2334 237 2367 enim
261 2332 378 2368 sotum
402 2333 434 2368 ei
457 2331 702 2374 concedimus,
726 2332 825 2367 intra
848 2342 891 2367 ea
917 2337 1033 2367 tamen
1059 2336 1222 2378 tempora
1245 2342 1339 2377 quae
1361 2330 1570 2377 exceptioni
1592 2341 1665 2367 non
1689 2334 1899 2368 numeratae
1930 2330 2095 2366 Jecuniae
2117 2332 2255 2366 statuta
2277 2332 2372 2364 sunt.

145 2377 239 2412 Nam
272 2378 306 2413 si
334 2377 375 2412 id
399 2388 543 2428 quoque
567 2381 705 2423 tempus
728 2377 799 2412 iam
821 2376 1063 2423 praeterierit,
1088 2387 1132 2412 ne
1155 2376 1390 2413 iureiurando
1414 2375 1556 2422 quidem
1579 2387 1643 2412 eos
1656 2385 1870 2422 qravamus:
1892 2376 1908 2411 i
1945 2374 2045 2421 quod
2059 2374 2167 2411 etiam
2182 2374 2220 2411 in
2237 2373 2376 2421 legibus

534 2423 540 2429 '
1120 2421 1236 2457 uidem
1256 2422 1340 2467 fieri
1365 2421 1575 2468 oportebat:
1603 2432 1687 2457 nam
1711 2422 1776 2467 qui
1796 2431 1996 2456 sua-manu
2019 2420 2167 2500 serigisit
2188 2418 2245 2456 vel
2267 2419 2374 2455 etiam

144 2422 375 2468 qeneralibus
406 2433 629 2468 scripsimus.
677 2421 902 2468 Quamquam
933 2433 978 2458 ne
1001 2421 1070 2457 hoc
2169 2467 2183 2500 t

2108 2475 2167 2500 ere
2184 2491 2194 2501 .

145 2468 340 2503 ratiocinia
362 2467 468 2510 dedit,
493 2478 572 2504 eum
622 2468 662 2503 ui
676 2478 754 2514 par
776 2471 856 2503 erat
878 2471 950 2502 tam
972 2477 1081 2502 socor
1106 2478 1160 2502 em
1181 2467 1299 2512 fuisse
1321 2472 1464 2513 putare,
1492 2470 1533 2502 ut
1551 2477 1644 2512 quae
1668 2465 1756 2502 data
1778 2476 1853 2502 non
1876 2468 1993 2501 essent
2011 2465 2085 2500 scri

281 2512 317 2547 E
322 2513 371 2559 pi
379 2513 488 2558 toqu
497 2523 526 2548 s.
606 2523 675 2548 uae
698 2512 812 2558 iqitur
834 2512 935 2548 nobis
956 2512 1176 2559 placuerunt
1197 2516 1233 2548 et
1251 2523 1321 2558 per
1344 2511 1438 2547 hanc
1460 2521 1603 2548 sacram
1619 2511 1890 2558 praqmaticam
1914 2510 2027 2556 leqem
2050 2508 2302 2552 declarantur,
2329 2519 2375 2546 ea

147 2560 219 2593 tam
249 2558 370 2603 qtoria
402 2563 464 2592 tua
496 2568 604 2603 quam
628 2558 744 2603 quivis
767 2557 861 2592 alius
884 2557 939 2592 rei
954 2557 1126 2604 publicae
1148 2560 1295 2592 nostrae
1317 2556 1553 2600 maqistratus
1577 2557 1721 2603 inteqra
1744 2567 1889 2592 servare
1912 2556 1949 2591 in
1970 2558 2186 2602 perpetuum
2208 2553 2352 2591 studeat
2358 2566 2374 2597 ;

146 2613 225 2637 cum
247 2613 368 2648 poena
391 2602 566 2639 librarum
590 2603 672 2638 auri
695 2602 815 2639 decem
839 2603 884 2638 iis
907 2603 1089 2638 immineat
1111 2604 1178 2649 qui
1201 2602 1291 2638 haec
1314 2595 1449 2638 violent
1471 2606 1535 2637 aut
1557 2601 1691 2637 violari
1709 2602 1911 2649 patiantur.

1298 2756 1492 2793 διαλύσεως
1505 2759 1536 2794 L
1553 2758 1565 2803 ΙΙ
1584 2757 1725 2800 αἰτιῶν]
1744 2755 1868 2793 αὐτῶν
1880 2758 1916 2791 Β
1931 2757 1943 2799 l}
1964 2759 2003 2792 17
2020 2754 2232 2804 κληρονόμῳ
2246 2757 2283 2790 Β
2298 2755 2311 2802 ΙΙ
2331 2758 2375 2793 19

1297 2804 1436 2895 (Γθάσει
1460 2805 1503 2845 L]
1530 2801 1671 2850 φθάσοι
1696 2804 1773 2837 ΜΒ
1789 2803 1801 2861 [Ι
1821 2805 1863 2838 20
1887 2800 2011 2846 νόμοις
2052 2803 2131 2837 Cod.
2155 2805 2188 2855 4,
2208 2806 2375 2868 30‚14§⁶8

1294 2849 1623 2938 [ιῖζιίἱαῖῖμῖἵιῆ
1639 2847 2109 2929 '¹24²{113‘32553‘0355md02'2313
2129 2847 2374 2936 ἕὲἐὶῗρῖἶῗοέ

1295 2939 1317 2973 ι’
1345 2938 1481 2983 λιτρῶν
1498 2941 1544 2974 M
1554 2932 1688 2984 λιτρῶν
1703 2941 1847 2985 χρυσιόυ
1863 2935 1948 2972 δέκα
1964 2939 1996 2971 L
2013 2938 2026 2981 ΙΙ
2044 2939 2084 2972 25
2099 2940 2219 2971 subscr.
2236 2934 2373 2982 ἐγράφη

1294 2982 1489 3019 καλάνδων
1517 2980 1712 3029 Ἀπριλίων
1741 2981 1913 3018 ὑπατείας
1945 2981 2154 3028 Βελισαρίου
2177 2982 2252 3015 ΑιΙι.
2284 2981 2316 3015 d.
2340 2983 2373 3016 k.

1295 3041 1366 3073 apr.
1392 3040 1441 3073 cp.
1462 3041 1519 3074 pp.
1543 3029 1669 3063 bilisar.
1685 3039 1734 3061 vc.
1756 3039 1859 3062 conss.
1877 3027 1921 3061 M
1937 3028 2037 3071 (quod
2051 3028 2239 3061 Zachariae
2251 3029 2374 3070 probat

1297 3078 1524 3119 interpretatus
1544 3078 1619 3118 post
1642 3073 1780 3107 Belisar.
1804 3083 1854 3106 vo.
1879 3083 1966 3106 cons.
1992 3073 2013 3106 i.
2035 3085 2061 3106 e.
2086 3084 2116 3105 a.
2142 3074 2218 3114 536,
2249 3073 2373 3106 addens

193 2761 209 2793 1
236 2757 499 2801 περσοναλίαις]
524 2762 773 2803 προσωπικαῖς
796 2760 860 2803 BH
884 2755 929 2793 ἄν
954 2773 1012 2794 om.
1038 2758 1105 2804 ΜΙΙ
1124 2760 1144 2793 2
1169 2760 1228 2792 καὶ

148 2805 226 2838 add.
260 2805 467 2846 Zachariae,
500 2807 563 2838 nisi
597 2813 693 2839 antea
721 2818 783 2849 pro
815 2802 1059 2850 ὑπαρχόντων
1088 2806 1228 2838 scriben-

147 2851 220 2883 dum
252 2851 294 2883 sit
325 2845 515 2891 ὑποθήκης
546 2851 600 2893 (cs.
626 2851 701 2883 Aah.
733 2849 763 2883 εἰ
794 2849 842 2894 μὴ
873 2852 1018 2895 γέγονεν
1042 2845 1228 2891 ὑποθήκης

146 2893 280 2938 μνήμη)
296 2894 308 2938 ΙΙ
327 2896 346 2928 3
373 2890 472 2927 αὐτῶ
492 2895 540 2927 L‘²
559 2900 571 2937 ΙΙ
589 2897 610 2929 4
631 2898 732 2940 φέροι
754 2895 784 2928 Β
803 2896 815 2938 ss
833 2899 850 2929 5
876 2893 1023 2929 ἑαυτοὺς
1046 2896 1096 2928 La
1115 2895 1127 2939 ΙΙ
1143 2897 1162 2929 6
1189 2892 1228 2927 δὲ

148 2953 207 2973 om.
228 2941 258 2973 B
274 2938 287 2984 ΙΙ
305 2936 348 2972 τὸ
362 2951 420 2972 om.
438 2940 472 2972 B
491 2938 503 2983 ss
521 2942 537 2972 7
552 2942 709 2982 χρυσίον]
723 2941 820 2985 χρέος
837 2942 1031 2974 Huloander
1048 2940 1060 2984 ΙΙ
1079 2942 1096 2975 8
1113 2939 1225 2984 πρόσ-

147 2983 258 3029 ληψιν
279 2985 322 3018 Μ
335 2984 347 3027 ΙΙ
365 2986 385 3018 9
410 2985 487 3017 ἐπεὶ
514 2985 559 3017 M
571 2987 582 3028 ss
597 2988 794 3030 γινομένοις
818 2986 847 3018 L
865 2986 876 3028 ΙΙ
894 2983 1014 3029 μνήμη
1045 2983 1094 3029 μὴ
1121 2987 1226 3018 Anon.

146 3031 262 3071 Bodt]
286 3027 335 3073 μὴ
358 3027 480 3082 μνήμη
514 3042 581 3062 cum
608 3031 803 3063 Haloandro
827 3032 934 3084 vu(q.3·
958 3029 1007 3073 μὴ
1030 3042 1089 3064 om.
1117 3030 1228 3064 MLB

146 3077 215 3118 1110
249 3076 310 3109 ἐπὶ
336 3075 416 3116 LB]
448 3085 495 3108 ως
524 3074 583 3108 ἐπὶ
609 3075 651 3107 M
676 3074 687 3117 ΙΙ
719 3072 886 3120 ἀργύρου]
912 3072 1037 3109 αδίκου
1061 3076 1112 3109 La
1143 3075 1154 3117 ΙΙ
1182 3072 1225 3108 τὸ

148 3122 226 3156 add.
251 3121 440 3154 Zachariae
463 3120 476 3163 ΙΙ
500 3118 695 3164 συμβαλεῖν
720 3119 755 3153 Β
775 3120 787 3163 ΙΙ
808 3122 845 3153 12
871 3118 992 3165 παρὸν
1017 3122 1063 3154 M
1064 3122 1073 3141 ¹
1091 3119 1103 3164 ss
1123 3122 1162 3154 13
1183 3119 1226 3162 εἰ]

146 3164 183 3199 ot
205 3167 248 3199 M
261 3165 272 3209 ΙΙ
294 3167 334 3199 1-1
360 3166 647 3244 έγὲγεγραμμένην
665 3165 722 3206 M]
740 3167 991 3220 γεγραμμένην
1010 3166 1078 3199 LB
1096 3166 1108 3209 ΙΙ
1126 3162 1225 3198 δέδο-

146 3224 207 3245 ται
233 3211 318 3252 ML]
344 3208 381 3245 δί
404 3222 485 3244 οται
509 3211 545 3243 Β
562 3210 574 3254 ΙΙ
591 3210 622 3243 εἰ
647 3210 705 3250 Μ]
734 3222 755 3252 η
777 3210 847 3242 LB
863 3211 875 3252 ΙΙ
898 3212 936 3243 15
962 3207 1066 3244 αὐτὸς
1091 3211 1138 3251 B]
1164 3208 1224 3243 αὖ·

146 3258 220 3289 τοῖς
233 3257 317 3297 ML,
342 3257 382 3290 ἐν
404 3252 523 3289 αὐτοῖς
546 3257 627 3288 coni.
647 3256 834 3288 Zachariae
851 3254 863 3298 ΙΙ
881 3251 921 3288 οὗ
942 3268 1000 3288 0:11.
1019 3256 1055 3289 B
1071 3257 1083 3298 ΙΙ
1102 3251 1224 3297 *ποιή-

149 3311 251 3335 σοιτο
276 3302 397 3343 MLB,
421 3299 517 3344 (μὴ)
539 3298 727 3344 ποιήσοιτο
751 3301 938 3343 Homberyk
962 3302 1043 3334 male
1072 3300 1085 3343 ΙΙ
1116 3302 1155 3335 16
1186 3301 1224 3333 ἐκ

1286 3123 1434 3165 sortasse
1465 3120 1694 3154 emendandum
1726 3131 1793 3152 esse
1825 3116 1890 3150 XV
1915 3116 1949 3151 k.
1973 3118 2081 3160 Apr.),
2112 3116 2180 3150 dat.
2210 3117 2242 3150 k.
2274 3116 2374 3160 april.

1295 3176 1370 3209 ppo.
1388 3164 1480 3197 basil.
1499 3175 1586 3197 anno
1599 3164 1686 3197 Iutw
1705 3163 1776 3204 (om.
1799 3165 1923 3197 subscr.
1938 3163 2001 3196 Iul.
2027 3163 2119 3196 codd.
2135 3162 2235 3214 rell.);
2260 3159 2374 3205 μηνὸς

1293 3211 1447 3254 μαρτίου
1468 3207 1561 3252 μετὰ
1592 3206 1662 3251 τήν
1691 3205 1872 3242 ὑπατείαν
1892 3205 2081 3241 Βασιλείου
2104 3205 2147 3241 τὸ
2172 3217 2202 3241 ις
2238 3208 2359 3241 Theod-

1295 3268 1377 3299 quae
1394 3266 1567 3298 perperam
1592 3254 1726 3296 repetita
1752 3266 1817 3288 esse
1841 3254 1989 3286 videntur
2013 3265 2051 3287 ex
2068 3254 2300 3296 subscriptione
2316 3263 2373 3285 no·

1294 3301 1397 3334 vellae
1419 3300 1563 3343 sequenti
1591 3298 1805 3333 CXXXVII
1826 3311 1847 3332 a
1872 3298 2040 3332 Theodoro
2064 3299 2227 3342 apposita.

2209 1407 2256 1448 [a.
2280 1407 2373 1448 535]
2397 1408 2440 1442 25
