2592 3840
244 60 352 105 Nov.
382 61 608 107 LXXXIX
636 65 663 106 9
1317 63 1403 111 438
1846 80 2006 119 Qumus
2034 82 2170 115 1101110
2197 81 2461 116 nunninus

244 174 412 227 γυναικὸς
434 172 496 208 οὐκ
520 172 757 220 ἀναμάρτητα
787 174 876 221 πρὸς
900 172 1012 211 αὐτὸν
1035 176 1087 219 εἴη
1111 173 1194 211 οὐδὲ
1217 174 1323 219 ἀξίαν
1391 179 1488 223 apud
1511 189 1591 214 eum
1611 188 1727 224 neque
1751 179 1858 224 digna.
1880 180 1928 217 sit
1950 180 2108 226 quolibet
2130 181 2285 227 legitimo
2307 181 2458 224 nomine,

246 217 360 263 αὐτὴν
383 223 503 266 ηγοῖτο
534 224 683 264 νομίμου
707 220 806 254 τινὸς
829 219 1023 264 ὀνόματος,
1047 225 1108 255 καὶ
1132 220 1191 256 διὰ
1214 224 1322 257 τοῦτο
1391 230 1426 258 et
1448 228 1638 269 propterea
1667 226 1730 260 aut
1752 225 1924 262 moriente
1945 226 2093 262 muliere
2123 230 2187 262 aut
2207 227 2360 272 legitimo
2384 227 2459 263 iure

245 263 500 308 τελευτησάσης
518 267 580 319 τῆς
598 266 765 311 γυναικὸς
788 263 910 312 [ἤγουν
929 267 992 309 τῆς
1009 268 1172 313 γαμετῆς]
1196 265 1219 310 ἢ
1237 281 1320 314 γνη-
1390 279 1460 304 11011
1483 268 1590 313 digna
1611 268 1649 304 in
1671 270 1895 306 matrimonio
1917 271 2095 316 putanda,
2119 275 2183 306 aut
2202 282 2311 308 causa
2333 282 2356 308 a
2378 272 2459 308 filiis

247 309 409 352 σιότητος
431 308 496 343 οὐκ
520 311 622 351 αξιάς
644 313 726 355 περὶ
748 310 791 345 τὸ
815 314 992 345 συνοικεῖν
1021 313 1269 356 νομιζομένης,
1300 311 1322 356 ἢ
1390 313 1541 358 maligne
1562 316 1717 350 tractata
1747 319 1813 351 aut
1835 326 1878 352 ex
1902 315 2019 351 studio
2043 316 2190 352 muliere
2215 317 2329 353 celata
2352 319 2415 352 aut
2437 327 2461 353 a

246 358 306 388 καὶ
328 357 392 388 τοῦ
418 354 627 400 πράγματος
656 352 728 389 ὑπὸ
753 355 831 390 ταῖν
850 354 996 390 παίδων
1019 361 1321 404 κακουργουμένᾱυ
1358 359 1471 394 5fi1iis
1494 362 1557 394 aut
1579 359 1682 395 aliter
1703 359 1797 396 forte
1821 360 1853 396 ei
1877 360 2005 397 divitiis
2028 361 2296 403 accedentibus,
2319 372 2365 398 ne
2384 363 2460 398 iure

246 404 305 433 καὶ
329 399 528 443 ἐξεπίτηδες
558 401 620 443 τῆς
642 400 808 446 γυναικὸς
836 397 1154 448 ἀποκρυπτομένης
1175 401 1198 446 ἢ
1221 403 1320 449 παρὰ
1390 403 1625 447 legitimorum
1655 415 1757 440 usum
1781 409 1884 450 pater
1915 409 1952 440 et
1976 406 2132 442 fructum
2155 406 2324 442 defuncta
2347 411 2460 443 matre

246 447 323 479 τῶν
346 443 492 479 παίδων
520 442 543 488 ἢ
568 444 684 480 ἄλλως
712 445 800 480 ἴσως
829 443 996 490 εὐπορίας
1027 444 1118 495 αὐτῇ
1138 447 1323 493 συμβάσης
1390 452 1570 494 tamquam
1602 449 1668 485 sub
1698 453 1876 495 potestate
1908 450 1990 487 filiis
2022 451 2224 487 constitutis
2247 451 2395 488 habeat:
2429 452 2460 488 si

245 490 361 531 τινός,
386 491 446 523 ἵνα
467 490 517 534 μὴ
540 491 585 537 τῇ
600 490 812 536 γνησιότητι
835 491 903 534 τὴν
922 493 1049 537 χρῆσιν
1073 490 1093 526 ὁ
1118 493 1239 539 πατὴρ
1262 496 1322 527 καὶ
1391 493 1471 539 quis
1503 504 1586 539 ergo
1617 494 1711 530 filios
1735 495 1909 540 legitimos
1942 506 2014 531 non
2038 497 2189 539 habens,
2220 496 2284 532 sed
2304 498 2461 532 tantum-

246 538 466 580 ἐπικαρπίαν
508 534 835 581 προτελευτησάσης
876 538 938 579 τῆς
971 537 1104 583 μητρὸς
1139 536 1187 572 οἷς
1221 538 1321 583 παρὰ
1389 538 1494 574 1110ἀο
1517 540 1715 583 naturales,
1744 540 1843 586 ipsos
1874 540 2014 586 quidem
2043 541 2216 586 legitimos
2248 541 2368 578 faeere
2397 552 2460 577 Vo-

246 579 470 621 ὑπεξουσίων
485 581 562 615 τῶν
578 579 725 615 παίδων
741 584 829 624 ἔχοι·
867 581 903 615 εἴ
920 593 974 616 τις
996 576 1062 616 οὖν
1085 581 1219 618 παῖδας
1237 597 1321 630 γνη-
1337 586 1376 618 10
1390 584 1506 627 luerit,
1531 584 1711 620 mulierem
1726 595 1810 622 vero
1830 586 1866 621 in
1881 589 2049 632 promptu
2068 597 2140 622 non
2156 587 2287 622 habeat
2306 586 2460 628 omnino,

245 630 340 659 σίους
363 623 427 658 οὐκ
445 626 539 667 ἔχων
557 625 692 661 νόθους
713 624 753 660 δὲ
769 625 896 670 μόνον,
922 623 1048 662 αὐτοὺς
1069 630 1137 672 μὲν
1156 633 1322 673 γνησίους
1391 631 1455 664 aut
1482 629 1614 665 habeat
1643 629 1783 674 quidem
1813 641 1885 666 non
1908 635 2026 667 tamen
2056 631 2132 667 sine
2155 634 2322 677 peccato,
2354 631 2407 668 vel
2430 631 2461 667 si

245 670 474 713 ποιήσασθαι
495 670 703 715 βουληθείη,
727 671 795 716 τὴν
806 675 966 727 γυναῖκα
989 670 1029 707 δὲ
1051 671 1116 707 οὐκ
1139 675 1212 729 ἔῃσι
1231 687 1322 709 παν-
1391 685 1463 710 11011
1494 685 1540 719 ap
1567 679 1683 717 areat,
1719 680 1782 710 aut
1813 676 1915 712 aliter
1949 676 2118 713 dotalium
2147 677 2461 713 instrumentorum

244 716 370 756 τελῶς,
402 714 425 758 ἢ
448 718 521 757 ἔχοι
542 718 608 760 μὲν
633 714 675 750 οὐ
698 716 771 761 μὴν
794 716 1050 761 αναμάρτητον
1077 715 1100 762 ἢ
1131 732 1172 752 ου
1195 732 1322 764 φαινο-
1390 730 1462 755 11011
1494 719 1541 754 ha
1587 723 1625 754 at
1658 720 1865 756 facultatem
1899 721 1996 767 (quid
2025 722 2118 757 enim
2153 722 2183 758 si
2218 722 2264 757 ad
2296 721 2459 758 sacerdo-

242 765 365 805 μένην,
395 759 419 803 ἢ
443 759 558 795 ἄλλως
588 761 784 807 προικῴων
812 761 1045 806 συμβολαίων
1068 763 1243 807 ποιήσεως
1266 761 1320 798 εὖ·
1390 765 1478 799 tium
1502 765 1593 799 alter
1615 774 1736 801 eorum
1759 766 1968 809 ascendit?),
1992 767 2116 802 damus
2140 767 2173 803 ei
2191 766 2360 803 fiduciam
2379 766 2461 810 (hoc

244 810 378 851 πορίαν
406 803 470 839 οὐκ
503 808 575 848 ἐξίοι
607 810 659 848 (τί
678 807 747 853 γὰρ
779 804 838 842 ὅτι
862 807 952 853 πρὸς
976 807 1175 854 ἱερωσύνην
1199 806 1322 855 ἅτερος
1337 812 1377 843 15
1390 809 1485 855 quod
1509 809 1640 845 dudum
1662 810 1851 855 gessimus)
1881 811 1928 848 ad
1949 811 2141 855 legitimum
2171 811 2227 848 ius
2258 812 2351 848 filios
2373 811 2460 848 edu-

245 849 368 885 αύτιῦν
384 848 522 893 ἀνῆλθε
531 855 566 895 ;),
591 850 738 896 δίδομεν
756 848 854 896 αὐτῷ
872 858 1079 898 παρρησίαν
1094 855 1214 897 (τοῦτο
1231 852 1321 900 ὅπερ
1391 865 1471 891 cere
1493 855 1685 899 naturales,
1713 856 1876 900 legitimis
1899 857 2006 892 sicuti
2029 856 2267 902 praediximus
2291 867 2363 893 non
2385 856 2459 892 exi-

242 900 302 930 καὶ
323 897 535 941 ε’·ζαπροσθεν
556 897 774 943 ἐπράξαμεν)
797 898 887 943 πρὸς
900 897 1122 945 γνησιότητα
1142 898 1224 934 τοὺς
1239 903 1322 934 παῖ·
1390 900 1578 941 81811ῐί1108,
1601 910 1666 945 per
1686 901 1865 945 quandam
1886 901 2090 937 huiusmodi
2108 902 2211 938 viam.
2247 901 2350 938 Sicut
2367 902 2461 937 enim

243 941 307 976 δας
338 939 486 987 ἀγαγεῖν
516 942 599 976 τοὺς
627 942 779 985 νόθους,
835 948 973 987 νησίων
1001 943 1172 990 καθάπερ
1206 945 1321 990 ἔφθη·
1390 947 1475 981 sunt
1496 945 1592 981 modi
1615 945 1676 991 qui
1698 956 1819 982 servos
1849 946 1895 982 ad
1917 946 2114 982 libertatem
2138 947 2243 983 simul
2273 950 2310 983 et
2339 946 2386 982 ad
2406 946 2461 982 in-

241 1001 309 1032 μεν
340 987 502 1021 εἰπόντες
536 985 600 1021 οὐκ
631 986 766 1030 ὄντων,
827 988 863 1022 ui
895 1001 993 1024 τινος
1026 989 1192 1033 τοιαύτης
1223 988 1320 1025 ὁδοῦ.
1389 990 1605 1035 genuitatem
1641 990 1823 1026 deducunt
1855 994 1892 1027 et
1921 993 2074 1027 naturae
2107 991 2317 1035 restituunt,
2350 991 2402 1027 ita
2429 990 2462 1027 si

244 1029 359 1077 ὥςπερ
381 1031 451 1079 γάρ
475 1033 544 1066 εἰσι
562 1032 693 1079 τρόποι
716 1034 799 1068 τοὺς
821 1035 959 1069 οἰκέτας
982 1035 1029 1068 είς
1049 1034 1260 1081 ἐλευθερίαν
1282 1048 1322 1069 τε
1335 1037 1377 1070 20
1390 1040 1492 1081 pater
1515 1046 1587 1071 non
1610 1036 1776 1072 habuerit
1797 1036 1988 1082 legitimam
2010 1037 2146 1082 prolem
2168 1040 2205 1072 et
2223 1036 2375 1073 voluerit
2398 1046 2461 1072 eos

242 1074 319 1122 ἅμα
348 1081 410 1131 καὶ
440 1074 636 1132 εὐγένειαν(
654 1077 801 1134 ἄγοντες
831 1082 891 1134 ‚fai
921 1076 1158 1115 ἀποδιδόντες
1190 1082 1232 1128 τῇ
1257 1080 1322 1127 φύ-
1390 1081 1581 1117 restituere
1611 1084 1762 1117 naturae
1792 1084 1829 1117 et
1857 1082 2025 1127 antiquae
2054 1081 2282 1127 ingenuitati,
2315 1082 2389 1118 sive
2416 1090 2462 1116 ex

242 1135 316 1164 σει,
348 1134 464 1158 ουτως
493 1125 593 1167 εἰπερ
617 1137 636 1157 ο
662 1137 784 1180 πατηρ
806 1138 871 1159 ουκ
895 1121 1062 1178 εύπρροίη
1092 1130 1246 1180 γνησίας*
1262 1139 1322 1173 γο-
1388 1126 1542 1171 ingenua
1564 1126 1598 1162 ei
1621 1129 1826 1169 nascantur,
1859 1129 1895 1163 et
1916 1127 2089 1172 legitimos
2118 1127 2163 1163 de
2185 1131 2304 1163 cetero
2333 1130 2370 1162 et
2392 1126 2460 1162 sub
2487 1144 2491 1146 ·

241 1169 319 1211 νῆς,
344 1167 511 1212 βούλοιτο
531 1167 571 1202 δὲ
591 1166 720 1203 αὐτοὺς
742 1182 1042 1213 αποκαταστησαι
1065 1184 1109 1217 τῃ
1134 1182 1239 1216 φύσει
1262 1174 1322 1205 καὶ
1414 1174 1567 1207 otestate
1590 1171 1734 1215 habere,
1769 1172 1839 1208 1100
1861 1175 1944 1218 agat
1965 1182 2029 1218 per
2051 1175 2213 1209 nostrum
2235 1171 2460 1225 rescriptum,

240 1215 285 1260 τῇ
310 1212 463 1248 ἄνωθεν
494 1211 673 1259 εὐγενείᾳ,
709 1215 745 1248 εἴ
768 1228 809 1261 γε
841 1215 880 1255 ἐξ
910 1214 1100 1260 ἐλευθέρας
1135 1212 1234 1258 αὐτῷ
1265 1219 1321 1262 γε’-
1424 1227 1471 1252 011
1493 1217 1587 1252 enim
1617 1217 1686 1252 fuit
1708 1216 1895 1263 principio,
1927 1217 2069 1262 quando
2099 1221 2230 1254 natura
2260 1217 2461 1253 homiuibus

241 1272 375 1301 νοιντο,
400 1261 460 1292 καὶ
481 1263 646 1305 γνησίους
667 1259 711 1294 τὸ
735 1259 868 1295 λοιπὸν
891 1264 951 1294 καὶ
970 1258 1201 1301 ύπεξουσίους
1216 1263 1319 1304 ἔχειν,
1334 1262 1375 1295 25
1388 1262 1573 1298 sanciebat
1595 1262 1683 1304 sola,
1711 1266 1899 1308 antequam
1921 1263 2076 1308 scriptae
2099 1262 2332 1309 procederent
2354 1262 2460 1308 leges,

240 1305 347 1338 τοῦτο
371 1307 564 1348 πραττέτω
594 1301 646 1338 δι’
673 1302 844 1351 ἡμετέρας
867 1303 1095 1351 ἀντιγραφῆς.
1143 1303 1228 1340 οὐδὲ
1252 1306 1320 1354 γὰρ
1388 1308 1560 1353 quaedam
1584 1307 1784 1343 differentia
1806 1308 1978 1344 naturalis
2002 1311 2110 1353 atque
2129 1307 2285 1353 legitimi,
2309 1307 2373 1343 sed
2388 1307 2460 1353 pri-

240 1348 285 1393 δὴ
317 1348 386 1393 τὴν
409 1346 534 1393 ἀρχήν,
558 1345 621 1384 ὅτε
636 1348 659 1393 ἡ
675 1350 780 1395 φύσις
802 1354 875 1385 τοῖς
895 1347 1108 1395 ἀνθρώποις
1130 1350 1319 1396 διεθεσμο-
1388 1353 1455 1388 mis
1479 1353 1687 1398 parentibus
1711 1353 1815 1397 primi
1837 1353 1912 1394 filii,
1942 1353 2035 1389 sicut
2057 1353 2267 1389 incohantes
2291 1362 2461 1398 praesen-

241 1395 343 1442 θέτει
366 1394 473 1438 μόνη,
504 1398 592 1440 πρὶν
614 1395 698 1429 τοὺς
726 1396 909 1443 γραπτούς
940 1398 1157 1442 εἰςφουτῆσαι
1180 1396 1319 1441 νόμους,
1388 1401 1460 1433 tem
1483 1398 1634 1434 diximus
1655 1398 1784 1443 legem,
1807 1398 1886 1443 ipso
1906 1409 2077 1443 processu
2100 1398 2174 1434 nati
2197 1397 2344 1442 legitimi
2363 1400 2458 1434 sunt.

239 1443 285 1483 ἠν
300 1451 354 1474 τις
370 1438 525 1484 διαφορὰ
548 1439 668 1474 νόθου
691 1454 730 1475 τε
754 1445 813 1475 καὶ
835 1445 992 1489 γνησίου,
1018 1439 1109 1475 ἀλλὰ
1129 1445 1202 1476 τοῖς
1222 1441 1320 1488 πρώ-
1387 1443 1438 1478 Et
1461 1443 1554 1479 sicut
1576 1443 1614 1479 in
1636 1443 1756 1479 liberis
1786 1447 1916 1479 natura
1946 1444 2086 1488 quidem
2116 1443 2203 1480 fecit
2231 1443 2362 1480 liberos
2385 1452 2459 1479 om-

239 1497 314 1519 τοις
335 1486 504 1531 γονεῦσιν
534 1485 571 1519 οἱ
600 1487 739 1530 πρῶτοι
767 1485 902 1527 παῖδες,
934 1486 1105 1534 καθάπερ
1130 1484 1320 1533 ἀρχόμενοι
1333 1488 1375 1521 30
1388 1498 1468 1532 nes,
1501 1488 1594 1524 bella
1625 1498 1707 1524 vero
1738 1489 1943 1524 servitutem
1966 1489 2242 1532 adinvenerunt,
2274 1488 2327 1526 sic
2353 1487 2461 1524 etiam

239 1531 303 1564 τοῦ
327 1530 509 1576 παρόντος
539 1533 678 1576 ἔφαμεν
701 1530 825 1576 νόμου,
859 1528 933 1576 ἅμα
963 1533 1008 1579 τῇ
1039 1530 1188 1576 προόδῳ
1219 1532 1320 1579 γεγό-
1388 1533 1446 1569 hic
1469 1534 1572 1569 nobis
1595 1536 1724 1569 natura
1748 1534 1921 1578 legitimas
1944 1534 2094 1580 protulit
2116 1534 2275 1576 soboles,
2305 1533 2353 1569 ad
2375 1543 2459 1569 eon-

238 1586 325 1610 νασι
352 1575 512 1622 γνήσιοι·
550 1580 611 1610 καὶ
643 1572 759 1622 ὥςπερ
790 1578 851 1613 ἐπὶ
880 1578 958 1611 τῶν
989 1576 1192 1624 ἐλευθέρων
1214 1575 1320 1623 ἡμὲν
1389 1579 1644 1623 cupiscentiam
1674 1588 1756 1615 vero
1786 1579 1886 1615 facta
1917 1579 2100 1616 conversio
2130 1579 2295 1615 naturale
2321 1578 2378 1614 ius
2409 1578 2461 1614 eis

239 1620 345 1667 φύσις
368 1625 564 1664 πεποίηκεν
594 1620 802 1667 ἐλευθέρους
832 1618 1016 1664 ἅπαντας,
1046 1622 1083 1657 οἱ
1106 1621 1257 1667 πόλεμοι
1281 1621 1321 1657 δὲ
1386 1624 1546 1660 inseruit.
1603 1624 1830 1670 Quapropter
1864 1624 2037 1661 similibus
2070 1624 2297 1670 passionibus
2327 1623 2460 1660 exortis

238 1667 305 1710 τὴν
336 1664 500 1700 δουλείαν
533 1666 687 1712 ἐξεῦρον,
719 1664 817 1702 οὕτω
849 1664 1046 1702 κάνταῦθα
1077 1665 1099 1711 ἡ
1124 1670 1191 1708 μὲν
1215 1667 1320 1715 φύσις
1388 1670 1553 1705 convenit
1576 1680 1698 1705 curam
1720 1680 1764 1705 ex
1781 1670 1987 1714 aequalibus
2009 1670 2171 1713 inveniri,
2195 1670 2301 1706 0110111
2319 1668 2460 1715 quidem

237 1716 386 1758 γνησίας
409 1710 590 1758 προήγαγε
618 1712 679 1746 τὰς
700 1712 827 1759 γονάς,
860 1710 880 1756 ἡ
906 1712 946 1747 δὲ
967 1714 1014 1747 εἰς
1038 1713 1243 1758 ἐπιθυμίαν
1266 1715 1318 1747 ἐκ·
1332 1714 1410 1750 350,
1432 1715 1611 1761 prioribus
1635 1715 1768 1751 nostris
1791 1715 1897 1750 aliam
1921 1725 2003 1751 vero
2027 1726 2050 1752 a
2072 1715 2188 1752 nobis.
2448 1715 2456 1720 ⁶

237 1757 354 1803 τροπὴ
370 1757 413 1791 τὸ
431 1755 552 1791 νόθον
572 1754 696 1792 αὐταῖς
716 1757 1021 1803 προςανεμάξατο.
1068 1755 1156 1793 dim
1180 1757 1320 1803 ὁμοίων

237 1804 314 1837 τῶν
330 1802 471 1837 παθῶν
494 1805 701 1848 γενομένων
725 1801 780 1837 δεῖ
794 1807 854 1838 καὶ
870 1803 940 1847 τὴν
958 1803 1161 1849 θεραπείαν
1182 1806 1222 1838 ἐκ
1241 1805 1320 1838 τῶν

237 1848 329 1882 ἰ’σων
353 1847 598 1894 ἐξευρεθῆναι,
622 1848 689 1891 τὴν
711 1850 779 1893 μὲν
802 1848 902 1894 παρὰ
925 1850 1004 1883 τῶν
1026 1849 1097 1897 πρὸ
1122 1847 1228 1893 ἡμῶν
1250 1849 1319 1893 τὴν
1652 1877 1654 1880 .

236 1895 258 1928 1
305 1891 344 1927 δὲ
366 1889 433 1938 ὑφ’
456 1890 570 1937 ἡμῶν.
626 1892 745 1933 Ἔστω
767 1898 892 1928 τοίνυν
916 1892 1020 1928 ἄδεια
1042 1896 1096 1938 τῷ
1122 1897 1234 1940 πατρὶ
1258 1895 1319 1929 ἐπὶ
1386 1895 1406 1930 1
1454 1893 1507 1929 Sit
1528 1894 1637 1938 igitur
1659 1894 1803 1931 licentia
1826 1895 1920 1940 patri
1943 1895 1981 1931 in
2000 1895 2194 1940 praedietis
2218 1894 2362 1931 casibus
2384 1904 2459 1930 ma-

236 1940 313 1973 τῶν
337 1939 536 1983 εἰρημένων
560 1938 739 1983 θεμάτων
768 1939 837 1983 τὴν
858 1942 995 1985 μητέρα
1019 1941 1079 1974 ἐπὶ
1102 1941 1167 1974 τοῦ
1191 1942 1318 1987 προτί·
1331 1942 1374 1974 40
1387 1941 1479 1975 trem
1508 1939 1546 1975 in
1569 1939 1679 1985 priori
1709 1940 1891 1977 schemate
1921 1940 2134 1986 relinquenti
2163 1940 2312 1986 imperio
2333 1949 2459 1986 preces

238 1997 299 2028 ρου
331 1983 511 2032 σχήματος
545 1983 860 2029 καταλιμπάνοντι
893 1983 1016 2028 δέησιν
1053 1983 1241 2020 ἐπιδοῦναι
1275 1985 1320 2032 τῇ
2416 1989 2418 1991 ’

295 2087 321 2108 0.
335 2075 395 2108 IX
410 2075 500 2125 (438,
515 2082 547 2108 ιο
564 2073 601 2107 εἴ
614 2085 668 2108 τις
687 2068 753 2109 οὖν
770 2101 852 2108 .....
856 2077 867 2117 )
888 2078 933 2108 Χ.
951 2077 1011 2109 XI
1020 2076 1042 2120 ξ
1054 2078 1081 2109 1.
1093 2078 1111 2110 2
1126 2077 1398 2118 (439,35-·440,
1411 2077 1453 2117 11)
1477 2088 1597 2120 maqna
1611 2089 1650 2110 ez·
1659 2083 1756 2120 parte
1772 2078 1908 2121 repetita
1923 2083 1997 2111 sunt
2013 2089 2051 2111 ex
2067 2088 2139 2110 nov.
2155 2076 2283 2111 LXXI
2289 2077 2323 2111 V
2331 2089 2358 2111 0.
2372 2077 2459 2112 1—2’,

238 2185 412 2221 adversus
442 2197 522 2221 eum
549 2186 690 2233 probro
721 2198 795 2222 non
827 2186 972 2222 omnino
996 2191 1163 2230 careant,
1194 2198 1309 2234 neque
1332 2199 1410 2224 eam
1442 2187 1602 2234 leqitimo
1632 2188 1774 2225 nomine
1803 2187 1879 2223 ullo
1911 2186 2058 2234 diqnam
2081 2186 2276 2230 existimet,
2307 2185 2461 2236 ideoque

238 2235 380 2266 mortua
403 2231 552 2267 muliere
576 2234 709 2274 [uxore
731 2231 911 2274 nimirum]
943 2231 999 2267 vel
1022 2232 1180 2284 leqitimo
1211 2232 1289 2268 iure
1306 2244 1379 2279 per
1401 2232 1590 2268 conubium
1621 2232 1734 2284 diqna
1757 2244 1828 2269 non
1853 2232 1996 2275 habita,
2023 2230 2079 2268 vel
2100 2231 2207 2268 etiam
2229 2242 2270 2268 re
2292 2242 2316 2268 a
2339 2231 2461 2269 liberis

241 2277 402 2323 improbe
426 2280 585 2312 tractata
608 2280 644 2312 et
666 2277 815 2312 muliere
838 2276 882 2312 de
905 2276 1086 2312 industria
1111 2278 1305 2320 occultata,
1337 2289 1416 2313 cum
1441 2283 1506 2314 aut
1524 2289 1596 2324 per
1613 2277 1711 2324 filios
1734 2283 1799 2314 aut
1822 2277 1966 2313 aliunde
1986 2277 2151 2323 fortasse
2174 2287 2262 2325 opes
2282 2276 2460 2324 quaedam

238 2322 271 2369 ei
296 2321 515 2364 obvenerint,
548 2333 592 2356 ne
615 2322 694 2357 iure
719 2321 960 2374 leyitimorum
988 2327 1098 2368 pater
1120 2323 1385 2368 usumfructum
1410 2327 1651 2370 praemortua
1678 2327 1794 2359 matre
1826 2329 2007 2369 tamquam
2030 2333 2054 2357 a
2078 2322 2199 2374 liberis
2220 2322 2258 2358 in
2274 2325 2461 2404 {Oti-5¹⁶&

239 2366 442 2401 constitutis
465 2365 616 2402 babeat:
639 2367 672 2402 si
691 2378 773 2413 quzs
798 2367 911 2414 iqitur
935 2367 1115 2413 leqitimos
1138 2368 1268 2404 liberos
1290 2379 1365 2404 non
1388 2367 1533 2410 babens,
1557 2368 1623 2404 sed
1644 2368 1831 2405 naturales
1855 2371 2006 2411 tantum,
2030 2378 2093 2403 eos
2116 2366 2257 2414 quidem
2312 2371 2460 2413 ffltamos

237 2412 365 2457 facere
388 2411 484 2454 velit,
507 2412 691 2447 mulierem
714 2416 833 2448 autem
858 2412 1004 2448 omnino
1028 2424 1101 2448 non
1121 2412 1263 2456 habeat,
1286 2413 1343 2449 vel
1365 2413 1496 2449 babeat
1518 2413 1660 2459 quidem
1683 2413 1748 2449 sed
1769 2425 1863 2460 quae
1878 2412 2022 2461 probro
2045 2422 2119 2448 non
2142 2415 2266 2448 careat
2289 2411 2345 2449 vet
2392 2423 2461 2449 uae

239 2467 312 2491 non
336 2460 527 2503 appareat,
551 2457 606 2493 vel
626 2457 700 2492 alio
725 2457 832 2493 modo
857 2457 1032 2493 dotalium
1056 2458 1374 2494 instrumentorum
1390 2458 1644 2505 faciendorum
1670 2459 1811 2506 copiam
1834 2470 1907 2494 non
1926 2457 2057 2494 habeat
2074 2457 2176 2504 (quid
2191 2457 2338 2510 enim-si
2389 2461 2456 2494 ter·

239 2506 319 2537 uter
338 2512 461 2536 eorum
481 2502 530 2536 ad
543 2502 786 2538 sacerdotium
800 2503 1013 2549 pervenit?)‚
1038 2502 1220 2539 licentiam
1240 2504 1276 2539 ei
1294 2503 1423 2539 damus
1445 2504 1497 2545 (id
1511 2503 1611 2550 quod
1623 2505 1729 2551 prius
1744 2515 1887 2551 quoque
1902 2503 2051 2556 egimus)
2075 2502 2126 2538 ad
2143 2502 2201 2538 ius
2220 2502 2268 2555 le·
2293 2506 2460 2554 timorum

239 2546 425 2597 naturales
452 2546 563 2591 filios,
596 2547 765 2593 leqitimis
793 2548 849 2583 uti
876 2558 991 2594 supra
1021 2548 1183 2584 diximus
1213 2560 1287 2585 non
1316 2549 1537 2589 extantibus,
1564 2560 1637 2596 per
1659 2548 1863 2585 huiusmodi
1893 2559 1986 2584 viam
2015 2547 2178 2585 ducendi.
2226 2513 2344 2584 Stfficuti
2365 2557 2460 2583 emm

239 2591 334 2643 modi
350 2595 444 2642 'sunt
500 2592 602 2644 uibus
624 2593 719 2628 servi
742 2592 798 2645 ad·
814 2592 1013 2645 libertatem
1035 2593 1144 2629 simul
1165 2597 1201 2629 et
1224 2595 1482 2646 inqenuitatem
1506 2594 1686 2646 ducantur
1716 2598 1826 2641 atque
1848 2598 2002 2646 naturae
2032 2591 2250 2646 reddantur,
2277 2593 2329 2629 ita
2346 2597 2460 2645 pater

239 2635 990 2724 501521‘232‘22053‘22'2‘55b32b‘tiata-'pat
1015 2638 1264 2729 ῗῖἳεέιῗῗῃῖῗὲ
1275 2639 1529 2731 a‘lsszstttt
1543 2639 2071 2732 gemit?affinitatum
2089 2640 2460 2730 {testatam

239 2729 402 2761 nostrum
426 2730 522 2771 aqut.
571 2726 696 2772 Neque
719 2728 811 2762 enim
832 2728 870 2762 in
921 2728 1088 2775 rincipio,
1113 2739 1192 2764 cum
1216 2735 1350 2764 natura
1374 2729 1576 2765 bominibus
1598 2729 1678 2765 sola
1702 2729 1798 2783 leqes
1820 2729 1934 2772 daret,
1968 2732 2160 2775 antequam
2179 2727 2339 2780 scriptae
2361 2727 2459 2774 loyes

240 2771 507 2814 inducerentur,
531 2770 739 2815 differentia
762 2777 842 2808 erat
865 2784 889 2807 u
905 2773 941 2807 la
964 2774 1059 2808 inter
1081 2774 1281 2809 naturalem
1306 2779 1340 2810 et
1364 2774 1577 2820 leqitimum,
1600 2775 1666 2810 sed
1685 2775 1814 2821 pramis
1833 2773 2047 2822 parentibus
2066 2772 2178 2820 primi
2200 2771 2301 2825 liber!
2324 2774 2337 2814 (
2357 2781 2458 2823 ‘uent-

241 2815 434 2851 admodum
457 2815 561 2850 initio
583 2818 786 2862 praesentis
810 2817 901 2863 leqis
923 2817 1096 2860 diximus)
1119 2818 1270 2854 simulac
1320 2820 1475 2866 roqeniti
1490 2823 1587 2862 sunt,
1612 2820 1762 2866 leqitimi
1784 2820 2006 2861 eoetiterunt;
2028 2821 2065 2854 et
2105 2815 2259 2853 uomodo
2281 2826 2320 2852 m
2364 2815 2458 2852 beris

242 2860 443 2896 hominibus
474 2864 608 2895 natura
639 2861 780 2907 quidem
805 2873 926 2898 omnes
946 2862 1038 2906 fecit
1061 2862 1202 2904 liberos,
1239 2830 1332 2899 beffa
1356 2868 1475 2900 autem
1497 2865 1701 2900 servitutem
1715 2864 1971 2912 protulerunt,
2001 2863 2054 2899 ita
2108 2862 2136 2897 ’c
2151 2871 2302 2914 quoque
2323 2865 2457 2897 natura

241 2962 310 2997 que
333 2961 413 2986 cum
436 2950 569 2985 similes
592 2961 614 2985 a
646 2955 744 2986 ectus
765 2951 863 2996 facti
883 2952 966 2995 sint,
990 2952 1183 2987 remedium
1206 2964 1350 3000 quoque
1373 2965 1421 2989 ex
1443 2954 1619 2990 similibus
1641 2953 1847 3006 excoqitari
1865 2964 1939 3000 par
1961 2956 2051 2994 erat,
2072 2951 2225 2988 alterum
2248 2962 2271 2986 a
2295 2950 2455 2987 decesso-

241 2905 383 2952 quidem
408 2904 602 2951 leqitimam
652 2906 804 2942 roduxit
825 2907 1002 2949 subolem,
1034 2909 1220 2943 conversio
1245 2913 1362 2944 autem
1394 2909 1445 2944 ad
1465 2909 1646 2945 libidinem
1677 2909 1897 2944 naturalium
1928 2911 2051 2944 notam
2076 2907 2121 2942 iis
2144 2906 2334 2953 impressit.
2381 2904 2456 2942 Ita·

240 2998 262 3032 1
307 2996 407 3032 ribus
430 2995 565 3030 nostris
589 2917 741 3030 afferam
764 3007 788 3031 a
810 2996 923 3032 nobis.
1027 2996 1154 3033 Liceat
1175 2998 1291 3044 iqitur
1307 2999 1414 3044 patri
1436 2999 1474 3034 in
1496 3009 1610 3046 supra
1634 2999 1740 3034 dietus
1763 2997 1905 3034 casibus
1927 3001 2041 3033 matre
2071 2996 2109 3031 in
2125 2995 2250 3043 priori
2279 2999 2378 3032 statu
2400 3006 2456 3032 re-

1385 3111 1406 3144 9
1430 3109 1594 3151 legitimos
1618 3121 1685 3143 non
1709 3110 1833 3143 11011000
1857 3109 1964 3142 facere
1988 3109 2039 3142 R‘⁸
2067 3107 2081 3151 Ι
2107 3108 2228 3141 uolunt
2253 3109 2285 3142 T
2306 3107 2320 3153 fl
2347 3110 2386 3143 10
2411 3108 2458 3142 im

296 3112 311 3143 1
338 3105 445 3148 ἀξίαν
469 3103 585 3149 αὐτὴν
607 3102 740 3161 ἡγοῖτο]
764 3107 867 3149 digna
889 3107 933 3140 sit
957 3120 975 3144 ς
1000 3108 1022 3160 ΙΙ.
1036 3111 1056 3143 2
1080 3112 1232 3153 νομίμου
1257 3124 1315 3144 om.

1384 3157 1552 3197 promtum
1572 3156 1635 3189 VT
1656 3155 1669 3199 ΙΙ
1691 3154 1790 3188 habet
1812 3155 1844 3188 V
1894 3156 1932 3189 11
1954 3156 2083 3187 tantum
2107 3153 2204 3196 RVH
2230 3155 2365 3196 peccato
2386 3155 2457 3206 σοι]

243 3156 293 3188 L⁶
310 3154 323 3198 Ι]
339 3155 358 3188 3
383 3152 473 3195 *τῆς
494 3163 662 3198 γυναικος
681 3165 790 3198 ηγουν
808 3153 870 3195 τῆς
888 3164 1043 3197 γαμετης
1058 3154 1108 3192 M
1132 3155 1195 3196 τῆς
1209 3167 1316 3200 γαμε-

241 3200 303 3242 τῆς
316 3201 346 3233 L
371 3198 510 3231 muliere
531 3210 550 3234 ς
565 3197 577 3242 ΙΙ
596 3200 616 3232 5
632 3200 691 3230 καὶ
716 3211 773 3231 om.
788 3209 807 3234 ς
825 3198 837 3239 fl
854 3200 873 3231 6
895 3199 967 3239 καὶ]
988 3202 1047 3231 aut
1063 3212 1082 3235 ς
1098 3199 1111 3243 ΙΙ
1130 3202 1147 3232 7
1164 3199 1242 3241 ἴσης
1255 3201 1285 3233 L
1384 3203 1457 3232 cato
1482 3218 1523 3224 —
1552 3202 1593 3235 14
1617 3201 1679 3233 1100
1702 3200 1791 3242 quod
1815 3199 1859 3232 du
1894 3212 1955 3233 scr.
1978 3198 2027 3232 R²
2047 3200 2079 3232 in
2101 3212 2167 3232 ras.
2183 3200 2203 3233 2
2223 3211 2369 3233 versuum
2391 3198 2405 3242 Ι
2427 3208 2458 3232 si

242 3248 262 3279 9
279 3243 379 3288 παρὰ
401 3256 460 3277 om.
475 3255 493 3280 ς
509 3243 522 3287 ΙΙ
544 3246 582 3279 10
599 3242 698 3276 εἴτις
713 3236 777 3275 οὖν
794 3242 866 3284 Μς]
890 3242 1114 3286 θεσπίζομεν
1137 3244 1174 3277 εἴ
1190 3256 1243 3278 τις
1260 3246 1290 3278 L
1385 3257 1442 3278 om.
1470 3244 1504 3278 V
1519 3244 1531 3287 ΙΙ
1560 3246 1600 3279 12
1625 3255 1692 3278 0011
1717 3245 1836 3278 habeat
1859 3246 2014 3287 appareat
2039 3244 2091 3278 Τ(Ι
2115 3243 2128 3287 n
2156 3245 2198 3279 14
2221 3243 2401 3277 *ascendet
2422 3243 2458 3278 R

244 3293 281 3324 11
316 3288 389 3333 μὴν
413 3290 444 3323 L
474 3292 485 3331 ΙΙ
517 3290 557 3323 12
588 3284 652 3322 οὐκ
676 3287 760 3330 ἔχοι]
792 3288 828 3320 10
852 3292 1007 3331 promptu
1032 3299 1098 3322 non
1122 3289 1242 3322 habeat
1265 3303 1284 3326 ς
1307 3292 1318 3333 Η
1350 3283 1352 3324 Ι
1384 3289 1573 3322 ascenderet
1594 3290 1627 3323 V
1643 3290 1799 3323 ascendat
1821 3291 1944 3333 Tvulq.
1961 3289 1974 3331 ΙΙ
1992 3289 2158 3330 fiduciam]
2181 3289 2352 3322 licentiam
2370 3288 2457 3322 fidu-

245 3338 284 3370 15
302 3332 494 3379 ἱερωσύνης
511 3335 542 3367 L
564 3335 577 3378 Ι]
600 3329 722 3377 ἅτερος
748 3333 847 3374 ML¹J
873 3329 892 3365 ὁ
917 3333 1034 3378 ἕτερος
1057 3334 1106 3367 L²
1122 3334 1135 3378 ΙΙ
1161 3336 1201 3368 16
1225 3331 1317 3379 ὅπερ
1349 3325 1352 3375 Ι
1384 3334 1465 3366 tiam
1482 3334 1533 3367 Ta
1550 3334 1563 3378 ΙΙ
1584 3337 1623 3369 15
1644 3336 1697 3376 ad]
1719 3337 1752 3368 et
1772 3335 1826 3377 Vn
1844 3334 2002 3377 legimurn
2021 3335 2052 3367 T
2060 3334 2071 3354 ¹
2090 3337 2102 3375 ΙΙ
2117 3334 2236 3368 ducere
2253 3333 2312 3378 Ru
2341 3334 2382 3370 16
2397 3343 2456 3367 110·

242 3382 301 3413 καὶ
325 3394 382 3412 om.
400 3380 489 3413 Min
511 3380 571 3412 lac.
588 3381 607 3413 5
626 3380 684 3412 lite.
704 3381 716 3420 ΙΙ
730 3381 773 3432 ,17
795 3377 1019 3422 ἑζιιπροσθεν]
1038 3391 1108 3412 nov.
1125 3380 1292 3413 LXXIV
1306 3381 1317 3423 Η
1384 3381 1487 3419 tutas,
1514 3392 1595 3412 corr.
1618 3383 1738 3413 natura
1760 3381 1793 3414 V
1811 3378 1825 3424 ΙΙ
1853 3380 1939 3412 sicut
1963 3380 2031 3413 ΒΤ
2055 3379 2068 3423 ΙΙ
2099 3381 2139 3414 18
2164 3379 2253 3413 modi
2276 3381 2357 3412 sunt
2388 3378 2423 3413 V
2444 3376 2458 3424 Ι

243 3427 284 3460 23
310 3422 607 3466 ἀποκαταστῆσαι
622 3425 692 3465 Μς]
719 3424 1015 3464 αποιιαταστῆναι
1030 3423 1071 3456 Μ
1082 3426 1114 3457 in
1127 3437 1240 3467 marq„
1259 3426 1289 3458 L
1307 3431 1317 3461 Η
1387 3426 1426 3458 19
1451 3424 1634 3457 restituu-
1655 3426 1701 3459 T¹
1727 3425 1906 3459 resoistunt
1928 3425 1978 3458 Β*
1994 3424 2006 3468 ΙΙ
2034 3426 2075 3459 20
2100 3435 2154 3458 eos
2178 3437 2236 3458 om.
2258 3423 2316 3467 Vn
2331 3425 2372 3459 21
2397 3434 2457 3456 na·

242 3473 285 3505 24
305 3471 340 3503 εἴ
355 3473 405 3516 γε]
430 3471 497 3503 sive
521 3472 556 3510 (i.
572 3483 596 3503 e.
611 3469 694 3511 εἴτε)
718 3481 738 3506 ς
755 3469 767 3511 ΙΙ
790 3470 832 3503 30
857 3467 1025 3513 καθάπερ
1050 3482 1109 3502 om.
1135 3470 1181 3503 M
1192 3471 1204 3513 ΙΙ
1228 3471 1271 3503 34
1295 3467 1316 3513 ἡ
1383 3471 1457 3502 ture
1479 3470 1652 3503 restituere
1685 3471 1719 3504 V
1741 3470 1754 3513 Ι
1781 3471 1824 3504 24
1847 3470 2000 3503 omnibus
2023 3470 2096 3503 RV
2120 3469 2133 3513 ΙΙ
2164 3471 2207 3504 26
2231 3468 2353 3503 natalia
2384 3469 2418 3503 V

241 3517 319 3558 μὲν]
350 3516 444 3549 nobis
467 3517 501 3556 (i.
526 3528 552 3550 e.
577 3512 675 3558 ἡμῖν)
698 3526 718 3551 ς
732 3514 745 3555 ΙΙ
763 3515 804 3548 37
830 3516 889 3547 καὶ
913 3527 971 3548 om.
997 3526 1017 3551 ς
1384 3515 1426 3548 28
1451 3515 1521 3547 nati
1542 3528 1600 3548 om.
1620 3515 1736 3560 V1130
1760 3515 1963 3548 adiuuerunt
1984 3515 2033 3549 V¹
2051 3515 2118 3558 1131
2146 3514 2289 3558 protulit
2312 3513 2433 3548 om.R¹

238 3579 1312 3586 -—-——-———-——————-—————
1382 3561 1424 3594 32
1449 3560 1568 3592 factam
1594 3561 1640 3593 Β*
1665 3562 1678 3604 ΙΙ
1700 3561 1909 3594 conuersatio
1935 3561 1967 3594 Τ
1975 3560 1986 3581 ¹
2010 3560 2022 3602 ss
2049 3559 2218 3593 naturales
2240 3558 2318 3604 R¹fl
2342 3559 2375 3593 ei
2395 3558 2427 3591 V

288 3607 307 3639 3
328 3609 437 3647 causa]
462 3616 533 3638 eam
554 3606 602 3638 V¹
618 3605 630 3649 ΙΙ
649 3616 668 3638 0
688 3619 744 3639 om.
762 3605 829 3638 ΕΤ
840 3605 853 3648 ΙΙ
870 3607 891 3639 4
911 3607 1089 3637 retraetata
1105 3606 1137 3638 R
1153 3604 1166 3647 η
1182 3608 1241 3637 aut
1262 3607 1312 3645 ex]
1382 3607 1425 3639 34
1449 3615 1487 3637 ex
1504 3605 1659 3647 qualibus
1683 3606 1816 3642 inuenti
1837 3607 1869 3641 Τ
1887 3615 1925 3640 cx
1941 3604 2108 3648 equalibet
2123 3604 2297 3638 conueniri
2318 3601 2458 3648 Vflalin

243 3653 275 3683 et
296 3661 332 3682 ex
352 3651 445 3684 Beck
463 3650 476 3694 ΙΙ
498 3653 517 3684 5
534 3650 630 3683 alteri
653 3651 710 3695 Vn
726 3651 767 3692 ei]
792 3661 831 3684 ex
852 3650 909 3701 Vsu
925 3651 944 3685 8
961 3649 1127 3692 legitimos
1145 3649 1231 3683 filios
1253 3651 1285 3684 V
1299 3649 1313 3694 n
1380 3651 1427 3684 Ε*
1446 3650 1516 3695 1135
1541 3650 1607 3684 alia
1631 3651 1681 3684 Β*
