2476 3854
124 88 232 134 Nov.
257 89 474 135 CXXXIV
504 94 540 135 3.
572 93 598 132 4

125 198 234 248 φάσει
270 199 570 247 αἰσχροκερδείας,
603 197 652 235 ὦς
681 197 771 243 μηδὲ
799 197 979 244 διαθήκας
1009 213 1051 235 συ
1075 205 1205 247 χωρεῖν

123 245 294 294 γίνεσθαι
323 244 414 291 μηδὲ
440 249 628 291 γινομένας
651 245 934 291 ἐμφανίζεσθαι,
963 244 1055 292 μηὸε
1077 247 1203 291 γάμοις

123 291 226 326 τινὰς
250 290 473 338 προςομιλεῖν
502 288 592 336 μηδὲ
615 290 660 325 τὰ
684 291 744 325 ἐπὶ
767 293 844 325 ταῖς
865 294 1032 338 γαμικαῖς
1056 290 1206 339 δωρεαῖς

124 334 367 381 ὑπομνήματα
383 335 664 379 συντάττεσθαι,
686 333 777 380 μηδὲ
796 335 842 369 τὰ
857 336 935 370 τῶν
950 335 1205 372 τελευτώντων

124 381 277 426 σώματα
300 384 430 428 ταφαῖς
445 378 739 426 παραδίδοσθαι,
762 378 854 426 μηδὲ
868 381 1096 428 πραγμάτων
1118 379 1203 417 ἄνα-

123 427 267 473 γραφὴν
290 429 483 473 συγχωρεῖν
505 426 677 473 γίνεσθαι
709 423 731 468 ἢ
761 424 848 460 ἄλλο
871 439 908 461 τι
931 427 1009 461 τῶν
1028 427 1206 462 τοιούτων

124 472 354 516 πράττεσθαι
389 469 411 514 ἢ
448 472 487 505 ἐν
523 469 780 516 ὑπομνήμασιν
814 469 839 515 ἢ
873 472 913 506 έν
947 473 1203 518 ἐκμαρτυρίαις.

125 515 184 550 διὰ
209 518 315 551 τοῦτο
338 513 609 562 ἀπαγορεύομεν
633 517 724 551 πᾶσι
748 519 820 551 τοῖς
842 514 989 562 ἄρχουσι
1014 517 1205 553 πολιτικοῖς

124 575 163 595 τε
186 565 245 595 καὶ
270 564 539 606 στρατιωτικοῖς
569 563 629 595 καὶ
662 564 740 595 ταῖς
763 557 886 597 αὐτῶν
916 559 1063 603 τάξεσιν
1093 561 1117 606 ἢ
1146 565 1206 597 καὶ

1202 87 1283 135 680

1712 104 1772 136 ΠΤ
1799 104 1937 137 mmm
1963 105 2159 138 mmmm
2184 103 2348 139 monn·

1272 204 1314 238 ut
1344 211 1457 247 neque
1487 203 1700 238 testamenta
1732 202 1931 240 concedant
1960 202 2079 240 facere
2108 213 2222 249 neque
2247 204 2349 242 facta

1269 247 1462 290 insinuare,
1496 256 1611 292 neque
1644 248 1788 293 nuptias
1822 249 1961 293 aliquos
1995 248 2115 285 facere
2146 252 2210 285 aut
2240 259 2348 295 super

1273 292 1492 338 nuptialibus
1516 291 1765 329 donationibus
1788 296 2016 330 monumenta
2039 303 2261 347 componere,
2286 305 2347 331 ne—

1274 347 1342 382 que
1366 337 1614 373 defunctorum
1638 347 1789 383 corpora
1811 338 2016 384 sepulturae
2038 339 2133 375 tradi
2156 349 2200 375 ne
2225 349 2270 375 ue
2292 349 2349 375 re-

1241 386 1260 418 5
1273 393 1351 418 rum
1386 382 1659 428 descriptionem
1694 383 1893 419 concedant
1926 383 2006 420 fieri
2038 386 2103 420 aut
2133 384 2206 420 aliu
2266 384 2351 430 quid

1274 428 1477 463 huiusmodi
1511 428 1569 472 agi
1610 430 1674 463 aut
1715 438 1759 464 ex
1791 429 1900 474 gestis
1943 431 2006 465 aut
2044 439 2089 465 ex
2126 429 2349 466 testimoniis.

1274 474 1470 517 Propterea
1503 471 1747 509 interdicimus
1783 474 1947 510 omnibus
1979 473 2157 510 iudicibus
2193 478 2267 510 tam
2300 474 2350 510 ci·

1273 517 1401 553 vilibus
1432 527 1537 564 quam
1567 518 1778 554 militaribus
1809 523 1845 555 et
1874 529 1997 555 eorum
2028 518 2156 555 officiis
2187 521 2251 554 aut
2279 518 2350 555 alio

1274 563 1419 598 cuilibet
1452 562 1524 598 tale
1557 563 1690 608 aliquid
1724 574 1960 609 praesumere.
2017 564 2054 600 Si
2089 574 2170 601 vero
2208 564 2352 610 quidam

124 608 234 651 ἑτέρῳ
259 604 463 650 οἱῳὸήποτε
482 604 626 641 τοιοῦτό
645 620 680 641 τι
697 604 841 651 τολμᾶν.
889 607 920 641 εἰ
936 605 978 641 δέ
990 619 1043 643 τις
1062 609 1205 643 τοιοῦτο
1221 611 1260 644 10
1273 607 1474 644 huiusmodi
1494 607 1660 644 odibilem
1683 617 1759 644 rem
1781 609 1819 645 in
1837 610 1994 654 quolibet
2016 609 2096 646 1000
2128 613 2272 645 nostrae
2297 609 2352 645 rei

123 654 231 694 μῦσος
265 653 305 685 έν
339 649 543 694 οἱωδήποτε
577 651 785 707 τόπῳιτῆς
819 650 988 706 ἡμετέρας
1026 652 1207 689 πολιτείας
1273 653 1438 699 publicae
1467 653 1745 699 praesumpserit
1775 664 1880 699 agere
1911 658 1974 691 aut
2001 654 2203 690 ministrare
2233 654 2267 690 ei
2289 653 2352 699 qui

133 699 142 709 ‚
274 695 282 706 r

124 707 338 741 επιχειρησει
374 684 652 742 διαπράξασθαι
687 711 709 741 η
747 710 970 744 υπουργησαι
1005 700 1058 742 τῷ
1091 699 1207 733 ταῦτα

123 740 323 786 τολμῶντι,
355 741 543 786 κελεύομεν
574 742 656 776 τοὺς
687 741 867 777 τοιούτους
898 743 972 784 ἔξω
1003 746 1066 787 τῆς
1094 743 1208 786 ζώνης

1274 700 1362 734 haec
1384 700 1662 744 praesumpserit
1683 699 1815 742 facere,
1836 699 2001 736 iubemus
2024 699 2227 736 huiusmodi
2250 704 2353 735 extra

1275 744 1454 789 cingulum
1474 744 1589 780 factos
1613 744 1650 779 in
1667 744 1809 780 exilium
1832 744 2014 788 destinari,
2039 747 2076 780 et
2091 745 2133 781 de
2149 744 2352 780 substantia

122 789 328 833 γινομένους
361 788 401 822 ἐν
434 787 553 832 ἐξορίᾳ
583 788 816 831 πέμπεσθαι,
848 791 907 823 καὶ
933 790 972 823 ἐκ
1003 790 1065 832 τῆς
1085 786 1207 823 οὗσίας
1275 799 1396 824 eorum
1418 789 1583 826 eveniens
1607 788 1828 834 dispendium
1849 790 1956 826 laesis
1978 790 2016 825 in
2034 790 2179 835 duplum
2198 789 2351 832 restitui,

125 830 248 866 αὐτῶν
286 832 355 875 τὴν
394 835 663 877 συμβαίνουσαν
703 835 835 877 ζημίαν
873 836 946 888 τοζῐς
984 830 1207 878 ἠδικημένοις
1224 836 1262 869 15
1275 845 1346 870 non
1370 835 1510 870 sublato
1543 834 1593 870 eis
1616 844 1730 880 neque
1761 835 1830 870 alio
1863 835 1957 887 quod
1979 838 2034 870 est
2063 844 2107 871 ex
2129 835 2265 880 legibus
2287 834 2351 871 ad-

124 877 216 911 κατὰ
242 875 284 911 τὸ
312 876 507 912 διπλάσιον
532 875 797 920 ἀποδίδοσθαι,
821 876 885 913 οὐκ
902 882 1123 926 ανῃρημένης
1147 876 1207 913 αὖ·

123 926 196 956 τοῖς
227 919 309 956 οὐδὲ
337 924 400 965 τῆς
432 921 537 966 ἄλλης
566 924 629 966 τῆς
661 919 733 958 ἀπὸ
766 925 844 958 τῶν
867 924 995 969 νόμων
1022 925 1207 969 βοηθείας.

124 969 247 1002 πᾶσαν
281 965 321 1001 δὲ
345 966 491 1012 δίδομεν
516 966 644 1003 ἄδειαν
666 971 738 1003 τοῖς
758 969 849 1003 κατὰ
871 969 940 1004 τὸν
958 967 1076 1005 τόπον
1099 966 1207 1004 ὁσιω-

1275 880 1418 915 iutorio.
1466 879 1613 915 Omnem
1635 889 1719 916 vero
1739 879 1863 916 damus
1887 879 2065 916 licentiam
2087 881 2247 916 locorum
2268 889 2351 916 san-

1277 924 1441 961 ctissimis
1459 925 1635 970 episcopis
1659 928 1696 960 et
1714 924 1925 971 primatibus
1951 925 2133 960 civitatum
2149 924 2353 961 huiusmodi

1275 971 1581 1023 praesumptiones
1604 970 1804 1015 prohibere,
1836 973 1871 1006 et
1894 970 2036 1006 studere
2061 972 2102 1005 ut
2123 969 2213 1006 haec
2235 969 2354 1006 omnia

124 1013 244 1047 τάτοις
274 1014 484 1049 ἐπισκόποις
513 1017 572 1047 καὶ
603 1015 676 1048 τοῖς
704 1014 930 1059 πρωτεύουσι
961 1015 1038 1049 τῶν
1062 1014 1208 1050 πόλεων
1276 1016 1353 1051 sine
1375 1015 1626 1061 impedimento
1652 1019 1689 1052 et
1711 1015 1789 1052 sine
1812 1014 1996 1060 dispendio
2020 1015 2216 1051 secundum
2237 1014 2355 1060 legum

124 1058 170 1092 τὰ
194 1059 346 1115 τοιαῦτα
371 1058 607 1114 ἐγχειρήματα
630 1057 794 1102 κωλύειν,
826 1063 885 1093 καὶ
910 1062 1116 1116 φροντίζειν
1144 1060 1207 1115 τοῦ
1222 1062 1263 1095 20
1276 1062 1442 1098 virtutem
1464 1061 1672 1108 procedant,
1695 1063 1732 1098 et
1754 1060 1799 1098 de
1821 1060 1878 1098 his
1901 1061 2004 1097 nobis
2026 1060 2204 1098 nuntiare.

124 1104 242 1138 ταῦτα
271 1116 397 1139 παντα
428 1102 702 1149 ανεμποδίστως
735 1108 795 1138 καὶ
827 1102 986 1149 ἀζημίως
1016 1119 1107 1140 κατα
1140 1119 1209 1149 την

125 1150 217 1204 τῶνΙ
231 1146 360 1203 νόμων
391 1147 549 1194 δύναμιν
580 1152 762 1194 προϊέναι,
794 1152 854 1184 καὶ
881 1150 927 1184 τὰ
956 1154 1038 1197 περὶ
1065 1150 1208 1186 τούτων

124 1207 275 1238 μηνύειν
298 1208 393 1239 ημιν.

126 1242 148 1275 1
200 1240 266 1274 Τὰς
295 1243 421 1284 μέντοι
452 1240 546 1275 κατὰ
578 1239 709 1285 νόμους
738 1238 991 1284 ἐπιδεδομένας
1023 1240 1208 1284 ἐκκλήτους

1275 1243 1298 1278 1
1344 1241 1431 1277 Illas
1454 1251 1537 1278 vero
1560 1250 1653 1287 quae
1677 1239 1870 1278 secundum
1893 1240 1988 1285 leges
2012 1239 2208 1276 offeruntur
2233 1240 2353 1287 appel-

125 1288 185 1318 καὶ
217 1283 389 1328 δέχεσθαι
420 1285 633 1331 βουλόμεθα
665 1284 806 1321 πάντας
836 1286 919 1320 τοὺς
945 1285 1119 1332 ἄρχοντας
1148 1290 1207 1320 καὶ
1221 1285 1427 1323 25lationes
1451 1290 1488 1322 et
1510 1287 1695 1332 suscipere
1716 1286 1878 1324 volumus
1901 1285 2043 1322 omnino
2065 1285 2202 1322 iudices
2234 1290 2270 1322 et
2291 1295 2355 1323 eos

126 1330 207 1365 τοὺς
227 1327 318 1364 καθ>
337 1328 515 1378 ἡμετέραν
539 1329 699 1365 κέλευσιν
723 1329 767 1364 ἆκ
792 1334 978 1375 οωμένους,
1003 1332 1073 1366 εἴτε
1091 1333 1206 1376 μείζο-

126 1387 183 1409 νες
205 1376 275 1411 εἴτε
299 1375 486 1411 ἐλάττονες
509 1376 590 1420 εἶεν,
615 1379 675 1410 καὶ
696 1344 881 1411 ἐκδιῧόναι
904 1377 951 1412 τοὶ
972 1380 1208 1424 πεπραγμένα

128 1418 209 1463 δίχα
229 1421 328 1456 τινὸς
348 1419 579 1468 ὑπερθέσεως
601 1424 674 1456 τοῖς
694 1419 954 1478 δικαζομένοιςὲ
978 1419 1066 1457 ὥςτε
1090 1423 1207 1464 ἐξέτα-

127 1477 187 1500 σιν
210 1465 368 1511 νόμιμον
391 1470 474 1514 περὶ
497 1464 640 1502 τούτων
663 1470 836 1513 προϊέναι.
857 1512 865 1523 κ
885 1478 975 1523 προς
992 1467 1131 1503 τούτοις
1153 1481 1208 1502 κε-

1277 1332 1338 1377 qui
1356 1332 1551 1367 secundum
1573 1335 1733 1368 nostram
1755 1332 1946 1368 iussionem
1969 1331 2130 1375 audiunt,
2155 1331 2228 1368 sive
2243 1331 2356 1367 maio·

1276 1387 1334 1412 res
1370 1378 1442 1412 sive
1472 1378 1626 1414 minores
1661 1377 1749 1422 sint,
1784 1380 1822 1413 et
1851 1377 1957 1412 edere
1990 1380 2092 1421 gesta
2124 1376 2201 1413 sine
2234 1375 2356 1422 aliqua

1277 1422 1447 1458 dilatione
1469 1423 1699 1468 litigantibus,
1723 1425 1765 1459 ut
1784 1422 1946 1468 quaestio
1962 1421 2119 1467 legitima
2141 1421 2186 1458 de
2201 1421 2255 1457 his
2271 1432 2355 1467 pro-

1278 1467 1393 1503 cedat.
1448 1467 1497 1504 Su
1525 1478 1563 1504 er
1595 1469 1686 1504 haec
1718 1468 1880 1504 iubemus
1913 1467 2154 1513 appellatione
2189 1468 2356 1512 porrecta

129 1510 288 1556 λεύομεν,
312 1511 481 1556 ἐκκλήτου
505 1510 755 1557 ἐπιδεδομένης
778 1525 871 1547 κατα
895 1526 963 1548 τον
983 1514 1097 1568 νόμον
1119 1513 1209 1558 μήτε
1223 1515 1264 1548 30
1278 1513 1473 1549 secundum
1517 1523 1598 1558 eges
1626 1523 1741 1559 neque
1771 1513 1991 1550 exactionem
2019 1511 2098 1548 fieri
2128 1521 2242 1557 neque
2271 1522 2354 1558 pos-

128 1558 368 1602 έκβιβασμοὺς
398 1558 572 1605 γίνεσθαι
600 1558 691 1602 μήτε
720 1557 830 1602 νομὰς
852 1570 1080 1607 πραγματων
1102 1571 1209 1604 μετα-

128 1602 307 1637 τίθεσθαι
332 1605 432 1649 μέχρι
456 1603 590 1637 τελείας
613 1599 674 1638 ἐπ’
703 1601 792 1650 αὐτῇ
817 1607 974 1648 κρίσεως.

1279 1558 1454 1594 sessiones
1485 1569 1605 1595 rerum
1633 1558 1820 1598 transferri
1849 1567 1963 1604 usque
1984 1557 2032 1594 ad
2053 1556 2228 1595 finitivum
2248 1567 2369 1604 super.

1278 1613 1321 1640 ea
1342 1603 1524 1641 iudicium.

1130 1693 1287 1731 CAPUT
1311 1693 1372 1729 IV.

186 1759 331 1805 Ἐπειδὴ
354 1760 395 1798 δὲ
414 1765 604 1808 συμβαίνει
625 1765 782 1807 μοιχείας
804 1762 827 1806 ἢ
847 1760 1010 1810 ἁρπαγὰς
1027 1763 1211 1809 γυναικῶν

129 1805 152 1850 ἢ
176 1805 308 1862 φόνοξυς
331 1806 354 1851 ἢ
377 1809 481 1853 ἕτερα
504 1806 699 1852 οἱαδήποτε
722 1806 926 1864 ἐγκλήματα
949 1810 989 1842 έν
1006 1810 1082 1843 ταῖς
1102 1809 1211 1852 ἐπαρ-

1343 1762 1518 1806 Quoniam
1540 1771 1624 1797 vero
1646 1761 1817 1806 contingit
1841 1761 2017 1797 adulteria
2045 1764 2110 1798 aut
2130 1762 2258 1806 raptus
2280 1770 2357 1796 mu-

1279 1806 1406 1843 lierum
1437 1810 1500 1843 aut
1522 1806 1712 1842 homicidia
1743 1810 1807 1842 aut
1838 1807 1909 1842 alia
1936 1807 2114 1852 quaelibet
2144 1805 2291 1842 crimina
2320 1806 2357 1842 in

129 1857 220 1896 χίαις
254 1853 552 1908 αμαρτάνεσθαι,
587 1852 773 1898 κελεύομεν
807 1865 889 1888 τους
919 1854 996 1888 τῶν
1026 1854 1211 1898 ἐπαρχιῶν
1224 1854 1266 1888 35
1278 1852 1470 1898 provinciIs
1507 1851 1695 1895 committi,
1729 1851 1891 1887 iubemus
1924 1852 2187 1897 provinciarum
2219 1851 2356 1887 iudices

129 1901 339 1946 ἡγουμένους
368 1911 494 1934 παντα
523 1898 618 1934 κατὰ
648 1899 776 1944 νόμους
806 1896 1005 1942 διεκδικεῖν,
1040 1900 1100 1932 καὶ
1127 1898 1209 1933 τοὺς

199 1981 225 2002 c.
250 1968 354 2011 [1125
374 1970 391 2002 1
419 1981 477 2001 om.
503 1968 555 2001 B⁰
572 1969 604 2009 6,
624 1975 668 2010 ιο,
692 1975 779 2002 extat
802 1968 839 2002 B
863 1969 895 2010 9,
912 1975 941 2010 2,
957 1975 1002 2002 ιο.

1277 1899 1395 1934 omnia
1417 1897 1613 1935 secundum
1635 1898 1728 1942 leges
1747 1897 1937 1941 vindicare,
1961 1899 1997 1934 et
2015 1900 2206 1943 peccantes
2224 1899 2357 1940 tenere,

198 2027 224 2047 c.
248 2014 272 2047 Ι
278 2013 349 2047 V—
359 2013 411 2047 VI
429 2025 550 2047 summa
573 2014 649 2047 Ath.
674 2014 707 2047 in
731 2014 840 2047 codice
861 2015 979 2047 omissa
1011 2020 1100 2048 extat
1129 2014 1162 2047 in
1187 2013 1293 2056 libello
1325 2014 1408 2057 περὶ
1438 2007 1628 2057 διαφόρων
1659 1999 1960 2057 ἀναγνωσμάτων
1984 2012 2005 2054 ᾗ
2028 2013 2049 2046 6
2068 2024 2105 2055 p.
2125 2012 2188 2046 192
2212 2010 2358 2051 Raima:

130 2072 157 2093 c.
175 2059 289 2093 lVin.
307 2071 429 2092 summa
452 2060 485 2092 in
503 2059 675 2102 paratinis
698 2059 776 2092 Aeh.
794 2060 815 2093 6
834 2063 891 2099 §2-

130 2149 237 2195 impie
256 2149 372 2200 turpis
396 2149 488 2201 lucri
506 2148 626 2185 studio
646 2149 719 2194 aqi,
743 2153 786 2184 ut
803 2159 849 2184 ne
866 2151 1075 2183 testamenta
1095 2147 1236 2193 quidem
1254 2148 1448 2194 patiantur
1465 2146 1551 2191 fieri
1571 2156 1637 2181 nec
1649 2146 1756 2198 sacta
1775 2146 1965 2189 insinuari,
1989 2155 2105 2226 negue
2123 2144 2361 2181 matrimoniis

130 2195 180 2229 ali
208 2205 274 2230 uos
296 2198 390 2229 mter
412 2205 451 2230 se
473 2195 576 2240 tunqi
606 2204 721 2240 neque
751 2194 990 2229 instrumenta
1021 2192 1253 2228 donationum
1283 2192 1502 2239 nuptialium
1525 2191 1673 2236 confici,
1703 2202 1819 2244 neque
1841 2201 2000 2243 corpora

2053 2190 2283 2236 efunctorum
2306 2200 2359 2227 se·

126 2251 178 2286 pu
197 2240 288 2275 turis
312 2238 425 2281 tradi,
449 2250 514 2276 nec
531 2241 748 2292 permittant
770 2250 890 2274 rerum
912 2238 1115 2274 inventaria
1136 2238 1219 2283 fieri
1242 2241 1307 2273 aut
1329 2236 1432 2273 aliud
1455 2236 1653 2283 quidquam
1675 2246 1753 2288 etus
1774 2246 1917 2288 generis
1945 2235 2001 2272 vel
2021 2246 2090 2283 per
2113 2238 2196 2271 acta
2218 2235 2274 2272 vel
2288 2245 2361 2282 per

132 2285 340 2320 testationes
370 2285 555 2321 celebrum.
603 2284 810 2331 Propterea
840 2283 1086 2319 interdicimus
1116 2283 1279 2318 omnibus
1309 2281 1582 2328 maqistratz'bus
1617 2286 1688 2318 tam
1720 2281 1882 2318 civilibus

131 2335 282 2375 rumque
314 2330 451 2376 officiis
479 2330 535 2366 vel
565 2329 710 2366 cuilibet
739 2329 822 2372 alii,
853 2340 899 2364 ne
929 2328 1018 2375 quid
1044 2327 1220 2364 eiusmodi

1940 2292 2023 2317 uam
2055 2280 2271 2316 militaribus
2301 2291 2361 2316 eo-

1251 2327 1418 2363 audeant.
1465 2326 1508 2363 Si
1536 2327 1617 2374 quis
1648 2336 1732 2362 vero
1764 2326 1835 2362 tale
1861 2336 1922 2363 sce
1936 2336 1978 2362 us
2001 2327 2040 2360 in
2060 2335 2285 2378 quocumque
2306 2325 2361 2361 rei

129 2376 295 2422 publicae
323 2379 470 2411 nostrae
501 2376 580 2411 loco
605 2379 821 2422 perpetrare
851 2374 908 2411 vel
934 2375 970 2411 ei
998 2374 1061 2420 qui
1091 2373 1180 2409 haec
1211 2372 1345 2409 audeat
1371 2375 1524 2420 praesto
1554 2382 1631 2408 esse
1660 2372 1903 2419 temptaverit,
1933 2371 2094 2407 iubemus
2122 2380 2184 2407 eos
2215 2369 2361 2417 cmqulo

128 2422 294 2467 privatos
322 2421 360 2455 in
383 2421 533 2457 exilium
554 2421 664 2463 mitti,
695 2426 731 2456 et
752 2431 803 2456 ex
825 2430 951 2456 eorum
972 2419 1176 2455 substantia
1207 2418 1376 2454 damnum
1406 2418 1453 2453 iis
1483 2418 1548 2464 qui
1569 2417 1704 2453 iniuria
1727 2417 1851 2463 affecti
1879 2421 1966 2454 sunt
1987 2416 2127 2452 illatum
2152 2416 2189 2451 in
2211 2415 2362 2462 duplum

130 2466 289 2508 restitui,
324 2476 370 2500 ne
399 2466 539 2511 reliquo
574 2466 717 2512 quidem
752 2476 802 2501 ex
834 2465 866 2500 le
893 2465 973 2500 ibus
1003 2464 1145 2500 auxilio
1179 2464 1225 2499 iis
1256 2463 1434 2510 adempto.
1484 2462 1629 2499 Omnem
1660 2467 1779 2498 autem
1807 2461 2022 2508 facultatem
2054 2461 2181 2497 damus
2210 2461 2363 2496 sanctis-

130 2512 230 2546 simis
254 2511 415 2546 locorum
437 2511 619 2558 episcopis
649 2516 684 2546 et
709 2511 863 2557 primati
887 2521 931 2546 us
961 2510 1143 2546 civitatum
1173 2508 1349 2546 eiusmodi
1371 2512 1525 2544 conatus
1547 2507 1736 2544 cohibendi
1765 2511 1801 2543 et
1817 2506 2039 2554 providendi
2066 2511 2106 2542 ut
2130 2505 2219 2542 haec
2239 2505 2363 2542 omnia

131 2556 209 2591 sine
231 2555 483 2602 impedimento
506 2561 541 2592 et
567 2555 777 2592 detrimento
801 2555 996 2591 secundum
1019 2554 1137 2602 lequm
1161 2558 1318 2590 tenorem
1335 2553 1551 2600 procedant,
1576 2556 1685 2598 atque
1707 2551 1753 2588 de
1775 2551 1832 2588 his
1851 2552 1900 2588 acl
1922 2562 1990 2603 nos
2011 2549 2212 2597 referendi.

132 2603 155 2637 1
201 2601 472 2647 Appellationes
495 2612 578 2637 vero
601 2612 695 2646 quae
717 2600 911 2637 secundum
943 2600 1040 2647 leqes
1062 2599 1267 2646 offeruntur
1299 2609 1421 2635 omnes
1442 2598 1679 2644 mayistratus
1708 2608 1840 2649 eosque
1871 2597 1934 2650 qui
1956 2607 2057 2649 iussu
2080 2602 2207 2631 nostro
2220 2605 2364 2648 ‘causas

133 2657 174 2682 co
203 2650 372 2687 noscunt,
403 2647 476 2682 sive
499 2647 655 2682 maiores
683 2647 759 2682 sive
781 2646 938 2682 minores
960 2647 1051 2686 sint,
1083 2650 1120 2681 et
1141 2645 1325 2692 suscipere
1347 2644 1511 2680 volumus
1542 2648 1577 2680 et
1608 2647 1691 2679 acta
1723 2642 1951 2689 litzqantuous
1979 2652 2057 2677 stne
2088 2640 2165 2677 ulla
2188 2639 2363 2677 dilatione

133 2657 255 2733 edire,
288 2695 328 2726 ut
358 2691 516 2737 legitima
547 2691 770 2728 examinatio
801 2691 846 2727 de
869 2690 930 2743 lais.
943 2690 1132 2737 procedat.
1179 2689 1376 2726 Praeterea
1406 2688 1568 2725 iubemus
1598 2687 1846 2769 asspellatione
1873 2686 2068 2724 secundum
2099 2686 2133 2722 le
2158 2696 2211 2721 em
2241 2685 2364 2722 oblata

1647 2744 1666 2768 e

134 2747 248 2782 neque
271 2736 503 2788 executiones
522 2737 605 2782 fieri
635 2747 750 2783 neque
766 2747 1017 2783 possesszones
1039 2747 1161 2771 rerum
1187 2734 1384 2781 transferri
1414 2744 1528 2780 usque
1550 2733 1600 2770 ad

1663 2734 1840 2778 finitivam
1869 2732 2081 2769 sententiam
2131 2741 2152 2767 e
2174 2741 2218 2766 ea
2241 2730 2363 2768 latam.

269 2780 329 2816 IV.
377 2779 554 2823 Quoniam
583 2785 700 2816 autem
729 2783 850 2817 contin
879 2782 908 2817 it
936 2781 1116 2817 adulteria
1145 2781 1201 2817 vel
1222 2784 1353 2827 raptus
1384 2779 1572 2817 mulierum
1604 2777 1660 2815 vel
1681 2777 1874 2814 homicidia
1900 2777 1961 2814 'vel
1989 2776 2266 2828 qualiacumque
2289 2775 2364 2827 alia

135 2826 286 2863 crimina
309 2826 347 2860 in
369 2827 566 2871 provinciis
589 2826 776 2871 committi,
808 2827 845 2862 iu
870 2838 969 2862 emus
987 2826 1257 2873 provinciarum
1278 2824 1465 2872 praesides
1490 2824 1610 2860 omnia
1632 2823 1827 2859 secundum
1851 2823 1948 2870 leqes
1971 2822 2166 2864 mndicare,
2194 2824 2231 2857 et
2253 2819 2365 2856 delm-

204 2920 224 2952 2
247 2917 336 2961 μήτε
359 2917 395 2951 Β
420 2916 433 2960 11
455 2918 647 2961 γενομένας
669 2930 736 2951 cum
758 2918 954 2951 Haloandro
978 2918 1064 2960 vulq.
1090 2917 1102 2960 11
1125 2918 1145 2950 3
1169 2915 1216 2950 τὰ

137 2965 196 2999 ἐπὶ
228 2976 286 2996 οηι.
311 2963 343 2996 L
373 2962 385 3006 11
414 2964 435 2996 4
457 2960 547 3005 μήτε
571 2962 607 2994 Β
637 2963 649 3005 11
678 2964 718 2996 12
743 2958 1020 3006 διαπράξασθαι
1044 2963 1104 3003 Μ]
1140 2958 1216 2996 δια-

137 3008 273 3054 πρᾶξαι
297 3008 366 3041 LB
390 3006 403 3051 11
428 3009 469 3041 14
492 3008 700 3053 γενομένους
723 3007 755 3040 L
779 3008 791 3050 11
819 3009 859 3041 16
883 3003 1129 3041 ἀναδίδοσθαι
1150 3008 1183 3040 L
1205 3007 1217 3047 11

137 3051 370 3099 ἀνῃρημένοις
395 3051 460 3097 ΛῚΙΙΙ
481 3054 522 3087 18
545 3051 613 3085 τὸν
631 3053 689 3093 M]
715 3065 772 3085 om.
787 3053 856 3085 LB
875 3052 887 3095 11
911 3055 951 3087 21
977 3049 1134 3096 ἀζημίως
1158 3065 1217 3086 om.

138 3102 169 3134 L
186 3101 198 3144 11
224 3102 266 3134 23
290 3097 440 3143 μηνύειν
466 3094 552 3142 ἡμῖν
576 3098 659 3138 ML]
691 3096 840 3140 μηνύειν
864 3098 899 3130 Β
918 3097 989 3141 1124
1013 3094 1218 3141 ἐπιδεδομέ-

137 3156 201 3179 νας
218 3144 326 3186 ΜΒΓ]
352 3139 600 3187 ἐπιδιδομένας
619 3143 701 3175 LB⁶
719 3143 730 3185 11
749 3144 790 3176 25
815 3140 963 3183 πάντας]
988 3144 1123 3175 omnino
1140 3145 1173 3184 (i.
1191 3155 1216 3175 e.

138 3188 298 3232 πάντως)
322 3189 362 3232 ςΙ
388 3191 431 3224 30
456 3185 702 3232 ἐπιδιδομένης
722 3188 774 3220 B!
787 3188 799 3231 11
816 3187 884 3220 τὸν
903 3184 1029 3231 νόμον]
1054 3188 1143 3230 leges
1165 3199 1185 3224 ς
1208 3188 1219 3228 ΙΙ

138 3233 248 3280 *μηδὲ
265 3238 340 3270 libri
356 3235 362 3275 Ι
386 3236 427 3270 31
442 3231 691 3288 ἐκβιβασμοὺς]
709 3232 911 3265 exactionem
929 3245 948 3268 ς
964 3230 1106 3287 11*μηὸὲ
1121 3234 1197 3266 libri
1206 3231 1218 3268 ΙΙ

139 3284 182 3317 32
205 3278 409 3326 κρατήσεως
433 3280 464 3314 L
481 3280 494 3324 11
519 3281 562 3315 36
585 3279 797 3325 ηγουμένους
821 3278 890 3311 LB
901 3279 930 3318 ς]
962 3288 1138 3324 αρχοντας
1159 3279 1218 3311 καὶ

139 3323 350 3373 ἡγουμένους
374 3326 420 3360 Μ

197 3465 217 3498 2
241 3461 406 3495 insinuari
430 3461 482 3494 bv
505 3461 519 3505 11
543 3460 672 3502 aliquas
698 3460 730 3493 Τ
745 3460 833 3503 vulq.
856 3458 869 3502 11
893 3459 915 3492 4
937 3457 1111 3509 defunctos
1136 3457 1186 3490 R²
1216 3458 1218 3497 ’ς

141 3519 277 3586 ...0322
302 3507 473 3593 ‘zm-Bu?
489 3504 820 3593 execrata
843 3502 1220 3590 sui

141 3564 240 3632 {iffi
257 3564 315 3640 {²31
338 3598 355 3628 e>
381 3579 509 3638 aliquid
528 3597 564 3629 id
583 3609 605 3629 v
628 3596 757 3638 aliquid
772 3594 905 3638 quidam
923 3593 955 3627 R
979 3592 1072 3637 aliud
1091 3561 1219 3644 aliqxfiq

145 3646 176 3677 T
188 3645 200 3687 11
218 3646 238 3678 6
259 3643 328 3686 agit
353 3643 371 3673 b
388 3642 401 3686 11
418 3642 526 3684 gentis
547 3642 598 3676 V¹
614 3642 627 3685 11
644 3643 664 3676 8
681 3652 777 3684 quam
795 3639 997 3674 militaribus
1020 3652 1077 3672 om.
1093 3651 1114 3671 v
1131 3638 1143 3681 11
1160 3637 1220 3670 alu

142 3688 192 3723 R2
205 3691 290 3733 vulq.
315 3688 362 3721 ali
377 3701 397 3721 v
419 3687 514 3721 aliud
531 3687 548 3718 b
566 3687 579 3731 11
602 3689 622 3722 9
643 3687 802 3721 ciuilibus
826 3687 859 3720 T
878 3685 892 3730 11
908 3684 968 3718 tali
991 3697 1012 3717 v
1035 3683 1048 3728 11
1073 3683 1218 3726 quidam]

1286 2916 1366 2958 quia
1381 2916 1400 2947 b
1425 2915 1484 2957 qui
1499 2917 1533 2948 et
1545 2927 1566 2947 υ
1585 2916 1597 2958 11
1615 2916 1655 2949 10
1669 2913 1828 2947 odiuilem
1842 2913 1859 2944 b
1879 2912 1892 2954 11
1907 2913 2140 2948 nostrae—12
2152 2912 2235 2944 haee
2249 2923 2338 2945 orn-u
2352 2908 2367 2957 11

1285 2961 1472 3040 ἳὲιρῑΐὼῖ
1484 2960 1507 3038 ἔ
1517 2960 1598 3047 ι”ιέᾗ
1615 2959 1734 3040 {²3⁰0ss
1744 2959 1831 3036 Ἠ·
1842 2958 2055 3047 lasset?
2067 2956 2366 3044 fimitis?

1286 3052 1325 3084 de
1350 3017 1450 3085 οθημῗ
1467 3017 1537 3084 r14
1561 3049 1693 3083 eueniet
1718 3014 1769 3082 bgv
1785 3048 1798 3092 11
1816 3047 1999 3114 dispendiis
2017 3059 2039 3079 υ
2054 3046 2069 3124 11
2095 3048 2136 3098 ¹25
2160 3045 2257 3079 subla
2278 3045 2330 3081 Vn

1286 3096 1352 3129 alio
1368 3095 1451 3138 (aliu
1489 3097 1522 3137 v)
1547 3094 1635 3136 quod
1659 3093 1814 3136 (quodam
1834 3093 1867 3127 V
1886 3097 1897 3134 )
1921 3094 1971 3125 est
1991 3101 2031 3124 ex
2069 3091 2184 3134 egibus
2207 3091 2278 3133 Vv]
2302 3090 2365 3124 ali-

1286 3141 1375 3183 quod
1399 3144 1447 3173 est
1471 3142 1504 3172 et
1526 3139 1656 3181 legibus
1673 3139 1691 3168 b
1715 3138 1783 3171 alio
1805 3137 1939 3180 quidem
1959 3147 1998 3170 ex
2017 3136 2147 3179 legibus
2166 3137 2330 3181 RTvuly.

1286 3186 1489 3219 adiutorium
1512 3198 1532 3218 υ
1568 3186 1602 3217 et
1625 3184 1829 3217 adiutorium
1854 3183 1872 3213 b
1902 3184 1914 3225 11
1944 3183 1984 3217 18
2009 3181 2287 3225 praesumptionis
2309 3193 2331 3214 ν

1286 3231 1462 3275 prohibere
1474 3230 1518 3271 et]
1533 3228 1722 3272 prohiberet
1739 3229 1757 3259 b
1775 3228 1788 3272 11
1808 3230 1848 3263 19
1861 3227 2123 3271 inpedimentum
2138 3227 2156 3258 b
2174 3227 2187 3271 11
2204 3229 2237 3260 et
2252 3238 2312 3261 om.
2322 3227 2342 3260 ὁ

1288 3279 1330 3310 20
1354 3276 1521 3309 uirtutum
1543 3273 1700 3318 procedat
1721 3286 1742 3307 v
1759 3274 1772 3318 11
1799 3275 1841 3308 24
1865 3273 1924 3315 qui
1948 3273 2024 3317 3111
2051 3273 2232 3306 offerentur
2253 3270 2302 3317 ν’11
2321 3272 2342 3306 2

1287 3323 1414 3354 nostras
1436 3320 1598 3353 iussiones
1621 3320 1655 3353 R
1682 3319 1704 3385 11
1726 3318 1868 3352 audiunt
1893 3320 1955 3360 bv]
1989 3317 2178 3361 specialiter
2208 3316 2288 3359 quia
2318 3317 2366 3357 (et

1287 3367 1367 3408 quia
1388 3365 1448 3408 ΒΑ)
1477 3367 1510 3398 et
1538 3365 1584 3406 (et
1606 3375 1628 3398 a
1653 3365 1684 3398 T
1717 3366 1819 3409 ναῖς.)
1851 3364 1978 3397 diuinis
2011 3363 2091 3397 licet
2121 3362 2288 3407 appellare
2311 3361 2364 3394 iu·

1287 3410 1417 3444 dicibus
1441 3410 1583 3444 audiunt
1608 3410 1720 3444 RVT
1731 3412 1816 3454 vuly.
1833 3410 1845 3451 11
1870 3411 1911 3443 27
1936 3410 2016 3449 sint]
2041 3409 2094 3441 int
2117 3408 2147 3448 b,
2171 3420 2231 3441 om.
2254 3407 2314 3449 711
2331 3406 2366 3439 et

1289 3469 1345 3491 om.
1360 3458 1377 3489 ὁ
1395 3454 1408 3499 11
1425 3456 1500 3489 dere
1517 3456 1566 3489 R¹
1580 3455 1608 3489 V
1627 3465 1664 3488 ea
1680 3455 1756 3488 dare
1777 3467 1798 3488 υ
1812 3454 1824 3499 11
1843 3457 1951 3497 gestas
1976 3454 1994 3485 b
2011 3453 2024 3498 11
2042 3455 2084 3489 28
2104 3451 2287 3496 legitimam
2310 3450 2330 3482 b
2351 3450 2365 3495 Ι

1289 3503 1331 3536 29
1355 3501 1609 3543 appellationem
1634 3503 1816 3544 porrectam
1840 3513 1861 3533 v
1926 3502 1968 3535 30
1990 3498 2160 3533 exactione
2182 3497 2232 3531 Β*
2252 3496 2265 3541 11
2289 3505 2363 3539 pon-

1288 3547 1439 3579 sessionis
1457 3546 1474 3576 b
1492 3546 1505 3589 11
1522 3549 1561 3580 31
1577 3546 1746 3580 finitiuum
1765 3547 1818 3580 Vb
1827 3547 1860 3587 υ]
1905 3544 2012 3578 nitum
2027 3544 2059 3578 R
2078 3542 2297 3577 diffinitiuum
2313 3539 2364 3574 T²

1288 3591 1469 3624 diffinitum
1488 3592 1540 3626 T²
1564 3591 1735 3625 definitum
1751 3592 1837 3635 vuly.
1854 3590 1867 3635 11
1885 3591 1928 3624 33
1942 3589 2032 3624 uerti
2048 3589 2067 3620 ὁ
2085 3588 2098 3633 11
2114 3587 2255 3630 contigit
2275 3585 2334 3620 Vu
2349 3586 2363 3629 Ι

1289 3639 1333 3672 34
1355 3636 1537 3670 humieidia
1559 3637 1577 3668 b
1602 3637 1615 3689 11
1639 3639 1698 3670 aut
1720 3636 1798 3678 alia]
1831 3635 1988 3678 capitalia
2008 3647 2029 3668 υ
2063 3633 2104 3668 ab
2126 3632 2222 3667 italia
2247 3630 2295 3676 bu
2318 3631 2361 3665 3⁶

1288 3682 1467 3716 committit
1491 3683 1509 3714 b
1534 3683 1647 3716 comiti
1668 3682 1724 3726 Vfl
1740 3681 1876 3723 iudices]
1899 3679 2068 3724 principes
2089 3691 2112 3713 v

2462 2156 2476 2235 fflm.
2464 2051 2476 2135 -bfiv
2471 2004 2476 2024 -.
2472 1959 2476 1979 .-
