2592 3840
232 87 339 134 Nov.
370 86 512 130 XXVI
541 90 575 127 1,
605 88 631 127 2

234 199 256 234 1
311 195 411 242 μόλις
441 198 586 231 ἐκείνοις
612 193 753 242 ἀρκῶν
790 190 811 236 ἡ
834 191 874 227 δὲ
902 193 980 226 τῶν
1008 193 1140 234 τειχῶν
1167 192 1310 227 τούτων

235 241 374 289 φυλακὴ
396 243 457 275 καὶ
480 238 501 284 ἡ
525 243 607 289 περὶ
631 239 710 275 τοὺς
733 238 862 274 τόπους
883 239 1034 271 ἐκείνους
1057 235 1229 280 διοίκησις
1249 241 1309 271 καὶ

233 286 380 328 εὐταξία
408 300 449 321 τε
479 290 539 320 καὶ
567 288 765 331 στρατηγία
795 281 909 317 δεῖται
938 281 1035 316 τινὸς
1066 279 1196 328 ἀνδρὸς
1224 280 1308 330 ἀγα-

233 333 306 367 θοῦ
330 335 389 365 καὶ
413 330 501 378 πρὸς
525 329 691 375 ἑκάτερον
710 331 852 372 ἔχοντος
876 325 1098 370 ἐπιτηδείως,
1130 325 1308 374 στρατιώ-

1305 77 1388 125 204

2128 93 2189 124 DE:
2217 92 2453 125 PRAETORE

1377 194 1397 228 1
1444 202 1626 227 murorum
1648 201 1732 227 vero
1756 190 1883 226 horum
1908 190 2070 227 custodia
2101 193 2137 226 et
2169 191 2263 226 circa
2290 192 2372 227 loca
2394 191 2459 228 illa

1376 236 1590 281 gubernatio
1614 235 1683 282 (et)
1707 235 1795 270 disci
1821 235 1895 270 lina
1925 236 2033 280 atque
2056 235 2209 271 ducatus
2234 238 2315 280 eget
2336 236 2456 282 aliquo

1377 282 1453 318 viro
1477 282 1573 318 bono
1605 285 1642 316 et
1671 280 1732 325 qui
1763 289 1785 315 a
1842 283 2033 325 utrumque
2061 284 2285 326 opportunus
2315 280 2458 324 existat.

1378 327 1508 362 milites
1531 326 1696 362 ordinare
1727 326 1764 360 et
1794 324 1931 369 legibus
1954 334 2132 371 praeesse.
2181 325 2252 361 Sed
2274 326 2371 371 quod
2391 335 2457 362 no·

233 389 297 412 τας
320 390 360 411 τε
382 379 527 419 κοσμεῖν
558 379 618 409 καὶ
648 373 772 418 νόμων
796 370 967 425 ἐξάρχειν.
1014 375 1054 406 τί
1075 383 1164 406 ποτε
1182 370 1230 406 ἂν
1245 367 1309 406 οὖν
1345 375 1364 406 5
1379 382 1459 407 men
1493 371 1579 406 huic
1615 372 1819 415 competens
1855 380 1900 405 ex
1931 369 2144 415 antiquitate
2176 370 2359 413 donemus,
2394 373 2460 406 aut

233 421 347 466 ὄνομα
371 421 488 464 τούτῳ
513 418 714 466 πρόςφορον
745 421 783 452 ἐκ
806 428 866 460 της
890 415 1122 460 ἀρχαιότητος
1145 417 1309 462 θείημεν,

235 464 256 510 ἢ
278 470 389 502 ποίαν
413 464 584 510 λαβόντες
611 466 846 510 προςηγορίαν
878 464 930 505 τῷ
959 460 1027 505 τὴν
1056 459 1169 508 ἀρχὴν
1190 464 1309 505 ἔχοντι

233 510 372 564 ταύτην
395 510 635 556 ἁρμόσαιμεν,·
657 507 679 551 ἢ
699 506 761 542 οὐκ
787 505 948 540 αὐτόθεν
971 507 1048 541 ἐστὶ
1069 504 1238 560 φανερόν,
1264 506 1311 541 ὠς

1380 417 1519 462 qualem
1540 418 1718 451 sumentes
1739 414 2014 460 appellationem
2034 415 2213 459 cingulum
2232 415 2302 451 hoc
2322 415 2457 451 haben-

1379 466 1450 497 tem
1472 460 1720 497 nominemus?
1746 469 1793 494 an
1817 461 1914 496 certe
1937 470 2010 496 non
2037 459 2107 496 hoc
2129 461 2207 506 ipso
2230 460 2460 496 manifestum

1380 509 1445 549 est,
1482 506 1566 559 quia
1602 505 1709 540 etiam
1742 505 1811 540 iste
1846 508 1992 550 praetor
2026 505 2278 548 nominabitur,
2313 506 2460 543 nostrae

234 560 294 590 καὶ
326 567 428 590 ουτος
459 559 624 601 πραιτωρ
648 549 943 597 ὀνομασθήσεται
966 551 1034 595 τὴν
1055 553 1118 595 τῆς
1142 555 1311 598 ημετέρας
1378 551 1521 597 pietatis
1548 559 1744 594 cognomen
1768 549 1957 596 accipiens,
2001 549 2096 586 sicut
2116 549 2269 586 Pisidiae
2292 549 2402 586 iudex
2423 552 2460 586 et
2498 560 2500 562 ’

235 600 412 645 εὐσεβείας
442 597 729 655 προςλαμβάνων
752 599 975 640 ἐπωνυμίαν,
1007 594 1177 643 καθάπερ
1201 595 1220 631 ὁ
1245 600 1309 630 Πι-
1327 599 1367 631 10
1381 595 1585 641 Lycaoniae
1607 594 1753 640 praesul
1777 595 1980 630 nominatus
2009 598 2045 630 et
2067 595 2186 631 factus
2217 599 2273 631 est
2294 604 2317 630 a
2339 594 2461 631 nobis?

235 644 352 680 σιδίας
380 658 420 679 τε
451 654 643 691 ηγουμενος
671 645 731 676 καὶ
755 639 774 676 ὃ
798 643 1003 676 Λυκαονίας
1034 639 1195 687 ἐξάρχων
1220 638 1310 676 ὦνό-

233 694 372 735 μασταί
390 702 431 724 τε
454 692 512 723 καὶ
534 691 657 735 γέγονε
680 684 768 733 παρ’
793 684 916 741 ήμῶν)
944 687 975 720 εἰ
997 686 1066 734 γὰρ
1088 684 1108 720 ὃ
1144 690 1310 733 πραίτωρ

234 733 254 769 ὁ
277 734 463 779 Ῥωμαίων
493 732 690 779 στρατηγός
719 745 760 766 τε
791 733 973 776 ομοῧκαὶ
1003 731 1204 776 νομοθέτης
1226 730 1308 765 ταύ-

235 794 304 823 την
325 782 385 815 ἐπὶ
409 780 469 822 τῆς
488 780 618 831 οἰκείας1
634 774 740 825 ἀρχῆς
759 776 829 820 εἶχε
848 775 916 820 τὴν
933 775 1048 818 τάξιν,
1071 777 1150 810 τῶν
1169 775 1309 821 ἀνωμο-

1380 641 1417 677 Si
1453 640 1546 675 enim
1581 643 1727 685 praetor
1762 639 2003 675 Romanorum
2037 640 2111 675 dux
2146 640 2252 677 simul
2283 642 2321 675 et
2352 640 2459 685 legis-

1379 687 1474 721 lator
1505 685 1574 720 hoc
1605 685 1644 720 in
1674 695 1739 720 suo
1764 684 1903 729 cingulo
1935 685 2094 721 habebat
2115 683 2286 727 officium,
2317 684 2459 720 indubi-

1379 735 1494 764 tatum
1519 732 1574 765 est
1596 729 1681 775 quia
1704 730 1991 765 decentissimum
2021 730 2091 766 erit
2121 730 2298 776 praetoris
2328 739 2460 765 nomen

1380 775 1486 810 huius
1511 773 1826 810 administrationis
1856 775 2098 819 appellationi.
2145 775 2302 811 Militum
2328 774 2460 811 etenim

235 824 441 871 λογημένων
471 825 570 877 ἐστὶν
597 835 656 856 οτι
687 819 996 868 πρεπωδέστατον
1026 820 1075 855 ἂν
1102 822 1155 864 εἴη
1177 821 1220 856 τὸ
1246 822 1309 855 τοῦ
1327 824 1366 855 15
1380 820 1537 872 praeerit
1556 819 1787 862 multitudini,
1809 819 1968 865 privatos
1988 822 2108 856 autem
2126 830 2201 856 non
2220 829 2355 866 paucos
2374 819 2459 855 Bub-

234 874 438 916 πραίτωρος
468 881 580 912 ονομα
615 868 660 914 τῇ
691 869 753 910 τῆς
782 867 889 913 ἀρχῆς
919 865 1052 910 ταύτης
1083 869 1309 922 προςηγορίᾳ.

234 915 475 959 στρατιωτῶν
497 914 563 957 μὲν
591 911 658 959 γὰρ
688 909 856 959 ἡγήσεται
883 909 1061 954 πλήθους,
1094 910 1242 946 ἰδιώτας
1271 909 1312 945 δὲ

234 958 297 993 οὐκ
329 956 387 993 bit
406 969 464 992 ους
492 956 742 1002 ὑποκειμένους
774 957 860 999 ἔξει,
895 955 946 991 οἷς
976 956 1023 991 τὰ
1053 958 1091 990 ἐκ
1121 958 1200 991 τῶν
1231 954 1310 999 ἠμε-

233 1007 349 1050 τέρων
392 1002 543 1045 ιαιτήσει
560 1002 696 1047 νόμων.
733 1005 793 1036 καὶ
814 999 870 1035 δεῖ
887 1015 928 1049 γε
945 1004 1019 1036 τοῖς
1041 1001 1166 1036 τόποις
1183 998 1311 1048 ἀνδρὸς

1379 867 1492 900 lectos
1516 864 1675 907 habebit,
1706 865 1836 908 quibus
1868 874 1913 900 ex
1941 865 2074 900 nostris
2104 865 2243 911 legibus
2271 864 2458 900 iudicabit.

1379 909 1429 945 Et
1453 913 1557 954 egent
1578 910 1616 944 in
1639 910 1728 945 locis
1759 909 1830 945 illis
1861 909 1937 945 viro
1968 910 2063 947 bono
2095 912 2132 946 et
2161 919 2252 955 quae
2283 908 2401 945 civilia
2423 911 2461 945 et

1380 964 1473 1000 quae
1496 955 1625 990 bellica
1649 957 1745 990 sunt.
1792 955 1885 990 Nam
1909 958 1945 990 et
1967 955 2095 1000 priscis
2123 954 2344 1000 temporibus
2368 963 2460 990 sem·
2488 990 2491 991 γ

1379 1010 1446 1045 per
1468 1000 1581 1045 aliqui
1603 1000 1668 1036 viri
1687 1000 1860 1036 militares
1884 999 1921 1035 in
1940 1000 2103 1036 maximis
2123 999 2353 1045 dignitatibus
2374 1009 2459 1035 con-

233 1048 374 1096 ἀγαθοῦ
405 1046 449 1082 τά
481 1061 522 1082 τε
552 1046 719 1082 πολιτικοὶ
749 1044 796 1081 τά
827 1059 868 1081 τε
891 1045 1064 1091 πολέμια·
1099 1049 1160 1080 καὶ
1179 1045 1247 1094 γὰρ
1272 1047 1311 1079 ἐν
1325 1047 1366 1080 20
1381 1045 1497 1081 stituti
1517 1049 1555 1080 et
1574 1045 1790 1081 exercitibus
1811 1049 2004 1090 praeerant
2022 1049 2058 1081 et
2073 1044 2153 1081 aliis
2171 1044 2335 1081 omnibus
2354 1053 2460 1090 prae-

233 1097 306 1128 τοῖς
340 1093 552 1138 ἔμπροσθεν
585 1092 726 1139 χρόνοις
760 1090 818 1126 ἀεί
849 1103 943 1126 τινες
977 1090 1103 1139 ἄνδρες
1133 1101 1310 1138 στρατιω-

233 1142 324 1172 τικοὶ
359 1139 437 1172 τῶν
468 1140 527 1173 ἐπὶ
557 1141 741 1185 μεγίστων
775 1134 996 1181 ἀξιωμάτων
1026 1135 1126 1171 ὄντες
1161 1137 1240 1170 τῶν
1272 1149 1312 1170 τε

234 1186 344 1217 ἐκεῖσε
379 1180 568 1228 δυνάμεων
603 1183 795 1230 ἐξηγοῦντο
834 1185 907 1217 τοῖς
945 1195 986 1216 τε
1021 1180 1138 1216 ἄλλοις
1172 1178 1311 1216 ἅπασιν

234 1228 425 1283 ἐβοήθουν,
456 1229 492 1283 Ξῖ
521 1231 581 1262 καὶ
614 1227 663 1272 μὴ
693 1228 919 1281 στρατιῶταί
946 1237 1056 1268 τινες,
1093 1225 1239 1261 ἰδιῶται
1272 1224 1312 1260 δὲ

1380 1090 1517 1126 bebant
1538 1090 1722 1134 auxilium,
1746 1090 1830 1125 licet
1853 1100 1925 1126 non
1947 1090 2077 1126 milites
2101 1090 2223 1136 aliqui,
2254 1089 2318 1126 sed
2339 1092 2460 1125 tamen

1381 1136 1512 1180 privati
1548 1139 1681 1171 essent.
1727 1135 1956 1171 lucursiones
1991 1135 2084 1172 enim
2118 1135 2353 1171 barbarorum
2387 1143 2462 1170 non

1381 1180 1552 1216 mediocri
1583 1183 1689 1226 egent
1716 1180 1922 1216 rebellione.
1969 1180 2120 1226 Oportet
2141 1183 2260 1216 autem
2290 1179 2341 1215 eis
2363 1178 2460 1215 dele·

1380 1226 1457 1271 gari
1478 1228 1520 1261 ut
1536 1236 1616 1261 cum
1640 1225 1777 1269 legibus
1795 1225 1867 1270 ipsi
1885 1226 2047 1270 praesint
2066 1225 2253 1269 exercitui,
2275 1227 2460 1269 tamquam

233 1275 428 1329 ἐτυγχανον
454 1284 560 1329 ομως.
607 1272 647 1306 αἱ
675 1286 743 1327 γαρ
772 1270 965 1326 ἐπιδρομαὶ
1001 1273 1080 1306 τῶν
1099 1269 1311 1351 βαρβάρων
1325 1273 1367 1306 25
1381 1271 1494 1306 multa
1518 1271 1566 1306 sit
1590 1270 1788 1307 differentia
1812 1270 2024 1316 disciplinae
2048 1275 2083 1307 et
2105 1270 2234 1306 indisci
2258 1269 2458 1305 filiationis:

233 1331 273 1352 ου
295 1322 439 1365 μετρίας
460 1321 628 1366 χρῃζουσι
650 1329 712 1362 της
731 1315 983 1352 ἀντιστασεως.
1028 1315 1083 1351 δεῖ
1124 1319 1142 1350 ὲ
1160 1330 1206 1351 τα
1222 1314 1307 1350 κατ’

234 1362 362 1398 αὐτοὺς
396 1361 667 1410 ἐπιτετράφθαι
699 1364 753 1406 τῷ
816 1362 880 1396 ετὰ
912 1364 990 1397 τῶν
1025 1361 1152 1407 νόμων
1188 1359 1311 1396 αὐτῶν

234 1407 402 1455 ἡγεῖσθαι
426 1406 624 1452 δυναμένῳ,
655 1406 704 1442 αἱς
727 1421 775 1443 πο
798 1406 819 1441 ὑ
849 1407 891 1441 τὸ
917 1406 1091 1454 διαφέρον
1114 1405 1158 1442 ὃν
1176 1405 1312 1448 τάξεώς

233 1467 273 1487 τε
296 1457 356 1487 καὶ
380 1450 542 1494 ἀταξίας·
579 1457 638 1487 καὶ
661 1449 799 1507 ἅπασιν
824 1454 900 1486 ἐστὶ
925 1453 1084 1499 φανερὸν
1107 1451 1156 1486 ὥς
1178 1451 1221 1486 τὸ
1243 1454 1312 1497 μὲν

1381 1319 1419 1352 et
1437 1317 1603 1352 omnibus
1622 1319 1677 1352 est
1698 1319 1862 1362 apertum
1878 1316 1963 1361 quia
1979 1316 2144 1352 militaris
2163 1315 2223 1361 qui
2249 1325 2304 1350 em
2321 1323 2460 1357 manus,

1380 1361 1412 1398 si
1435 1362 1513 1398 sola
1542 1362 1590 1398 sit
1620 1361 1658 1397 in
1681 1365 1793 1397 semet
1822 1361 1914 1406 ipsa,
1947 1361 2109 1406 asperior
2138 1365 2193 1397 est
2216 1369 2323 1406 quam
2345 1358 2460 1403 decet,

1381 1407 1493 1443 civilis
1516 1411 1646 1450 autem,
1670 1406 1740 1442 nisi
1764 1417 1846 1442 cum
1868 1406 2082 1442 militaribus
2100 1406 2305 1448 misceatur,
2326 1403 2460 1440 medio-

1382 1452 1509 1488 critate
1538 1453 1608 1488 erit
1637 1451 1795 1496 inferior,
1827 1461 1872 1487 ex
1903 1455 2056 1496 utroque
2078 1461 2162 1487 vero
2193 1451 2232 1486 in
2254 1450 2350 1486 idem
2373 1459 2460 1485 con-

234 1498 507 1545 στρατιωτικόν,
531 1500 562 1533 εἰ
583 1498 697 1543 μόνον
722 1500 774 1541 εἰη
798 1501 859 1531 καὶ
882 1497 974 1532 καθ’
1001 1495 1099 1540 αὑτό,
1131 1497 1310 1544 θρασύτε-
1325 1500 1367 1532 30
1379 1498 1517 1540 venire,
1548 1497 1619 1533 hoc
1642 1496 1940 1542 perfectissimum
1969 1501 2006 1533 et
2028 1496 2209 1533 sufficiens
2241 1499 2297 1532 est
2319 1495 2366 1530 ad
2385 1494 2459 1530 bel-

234 1557 299 1589 ρον
322 1546 424 1577 ἔσται
455 1546 518 1578 τοῦ
542 1547 754 1590 πρέποντος,
785 1542 828 1577 τὸ
852 1541 894 1577 δέ
914 1556 955 1590 γε
979 1541 1177 1584 πολιτικόν,
1209 1542 1241 1576 εἰ
1263 1542 1313 1587 μὴ

234 1590 296 1641 τῷ*
306 1590 557 1635 στρατιωτικῷ
574 1592 893 1635 συναναμίγνυται,
911 1586 1193 1635 καταδεέστερον
1208 1589 1312 1622 ἔσται

234 1646 298 1686 του
320 1637 476 1679 μετρίου,
507 1636 549 1669 τὸ
583 1632 622 1668 δὲ
653 1633 886 1688 ἑκατέρωθεν
916 1634 964 1667 εἰς
996 1630 1109 1668 ταύτὸ
1134 1631 1317 1667 συνελθὸν

234 1690 341 1712 τουτο
364 1678 588 1714 τελεώτατόν
611 1692 651 1714 τε
674 1682 734 1713 καὶ
758 1682 930 1725 αυταρκές
953 1680 1031 1713 ἐστι
1053 1681 1112 1712 καὶ
1138 1680 1227 1724 πρὸς
1251 1675 1314 1712 πό-

237 1722 342 1767 λεμόν
365 1737 406 1758 τε
430 1721 516 1769 ὁμοῦ
541 1728 600 1758 καὶ
624 1723 767 1769 εἰρήνην
793 1724 976 1769 ἐξαρκοῦν.

1380 1543 1454 1578 lum
1479 1543 1585 1579 simul
1609 1546 1646 1578 et
1668 1552 1804 1587 pacem.
2270 1562 2273 1564 -

1225 1812 1383 1849 CAPUT
1393 1789 1401 1795 ’
1413 1812 1461 1848 11.

282 1866 417 1904 Οὐκοῦν
433 1872 491 1903 καὶ
510 1868 552 1903 τὰ
571 1870 632 1913 τῆς
646 1867 750 1916 ἀρχῆς
770 1868 900 1913 ταύτης
916 1867 1109 1916 συνήφθω,
1130 1871 1190 1903 καὶ
1206 1872 1310 1917 προεί-

235 1926 290 1948 τω
329 1905 431 1949 οὗτος
451 1911 700 1949 Ἰουστινιανὸς
724 1917 783 1950 ἐπὶ
811 1913 950 1962 Θρᾴκης
981 1914 1181 1950 καλείσθω.
1228 1913 1314 1959 σύμ-

235 1928 326 2003 βολει
356 1957 395 1992 δὲ
419 1956 516 2003 αὐτῷ
547 1958 637 2006 παρ’
663 1958 767 2005 ἡμῶν
794 1961 898 1995 ἔσται
928 1958 1137 1995 κωδίκιλλοί
1164 1973 1204 1994 τε
1236 1973 1311 2005 φοι·

235 2004 370 2038 τῶντες
393 2004 566 2039 ἐντεῦθεν
588 2004 679 2039 κατὰ
702 2005 745 2039 τὸ
776 2006 854 2039 τῶν
878 2005 1018 2041 λοιπῶν
1042 2004 1313 2049 σπεκταβιλίων

1430 1869 1483 1904 Er
1506 1880 1526 1904 o
1549 1872 1585 1904 et
1600 1869 1691 1905 haec
1711 1867 1971 1904 administratio
1993 1867 2242 1913 coniungatur,
2262 1869 2299 1904 et
2315 1869 2462 1912 praetor

1383 1914 1452 1950 iste
1494 1914 1693 1950 ustinianus
1716 1914 1755 1950 in
1777 1913 1935 1950 Thracia
1956 1917 2115 1958 vocetur,
2144 1912 2261 1949 honor
2285 1914 2405 1948 autem
2428 1910 2462 1947 ei

1381 1969 1403 1995 a
1437 1959 1541 1995 nobis
1577 1959 1645 1995 erit
1681 1959 1836 1995 codicilli
1870 1957 2106 2005 procedentes
2146 1957 2229 1993 hinc
2267 1956 2463 1994 secundum

1381 2004 1600 2051 reliquorum
1635 2004 1882 2050 spectabilium
1917 2003 2074 2039 iudicum
2107 2002 2256 2048 figuram
2287 2005 2325 2038 et
2355 2010 2464 2048 quae-

234 2096 257 2129 1
324 2094 452 2129 horum
486 2105 570 2130 vero
606 2105 791 2130 murorum
829 2095 994 2130 custodia
1029 2100 1066 2131 et
1099 2095 1247 2130 illorum
1282 2094 1446 2130 locorum
1481 2094 1751 2130 administratio
1790 2097 1826 2129 et
1860 2092 2053 2139 disciplina
2091 2096 2128 2128 et
2162 2091 2320 2128 militare
2352 2091 2464 2138 impe-

235 2139 330 2182 rium
354 2139 431 2174 viro
455 2139 579 2185 aliquo
605 2139 700 2175 bono
725 2139 863 2186 indiqet
886 2141 1019 2186 quique
1043 2139 1093 2175 ad
1115 2143 1309 2185 utrumque
1332 2139 1484 2175 idoneus
1506 2139 1557 2175 sit
1580 2143 1653 2174 tam
1677 2138 1727 2174 ad
1748 2138 1879 2174 milites
1906 2136 2141 2173 instruendos
2163 2147 2271 2183 quam
2295 2135 2346 2172 ad
2366 2136 2465 2183 leqes

231 2195 305 2230 pro
334 2183 505 2219 onendas.
563 2183 670 2227 Quod
697 2185 812 2230 iqitur
843 2196 973 2221 nomen
1005 2184 1089 2220 huic
1119 2185 1334 2220 conveniens
1365 2195 1415 2220 ex
1445 2184 1665 2236 antiquitate
1687 2182 1897 2230 ponamus?
1933 2186 1999 2217 aut
2028 2181 2172 2228 qualem
2202 2179 2373 2228 eliqentes
2397 2191 2464 2228 ap-

230 2229 296 2275 pel
310 2229 467 2264 ationem
487 2233 611 2275 aptam
635 2229 668 2264 ei
690 2230 753 2275 qui
773 2230 1025 2276 maqistratum
1049 2229 1145 2265 bunc
1168 2234 1339 2276 gesturus
1361 2229 1421 2272 sit,
1445 2229 1676 2275 efficiamus?
1710 2230 1767 2263 An
1790 2238 1866 2263 non
1915 2238 1957 2263 er
1978 2237 2018 2262 se
2040 2226 2275 2279 manifestum
2296 2230 2353 2262 est
2368 2225 2465 2262 hunc

237 2285 309 2319 quo
337 2284 380 2308 ue
400 2279 608 2320 praetorem
632 2274 888 2310 nominandum
909 2286 986 2311 esse
1009 2275 1123 2310 ascito
1141 2274 1295 2321 pietatis
1317 2279 1465 2310 nostrae
1488 2273 1712 2320 cognomine,
1744 2283 1873 2319 querna
1899 2271 2043 2308 modum
2066 2270 2231 2307 Pisidiae
2245 2281 2344 2318 prae
2363 2274 2465 2307 ectus

237 2322 271 2353 et
325 2319 501 2364 ycaoniae
524 2323 646 2354 rector
669 2331 692 2354 a
715 2319 819 2354 nobis
848 2323 884 2356 et
913 2321 1121 2355 nominatus
1153 2323 1190 2355 et
1218 2320 1344 2365 factus
1368 2320 1447 2355 est?
1492 2318 1588 2354 Nam
1611 2317 1789 2364 siquidem
1812 2317 2061 2354 Romanorum
2085 2319 2244 2364 praetor
2274 2315 2332 2352 bel
2350 2315 2358 2323 '
2385 2314 2465 2352 dua:

236 2364 343 2398 simul
364 2368 400 2398 et
422 2363 611 2410 leqislator
642 2363 737 2399 hunc
765 2364 803 2398 in
833 2375 900 2400 suo
929 2365 1148 2411 magistratu
1178 2364 1295 2400 locum
1321 2363 1445 2407 tenuit,
1479 2364 1518 2399 in
1548 2363 1720 2409 confesso
1752 2367 1807 2399 est
1835 2362 2022 2409 praetoris
2054 2372 2184 2397 nomen
2214 2360 2321 2397 huius
2351 2361 2464 2407 maqi·

237 2413 375 2443 stratus
398 2408 638 2455 appellationi
668 2410 828 2445 maxime
858 2410 1056 2446 convenire.
1115 2409 1271 2445 Militum
1296 2409 1390 2444 enim
1421 2409 1538 2456 copiis
1565 2408 1742 2455 praeerit,

1801 2408 1941 2443 rivatos
1965 2411 2085 2451 autem
2108 2417 2183 2443 non
2198 2415 2355 2454 paucos,
2370 2405 2464 2487 ‘lqui-

2390 2461 2465 2486 mm

238 2453 304 2488 bus
326 2463 375 2488 ex
397 2454 533 2488 nostris
557 2453 693 2500 leqibus
716 2454 773 2489 ius
796 2454 938 2497 reddat,
970 2455 1149 2490 subiectos
1172 2453 1325 2490 habebit.
1385 2455 1439 2490 Ac
1460 2454 1637 2501 profecto
1669 2452 1742 2488 illis
1787 2453 1862 2488 ocis
1893 2463 1987 2499 opus
2015 2455 2072 2488 est
2100 2451 2179 2488 viro
2212 2455 2285 2487 tam
2309 2451 2376 2487 cim

239 2508 347 2549 quam
370 2498 578 2532 militarium
600 2509 720 2533 rerum
742 2500 882 2545 perito:
912 2500 1040 2535 etenim
1058 2500 1165 2535 etiam
1183 2499 1376 2545 prioribus
1400 2498 1621 2546 temporibus
1643 2508 1785 2545 semper
1808 2497 1877 2534 viri
1899 2496 2047 2543 quidam
2066 2496 2242 2532 militares
2265 2506 2315 2532 ex
2336 2495 2383 2531 iis

239 2553 277 2576 m
296 2543 441 2593 summis
457 2543 694 2589 diqnitatibus
709 2548 815 2579 erant
834 2548 871 2579 et
889 2545 1005 2590 copiis
1028 2544 1180 2579 militum
1200 2544 1252 2579 ibi
1265 2550 1470 2591 praeerant
1491 2547 1528 2580 et
1545 2543 1698 2589 reliquis
1718 2542 1881 2579 omnibus
1898 2547 2052 2596 praesto
2073 2546 2190 2584 erant,
2215 2541 2299 2577 licet
2317 2541 2381 2594 qui

240 2597 314 2621 non
337 2587 477 2629 milites,
507 2587 572 2622 sed
587 2588 711 2634 potius
736 2589 850 2634 toqati
874 2593 1001 2625 essent.
1055 2589 1310 2625 Barbarorum
1340 2590 1433 2625 enim
1467 2589 1674 2625 invasiones
1704 2599 1780 2623 non
1811 2587 1985 2623 mediocri
2014 2586 2180 2634 indigent
2207 2585 2243 2623 vi
2264 2584 2464 2623 res-ascendi.

244 2629 396 2682 Oportet
415 2635 542 2682 ‘autem
571 2643 664 2678 quae
695 2632 745 2668 ad
774 2644 837 2668 eos
860 2635 1049 2679 pertinent
1079 2634 1111 2670 ei
1142 2634 1316 2670 committi
1347 2634 1410 2680 qui
1439 2645 1519 2670 cum
1549 2633 1688 2680 legibus
1719 2633 1901 2680 imperare
1931 2632 2006 2668 illis
2031 2632 2165 2680 possit,
2203 2641 2284 2666 cum
2313 2629 2464 2667 multum

241 2679 384 2728 intersit
408 2680 503 2711 mter
535 2676 694 2712 ordinem
728 2682 763 2713 et
783 2678 1113 2723 perturbationem:
1150 2683 1259 2724 atque
1285 2679 1381 2714 inter
1414 2689 1536 2715 omnes
1566 2682 1711 2714 constat
1741 2689 1817 2714 rem
1847 2677 2053 2720 militarem,
2085 2677 2119 2713 si
2139 2687 2209 2724 per
2237 2686 2277 2712 se
2302 2674 2382 2712 sola
2403 2674 2463 2718 sit,

242 2719 472 2755 audaciorem
495 2731 571 2756 esse
590 2732 697 2767 quam
718 2721 827 2764 decet,
851 2734 926 2758 rem
947 2727 1065 2759 autem
1089 2723 1239 2766 civilem,
1264 2724 1336 2759 nisi
1359 2735 1439 2760 cum
1462 2724 1615 2760 militari
1638 2723 1746 2759 simul
1768 2723 1972 2765 misceatur,
1996 2723 2035 2758 in
2063 2722 2233 2758 rmiorem
2255 2731 2334 2757 csse
2355 2729 2465 2768 quam

239 2776 313 2811 par
334 2768 398 2807 est,
427 2769 617 2811 utramque
640 2777 724 2802 vero
747 2768 786 2802 in
809 2766 901 2802 idem
925 2768 1154 2803 coniunctam
1179 2773 1214 2803 et
1233 2769 1540 2815 perfectissimam
1564 2773 1600 2805 et
1622 2768 1790 2805 idoneam
1818 2778 1896 2804 esse
1928 2771 2013 2803 eta
2061 2766 2192 2803 bellum
2220 2765 2331 2802 simul
2357 2768 2467 2812 atque

236 2820 366 2856 pacem
388 2809 637 2855 sufficientem.

314 2899 321 2907 ·
376 2854 422 2889 11.
478 2852 608 2906 Itaque
638 2854 726 2890 liaeo
756 2866 900 2902 quoque
927 2860 1095 2904 potestas
1130 2858 1324 2893 coniuncta
1351 2859 1412 2900 sit,
1447 2863 1484 2895 et
1508 2862 1665 2906 praetor
1699 2858 1758 2894 hic
1791 2856 2022 2894 lastinianus
2051 2857 2091 2892 in
2119 2855 2277 2892 Thracia
2306 2858 2462 2893 nocetne.

243 2899 409 2946 Inszqnia
439 2910 523 2935 vero
556 2910 587 2934 et
619 2911 643 2934 a
672 2900 775 2935 nobis
805 2905 913 2937 erunt
942 2906 978 2937 et
1008 2902 1165 2938 codicilli
1195 2901 1279 2938 binc
1309 2903 1397 2939 editi
1427 2904 1623 2940 secundum
1653 2903 1809 2951 speciem
1840 2906 2041 2940 ceterorum
2071 2900 2321 2948 spectabilium
2351 2899 2465 2947 maffi—

297 2994 312 3026 1
339 2988 373 3033 ἡ]
397 2989 429 3023 εἰ
454 2991 483 3024 L
529 2989 663 3032 τοιχῶν
682 2991 730 3023 L¹
748 2989 797 3034 116
818 2991 948 3025 τοῦτον
971 2991 1017 3025 13¹
1036 2992 1048 3035 11
1066 2994 1085 3026 8
1110 2990 1142 3034 ἢ]
1164 3003 1207 3025 an
1228 2996 1316 3026 certe

242 3038 313 3078 (i.e.
327 3032 448 3089 54762)
461 3047 479 3072 ς
529 3037 568 3069 10
581 3048 628 3078 sq.
644 3037 687 3078 ef.
703 3048 772 3069 nov.
786 3037 929 3069 XXIV.
946 3036 1085 3080 XXVII
1106 3039 1143 3071 11
1171 3036 1316 3083 ἔξαρχος

243 3078 298 3115 ὢν
317 3083 385 3123 (ων
408 3081 470 3122 L1)
494 3080 526 3113 L
547 3080 560 3123 11
588 3081 628 3113 13
652 3081 712 3113 καὶ
735 3080 954 3123 ονομοθέτης
977 3081 1009 3113 L
1024 3080 1037 3124 11
1065 3083 1104 3115 14
1128 3078 1233 3127 ἀρχῆς
1256 3095 1314 3115 om.

243 3124 387 3170 Ε11τὴν
410 3125 570 3167 om.M³⁸ss
592 3126 630 3159 15
655 3123 696 3158 τὸ
720 3125 783 3157 τοῦ
808 3125 851 3165 L]
875 3126 938 3157 τοῦ
963 3126 1107 3168 ονη.Μ11
1138 3129 1175 3159 19
1201 3124 1256 3159 δεῖ
1300 3139 1317 3159 ε

242 3174 316 3206 τοῖς
335 3168 482 3218 τρόποις
504 3170 549 3203 Μ
573 3166 687 3203 δεῖται
709 3170 748 3201 έν
768 3171 842 3202 τοῖς
858 3167 982 3202 τόποις
1002 3170 1081 3211 L(;)
1147 3173 1189 3204 20
1215 3139 1315 3204 nole-

242 3213 329 3261 μικά
349 3216 544 3250 Haloander
566 3228 628 3248 non
652 3222 734 3247 recte
760 3213 772 3257 11
794 3215 835 3247 23
861 3214 971 3246 ἐκεῖσε
996 3227 1053 3247 om.
1068 3226 1086 3250 ς
1111 3217 1116 3258 1
1142 3217 1182 3249 25
1208 3210 1314 3258 ὅμως]

243 3260 342 3295 ὄντες
356 3262 436 3295 coni.
446 3261 633 3294 Zachariae
651 3259 663 3303 11
680 3261 719 3293 27
735 3259 823 3299 τῶν]
837 3258 890 3291 τῶ
906 3259 951 3291 L¹
968 3259 979 3300 11
1000 3261 1040 3292 28
1058 3256 1245 3302 δυναμένω
1260 3261 1316 3301 M]

244 3305 426 3350 δυνάμεως
447 3305 494 3339 L¹
518 3301 708 3347 δυνάμεων
729 3305 841 3336 addito
861 3303 938 3335 τῶν
958 3311 1031 3336 ante
1050 3300 1172 3337 αὐτῶν
1191 3304 1271 3342 Εῗίς
1305 3307 1316 3348 11

244 3355 285 3386 30
311 3347 393 3384 κατ’
421 3346 507 3384 αὗτᾶ
533 3351 563 3383 L
586 3350 598 3393 ΙΙ
625 3351 668 3383 32
693 3348 755 3382 τοῦ
778 3347 1038 3393 στρατιωτικοῦ
1063 3349 1106 3380 L·
1133 3347 1146 3392 11
1169 3347 1260 3381 κατὰ
1287 3361 1315 3380 ε-

244 3398 366 3442 ἔτερον
387 3396 434 3430 L¹
457 3395 470 3440 11
498 3396 541 3429 33
566 3391 759 3435 συνελθὸν]
784 3393 960 3426 convenire
985 3404 1003 3428 ς
1020 3392 1032 3435 11
1059 3394 1101 3426 34
1124 3392 1231 3425 τοῦτο
1259 3395 1297 3425 Μ
1304 3396 1314 3434 ]

243 3442 373 3475 τοῦτον
393 3441 439 3474 L¹
465 3436 609 3474 τούτων
626 3439 699 3484 L¹fl
716 3439 820 3472 ἔσται
838 3438 1032 3471 Haloander
1050 3436 1062 3480 11
1079 3439 1120 3471 35
1145 3437 1315 3482 ἐξαρκοῦν

244 3500 302 3520 om.
317 3498 336 3523 ς·
361 3486 373 3530 11
397 3487 439 3520 36
451 3499 499 3529 sq.
525 3482 662 3519 Οὗκοῦν
686 3502 729 3509 -
750 3481 947 3523 καλείσθω]
979 3479 1203 3525 Συνοίδαμεν
1226 3485 1315 3525 μίαν

244 3528 355 3577 ἀρχὴν
378 3532 437 3565 ἐπὶ
461 3530 521 3584 τῆς
544 3527 682 3575 Θρᾴκης
704 3527 978 3575 ἐγκαταστῆσαι,
1006 3528 1067 3559 καὶ
1091 3525 1156 3560 τὸν
1178 3524 1314 3569 ταύτην

244 3578 374 3617 ἔχοντα
396 3573 462 3617 τὴν
482 3573 594 3619 αρχὴν
611 3576 801 3620 πραίτωρα
819 3569 1076 3606 Ἰουστινιανὸν
1095 3572 1154 3605 ἐπὶ
1178 3569 1315 3617 Θρᾴκης

244 3619 446 3660 καλεῖσθαι,
472 3620 706 3662 καθῆσθαι
731 3616 776 3652 δὲ
797 3615 930 3651 αὐτὸν
950 3618 1022 3651 ἐπὶ
1042 3616 1116 3649 τοῦ
1134 3616 1313 3660 Μακροῦ

251 3669 431 3707 Τείχους
455 3666 491 3698 Β
516 3667 570 3709 (ch
593 3666 730 3704 Theod.;
756 3665 844 3705 Aila„
868 3664 926 3697 ubi
947 3663 1005 3706 ley-
1030 3661 1078 3695 εἰς
1101 3658 1142 3695 τὸ
1163 3658 1314 3705 Μακρὸν

1386 2994 1534 3036 (ἔκτομα
1546 2996 1631 3036 cod.)
1644 2989 1932 3048 ἀναγκαζόμενος
1947 2991 2177 3035 καθέζεσθαι
2195 2993 2323 3034 Τεῖχος)
2368 2991 2412 3026 38
2423 3001 2466 3025 τε
2528 3002 2532 3003 ’
2545 2999 2547 3002 “

2384 3034 2467 3080 B!

1385 3050 1444 3070 om.
1468 3038 1505 3071 B
1534 3037 1547 3082 11
1573 3041 1616 3073 39
1639 3044 1733 3073 κατα
1756 3037 1799 3073 τὸ
1825 3040 2034 3080 Haloander]
2063 3034 2156 3072 κατά
2178 3049 2218 3071 τε
2241 3034 2284 3070 τὸ

1385 3081 1640 3126 περιβλέπτων
1666 3085 1702 3118 Β

1434 3219 1446 3250 1
1475 3217 1640 3251 custodiat
1662 3218 1750 3252 circa
1772 3217 1829 3262 1711
1854 3220 1874 3252 2
1899 3219 1932 3251 et
1956 3218 2033 3251 add.
2047 3216 2133 3261 vuly.
2149 3215 2163 3260 fl
2181 3217 2201 3251 3
2225 3215 2313 3248 bona
2332 3212 2387 3259 V!
2405 3213 2464 3257 qui

1385 3261 1437 3301 ad]
1462 3262 1544 3303 quid
1565 3263 1599 3295 V
1622 3264 1702 3305 quia
1727 3263 1793 3306 Τ111
1816 3266 2018 3306 oportunum
2039 3262 2070 3295 V
2090 3262 2103 3305 11
2127 3264 2146 3296 5
2171 3260 2332 3294 donamus
2355 3260 2432 3294 libri
2450 3257 2465 3305 Ι

1386 3308 1405 3337 (i
1430 3305 1528 3347 quale
1551 3306 1605 3351 1711
1625 3308 1887 3350 appellationum
1909 3308 1988 3342 Val.
2005 3305 2019 3352 11
2038 3308 2056 3340 '¹1
2081 3306 2190 3349 ipsum
2205 3306 2237 3339 T
2250 3304 2264 3350 11
2279 3306 2300 3340 9
2323 3303 2464 3348 accipies

1393 3350 1451 3393 Vn
1470 3351 1509 3383 12
1530 3351 1649 3384 habeat
1671 3352 1726 3397 Vn
1747 3354 1787 3387 13
1811 3353 2069 3386 decentesimum
2092 3351 2146 3394 Vu
2175 3352 2216 3385 14
2239 3348 2462 3394 appellatione

1387 3394 1418 3427 Τ
1438 3394 1700 3436 appellationum
1728 3396 1793 3442 Vss
1825 3399 1866 3431 15
1890 3397 2046 3440 probatos
2077 3396 2160 3430 Val.
2189 3395 2203 3439 11
2233 3396 2274 3429 16
2297 3392 2463 3428 iudicauit

1386 3439 1462 3471 libri
1475 3438 1488 3482 11
1519 3442 1557 3472 17
1583 3444 1681 3482 egent
1703 3442 1752 3482 in]
1778 3444 1927 3483 egentem
1956 3441 2046 3485 VT}
2079 3440 2156 3474 illos
2188 3438 2298 3484 Vati!
2328 3440 2371 3473 22
2394 3446 2462 3472 eno

1392 3482 1448 3525 Vn
1465 3483 1686 3518 incursionem
1710 3487 1762 3519 V⁰
1778 3485 1791 3529 11
1809 3488 1851 3520 23
1871 3486 2014 3527 delegati
2063 3487 2106 3519 al.
2125 3484 2138 3530 11
2156 3486 2198 3520 24
2219 3484 2295 3525 *utl
2313 3485 2346 3518 et
2364 3483 2441 3517 libri

1384 3531 1539 3569 praesunt
1563 3531 1710 3563 exercitu
1738 3531 1793 3574 Vss
1822 3532 1864 3564 25
1888 3531 2065 3573 disciplina
2092 3530 2154 3574 Vfl
2182 3531 2225 3564 27
2249 3530 2355 3572 ipsam
2386 3527 2418 3562 V

1383 3572 1528 3614 asperior
1547 3576 1605 3614 est]
1633 3575 1815 3617 asperiores
1834 3575 1918 3613 libri,
1946 3575 2093 3617 asperior
2114 3575 2177 3607 erit
2197 3575 2282 3618 vulq.
2302 3572 2314 3617 11
2331 3574 2372 3607 29
2395 3571 2443 3605 eri

1385 3618 1525 3694 effi-Vll?
1534 3620 1731 3651 conveniens
1744 3620 1838 3652 Beck
1857 3621 1868 3661 11
1892 3621 1934 3653 36
1960 3621 2049 3661 ergo]
2075 3630 2155 3661 rogo
2177 3619 2256 3653 Vae.
2273 3618 2286 3662 11
2305 3619 2348 3652 38
2369 3615 2458 3650 eodi-

1384 3671 1400 3693 c
1443 3671 1470 3693 is
