2476 3854
143 93 253 140 Nov.
279 94 434 141 cxvn
463 100 501 142 6.
534 101 559 141 7

1212 94 1297 143 556

1703 113 1765 146 ’ΠΤ
1783 113 1949 146 LIGEAT
1977 112 2118 146 MATRI
2145 115 2204 147 m·
2231 113 2371 149 AVIAE

142 221 220 243 των
249 209 327 244 τῶν
349 207 473 243 ἄλλων
496 207 673 252 θεμάτων
695 210 773 243 τῶν
800 209 850 253 μὴ
875 213 1139 256 περιεχομένων
1169 212 1223 254 τῷ
1296 210 1521 246 continentur
1543 212 1723 256 praesenti
1745 212 1840 256 lege,
1871 212 2055 264 propriam
2074 213 2206 250 habeat
2228 214 2369 251 fortitu-

143 252 301 300 παρόντι
331 253 434 297 νόμῳ
463 253 532 296 τὴν
562 251 660 287 ἰδίαν
688 255 781 296 ἔχειν
806 254 917 297 ἰσχύν.
964 256 1032 290 τὸν
1056 253 1096 289 δὲ
1119 258 1221 290 Κων-

143 302 336 333 σταντίνου
366 300 431 332 τοῦ
463 300 524 341 τῆς
547 295 713 343 εὐσεβοῦς
745 298 874 342 λήξεως
905 301 1019 345 νόμον
1045 299 1113 335 τὸν
1135 301 1223 346 πρὸς

143 344 341 400 Γρηγόριον
363 346 618 397 γεγραμμένον,
643 347 702 377 καὶ
725 344 793 387 τὴν
818 341 879 379 ἐπ’
900 343 999 389 αὐτῷ
1022 348 1218 393 γενομένην

1292 256 1422 292 dinem.
1470 256 1695 292 Constantini
1726 267 1808 293 vero
1844 268 1924 303 piae
1954 258 2144 294 memoriae
2178 259 2291 304 legem
2323 258 2371 295 ad

1292 301 1501 345 Gregorium
1527 302 1698 347 scriptam
1728 304 1765 338 et
1795 312 1904 348 super
1928 312 2007 338 eam
2037 303 2170 339 factam
2196 304 2369 350 interpre-

1292 346 1463 381 tationem
1486 356 1509 381 a
1531 344 1719 383 Marciano
1743 347 1824 393 piae
1845 348 2054 392 memoriae,
2079 358 2144 394 per
2164 358 2270 393 quam
2291 359 2370 386 mu·

142 392 334 444 ερμητῖιείαν
364 401 435 422 vno
461 391 676 432 Μαρκιανοῦ
707 391 772 423 τοῦ
805 390 867 433 τῆς
897 387 1061 445 edoceo&
1085 388 1226 434 λήξεως,
1262 391 1419 426 5lierum
1451 391 1728 435 coniunctiones,
1759 403 1848 437 quas
1877 392 2101 428 Constantini
2131 393 2189 429 lex
2211 394 2370 431 abiectas

143 431 179 467 δι
225 447 279 467 ων
311 433 349 467 αἱ
379 435 456 467 τῶν
485 435 671 480 γυναικῶν
701 435 883 481 συζυγίαι,
914 433 957 470 ἃς
980 449 1000 470 ο
1026 439 1224 471 Κωνσταν-

143 482 243 513 τίνου
274 478 380 521 νόμος
412 476 561 512 εὐτελεῖς
595 477 770 519 ἐκάλεσεν,
802 481 891 524 πρός
914 493 1015 516 τινας
1045 477 1224 526 ἀξιώμασι

143 526 420 567 κεκοσμημένους
454 523 675 566 κωλύονται,
717 521 837 558 οὗδενὶ
874 526 1060 561 παντελῶς
1094 527 1222 572 τρόπῳ

142 571 286 612 κρατεῖν
316 570 579 615 συγχωροῦμεν,
615 565 696 603 ἀλλ’
729 567 857 604 ἄδειαν
894 574 966 605 τοῖς
997 570 1224 616 βουλομένοις

1293 436 1442 480 vocavit,
1465 436 1512 472 ad
1532 436 1704 482 quosdam
1721 437 1950 483 dignitatibus
1970 437 2157 474 decoratos
2178 437 2369 484 prohiben-

1292 484 1363 525 tur,
1394 481 1493 516 nullo
1517 482 1658 526 penitus
1689 483 1793 519 modo
1817 483 1934 518 valere
1958 484 2210 528 permittimus,
2241 483 2306 519 sed
2327 483 2371 520 li-

1292 526 1446 561 centiam
1462 526 1661 563 volentibus
1678 529 1901 573 praebemus,
1918 528 1987 563 etsi
2000 529 2219 574 quibuslibet
2233 529 2371 574 magnis

1292 571 1521 615 dignitatibus
1546 573 1768 617 decorentur,
1792 573 1995 609 huiusmodi
2018 573 2181 609 mulieres
2206 584 2287 611 cum
2307 573 2371 610 do-

142 616 354 658 παρέχομεν,
387 628 416 647 ει
441 617 498 647 καὶ
525 612 747 657 οἱοιςδήποτε
770 614 936 661 μεγάλοις
960 614 1141 661 ἀξιώμασι
1166 629 1222 650 κο·
1239 620 1278 651 10
1291 616 1423 653 talibus
1447 616 1690 653 instrumentis
1722 618 1862 654 sibimet
1894 619 2074 664 copulare.
2123 618 2265 665 Reliqui
2287 629 2370 656 vero

143 662 301 701 σμοῖντο,
333 658 397 693 τὰς
420 658 589 693 τοιαύτας
618 662 788 706 γυναῖκας
809 661 900 702 μετὰ
923 663 1117 707 προικιρων
1136 673 1220 706 συμ-

142 702 303 747 βολαίων
332 704 468 738 ἑαυτοῖς
498 702 707 739 συνάπτειν.
755 705 790 739 οἱ
813 703 852 739 δὲ
876 704 994 742 λοιποὶ
1021 705 1119 752 παρὰ
1141 706 1222 741 τοὺς

142 751 214 782 τοῖς
235 747 399 794 μεγάλοις
432 747 612 793 ἀξιώμασι
637 754 917 795 κεκοσμημένους
945 750 1071 786 ἄδειαν
1096 754 1221 794 ἐχέτω-

142 805 211 827 σαν
233 794 295 828 τὰς
317 793 485 828 τοιαύτας
509 798 676 840 γυναῖκας
699 794 910 839 λαμβάνειν,
945 797 1015 831 εἴτε
1038 797 1143 844 ἐγγρά
1177 809 1223 831 ως

141 837 355 893 βουληθεῖεν
375 839 445 874 εἴτε
460 853 554 887 μονῃ
572 838 738 884 διαθέσει
752 839 878 887 γάμου.
899 842 930 875 εἰ
944 845 1108 888 μέντοιγε
1126 844 1144 875 ἐ
1166 840 1222 875 εύ-
1239 844 1277 877 15

146 884 251 931 θεραι
275 885 400 928 εἰησαν
423 888 483 918 καὶ
505 881 599 929 μεθ’
618 886 672 919 ὠν
688 886 806 927 ἔξεστι
829 885 946 932 γάμον
964 888 1222 922 ἐπιτελεῖσθαι.

1292 663 1384 697 citra
1419 672 1479 698 eos
1517 661 1577 706 qui
1606 662 1800 699 maioribus
1836 663 1871 699 di
1896 664 2067 700 nitatibus
2098 663 2257 700 decorati
2286 666 2372 701 sunt

1291 707 1469 742 licentiam
1489 707 1673 743 habebunt
1692 708 1857 744 huiusmo
1883 709 1895 744 i
1913 709 2079 745 mulieres
2097 709 2273 755 accipere,
2297 709 2370 746 sive
2409 711 2411 713 ’

1292 752 1424 804 scripto
1450 751 1624 806 voluerint
1647 753 1720 789 sive
1745 754 1820 807 solo
1843 753 1974 807 affectu
1997 754 2167 808 nuptiali,
2191 754 2222 791 si
2248 756 2369 791 tamen

1291 797 1425 833 l1berae
1448 801 1520 834 smt
1543 800 1580 833 et
1600 808 1681 834 cum
1704 799 1833 844 quibus
1856 799 1942 835 hcet
1964 804 2108 846 nupt1as
2133 799 2323 837 celebrare.

1125 999 1280 1036 CAPUT
1305 999 1385 1035 VII.

209 1062 364 1099 Κάκεῖνο
396 1063 435 1099 δὲ
467 1064 695 1100 διατυπῶσαι
725 1065 946 1111 συνείδομεν,
979 1068 1039 1102 ἴνα
1070 1068 1106 1102 εἴ
1131 1080 1221 1102 ποτε

141 1110 209 1144 τὸν
231 1110 366 1154 μεταξὺ
390 1108 522 1156 ἀνδρὸς
545 1114 605 1145 καὶ
624 1112 791 1158 γυναικὸς
813 1111 931 1159 γάμον
955 1111 1113 1155 λυθῆναι
1137 1124 1179 1146 συ
1207 1133 1221 1139 -

140 1159 239 1200 βαίη,
271 1156 306 1189 οἱ
334 1158 372 1189 ἐκ
396 1158 460 1190 τοῦ
493 1154 654 1190 τοιούτου
684 1156 798 1203 γάμου
829 1158 1067 1204 γεννηθέντες
1098 1126 1223 1192 naifit-

1176 1252 1221 1282 εί-

1354 1068 1449 1104 Illud
1472 1077 1613 1114 quoque
1645 1067 1904 1114 disponendum
1936 1079 2015 1106 esse
2028 1070 2300 1115 perspeximus,
2329 1071 2371 1107 ut

1291 1113 1321 1149 si
1353 1113 1494 1167 quaudo
1530 1113 1820 1167 inter-maritum
1856 1115 1893 1150 et
1917 1124 2073 1169 ‘uxor-em
2106 1115 2251 1170 nuptias
2281 1115 2371 1152 solvi

1291 1162 1489 1203 contigerit,
1514 1169 1559 1193 ex
1581 1158 1781 1195 hu1usmod1
1806 1160 2064 1205 <matr1mon10>
2087 1163 2163 1196 nati
2185 1160 2249 1196 filu
2272 1160 2369 1197 nullo

140 1199 266 1244 μηδενὶ
295 1198 424 1254 τρόπῳΧ
451 1201 641 1256 βλαβῶσιν
673 1205 712 1236 ἐκ
744 1204 806 1245 τῆς
838 1201 1051 1245 ὃιαζεὺξεως
1073 1205 1137 1237 τοῦ
1154 1203 1222 1284 {02-
1236 1205 1277 1238 20
1290 1204 1394 1239 modo
1424 1202 1614 1240 laedantur
1644 1214 1689 1239 ex
1719 1206 1944 1249 separatione
1972 1205 2196 1252 nuptiarum,
2232 1204 2295 1242 sed
2323 1204 2371 1242 ad

139 1260 218 1290 μου,
243 1243 333 1279 ἀλλὰ
359 1257 448 1290 προς
478 1260 547 1290 την
571 1248 648 1280 τῶν
670 1250 809 1294 γονέων
838 1247 1076 1292 κληρονομίαν
1106 1262 1150 1282 κα

141 1292 299 1326 σθωσαν
331 1293 368 1325 ἐκ
401 1293 462 1335 τῆς
492 1293 556 1326 τοῦ
581 1292 718 1337 πατρὸς
749 1289 871 1327 οὐσίας
898 1291 1222 1340 ἀναμφιςβητήτως

140 1334 435 1383 ἆποτρεφόμενοι.
484 1340 544 1371 καὶ
573 1337 603 1371 εἰ
632 1339 700 1381 μὲν
731 1335 750 1371 ὁ
783 1338 903 1384 πατὴρ
934 1339 1002 1382 τὴν
1034 1337 1222 1384 πρόφασιν

140 1384 203 1428 τῆς
219 1379 431 1424 §tage-igme
455 1385 609 1437 παρέσχε
633 1386 693 1416 καὶ
715 1380 736 1426 ἦ
754 1383 872 1429 μήτηρ
896 1385 942 1418 εἰς
967 1382 1134 1430 δεύτερον
1157 1381 1220 1418 οὐκ

1290 1252 1477 1295 parentum
1501 1248 1733 1285 hereditatem
1756 1254 1927 1286 vocentur
1957 1260 2000 1286 ex
2023 1250 2137 1296 patris
2169 1251 2370 1288 substantia

1290 1295 1532 1330 indubitanter
1556 1294 1683 1330 alendi.
1731 1294 1781 1329 Et
1804 1295 1835 1330 si
1857 1295 1995 1340 quidem
2019 1299 2123 1342 pater
2145 1296 2370 1332 occasionem

1290 1340 1526 1385 separationis
1546 1340 1717 1384 praebeat
1736 1342 1773 1376 et
1787 1344 1902 1376 mater
1922 1340 1968 1376 ad
1986 1341 2164 1377 secundas
2187 1352 2259 1378 non
2275 1340 2370 1378 venit

1289 1385 1452 1430 nuptias,
1492 1385 1588 1430 apud
1624 1388 1775 1422 matrem
1813 1386 2016 1422 nutriantur
2054 1396 2231 1440 expensas
2266 1387 2370 1432 patre

138 1428 232 1471 ἦλθε
254 1426 380 1481 γάμρν,
405 1440 505 1472 παρα
530 1442 574 1474 τῃ
593 1431 701 1473 μητρὶ
726 1429 944 1484 τρέφεσθαι,
968 1429 1032 1463 τὰς
1056 1427 1221 1464 δαπάνας
1234 1431 1276 1464 25
1290 1431 1503 1475 praebente3
1548 1430 1579 1465 Si
1614 1440 1695 1467 vero
1732 1441 1796 1477 per
1831 1442 1976 1467 causam
2010 1434 2135 1467 matrls
2169 1430 2370 1468 ostenditur

140 1474 203 1507 τοῦ
221 1484 358 1518 πατρός
383 1476 610 1519 παρέχοντος,
632 1474 662 1507 εἰ
685 1471 725 1507 δὲ
748 1488 823 1520 παρ
859 1475 980 1508 αἰτίαν
1004 1475 1067 1518 τῆς
1087 1473 1221 1521 μητρὸς

140 1517 320 1552 δείκνυται
346 1517 521 1552 λελύσθαι
550 1518 617 1552 τὸν
640 1517 768 1564 γάμον,
798 1517 881 1553 τότε
906 1519 1006 1564 παρὰ
1029 1521 1084 1563 τῷ
1108 1534 1183 1555 πατ
1207 1522 1220 1552 ἱ

140 1566 199 1597 καὶ
230 1564 443 1597 οἱκείτωσαν
477 1563 514 1598 οἱ
547 1564 671 1598 παῖδες
707 1567 767 1598 καὶ
797 1565 1072 1610 τρεφέσθωσαν.
1121 1566 1151 1599 εἰ
1181 1533 1220 1600 δὲ

140 1610 258 1662 συμβῇ
283 1610 350 1642 τὸν
372 1611 439 1663 μὲν
464 1611 604 1663 πῖατοέρα
627 1608 769 1654 ἄπορον
793 1609 903 1664 eluat,
934 1610 1000 1653 τὴν
1023 1608 1062 1644 δὲ
1083 1613 1220 1656 μητέρα

1290 1476 1445 1511 solutum
1464 1476 1744 1519 matrimonium,
1768 1480 1855 1512 tunc
1876 1476 1973 1522 apud
1989 1479 2128 1522 patrem
2147 1480 2185 1513 et
2201 1478 2370 1514 maneant

1289 1521 1352 1556 filii
1375 1523 1411 1556 et
1433 1521 1586 1556 alantur.
1635 1522 1672 1556 Si
1696 1523 1815 1557 autem
1848 1523 2035 1566 contigerit
2065 1525 2205 1567 patrem
2228 1522 2370 1568 quidem

1288 1567 1406 1602 minus
1430 1566 1596 1602 idoneum
1620 1577 1699 1602 esse
1731 1570 1878 1602 matrem
1906 1578 1989 1604 vero
2012 1568 2242 1613 locupletem,
2273 1567 2370 1613 apud

1289 1621 1366 1646 eam
1386 1621 1563 1657 pauperes
1585 1611 1677 1647 filios
1701 1622 1844 1648 manere
1867 1614 1903 1648 et
1919 1614 1965 1648 ab
1983 1623 2025 1648 ea
2045 1613 2175 1649 nutriri
2193 1613 2366 1650 iubemus.

140 1666 312 1709 ευπορον,,
337 1667 430 1707 παρ’ι
457 1667 545 1700 αυτῃ
579 1658 794 1698 πενομένους
824 1667 906 1690 τους
936 1653 1068 1690 παῖδας
1093 1659 1218 1710 μένειν
1233 1658 1275 1691 30
1289 1656 1590 1701 Quemadmodum
1609 1657 1703 1692 enim
1721 1657 1783 1693 filii
1802 1658 1999 1704 locupletes
2023 1663 2199 1704 coguntur
2217 1663 2368 1695 matrem

139 1702 199 1733 καὶ
223 1712 298 1745 παρ
340 1711 448 1742 αυτης
472 1699 674 1755 τρέφεσθαι
698 1699 1031 1746 παρακελευόμεθα.
1077 1698 1122 1735 ὃν
1151 1715 1218 1748 γαρ

139 1744 278 1790 τρόπον
301 1743 337 1778 οἱ
359 1743 482 1778 παῖδες
507 1745 742 1789 ευποροῦντες
773 1742 1042 1791 ἀναγκάζονται
1065 1746 1131 1788 τὴν
1152 1760 1219 1791 μη-

139 1794 224 1836 τέρα
262 1787 433 1834 δεομένην
469 1793 625 1834 τρέφειν,
660 1786 758 1824 οὕτω
795 1789 934 1824 δίκαιον
962 1795 1131 1836 κρίνομεν
1159 1795 1220 1825 καὶ

140 1835 237 1880 παρὰ
260 1836 319 1877 τῆς
342 1834 475 1879 μητρὸς
499 1831 718 1880 εὖπορούσης
749 1835 831 1869 τοὺς
860 1833 991 1870 παῖδας
1022 1832 1219 1883 ἇποτρέφε-

139 1882 242 1914 σθαι.
303 1877 320 1888 ς’
636 1881 652 1888 ’”
942 1881 950 1888 ’

139 1925 221 1960 τοὺς
236 1923 367 1959 παῖδας
391 1922 610 1978 διωρίσαμεν
635 1929 866 1968 πενομένους,
890 1927 998 1960 τοῦτο
1016 1925 1060 1970 δὴ
1085 1930 1145 1960 καὶ
1162 1929 1222 1962 ἐπὶ

1289 1706 1449 1747 egentem
1481 1703 1594 1744 alere,
1629 1703 1681 1737 ita
1711 1702 1843 1738 iustum
1877 1703 2099 1740 decernimus
2134 1708 2172 1739 et
2202 1714 2225 1740 a
2255 1708 2370 1740 matre

1287 1747 1466 1791 locuplete
1488 1747 1580 1783 filios
1603 1747 1714 1792 pasci.
1762 1748 1864 1792 Quod
1888 1751 2008 1784 autem
2038 1749 2082 1784 de
2105 1748 2233 1785 alenda
2254 1752 2368 1785 matre

1289 1796 1326 1828 et
1340 1792 1421 1828 ffliis
1438 1792 1657 1828 definivimus
1680 1792 1930 1837 indigentibus,
1953 1793 2023 1830 hoc
2039 1804 2179 1839 quoque
2201 1795 2239 1830 in
2254 1794 2366 1830 omni-

1288 1837 1357 1873 bus
1376 1837 1650 1873 ascendentibus
1667 1837 2032 1884 descendentibusque
2047 1839 2211 1885 personis
2231 1839 2365 1876 utrius-

298 1893 389 1925 οπερ
422 1878 462 1914 δὲ
484 1883 567 1926 περὶ
590 1893 653 1914 του
677 1881 881 1924 τρέφεσθαι
910 1895 979 1923 την
1000 1885 1137 1927 μητέρα
1161 1885 1221 1916 καὶ
1235 1883 1276 1916 35
1290 1892 1360 1928 que
1382 1887 1534 1919 naturae
1557 1883 1674 1919 valere
1697 1884 1945 1929 praecipimus.

138 1970 294 2005 πάντων
317 1972 394 2004 τῶν
411 1966 598 2004 οἷνιοντων
616 1973 676 2004 καὶ
692 1970 900 2005 κατιόντων
918 1973 1122 2017 προςώπων
1141 1972 1221 2006 ἑκα-

137 2018 242 2060 τέρας
265 2013 407 2061 φύσεως
430 2018 576 2061 κρατεῖν
597 2014 794 2060 κελεύομεν.

194 2121 220 2141 c.
242 2107 316 2141 VII
325 2108 398 2151 suit
422 2109 454 2140 in
479 2107 515 2140 B
529 2109 625 2149 31‚⁶‚
639 2115 670 2142 13
694 2109 864 2142 seeundum
890 2110 922 2141 T
917 2110 1068 2152 ipucitum
1093 2116 1124 2142 et
1145 2110 1278 2143 indicem
1297 2108 1457 2152 Reqinae,
1476 2110 1675 2153 principium
1699 2117 1730 2143 et
1743 2111 1846 2151 finem
1863 2111 1904 2152 (υ.
1922 2111 2062 2145 17-23.
2088 2111 2236 2154 35-38)
2257 2118 2369 2146 servae

138 2153 188 2187 B·
211 2154 246 2186 Γ
266 2154 297 2194 8,
311 2161 337 2186 5.
352 2160 369 2185 6
390 2166 426 2196 p.
449 2154 513 2187 164
533 2153 637 2186 Zaclz.
671 2172 713 2178 —
747 2154 897 2187 Summas
921 2156 1040 2188 habent
1062 2155 1240 2198 Appendix
1263 2154 1409 2198 Ectoqae
1433 2155 1454 2188 2
1477 2154 1680 2195 (Zachariae
1699 2150 1831 2188 Ἀνέκδ.
1852 2168 1888 2199 p.
1912 2157 1988 2198 186)
2013 2162 2043 2189 et
2064 2157 2251 2201 Anonymm
2273 2155 2367 2191 Bod-

139 2200 264 2232 leianus
287 2200 330 2232 ib.
353 2199 430 2239 215,
454 2200 630 2232 summaria
654 2199 806 2242 Epitome
830 2200 884 2239 24,
904 2206 939 2233 46
955 2207 1033 2233 extr.
1060 2201 1114 2241 49,
1136 2207 1170 2234 10
1183 2207 1263 2233 exer.

137 2286 279 2333 casibus
310 2287 374 2332 qui
389 2286 578 2333 praesenti
609 2286 687 2332 leqe
710 2297 785 2322 non
809 2287 1040 2322 continentur
1070 2298 1172 2323 suam
1204 2288 1273 2324 vim
1297 2286 1437 2323 babeat.
1489 2285 1715 2322 Constantini
1737 2297 1822 2323 vero
1852 2287 1939 2339 piae
1961 2287 2154 2324 memoriae
2184 2288 2297 2335 leqem
2319 2289 2369 2325 ad

139 2332 354 2377 Greqorium
376 2332 568 2378 scriptam,
601 2338 637 2367 et
665 2332 1000 2378 interpretationem
1030 2332 1074 2368 de
1104 2344 1148 2368 ea
1173 2333 1315 2378 factam
1338 2344 1362 2367 a
1386 2332 1577 2368 Marciano
1603 2332 1690 2379 piae
1717 2342 1929 2375 memoriae,
1953 2343 2027 2379 per
2056 2343 2150 2386 quas
2179 2333 2368 2371 mulierum

137 2378 326 2422 coniuqz'a,
360 2388 453 2422 quae
482 2376 708 2412 Constantini
738 2377 800 2412 lex
832 2376 971 2413 abiecta
1000 2379 1159 2420 vocavit,
1191 2389 1270 2414 cum
1295 2377 1383 2413 viris
1414 2376 1627 2423 quibusdam
1649 2377 1886 2423 dignitatibus
1909 2377 2088 2414 decoratis
2110 2378 2367 2425 probibentur,

136 2422 237 2457 nullo
267 2422 378 2468 plane
409 2421 513 2458 modo
545 2423 663 2458 valere
691 2423 871 2469 patimur,
905 2423 969 2458 sed
999 2423 1214 2468 facultatem
1247 2423 1374 2458 damus
1407 2422 1624 2465 volentibus,
1657 2423 1799 2458 etiamsi
1826 2422 2043 2469 quibuslibet
2076 2424 2219 2470 maqnis
2248 2424 2367 2472 diqni-

139 2468 271 2503 tatibus
293 2467 521 2510 decorentur,
550 2468 724 2503 eiusmodi
747 2467 915 2503 mulieres
937 2478 1017 2502 cum
1040 2468 1223 2504 dotalibus
1246 2468 1491 2503 instrumentis
1512 2467 1582 2503 sibi
1604 2467 1811 2514 copulandi.
1861 2467 1979 2504 Ceteri
1999 2472 2117 2505 autem
2135 2472 2285 2518 praeter
2305 2480 2368 2508 eos

138 2513 200 2558 qui
223 2513 364 2558 maqnis
388 2512 626 2558 diynitatibus
658 2512 820 2548 decorati
850 2517 936 2548 sunt
961 2513 1179 2559 facultatem
1202 2513 1358 2549 babeant
1389 2513 1564 2549 eiusmodi
1585 2514 1753 2549 mulieres
1775 2512 1946 2556 ducendi,
1977 2513 2053 2550 sive
2074 2514 2114 2549 in
2135 2514 2284 2562 scriptis
2305 2525 2367 2552 vo·

138 2558 271 2593 tuerint
291 2558 365 2593 sive
388 2558 468 2592 sola
492 2557 650 2604 nuptiali
673 2557 878 2603 affectione,
903 2558 1096 2594 dummodo
1119 2559 1193 2594 sint
1217 2558 1350 2595 liberae
1372 2563 1408 2594 et
1430 2568 1510 2594 cum
1533 2557 1664 2604 quibus
1686 2557 1793 2594 liceat
1814 2559 1963 2605 nuptias
1985 2559 2176 2596 celebrare.

273 2602 351 2637 VH.
401 2602 474 2637 Sed
493 2603 586 2637 illud
607 2614 752 2654 quoque
776 2603 926 2647 definire
949 2604 1062 2639 visum
1084 2608 1139 2639 est
1164 2604 1280 2645 nobis,
1309 2606 1351 2639 ut
1380 2604 1414 2639 si
1435 2603 1582 2650 quando
1606 2603 1873 2638 matrimonium
1902 2604 1997 2639 inter
2015 2604 2130 2640 virum
2153 2608 2190 2641 et
2211 2615 2367 2643 uxorem

138 2647 230 2682 solvi
263 2648 474 2693 contiqerit,
511 2647 612 2682 liberi
651 2659 700 2684 ex
737 2648 913 2684 eiusmodi
947 2649 1177 2684 matrimonio
1207 2648 1397 2696 procreati
1431 2648 1532 2684 nullo
1569 2648 1676 2684 modo
1712 2658 1762 2683 ea:
1790 2648 2028 2684 dissolutione
2060 2649 2283 2693 matrimonii
2310 2651 2366 2687 in-

137 2692 234 2727 iuria
258 2693 485 2736 afficiantur,
516 2692 582 2728 sed
603 2693 653 2728 ad
667 2699 866 2739 parentum
890 2692 1122 2729 hereditatem
1145 2697 1315 2730 vocentur
1338 2705 1388 2730 ea:
1408 2694 1533 2740 patris
1559 2693 1761 2729 substantia
1792 2694 1870 2729 sine
1895 2692 2118 2730 dubitatione
2141 2694 2272 2732 alendi.
2318 2695 2368 2732 Et

137 2737 171 2771 si
192 2737 335 2782 quidem
364 2743 472 2783 pater
496 2748 643 2772 causam
667 2738 814 2774 divortii
838 2738 1011 2785 praebuit
1042 2743 1077 2774 et
1099 2747 1214 2775 mater
1237 2738 1286 2774 ad
1307 2738 1485 2775 secundas
1507 2749 1556 2773 nu
1586 2739 1655 2774 tias
1677 2748 1751 2773 non
1775 2738 1889 2781 venit,
1923 2738 2025 2786 apud
2046 2743 2196 2776 matrem
2219 2740 2368 2778 alantur

164 2790 244 2818 atre
266 2788 429 2827 sumptus
450 2782 668 2828 praebente;
701 2783 759 2818 sin
783 2789 901 2819 autem
925 2784 1033 2829 culpa
1056 2785 1183 2820 matris
1206 2783 1473 2820 matrimonium
1496 2794 1537 2819 so
1555 2787 1653 2818 utum
1676 2793 1754 2819 esse
1768 2783 1964 2830 probatur,
1995 2788 2083 2820 tunc
2104 2784 2205 2832 apud
2220 2791 2367 2833 patrem

152 2827 242 2863 iberi
278 2832 311 2862 et
347 2826 506 2862 habitent
541 2832 576 2863 ct
606 2828 765 2864 alantur.
811 2827 949 2871 Quodsi
976 2830 1078 2875 forte
1110 2835 1219 2876 pater
1249 2830 1310 2865 ino
1338 2839 1367 2872 s,
1403 2832 1520 2864 mater
1549 2832 1668 2864 autem
1702 2827 1784 2864 locu
1812 2828 1863 2865 les
1892 2829 1957 2872 sit,
1993 2829 2095 2876 apud
2126 2841 2204 2866 eam
2238 2831 2301 2867 ino

139 2871 270 2908 liberos
299 2882 444 2907 manere
476 2872 520 2907 ab
552 2883 667 2918 eaque
695 2873 749 2908 ali
771 2874 1028 2920 praecipimus.
1075 2872 1293 2916 Quemadmo
1320 2885 1378 2909 um
1408 2873 1502 2910 enim
1533 2873 1638 2910 liberi
1667 2872 1772 2920 locup
1812 2877 1864 2910 tes
1895 2877 2046 2910 matrem
2077 2879 2236 2921 eqentem
2267 2886 2290 2912 a
2345 2885 2366 2911 e

139 2920 329 2963 coquntur,
353 2917 405 2951 ita
427 2928 499 2963 par
515 2927 590 2951 esse
612 2917 813 2953 iudicamus
837 2919 944 2953 etiam
968 2930 991 2953 a
1015 2925 1130 2954 matre
1153 2919 1235 2954 locu
1265 2919 1331 2955 lete
1354 2918 1485 2955 liberos
1505 2918 1565 2954 ali.
1612 2917 1720 2962 Quod
1738 2923 1856 2954 autem
1876 2917 1924 2954 *de
1939 2918 2071 2954 alenda
2093 2924 2208 2956 matre
2229 2919 2365 2958 liberis-

138 2973 208 3009 que
230 2961 670 3041 eqentibusstbefinivimus,
695 2962 763 2998 hoc
780 2963 922 3008 quidem
945 2964 1053 2999 etiam
1077 2965 1114 2999 in
1137 2975 1232 2999 omm
1257 2975 1300 3000 us
1323 2962 1597 3000 ascendentibus
1619 2968 1655 3000 et
1677 2963 1970 3000 descendentibus
1989 2964 2156 3010 personis
2178 2964 2366 3012 utriusque

138 3018 249 3043 sexus
273 3018 317 3042 va
332 3017 391 3042 ere
414 3017 449 3041 zu
475 3018 583 3042 emas.

2039 3144 2045 3150 .
2248 3099 2363 3153 tvm]

1922 3145 1962 3178 13
1984 3146 2107 3186 scripta
2133 3143 2164 3177 R
2189 3143 2203 3188 11
2230 3146 2278 3179 tm
2295 3144 2331 3180 R
2351 3146 2365 3192 11

1851 3198 1868 3221 e
1903 3188 2002 3222 'beris
2026 3199 2065 3222 ex
2090 3200 2127 3222 eo
2151 3190 2364 3225 matrimonio

2208 3235 2363 3278 quemad·

1285 3278 1420 3312 modum
1439 3277 1573 3310 alantur
1592 3277 1661 3311 ΕΤ
1671 3290 1773 3322 marq.
1789 3279 1841 3320 (ex
1855 3279 1931 3319 Iul.)
1949 3279 1962 3324 11
1978 3283 2018 3312 ut
2040 3293 2098 3313 om.
2116 3281 2148 3313 T
2159 3278 2172 3324 11
2191 3281 2232 3315 19
2248 3281 2364 3315 matri-

1285 3324 1397 3357 monio
1414 3323 1491 3356 add.
1508 3325 1737 3368 Osenbraqyen
1750 3324 1892 3366 (nuptiis
1905 3325 2011 3367 Beck)
2029 3324 2042 3369 11
2059 3326 2099 3359 21
2114 3327 2291 3368 perantum
2301 3325 2362 3370 12¹,

1285 3371 1460 3411 parentum
1476 3380 1535 3402 om.
1547 3367 1604 3412 Τ11
1621 3369 1663 3402 23
1678 3370 1736 3413 leq.
1750 3369 1930 3411 praebuit?
1946 3369 1959 3415 11
1977 3370 2030 3412 ad]
2049 3372 2081 3403 et
2096 3369 2138 3403 ad
2159 3370 2215 3415 1711
2231 3371 2363 3405 uenerit

1288 3414 1414 3457 Tvuly.
1432 3413 1445 3457 11
1463 3414 1506 3447 24
1526 3413 1714 3447 nutriendis
1734 3414 1790 3457 Vn
1807 3425 1946 3458 expensa
1966 3415 2043 3459 1⁷¹1}
2063 3416 2105 3450 25
2126 3415 2154 3448 si
2174 3417 2266 3457 uero]
2289 3417 2362 3450 siue

1289 3458 1343 3500 T¹‚
1368 3468 1448 3491 uero
1470 3461 1501 3492 in
1527 3471 1594 3492 ras.
1618 3460 1713 3493 habet
1732 3458 1783 3493 V²
1812 3458 1825 3504 11
1854 3461 1970 3493 matris
1988 3459 2039 3494 1⁷²
2058 3462 2091 3495 in
2114 3473 2179 3495 ras.
2211 3460 2224 3505 11
2252 3463 2361 3495 outon-

1286 3504 1378 3537 ditur
1400 3503 1444 3545 V]
1469 3504 1661 3537 ostendatur
1682 3504 1752 3538 RT
1760 3506 1844 3548 ναῖς.
1862 3504 1875 3549 11
1893 3506 1935 3540 26
1959 3506 2047 3549 patri
2069 3506 2121 3539 R⁰
2144 3508 2283 3540 matrem
2297 3506 2361 3549 1⁷⁰,

1285 3551 1412 3591 patrem
1437 3551 1469 3583 in
1493 3563 1558 3583 ras.
1581 3544 1632 3583 1⁷²
1699 3552 1732 3582 et
1755 3553 1921 3593 maneant]
1958 3553 1991 3584 et
2013 3563 2072 3585 om.
2098 3550 2145 3584 T¹
2174 3550 2187 3595 11
2216 3551 2259 3586 28
2282 3559 2361 3586 vero

1286 3606 1345 3627 om.
1359 3594 1407 3627 12¹
1419 3593 1451 3627 T
1457 3595 1467 3615 ¹
1487 3595 1498 3636 ΙΙ
1514 3593 1763 3638 locupletrorem
1780 3596 1830 3628 Τι
1847 3600 1859 3639 11
1877 3597 1920 3630 29
1937 3607 2007 3630 eam
2019 3596 2118 3640 vulq]
2139 3606 2238 3638 quam
2251 3597 2328 3631 libri

1285 3638 1327 3671 ab
1351 3649 1389 3672 ea
1412 3652 1469 3673 om.
1486 3640 1518 3673 Τ
1526 3640 1535 3660 “
1562 3638 1574 3683 11
1598 3640 1640 3674 30
1666 3639 1899 3682 locupletiores
1923 3641 1956 3675 T
1975 3641 1987 3683 11
2015 3641 2057 3675 32
2080 3639 2256 3685 locupletis
2277 3640 2327 3675 1³¹

1285 3683 1411 3717 alentia
1436 3684 1486 3718 T¹
1506 3683 1577 3729 1133
1602 3684 1774 3718 definimus
1795 3685 1851 3731 Vss
1867 3687 1915 3727 in]
1941 3688 1974 3719 et
1996 3686 2033 3719 in
2054 3685 2089 3720 V

207 3099 227 3132 2
244 3096 347 3140 ἰσχύν
371 3110 429 3131 om.
445 3098 489 3130 M
500 3097 512 3140 11
529 3109 802 3132 κωνσταντινον
820 3100 863 3132 M
878 3098 890 3142 11
908 3100 926 3132 3
944 3097 1070 3142 νόμον]
1094 3102 1171 3135 Cod.
1186 3103 1217 3140 5,

140 3152 186 3185 2¹1,
202 3152 212 3177 l
233 3142 245 3179 ΙΙ
262 3145 281 3177 4
304 3143 498 3188 γίνομένην
515 3144 545 3176 L
564 3142 576 3186 11
593 3145 612 3176 5
629 3144 852 3187 Μαρκιανοῦ]
883 3145 959 3177 Cod.
975 3146 1006 3186 5,
1020 3153 1048 3186 5,
1063 3153 1077 3178 '1
1095 3145 1108 3188 11
1126 3147 1146 3179 6
1163 3143 1214 3178 δι’

139 3181 205 3230 ὦν]
226 3184 278 3221 δι’
306 3187 347 3221 οὑ
374 3189 429 3224 Bc
447 3188 459 3231 11
476 3190 495 3222 8
520 3186 717 3222 κωλύοντες
731 3189 778 3221 L¹
800 3187 987 3222 κωλύοντα
1001 3189 1077 3242 β211
1095 3193 1115 3224 9
1136 3203 1214 3235 κρα-

139 3236 215 3268 τεῖν
240 3247 298 3267 om.
313 3234 344 3267 L
361 3232 373 3277 11
395 3235 435 3267 15
460 3231 645 3278 ἐλεύθεροι
669 3233 739 3275 BH,
764 3234 814 3267 B·
835 3248 862 3267 v.
881 3235 900 3266 l.
920 3234 932 3276 11
951 3236 991 3266 19
1016 3246 1079 3267 του
1102 3233 1217 3268 τοιού-

139 3281 213 3320 του]
241 3279 367 3312 τούτου
381 3279 453 3319 (om.
466 3291 494 3312 v.
511 3279 543 3320 Ι.)
560 3279 624 3312 τοῦ
638 3279 687 3312 B⁸
705 3278 718 3322 11
735 3279 777 3312 23
795 3274 1107 3322 ἀποστρεφόμενοι
1122 3281 1165 3313 Μ’
1167 3284 1183 3302 ⁰
1207 3281 1219 3324 11

140 3326 183 3359 24
204 3326 368 3369 παρέσχε]
392 3323 548 3367 praebeat
572 3336 590 3360 ς
609 3324 621 3368 11
638 3325 679 3358 25
693 3323 959 3368 τρεφέσθωσαν
985 3325 1075 3357 malit
1088 3325 1217 3359 Zacha-

140 3372 210 3404 riae
226 3372 295 3402 sine
315 3383 414 3403 causa
434 3369 446 3412 11
463 3371 505 3403 30
523 3370 734 3413 πενομένων
747 3369 798 3401 La
813 3370 825 3413 11
845 3371 886 3402 32
905 3363 1146 3413 ἀναγκάζεται
1160 3371 1190 3403 L
1207 3370 1218 3406 11

141 3417 184 3449 34
207 3412 254 3447 τοὶ
278 3417 387 3448 τέκνα
410 3414 612 3459 τρέφεσθαι
636 3415 667 3448 L
691 3413 704 3458 11
733 3415 775 3449 35
799 3416 881 3457 περὶ
905 3412 987 3446 τοὺς
1010 3411 1140 3448 παῖδας
1162 3417 1222 3448 καὶ

142 3460 208 3502 τὴν
227 3462 362 3503 μητέρα
393 3459 595 3505 τρέφεσθαι
619 3460 649 3493 L
673 3458 687 3504 11
714 3458 782 3502 τὴν
805 3460 953 3503 μητέρα]
990 3456 1055 3492 τὸν
1080 3462 1219 3504 πατέρα

148 3506 206 3544 B⁸;
230 3512 390 3549 suspectat
414 3507 498 3539 hanc
517 3518 620 3539 vocem
638 3505 824 3539 Zachariae
844 3505 913 3538 sine
938 3504 1054 3537 idonea
1073 3516 1173 3537 causa

1286 3144 1421 3178 diuinae
1448 3143 1481 3176 Y
1501 3142 1514 3187 11
1542 3145 1561 3177 3
1586 3153 1685 3187 super
1708 3154 1746 3176 ea
1768 3144 1824 3177 vul
1846 3168 1854 3176 .

1287 3191 1330 3224 14
1352 3188 1452 3222 liceat
1477 3188 1602 3231 Tvulq.
1621 3189 1634 3232 11
1653 3190 1693 3222 17
1706 3190 1794 3221 rubr.

1286 3234 1374 3267 natis
1406 3232 1494 3275 quod
1526 3233 1666 3276 repudio
1696 3232 1893 3267 dissolutum
1925 3236 1973 3267 est
1994 3235 2055 3276 (est
2073 3236 2106 3267 et
2128 3235 2175 3277 R)

1356 3102 1371 3133 1
1399 3101 1557 3132 tenentur
1576 3099 1647 3132 ΕΤ
1659 3098 1672 3143 11
1687 3098 1811 3132 habent
1830 3097 1927 3221 Th?
1951 3099 2162 3132 constantino
2182 3099 2232 3133 Τ*
