2592 3840
226 82 334 126 Nov.
364 82 492 126 XXII
522 86 575 125 46
631 74 634 77 ’
1303 77 1381 126 182

225 206 301 228 των
325 195 494 228 ἐναντίον
524 206 559 228 τι
585 191 801 239 διηγόρευον.
854 189 994 235 Ταύτην
1019 189 1124 235 ἡμῶν
1154 191 1222 235 τὴν
1245 205 1300 227 νο-

225 239 409 283 μοθεσίαν
437 242 563 284 κυρίαν
595 242 654 271 καὶ
678 239 744 271 νῦν
767 238 888 279 μένειν
912 238 972 271 ἐπὶ
991 236 1118 280 μόναις
1137 240 1214 271 ταῖς
1234 235 1300 280 ἤδη

226 283 316 328 πρὸς
339 281 506 330 δεύτερον
530 282 721 317 ἐλθούσαις
739 278 856 328 γάμον
874 281 1102 326 θεσπίζομεν
1120 285 1183 316 καί
1201 293 1302 317 τινας

226 330 305 363 τῶν
339 329 483 363 οἰκείων
518 326 786 372 διαδεξαμέναις
817 324 982 368 παίδων,
1018 328 1058 360 ἐν
1087 329 1228 371 βεβαίῳ
1261 340 1301 361 τε

227 371 350 408 αὐταῖς
379 371 630 419 φυλάττεσθαι
659 375 718 405 καὶ
742 370 833 405 κατὰ
863 370 930 405 τὸν
953 371 1031 414 ἑξῆς
1053 371 1199 417 χρόνον,
1230 371 1302 406 εἴτε

227 418 297 465 πρὸ
328 419 406 452 τῶν
436 415 564 465 γάμων
595 418 665 451 εἴτε
694 414 785 460 μετὰ
816 414 898 449 τοὺς
927 413 1059 463 γάμους
1081 415 1147 451 τὸν
1170 415 1302 464 κλῆρον

228 464 276 497 εἰς
301 461 408 497 αὐτὰς
438 465 500 497 τοῦ
532 460 659 497 παιδὸς
690 460 956 504 κατενεχθῆναι
987 464 1131 506 συνέβη.
1193 462 1241 495 Τὰ
1264 459 1304 495 δὲ

227 510 290 550 ἐπὶ
321 511 398 542 ταῖς
427 506 518 551 μετὰ
548 508 663 541 ταῦτα
686 506 734 540 εἰς
762 503 926 551 δευτέρου
951 505 1150 551 φοιτώσαις
1173 503 1304 552 ἀνδρὸς

227 551 328 586 οὗτος
348 549 432 596 ἡμῖν
455 549 474 586 ὁ
498 550 628 606 παρὼν
651 548 758 595 νόμος
781 547 951 585 τυπούτω
970 564 1010 585 τε
1027 554 1087 585 καὶ
1106 549 1302 596 διαθεσμο·

2177 93 2444 126 DENUP'HIS

1373 193 1469 227 bant.
1507 191 1610 227 Hanc
1629 194 1789 227 nostram
1807 190 2027 226 sanctionem
2050 190 2188 226 firmam
2212 191 2318 227 etiam
2337 191 2442 228 modo

1370 246 1513 272 manere
1533 247 1639 282 super
1661 236 1755 271 solas
1776 245 1866 280 quae
1885 235 2019 271 dudum
2037 236 2083 271 ad
2103 237 2298 272 secundum
2316 247 2444 273 venere

1370 282 1632 335 matrimonium
1663 281 1843 317 sancimus
1872 281 1909 316 et
1923 281 2105 333 ‚quosdam
2132 280 2359 326 propriorum
2380 291 2443 317 ac-

1338 374 1357 406 5
1371 327 1542 407 ἓὲἔέῗέἓὲ
1566 326 1720 406 ῗὲὲῗἜῗ
1731 325 2444 407 ’sifizmtmzfflnsisssst“istst-¹3¹3:

1370 382 1604 452 hereditiatem
1626 382 1664 450 ig
1687 397 1738 450 eis
1763 414 1828 450 filii
1851 414 1980 450 descen
2008 414 2079 451 ‘sse
2104 381 2262 460 contigit.
2308 382 2374 452 Dei²
2386 415 2444 451 his

1372 464 1493 497 autem
1517 471 1609 506 quae
1633 462 1716 505 post
1742 460 1833 495 haec
1863 459 1909 495 ad
1933 460 2129 495 secundum
2151 461 2298 496 veniunt
2319 461 2444 504 virum,

1371 506 1423 541 ita
1439 506 1543 541 nobis
1564 514 1734 550 praesens
1755 504 1814 540 lex
1832 504 2045 550 disponatur
2061 508 2098 541 et
2117 505 2311 541 sanciatur.
2347 505 2444 550 Ergo

1371 560 1519 586 necesse
1543 554 1598 586 est
1620 549 1693 585 fflio
1717 549 1892 585 moriente
1926 549 2000 586 sive
2022 549 2182 586 masculo
2205 550 2279 586 sive
2300 549 2443 593 femina,

228 598 395 631 θετείτω.
445 594 580 631 Οὐκοῦν
603 594 737 649 ανέγκη
763 594 828 629 τὸν
848 593 962 630 παῖδα
981 594 1209 631 τελευτῶντα
1232 597 1303 631 εἴτε
1318 596 1358 629 10
1373 595 1447 631 sive
1481 597 1633 630 testatus
1665 594 1837 630 moriatur
1860 594 1935 630 sive
1957 594 2065 630 etiam
2087 594 2165 631 sine
2182 594 2271 631 hoc:
2305 595 2447 631 interim

227 640 358 689 ἄρρενα
378 642 448 675 εἴτε
468 640 622 695 θήλειαν
644 654 666 682 η
691 642 751 674 ἐπὶ
779 637 973 683 διαθήκαις
993 639 1162 676 τελευτᾶν
1180 638 1203 684 ἢ
1223 641 1302 675 τού-

227 701 305 721 των
322 690 446 732 χωρίς·
470 689 558 720 τέως
579 698 644 719 ουν
662 683 708 719 τὰ
732 686 770 718 ἐκ
789 683 984 741 διαθηκῶν
1004 684 1167 721 εἰπόντες
1188 682 1303 721 οὕτως

227 733 247 766 1
303 733 362 766 ἐπὶ
386 730 452 774 τὴν
476 731 514 784 ἐξ
536 728 733 764 ἀδιαθέτου
757 728 862 771 τάξιν
885 728 991 776 αφιξό
1019 731 1102 766 εθα.
1161 732 1208 765 Εἰ
1230 734 1302 766 τοί-

1372 651 1455 692 ergo
1487 650 1530 675 ea
1561 649 1654 693 quac
1686 649 1731 692 εξ
1761 641 1973 675 testamento
2009 640 2094 692 sunt
2128 639 2286 675 dicentes
2316 640 2369 675 ita
2398 639 2447 675 ad

1371 684 2192 774 irfflsiessffl1221t¹1¹130⁰3⁸tii32²t⁸22t123¹5ffl⁸st
2211 732 2248 765 ιι
2267 729 2448 774 nunqu„

227 790 294 828 νυν
316 779 516 828 νομίμωςἎο
540 778 623 809 παῖς
648 772 863 829 διαθέμενος
882 788 975 810 κατα
999 780 1111 830 είψειε
1130 777 1174 823 τῇ
1193 778 1303 822 μητρὶ
1370 775 1475 809 matri
1509 774 1747 810 substantiam
1778 773 1852 810 sive
1882 776 2020 819 partem
2043 773 2119 810 eius
2145 774 2320 818 aliquam,
2351 773 2447 810 hanc

975 818 984 831 Ι

227 834 294 863 την
319 821 445 854 οὐσίαν
468 834 490 863 η
513 823 572 854 καὶ
595 823 726 865 μοῖραν
749 831 882 863 ταυτης
904 834 1003 862 τινα,
1026 834 1166 865 ταυτην
1187 823 1302 864 ἐκείνη
1317 821 1356 853 15
1370 819 1432 854 illa
1456 819 1612 873 accipiat
1641 828 1706 864 per
1729 818 1962 864 scripturam,
1996 820 2080 864 quia
2102 819 2235 864 ubique
2265 818 2448 856 custodire

228 864 443 910 λαμβανέτω
479 863 540 899 διὰ
571 865 639 908 τὴν
670 864 814 911 γραφήν
849 862 989 908 (ἐπειδὴ
1021 866 1208 909 πανταχοῦ
1240 879 1302 911 φυ-

228 909 427 944 λάττεσθαι
447 908 509 944 τὰς
531 911 609 944 τῶν
628 908 887 944 τελευτώντων
903 909 1115 955 βουλόμεθα
1132 907 1303 958 γνώμας),

227 958 287 988 καὶ
311 957 419 997 ἐχέτω
443 953 485 989 τὸ
510 953 834 999 καταλελειμμένον
857 951 881 1010 ᾖ
902 953 1097 1000 δεδομένον
1127 958 1188 989 καὶ
1211 953 1304 990 κατὰ

227 997 442 1034 δεσποτείαν
466 1002 525 1034 καὶ
548 999 640 1033 κατὰ
663 1001 800 1046 χρῆσιν.
850 1011 967 1046 ωςπερ
997 1000 1171 1054 γὰρὶέξῆν
1194 1013 1302 1035 κατα·

1370 864 1595 900 moricntmm
1614 863 1776 900 volumus
1804 864 2017 906 voluntates,
2051 865 2089 899 et
2110 864 2244 900 habeat
2276 863 2373 909 quod
2394 863 2446 900 di-

1370 910 1518 945 missum
1538 912 1595 945 est
1617 912 1681 944 aut
1703 909 1826 944 datum
1855 913 1892 944 et
1915 909 2110 944 secundum
2132 909 2387 989 proffiietatem
2410 912 2448 944 et

1371 954 1569 990 secundum
1591 964 1709 990 usum.
1757 953 1859 989 Sicut
1881 953 1976 989 enim
1999 953 2132 989 licebat
2155 963 2195 989 re
2247 963 2357 998 querc
2379 953 2447 988 ali-

1372 999 1430 1035 cui
1455 1001 1707 1034 extraneorum
1731 1001 1767 1035 et
1789 998 1878 1034 nihil
1900 998 2067 1034 heredem
2089 997 2270 1034 secundae
2289 997 2447 1035 mulieris

227 1043 416 1088 λιμπάνειν
445 1048 518 1078 τινὶ
547 1046 625 1079 τῶν
654 1045 801 1085 ἔξωθεν
832 1048 893 1079 καὶ
916 1043 1021 1079 οὐδὲν
1043 1059 1110 1100 τον
1138 1045 1301 1091 κληρονό-
1316 1045 1358 1077 20
1371 1044 1551 1079 nocebant
1573 1044 1733 1089 nuptiae,
1763 1043 1816 1079 ita
1839 1045 1875 1079 et
1897 1044 2003 1079 matri
2027 1043 2276 1089 derelinquens
2297 1043 2370 1080 sive
2391 1042 2447 1079 in·

225 1103 295 1134 μον
319 1086 338 1124 ὁ
362 1088 523 1136 δεύτερος
551 1091 684 1133 ἐκείνης
706 1088 867 1134 ἔβλαπτε
895 1088 1020 1137 γάμος,
1053 1103 1150 1125 ουτω
1173 1094 1234 1125 καὶ
1257 1091 1300 1137 τῇ

225 1138 333 1180 μητρὶ
365 1133 578 1169 καταλιπὼν
608 1132 631 1178 ἢ
659 1133 910 1170 καταλιποῦσα
941 1135 1013 1170 εἴτε
1036 1138 1209 1170 ἔνστασιν
1231 1136 1303 1169 εἴτε

227 1183 419 1232 πρεσβεῖον
437 1177 562 1235 ὀρθῶς
578 1178 883 1224 καταλιμπανέτω
900 1183 960 1214 καὶ
976 1179 1069 1215 κατὰ
1087 1179 1302 1215 δεσποτείαν

1371 1089 1593 1125 stitutionem
1621 1089 1694 1125 sive
1723 1089 1880 1134 legatum
1902 1091 2001 1124 recte
2028 1087 2252 1134 derelinquat
2274 1091 2313 1124 et
2334 1088 2446 1124 domi-

1370 1134 1469 1170 nium
1492 1137 1528 1170 et
1547 1145 1670 1177 usum,
1705 1134 1781 1170 sive
1813 1143 1858 1169 ex
1885 1133 1992 1169 rebus
2028 1143 2119 1179 quae
2141 1133 2365 1169 extrinsecus
2384 1133 2447 1168 ad-

1370 1181 1542 1215 venerunt
1576 1179 1686 1215 fuerit
1716 1179 1870 1215 facultas
1904 1178 1980 1215 sive
2011 1188 2056 1214 ex
2078 1178 2255 1223 paternis,
2284 1177 2374 1215 nlhil
2404 1187 2448 1213 ex

226 1228 285 1258 καὶ
305 1237 441 1270 χρησιν,
466 1237 536 1258 ειτε
561 1226 599 1258 ἐκ
622 1225 700 1259 τῶν
719 1225 865 1266 ἔξωθεν
889 1222 989 1269 αὐτῷ
1010 1228 1303 1272 προςγενομένων
1370 1224 1440 1260 hoc
1462 1224 1635 1260 fratribus
1657 1223 1905 1261 contradicere
1927 1224 2139 1259 valentibus.

225 1270 291 1323 εἰη
314 1269 539 1323 πραγμάτων
574 1269 646 1304 εἴτε
680 1273 740 1304 καὶ
771 1272 810 1304 ἐκ
844 1271 923 1305 τῶν
958 1269 1156 1317 πατρῴων,
1197 1269 1301 1305 οὐδὲν
1315 1271 1356 1304 25

226 1326 314 1361 προς
355 1328 462 1349 τουτο
501 1316 580 1349 τῶν
623 1312 793 1361 ἀδελφῶν
834 1313 1036 1362 ἀντιλέγειν
1078 1314 1301 1360 δυναμένων.

225 1360 249 1394 2
307 1360 352 1393 Εἰ
381 1358 420 1393 δὲ
452 1357 646 1394 ἀδιάθετος
678 1358 697 1394 ὁ
722 1363 806 1395 παῖς
828 1359 1087 1404 τελευτήσειεν,
1118 1359 1186 1404 ἤδη
1215 1360 1303 1408 πρὸς
1352 1359 1395 1395 ,2
1450 1360 1488 1395 Si
1520 1361 1639 1396 autem
1672 1359 1864 1396 intestatus
1895 1358 1991 1395 filius
2012 1359 2194 1402 moriatur,
2226 1358 2297 1394 iam
2321 1358 2367 1394 ad
2391 1368 2447 1394 se·

226 1403 406 1450 δευτέρους
429 1403 603 1448 ἐλθούσης
626 1406 687 1449 τῆς
709 1403 842 1452 μητρὸς
868 1403 1000 1463 γάμους
1023 1405 1045 1449 ἢ
1068 1408 1128 1440 καὶ
1151 1402 1303 1452 ὕστερον
1373 1405 1508 1441 cundas
1529 1405 1690 1440 veniente
1722 1409 1836 1440 matre
1859 1405 2007 1449 nuptias
2037 1407 2101 1439 aut
2124 1405 2252 1449 postea
2273 1404 2448 1446 veniente,

227 1452 306 1497 έρχο
334 1453 429 1493 ένης,
464 1449 649 1494 καλείσθω
684 1453 752 1495 μὲν
786 1453 847 1484 καὶ
884 1450 973 1494 αυτὴ
1003 1451 1094 1495 μετὰ
1127 1452 1205 1486 τῶν
1239 1451 1303 1486 τοῦ
1371 1452 1519 1486 vocetur
1542 1449 1683 1495 quidem
1705 1453 1744 1485 et
1766 1449 1847 1495 ipsa
1868 1459 1949 1484 cum
1971 1447 2037 1484 filli
2069 1451 2134 1484 aut
2155 1447 2251 1485 filiae
2273 1448 2448 1484 fratribus

226 1464 353 1530 παιδός
387 1492 409 1538 ἢ
445 1496 506 1538 τῆς
541 1493 669 1530 παιδὸς
702 1493 873 1541 ἀδελφῶν
907 1496 945 1531 in
981 1496 1102 1541 capita
1135 1493 1304 1540 δηλονότι
1317 1497 1358 1529 30
1373 1496 1571 1532 secundum
1599 1497 1760 1530 nostram
1793 1494 2084 1530 constitutionem
2120 1492 2176 1529 ab·
2197 1493 2368 1530 intestato
2403 1492 2450 1529 ad

226 1539 316 1574 κατὰ
347 1540 414 1583 τὴν
445 1537 620 1588 ἡμετέραν
644 1538 811 1581 διάταξιν
840 1540 881 1581 ἐξ
904 1538 1101 1576 ἀδιαθέτου
1126 1540 1215 1587 πρὸς
1237 1541 1304 1584 τὴν
1373 1540 1450 1576 eius
1470 1540 1752 1583 successionem,
1777 1539 1841 1576 sed
1860 1542 1995 1584 quanta
2017 1537 2159 1584 quidem
2182 1540 2298 1584 [quae]
2322 1548 2368 1574 ex
2384 1548 2449 1584 pa-

226 1588 359 1620 έκείνου
383 1583 563 1629 διαδοχήν.
613 1582 708 1620 Ἀλλ’
734 1582 803 1620 ὅσα
826 1589 893 1630 μέν
917 1587 956 1620 ἐκ
985 1586 1158 1633 πατρῴας
1185 1584 1305 1620 οὐσίας
1372 1589 1476 1621 terna
1496 1585 1699 1622 substantia
1718 1584 1764 1620 ad
1779 1584 1892 1620 filium
1908 1587 2159 1629 pervenerunt,
2179 1593 2302 1620 eorum
2317 1583 2448 1619 solum-

226 1632 274 1664 εἰς
304 1629 369 1665 τὸν
399 1628 514 1666 παῖδα
543 1629 755 1677 περιῆλθον,
785 1630 928 1666 τούτων
958 1628 1075 1675 μόνην
1103 1632 1213 1674 ἐχέτω
1237 1630 1304 1675 τὴν
1372 1630 1477 1667 modo
1508 1630 1640 1666 habeat
1671 1640 1777 1666 usum
1807 1630 1854 1665 ad
1878 1628 2056 1665 secundas
2080 1628 2222 1665 omnino
2251 1627 2325 1665 sive
2348 1628 2448 1674 prius

225 1677 349 1721 χρῆσιν
373 1676 420 1709 εἰς
444 1674 626 1723 δευτέρους
650 1672 739 1710 ὅλως
763 1671 785 1719 ἢ
809 1676 989 1722 πρότερον
1013 1674 1035 1719 ἢ
1057 1672 1209 1723 ὕστερον
1233 1674 1303 1722 ἀφ·
1372 1676 1447 1712 sive
1469 1679 1597 1721 postea
1623 1675 1769 1712 veniens
1793 1673 1957 1720 nuptias,
1989 1674 2027 1709 in
2053 1673 2205 1710 residuis
2227 1683 2311 1710 vero
2335 1673 2448 1711 omni·

227 1723 369 1764 ικομένη
399 1721 548 1767 γάμους
585 1721 633 1755 εἰς
662 1719 710 1755 δέ.
733 1719 778 1755 τὰ
807 1720 916 1756 λοιπὰ
946 1720 1068 1757 πάντα
1097 1720 1304 1769 πράγματα,
1317 1723 1358 1755 35
1373 1722 1440 1756 bus
1458 1721 1577 1763 rebus,
1603 1730 1695 1766 quae
1715 1719 1859 1756 aliunde
1881 1721 1986 1755 erant
2007 1718 2081 1754 filio
2099 1721 2244 1764 praeter
2261 1719 2449 1764 paternam

226 1762 344 1800 ὁπόσα
362 1766 506 1806 ἔξωθεν
525 1767 569 1809 ὴν
584 1767 638 1810 τῷ
661 1764 766 1801 παιδὶ
787 1765 887 1812 παρὰ
905 1765 974 1810 τὴν
991 1767 1054 1801 τοῦ
1073 1766 1209 1813 πατρὸς
1228 1764 1305 1801 δια-
1373 1765 1656 1810 successionem,
1681 1765 1799 1801 veniat
1822 1764 2018 1801 secundum
2045 1763 2267 1800 vocationem
2289 1766 2450 1800 nostram

226 1809 349 1854 δοχὴν,
366 1811 546 1855 ,ἐρχέσθω
579 1810 670 1845 κατὰ
700 1810 767 1854 τὴν
798 1810 925 1855 κλῆσιν
947 1809 1014 1855 τὴν
1038 1809 1229 1858 ἡμετέραν,
1259 1807 1305 1855 ἣν
1374 1821 1480 1856 quam
1504 1811 1626 1846 statim
1649 1810 1816 1854 dicimus,
1845 1809 2000 1855 quadam
2023 1808 2246 1844 correctione
2269 1811 2306 1843 et
2327 1818 2372 1844 ea
2393 1808 2449 1844 in-

227 1853 355 1889 αὗτίκα
385 1858 534 1903 ἐροῦμεν
564 1855 661 1891 τινὸς
685 1855 978 1902 ἐπανορθώσεως
1008 1860 1069 1890 καὶ
1094 1855 1206 1900 αὐτὴν
1230 1855 1306 1903 δεο-
1373 1856 1525 1900 digente.
1562 1856 1612 1891 Et
1634 1855 1723 1892 haec
1743 1855 1895 1891 dicimus
1915 1853 2074 1890 inrebus
2086 1863 2179 1898 quae
2191 1856 2295 1889 extra
2305 1853 2448 1898 nuptia-

225 1903 347 1944 μένην.
402 1905 475 1935 Καὶ
505 1902 623 1936 ταῦτα
659 1904 778 1947 φαμὲν
811 1903 871 1936 ἐπὶ
906 1905 980 1936 τοῖς
1011 1899 1197 1949 πράγμασι
1232 1904 1305 1937 τοῖς
1372 1902 1440 1937 lem
1456 1901 1684 1937 donationem
1704 1903 1799 1936 sunt.
1837 1899 1936 1945 Quae
1954 1898 2046 1935 enim
2067 1899 2104 1934 in
2122 1898 2193 1934 illis
2210 1899 2350 1935 sancita
2365 1902 2451 1934 sunt

228 1946 299 1986 ἔξω
322 1947 382 1989 τῆς
406 1950 647 1994 προγαμιοιίας
671 1945 816 1993 δωρεᾶς.
847 1946 894 1982 τὰ
916 1946 985 1995 γὰρ
1009 1944 1069 1982 ἐπ’
1097 1948 1230 1990 ἐκείνης
1252 1960 1307 1982 νε·
1319 1949 1362 1982 40

227 2047 296 2083 que
329 2040 412 2071 rata
444 2042 587 2072 maneat
620 2037 660 2071 in
695 2037 741 2071 iis
774 2037 864 2072 solis
901 2038 1101 2079 sancimus,
1142 2046 1236 2082 quae
1274 2035 1347 2070 iam
1385 2034 1565 2072 secundas
1599 2035 1747 2082 nuptias
1781 2034 1944 2071 inierunt
1982 2038 2019 2071 et
2054 2032 2268 2080 quibusdam
2301 2042 2450 2070 suorum

228 2081 420 2115 liberorum
443 2084 707 2123 successerunt,
738 2085 779 2117 ut
805 2092 849 2117 ue
877 2082 986 2127 firma
1016 2081 1062 2116 iis
1085 2081 1194 2117 etiam
1223 2081 1262 2115 in
1292 2080 1462 2126 futurum
1494 2083 1633 2127 tempus
1661 2083 1835 2122 servetur,
1867 2079 1942 2116 sive
1971 2081 2057 2115 ante
2081 2078 2232 2125 nuptias
2261 2078 2337 2115 sive
2360 2083 2451 2125 post

226 2125 374 2171 nuptias
397 2125 628 2162 hereditatem
648 2126 719 2171 filii
743 2137 766 2161 a
814 2137 876 2162 eas
899 2126 1042 2172 deferri
1063 2126 1266 2172 contiqerit.
1314 2125 1369 2161 De
1391 2125 1437 2161 iis
1459 2136 1544 2162 vero
1568 2136 1663 2171 quae
1684 2123 1840 2171 posthac
1862 2125 1912 2160 ad
1930 2122 2125 2159 secundum
2144 2123 2314 2159 maritum
2330 2126 2449 2159 trans-

226 2171 344 2206 iturae
373 2175 475 2213 sunt,
508 2171 597 2206 ltaec
620 2171 723 2207 nobis
747 2183 925 2218 praesens
948 2172 1011 2208 lex
1034 2171 1232 2208 constituat
1255 2174 1291 2206 et
1312 2171 1465 2206 sanciat.
1523 2170 1642 2216 Atque
1665 2180 1807 2205 necesse
1830 2172 1884 2205 est
1899 2168 2046 2216 prolem
2067 2178 2162 2214 quae
2184 2167 2350 2211 moritur,
2375 2168 2451 2205 sive

227 2215 422 2250 masculam
447 2216 520 2251 sive
541 2217 735 2262 feminam,
766 2221 831 2253 aut
861 2220 1027 2253 testatam
1056 2217 1154 2252 mori
1182 2219 1247 2252 aut
1275 2216 1501 2252 intestatum:
1530 2215 1692 2261 primum
1715 2214 1829 2261 iqitur
1852 2213 1897 2250 iis
1921 2224 2014 2260 quae
2043 2223 2094 2250 ea:
2117 2212 2339 2249 testamentis
2364 2216 2452 2249 sunt

225 2261 247 2295 1
315 2261 495 2306 expositis
533 2261 701 2308 deinceps
740 2262 790 2297 ad
826 2262 989 2297 ordinem
1025 2261 1071 2298 ab
1101 2262 1272 2297 intestato
1309 2260 1497 2297 veniemus.
1593 2258 1725 2306 Itaque
1761 2259 1795 2295 si
1828 2259 1936 2305 filius·
1963 2258 2119 2305 leqitime
2157 2261 2310 2295 testatus
2341 2257 2451 2294 matri

226 2306 464 2341 substantiam
492 2306 549 2342 vel
578 2307 685 2342 etiam
709 2310 856 2353 partem
887 2308 964 2343 eius
997 2307 1156 2353 aliquam
1187 2306 1394 2352 reliquerit,
1426 2305 1522 2341 lianc
1553 2304 1620 2340 illa
1652 2304 1810 2351 accipiat
1830 2315 1906 2350 pro
1935 2306 1989 2339 ter
2017 2303 2236 2350 scripmram
2303 2302 2450 2339 uoniam

227 2350 483 2395 defunctorum
507 2351 711 2387 voluntates
742 2352 866 2398 utique
896 2353 1040 2388 servari
1067 2352 1264 2394 volumus),
1296 2355 1406 2397 atque
1437 2350 1514 2387 eius
1537 2349 1638 2402 quod
1658 2349 1823 2385 relictum
1851 2360 1892 2385 ve
1928 2348 2053 2385 datum
2082 2351 2135 2384 est
2158 2351 2231 2384 tam
2303 2347 2451 2384 minium

228 2406 335 2439 quam
356 2396 622 2447 usumfructum
646 2396 786 2432 habeat.
843 2396 1150 2440 Quemadmodum
1173 2397 1266 2432 enim
1291 2399 1468 2432 extraneo
1492 2395 1604 2431 alicui
1630 2394 1836 2440 relinquere
1859 2393 1991 2430 licebat
2024 2403 2090 2429 nec
2137 2393 2306 2439 uicquam
2328 2391 2452 2429 heredi

228 2440 421 2475 secundum
446 2441 544 2476 illius
574 2442 841 2477 matrimonium
872 2442 1043 2484 nocebat,
1075 2443 1128 2477 ita
1151 2442 1260 2478 etiam
1284 2441 1347 2487 qui
1370 2452 1505 2488 quaeve
1531 2439 1641 2476 matri
1664 2439 1738 2475 sive
1760 2438 1994 2476 hereditatem
2015 2438 2090 2475 sive
2112 2404 2269 2484 qeqatum
2291 2437 2451 2490 reliquit,

228 2489 324 2519 recte
347 2485 531 2531 relinquat
554 2490 625 2521 tam
649 2487 687 2521 in
703 2487 971 2533 proprietatem
996 2498 1104 2533 quam
1127 2487 1166 2522 in
1189 2487 1473 2533 usumfructum,
1502 2485 1577 2522 sive
1607 2484 1647 2520 id
1675 2485 1724 2520 sit
1751 2495 1801 2522 ex
1830 2483 1939 2520 rebus
1969 2494 2064 2529 quae
2085 2483 2313 2519 extrinsecus
2334 2493 2367 2519 et
2390 2482 2451 2519 ob-

228 2529 253 2564 2
307 2535 479 2565 venerunt
501 2531 573 2566 sive
596 2532 703 2566 etiam
724 2543 774 2567 ex
796 2534 972 2578 paternis,
997 2543 1083 2568 neve
1103 2531 1287 2578 fratribus
1311 2531 1503 2577 quicquam
1527 2530 1701 2566 adversus
1723 2529 1792 2565 lzoc
1812 2528 2062 2565 contradicere
2085 2527 2214 2580 liceat..
2275 2527 2342 2563 Sin
2365 2538 2451 2564 vero

230 2574 420 2609 intestatus
438 2575 538 2619 filius
561 2576 768 2619 decesserit,
801 2588 878 2612 cum
907 2582 1022 2613 mater
1053 2578 1126 2612 iam
1157 2576 1207 2612 ad
1235 2576 1413 2612 secundas
1440 2575 1589 2622 nuptias
1612 2574 1749 2611 venerit
1775 2574 1833 2610 vel
1853 2574 1961 2610 etiam
1981 2576 2113 2620 postea
2133 2575 2272 2616 vemat,
2302 2576 2452 2609 vocetur

231 2618 372 2662 quidem
400 2623 433 2653 et
460 2620 541 2665 ipsa
567 2631 646 2655 cum
668 2621 737 2665 filii
753 2622 896 2666 filiaeve
918 2622 1101 2668 fratribus
1124 2622 1163 2657 in
1186 2622 1311 2669 capita
1333 2621 1471 2657 scilicet
1491 2619 1686 2656 secundum
1710 2623 1874 2655 nostram
1898 2618 2188 2654 constitutionem
2210 2617 2256 2654 ab
2277 2617 2450 2654 intestato

230 2663 280 2696 ad
309 2663 406 2697 illius
437 2665 705 2700 successionem.
776 2666 848 2702 Sed
878 2678 1125 2713 quaecumque
1154 2677 1203 2703 ex
1226 2671 1390 2713 paterna
1421 2665 1625 2702 substantia
1660 2664 1710 2701 ad
1732 2664 1849 2710 filium
1876 2666 2140 2710 pervenerunt,
2173 2672 2298 2698 eorum
2333 2661 2451 2698 solum

231 2706 361 2742 babeat
394 2710 677 2753 usumfructum,
716 2722 809 2756 quae
846 2712 990 2748 omnino
1029 2712 1208 2748 secundas
1242 2711 1393 2758 nuptias
1426 2714 1492 2746 aut
1526 2714 1636 2746 antea
1672 2714 1739 2745 aut
1763 2713 1899 2756 postea
1935 2708 2075 2743 inierit:
2120 2706 2171 2742 ad
2207 2710 2328 2743 cetera
2365 2717 2450 2743 vero

231 2752 333 2802 bona.
360 2753 497 2794 omnia,
533 2765 776 2800 quaecumque
801 2756 880 2801 filio
912 2758 1141 2793 extrinsecus
1171 2761 1280 2793 erant
1303 2759 1454 2803 praeter
1481 2758 1678 2802 paternam
1712 2755 1990 2800 successionem,
2025 2752 2145 2789 veniat
2173 2751 2367 2788 secundum
2396 2752 2451 2788 in»

231 2797 435 2831 vitationem
461 2803 621 2832 nostram
644 2810 751 2844 quam
771 2801 893 2836 statim
917 2802 1075 2838 dicemus
1098 2802 1223 2849 aliqua
1247 2801 1474 2838 correctione
1503 2800 1510 2807 '
1535 2810 1614 2836 sam
1639 2809 1784 2846 quoque
1806 2802 1977 2846 eqentem.
2024 2797 2145 2844 Atque
2166 2795 2256 2833 haee
2278 2795 2324 2833 de
2344 2796 2453 2832 rebus

230 2841 381 2875 dicimus
402 2852 494 2886 quae
517 2847 601 2877 sunt
624 2848 731 2878 extra
754 2847 1037 2893 antenuptialem
1059 2847 1300 2883 donationem.
1360 2845 1455 2881 Nam
1479 2810 1534 2881 «1²5⁷
1547 2844 1612 2880 illa
1644 2855 1738 2891 quae
1770 2855 1793 2879 a
1824 2843 1928 2879 nobis
1960 2846 1996 2879 et
2016 2847 2208 2889 praetcrea
2227 2852 2297 2889 per
2319 2840 2452 2878 Leonis

1422 2938 1435 2969 1
1459 2936 1569 2977 Hanc]
1590 2937 1702 2968 autem
1722 2937 1778 2976 (au
1790 2933 1854 2977 13²)
1875 2935 1953 2968 add.
1966 2932 2017 2966 R²
2028 2933 2113 2975 vuly.
2132 2930 2145 2976 ΙΙ
2161 2931 2257 2965 modo
2275 2931 2383 2976 suppl.
2402 2930 2453 2965 1⁷²

1373 2983 1405 3015 in
1418 2988 1504 3025 spat.
1516 2992 1587 3014 vac.
1611 2978 1624 3024 ΙΙ
1646 2981 1665 3014 2
1689 2979 1750 3012 sub
1773 2978 1825 3013 R2
1846 2977 1859 3022 ΙΙ
1883 2988 2005 3012 uenere
2026 2977 2088 3018 T²1
2113 2977 2229 3011 uenire
2247 2976 2371 3011 RVT¹
2396 2985 2452 3010 ve-

1372 3026 1486 3059 nerint
1505 3025 1590 3069 vuly.
1606 3027 1619 3068 ll
1639 3026 1658 3060 3
1682 3025 1848 3057 sancimus
1867 3024 1966 3068 vulq.]
1989 3023 2156 3055 sanximus
2184 3022 2248 3056 VT
2264 3020 2452 3055 sancximus

1373 3072 1406 3105 R
1421 3071 1434 3115 ss
1451 3070 1608 3113 quasdam
1621 3069 1720 3113 RVn
1737 3071 1759 3103 4
1777 3071 1822 3111 et]
1843 3069 1942 3101 etiam
1963 3067 2015 3102 V²
2025 3080 2052 3101 s.
2066 3080 2095 3101 υ.
2111 3067 2123 3110 ΙΙ
2141 3070 2220 3110 589.
2239 3066 2394 3109 deinceps
2408 3085 2449 3090 —

1372 3116 1591 3149 hereditatem
1608 3116 1716 3159 suppl.
1738 3113 1786 3148 V²
1800 3115 1844 3148 -in
1867 3121 1951 3157 spat.
1977 3111 2078 3156 vomu
2106 3113 2127 3146 6
2151 3111 2198 3144 cis
2225 3111 2302 3152 VT]
2326 3110 2398 3144 eius
2417 3110 2451 3145 R

1373 3171 1426 3194 eas
1449 3161 1534 3212 vulq.
1553 3159 1566 3205 ΙΙ
1580 3159 1645 3192 filii
1668 3159 1717 3195 R¹
1731 3160 1833 3203 vala]
1858 3157 1937 3191 filiis
1959 3157 2010 3191 R'
2020 3156 2107 3200 VTfl
2131 3155 2299 3197 contingit
2318 3155 2375 3199 Vl}
2401 3156 2450 3189 De

1374 3206 1437 3247 his]
1450 3206 1614 3248 Deinceps
1625 3204 1676 3238 R¹
1693 3204 1707 3249 ΙΙ
1722 3206 1741 3238 ’1
1767 3205 1917 3237 uirorum
1934 3202 1977 3237 V¹
1994 3201 2007 3246 ΙΙ
2024 3203 2044 3236 8
2060 3201 2115 3235 lex
2131 3200 2248 3235 oin-13²
2266 3199 2279 3244 ΙΙ
2300 3202 2336 3235 11
2358 3201 2450 3243 ergo]

1373 3260 1452 3302 erga
1468 3251 1507 3291 V,
1531 3263 1589 3284 om.
1607 3251 1693 3294 vulq.
1711 3249 1724 3294 ΙΙ
1746 3250 1784 3283 13
1807 3247 1936 3282 testatis
1957 3246 2036 3291 1⁷¹1}
2056 3247 2097 3280 14
2118 3245 2233 3278 matris
2256 3245 2306 3278 Β*
2324 3244 2337 3289 ΙΙ
2353 3245 2450 3297 hauc]

1373 3295 1588 3374 witin?
1589 3293 2075 3382 ⁰„5².'¹.11¹⁷20⁶‘‹1‘5131‘1¹n31¹2²215
2086 3292 2157 3368 ἓξὲξ
2171 3290 2228 3367 Ἦ
2241 3289 2452 3380 ιὲῗδῖἔῖὼῖι

1375 3387 1414 3419 21
1442 3385 1614 3417 dominum
1637 3353 1751 3426 1311711
1776 3383 1818 3417 22
1843 3392 1883 3415 ex
1906 3380 2005 3432 rebus
2029 3390 2114 3422 quae
2137 3393 2195 3414 om.
2221 3380 2269 3414 R¹
2285 3379 2299 3423 ΙΙ
2323 3380 2366 3414 29
2390 3389 2450 3412 uo-

1374 3432 1470 3462 catur
1492 3430 1526 3463 R
1544 3428 1557 3474 ΙΙ
1573 3428 1662 3471 quod
1686 3426 1851 3472 R¹nfl1io
1873 3426 1909 3460 R
1932 3425 2011 3459 filiis
2036 3424 2095 3469 ΤΙΙ
2119 3427 2158 3459 31
2185 3427 2342 3467 quantam
2365 3423 2416 3458 Β*
2437 3421 2452 3467 Ι

1375 3485 1459 3516 quae
1484 3487 1543 3509 om.
1566 3476 1652 3518 vulq.
1680 3472 1694 3517 [Ι
1724 3474 1767 3507 32
1801 3481 1915 3505 eorum
1946 3470 2067 3504 habeat
2096 3469 2301 3503 solummodo
2330 3468 2451 3502 habeat

231 3514 311 3553 ΕΒ,
326 3526 412 3551 ’νη-ς
430 3514 442 3558 ΙΙ
459 3516 501 3548 33
522 3513 642 3547 τούτω
655 3514 700 3547 L¹
717 3514 824 3547 τοῦτο
839 3514 896 3546 Mu
915 3515 927 3556 ΙΙ
941 3512 1056 3555 μόνον
1070 3517 1099 3548 L
1117 3516 1129 3558 ΙΙ
1148 3519 1188 3550 34
1210 3519 1305 3561 πρῶ·
1374 3520 1423 3552 R¹
1449 3519 1463 3562 ΙΙ
1489 3521 1532 3554 36
1556 3519 1696 3552 ueniant
1718 3515 1848 3561 RVTu
1878 3517 1919 3550 37
1945 3515 2091 3548 dicemus
2113 3515 2201 3559 vuly.
2225 3513 2281 3557 (al.
2306 3513 2452 3547 dicemus

230 3570 296 3589 τον
322 3559 372 3591 B!
395 3560 407 3602 ΙΙ
430 3556 670 3603 ἀφικνουμένη
696 3559 727 3592 L
755 3560 767 3601 li
797 3561 840 3591 40
865 3559 997 3600 ἐκείνης
1023 3558 1125 3600 ΜΒΒ]
1163 3562 1307 3596 ἐκείνοις
1384 3563 1432 3596 V²
1455 3576 1481 3597 s.
1495 3565 1539 3606 υ.)
1556 3563 1570 3608 11
1586 3562 1825 3597 correctionem
1847 3561 1893 3595 V¹
1915 3561 2124 3603 correptione
2147 3561 2179 3593 R
2196 3558 2210 3604 fl
2226 3560 2267 3594 38
2288 3559 2324 3591 in
2342 3557 2455 3636 ‘⁰3:2¹

232 3603 321 3638 [²555
1376 3617 1474 3648 quam
1491 3610 1603 3641 statim
1620 3608 1760 3642 dicimus
1777 3605 1917 3649 quadam
1935 3606 2154 3639 correctiones
2174 3603 2310 3638 aaa&
2326 3603 2340 3647 11
2355 3613 2378 3645 q
2438 3603 2451 3643 ]

1376 3661 1472 3692 quam
1495 3653 1555 3695 12¹,
1580 3667 1638 3686 om.
1662 3652 1712 3687 1⁷²

281 2933 295 2965 1
320 2932 469 2963 ἐναντία
493 2929 696 2977 διηγόρευον
723 2935 767 2966 131
792 2935 804 2977 Ιὶ
826 2932 910 2977 ἡμῖν
935 2937 982 2969 L¹
1012 2936 1025 2981 ΙΙ
1052 2939 1071 2970 2
1102 2939 1162 2971 καὶ
1186 2937 1252 2970 νῦν
1276 2945 1304 2970 et

230 2972 356 3018 μόναις
380 2976 535 3027 σηιΒῇΙΙ
567 2980 585 3009 5
611 2976 687 3019 ε’ξῆς
712 2979 782 3019 Μς]
807 2979 845 3019 ἐξ
868 2977 972 3025 ἀρχῆς
997 2982 1065 3015 LB
1092 2982 1104 3025 ΙΙ
1132 2985 1149 3015 7
1178 2978 1304 3015 αὐτοὺς

234 3020 345 3063 L¹Bu
365 3023 441 3063 7sq.
473 3022 520 3052 Τα
544 3018 583 3053 δὲ
605 3041 638 3045 -Ᾰ
660 3020 788 3067 ἀνδρὸς
812 3037 869 3057 om.
885 3026 953 3068 ΜΙΙ
971 3028 990 3060 8
1015 3026 1101 3060 *ἐπὶ
1124 3029 1180 3070 (ch
1195 3028 1239 3068 ς)]
1265 3027 1304 3060 ἐν

233 3066 301 3098 LB
316 3065 329 3109 ss
347 3064 395 3097 εἰς
418 3062 586 3109 δεύτερον
606 3065 786 3109 φοιτώσας
809 3064 953 3115 ἀνδρῶν
972 3071 1013 3103 L¹
1037 3072 1234 3115 φοιτώσαις
1257 3071 1305 3105 εἷς

231 3107 314 3152 δευξ
328 3111 396 3155 ’ρου
414 3106 600 3162 ἄνδρὸςυΒῑ
624 3110 671 3144 εἰς
690 3108 855 3157 δεύτερον
877 3112 1072 3168 φοιτώσαις
1090 3114 1205 3162 ἄνδρα
1226 3116 1277 3150 B!
1293 3115 1305 3161 ΙΙ

230 3158 251 3188 9
275 3153 376 3187 οὗτος
402 3156 485 3195 ML]
511 3166 624 3188 ουτως
647 3156 704 3191 Be
732 3156 745 3198 ΙΙ
772 3168 942 3190 τυπουτω
965 3171 1004 3191 τε
1027 3163 1085 3193 καὶ
1110 3158 1244 3194 διαθεσ
1292 3180 1304 3187 -

231 3199 402 3240 θετείτω]
428 3199 622 3242 disponatur
636 3203 668 3231 et
680 3201 847 3233 sauciatur
860 3215 879 3238 ς
897 3203 909 3245 1}
925 3206 975 3244 τε]
1001 3201 1040 3236 δὲ
1056 3206 1100 3238 L¹
1122 3206 1133 3247 ΙΙ
1153 3209 1191 3241 13
1214 3174 1305 3239 1}ssss-

230 3242 375 3287 σόμεθα
399 3244 436 3278 Β
452 3244 465 3288 ΙΙ
498 3247 536 3278 18
559 3241 580 3287 ἢ
601 3242 792 3287 δεδομένον
816 3259 874 3278 om.
889 3247 924 3279 B
947 3247 959 3291 ΙΙ
986 3250 1029 3281 24
1054 3246 1151 3292 αὐτῷ
1179 3264 1235 3284 om.
1251 3264 1270 3287 ς
1295 3252 1298 3294 Ι

230 3288 1082 3376 teutsinus'¹21²{s2'221231553220ult222¹¹
1102 3297 1160 3346 ἐἰ
1172 3297 1282 3347 “m-¹²«
1294 3298 1306 3338 ¹¹

230 3379 282 3412 B!
303 3380 363 3420 τῆς
384 3347 516 3425 μηῖἳτρὸς
540 3363 717 3420 ἐλθούσης
739 3347 884 3424 γάμουςη
895 3348 1307 3427 Βῖῐῖμΐυδηιῖτῗῐπηζζίῗοῗ]

229 3424 291 3465 τῆς
315 3421 444 3458 παιδὸς
468 3438 526 3458 om.
541 3425 575 3457 B
592 3424 604 3467 ΙΙ
622 3420 791 3468 ἀδελφῶν
809 3425 880 3464 Mc]
906 3420 926 3465 ἢ
942 3427 1001 3456 καὶ
1026 3422 1306 3470 ἀδελφοπαίδων

231 3470 308 3501 add.
324 3470 392 3502 LB
408 3470 420 3513 ΙΙ
439 3471 474 3502 in
491 3469 601 3511 capita
621 3466 787 3511 δηλονότι
805 3469 862 3508 M]
884 3471 1126 3511 προσωπικῶς
1142 3469 1306 3514 δηλονότι

2580 2405 2592 2631 ‘mn-*a—
2588 2378 2592 2393 ..ε
2588 2337 2592 2352 r.
2584 2299 2592 2324 „v
2589 2274 2592 2279 l

2577 3619 2582 3633 ⁴
2574 3488 2592 3575 ,φη-*Α
2571 3430 2574 3437 ‘
