2592 3840
232 101 340 147 Nov.
360 102 465 147 clv.
522 103 594 148 GV
612 117 674 160 pr.
1298 102 1381 150 500
1590 119 1651 150 nn
1669 118 1904 152 rasarone
1921 91 2124 153 alcman.
2180 119 2443 154 naconem..
2562 0 2592 165 l

2575 168 2592 235 l.

1288 238 1379 276 01v.
1632 230 1634 232 ’
2182 242 2446 281 sumum.

797 303 927 362 <DE
976 307 1415 358 PRAETORE
1470 307 1884 366 SICILIAE.)

874 383 975 419 Idem
992 383 1084 429 Aug.
1106 383 1322 422 Triboniano
1347 385 1528 430 quaestori
1547 386 1642 423 sacri
1660 386 1796 432 palatii.

365 449 444 484 Tua
475 449 657 493 cognoscit
688 449 888 486 sublimitas
912 454 1036 495 utpote
1059 452 1157 497 operi
1181 453 1384 497 quaestorio
1408 452 1614 497 praeposita
1645 455 1682 490 et
1711 454 1826 490 nostri
1858 453 1997 490 consilii
2025 453 2206 500 particeps
2238 454 2445 498 constituta,

230 494 324 539 quod
347 494 488 529 Siciliae
518 495 721 538 provinciae
752 495 946 531 secundum
969 497 1084 532 instar
1112 498 1334 542 antiquitatis
1365 502 1566 543 praetorem
1594 498 1849 544 praefecimus,
1882 499 1960 535 eius
1984 501 2025 534 ut
2047 499 2304 543 gubernatione
2327 500 2446 536 omnia
2489 500 2511 534 5

228 540 367 583 privata
389 544 607 583 peragantur
631 545 667 574 et
689 539 860 576 militares
883 551 1061 585 expensae
1079 546 1330 595 procurentur.
1378 542 1471 578 Nam
1492 542 1655 587 publicas
1679 544 1835 580 eiusdem
1864 545 2002 579 insulae
2024 544 2226 580 functiones
2250 545 2317 581 sub
2340 544 2444 581 iuris-

232 583 386 619 dictione
415 584 478 619 viri
508 584 793 620 excellentissimi
825 586 965 622 comitis
997 595 1091 623 sacri
1115 587 1320 633 patrimonii
1351 598 1415 633 per
1441 587 1582 623 Italiam
1612 598 1689 624 esse
1717 589 1866 634 antiqua
1898 589 2117 625 consuetudo
2147 589 2312 632 tradidit,
2343 589 2446 626 cuius

185 631 206 666 1
230 629 444 664 auctoritate
467 631 541 664 tam
565 630 704 665 exactio
729 640 835 675 quam
858 631 970 667 illatio
994 641 1115 667 earum
1138 633 1359 677 procederet.
1453 633 1523 668 Sed
1569 632 1630 669 uia
1652 633 1732 669 lites
1754 633 1793 669 in
1815 637 1917 669 tanta
1938 634 2123 680 provincia
2142 634 2277 670 moveri
2299 643 2447 670 necesse

230 676 293 715 est,
326 674 486 725 volumus
509 677 565 716 ut,
597 674 630 710 si
653 675 795 720 quando
819 676 1036 721 appellatum
1059 676 1169 713 fuerit
1190 688 1213 713 a
1235 682 1400 722 praetore
1430 678 1485 712 vel
1509 687 1532 712 a
1546 643 1647 714 1iluce
1676 678 1733 714 vel
1755 679 1801 714 ab
1824 679 1943 724 aliquo
1974 679 2093 715 iudice
2115 679 2274 715 eiusdem
2295 679 2351 716 ins

229 718 484 762 appellationes
505 729 626 755 omnes
649 721 695 755 ad
712 723 814 755 tuum
829 721 1009 766 fastigium
1032 725 1200 767 tuamque
1224 723 1341 758 sedem
1357 723 1593 764 remittantur,
1617 726 1653 758 et
1673 723 1750 769 ipse
1768 724 1896 760 merita
1916 734 2037 760 earum
2059 734 2157 760 more
2174 724 2446 762 consultationis
2471 725 2513 759 1⁰

229 763 399 799 discutias
424 768 461 799 et
483 765 530 799 ad
554 769 712 800 nostram
735 765 869 802 referas
894 767 1094 810 scientiam,
1120 770 1296 812 quatenus
1320 772 1384 803 tua
1406 767 1511 803 nobis
1534 768 1677 812 cognita
1700 768 1930 814 dispositione
1952 779 1997 805 ex
2016 772 2141 805 nostra
2163 769 2378 806 auctoritate
2400 769 2446 806 lis

229 809 425 851 dirimatur,
450 819 566 854 neque
589 810 636 845 ad
659 811 873 847 anteriorem
896 811 1046 847 Romam
1075 822 1191 857 neque
1215 812 1261 847 ad
1285 812 1393 848 alium
1415 813 1569 848 iudicem
1592 814 1698 850 huius
1721 813 1839 859 regiae
1863 814 2015 850 civitatis
2040 817 2152 858 eatur,
2183 814 2247 850 sed
2267 814 2346 860 ipse
2368 815 2447 851 vice

180 853 205 889 2
229 854 323 888 sacri
346 854 536 898 cognitoris
560 855 685 890 audias
708 858 745 891 et
767 856 864 891 litem
888 856 1043 893 dirimas.
1135 858 1185 892 Et
1208 868 1280 893 non
1302 859 1416 893 solum
1447 858 1538 893 haec
1568 862 1666 893 tuam
1696 858 1975 894 iurisdictionem
2005 858 2182 904 respicere
2211 859 2444 902 decernimus,

229 898 291 934 sed
314 899 420 934 etiam
453 901 482 935 si
507 900 591 944 quid
614 900 712 937 aliud
744 901 844 937 civile
867 902 1053 937 ordinatur
1084 902 1177 947 quod
1201 902 1468 938 confirmatione
1492 903 1668 947 indigeat,
1699 902 1737 938 id
1761 908 1814 939 est
1836 914 1902 949 pro
1927 903 2171 940 defensoribus
2198 904 2254 940 vel
2282 905 2445 950 patribus

229 944 411 979 civitatum
435 945 634 986 decretum,
669 947 774 990 [nam]
798 947 835 982 id
858 957 999 992 quoque
1022 947 1067 983 ad
1091 954 1188 983 tuam
1212 948 1332 983 sedem
1354 948 1496 991 remitti,
1527 952 1568 983 ut
1590 959 1655 993 per
1677 953 1775 983 tuam
1798 948 2011 984 sententiam
2038 953 2267 994 nostramque
2288 949 2444 985 auctori·
2471 950 2513 983 15

229 994 339 1024 tatem
362 990 567 1026 roboretur:
603 991 686 1036 quia
710 1001 849 1036 semper
873 992 996 1027 Sicilia
1020 993 1121 1037 quasi
1144 993 1323 1038 peculiare
1346 993 1479 1038 aliquid
1503 993 1726 1029 commodum
1748 993 2020 1038 imperatoribus
2044 994 2213 1036 accessit,
2244 997 2282 1029 et
2304 997 2448 1040 oportet

228 1044 286 1069 res
311 1034 441 1077 civiles,
467 1045 547 1070 cum
571 1035 726 1081 aliquam
749 1037 939 1072 habuerint
961 1038 1234 1080 dubitationem,
1258 1038 1374 1074 nostri
1397 1038 1597 1082 quaestoris
1620 1038 1752 1074 iudicio
1776 1038 1907 1082 dirimi,
1932 1038 2026 1084 quod
2049 1039 2211 1084 accipere
2234 1048 2257 1074 a
2274 1040 2340 1074 tua
2361 1039 2445 1075 sub-

227 1079 377 1114 limitate
402 1090 601 1123 censemus,
633 1091 739 1126 quam
762 1092 828 1117 nos
852 1083 1094 1127 proveximus,
1127 1093 1233 1127 quam
1256 1083 1410 1127 legitimo
1435 1084 1535 1128 operi
1559 1083 1847 1129 praeposuimus,
1879 1084 1981 1119 cuius
2005 1094 2114 1128 opere
2138 1088 2247 1129 atque
2268 1083 2448 1120 industria

230 1124 343 1160 omnis
366 1125 482 1170 legum
506 1126 730 1171 ambiguitas,
761 1129 876 1163 omnis
899 1128 1051 1163 latitudo
1074 1128 1112 1163 in
1136 1132 1360 1173 praesentem
1384 1129 1610 1164 concordiam
1633 1134 1669 1164 et
1691 1128 1879 1174 pulchram
1901 1129 2109 1164 brevitatem
2132 1129 2303 1174 pervenit.
2556 1164 2558 1166 .

179 1168 206 1206 8
364 1170 463 1214 Quae
485 1171 592 1214 igitur
614 1182 678 1216 per
699 1172 793 1207 hanc
816 1173 969 1208 divinam
993 1173 1103 1217 legem
1127 1177 1251 1209 nostra
1274 1173 1429 1209 decrevit
1452 1174 1662 1216 aeternitas,
1686 1179 1750 1209 tua
1774 1173 1974 1209 sublimitas
1999 1174 2115 1209 sciens
2138 1173 2448 1220 praeceptionibus
2470 1173 2513 1207 20

229 1216 304 1250 suis
327 1215 519 1252 admoneat
542 1216 744 1252 Sicilienses
765 1217 913 1260 iudices,
939 1222 1114 1262 quatenus
1135 1219 1260 1262 sciant,
1286 1219 1344 1254 cui
1361 1219 1516 1254 debeant
1536 1228 1664 1254 causas
1683 1218 1924 1264 appellatione
1942 1228 2135 1264 suspensas
2153 1218 2298 1262 referre,
2319 1221 2363 1254 ut
2383 1228 2449 1264 per

227 1265 309 1295 tuas
332 1264 546 1305 tuorumque
578 1271 826 1298 successorum
856 1263 1099 1308 suggestiones
1131 1264 1250 1299 omnia
1280 1264 1383 1299 nobis
1407 1263 1679 1300 manifestentur
1711 1268 1747 1299 et
1769 1263 1952 1299 videamur
1979 1273 2046 1309 per
2069 1264 2276 1309 semetipsos
2307 1263 2448 1300 easdem

229 1315 357 1340 causas
380 1316 561 1351 peragere.
610 1307 702 1342 Esse
732 1307 825 1343 enim
855 1319 928 1344 non
959 1308 1139 1353 indignum
1168 1309 1381 1354 putavimus,
1413 1309 1487 1354 <ut>
1510 1309 1669 1345 Siciliam
1691 1310 1853 1345 nostrum
1883 1309 2141 1354 quodammodo
2161 1309 2338 1355 peculium
2362 1319 2447 1345 con-

229 1351 391 1387 stitutum
414 1356 618 1387 nostrorum
641 1352 823 1398 particeps
847 1353 1075 1389 consiliorum
1099 1356 1268 1399 quaestor
1290 1354 1357 1390 sub
1381 1353 1626 1390 iurisdictione
1649 1365 1715 1390 sua
1737 1353 1921 1400 suscipiat.

361 1396 464 1443 (Dat.
487 1411 549 1429 en
575 1397 663 1433 Dec.
687 1399 771 1442 imp.
795 1399 853 1434 dn.
877 1399 1064 1435 Iustiniani
1087 1410 1146 1444 pp.
1170 1401 1262 1444 Aug.
1287 1409 1382 1435 anno
1407 1399 1470 1434 XI.
1493 1410 1530 1445 p.
1551 1411 1583 1436 c.
1608 1399 1772 1436 Belisarii
1795 1410 1825 1435 v.
1849 1409 1880 1435 c.
1906 1408 2000 1435 anno
2023 1398 2090 1445 11.)
2306 1401 2354 1442 [a.
2368 1399 2448 1440 5321]
2471 1398 2538 1445 25,

1136 1537 1535 1544 ————-.-—-—.——I

736 1638 796 1682 ff.
1775 1646 1847 1684 cv.
1894 1644 2187 1682 Auth.xxx1V.
2203 1644 2451 1682 eon.1Vtit.3

411 1712 590 1765 ΠΕΡΙ
619 1712 768 1766 ΤΩΝ
797 1711 1119 1765 ῩΠΑΤῼΝ.
1533 1715 1586 1764 R
1618 1715 1711 1764 DE
1746 1713 2168 1766 CONSULIBUS
2200 1715 2252 1764 R

269 1788 430 1838 Ἐγράφη
454 1794 669 1837 Στρατηγίῳ
693 1793 748 1846 ’ξῷ
771 1789 998 1847 ἐνδοξοτάτῳ
1022 1789 1152 1835 κόμητι
1175 1791 1254 1825 τῶν
1407 1791 1505 1828 Idem
1528 1793 1620 1836 Aug.
1638 1792 1806 1837 Stratigio
1830 1791 1950 1828 comiti
1973 1801 2157 1828 sacrarum
2179 1791 2419 1837 largitionum.

309 1837 427 1870 θείων
445 1835 668 1880 largitionum
688 1837 760 1873 απὸ
782 1835 936 1872 ὑπατων
954 1839 1014 1870 καὶ
1035 1839 1225 1881 πατρικίῳ.

296 1902 609 1949 (Προοίμιον.)
661 1903 706 1937 Τὸ
738 1906 800 1947 τῆς
829 1901 1002 1939 ὑπατείας
1030 1901 1147 1948 ὄνομά
1179 1916 1218 1938 τε
1249 1906 1308 1937 καὶ
1319 1907 1362 1940 30
1419 1902 1704 1950 (Praefatio.)
1749 1902 1964 1940 Consulatus
1987 1913 2118 1940 nomen
2140 1907 2303 1940 etcausa
2323 1901 2452 1949 priscis

229 1951 379 1995 πρᾶγμα
402 1952 476 1983 τοῖς
490 1950 556 1992 μὲν
572 1947 684 1982 πάλαι
699 1945 882 1994 Ῥωμαίοις
908 1948 996 1994 πρὸς
1019 1947 1087 1992 τὴν
1110 1949 1187 1982 τῶν
1203 1947 1307 1982 πολέ-
1375 1949 1515 1994 quidem
1543 1948 1715 1985 Romanis
1746 1948 1916 1984 adversus
1947 1949 2103 1984 hostium
2133 1949 2364 1985 adinventum
2394 1949 2451 1984 est

228 2008 310 2039 μων
333 1992 519 2037 ἐπενοήθη
541 1997 675 2038 χρείαν,
699 1991 766 2028 κᾶν
783 1998 861 2029 ταῖς
884 1994 1027 2039 ψήφοις,
1052 1990 1094 2027 (ἲς
1110 1990 1227 2027 αὐτοῖς
1246 1995 1307 2028 ἐπὶ
1375 1994 1580 2037 utilitatem,
1614 1997 1650 2029 et
1680 1995 1716 2028 in
1748 1993 1919 2036 decretis,
1955 2004 2048 2039 quae
2077 1993 2129 2030 eis
2158 1994 2197 2029 in
2227 1993 2452 2029 ordinatione
2511 2000 2514 2001 ⁷

228 2042 272 2083 τῆ
296 2043 498 2085 χειροτονίᾳ
520 2039 562 2072 ’τὸ
587 2039 712 2074 κοινὸν
735 2038 854 2074 ἐδίδου
885 2040 947 2083 τῆς
972 2038 1151 2073 πολιτείας
1178 2040 1306 2083 σχῆμα,
1375 2039 1569 2074 communis
1593 2039 1703 2074 dabat
1725 2038 1944 2084 reipublicae
1965 2038 2099 2084 figura,
2131 2038 2372 2075 sortiebantur
2393 2047 2450 2074 re-

229 2077 462 2131 δὶελάγχανον
499 2084 597 2131 [γὰρ]
628 2081 741 2119 εὐθὺς
771 2085 836 2119 τὰς
867 2085 1038 2130 ἐπαρχίας
1072 2085 1112 2118 ἐν
1143 2083 1197 2118 αῖς
1225 2081 1307 2118 Ῥω·
1375 2088 1481 2129 pente
1505 2084 1706 2129 provincias
1729 2084 1765 2118 in
1789 2084 1918 2128 quibus
1934 2083 2088 2121 Romani
2110 2083 2240 2120 bellum
2258 2083 2451 2126 habebant,

227 2134 345 2175 μαίοιε
368 2128 522 2174 πόλεμος
542 2124 604 2172 ἦν,
638 2132 697 2163 καὶ
730 2127 814 2164 κατ’
850 2126 960 2163 αὐτὰς
992 2127 1205 2175 ἐκληροῦντο
1243 2129 1308 2163 τὰς
1320 2133 1362 2165 35
1374 2132 1411 2165 et
1434 2129 1632 2165 secundum
1662 2130 1729 2164 has
1757 2128 1998 2165 sortiebantur
2020 2129 2157 2173 fasces;
2192 2137 2343 2174 sequens
2366 2137 2451 2164 vero
2513 2147 2516 2154 ι

229 2174 397 2223 ῥάβδους·
423 2173 575 2221 ὕστερον
594 2172 635 2208 δὲ
654 2172 674 2208 ὁ
694 2173 820 2220 χρόνος
843 2176 891 2209 εἰς
909 2175 978 2218 τὴν
997 2176 1074 2208 τῶν
1093 2171 1306 2219 εὐοεβεστά-
1374 2178 1446 2210 tem
1472 2185 1515 2209 us
1531 2175 1630 2209 inim
1658 2176 1839 2210 eratorum
1861 2174 2099 2220 piissimorum
2121 2178 2360 2219 transponens
2375 2173 2451 2209 bel-

227 2234 305 2255 των
338 2218 618 2265 αὐτοκοατόρων
646 2219 873 2264 μεταστήσας
909 2219 951 2254 τὸ
978 2218 1148 2263 πολεμεῖν
1179 2232 1218 2253 τε
1247 2223 1308 2253 καὶ
1373 2220 1434 2255 lan
1459 2219 1473 2254 i
1495 2223 1531 2254 et
1554 2220 1633 2264 pac'
1665 2219 1769 2254 candi
1797 2222 2010 2264 potestatem
2038 2219 2085 2255 ad
2107 2219 2308 2264 largitatem
2338 2218 2452 2254 solam

227 2265 374 2320 ⁸59⁷}va
392 2254 494 2312 ἅγίιν
507 2266 672 2306 ἐξουσίαν
686 2266 734 2300 εἷς
746 2265 955 2310 φιλοτιμίαν
969 2263 1087 2309 μόνην
1102 2263 1144 2299 τό
1160 2265 1308 2311 πρᾶγμα
1375 2274 1519 2300 causam
1545 2264 1751 2300 consulibus
1780 2265 1931 2300 mutavit
1959 2268 1996 2300 et
2024 2264 2119 2300 hane
2152 2266 2385 2310 temperatam
2404 2265 2453 2316 ‘et

227 2315 300 2354 τοῖς
323 2310 475 2346 υπάτοις
497 2314 691 2355 μετέστησε
723 2314 783 2344 καὶ
807 2311 943 2352 ταύτην
967 2309 1140 2356 σώφρονα
1167 2313 1227 2343 καὶ
1250 2322 1304 2343 τε·
1373 2307 1573 2346 ordinatam
1595 2319 1866 2354 mensuramque
1894 2320 1966 2346 non
1989 2309 2227 2346 excedentem.
2272 2307 2452 2362 Paulatim

228 2359 410 2403 vayue'myv
425 2356 543 2390 καὶτὸ
560 2359 692 2400 μέτρον
711 2353 772 2389 οὐκ
789 2357 1036 2400 ἐκβαίνουσαν.
1069 2354 1160 2388 κατὰ
1176 2354 1306 2401 μικρὸν
1317 2358 1361 2390 40
1374 2365 1457 2391 vero
1487 2354 1631 2399 quidam
1661 2356 1713 2390 ita
1744 2358 1952 2400 sumptuose
1986 2365 2132 2391 caueam
2165 2364 2324 2400 aggresel
2356 2354 2453 2397 Sunt,

228 2399 271 2435 δέ
283 2392 376 2436 τίνες
399 2397 496 2435 οὕτω
520 2398 683 2446 δαψιλῶς
709 2402 764 2443 τῷ
788 2400 975 2447 πράγματι
998 2399 1305 2445 προεηνέχθησαν,
1374 2404 1416 2435 ut
1433 2409 1535 2436 suam
1554 2400 1697 2445 quidem
1718 2400 1863 2436 ederent
1881 2399 2218 2445 magnanimitatem,
2241 2409 2315 2436 non
2331 2403 2454 2436 nmen
2503 2414 2506 2420 ·

228 2444 317 2482 ὥςτε
344 2448 414 2488 τὴν
443 2446 584 2480 ἑαυτῶν
613 2448 681 2489 μὲν
711 2443 947 2487 ἐνδείξασθαι
976 2445 1303 2492 μεγαλοφροσύνην,

295 2539 379 2573 Νου.
398 2537 487 2572 CIV
503 2537 553 2569 De
568 2539 719 2579 praetore
735 2537 869 2570 Siciliae
894 2538 1003 2571 eadem
1025 2544 1071 2570 est
1091 2544 1186 2580 atque
1208 2549 1279 2570 nov.
1292 2537 1407 2571 LXX
1413 2537 1511 2578 V(=
1523 2537 1673 2570 Anthent.
1687 2536 1839 2579 LXIII)
1862 2536 1912 2570 De
1935 2535 2215 2580 appellationibus
2237 2532 2381 2576 Siciliae,
2405 2533 2469 2579 bid:

226 2586 336 2628 posita
359 2585 392 2617 in
417 2595 550 2624 corpore
574 2583 769 2615 novellarum
795 2585 931 2626 indeque
956 2585 988 2615 in
1007 2583 1151 2625 epitomis
1174 2582 1301 2615 Iuliani
1321 2582 1500 2615 Athanasii
1524 2581 1695 2616 Theodori.
1746 2582 1799 2625 Cf.
1823 2594 1906 2625 quae
1927 2582 1984 2615 illo
2008 2581 2077 2614 loco
2102 2581 2304 2625 exposuimus
2323 2579 2463 2628 p.3'le,¹
2483 2588 2486 2589 ’

230 2631 285 2662 ubi
309 2642 346 2661 ex
370 2629 438 2661 cod.
462 2627 494 2660 V
512 2629 570 2669 qui
587 2628 674 2660 solus
699 2629 783 2660 hanc
806 2629 1056 2661 constitutionem
1080 2628 1221 2660 servavit
1245 2628 1467 2671 discrepantia
1491 2628 1673 2670 scripturae
1699 2628 1857 2660 adnotata
1881 2634 1936 2660 est.

230 2719 251 2753 1
274 2674 383 2752 lNov.
402 2673 431 2706 C
437 2673 470 2706 V
483 2673 799 2751 (ΛέιὲἡῐεῖἳΙΧΧΧΙ
807 2673 892 2706 V=
918 2673 997 2707 Call.
1011 2672 1074 2706 IV
1088 2673 1133 2706 tit.
1148 2673 1185 2705 3:
1209 2673 1321 2715 yloss.)
1348 2672 1475 2706 Graece
1498 2679 1585 2706 extat
1607 2673 1641 2706 in
1665 2672 1749 2706 ML.
1774 2690 1818 2696 ·-
1841 2671 1933 2716 Epic.
1959 2671 2079 2705 Theod.
2106 2671 2182 2714 105,
2213 2670 2334 2704 Athan-
2356 2661 2495 2712 22,1-’

253 2732 271 2752 ιι
286 2720 351 2752 ian.
378 2725 475 2751 const.
665 2741 673 2749 .
2468 2735 2498 2749 ,q

1047 2903 1151 2955 DE
1194 2837 1637 2957 congemens,

433 2982 581 3030 Scripta
605 2987 657 3019 est
680 2982 863 3029 Strateqio
886 2982 1147 3028 qloriosissimo
1172 2983 1292 3019 comiti
1313 2994 1502 3019 sacrarum
1523 2982 1762 3029 larqitionum
1785 2991 1835 3018 ex
1857 2981 2005 3017 consule
2028 2986 2064 3018 et
2080 2981 2253 3028 patricio.

367 3051 632 3097 Praefatio.
681 3050 896 3086 Consulatus
919 3054 954 3085 et
977 3061 1106 3085 nomen
1136 3054 1170 3085 et
1200 3061 1259 3086 res
1289 3062 1311 3086 a
1335 3050 1513 3086 veteribus
1536 3049 1713 3085 Romanis
1741 3048 1791 3084 ad
1819 3048 1993 3084 bellorum
2024 3048 2364 3100 usum-excoquam
2385 3046 2477 3100 άίρζ

233 3103 269 3135 et
284 3109 357 3146 per
380 3097 525 3133 decreta
548 3107 643 3142 quae
666 3095 711 3130 iis
732 3099 819 3141 post
841 3095 1058 3130 creationem
1083 3096 1282 3131 communis
1303 3095 1526 3141 reipublicae
1554 3094 1679 3139 forma
1699 3093 1809 3130 dabat
1828 3094 1949 3128 statim
1967 3103 2181 3139 provmczas
2196 3094 2320 3144 part‘·
2411 3136 2434 3146 .-
2456 3124 2475 3146 ‚¹

233 3145 271 3179 in
292 3142 422 3190 quibus
447 3141 599 3177 Romani
623 3140 750 3176 bellum
775 3139 962 3181 habebant,
986 3143 1020 3174 et
1042 3140 1237 3175 secundum
1261 3151 1304 3176 ea
1326 3140 1570 3176 sortiebantur
1590 3139 1737 3185 fasces;
1760 3143 1894 3184 postea
1916 3148 2000 3173 vero
2025 3142 2091 3173 tem
2121 3149 2175 3180 us,
2202 3148 2284 3173 cum
2305 3148 2346 3190 ⁸²⁸.
2434 3181 2439 3184 .
2473 3151 2477 3154 ⁴

233 3190 404 3225 simorum
427 3187 684 3233 imperatorum
704 3188 919 3231 potestatem
943 3188 979 3219 et
1000 3184 1130 3220 bellum
1153 3185 1349 3231 qerendum
1373 3189 1407 3221 et
1424 3194 1555 3231 pacem
1579 3182 1757 3229 aqendam
1783 3182 2016 3228 tratwferret,
2041 3194 2063 3217 a
2111 3182 2227 3230 solam
2245 3193 2343 3218 mum
2371 3189 2465 3219 cem

236 3235 322 3270 tiam
347 3233 554 3269 consulibus
580 3242 656 3267 rem
680 3230 819 3276 redeqit
848 3240 998 3275 eamque
1021 3229 1244 3265 moderatam
1269 3230 1545 3275 ordinatamque
1567 3238 1632 3263 nec
1654 3228 1798 3263 modum
1821 3227 2062 3263 excedentem.
2120 3227 2249 3264 Verum
2269 3226 2462 3274 paulam*

235 3279 407 3314 nonnulli
427 3277 519 3313 adeo
538 3276 715 3324 profusis
737 3274 938 3321 sumptibus
961 3285 1040 3310 eam
1063 3285 1138 3310 rem
1162 3275 1328 3320 aqqressi
1349 3279 1445 3318 sunt,
1467 3278 1509 3309 ut
1530 3283 1633 3308 suam
1656 3272 1798 3318 quidem
1822 3273 2124 3319 maqnificentiam
2148 3276 2372 3309 ostentarent
2387 3268 2467 3346 πάξ·

303 3372 343 3405 27
359 3371 446 3403 rubr.
471 3369 561 3412 Περὶ
590 3366 668 3400 τῶν
697 3362 849 3399 ὑπάτων
881 3365 938 3405 Μ]
975 3366 1064 3408 Περὶ
1096 3360 1251 3398 ὑπάτων
1280 3365 1312 3398 L
1447 3365 1489 3398 28
1512 3362 1655 3396 stratilio
1685 3364 1721 3405 T,
1751 3362 1918 3405 Strategio
1940 3364 2026 3415 vulg.
2049 3363 2062 3406 ΙΙ
2086 3363 2206 3396 comite
2229 3362 2291 3414 R]
2315 3363 2359 3397 32
2381 3361 2459 3396 ei.-

236 3419 312 3451 ΑιΙι.
340 3416 459 3449 Theod.
489 3414 501 3457 11
531 3414 572 3447 28
594 3414 689 3445 inser.
713 3407 751 3444 Ὁ
775 3406 881 3443 αὐτὸς
904 3407 1071 3461 §aod-eos
1096 3411 1311 3461 Στρατηγίςρ
1380 3408 1480 3461 R2Jj¹
1499 3408 1512 3452 ΙΙ
1529 3408 1589 3441 *in
1611 3409 1831 3450 ordinatione]
1856 3408 2023 3441 ordinatio
2048 3410 2124 3442 libri
2137 3408 2149 3451 ΙΙ
2168 3409 2210 3442 33
2228 3417 2294 3441 reis
2311 3417 2346 3451 p.
2369 3402 2457 3453 8⁸}

235 3461 364 3516 ew
388 3456 629 3535 hamar»
652 3457 787 3542 Ἢ
809 3454 1205 3534 ’μέἰὲῖῑέῗωεεςιᾼέ
1220 3455 1312 3541 12³2·
1379 3453 2023 3543 atres„arrestata
2036 3456 2086 3532 a
2105 3451 2457 3541 sextula&

236 3506 792 3593 ἓῖῖἑῖιῗνωῗ)“ς3ᾖ3ἶ”*ΐὲἵππ
810 3520 1080 3589 om.511:3e{a3v
1093 3563 1135 3569 -
1148 3546 1189 3578 37
1203 3526 1311 3588 με’ταὶ
1379 3546 1412 3577 et
1435 3544 1581 3577 benamu
1606 3543 1640 3577 T
1665 3543 1858 3577 bellandum
1882 3543 1959 3588 12¹1}
1984 3544 2024 3578 37
2051 3524 2153 3577 solam
2171 3523 2362 3593 'largitatem
2384 3539 2458 3582 ιη’

236 3595 370 3638 στήσας
395 3609 452 3628 om.
466 3594 586 3638 [11137
605 3592 674 3626 *τὸ
700 3590 880 3635 πολεμεῖν]
903 3589 967 3623 τοῦ
991 3587 1159 3633 πολεμεῖν
1184 3590 1277 3626 ML:
1300 3592 1314 3634 ΙΙ
1380 3590 1421 3623 38
1446 3589 1616 3622 mutuauit
1640 3590 1718 3623 libri
1731 3589 1744 3634 ΙΙ
1767 3589 2018 3631 temperantiam
2040 3589 2117 3640 2⁷²]
2143 3589 2186 3622 39
2210 3587 2244 3620 et
2265 3586 2450 3636 orm
2492 3623 2498 3637 .

237 3644 280 3675 38
306 3640 420 3686 λέγειν
444 3642 494 3674 La
510 3640 523 3683 n
540 3641 583 3673 39
608 3635 781 3683 σώφρονα
803 3638 874 3677 καὶ]
899 3637 959 3668 καὶ
983 3648 1041 3669 om.
1057 3636 1087 3668 L
1378 3645 1628 3689 mensuramqe·
1664 3635 1710 3668 V·
1746 3644 1932 3686 mensuram
1962 3636 1995 3667 et
2023 3633 2208 3686 ordinatam
2239 3641 2323 3674 quaa
2352 3631 2448 3682 (21⁸⁶

1380 3681 1441 3715 dez.
1458 3680 1519 3722 ιν)
1544 3681 1575 3713 R
1594 3682 1664 3722 1340
1680 3689 1802 3722 agrem
1822 3679 1911 3724 RTn
1929 3681 1968 3714 41
1989 3678 2133 3720 quidem]
2157 3676 2245 3719 quod
2261 3676 2309 3709 13¹
2327 3676 2399 3719 utu·
2421 3670 2456 3709 Τ
2496 3710 2498 3715 ,

2458 2963 2479 2996 ff.
