2476 3854
86 72 194 116 Nov.
220 72 328 116 CLV
352 77 370 116 1
1150 70 1238 118 732

1820 89 1880 120 UT
1908 87 2084 121 MATRES
2113 90 2321 122 TUTELAE

1094 206 1250 243 CAPUT
1273 207 1302 243 Ι.

228 276 348 309 Ταῦτα
376 278 501 309 τοίνυν
529 275 591 317 τῆς
615 274 789 320 ἱκετηρίας
812 271 957 318 ἐχούσης
980 272 1128 309 εἰκότως
1151 273 1241 320 πρὸς
1263 272 1372 309 τόνδε
1394 273 1464 309 τὸν
1487 275 1593 309 θεῖον
1615 276 1869 322 πραγματικὸν
1891 275 2034 322 εἴδομεν
2056 275 2182 322 τύπον,
2207 276 2251 313 δι’
2277 270 2321 314 οῦ

87 321 325 364 θεσπίζομεν,
356 321 418 363 τῆς
451 320 553 353 θείας
583 317 688 363 ἡμῶν
716 320 936 364 ἰομοθεσιάς
966 317 1137 364 οὐδεμίαν
1167 322 1379 364 ποιουμένης
1408 319 1553 364 μνήμην
1583 325 1665 363 περὶ
1696 323 1774 356 τῶν
1805 318 2087 367 ἀναδεξαμένων
2119 325 2320 369 ἐπιτροπὴν

86 367 164 400 τῶν
196 367 337 399 οἰκείων
369 363 515 400 παίδων
546 367 606 398 καὶ
634 363 802 408 δεύτερον
833 362 1061 409 ἁνελομένων
1088 365 1222 411 γάμον,
1252 363 1301 409 μὴ
1334 365 1465 405 ἐξεῖναι
1488 362 1671 410 Αύξεντίᾳ
1698 368 1742 414 τῇ
1776 365 2011 414 λαμπροτάτῃ
2042 369 2243 414 κεχρῆσθαι
2273 370 2319 416 τῇ

89 407 179 458 αὐτῇ
213 411 301 453 θείᾳ
329 408 435 453 ἡμῶν
466 410 685 453 νομοθεσία,
718 407 779 443 διά
811 423 851 444 τε
881 410 946 444 τὰς
976 410 1161 466 εἰρημένας
1192 411 1309 444 αἰτίας
1339 413 1398 444 καὶ
1429 410 1472 445 τὸ
1505 411 1574 454 τὴν
1596 412 1674 446 τῶν
1697 410 1968 455 ὑπομνημάτων
1988 413 2132 457 πρᾶξιν,
2153 410 2247 448 καθ’
2273 410 2320 457 ἢν

86 456 156 498 τὴν
189 454 390 500 ἐπιτροπὴν
414 454 575 502 Μάρθας
605 456 668 498 τῆς
700 452 810 498 αὐτῆς
834 453 1017 501 θυγατρὸς
1040 453 1244 496 ανεδέξατο,
1270 453 1453 489 δεικνύναι
1472 455 1540 490 τὸν
1562 459 1635 490 τοῖς
1657 457 1781 502 νόμοις
1804 455 2044 505 διωρισμένον
2068 454 2181 502 αὐτὴν
2204 471 2319 503 παρα-

87 504 185 542 σχεῖν
216 497 326 545 ὅρκον
358 496 405 534 (ὃς
437 497 612 544 δευτέροις
641 496 705 542 οὐχ
737 497 901 543 ὁμιλήσει
929 499 1067 547 γάμοις,
1097 503 1156 534 καὶ
1182 497 1229 534 ὠς
1253 502 1329 534 τῶν
1353 497 1474 545 ὅρκων
1497 503 1793 547 περιφρονήσασα
1817 501 2001 547 συνῴκησε
2023 504 2090 547 μὲν
2114 501 2220 550 ἀνδρὶ
2245 501 2318 538 δευ-

88 549 180 590 τέρῳ
206 549 264 578 καὶ
286 543 418 580 παῖδας
442 545 480 585 ἐξ
505 542 546 577 αἶ
549 546 614 579 τοῦ
640 548 863 589 ποιησαμένη
889 542 1066 579 διαλύσεις
1090 543 1179 591 ὑπὲρ
1203 547 1266 588 τῆς
1287 545 1366 579 τῶν
1389 543 1612 592 πραγμάτων
1636 544 1964 582 ἀποκαταστάσεως
1985 548 2251 593 παρεσκεύασεν
2273 549 2321 583 εἰς

87 590 220 633 ἑαυτὴν
253 590 436 623 ἐκθέσθαι
460 587 627 635 ,Μάρθαν
656 590 725 633 τὴν
753 589 1013 636 λαμπροτάτην
1042 587 1150 633 αὐτῆς
1175 590 1381 637 θυγατέρα·
1405 589 1594 625 δύνασθαι
1617 589 1658 625 δὲ
1680 593 1805 627 πᾶσαν
1827 595 1922 635 ἔχειν
1945 591 2071 627 ἄδειαν
2095 593 2320 637 θεσπίζομεν

88 634 256 678 Μάρθαν
279 635 348 678 τὴν
372 634 632 680 λαμπροτάτην
654 636 708 678 τῷ
734 632 863 679 δικαίῳ
886 637 949 679 τῆς
973 632 1301 670 ἀποκαταστάσεως
1324 632 1545 679 χρήσασθαι,
1570 635 1782 682 φάσκουσαν
1810 639 1865 671 ἔτι
1888 641 1948 671 καὶ
1971 639 2039 672 νῦν
2059 636 2163 674 οῦπω
2187 637 2320 681 ἑαυτὴν

88 682 261 724 ἐπιβῆναι
291 681 355 713 τοῦ
386 681 547 714 εἰκοστοῦ
579 683 745 724 πέμπτου
779 682 841 723 τῆς
871 677 1009 723 ἡλικίας
1037 682 1152 722 ἔτους,
1184 677 1260 715 κατ’
1293 680 1400 714 οὐδὲν
1432 677 1677 725 ἀντικειμένης
1698 679 1787 728 αὐτῇ
1811 684 1872 725 τῆς
1890 683 1995 717 θείας
2018 682 2236 728 νομοθεσίας
2257 685 2319 727 τῆς

87 723 169 769 παρ’
195 723 306 770 ’ἡμῶν
332 727 400 770 μὲν
430 726 612 768 τεθείσης,
645 725 888 768 θεσπιζοίσης
919 723 959 758 δὲ
989 725 1068 760 τοὺς
1091 724 1222 760 παῖδας
1244 725 1293 769 μὴ
1319 723 1504 759 δύνασθαι
1526 726 1620 760 κατὰ
1638 728 1716 761 τῶν
1739 729 1882 761 οἰκείων
1905 730 2044 773 γονέων
2066 729 2121 771 τῷ
2144 729 2206 770 τῆς
2229 725 2319 762 ἄπο-

87 769 341 804 κιιταστάσεως
363 768 574 816 χρήσασθαι
599 769 727 814 δικαίῳ
758 768 849 815 μηδὲ
870 770 951 804 τοὺς
973 767 1233 815 ἀπελευθέρους
1256 770 1349 804 κατὰ
1374 772 1451 805 τῶν
1474 771 1617 806 οἰκείων
1641 771 1859 817 πατρώνων,
1880 770 1940 806 διὰ
1963 772 2005 806 τὸ
2031 777 2113 819 περὶ
2133 774 2211 807 τῶν
2233 770 2318 807 ἄνα-

87 813 314 861 δεδεγμένων
343 816 411 858 τὴν
440 816 517 849 τῶν
548 816 692 849 οἰκείων
723 813 870 850 παίδων
903 814 1103 861 ἐπιτροπὴν
1128 817 1196 850 τὸν
1227 814 1343 859 νόμον
1372 813 1487 860 μηδὲν
1517 814 1762 863 διαλέγεσθαι,
1793 814 2010 852 τούναντίον
2042 815 2082 852 δὲ
2109 821 2171 852 καὶ
2193 818 2320 863 ἑτέραν

87 861 198 894 θείαν
228 858 335 904 ἡμῶν
366 860 592 904 νομοθεσίαν
621 860 712 902 μετὰ
745 862 861 894 ταῦτα
890 861 1061 905 φοιτῆσαι
1092 861 1343 902 θεσπίζουσαν
1372 860 1454 895 τοὺς
1483 861 1771 905 καθισταμένους
1802 861 2018 907 ἐπιτρόπους
2045 862 2095 916 μὴ
2120 859 2236 897 ἄλλως
2258 863 2321 898 τὰς

86 906 163 939 τῶν
195 908 290 939 νέων
321 905 518 961 ἐπιτροπὰς
549 902 812 948 ἀναδέχεσθαι,
842 909 929 951 πρὶν
958 904 1004 939 ἂν
1035 909 1075 939 ὲν
1105 907 1161 949 τῷ
1190 906 1304 951 καιρῷ
1338 907 1398 949 τῆς
1430 907 1571 940 ἑαυταῖν
1602 905 1782 952 προβολῆς
1804 905 2028 942 κατάθοιντο
2046 921 2095 950 ,ιιη
2119 906 2200 942 τοὺς
2221 909 2320 942 νέους

86 948 375 995 καταλιμπάνειν
404 948 689 995 αδεφενδείτους,
721 954 781 984 καὶ
812 951 844 984 εἰ
875 954 1032 996 συμβαίη
1063 953 1124 984 καὶ
1155 954 1293 995 μητέρα
1315 952 1392 985 τῶν
1415 951 1559 985 οἰκείων
1583 950 1728 987 παίδων
1752 951 1953 997 ἐπιτροπὴν
1977 949 2239 995 ἀναδέξασθαι,
2261 955 2320 986 καὶ

88 993 199 1038 αὐτὴν
231 997 339 1029 τοῦτο
369 993 547 1042 πράττειν
577 998 637 1029 καὶ
667 996 780 1030 πᾶσιν
803 996 994 1038 ἐνέχεσθαι
1017 998 1091 1030 τοῖς
1114 997 1357 1039 ἐπιτροπικοῖς
1376 994 1504 1042 λόγοις,
1529 998 1587 1030 καὶ
1612 996 1711 1042 εἴπερ
1734 998 1857 1042 ἕτερον
1879 995 2076 1042 βουληθείη
2099 999 2172 1032 τοῖς
2194 996 2321 1040 ἑαυτῆς

87 1038 365 1084 προβάλλεσθαι
398 1044 535 1084 παισίν,
559 1041 678 1084 οἰκείῳ
711 1038 871 1084 κινδύνῳ
894 1044 955 1074 καὶ
977 1041 1056 1076 τῶν
1077 1037 1322 1086 ὑπαρχόντων
1346 1038 1435 1087 αἰτῇ
1459 1038 1686 1088 πραγμάτων
1708 1043 1815 1076 τοῦτο
1838 1045 1965 1077 ποιεῖν.
2013 1039 2103 1077 α’)’ςτε
2124 1038 2321 1076 κάνταῦθα

86 1085 235 1130 τρόποις
263 1082 380 1120 ἶίπασι
412 1086 596 1131 προςήκειν
629 1084 795 1131 Μάρθαν
826 1087 893 1128 τὴν
917 1084 1187 1132 λαμπροτάτην,
1217 1086 1317 1131 εἴπερ
1349 1084 1455 1127 δείξει
1486 1086 1535 1130 μὴ
1565 1090 1819 1132 παρῳχηκέναι
1849 1087 1931 1122 τοὺς
1959 1085 2108 1132 χρόνους
2138 1089 2179 1122 ἐν
2206 1086 2256 1122 οἷς
2286 1086 2323 1122 οἱ

2346 690 2385 722 10

2348 915 2386 948 15

87 1134 168 1181 περὶ
192 1132 254 1173 τῆς
278 1129 606 1165 ἀποκαταστάσεως
630 1128 874 1176 ἁρμόττουσιν
898 1127 988 1177 αὐτῇ
1012 1130 1124 1177 λόγοι,
1147 1134 1208 1165 καὶ
1230 1144 1274 1174 τη
1299 1130 1595 1166 ἅποκαταστάσει
1616 1132 1823 1178 χρήσασθαι
1852 1135 1912 1165 καὶ
1935 1136 2008 1167 τοῖς
2030 1130 2148 1167 ἄλλοις
2170 1128 2319 1174 ἅπασιν,
2345 1138 2387 1171 20

87 1182 138 1210 οἱς
163 1175 198 1209 οἱ
220 1175 386 1220 ἡμέτεροι
407 1175 514 1218 νόμοι
538 1179 611 1210 τοῖς
635 1173 691 1210 ἐπ’
717 1173 861 1211 ἀτελοῦς
883 1174 1020 1220 ἡλικίας
1042 1169 1122 1210 οῦσι
1145 1167 1268 1210 πᾶσαν
1292 1174 1436 1211 διδόασι
1459 1180 1665 1222 παρρησίαν
1689 1190 1726 1211 τε
1750 1180 1809 1211 καὶ
1831 1177 2022 1221 βοήθειαν.
2068 1175 2322 1230 φυλάττεσθαι

86 1223 154 1265 μὲν
185 1220 254 1267 γὰρ
282 1224 342 1254 καὶ
373 1222 414 1255 τὸ
443 1219 615 1267 ἡμέτερον
644 1222 815 1263 θεσπίζει
846 1221 975 1267 κράτος
998 1221 1066 1265 τὴν
1090 1219 1328 1266 ὄφειλομένην
1350 1224 1423 1256 τοῖς
1441 1223 1586 1268 γονεῦσι
1610 1221 1707 1268 παρὰ
1730 1223 1808 1256 τῶν
1827 1220 1972 1258 παίδων
1995 1219 2087 1256 αἰδω
2111 1225 2171 1256 καὶ
2194 1223 2322 1257 πᾶσαν

86 1267 194 1309 τιμήν
225 1279 263 1299 τε
286 1269 346 1299 καὶ
371 1266 587 1311 θεραπείαν,
621 1267 661 1299 ἐν
682 1258 713 1309 ᾧ
736 1264 891 1311 μηδεμία
914 1264 1033 1311 βλάβη
1058 1264 1141 1311 παρ’
1169 1263 1293 1300 αὐτῶν
1315 1262 1393 1300 κατ’
1419 1267 1569 1300 ἐκείνων
1591 1269 1744 1313 γένοιτο,
1767 1267 1810 1302 τὸ
1837 1265 1876 1301 δὲ
1898 1268 1975 1302 τῶν
1999 1268 2038 1301 ἐκ
2057 1267 2122 1301 τοῦ
2147 1269 2321 1312 προτέρου

86 1310 203 1366 γάμου
233 1309 380 1346 παίδων
410 1311 593 1357 ὑπερορᾶν
621 1310 705 1345 οὔτε
736 1308 840 1345 ὅσιον
868 1311 961 1345 εἶναι
992 1315 1160 1356 κρίνομεν
1186 1309 1269 1345 οὔτε
1291 1309 1409 1345 ἄλλως
1431 1310 1620 1357 προςήκειν
1642 1311 1690 1346 τοὶ
1715 1313 1753 1346 ἐκ
1763 1313 1838 1365 ἰτῆς
1861 1308 2033 1357 πατρῴας
2051 1315 2256 1358 περιουσίας
2274 1313 2322 1346 εἰς

88 1356 217 1390 αυτοὺς
247 1355 506 1411 περιερχόμενα
537 1356 734 1409 πράγματα
765 1357 830 1391 τὰς
860 1354 1028 1411 τοιαύτας
1056 1359 1210 1402 μητέρας
1244 1354 1431 1391 δύνασθαι
1462 1354 1584 1402 κέρδος
1605 1357 1736 1391 οἰκεῖον
1758 1371 1780 1401 η
1803 1370 1880 1391 των
1904 1357 1998 1391 κατὰ
2020 1354 2191 1405 δευτέραν
2213 1355 2322 1398 τάξιν
2345 1361 2387 1394 25

88 1399 210 1436 αἰταῖς
235 1414 531 1445 συνοικησαντων
555 1405 615 1435 καὶ
638 1415 716 1435 των
735 1405 774 1435 ὲκ
793 1403 870 1436 τῶν
889 1415 1067 1436 τοιουτων
1090 1404 1293 1448 γινομένων
1317 1405 1551 1436 συνοικεσίων
1568 1400 1715 1438 παίδων
1738 1402 1936 1436 ποιεῖσθαι.

220 1445 508 1493 <Ἐπίλογος.>
560 1446 610 1480 Τὰ
639 1451 764 1481 τοίνυν
795 1444 1037 1492 παραστάντα
1068 1445 1155 1492 ἡμῖν
1186 1449 1246 1481 καὶ
1278 1444 1339 1481 διὰ
1369 1444 1476 1481 τοῦδε
1495 1447 1559 1481 τοῦ
1584 1447 1690 1481 θείου
1711 1447 1960 1494 πραγματικοῦ
1985 1445 2092 1490 δηλού
2137 1460 2183 1482 να
2207 1445 2323 1481 τύπον

87 1487 108 1533 i]
132 1490 175 1534 σὴ
210 1490 402 1535 ἐνδοξότης
433 1489 510 1535 ἅμα
537 1493 592 1536 τῷ
623 1490 893 1537 μακαριωτάτῳ
918 1490 1189 1537 ἆρχιεπισκόπῳ
1213 1492 1277 1535 τῆς
1302 1490 1554 1527 Θεουπολιτῶν
1578 1493 1670 1538 ἔργῳ
1695 1495 1756 1526 καὶ
1780 1495 1908 1537 πέρατι
1930 1490 2073 1539 παραδο
2107 1493 2192 1535 ῆναι
2216 1503 2324 1527 σπου-

88 1535 244 1570 δασάτω.
293 1538 338 1572 D.
364 1539 399 1572 k.
425 1537 532 1572 Febr.
558 1538 626 1572 GP.
653 1538 711 1572 dn.
736 1538 935 1573 Iustiniano
960 1548 1021 1582 pp.
1046 1539 1135 1581 Aug.
1156 1537 1255 1581 (ΙΙΙ.)
1279 1548 1352 1573 cos.
2158 1539 2205 1580 [a.
2230 1539 2322 1580 533]

222 1682 249 1717 1.
299 1682 383 1718 Cum
415 1681 528 1727 iqitur
558 1681 648 1717 ltaec
675 1682 896 1728 supplicatio
928 1682 1140 1724 contineret,
1172 1681 1299 1716 merito
1331 1680 1381 1715 ad
1409 1679 1503 1716 hanc
1525 1691 1668 1716 sacram
1690 1681 1955 1728 praqmaticam
1977 1681 2138 1726 formam
2159 1683 2324 1729 respexi-

87 1738 175 1770 mus,
207 1738 281 1773 qua
310 1727 504 1770 sancimus,
537 1732 577 1762 ut
609 1730 781 1773 quoniam
811 1737 920 1762 sacra
944 1727 1007 1763 lex
1029 1730 1158 1762 nostra
1181 1726 1317 1762 nullam
1340 1726 1552 1761 mentionem
1575 1726 1672 1772 facit
1694 1737 1820 1762 earum
1842 1737 1938 1777 quae
1961 1725 2106 1762 tutelam
2130 1726 2324 1764 liberorum

86 1783 234 1808 suorum
263 1772 488 1819 susceperint
517 1776 553 1808 et
582 1773 759 1808 secundas
789 1773 939 1818 nuptias
966 1772 1161 1819 amplexae
1190 1772 1274 1813 sint,
1306 1781 1378 1806 non
1411 1770 1520 1807 liceat
1542 1771 1749 1807 Auxentiae
1767 1771 1931 1824 feminae
1954 1770 2178 1808 clarissimae
2199 1771 2322 1808 eadem

86 1829 194 1853 sacra
218 1817 296 1863 leqe
319 1822 444 1852 nostra
465 1818 520 1853 uti
540 1828 622 1852 cum
642 1821 798 1864 propter
813 1817 1027 1864 praedictas
1050 1827 1180 1853 causas
1204 1821 1278 1852 tum
1302 1815 1403 1862 quod
1424 1819 1590 1852 actorum
1612 1815 1805 1861 confectio,
1822 1827 1872 1852 ex
1895 1826 1969 1862 qua
1989 1816 2136 1852 tutelam
2153 1815 2324 1854 Marthae

84 1863 185 1908 filiae
214 1873 302 1897 suae
332 1863 502 1909 suscepit,
535 1862 747 1908 comprobat
776 1874 855 1898 eam
879 1862 1129 1897 iusiurandum
1154 1861 1292 1907 leqibus
1316 1861 1548 1896 constitutum
1569 1861 1794 1908 praestitisse
1815 1871 1854 1897 se
1875 1860 2054 1896 secundas
2075 1862 2226 1908 nuptias
2247 1873 2323 1898 non

87 1919 163 1944 esse
192 1909 375 1949 inituram,
408 1912 441 1942 et
472 1912 677 1954 contempto
710 1907 944 1943 iureiurando
976 1908 1209 1943 coniunxisse
1238 1918 1278 1942 se
1306 1906 1465 1942 secundo
1490 1906 1581 1949 viro,
1613 1906 1805 1952 liberisque
1827 1916 1878 1942 ex
1896 1916 1939 1941 eo
1961 1906 2138 1953 susceptis
2160 1907 2324 1952 effecisse

86 1959 127 1987 ut
150 1954 359 2000 pactionem
391 1952 435 1988 de
462 1954 688 1988 restitutione
715 1964 837 1989 rerum
862 1952 1010 1988 Martha
1041 1952 1244 1988 clarissima
1274 1951 1391 1997 ipsius
1419 1951 1501 1997 filia
1531 1951 1603 1988 sibi
1631 1955 1844 1997 eoeponeret.
1893 1949 2084 1986 Sancimus
2111 1958 2252 1996 autem,
2281 1957 2323 1988 ut

87 1998 237 2034 Martha
259 1999 401 2044 semina
425 1998 627 2033 clarissima
645 1999 769 2044 possit
794 2009 932 2034 omnem
956 1998 1088 2034 [tabere
1107 1997 1324 2043 facultatem
1343 1997 1422 2032 iure
1445 1997 1482 2032 in
1497 1996 1678 2043 inteqrum
1693 1996 1932 2032 restitutionis
1947 1996 2083 2039 utendi,
2105 1998 2323 2043 praesertim

87 2055 166 2079 cum
199 2045 402 2079 etiamnunc
431 2054 470 2078 se
500 2043 708 2089 viqesimum
740 2043 904 2089 quintum
935 2043 1066 2078 aetatis
1096 2054 1230 2078 annum
1254 2042 1414 2077 nondum
1438 2042 1639 2089 inqressam
1663 2052 1739 2077 esse
1762 2041 1879 2077 dicat:
1908 2051 1954 2077 ne
1976 2041 2052 2076 ulto
2076 2041 2181 2078 modo
2204 2042 2239 2078 ci
2262 2042 2323 2078 ob—

87 2090 220 2124 iciatur
242 2099 350 2123 sacra
375 2088 437 2123 lex
453 2100 475 2123 a
492 2089 594 2124 nobis
610 2089 696 2131 lata,
721 2099 814 2134 quae
832 2088 952 2124 sancit
966 2099 1038 2124 non
1053 2098 1162 2135 posse
1178 2088 1311 2123 liberos
1327 2090 1454 2123 contra
1463 2091 1639 2134 parentes
1653 2097 1741 2122 suos
1757 2097 1823 2122 nec
1839 2086 1986 2123 libertos
2002 2091 2130 2122 contra
2139 2090 2324 2134 patronos

85 2145 173 2169 suos
198 2134 237 2168 in
268 2134 341 2169 inte
368 2144 448 2168 rum
477 2134 716 2169 restitutionis
747 2134 826 2169 iure
856 2134 925 2176 uti,
957 2138 1156 2180 propterea
1185 2133 1283 2179 quod
1313 2133 1358 2168 de
1387 2133 1434 2168 iis
1456 2133 1523 2178 qui
1543 2132 1738 2168 liberorum
1759 2142 1907 2167 suorum
1930 2131 2077 2167 tutelam
2099 2133 2327 2179 susceperint

87 2180 152 2215 illa
177 2179 240 2214 leoc
262 2178 339 2213 nilti
377 2180 541 2225 exponit,
566 2190 586 2214 e
609 2179 793 2215 contrario
815 2189 899 2215 vero
923 2182 1039 2215 attera
1061 2189 1204 2225 quoque
1223 2188 1332 2214 sacra
1354 2178 1417 2214 lex
1439 2183 1567 2213 nostra
1584 2182 1718 2224 postea
1739 2177 1880 2224 prodiit
1902 2187 1997 2223 quae
2018 2177 2147 2220 sancit,
2171 2183 2213 2212 ut
2229 2183 2324 2214 tuto-

86 2235 145 2260 res
177 2225 239 2270 qui
270 2225 510 2259 instituantur
543 2235 617 2259 non
653 2224 761 2260 aliter
795 2225 975 2259 minorum
1007 2224 1138 2260 tutelas
1166 2223 1370 2270 suscipiant
1399 2234 1508 2269 quam
1537 2224 1573 2258 si
1591 2227 1751 2269 tempore
1780 2221 2041 2268 desiqnationis
2067 2233 2158 2258 suae
2188 2223 2324 2259 testati-

87 2268 189 2305 onem
225 2269 456 2315 deposuerint
486 2280 525 2305 se
556 2271 712 2305 minores
744 2269 957 2316 indefensos
987 2280 1061 2304 non
1092 2269 1301 2311 relicturos,
1332 2271 1368 2304 et
1396 2269 1429 2304 si
1459 2269 1567 2303 etiam
1597 2272 1746 2303 matrem
1776 2267 1969 2302 liberorum
1999 2278 2145 2303 suorum
2176 2268 2324 2304 tutelam

86 2315 270 2361 suscipere
304 2315 511 2361 continqat,
540 2315 622 2361 ipsa
654 2325 798 2361 quoque
829 2314 899 2350 hoc
919 2315 1041 2361 faciat
1069 2319 1180 2361 atque
1207 2314 1370 2350 omnibus
1401 2313 1533 2349 tutelae
1562 2313 1769 2349 rationibus
1793 2312 1955 2348 obnoxia
1977 2312 2035 2355 sit,
2059 2312 2149 2348 etsi
2171 2312 2325 2349 alterum

88 2361 209 2396 liberes
237 2360 314 2394 suis
343 2359 536 2406 desiqnare
568 2364 722 2396 tutorem
746 2359 909 2402 voluerit,
935 2360 1103 2406 periculo
1133 2370 1200 2395 suo
1231 2363 1269 2395 et
1294 2370 1415 2394 rerum
1438 2369 1588 2394 suarum
1611 2357 1652 2394 id
1671 2358 1802 2403 faciat.
1851 2356 1982 2403 Itaque
2003 2355 2063 2392 hio
2086 2368 2232 2404 quoque
2251 2369 2325 2395 om·

87 2406 192 2441 nibus
215 2405 332 2440 modis
356 2406 534 2448 convenit,
558 2410 600 2441 ut
621 2405 771 2441 Martha
788 2404 931 2451 semina
954 2405 1170 2448 clarissima,
1193 2405 1229 2440 si
1249 2405 1391 2450 quidem
1414 2404 1703 2450 comprobaverit
1726 2414 1799 2439 non
1808 2402 2032 2450 praeterisse
2047 2405 2209 2450 tempora
2225 2403 2325 2440 intra

88 2462 182 2497 quae
211 2450 451 2486 restitutionis
481 2451 710 2487 condiciones
738 2451 812 2498 ipsi
841 2453 1064 2497 competunt,
1095 2454 1132 2486 et
1162 2450 1390 2486 restitutione
1419 2452 1545 2484 utatur
1574 2453 1611 2485 et
1640 2448 1791 2529 reliquis
1821 2447 1984 2483 omnibus
2007 2458 2081 2494 per
2111 2459 2206 2494 quae
2227 2448 2326 2495 loyes

87 2501 233 2531 nostrae
256 2496 301 2530 iis
323 2496 389 2541 qui
410 2497 645 2542 imperfectae
667 2501 752 2531 sunt
776 2497 906 2532 aetatis
929 2506 1068 2531 omnem
1092 2495 1232 2532 veniam
1256 2499 1291 2531 et
1314 2505 1418 2542 opem
1434 2497 1642 2541 praestant.
1716 2493 1824 2528 tenim
1847 2493 2018 2529 maiestas
2039 2503 2182 2539 quoque
2197 2497 2325 2530 nostra

88 2541 215 2584 sancit,
240 2546 280 2576 ut
302 2546 464 2576 servetur
487 2543 687 2577 reverentia
711 2552 806 2587 quae
822 2541 1040 2588 parentibus
1063 2552 1086 2576 a
1110 2540 1231 2576 liberis
1252 2540 1400 2576 debetur
1423 2540 1611 2585 omnisque
1630 2538 1747 2575 honor
1768 2541 1804 2574 et
1827 2538 1957 2580 cultus,
1980 2537 2172 2574 dummodo
2186 2538 2325 2574 nullum

89 2586 133 2621 ab
166 2586 257 2632 ipsis
288 2586 457 2621 damnum
480 2586 554 2622 illis
578 2587 784 2633 inferatur‚·
809 2591 986 2633 parentes
1009 2597 1093 2621 vero
1118 2585 1248 2622 liberos
1270 2596 1321 2622 ex
1337 2585 1469 2632 priore
1489 2584 1717 2620 matrimonio
1740 2586 1846 2619 natos
1867 2583 2053 2630 neqtiqere
2074 2594 2141 2620 nec
2161 2583 2227 2637 fas
2249 2594 2326 2621 esse

89 2631 289 2666 iudicamus
320 2642 436 2677 neque
467 2631 607 2677 alioqui
636 2632 825 2668 convenire
856 2635 898 2667 ut
926 2641 986 2666 res
1009 2642 1103 2684 quae
1125 2642 1175 2667 ea:
1191 2634 1355 2678 paterna
1376 2630 1582 2667 substantia
1604 2629 1655 2665 ad
1675 2640 1739 2665 eos
1754 2628 1973 2675 perveniant
1994 2628 2170 2665 eiusmodi
2191 2633 2326 2666 matres

86 2677 231 2722 possint
261 2677 299 2710 in
330 2686 433 2711 suum
465 2677 523 2712 vel
549 2688 675 2712 eorum
705 2677 770 2723 qui
797 2676 957 2712 secunda
987 2687 1064 2712 vice
1094 2676 1185 2723 ipsis
1207 2677 1393 2712 coniuncti
1412 2678 1496 2711 sunt
1520 2674 1576 2711 vel
1599 2674 1792 2710 liberorum
1814 2684 1864 2710 ex
1887 2673 2066 2710 eiusmodi
2085 2674 2327 2711 matrimoniis

82 2726 366 2767 procreatorum
389 2722 528 2757 lucrum
552 2728 767 2758 convertere.

226 2765 314 2810 Epi
322 2766 337 2799 l
345 2777 365 2800 0
373 2778 466 2811 qus.
513 2766 614 2810 Quae
642 2768 756 2813 iqitur
786 2767 891 2803 nobis
917 2766 1138 2813 placuerunt
1166 2770 1202 2802 et
1255 2776 1296 2801 er
1325 2764 1421 2801 lianc
1449 2775 1594 2800 sacram
1618 2763 1887 2811 praqmaticam
1908 2763 2070 2810 formam
2093 2762 2326 2800 declarantur

91 2817 154 2846 tua
176 2810 297 2857 qloria
320 2812 430 2845 simul
450 2822 530 2846 cum
552 2811 756 2848 beatissimo
780 2811 1057 2859 archiepiscopo
1080 2810 1182 2847 urbis
1235 2810 1492 2857 neopolitanae
1515 2809 1566 2846 ad
1593 2820 1686 2856 opus
1707 2809 1946 2855 effectumque
1969 2808 2150 2844 adducere
2171 2808 2324 2846 studeat.

138 2961 159 2992 4
193 2959 272 2999 *τε]
305 2954 346 2990 δὲ
369 2958 453 2998 ML,
486 2971 544 2990 om.
570 2970 638 2990 cum
659 2958 844 3001 Scrimqero
875 2959 962 3002 vuly.
995 2958 1008 3001 ΙΙ
1039 2955 1082 2990 τὸ
1106 2955 1176 3001 τὴν

1244 2955 1537 3000 συνωκησάντων
1561 2957 1593 2989 L
1620 2956 1632 2998 11
1655 2957 1858 3002 γινομένων
1882 2955 1924 2988 Μ
1944 2956 2035 2996 Aea]
2063 2955 2270 3000 γενομένων
2292 2957 2325 2990 L

91 3005 292 3044 Zachariae]
325 3001 391 3044 τὴν
424 3003 514 3043 ML,
544 3000 588 3035 τὸ
622 3003 817 3035 Ηαῖοαηιίεν
849 3007 861 3046 ΙΙ
892 3005 911 3036 5
938 3002 1086 3047 μάρθης
1110 3004 1140 3036 L
1164 3002 1176 3048 ΙΙ

1244 3003 1329 3043 vulo.
1361 3002 1374 3046 ΙΙ
1408 3004 1448 3036 27
1482 2998 1684 3044 δηλούμενα
1710 2999 1826 3035 τύπου
1857 3001 1895 3042 (s.
1917 3012 1946 3034 v.
1979 2997 2105 3042 νόμου)
2136 2999 2179 3040 L]
2210 2998 2324 3034 τύπου

91 3046 287 3089 δεικνύναι]
313 3045 497 3081 δεικνύναι
518 3059 558 3080 τε
586 3060 653 3080 cum
678 3048 877 3080 Haloandro
897 3050 983 3092 vulq.
1009 3049 1092 3081 male
1117 3048 1130 3091 ss
1154 3049 1175 3081 6

89 3095 158 3138 μὲν
181 3101 358 3136 suspectum
387 3094 399 3135 ΙΙ
429 3095 448 3127 8
472 3089 604 3137 μάρθα
628 3093 660 3125 L
692 3091 705 3134 ΙΙ
737 3088 788 3132 δὲ]
821 3089 865 3134 δὴ
889 3106 957 3126 cum
977 3094 1175 3126 Haloandro

88 3141 176 3183 vulq.
194 3139 206 3183 ΙΙ
229 3141 269 3173 10
291 3141 457 3178 πέμπτου
475 3139 518 3179 L]
543 3150 602 3170 om.
621 3137 663 3169 M
677 3137 689 3180 ΙΙ
709 3139 746 3170 11
774 3137 841 3179 μὲν
857 3151 914 3170 om.
936 3139 964 3171 L
982 3138 994 3180 ΙΙ
1015 3140 1057 3172 14
1080 3137 1172 3171 θείη

92 3186 142 3217 La
170 3185 181 3228 ΙΙ
205 3183 444 3227 νομοθεσίαν]
474 3184 551 3217 Cod.
570 3185 601 3223 5,
618 3189 665 3224 37,
682 3189 717 3216 28
746 3186 761 3221 §
783 3189 796 3214 4
817 3181 828 3225 ΙΙ
854 3184 893 3215 15
921 3179 1175 3222 ἀναδέξασθαι

91 3231 122 3262 L
142 3230 153 3273 ΙΙ
173 3233 211 3263 17
238 3229 430 3271 ἐνέχεσθαι
449 3236 526 3273 post
549 3225 665 3274 λόγοις
682 3227 755 3260 coll.
778 3227 809 3259 L
828 3229 839 3269 ΙΙ
855 3225 972 3272 λόγοις
995 3228 1067 3261 ML
1083 3229 1174 3269 Am]

91 3273 271 3320 λογισμοῖς
303 3276 385 3308 coni.
411 3275 598 3308 Zachariae
622 3286 684 3306 non
709 3279 792 3305 recte
820 3271 832 3314 ΙΙ
862 3271 999 3305 ἑαυτοῖς
1024 3273 1066 3305 Μ
1091 3272 1103 3316 ΙΙ
1134 3274 1174 3306 19

92 3318 201 3359 δείξοι
227 3322 266 3352 Μ
281 3319 293 3362 ΙΙ
310 3318 357 3362 μὴ
383 3334 442 3354 om.
464 3319 511 3353 L¹
528 3319 541 3362 ΙΙ
559 3320 601 3352 20
625 3319 685 3351 καὶ
706 3317 763 3362 τῇ]
789 3319 848 3349 καὶ
871 3329 930 3350 om.
952 3318 983 3350 L
1000 3317 1012 3360 ΙΙ
1031 3319 1070 3351 21
1104 3318 1173 3351 πᾶ·

92 3376 161 3397 σαν
187 3366 229 3406 L]
248 3366 351 3407 ⁹noun
376 3366 427 3405 M,
458 3366 564 3399 παισὶ
587 3364 781 3405 ῌαίοαηάεν
809 3362 822 3405 ΙΙ
851 3363 894 3396 22
926 3360 1016 3395 aiffa>
1043 3362 1139 3396 ΜΖ,
1162 3362 1174 3407 ΙΙ

92 3412 134 3442 23
167 3411 207 3443 ἐν
236 3408 265 3452 ᾧ
291 3411 363 3443 ML
388 3412 477 3452 Ath.]
508 3406 561 3454 ἐφ’
585 3406 615 3451 ᾡ
637 3410 718 3442 coni.
743 3407 931 3450 Homberqle
952 3409 1021 3440 sine
1045 3420 1145 3441 causa
1162 3408 1174 3450 ΙΙ

93 3455 228 3488 ἐκεῖνον
253 3456 283 3488 L
302 3455 314 3499 ss
331 3454 373 3487 τὸ
400 3453 439 3489 δὲ
463 3454 507 3498 L]
531 3452 614 3487 τοὺς
635 3450 675 3486 δὲ
699 3452 766 3495 ΜΙΙ
785 3454 828 3486 24
851 3451 943 3485 εἶναι
967 3465 1027 3485 om.
1052 3453 1081 3485 L
1101 3453 1172 3495 {126

1244 3045 1443 3090 δηλούμενα
1467 3047 1510 3079 Μ
1528 3046 1540 3090 ΙΙ
1569 3048 1612 3080 28
1637 3044 1870 3080 θεοπολιτῶν
1891 3045 1924 3078 L
1947 3043 1960 3089 ΙΙ
1985 3041 2178 3078 σπευσάτω
2203 3045 2234 3078 L
2249 3045 2262 3089 ΙΙ
2281 3047 2324 3080 29

1243 3095 1364 3126 subscr.
1390 3091 1421 3124 d.
1447 3092 1479 3124 k.
1505 3091 1587 3124 febr.
1611 3101 1658 3124 cr.
1682 3091 1738 3124 dn.
1762 3090 1878 3123 iustin.
1903 3099 1958 3132 pp.
1983 3099 2061 3130 aug.
2085 3099 2135 3122 uc.
2162 3099 2267 3124 conss.
2285 3091 2330 3124 M

1243 3138 1332 3172 Δατ.
1366 3134 1442 3169 καλ.
1478 3137 1586 3179 Φεβρ.

1243 3178 1416 3216 ὑπατείας
1437 3181 1502 3213 τοῦ
1526 3179 1636 3213 αὐτοῦ
1651 3180 1729 3213 Aur.
1776 3178 1993 3224 ἐξεφωνήθη
2018 3179 2078 3212 ἐπὶ
2100 3179 2145 3225 τῇ
2168 3177 2326 3223 ὑπατείᾳ

1241 3223 1495 3259 Ἰουστινιανοῦ
1521 3225 1642 3258 Theoti.
1689 3225 1863 3259 Numerum
1887 3225 1955 3257 111.
1987 3224 2095 3267 suppl.
2126 3225 2324 3268 Zachariae,

1243 3279 1326 3305 recte
1358 3282 1486 3304 monens
1510 3270 1550 3303 de
1573 3271 1712 3303 secundo
1733 3271 1901 3303 consulatu
1925 3270 1970 3311 (ο.
1996 3270 2074 3309 528)
2100 3271 2241 3313 coqitari
2262 3283 2324 3303 non

1239 3328 1345 3361 posse,
1370 3328 1437 3349 cum
1460 3327 1490 3348 a.
1517 3316 1582 3349 529
1608 3316 1730 3348 demum
1754 3323 1784 3349 et
1806 3315 1993 3349 Belisarius
2017 3315 2170 3357 maqister
2192 3315 2324 3349 militum

1239 3374 1300 3405 per
1329 3361 1488 3394 Orientem
1509 3362 1626 3401 factus
1656 3362 1699 3394 sit
1723 3367 1753 3394 et
1775 3361 1970 3394 Antiochiae
1992 3372 2103 3392 nomen
2124 3361 2258 3393 inditum
2282 3361 2325 3394 sit

1244 3406 1417 3449 Theopolis
1433 3406 1475 3445 (υ.
1494 3406 1549 3446 28)
1561 3417 1569 3444 ;
1582 3412 1758 3449 praeterea
1779 3406 1864 3452 loyes
1880 3405 2004 3439 altatae
2019 3405 2110 3446 (731,
2125 3412 2170 3439 2⁴.
2189 3405 2326 3448 732,14)

1242 3452 1323 3484 anni
1343 3457 1418 3483 eunt
1442 3452 1518 3484 531.

1617 3133 1801 3178 βασιλείας
1828 3130 2082 3168 Ἰουστινιανοῦ
2112 3131 2325 3179 Αίγούστου
