2476 3854
111 82 220 127 Nov,
242 83 403 126 CXXII
435 97 498 139 pr.
533 87 553 126 1
1193 81 1277 128 592
1670 97 1873 131 amomum
1900 99 1960 130 nn
1989 98 2341 134 cons'mwunomz

106 193 154 228 ὥς
177 194 355 229 ἐντεῦθεν
384 194 611 241 συνάγεσθαι
641 193 711 237 τὴν
742 193 818 228 τῶν
844 191 962 236 ‘mad'
983 192 1222 239 νομισμάτων
1251 195 1456 240 ποσότητα·
1492 195 1561 231 τὸν
1584 194 1624 232 δὲ
1646 197 1709 241 τῆς
1732 192 1945 232 ὑποθέσεως
1967 194 2251 253 ἀκροασάμενον,
2274 198 2340 235 οῦκ

106 239 401 284 ἐντεθυμημένον
424 243 513 283 μίαν
536 239 629 273 εἶναι
653 238 718 272 τοῦ
742 236 882 274 παντὸς
905 235 1124 285 ἐγκλήματος
1148 240 1279 285 αἰτίαν,
1310 241 1360 286 μὴ
1386 238 1655 287 προςδέξασθαι
1678 238 1825 284 αύτούς,
1858 239 1948 277 ἀλλὰ
1978 242 2210 288 βουληθηναι
2231 257 2340 280 κατα-

106 282 254 319 δικάσαι
283 281 413 319 αὐτοὺς
443 284 526 319 τοὺς
557 284 761 324 ἑξακοσίους
790 284 939 328 χρυσοῦς
962 284 1027 318 τοῦ
1051 283 1257 331 κεφαλαίου.
1305 289 1364 320 καὶ
1388 284 1530 333 ᾔτησαν
1558 287 1690 331 ταύτης
1721 285 1950 344 ἐκβληθῆναι
1980 290 2044 333 τῆς
2075 285 2244 338 ἀνάγκης,
2279 292 2339 324 καὶ

106 328 400 376 συλλογιζομένου
431 330 496 363 τοῦ
521 328 661 364 παντὸς
691 324 900 375 ὀφλήματος
931 329 1010 364 τῶν
1034 334 1286 366 πεντακοσίων
1308 332 1464 377 χρυσῶν,
1495 332 1527 367 εἰ
1548 330 1790 377 καταβάλοιεν
1819 343 1903 368 τους
1926 344 2019 368 πεντ
2031 332 2155 369 ’κοντα
2183 337 2244 370 καὶ
2274 335 2340 370 ἕνα

104 374 187 408 τοὺς
216 373 444 417 λειπομένους
474 374 523 408 εἰς
552 373 621 418 τὴν
644 374 723 408 τῶν
745 372 872 417 χιλίων
894 370 1134 419 νομισμάτων
1157 376 1365 420 ποσότητα,
1395 376 1461 411 τοῦ
1485 389 1526 412 τε
1547 377 1687 414 παντὸς
1709 374 1916 424 ὀφλήματος
1938 373 2014 422 άπη
2038 378 2175 423 λάχθαι
2205 377 2340 415 ἀναλα-
2383 384 2404 417 5

104 423 184 463 βεῖν
208 433 248 455 τε
268 419 337 463 τὴν
361 417 557 463 δανειακὴν
580 419 791 466 συγγραφὴν
821 418 901 454 τῶν
922 417 959 462 χ’
985 420 1139 466 χρυσῶν.

1109 510 1265 547 CAPUT
1289 511 1334 547 ΙΙ.

246 567 326 599 Τῶν
348 568 473 599 τοίνυν
497 560 680 610 ἡμετέρων
703 563 831 609 νόμων
852 563 967 610 μηδὲν
998 563 1090 612 ὑπὲρ
1113 566 1156 601 τὸ
1182 564 1377 601 διπλάσιον
1409 567 1706 612 καταβάλλεσθαι
1730 567 1963 614 βουλομένων
1996 572 2056 604 καὶ
2078 566 2217 612 ταύτην
2240 565 2341 611 ἐχόν-

104 624 183 646 των
214 622 242 645 π
265 611 303 644 ὸς
334 608 418 644 τοὺς
448 611 661 655 ἔμπροσθεν
686 608 878 656 διαφοράν,
913 607 973 645 ὅτι
996 611 1033 645 οἱ
1060 613 1129 667 μὲν
1160 612 1275 647 ἴστων
1303 614 1370 657 μέχ
1393 625 1406 645 ι
1436 613 1502 646 τοῦ
1526 611 1758 649 διπλασίονος
1778 613 1826 648 τὰ
1849 617 1953 660 χρέα,
1984 615 2017 649 εἰ
2037 611 2128 661 μηδε
2157 618 2195 648 ία
2216 616 2342 661 γε’γονε

104 659 243 700 καταβο
267 654 299 698 ἡ,
330 653 437 699 ἡμῶν
467 652 507 688 δὲ
537 658 598 688 καὶ
625 655 689 690 τὰς
710 654 857 701 μερικὰς
887 654 1092 700 καταβολας
1122 656 1222 691 λύειν
1252 656 1299 692 τὰ
1321 655 1370 703 ὂφ
1393 654 1516 702 ήματα
1538 655 1757 703 δεξαμένων,
1785 659 1885 705 εἴπερ
1909 657 1990 705 ἄχρι
2019 661 2083 695 τοῦ
2135 657 2342 694 ιπλασίονος

104 704 278 747 γένοιντο,
311 700 538 745 θεσπίζομεν
567 700 660 735 κατὰ
686 702 794 735 τοῦτο
823 701 999 747 γίνεσθαι
1027 701 1097 737 τὸν
1119 701 1369 750 συλλογισμόν,
1403 705 1463 736 καὶ
1487 699 1577 738 ὅσον
1599 701 1647 738 ἄν
1670 704 1718 739 εἰς
1741 702 1824 738 τοὺς
1849 703 1980 747 χιλίους
2003 704 2160 740 ἐλλείποι
2181 704 2340 752 χρυσοῦς,
2363 711 2404 744 10
2446 710 2447 713 ’

104 747 212 780 ’τοῦτο
237 744 367 780 αὐτοὺς
390 743 686 790 καταβάλλοντας
709 742 909 789 ἀναλαβεῖν
941 748 1001 781 καὶ
1031 746 1100 791 τὴν
1130 748 1210 782 τῶν
1232 748 1264 790 χ’
1287 747 1526 793 νομισμάτων
1554 746 1750 793 δανειακὴν
1778 748 1999 796 συγγραφήν,
2029 746 2116 785 ὥςτε
2136 749 2186 795 μὴ
2209 746 2342 784 πολλα-

105 790 261 825 πλάσιον
286 793 324 824 ἐκ
347 789 480 833 ταύτης
502 792 566 834 τῆς
590 791 704 825 αἰτίας
727 788 927 837 εὑρεθῆναι
949 790 992 826 τὸ
1018 795 1116 838 χρέος
1139 789 1421 837 ἀπαιτούμενον.

240 833 301 881 <Ἐ
307 848 335 871 π
345 839 360 869 ί
367 834 415 869 λο
423 835 531 882 yos.)
576 832 624 870 Ἡ
638 840 763 871 τοίνυν
786 836 831 880 σὴ
854 835 1144 884 μεγαλοπρέπεια
1163 838 1210 873 τὰ
1234 837 1477 883 παραστάντα
1506 835 1594 884 ἡμῖν
1624 841 1685 874 καὶ
1708 836 1769 873 διὰ
1793 836 1900 874 τοῦδε
1922 840 1987 874 τοῦ
2011 840 2116 875 θείου
2138 850 2342 886 πραγματι-

104 882 167 915 κοῦ
190 879 539 926 δηλούμενα-τύπου
569 883 664 928 ἔργῳ
695 885 755 915 καὶ
785 884 914 927 πέρατι
943 880 1173 927 παραδοῦναι
1203 882 1408 927 σπευσάτω,
1438 885 1502 928 τῆς
1523 897 1564 918 τε
1587 883 1688 930 παρὰ
1719 884 1838 919 ταῦτα
1866 887 2054 932 γινομένης
2084 885 2271 930 ἑρμηνείας
2301 884 2342 918 ἐν

104 930 181 960 ταῖς
205 926 356 982 ψήφοις,
385 925 440 961 ὠν
463 924 500 961 οἱ
523 924 636 961 ἱκέται
658 930 877 972 μεμνηνται,
909 926 1167 972 σχολαζούσης,
1203 928 1358 965 πάντων
1387 941 1429 964 τε
1457 931 1537 964 τῶν
1560 929 1653 964 κατὰ
1685 929 1923 976 συναρπαγὴν
1953 933 2013 964 καὶ
2045 931 2083 964 ἐκ
2105 930 2188 974 μιᾶς
2216 931 2343 974 μοίρας
2366 930 2407 963 15

106 972 204 1025 παρὰ
230 986 301 1024 τον
321 970 439 1016 νόμον
469 975 740 1019 πεπραγμένων
768 970 792 1016 ἢ
822 973 1141 1018 πραχθησομένων
1164 971 1386 1021 ἀργούντων.
1437 974 1614 1011 Divinitas
1637 977 1674 1011 te
1696 978 1813 1011 servet
1835 984 1901 1020 per
1923 976 2052 1012 multos
2076 985 2201 1016 annos,
2230 973 2344 1008 frater

105 1018 371 1053 lucundlsslme.
511 1017 595 1052 Dat.
612 1029 706 1054 xvn.
732 1018 769 1054 k.
795 1017 880 1054 Mai.
908 1018 977 1054 GP.
1003 1019 1178 1055 Belisario
1202 1031 1255 1056 vc.
1281 1030 1380 1056 cons.
2201 1021 2250 1062 [a.
2263 1020 2342 1060 535]

1189 1212 1270 1244 1¹1<ss

480 1277 786 1331 ΙΔΙΚΤΟΝ
817 1277 998 1331 ΠΕΡΙ
1030 1277 1536 1331 ΔΙΑΤῩΠῼΣΕῼΣ
1566 1277 1962 1332 ΤΕΧΝῙΤῼΝ.

240 1356 304 1402 <11
307 1360 408 1402 ροοί
412 1356 549 1402 μιον.>
590 1354 778 1403 Ἔγνωμεν
801 1352 849 1391 οὖς
871 1357 963 1401 μετὰ
995 1357 1066 1400 τὴν
1090 1354 1280 1392 παίδευσιν
1303 1356 1372 1400 τὴν
1394 1355 1488 1391 κατὰ
1512 1355 1800 1403 φιλανθρωπίαν
1832 1358 1898 1392 τοῦ
1921 1355 2102 1393 δεσπότου
2131 1357 2222 1392 θεοῦ
2244 1368 2343 1404 γενο·
2363 1361 2407 1395 20

105 1404 218 1445 μένην
250 1400 287 1435 οἱ
307 1402 372 1436 τὰς
396 1405 643 1449 πραγματείας
672 1405 733 1435 καὶ
757 1400 819 1436 τὰς
842 1400 1035 1445 μεθοδείας
1057 1401 1309 1447 μετερχόμενοι
1337 1405 1398 1436 καὶ
1420 1402 1457 1437 οἱ
1478 1400 1668 1447 διαφόρων
1690 1403 1830 1446 τεχνῶν
1858 1405 1919 1436 καὶ
1942 1402 1978 1437 οἱ
1999 1406 2082 1449 περὶ
2104 1404 2174 1447 τὴν
2223 1402 2266 1436 ”v
2288 1403 2342 1447 ἐρ-

106 1444 231 1492 γάται,
268 1448 322 1481 ἔτι
346 1461 386 1495 γε
409 1447 482 1492 μὴν
506 1450 566 1481 καὶ
585 1446 622 1481 οἱ
640 1448 789 1491 ναῦται,
814 1443 1018 1493 ὀφείλοντες
1040 1446 1177 1491 μᾶλλον
1200 1445 1382 1482 καλλίονες
1403 1447 1596 1494 γενέσθαι,
1620 1448 1668 1482 εἰς
1687 1447 1901 1488 πλεονεξίαν
1924 1445 2114 1492 δεδώκασι,
2137 1450 2199 1482 καὶ
2241 1446 2342 1484 ιπλα-
2395 1452 2433 1483 ὅ

107 1495 230 1526 σίονας
253 1495 314 1526 καὶ
336 1491 597 1538 τριπλασίονας
619 1489 724 1537 τιμάς
746 1504 787 1527 τε
809 1496 871 1526 καὶ
893 1492 1052 1537 μισθοὺς
1074 1491 1174 1539 παρὰ
1197 1492 1267 1535 τὴν
1290 1489 1446 1539 ἀρχαίαν
1469 1492 1673 1537 συνήθειαν
1695 1494 1915 1538 ἐπιζητοῦσι.

1126 1583 1285 1619 CAPUT
1310 1583 1337 1619 I.

243 1637 466 1683 Συνείδομεν
497 1642 623 1673 τοίνυν
654 1637 715 1673 διὰ
747 1639 853 1673 θείου
884 1637 1019 1674 ἰδίκτου
1050 1640 1167 1674 πᾶσιν
1199 1636 1447 1686 ἀπαγορεῦσαι
1478 1638 1546 1682 τὴν
1567 1638 1742 1681 τοιαύτην
1771 1637 1995 1682 πλεονεξίαν,
2025 1640 2085 1673 καὶ
2111 1635 2251 1684 μηδένα
2278 1638 2344 1672 τοῦ

107 1684 235 1720 λοιποῦ
260 1683 400 1729 τολμᾶν
423 1684 705 1730 πραγματευτὴν
734 1681 758 1728 ἢ
782 1683 938 1731 ἐργάτην
969 1683 994 1729 ἦ
1017 1689 1182 1730 τεχνίτην
1207 1685 1246 1726 ἐξ
1267 1682 1481 1728 οἱαςδήποτε
1502 1681 1666 1728 μεθόδου
1693 1681 1717 1727 ἢ
1740 1685 1912 1732 ἐμπορίας
1934 1682 1958 1728 ἢ
1979 1687 2172 1730 γεηπονίας
2194 1682 2346 1719 πλείονα
2365 1687 2409 1721 25

176 1754 261 1788 Νου.
290 1753 441 1787 CXXII
463 1753 588 1788 Graece
611 1761 731 1787 tantum
757 1760 845 1787 ettae
867 1755 900 1787 in
925 1754 973 1788 Μ
978 1755 1013 1798 f.
1031 1755 1112 1789 394¹
1138 1756 1171 1788 in
1196 1754 1375 1798 appendice
1399 1753 1588 1787 Edictorum
1610 1753 1791 1787 Iustiniani
1819 1761 1908 1789 sexto
1941 1754 2009 1788 loco
2036 1754 2166 1797 posita,
2190 1740 2234 1787 'in
2261 1753 2345 1787 serie

108 1800 304 1834 novellarum
325 1800 479 1832 omittitur
499 1794 534 1841 (ἡ
558 1794 598 1831 δὲ
620 1794 699 1843 ρκβ’
718 1793 781 1841 οὗχ
803 1797 938 1843 εύρέθη
961 1800 1061 1833 schol.
1076 1800 1124 1833 M
1138 1801 1170 1834 in
1187 1799 1314 1842 mar..)
1363 1800 1475 1832 Fuisse
1498 1811 1567 1832 eam
1592 1800 1624 1832 in
1645 1798 1682 1832 B
1700 1800 1754 1841 55,
1771 1805 1815 1841 14,
1831 1806 1849 1833 4
1872 1806 2029 1832 testantur
2046 1799 2224 1842 Tipucitus,
2248 1798 2346 1832 index

109 1844 636 1931 gqffelizignlzgcislhgn'deglsseqinae
650 1841 734 1900 ⁴(1315.
757 1843 837 1878 τῶν
859 1842 1062 1888 βασιλικῶν
1084 1841 1136 1879 νε’
1161 1847 1207 1878 τί.
1233 1858 1246 1878 ι
1274 1842 1284 1855 ’
1299 1840 1322 1887 ἡ
1345 1839 1412 1887 ὅλη
1434 1842 1546 1889 νεαρά
1570 1844 1681 1878 adnot.
1706 1845 1739 1878 in
1760 1856 1862 1889 marq.
1879 1844 1937 1886 L).
1964 1862 2007 1869 -
2032 1844 2123 1888 Epic.
2141 1843 2264 1878 Theod.
2279 1843 2344 1878 122

109 1971 371 2013 nonqentorum
397 1965 645 2018 quadraqinta
678 1977 804 2002 novem
827 1976 1022 2002 aureorum
1045 1977 1182 2001 summa
1206 1965 1445 2011 conficiatur;
1480 1976 1559 2001 eum
1583 1975 1678 2008 vero,
1710 1965 1774 2011 qui
1797 1965 1842 2001 de
1867 1977 1909 2002 eo
1933 1965 2081 2012 neqotio
2105 1964 2345 2011 coqnovisset,

109 2023 189 2048 cum
212 2023 287 2047 non
312 2011 574 2047 considerasset
597 2021 706 2046 unam
730 2021 806 2047 esse
830 2012 941 2047 totius
964 2011 1220 2054 accusationis,
1233 2021 1398 2053 causam,
1422 2021 1461 2046 se
1484 2021 1557 2046 non
1581 2009 1779 2054 admisisse,
1807 2010 1872 2047 sed
1890 2011 1928 2046 in
1950 2015 2083 2046 sortem
2104 2014 2344 2046 sescentorum

109 2068 302 2092 aureorum
326 2056 565 2092 condemnare
588 2056 755 2092 voluisse.
803 2054 935 2102 Itaque
954 2056 1142 2108 petierunt
1174 2060 1216 2092 ut
1238 2055 1307 2091 hac
1330 2055 1542 2091 necessitate
1572 2060 1806 2099 exuerentur,
1835 2060 1871 2092 et
1894 2059 2100 2103 computato
2126 2059 2202 2092 toto
2225 2054 2345 2091 debito

110 2104 389 2149 quinqentorum
413 2112 627 2142 aureorum,
658 2101 691 2136 si
714 2112 824 2137 unum
848 2107 882 2138 et
906 2102 1174 2148 quinquaqinta
1196 2101 1376 2137 solverent
1405 2101 1472 2147 qui
1491 2099 1626 2147 reliqui
1646 2104 1762 2138 essent
1789 2100 1839 2136 ad
1859 2100 1957 2138 mille
1979 2099 2177 2136 solidorum
2199 2100 2342 2147 quanti-

113 2156 231 2190 tatem,
256 2151 292 2183 et
314 2158 338 2183 a
364 2151 438 2182 toto
463 2145 582 2182 debito
606 2146 850 2183 liberarentur
872 2151 908 2182 et
927 2147 1185 2192 feneraticiam
1209 2147 1412 2183 cautionem
1434 2151 1678 2182 sescentorum
1702 2156 1895 2182 aureorum
1917 2146 1994 2181 reci
2020 2149 2131 2182 erent.

246 2193 293 2227 II.
342 2192 475 2238 Itaque
491 2192 663 2238 quoniam
688 2192 785 2238 leqes
808 2196 957 2227 nostrae
979 2191 1071 2227 nihil
1086 2202 1129 2227 su
1156 2203 1200 2227 ra
1217 2191 1367 2238 duplum
1390 2190 1484 2227 solvi
1499 2191 1635 2233 volunt,
1659 2201 1809 2237 eamque
1825 2202 1848 2227 a
1862 2191 1985 2238 priori
2009 2201 2052 2226 us
2066 2189 2346 2238 discrepantiam

111 2237 259 2279 habent,
292 2238 389 2284 quod
412 2237 498 2273 illae
521 2237 664 2283 quidem
688 2237 808 2274 debita
841 2248 955 2283 usque
977 2236 1027 2272 ad
1049 2236 1123 2283 dup
1140 2248 1198 2272 um
1221 2236 1405 2277 sistebant,
1436 2236 1470 2271 si
1491 2235 1595 2271 nulla
1617 2235 1752 2272 solutio
1783 2236 1891 2283 facta
1914 2240 2018 2278 esset,
2049 2246 2117 2271 nos
2140 2240 2260 2271 autem
2283 2245 2347 2270 eas

110 2294 254 2334 quoque
276 2283 476 2318 solutiones
500 2293 594 2328 quae
609 2293 682 2329 per
699 2287 831 2329 partes
851 2282 945 2327 siant
967 2281 1088 2317 debita
1110 2282 1248 2318 solvere
1297 2281 1508 2323 ermisimus,
1539 2280 1715 2327 siquidem
1738 2292 1853 2327 usque
1872 2281 1923 2317 ad
1949 2281 1998 2317 du
2026 2280 2099 2317 lum
2119 2280 2346 2328 perveniant,

109 2330 290 2363 sancimus
328 2332 368 2362 ut
396 2327 591 2363 secundum
629 2327 697 2362 hoc
722 2328 792 2373 siat
821 2327 1063 2374 computatio,
1102 2331 1211 2374 atque
1243 2327 1297 2362 ili
1325 2326 1358 2362 si
1388 2330 1563 2373 quantum
1592 2325 1724 2372 reliqui
1760 2329 1810 2362 sit
1839 2326 1890 2362 ad
1917 2326 1981 2362 mil
1994 2336 2014 2361 e
2043 2336 2176 2362 aureos
2203 2325 2348 2361 solvant

110 2375 218 2454 eluiem
238 2373 494 2419 senerate'ciam
520 2376 763 2409 sescentorum
795 2383 991 2408 aureorum
1015 2373 1218 2408 cautionem
1242 2371 1441 2418 recipiant,
1477 2382 1523 2407 ne
1545 2381 1596 2407 ex
1617 2370 1687 2407 hac
1709 2381 1821 2407 causa
1843 2371 1985 2408 eveniat
2006 2375 2048 2407 ut
2068 2369 2346 2417 multiplicatum

137 2430 155 2453 e
179 2419 266 2454 itum
291 2419 353 2453 exi
381 2422 475 2453 atur.

246 2462 388 2509 Epio
398 2474 492 2509 qus.
540 2462 816 2508 Maqnificentia
850 2463 965 2509 iqitur
1000 2466 1062 2498 tua
1119 2474 1189 2498 uae
1221 2463 1327 2498 nobis
1358 2462 1578 2509 placuerunt
1611 2463 1647 2497 et
1677 2472 1747 2508 per
1774 2460 1869 2497 hanc
1903 2471 2045 2497 sacram
2078 2459 2346 2508 praqmaticam

110 2508 330 2544 sanctionem
355 2508 587 2543 declarantur
610 2507 659 2542 ad
679 2518 772 2554 opus
800 2510 836 2542 et
858 2507 1026 2554 effectum
1049 2519 1073 2543 a
1100 2507 1231 2544 ducere
1251 2507 1413 2550 studeat,
1444 2509 1485 2542 ut
1514 2510 1550 2542 et
1571 2506 1827 2553 interpretatio
1859 2511 1987 2542 contra
2018 2505 2108 2541 haec
2133 2503 2286 2552 prolata
2308 2504 2347 2539 in

111 2554 308 2595 sententiis,
341 2564 495 2599 quarum
517 2553 700 2599 supplices
729 2553 982 2595 meminerunt,
1014 2552 1204 2596 abiciatur,
1237 2557 1272 2588 et
1295 2552 1417 2588 omnia
1441 2562 1535 2598 quae
1563 2562 1632 2598 per
1655 2551 1898 2598 obreptionem
1929 2556 1966 2587 et
1988 2550 2032 2586 ab
2057 2561 2132 2586 una
2149 2554 2261 2604 parte
2282 2548 2347 2585 ad—

111 2609 236 2634 versus
260 2598 372 2643 leqem
397 2603 481 2633 acta
504 2602 588 2633 sunt
612 2597 669 2634 vel
690 2602 847 2645 aqentur
870 2601 1019 2634 cessent.
1083 2598 1259 2635 Divinitas
1282 2600 1319 2634 te
1343 2602 1461 2634 servet
1483 2606 1549 2645 per
1571 2597 1703 2633 multos
1726 2606 1852 2640 annos,
1878 2596 1992 2632 frater
2014 2595 2278 2632 iucumhssime.

432 2846 433 2849 κ
487 2810 814 2862 EDICTUM
845 2811 948 2863 DE
982 2742 1537 2863 CONSZZQTIONE
1565 2809 1974 2862 ARTIFJCUM.

251 2900 372 2936 Prae
379 2900 520 2946 satio.
571 2900 807 2946 Coquovimus
823 2906 915 2947 post
939 2902 1216 2947 eastiqationem
1247 2912 1341 2947 quae
1370 2900 1566 2937 secundum
1597 2899 1736 2936 domini
1762 2899 1821 2935 dei
1849 2898 2070 2936 clementiam
2100 2897 2256 2943 oonttqit
2283 2907 2347 2934 eos

115 2948 179 2993 qui
202 2946 465 2992 neqotiationes
489 2949 523 2980 et
547 2946 703 2989 artificia
727 2950 899 2982 exercent
922 2951 957 2982 et
980 2947 1205 2982 diversarum
1229 2946 1361 2982 artium
1387 2946 1536 2998 opifices
1566 2949 1603 2981 et
1625 2944 1867 2997 aqricullores
1897 2947 1963 2980 nec
1993 2953 2066 2979 non
2089 2946 2234 2984 nautas,
2266 2952 2346 2978 cum

113 2992 238 3039 potius
262 2991 427 3027 meliores
454 2990 537 3032 fieri
560 2989 745 3032 deberent,
777 2991 956 3027 avaritiae
978 3002 1016 3028 se
1040 2990 1190 3034 dedisse,
1222 2995 1258 3027 et
1281 2990 1442 3037 duplicia
1465 2995 1576 3036 atque
1604 2989 1764 3036 triplicia
1788 2989 1914 3036 pretia
1943 2987 2193 3033 mercedesque
2217 2990 2347 3023 contra

116 3042 269 3078 veterem
293 3034 586 3072 consuetudinem
610 3035 769 3080 exiqere.
2051 3056 2053 3059 -

251 3081 280 3117 1.
328 3080 475 3117 Placuit
504 3080 619 3132 iqitur
649 3080 752 3115 nobis
786 3090 853 3125 per
882 3090 1026 3115 sacrum
1060 3081 1213 3117 edictum
1243 3080 1406 3116 omnibus
1436 3077 1614 3115 eiusmodi
1646 3078 1835 3114 avaritiam
1865 3076 2099 3120 interdicere,
2134 3087 2222 3113 neve
2250 3076 2348 3112 ullus

115 3129 153 3163 in
178 3130 369 3175 posterum
404 3129 610 3172 neqotiator
644 3130 709 3160 aut
743 3125 910 3170 aqricola
945 3128 1009 3160 aut
1042 3127 1185 3172 artifex
1220 3136 1270 3162 ex
1299 3134 1525 3171 quacumque
1559 3126 1639 3159 arte
1674 3122 1732 3159 vel
1759 3122 2007 3169 neqotiatione
2037 3121 2093 3157 vel
2120 3121 2347 3168 aqrieullura

165 3222 179 3254 1
202 3219 280 3252 τῶν
295 3219 337 3259 L]
363 3231 421 3251 om.
437 3218 483 3251 M
495 3220 507 3259 ΙΙ
531 3217 730 3249 ἐνακοσίων
746 3227 855 3248 τεσσα
881 3214 1018 3249 α’κοντα
1034 3217 1117 3249 ἐνεά
1136 3219 1165 3249 L
1187 3217 1198 3259 ΙΙ
1270 3219 1311 3251 19
1326 3219 1414 3250 rubr.
1428 3212 1579 3247 Ἷδικτον
1599 3211 1780 3254 (Ἑδικτον
1795 3215 1835 3254 L,
1849 3227 1907 3247 om.
1923 3214 1970 3256 B)
1994 3214 2076 3258 περὶ
2092 3210 2348 3247 διατυπώσεως

117 3267 137 3299 4
151 3261 394 3308 καταβάλοιεν
406 3262 611 3302 Haloander]
623 3258 825 3304 καταβάλοι
880 3261 919 3303 L,
937 3259 1200 3304 καταβάλλοιεν
1267 3258 1444 3302 τεχνιτῶν
1456 3260 1574 3293 Theod.
1584 3258 1642 3300 (L)
1654 3259 1700 3299 B]
1716 3255 1868 3293 Ἴδικτον
1882 3258 1948 3292 τοῦ
1965 3254 2226 3303 εὐσεβεστάτου
2243 3253 2348 3302 ἡμῶν

119 3323 186 3343 rum
201 3311 385 3353 Scrimqero
399 3309 485 3351 vulq.
502 3307 514 3350 ΙΙ
533 3307 599 3341 ἕνα
612 3307 788 3350 Scrimqer]
813 3307 851 3339 ἐκ
870 3307 911 3338 Μ
933 3307 972 3337 ἒν
985 3307 1014 3338 L
1034 3307 1046 3348 ΙΙ
1063 3308 1082 3339 5
1098 3304 1198 3339 λιπο-
1267 3302 1448 3340 δεσπότου
1463 3302 1706 3337 ἰουστινιανοῦ
1719 3304 1764 3337 M
1776 3299 1887 3337 ’Ὡστε
1902 3303 1984 3337 τοὺς
1999 3301 2274 3350 πραγματουτὰς
2288 3303 2350 3337 καὶ

117 3357 243 3398 μένους
267 3355 297 3387 L
323 3354 335 3397 ΙΙ
362 3357 379 3388 7
399 3351 539 3397 νόμων]
569 3353 645 3386 Cod.
660 3353 694 3394 4,
707 3359 753 3392 32,
767 3359 819 3390 *273
845 3364 914 3384 nov.
934 3351 1169 3385 CXXXVIII
1190 3352 1202 3394 ΙΙ
1268 3363 1307 3384 τε
1331 3352 1430 3383 νίτας
1453 3350 1512 3382 καὶ
1535 3344 1731 3394 γεηπόνους
1753 3351 1813 3382 καὶ
1828 3348 1963 3383 ναύτας
1983 3352 2042 3382 καὶ
2060 3345 2186 3383 πάντα
2203 3346 2250 3382 τὰ
2270 3347 2350 3382 ἐπι-

119 3403 138 3433 8
163 3399 199 3433 οἱ
220 3401 299 3444 μὲν]
331 3400 407 3433 Cod.
430 3401 460 3440 4,
478 3406 523 3439 32,
539 3406 571 3432 ιο
601 3397 613 3440 ΙΙ
642 3398 663 3431 9
686 3395 786 3441 εἴπερ
811 3397 855 3437 L]
890 3391 983 3439 ἅπερ
1006 3396 1062 3436 Μ,
1094 3395 1200 3439 αἴπερ
1268 3407 1312 3437 τη
1338 3394 1476 3439 εύματα
1492 3393 1584 3427 κατὰ
1601 3391 1670 3436 τὴν
1686 3389 1840 3437 ἀρχαίαν
1855 3392 2056 3437 συνήθειαν
2074 3391 2348 3438 λαμβάνεινκαὶ

120 3446 308 3478 Zachariae
324 3444 337 3488 ΙΙ
365 3446 405 3478 10
429 3443 562 3477 τοῦτον
586 3443 669 3484 ML,
691 3455 772 3476 corr.
789 3442 983 3475 Haloander
1001 3440 1013 3482 11
1032 3442 1068 3474 11
1091 3440 1201 3473 τοῦτο
1270 3435 1431 3480 διδόναι,
1464 3434 1512 3472 οὖς
1535 3432 1581 3481 ἦν
1603 3437 1675 3484 πρὸ
1700 3439 1763 3473 τοῦ
1787 3438 1995 3473 θανατικοῢ
2026 3440 2061 3481 [i.
2082 3451 2109 3473 ε.
2134 3446 2209 3472 ante
2227 3445 2347 3482 pestem

121 3486 248 3522 αὐτοὺς
260 3490 459 3530 Zachariae]
484 3487 567 3521 τοὺς
591 3483 720 3521 αὐτοὺς
739 3487 812 3520 ML
827 3485 840 3530 ΙΙ
867 3488 910 3520 14
932 3497 973 3518 τε
990 3486 1047 3525 Μ]
1072 3482 1112 3518 δὲ
1136 3485 1167 3518 L
1191 3486 1202 3528 Η
1271 3486 1352 3519 anni
1373 3487 1459 3525 541,
1496 3487 1537 3527 cf.
1565 3485 1778 3527 Theophanes
1809 3486 1979 3528 chronoqr.
2008 3485 2055 3519 ad
2081 3483 2260 3518 Iustiniani
2287 3493 2347 3517 an-

119 3536 310 3581 γενομένης
323 3535 520 3567 Haloander
537 3534 549 3577 ΙΙ
575 3535 615 3567 16
637 3533 813 3567 clausulam
836 3532 968 3565 latinam
989 3542 1059 3564 cum
1079 3533 1200 3563 subscr.
1270 3542 1343 3564 num
1356 3530 1396 3563 X
1404 3530 1465 3570 V.]‚
1484 3531 1545 3563 καὶ
1559 3526 1674 3574 μηδὲν
1689 3526 1801 3564 πλέον
1813 3530 1889 3563 Ath.
1908 3529 1920 3573 ΙΙ
1938 3531 1981 3564 20
1996 3525 2200 3569 παίδευσιν]
2222 3529 2244 3562 i.
2261 3539 2288 3561 e·
2303 3524 2346 3561 τὸ

121 3594 178 3612 om.
206 3580 237 3612 L
266 3580 279 3622 ΙΙ
309 3582 348 3614 17
371 3588 453 3613 xvu
477 3579 524 3612 M
535 3580 625 3620 Am]
661 3588 756 3611 xvm
781 3590 858 3622 app.
881 3576 945 3610 Iul.
977 3574 990 3619 ΙΙ
1016 3575 1119 3607 maiae
1143 3588 1202 3607 om.
1270 3572 1489 3616 θανατικόν,
1514 3576 1556 3618 qs:
1577 3576 1652 3608 Ath.
1679 3573 1692 3620 ΙΙ
1725 3575 1767 3609 25
1791 3572 2026 3618 οἷαςδήπουτε
2049 3573 2094 3608 Μ
2114 3573 2127 3620 ΙΙ
2155 3568 2349 3617 μεθοδείας

121 3626 207 3657 Iul.¹¹⁷
233 3625 245 3667 ΙΙ
270 3624 419 3657 bilisario
442 3634 494 3657 uc.
520 3634 611 3658 eous.
632 3624 696 3665 (uo.
722 3636 781 3658 om.
795 3623 894 3663 Iulfl,
925 3631 1014 3654 cons.
1035 3633 1093 3654 om.
1106 3618 1201 3661 Im)
1270 3620 1362 3654 malit
1386 3620 1573 3654 Zachariae
1595 3622 1663 3655 sine
1687 3631 1788 3654 causa

123 3682 198 3712 app.
212 3670 274 3703 Iul.
300 3669 425 3702 bilisar.
441 3679 492 3703 uo.
508 3678 614 3703 conss.
628 3669 675 3702 M
690 3666 863 3703 ὑπατείας
876 3663 1087 3711 Βελισαρίου
1102 3665 1177 3699 ΑιΙι.
1191 3666 1202 3708 11
