2476 3854
110 75 218 119 Nov.
239 74 418 119 CXVIII
448 79 485 119 5.
507 77 533 118 6
554 87 621 130 ep.

105 184 329 231 βουλόμεθα.
378 186 410 221 εἰ
433 185 473 221 δὲ
495 184 622 221 πολλοὶ
651 185 721 220 τὸν
752 181 868 220 αὐτὸν
897 185 960 229 τῆς
990 187 1193 231 συγγενείας

106 233 246 275 ἔχοντες
273 231 429 276 βαθμὸν
460 230 656 265 καλοῦνται
685 229 776 275 πρὸς
799 229 868 273 τὴν
891 231 1106 275 ἐπιτροπήν,
1138 243 1193 265 κε-

106 276 256 321 λεύομεν
281 273 409 311 αὐτοὺς
432 278 532 323 κοινῇ
558 274 807 311 συνελθόντας
830 275 930 321 παρὰ
954 276 1007 319 τῷ
1033 274 1191 321 ἄρχοντι,

106 321 137 366 ᾧ
162 321 292 356 τούτου
315 321 412 366 μέλει
434 322 498 355 τοῦ
522 324 664 365 μέρους,
688 322 754 354 ἕνα
777 317 802 364 ἢ
825 322 885 354 καὶ
909 318 1087 364 πλείονας,
1110 316 1193 355 ὅσοι

107 367 198 412 πρὸς
229 367 298 411 τὴν
329 365 504 409 διοίκησιν
534 367 598 408 τῆς
629 363 752 400 οὐσίας
785 361 969 408 ἀρκοῦσιν,
1000 365 1040 405 ἐξ
1069 362 1193 400 αὐτῶν

107 411 347 452 ἐπιλέξασθαι
371 414 430 445 καὶ
455 409 651 455 ὀνομάσαι,
681 413 740 445 καὶ
764 411 896 444 τοῦτον
921 408 944 454 ἢ
966 408 1115 446 τούτους
1144 410 1192 446 τὰ

107 459 171 492 τοῦ
202 454 339 500 ἆνήβου
375 455 570 503 πράγματα
605 454 764 498 διοικεῖν,
799 456 864 489 τοῦ
900 456 963 499 τῆς
997 456 1193 500 ἐπιτροπῆς

106 499 273 536 κινδύνου
298 502 412 536 πᾶσιν
432 503 657 545 ἐπικειμένου
681 503 754 535 τοῖς
777 499 868 546 πρὸς
898 500 967 544 τὴν
991 501 1194 547 ἐπιτροπὴν

107 547 348 591 καλουμένοις,
380 549 440 580 καὶ
463 547 541 581 τῶν
572 543 709 581 οὐσιῶν
734 542 860 580 αὐτῶν
888 547 1082 591 σιωπηριῦς
1105 544 1192 582 ὑπο-

107 595 284 637 κειμένων
307 591 360 635 τῷ
386 588 516 637 ἀνήβῳ
541 590 632 637 ὑπὲρ
656 589 788 635 ταύτης
808 590 872 634 τῆς
895 588 1111 635 διοικήσεως.

1181 70 1267 119 572

1635 88 1696 119 DE
1724 87 1978 122 HEREDIBUS
2005 88 2065 121 AB
2091 89 2339 124 mTEs'rA'ro

1259 185 1348 266 Boni
1370 185 1544 222 volumus.
1580 186 1619 223 Si
1642 189 1761 223 autem
1784 186 1927 231 plurimi
1949 188 2100 224 eundem
2121 189 2342 234 cognationis

1288 232 1434 267 abentes
1457 231 1604 276 gradum
1629 231 1675 268 ad
1693 231 1843 267 tutelam
1858 237 2042 277 vocantur,
2064 233 2227 270 iubemus
2246 245 2341 271 com-

1261 275 1414 311 muniter
1457 276 1749 313 convenientibus
1790 278 1887 322 apud
1930 278 2100 322 iudicem,
2144 278 2202 316 cui
2235 279 2342 316 huius

1261 321 1374 366 partis
1405 321 1608 358 sollicitudo
1641 325 1712 364 est,
1745 332 1855 357 unum
1887 326 1951 358 aut
1978 323 2116 368 plures,
2150 324 2274 369 quanti
2296 324 2343 361 ad

1228 366 1554 411 5gubernationem
1585 367 1806 403 substantiae
1835 367 2035 411 sufficiant,
2068 379 2113 404 ex
2141 368 2231 414 ipsIs
2262 369 2344 414 eligi

1261 415 1297 447 et
1320 411 1540 453 denuntiari,
1564 415 1600 448 et
1617 422 1697 448 eum
1720 412 1775 447 vel
1799 421 1860 448 eos
1884 412 2030 449 minoris
2053 423 2111 449 res
2133 414 2342 459 gubernare,

1262 457 1397 492 tutelae
1426 456 1584 502 periculo
1617 457 1780 493 omnibus
1804 458 2008 494 imminente
2038 458 2099 511 qui
2129 459 2175 494 ad
2196 458 2343 495 tutelam

1261 505 1446 544 vocantur,
1478 505 1515 537 et
1537 502 1747 538 substantiis
1779 512 1902 538 eorum
1933 503 2061 540 minori
2090 504 2200 540 tacite
2222 503 2342 541 subia-

1262 547 1426 584 centibus
1448 557 1514 592 pro
1539 547 1740 584 huiusmodi
1762 548 2031 593 gubernatione.

1207 594 1249 627 10

1098 681 1253 717 CAPUT
1277 681 1337 718 VI.

179 750 299 784 Ταῦτα
331 747 372 784 δὲ
402 747 528 784 πάντα
559 745 631 783 ὅσα
662 752 746 793 περὶ
770 746 952 791 διαδοχῶν
981 749 1047 784 τοῦ
1071 752 1193 796 γένους

106 796 354 837 ἐθεσπίσαμεν
371 791 433 830 ἐπ’
453 795 598 829 ἐκείνοις
613 793 827 839 βουλόμεθα
851 797 1006 839 κρατεῖν,
1031 790 1112 829 ὅσοι
1128 795 1191 838 τῆς

106 840 304 883 καθολικῆς
336 837 535 885 ὑπάρχουσι
566 843 731 874 πίστεως.
780 839 841 873 ἐπὶ
862 839 931 885 γὰρ
962 842 1036 874 τοῖς
1060 839 1189 884 αἱρετι·

106 889 177 920 κοῖς
208 885 291 920 τοὺς
321 883 390 928 ἤδη
422 881 511 930 παρ’
537 882 643 928 ἡμῶν
665 885 843 919 τεθέντας
865 883 997 940 νιξμους
1026 888 1192 929 βεβαίους

1305 747 1405 800 Haec
1428 751 1548 785 autem
1572 749 1691 786 omnia
1714 758 1806 795 quae
1828 749 1874 786 de
1895 750 2183 787 successionibus
2226 750 2342 788 enoris

1259 802 1458 836 sanximus,
1490 794 1528 830 in
1551 794 1622 830 illis
1652 795 1815 830 volumus
1846 795 2023 839 obtinere,
2054 795 2116 841 qui
2147 805 2190 832 ca
2231 796 2343 833 olicae

1258 839 1343 874 fidei
1367 842 1463 875 sunt.
1512 839 1555 874 ln
1578 840 1769 876 haereticis
1795 842 1916 875 autem
1938 841 2010 876 iam
2033 851 2056 877 a
2080 841 2183 877 nobis
2205 842 2343 887 positas

1260 885 1354 928 leges
1377 884 1498 920 firmas
1523 894 1601 921 esse
1625 885 1874 931 praecipimus,
1909 885 2043 921 nullam
2066 886 2258 923 novitatem
2281 889 2344 923 aut

106 931 198 966 εἶναι
221 928 412 984 κελεύρμεν
435 927 573 974 μηδένα
596 929 790 984 καινισμὸξ
806 927 830 972 ἢ
846 927 1048 965 ἐλαττωσιν
1072 931 1111 964 ἐκ
1126 930 1189 964 τοῦ
1206 929 1539 966 15imminutionem
1562 940 1606 966 ex
1629 931 1811 976 praesenti
1833 931 2104 967 introducentes
2119 931 2206 976 lege.
2244 931 2343 976 Quae

107 976 287 1022 παρόντος
310 978 574 1021 υφισταμένους
596 988 718 1019 νομου.
766 987 859 1020 απερ
882 978 1007 1009 τοίνυν
1030 973 1090 1009 διὰ
1105 971 1191 1009 ταύ-

105 1034 167 1065 της
189 1023 252 1064 τῆς
277 1019 475 1061 διατάξεως
503 1021 565 1063 τῆς
588 1021 635 1054 εἰς
667 1019 709 1054 τὸ
736 1017 893 1063 διηνεκὲς
917 1019 1191 1065 φυλαχθησομέ-

105 1079 168 1109 νης
190 1063 212 1110 ἦ
238 1064 392 1110 ἡμετέρα
415 1066 592 1099 ἐθέσπισε
613 1064 824 1119 γαληνότης,
849 1063 912 1099 ἐπ’
940 1067 1086 1100 ἐκείνοις
1109 1069 1190 1110 βου·

107 1111 250 1155 λόμεθα
284 1114 430 1157 κρατεῖν
463 1114 537 1145 τοῖς
570 1111 742 1154 θέμασιν,
778 1107 890 1144 α’τινα
921 1111 960 1145 ἐκ
990 1114 1192 1156 προοιμίων

1260 975 1368 1018 igitur
1391 985 1456 1019 per
1479 975 1574 1011 hanc
1599 975 1888 1011 constitutionem
1917 976 1955 1011 in
1977 979 2190 1021 perpetuum
2218 978 2342 1013 obser-

1260 1020 1412 1055 vandam
1436 1021 1588 1056 sancivit
1611 1025 1735 1057 nostra
1759 1021 2009 1066 tranquillitas,
2034 1021 2158 1057 inillis
2180 1021 2343 1058 volumus

1260 1065 1422 1101 obtinere
1447 1066 1600 1109 casibus,
1634 1067 1696 1111 qui
1719 1076 1742 1101 a
1765 1066 1949 1111 principiis
1973 1066 2055 1101 Iulii
2084 1067 2214 1103 mensis
2236 1076 2343 1113 prae·

1262 1111 1373 1146 sentis
1409 1114 1531 1146 sextae
1564 1111 1770 1147 indictionis
1805 1117 1998 1147 evenerunt
2035 1113 2099 1147 aut
2137 1115 2221 1157 post
2253 1112 2343 1148 haec

105 1158 170 1192 τοῦ
193 1154 337 1211 Ἰουλίου
368 1156 481 1210 μηνὸς
509 1157 583 1209 τῆς*
600 1153 783 1202 παρούσης
813 1157 916 1200 ἕκτης
949 1155 1192 1212 ἐπινεμήσεως
1206 1158 1248 1191 20
1260 1161 1455 1201 emergunt.
1494 1156 1755 1193 Praecedentes
1789 1166 1942 1202 namque
1977 1166 2101 1200 casus,
2137 1158 2198 1202 qui
2231 1167 2344 1203 usque

106 1205 237 1247 συνέβη
261 1216 283 1246 η
308 1205 369 1236 καὶ
391 1215 483 1246 μετα
514 1215 633 1236 ταυτα
657 1199 890 1246 συμβήσεται.
937 1201 984 1235 τὰ
1007 1215 1078 1248 γαρ
1105 1214 1191 1247 προ-

106 1248 270 1293 λαβόντα
301 1247 450 1291 θέματα
481 1246 528 1281 τὰ
551 1249 652 1292 μέχρι
683 1248 747 1281 τοῦ
772 1247 1088 1290 μνημονευθέντος
1109 1247 1192 1290 χοά-

104 1307 168 1329 νου
192 1289 388 1336 ἀποβάντα
411 1292 505 1328 κατὰ
528 1292 610 1327 τοὺς
634 1291 809 1327 παλαιοὺς
837 1292 967 1335 νόμους
989 1295 1120 1337 τέμνεσ
1155 1305 1192 1326 αι

105 1338 441 1384 παρακελευόμεθα.

152 1381 459 1439 ἁ<Ἐπίιλογος>Ι
503 1380 551 1417 ‘H
568 1380 769 1438 5²²3quan
790 1386 914 1418 τοίνυν
941 1380 963 1427 ἡ
989 1381 1034 1426 σὴ
1058 1381 1104 1416 τὰ
1130 1379 1191 1416 διὰ
1205 1385 1246 1418 25

104 1443 169 1464 του
203 1440 386 1474 παροντος
416 1441 531 1471 νομου
562 1441 637 1475 παρ
688 1442 795 1473 ημων
827 1426 1115 1464 διατυπωθέντα
1145 1428 1192 1462 εἰς

104 1475 173 1519 τὴν
190 1472 369 1509 ἁπάντων
391 1475 532 1520 γνῶσιν
555 1473 680 1508 ἐλθεῖν
703 1472 957 1520 προνοησάτω,
982 1475 1043 1509 ἐπὶ
1058 1471 1192 1516 ταύτης

103 1522 171 1565 μὲν
194 1521 257 1564 τῆς
280 1518 464 1563 βασιλίδος
494 1518 634 1554 πόλεως
665 1517 816 1553 ἰδίκτων
846 1519 939 1553 κατὰ
963 1518 1007 1554 τὸ
1033 1515 1192 1561 σύνηθες

106 1568 396 1618 προτιθεμένων,
421 1567 460 1598 ἐν
477 1562 516 1598 δὲ
538 1568 616 1599 ταῖς
639 1566 826 1620 ἐπάρχίαις
849 1564 1080 1619 προςτιζξεων
1103 1575 1192 1607 πεμ-

1260 1201 1307 1236 ad
1326 1205 1559 1237 memoratum
1580 1208 1721 1247 tempus
1743 1202 2038 1246 pertransierunt,
2064 1203 2260 1239 secundum
2283 1212 2343 1239 ve-

1259 1250 1354 1282 teres
1377 1247 1473 1292 leges
1496 1247 1608 1283 incidi
1630 1247 1881 1293 praecipimus.
2085 1258 2100 1265 “

1315 1382 1603 1428 (Epilogus.)
1648 1381 1728 1417 Tua
1758 1382 1865 1428 igitur
1886 1382 2001 1427 gloria
2030 1392 2097 1429 per
2119 1386 2345 1428 praesentem

1259 1428 1372 1472 legem
1396 1437 1418 1462 a
1441 1429 1545 1463 nobis
1569 1427 1744 1473 disposita
1766 1427 1813 1463 ad
1836 1428 1993 1463 omnium
2024 1428 2260 1473 cognitionem
2282 1439 2343 1466 ve-

1260 1473 1337 1508 nire
1352 1477 1531 1518 procuret,
1548 1473 1585 1508 in
1601 1473 1670 1508 hac
1686 1473 1827 1518 quidem
1843 1473 1942 1518 regia
1958 1474 2102 1510 civitate
2117 1473 2243 1510 edictis
2257 1484 2343 1511 con·

1261 1521 1363 1553 suete
1387 1519 1591 1563 propositis,
1615 1519 1654 1553 in
1673 1518 1868 1563 provinciis
1892 1522 2011 1554 autem
2034 1519 2236 1565 praeceptis
2258 1519 2343 1556 diri-

1259 1563 1382 1607 gendis
1407 1563 1453 1599 ad
1470 1563 1686 1599 clarissimos
1705 1564 1888 1609 praesides
1912 1574 2044 1605 earum,
2068 1567 2109 1600 ut
2126 1564 2214 1600 nulli
2228 1564 2344 1601 nostri

104 1613 274 1664 πρμένων
298 1621 389 1654 προς
404 1610 486 1644 τοὺς
502 1609 772 1663 λαμπροτατους
795 1622 942 1644 τουτων
954 1611 1191 1664 ξηγουμένους,
1205 1612 1248 1645 30
1260 1609 1397 1654 imperii
1416 1609 1659 1645 subiectorum
1676 1609 1724 1644 sit
1738 1610 1862 1654 ignota
1883 1611 2030 1645 nostrae
2054 1610 2151 1646 circa
2166 1619 2227 1646 eos
2242 1620 2343 1646 man·

105 1668 194 1691 ωςτε
222 1654 349 1701 μηδενὶ
380 1657 458 1689 τῶν
487 1669 532 1702 τῃ
562 1659 717 1701 ημετέρᾳ
747 1654 913 1700 βασιλείᾳ
943 1657 1193 1698 υποκειμένων

104 1700 297 1748 ἄγνωστον
319 1701 495 1747 γενέσθαι
518 1698 588 1744 τὴν
602 1702 664 1744 τῆς
679 1697 851 1746 ἡμετέρας
875 1698 1094 1747 ἡμερότητος
1109 1702 1191 1745 περὶ

103 1745 251 1782 τούτους
285 1745 486 1791 πρόνοιαν·
534 1742 633 1780 οὕτω
667 1749 792 1789 μέντοι
827 1742 916 1780 ὥςτε
954 1744 1035 1788 δίχα
1074 1745 1192 1789 πάσης

105 1795 231 1836 ζημίας
253 1792 331 1826 τῶν
353 1790 516 1825 πολιτῶν
539 1794 599 1825 καὶ
622 1792 865 1837 ἐπαρχεωτῶν
888 1792 929 1826 ἐν
947 1793 1060 1827 παντὶ
1084 1790 1189 1834 τόπῳ

103 1839 173 1882 τὴν
195 1839 261 1872 τοῦ
286 1835 468 1882 παρόντος
491 1836 604 1880 νόμου
629 1834 830 1881 ἐμφάνειαν
852 1837 1038 1883 γενέσθαι.

162 1883 244 1918 Dat.
264 1893 358 1917 xvn.
383 1883 420 1918 k.
445 1882 538 1927 Aug.
565 1881 610 1918 Se
636 1882 721 1918 timo
746 1881 903 1918 Miliario
932 1882 1018 1927 imp.
1043 1881 1103 1917 dn.
1128 1881 1188 1916 Iu-

103 1928 248 1964 stiniani
277 1939 339 1973 pp.
366 1927 456 1971 Aug.
481 1937 576 1962 anno
636 1927 712 1963 VII.
746 1929 831 1973 post
862 1937 961 1963 cons.
986 1927 1110 1962 Basilii
1132 1936 1187 1962 vc.

103 1984 197 2010 anno
220 1973 267 2008 ΙΙ.
292 1973 366 2014 ind.
389 1973 450 2009 VI.
1051 1975 1096 2014 [a.
1111 1974 1189 2015 543]

171 2050 260 2086 13sq.
284 2055 406 2076 summa
429 2042 505 2075 Ath.
531 2042 686 2084 repetitur
709 2043 742 2075 in
762 2043 935 2084 paratinis
958 2042 1034 2074 Ath.
1051 2043 1071 2076 3
1096 2046 1156 2081 ἐξ).

1202 1837 1245 1872 35

1261 1653 1459 1690 suetudinis
1491 1654 1727 1699 providentia,
1759 1655 1810 1690 ita
1833 1658 1953 1690 tamen
1986 1659 2027 1690 ut
2051 1655 2127 1691 sine
2151 1655 2248 1691 omni
2270 1655 2342 1692 dis-

1259 1699 1389 1744 pendio
1416 1700 1542 1735 civium
1567 1702 1631 1735 aut
1655 1700 1924 1744 provincialium
1952 1700 1990 1736 in
2014 1700 2111 1736 omni
2133 1701 2215 1739 loco
2237 1710 2342 1748 prse-

1259 1745 1371 1781 sentis
1393 1745 1481 1790 legis
1504 1745 1568 1780 fiat
1590 1745 1795 1781 insinuatio.

1323 1881 1408 1917 Dat.
1426 1892 1483 1918 111.
1506 1880 1555 1916 id.
1574 1894 1614 1912 n
1634 1879 1703 1916 GP.
1727 1880 1811 1927 imp.
1836 1878 2026 1918 Iustiniani
2049 1889 2144 1918 anno
2162 1879 2258 1917 XVI.
2282 1889 2341 1926 pc.

1257 1926 1382 1963 Basilii
1406 1936 1500 1962 anno
1517 1925 1564 1961 ΙΙ.

102 2121 207 2157 multi
236 2121 300 2167 qui
322 2119 472 2155 eundem
496 2119 725 2165 coqnationis
753 2117 909 2165 qradum
941 2118 1104 2155 obtinent
1133 2119 1184 2155 ad
1213 2118 1360 2155 tutelam
1391 2120 1581 2160 vocantur,
1613 2118 1774 2154 iubemus
1804 2129 1866 2154 eos
1894 2118 2130 2154 communiter
2153 2119 2344 2157 convenire

103 2166 205 2214 apud
234 2166 504 2212 maqistratum,
540 2165 601 2200 cui
630 2164 719 2200 haec
748 2174 808 2200 res
838 2174 948 2200 curae
978 2168 1048 2207 est,
1084 2168 1121 2200 et
1150 2175 1261 2200 unum
1290 2164 1347 2200 vel
1376 2164 1484 2200 etiam
1506 2163 1656 2210 plures,
1693 2166 1875 2209 quotquot
1905 2163 1955 2199 ad
1984 2163 2162 2200 bonorum
2190 2164 2342 2201 admini-

100 2212 312 2248 strationem
335 2210 544 2256 sufficiant‚
577 2220 627 2246 ex
650 2210 741 2256 ipsis
763 2209 897 2256 eliyere
920 2213 957 2245 et
977 2210 1176 2252 nominare,
1208 2214 1318 2255 atque
1346 2209 1450 2245 illum
1482 2209 1539 2245 vel
1567 2208 1652 2244 illos
1681 2219 1741 2244 res
1770 2209 1966 2255 impuberis
1995 2209 2269 2246 administrare:
2302 2214 2343 2247 ut

98 2257 301 2304 periculum
325 2256 458 2292 tutelae
480 2255 644 2291 omnibus
672 2255 857 2290 immineat
884 2255 948 2301 qui
970 2255 1021 2290 ad
1043 2255 1191 2292 tutelam
1215 2257 1403 2297 vocantur,
1435 2264 1631 2300 eorumque
1653 2253 1749 2289 bona
1773 2254 1906 2290 tacitae
1928 2253 2154 2302 hypothecae
2177 2255 2256 2291 iure
2277 2256 2342 2291 im-

99 2303 229 2350 puberi
247 2312 322 2348 pro
347 2300 417 2336 hae
441 2301 755 2336 administratione
780 2300 994 2346 obligentur.

236 2347 298 2384 VI.
346 2346 450 2383 Haec
474 2351 592 2382 autem
617 2346 738 2381 omnia
751 2356 1007 2427 guaoeumqiw
1024 2345 1069 2382 de
1083 2345 1370 2394 successionibus
1390 2345 1535 2392 qeneris
1552 2344 1754 2387 sanximus,
1778 2343 1823 2380 de
1840 2344 1915 2380 illis
1930 2345 2049 2381 valere
2065 2343 2242 2390 volumus,
2265 2345 2342 2399 qui.

102 2404 253 2439 cumque
277 2391 477 2428 catholicae
499 2395 584 2427 sunt
603 2391 702 2436 fidei.

102 2440 332 2475 novationem
349 2437 405 2474 vet
420 2437 698 2473 deminutionem
713 2447 763 2472 ex
773 2437 965 2483 praesenti
981 2436 1014 2472 le
1040 2448 1059 2472 e
1074 2436 1269 2472 subituras.

788 2402 807 2426 e
831 2390 1023 2427 haereticis
1046 2391 1139 2426 enim
1163 2391 1261 2438 teqes
1290 2392 1362 2427 iam
1388 2402 1411 2426 a
1435 2389 1539 2426 nobis
1563 2390 1658 2425 latas
1677 2390 1806 2434 sirmas
1837 2401 1914 2426 esse
1938 2391 2098 2427 iubemus
2127 2390 2265 2426 nuttam
2288 2401 2342 2427 m-

1316 2435 1446 2480 Quaei
1473 2437 1547 2471 itur
1564 2446 1632 2482 per
1648 2435 1742 2470 hane
1761 2435 2052 2472 constitutionem
2071 2435 2109 2470 in
2127 2439 2343 2483 perpetuum

103 2483 362 2520 observandam
385 2483 562 2519 serenitas
584 2486 713 2518 nostra
735 2482 874 2523 sanarit,
907 2481 952 2517 de
974 2482 1002 2517 il
1017 2483 1048 2518 is
1072 2482 1217 2519 casibus
1246 2482 1366 2518 valere
1396 2491 1441 2517 vo
1459 2492 1561 2516 umus
1592 2481 1655 2533 qui
1679 2480 1724 2516 ab
1747 2480 1852 2516 initio
1874 2480 2006 2516 mensis
2028 2478 2119 2516 Iulii
2140 2481 2344 2527 praesentis

101 2534 229 2565 sextae
260 2529 467 2564 indictionis
498 2528 729 2573 conceperunt
760 2527 816 2563 vel
839 2527 948 2563 etiam
974 2530 1105 2574 postea
1138 2528 1359 2574 continqent.
1408 2526 1603 2563 Praeteriti
1629 2525 1722 2561 enim
1755 2536 1862 2561 casus
1892 2526 1959 2572 qui
1985 2536 2100 2572 usque
2130 2525 2180 2562 ad
2203 2529 2344 2574 tempus

102 2574 208 2610 modo
235 2578 469 2609 memoratum
491 2576 686 2609 evenerunt
708 2576 750 2608 ut
771 2572 966 2608 secundum
987 2578 1125 2609 veteres
1148 2573 1245 2619 tepes
1268 2572 1484 2608 decidantur
1503 2571 1762 2618 praecipimus.

239 2618 328 2665 Epi
335 2619 349 2654 t
357 2629 479 2663 equs.
528 2618 606 2653 Tua
630 2619 742 2664 iqitur
765 2618 885 2664 qloria
916 2629 1011 2664 quae
1038 2629 1109 2665 per
1137 2623 1365 2665 praesentem
1395 2618 1508 2664 leqem
1540 2628 1564 2652 a
1587 2616 1690 2652 nobis
1713 2615 1910 2651 constituta
1932 2619 2019 2651 sunt
2050 2619 2091 2651 ut
2112 2615 2163 2651 ad
2185 2616 2342 2652 omnium

102 2665 269 2700 notitiam
293 2665 438 2700 veniant
456 2663 684 2710 prospiciat,
715 2663 753 2698 in
777 2662 848 2699 hac
870 2663 1013 2709 quidem
1036 2664 1141 2710 reqia
1164 2664 1307 2699 civitate
1331 2663 1456 2698 edictis
1486 2673 1586 2698 more
1608 2661 1715 2697 solito
1732 2661 1948 2708 propositis,
1979 2661 2017 2695 in
2037 2661 2236 2707 provinciis
2257 2671 2342 2699 vero

102 2709 284 2754 manda-tis
314 2709 364 2744 ad
386 2708 604 2744 clarissimos
635 2719 759 2743 earum
782 2708 975 2755 praesides
1003 2709 1137 2751 missis,
1169 2713 1209 2744 ut
1232 2708 1367 2744 nemini
1390 2719 1513 2744 eorum
1544 2707 1607 2754 qui
1630 2707 1782 2753 imperio
1807 2709 1932 2742 nostro
1955 2705 2107 2742 subiecti
2128 2711 2214 2743 sunt
2241 2717 2342 2743 man-

101 2754 302 2790 suetudinis
333 2758 482 2789 nostrae
512 2754 610 2788 circa
635 2763 696 2789 eos
720 2753 957 2799 providentia
987 2755 1214 2801 incomperta
1237 2755 1305 2796 sit;
1345 2754 1397 2789 ita
1421 2758 1539 2789 tamen
1568 2755 1609 2787 ut
1630 2753 1707 2787 sine
1739 2751 1813 2787 ullo
1846 2751 1975 2787 civium
2006 2755 2043 2787 et
2058 2751 2341 2798 provincialium

102 2800 316 2836 detrimento
344 2799 507 2834 omnibus
532 2799 621 2834 locis
637 2799 848 2844 praesentis
872 2799 963 2845 lepis
987 2800 1184 2835 insinuatio
1207 2799 1286 2844 fiat.

148 2882 170 2914 4
192 2877 311 2923 μέλλει
329 2879 400 2911 ML
419 2857 492 2921 {1¹10
516 2877 647 2919 ταύτης
667 2878 740 2920 τῆς]
765 2878 956 2911 huiusmodi
980 2891 999 2915 ς
1013 2878 1026 2922 ΙΙ
1048 2881 1084 2913 11
1113 2876 1189 2912 δια-

104 2923 214 2968 δοχὴν
233 2925 291 2958 31⁰
310 2924 322 2967 ΙΙ
341 2926 383 2958 36
407 2926 528 2957 subscr.
550 2925 644 2956 habet
664 2924 796 2964 Iulstl’w,
822 2926 892 2956 item
907 2924 970 2956 Iul.
985 2925 1054 2956 cod.
1072 2925 1158 2957 Utin.
1177 2924 1189 2966 ΙΙ

103 2982 192 3004 xvn.
211 2972 244 3003 k.
261 2980 337 3012 aug.
355 2970 443 3002 1qu
462 2967 546 3013 (πρὸ
568 2966 616 3009 ιζ’
631 2965 826 3001 καλάνδων
842 2964 1072 3013 Αὖγούστων
1083 2970 1188 3011 Ath.)]

104 3038 198 3061 sxcn
214 3026 260 3060 kl.
277 3030 351 3068 ags.'
362 3022 443 3059 laist
468 3034 554 3056 xum
573 3027 619 3055 ιῒᾶ
634 3015 692 3064 (ἶδ
708 3026 811 3058 minus
827 3031 910 3057 recte
930 3025 1007 3068 leyit
1023 3033 1052 3057 et
1068 3026 1101 3057 k.
1119 3025 1186 3057 deo.

104 3076 335 3117 interpretatur
352 3070 551 3110 Zachariae)
568 3069 610 3102 M
630 3069 662 3101 k.
676 3079 752 3111 aug.
773 3070 860 3102 Utin.
886 3071 972 3112 μηνὶ
997 3065 1187 3116 αὐγούστῳ

106 3119 238 3161 Theoti„
260 3117 416 3151 om.1ul.v
441 3115 509 3156 (111
533 3113 578 3146 id.
604 3125 634 3155 ς,
659 3116 717 3148 ubi
738 3115 818 3155 vid.)
843 3114 855 3157 ΙΙ
878 3115 1016 3156 septimo
1041 3115 1188 3148 miliario

104 3163 243 3206 (miliari
261 3163 363 3204 Utin.)
376 3159 458 3195 Iul!
477 3160 579 3200 Utin-l
605 3169 675 3202 cep.
698 3170 773 3191 mic.
794 3159 834 3192 M
855 3159 994 3202 septimo
1007 3160 1107 3200 Iutw,
1129 3173 1187 3193 om.

104 3211 186 3243 IulJ’
203 3209 216 3252 ΙΙ
233 3208 327 3251 impi.
343 3207 422 3240 dnn.
438 3204 624 3238 iustiniano
640 3215 729 3237 anno
744 3203 846 3236 XVII
867 3205 955 3237 Utin.
981 3204 1061 3248 imp.
1077 3204 1188 3237 donno

106 3255 251 3287 iustiano
275 3263 364 3286 anno
376 3251 478 3284 XCII
500 3248 581 3283 Iul.⁶
610 3249 688 3292 imp.
703 3249 795 3282 iusti.
816 3259 904 3281 anno
917 3248 985 3281 VII
1002 3249 1084 3282 deci.
1100 3251 1188 3283 ΙιιΙ.ω

105 3301 225 3333 domno
238 3302 340 3342 postr.
357 3296 543 3330 iustiniano
559 3296 699 3338 septimo
716 3294 842 3328 decimo
852 3295 935 3327 IulJ’
954 3294 1031 3336 imp.
1047 3295 1100 3327 dn.
1111 3295 1188 3327 inst.

105 3356 161 3388 pp.
178 3356 253 3385 aug.
272 3345 312 3377 M
335 3340 518 3386 βασιλείας
537 3336 793 3374 Ἰουστινιανοῦ
815 3336 859 3372 τὸ
885 3339 932 3382 ιβ’
948 3340 1021 3383 (leq.
1037 3336 1096 3381 ιζ)
1111 3341 1188 3372 Ath.

106 3391 178 3424 ε’·’τει
202 3390 264 3431 τῆς
287 3386 471 3433 βασιλείας
495 3384 539 3428 ιζ’
556 3387 678 3420 Theod.
695 3385 708 3430 ΙΙ
726 3387 767 3420 37
792 3395 886 3427 pons.
905 3384 1006 3417 consl.
1031 3384 1076 3416 fl.⁵
1093 3384 1190 3417 basili

106 3447 157 3468 uc.
183 3446 271 3467 anno
295 3433 440 3467 secundo
463 3430 545 3466 Ιιιὶ.ὁ
579 3429 671 3474 μετὰ
701 3429 770 3473 τὴν
798 3426 977 3463 ὑπατείαν
1001 3427 1190 3462 Βασιλείου

106 3479 148 3513 τὸ
166 3479 199 3523 β’
217 3481 291 3513 ΑιΙι.
305 3481 359 3522 (cs.
372 3482 414 3521 ς),
438 3488 488 3520 pc.
510 3476 609 3510 basili
629 3475 711 3508 anni
726 3476 815 3509 Iul.¹⁰
838 3478 912 3517 post
930 3474 1028 3507 consl.
1047 3474 1189 3507 bilisarii

107 3537 195 3558 anno
212 3525 311 3557 tertio
327 3525 413 3557 Utin.
439 3526 515 3565 post
531 3521 655 3555 consul.
675 3531 764 3554 anno
780 3520 879 3554 tertio
896 3520 979 3553 Iutv
1007 3518 1098 3561 μετὰ
1120 3518 1190 3561 τὴν

108 3569 286 3603 ὑπατείαν
300 3567 489 3602 Βασιλειόυ
506 3569 626 3601 Theoti.
651 3566 748 3599 basili
768 3577 820 3599 uc.
838 3575 940 3598 conss.
957 3565 1002 3597 M
1019 3565 1031 3608 ΙΙ
1056 3566 1098 3599 38
1119 3565 1187 3598 ind.

109 3616 155 3647 VI
191 3617 247 3658 (cf.
268 3628 296 3647 v.
312 3616 381 3656 20)]
406 3611 473 3647 ἰνδ.
489 3610 518 3650 ς’
534 3613 669 3655 ΤΙιεοᾱ.,
695 3624 754 3645 om.
776 3619 846 3646 cett.

1301 2880 1322 2913 6
1335 2878 1480 2911 minores
1500 2878 1549 2919 V1l
1562 2877 1742 2919 gubernari
1755 2877 1805 2911 Β*
1817 2877 1828 2919 ΙΙ
1842 2879 1859 2910 7
1873 2876 1916 2909 ad
1930 2875 2037 2909 tulam
2051 2876 2102 2909 Τι
2113 2877 2125 2915 ΙΙ
2140 2877 2178 2911 11
2190 2877 2278 2910 rubr.
2291 2876 2341 2910 De

1257 2925 1293 2956 ui
1314 2927 1347 2956 et
1371 2925 1423 2964 (ac
1436 2923 1480 2964 R)
1505 2924 1667 2965 potestate
1691 2921 1943 2955 constitutionis
1966 2921 2004 2953 in
2027 2920 2341 2962 (constitutionibus

1258 2971 1290 3001 et
1302 2969 1348 3011 R)
1362 2967 1512 3011 personis
1525 2970 1557 3000 ct
1570 2967 1773 3010 temporibus
1787 2967 1855 3000 ΕΤ
1866 2968 1898 3000 in
1911 2978 2012 3009 mar-9.
2022 2967 2074 3007 (ex
2086 2965 2162 3006 Iul.)
2178 2965 2191 3009 ΙΙ
2211 2966 2253 2999 12
2266 2976 2341 2999 san-

1257 3014 1361 3046 cimus
1387 3014 1480 3054 libri,
1511 3012 1711 3045 sancivimus
1734 3013 1821 3054 vulq.
1838 3011 1850 3053 ΙΙ
1871 3012 1912 3046 16
1936 3010 2022 3043 hano
2044 3020 2104 3053 per
2129 3010 2184 3054 ΤΙΙ
2203 3011 2244 3045 18
2268 3011 2339 3053 qui]

1257 3059 1336 3101 quia
1357 3058 1467 3092 V¹T¹
1483 3058 1495 3100 ΙΙ
1524 3067 1545 3090 a
1566 3056 1743 3100 principiis
1766 3056 1844 3089 iulii
1865 3054 1950 3098 men!
1975 3067 2037 3088 scr.
2061 3054 2111 3088 V²
2129 3056 2162 3088 in
2182 3068 2248 3089 ras.
2268 3055 2280 3099 ΙΙ
2300 3058 2339 3090 19

1256 3103 1432 3136 inditionis
1448 3102 1576 3146 RVTn
1596 3103 1788 3142 evenerunt]
1813 3111 1870 3133 sue
1894 3101 2061 3133 uenerunt
2083 3099 2117 3133 R
2140 3111 2197 3133 seu
2222 3111 2340 3134 eucne-

1257 3151 1337 3182 runt
1358 3148 1514 3190 VTvulq.
1538 3146 1551 3190 ΙΙ
1572 3149 1631 3179 aut
1652 3147 1773 3187 BVT]
1797 3156 1854 3179 seu
1877 3146 1965 3189 vuly.
1991 3145 2003 3188 ΙΙ
2027 3145 2108 3177 haee
2133 3158 2192 3178 om.
2215 3146 2271 3190 Vll
2297 3148 2339 3181 20

1257 3192 1457 3234 emergerint
1473 3193 1504 3225 T
1511 3191 1522 3211 ¹
1543 3191 1737 3224 emerserint
1752 3190 1803 3225 T⁸
1812 3191 1898 3234 vuly.
1918 3189 1930 3234 ΙΙ
1946 3190 2098 3222 cedentes
2111 3190 2158 3223 12¹
2177 3190 2189 3234 ΙΙ
2208 3192 2248 3226 21
2265 3202 2340 3235 per-

1257 3238 1453 3271 transierint
1479 3236 1535 3279 ΤΙΙ
1555 3237 1597 3270 22
1620 3235 1728 3269 decidi
1750 3236 1837 3279 vuly.
1856 3236 1869 3279 ΙΙ
1894 3237 1936 3269 26
1961 3234 2151 3278 dispositam
2176 3236 2207 3269 T
2220 3235 2232 3280 ΙΙ
2249 3236 2341 3269 omni

1259 3285 1292 3317 T
1303 3284 1315 3327 ΙΙ
1335 3284 1375 3316 27
1390 3281 1521 3323 quidem
1536 3282 1784 3325 Spanyenbery]
1799 3281 1886 3314 enim
1904 3281 1981 3314 libri
1994 3282 2006 3323 ΙΙ
2025 3280 2172 3322 civitate]
2189 3280 2272 3314 urbe
2285 3282 2317 3315 R
2329 3281 2341 3323 ΙΙ

1259 3330 1301 3363 28
1321 3326 1519 3371 praepositis
1542 3326 1627 3368 VTn
1647 3325 1827 3368 diligendis
1849 3326 1907 3368 Vll
1923 3327 1965 3360 30
1986 3327 2101 3358 nostra
2123 3326 2179 3370 Vl}
2195 3328 2235 3360 31
2262 3336 2340 3369 pro-

1257 3373 1416 3413 videntia]
1437 3371 1650 3415 prouidentia
1674 3374 1732 3404 tua
1756 3371 1841 3404 R¹T
1853 3371 1866 3414 ΙΙ
1884 3371 1927 3404 tm
1942 3371 1975 3404 R
1992 3371 2004 3414 ΙΙ
2023 3372 2065 3405 36
2077 3372 2340 3415 subscriptionem

1258 3430 1340 3452 unus
1364 3419 1459 3450 habet
1482 3417 1736 3461 Neoburyensis,
1767 3429 1849 3460 quae
1875 3424 1977 3450 tamen
2001 3417 2129 3450 videtur
2153 3429 2192 3450 ex
2213 3416 2343 3450 Iuliani

1258 3464 1491 3506 subscriptione
1508 3463 1734 3505 praecedentis
1752 3462 1985 3495 constitutionis
2007 3473 2179 3505 perperam
2203 3463 2340 3506 repetita

1258 3520 1325 3586 esslhe
1343 3508 1589 3588 xz‘nterpolata
1606 3508 1660 3551 (⁶st
1677 3509 1722 3540 ad
1734 3507 1810 3548 566,
1825 3508 1869 3549 31)
1885 3506 1897 3552 11
1923 3506 2127 3541 iustinianus
2144 3506 2247 3542 Neob.
2267 3506 2280 3552 ΙΙ
2296 3507 2338 3543 37

1256 3554 1289 3587 b·
1309 3553 1316 3559 ⁶
1381 3555 1446 3587 eob.
