2592 3840
205 90 312 135 Nov.
342 90 522 136 XLVIII
540 106 603 148 pr.
637 95 655 135 1
1277 87 1359 138 286
2033 103 2094 136 DE
2115 102 2434 138 IUREmRANDO

711 261 777 305 iffi
1690 270 1854 306 XLVIII.
1901 269 2012 306 Auth.
2022 269 2169 306 XLVII.
2193 269 2280 306 coll.
2290 269 2334 306 V.
2346 269 2402 306 tit.
2413 272 2434 305 2

309 339 487 392 ΠΕΡΙ
519 337 767 392 OPKOY
804 334 1183 392 Δ()ΘΕΝΤΟΣ
1547 341 1600 390 R
1627 341 1718 389 DE
1754 337 2234 390 IUREIURANDO

235 407 442 460 HAPA
496 406 637 459 ΤΟΥ
688 403 1260 458 ΤΕΛΕῩΤῼΝΤΟΣ
1379 407 1753 459 MORIENTIS
1804 407 2117 457 PROPTER
2161 404 2414 456 MENSU-

236 472 557 526 ENEKEN
593 471 737 524 ΤΟΥ
770 470 1082 524 METPOY
1114 471 1261 526 ΤΗΣ
1454 476 1598 525 ΒΑΜ
1636 475 1813 526 SUAE
1852 474 2343 526 SUBSTANTIAE.

348 539 642 596 EAYTOY
674 537 998 593 ΠΕΡΙΟῩΣ
1011 540 1144 594 ΙΑΣ.
1312 557 1331 588 5

206 617 242 654 Ὁ
264 616 368 654 αὐτὸς
386 617 551 674 βασιλεὺς
568 614 716 673 ’ζωάννῃ
741 617 886 664 ἐπάρχῳ
911 622 1150 667 πραιτωρίων
1172 618 1215 655 τὸ
1238 618 1287 665 β’,
1446 619 1537 664 Imp.
1563 619 1783 656 Iustinianus
1800 620 1892 665 Aug.
1913 618 2064 655 Iohanni
2087 629 2148 664 pp.
2174 616 2344 655 secundo.

473 676 544 698 απο
569 675 720 697 υπατων
744 666 805 697 καὶ
827 667 1021 710 πατρικίφ.

258 732 552 781 <Προοίμιον >
595 729 666 765 Ἀεὶ
689 733 821 766 τοῦτον
852 732 918 765 ἕνα
947 729 1182 777 πεποιήμεθα
1206 745 1287 767 σκο-
1405 730 1693 776 (Praefatio.)
1739 731 1885 777 Semper
1915 731 2010 767 hanc
2041 741 2149 767 unam
2178 730 2352 766 habemus
2381 728 2437 764 in-

208 779 279 815 πὸν
310 778 353 813 τὸ
375 776 439 812 τὰς
463 775 702 812 διατυπώσεις
732 778 811 811 τῶν
833 775 1091 811 τελευτώντων
1113 777 1205 812 εἶναι
1229 782 1287 823 βε-
1355 777 1549 812 tentionem
1575 776 1825 821 dispositiones
1848 777 2074 813 morientium
2098 785 2177 812 esse
2199 775 2337 819 firmas,
2367 772 2438 810 nisi

207 827 322 869 βαίας,
347 823 378 856 εἰ
397 822 446 867 μὴ
463 819 651 866 μάχωνται
672 819 774 866 νόμῳ
797 824 857 856 καὶ
877 823 1042 868 φανερῶς
1062 824 1286 858 έναντιοῖντο
1305 826 1341 858 10
1355 822 1531 857 resultent
1553 821 1622 866 legi
1653 824 1689 856 et
1713 825 1837 867 aperte
1861 821 2064 857 contrarIae
2087 821 2160 857 sint
2182 820 2237 855 his
2269 829 2362 865 quae
2385 818 2438 854 illi

207 871 279 903 τοῖς
299 870 424 910 ἐκείνῳ
442 865 621 901 δοκοῦσιν.
663 865 783 912 Ἵσμεν
802 870 928 902 τοίνυν
950 869 1010 901 καὶ
1029 869 1070 902 ἐν
1084 871 1158 902 τοῖς
1176 868 1285 915 πράγ-
1355 867 1511 913 placent.
1556 866 1695 902 Scimus
1716 866 1826 910 igitur
1844 870 1979 902 motum
1997 870 2034 902 et
2052 865 2301 902 annuntiatum
2322 863 2436 906 nobis,

205 924 295 959 μασι
318 913 472 956 κινηθὲν
501 915 561 946 καὶ
585 911 889 960 προςηγγελμένον
917 909 1014 957 ἡμῖν,
1045 908 1092 947 οἷς
1116 911 1286 958 διαθέμε-
1356 912 1439 958 quia
1462 922 1543 947 cum
1565 913 1760 947 testaretur
1789 911 1943 956 quidam,
1976 921 2057 946 cum
2078 909 2310 946 iureiurando
2335 918 2438 944 suam

207 958 267 993 νόε-
300 969 355 993 ‘ns
388 957 455 992 σὺν
489 954 604 1004 ὅρκοις
638 956 706 1001 τὴν
737 958 865 992 ἑαυτοῦ
897 961 1107 1004 περιουσίαν
1138 955 1288 994 ἅπασαν
1356 957 1593 993 substantiam
1624 966 1763 992 omnem
1793 956 1883 991 dixit
1913 959 1950 992 et
1981 955 2066 1001 quia
2094 956 2187 990 hanc
2220 954 2332 990 solam
2355 953 2438 989 reli-

207 1004 284 1038 εἶπε
314 1006 374 1037 καὶ.
404 999 461 1037 ὅτι
484 1002 622 1047 ταύτην
652 999 771 1047 μόνην
793 1001 1057 1047 καταλιμπάνει
1080 1006 1154 1038 τοῖς
1177 1001 1286 1038 αὑτοῦ
1357 1002 1434 1048 quit
1462 1002 1535 1038 suis
1560 1002 1762 1045 heredibus,
1794 1001 1904 1047 aliqui
1933 1010 2017 1037 vero
2049 1010 2174 1037 eorum
2197 1000 2368 1035 heredum
2391 997 2443 1034 ad·

207 1047 452 1097 κληρονόμοις,
484 1050 578 1082 τινὲς
610 1046 651 1082 δὲ
680 1046 834 1095 ὕστερον
866 1046 990 1083 αὐτῶν
1019 1049 1097 1082 τῶν
1120 1047 1287 1094 κληρονό-
1306 1052 1342 1084 15
1358 1048 1449 1083 haec
1473 1047 1659 1091 resultant,
1684 1057 1757 1082 non
1781 1047 1876 1083 iuste
1898 1046 2083 1090 facientes,
2108 1046 2192 1091 quia
2215 1043 2439 1081 substantiae
2582 1067 2592 1109 1

205 1107 288 1138 μων
318 1092 406 1140 πρὸς
433 1094 550 1128 ταῦτα
582 1090 830 1136 ἄνανεύουσιν,
862 1091 903 1128 οὐ
936 1091 1060 1127 δίκαια
1089 1096 1287 1136 ποιοῦντες,
1359 1093 1499 1137 quidem
1530 1092 1627 1128 illius
1659 1092 1808 1128 heredes
1837 1091 1929 1127 fiunt
1963 1095 1999 1127 et
2028 1091 2067 1127 in
2100 1091 2170 1127 hoe
2203 1090 2250 1126 ad
2275 1089 2440 1125 uiescunt

205 1136 263 1173 ὅτι
297 1139 358 1182 τῆς
392 1141 460 1183 μὲν
493 1136 616 1173 οὐσίας
653 1140 715 1182 τῆς
753 1140 903 1181 ἐκείνου,
929 1137 1187 1184 κληρονομοῦσι
1221 1136 1289 1173 κάν
1359 1139 1415 1173 his
1441 1147 1533 1183 quae
1556 1138 1602 1173 ab
1627 1148 1670 1173 eo
1694 1136 1868 1182 disposita
1891 1140 1986 1179 sunt,
2019 1146 2112 1181 quae
2134 1145 2218 1171 vero
2266 1134 2334 1170 ixit
2357 1143 2439 1170 cum

206 1183 324 1227 τούτῳ
357 1184 556 1219 πείθονται
586 1186 661 1218 τοῖς
691 1180 756 1219 ὑπ’
783 1182 893 1218 αὐτοῦ
925 1181 1235 1229 διατεταγμένοις,
1267 1181 1290 1218 ἃ
1357 1183 1599 1228 iureiurando,
1620 1183 1711 1218 haec
1731 1192 1957 1228 nequaquam
1976 1185 2056 1217 rata
2074 1191 2216 1217 manere
2239 1189 2356 1225 neque
2375 1189 2438 1214 cu-

206 1228 246 1263 δὲ
269 1227 314 1263 ἂν
345 1230 439 1264 εἴποι
468 1226 561 1273 μεθ’
588 1226 694 1275 ὅρκου
717 1229 834 1263 ταῦτα
864 1225 928 1263 οὐκ
951 1230 1006 1263 ἔτι
1029 1227 1133 1276 κύρια
1166 1232 1290 1274 με’νειν
1359 1228 1491 1264 stodire
1526 1238 1570 1263 ea
1600 1228 1795 1264 secundum
1831 1230 2090 1273 competentem
2119 1226 2265 1262 modum
2295 1224 2437 1269 volunt3

205 1273 289 1308 οὐδὲ
319 1273 512 1321 φυλάττειν
544 1272 638 1308 αὐτὰ
671 1275 763 1308 κατὰ
796 1273 862 1308 τὸν
896 1273 1118 1320 προςίκοντα
1149 1274 1289 1319 τρόπον
1302 1278 1344 1310 20
1359 1284 1440 1309 cum
1470 1273 1594 1318 utique
1624 1273 1756 1309 nostris
1787 1273 1928 1309 videtur
1956 1272 2094 1317 legibus
2127 1281 2236 1307 unam
2266 1270 2438 1316 quodam·

205 1318 419 1363 βούλονται·
454 1323 571 1354 καίτοι
601 1333 642 1367 γε
673 1322 747 1353 τοῖς
776 1316 958 1366 ἡμετέροις
1007 1322 1082 1353 οκεῖ
1102 1318 1225 1364 νόμοις
1249 1321 1290 1354 ἔν
1358 1319 1463 1354 modo
1495 1328 1575 1354 esse
1603 1328 1794 1363 personam
1824 1318 1966 1353 heredis
1995 1321 2032 1353 et
2061 1317 2122 1363 qui
2149 1316 2187 1352 in
2218 1325 2300 1351 eum
2321 1318 2439 1350 trans-

206 1376 283 1399 πως
313 1365 406 1399 εἶναι
437 1366 631 1412 πρόςωπον
662 1363 705 1399 τὸ
734 1367 798 1398 τοῦ
822 1362 1043 1410 κληρονόμου
1073 1368 1134 1398 καὶ
1157 1363 1201 1399 τὸ
1224 1366 1287 1399 τοῦ
1358 1364 1476 1400 mittet
1498 1363 1747 1406 hereditatem,
1784 1363 1936 1409 ideoque
1966 1363 2085 1398 nullus
2116 1361 2268 1397 eundem
2298 1360 2441 1397 sibimet

205 1411 253 1444 εἰς
284 1407 397 1445 αὐτὸν
428 1413 738 1454 παραπέμποντος
766 1408 833 1444 τὸν
857 1409 998 1454 κλῆρον,
1032 1406 1120 1444 ὥςτε
1148 1406 1212 1444 οὐκ
1243 1408 1289 1444 ἅν
1358 1409 1444 1444 dicit
1479 1409 1652 1444 reluctari
1690 1413 1727 1444 et
1762 1409 1859 1454 quod
1893 1408 1983 1443 dixit
2017 1410 2125 1453 atque
2158 1406 2291 1443 iuravit
2322 1408 2440 1440 tutum

205 1467 258 1489 τις
290 1452 402 1490 αὐτὸν
433 1455 550 1498 ἑαυτῷ
583 1454 707 1501 φήσειε
738 1452 983 1499 διαμάχεσθαι
1014 1458 1074 1489 καὶ
1098 1452 1187 1502 ὅπερ
1212 1455 1290 1490 εἶπε
1357 1464 1445 1498 esse,
1470 1454 1539 1490 hoc
1559 1454 1654 1490 nolle
1677 1455 1804 1498 valere,
1837 1454 1901 1490 sed
1925 1455 2052 1490 contra
2075 1452 2240 1498 proprios
2263 1449 2438 1488 reluctari

205 1503 265 1534 καὶ
289 1500 458 1543 ἐπώμοσε
481 1499 604 1546 κύριον
628 1500 736 1542 εἶναι,
768 1499 876 1534 τοῦτο
907 1498 957 1544 μὴ
980 1497 1183 1544 βούλεσθαι
1206 1513 1289 1547 κρα-
1302 1502 1343 1535 25
1357 1510 1549 1536 sermones.

205 1548 292 1588 τεῒν,
317 1542 406 1580 ἀλλὰ
429 1545 518 1592 πρὸς
541 1544 622 1580 τοὺς
646 1546 792 1579 οἰκείους
813 1542 1062 1590 διαμάχεσθαι
1087 1543 1222 1593 λόγους.

1216 1635 1372 1672 CAPUT
1393 1635 1420 1670 1.

262 1706 488 1748 Θεσπίζομεν
517 1707 652 1744 τοίνυν,
685 1704 720 1742 εἴ
748 1715 801 1738 τις
832 1700 1050 1750 ἀπογραφὴν
1082 1702 1288 1747 πεποιηκώς
1403 1702 1590 1738 Sancimus
1611 1701 1731 1746 igitur,
1757 1701 1788 1738 si
1809 1700 1887 1746 quis
1908 1700 2184 1746 descriptionem
2205 1699 2343 1736 faciens
2364 1697 2440 1735 sive

206 1749 276 1784 εἴτε
300 1748 492 1796 ἰδιόχειρον
523 1750 594 1783 εἴτε
627 1747 680 1782 δι’
708 1749 843 1793 ἑτέρων
866 1751 934 1794 μὲν
956 1751 1168 1795 γραφεῖσαν,
1194 1745 1285 1795 παρ’
1357 1748 1506 1793 propria.
1533 1757 1642 1783 manu
1673 1748 1746 1782 Sive
1769 1756 1834 1792 per
1865 1746 2014 1782 alterius
2039 1745 2180 1800 quidem
2203 1745 2386 1792 scriptam,
2416 1753 2439 1780 a

207 1793 316 1829 αὐτοῦ
348 1793 388 1838 δὲ
410 1793 765 1838 ὑποσημειωθεῖσαν,
796 1790 818 1837 ἢ
842 1794 882 1828 ἐν
911 1797 989 1828 ταῖς
1017 1791 1127 1828 αὑτοῦ
1159 1791 1290 1836 διαθή-
1360 1803 1399 1828 se
1423 1795 1543 1829 autem
1567 1792 1824 1838 subscriptam,
1861 1795 1925 1826 aut
1947 1791 1985 1826 in
2008 1801 2084 1827 suis
2106 1789 2329 1826 testamentis
2353 1788 2438 1825 sub-

206 1851 283 1875 καις
305 1838 348 1874 τὸ
365 1840 426 1882 τῆς
446 1838 568 1873 οὐσίας
590 1840 652 1882 τῆς
673 1836 783 1873 αὑτοῦ
803 1840 936 1885 μέτρον
957 1837 1098 1882 ποιήσει
1117 1837 1288 1885 φανερόν,
1302 1841 1345 1874 30
1358 1838 1513 1874 stantIae
1543 1847 1630 1874 suae
1659 1846 1861 1873 mensuram
1892 1836 2006 1872 faciat
2033 1835 2269 1879 manifestam,
2300 1833 2439 1871 heredi-

206 1886 284 1919 τῶν
320 1883 554 1931 κληρονόμων
589 1884 675 1918 ἴσως
709 1884 788 1918 τῶν
822 1886 890 1928 μὲν
926 1881 1102 1918 ἀπόντων
1136 1884 1216 1919 τῶν
1251 1881 1291 1917 δὲ
1358 1883 1427 1920 bus
1461 1882 1557 1919 forte
1587 1882 1667 1918 aliis
1698 1882 1840 1927 quidem
1869 1881 2079 1918 absentibus
2112 1881 2192 1917 aliis
2223 1890 2305 1917 vero
2358 1889 2439 1916 rae-

205 1930 405 1978 παρόντων
435 1928 457 1974 ἢ
479 1932 538 1964 καὶ
562 1926 714 1965 πάντων
747 1927 956 1976 παρόντων,
987 1928 1037 1974 μὴ
1061 1929 1193 1970 ἐξεῖναι
1216 1931 1291 1964 τοῖς
1359 1928 1521 1965 sentibus
1544 1932 1608 1964 aut
1631 1927 1737 1963 etiam
1761 1927 1925 1964 omnibus
1949 1926 2212 1972 praesentibus,
2235 1936 2308 1962 non
2347 1924 2440 1961 'cere

252 2022 337 2056 Nov.
350 2022 422 2055 XL
432 2021 525 2055 VIII
543 2021 707 2063 (Audient-
723 2021 791 2053 XL
803 2021 874 2054 VII
882 2036 926 2048 =
943 2021 1025 2054 Ooll.
1047 2021 1139 2055 Veit.
1154 2022 1192 2055 2:
1217 2021 1330 2064 yloss.)
1359 2012 1494 2055 Graec?
1509 2027 1597 2054 extat
1621 2021 1655 2054 in
1679 2019 1765 2060 ML,
1789 2018 1894 2059 B41,
1908 2023 1925 2050 6
1950 2019 2009 2059 (=
2033 2019 2081 2052 Β*
2100 2031 2137 2062 p.
2151 2018 2216 2052 530
2229 2017 2348 2059 Zach.)
2371 2027 2440 2051 cum

205 2068 304 2101 schol.
330 2086 373 2091 ——
397 2068 488 2111 Epit.
505 2067 626 2100 Theod.
638 2067 683 2100 48
703 2067 793 2107 (inde
806 2061 893 2106 ΒΣ),
927 2066 1051 2100 Athan.
1071 2067 1104 2108 9,
1123 2071 1159 2109 4,
1194 2066 1383 2110 Anonymus
1407 2065 1614 2100 Bodleianus
1638 2076 1693 2109 ap.
1717 2064 1908 2099 Zachariae
1938 2059 2072 2098 Ἀνέκδ.
2095 2076 2129 2108 p.
2143 2063 2208 2098 213
2231 2063 2304 2106 (ubi
2323 2062 2441 2096 citatur

205 2110 316 2169 νεαρὰ
338 2111 438 2156 aff).
485 2112 608 2147 Iulian.
633 2119 732 2146 const.
756 2111 901 2145 XLIII.

327 2301 430 2353 DE
460 2300 958 2354 JIJREJURANDO
993 2299 1038 2351 A
1074 2231 1457 2351 MORIICIIIII'IE
1480 2299 1583 2351 DE
1613 2298 1818 2351 MODO
1852 2296 2335 2351 SUBSTANTIAE

1018 2367 1200 2419 SUAE
1229 2367 1634 2420 PRAESTJTO.

544 2446 645 2484 Idem
668 2447 856 2495 Auqustus
877 2445 1038 2482 Iohanni
1055 2446 1253 2493 praefecto
1270 2446 1465 2494 praetorio
1490 2447 1633 2490 iterum,
1657 2446 1850 2484 exconsuli
1873 2450 1910 2483 et
1925 2446 2102 2493 patricio.

344 2515 603 2561 Praefatio.
653 2515 802 2562 Semper
825 2514 894 2550 hoc
919 2526 1028 2550 unum
1052 2514 1243 2551 habuimus
1262 2526 1338 2562 pro
1366 2515 1508 2559 ositum,
1541 2519 1583 2551 ut
1603 2514 1859 2561 defunctorum
1882 2513 2139 2561 dispositiones
2158 2513 2289 2558 firmae
2310 2514 2442 2555 essent,

207 2561 279 2596 nisi
310 2561 381 2606 leqi
410 2565 659 2607 repuqnarent
689 2561 805 2606 iisque
835 2571 929 2606 quae
959 2560 1015 2595 illi
1035 2561 1184 2607 placent
1213 2560 1313 2596 mani
1334 2564 1410 2596 esto
1432 2560 1723 2597 adversarentur.
1776 2560 1894 2607 Atque
1921 2561 2065 2601 scimus,
2096 2557 2197 2604 quod
2218 2556 2315 2592 etin
2333 2555 2442 2592 rebus

208 2607 386 2652 aqitatum
417 2612 453 2641 et
483 2607 687 2641 nuntiatum
719 2605 823 2641 nobis
852 2609 916 2648 est,
953 2605 1132 2651 quendam
1166 2609 1333 2642 testatum
1367 2616 1447 2641 cum
1470 2605 1709 2642 iureiurando
1742 2616 1846 2641 suam
1868 2604 2108 2641 substantiam
2142 2612 2280 2639 omnem
2304 2601 2442 2638 dixisse

207 2661 317 2696 seque
340 2661 418 2686 eam
441 2650 555 2687 solam
579 2650 768 2686 heredibus
790 2650 868 2685 suis
889 2651 1105 2696 relinquere,
1131 2654 1266 2698 postea
1295 2662 1380 2687 vero
1402 2651 1580 2698 quosdam
1611 2662 1661 2687 ea:
1691 2651 1781 2698 ipsis
1804 2649 1996 2686 heredibus
2025 2648 2115 2685 haee
2136 2657 2343 2690 recusasse,
2377 2645 2442 2693 qui

208 2696 340 2730 iniuste
363 2699 488 2741 ayunt,
520 2696 692 2740 quoniam
714 2695 753 2730 in
778 2696 872 2731 bona
897 2695 1038 2741 quidem
1062 2695 1163 2731 illius
1184 2695 1383 2732 succedunt
1413 2700 1450 2732 et
1473 2697 1512 2731 in
1535 2695 1604 2732 hac
1627 2707 1668 2732 re
1690 2695 1888 2732 oboediunt
1908 2694 1956 2731 iis
1986 2705 2081 2741 quae
2102 2693 2148 2729 ab
2176 2703 2220 2729 eo
2243 2691 2443 2728 constituta

207 2745 303 2782 sunt,
335 2751 429 2786 quae
459 2750 544 2775 vero
575 2739 812 2776 iureiurando
844 2739 969 2775 addito
993 2740 1103 2783 dixit,
1135 2740 1225 2777 haec
1253 2752 1328 2777 non
1358 2742 1430 2777 iam
1461 2745 1546 2777 rata
1568 2752 1715 2777 manere
1739 2740 1865 2777 volunt
1894 2751 1939 2776 ne
1965 2751 2010 2776 ue
2038 2750 2081 2775 eo
2105 2749 2177 2785 quo
2209 2737 2311 2773 decet
2332 2735 2441 2772 modo

208 2785 333 2821 eadem
355 2795 520 2820 servare:
543 2795 762 2831 quamquam
786 2786 922 2820 nostris
946 2784 1085 2830 leqibus
1107 2797 1182 2821 una
1206 2786 1472 2837 quodammodo
1490 2797 1654 2834 persona
1676 2785 1817 2822 videtur
1839 2796 1917 2822 esse
1960 2784 2078 2822 eredis
2100 2787 2137 2820 et
2155 2782 2234 2820 eius
2255 2782 2321 2829 qui
2340 2780 2442 2818 here·

209 2830 356 2866 (litatem
386 2830 425 2864 in
453 2840 534 2865 eum
559 2830 788 2873 transmittit,
818 2830 871 2865 ita
898 2841 943 2866 ue
973 2841 1077 2865 nemo
1101 2829 1239 2867 dixerat
1270 2842 1350 2867 eum
1379 2842 1500 2867 secum
1533 2833 1651 2879 ipsum
1672 2841 1843 2878 puynare
1872 2834 1910 2867 et
1939 2829 2041 2877 quod
2071 2828 2170 2866 dixit
2190 2831 2301 2874 atque
2321 2830 2442 2864 ratum

207 2876 295 2922 fore
319 2875 463 2916 iuravit,
488 2874 527 2909 id
549 2874 645 2911 nolle
669 2874 801 2917 valere,
825 2885 863 2910 se
911 2875 1068 2921 propria
1091 2875 1202 2911 verba
1225 2876 1453 2922 impuqnare.

345 2920 373 2955 Ῑ.
421 2919 612 2955 Sancimus
634 2919 647 2954 i
674 2920 759 2962 itur,
783 2919 816 2954 si
838 2919 921 2965 quis
945 2919 1188 2967 descriptione
1209 2921 1316 2967 facta
1339 2922 1414 2958 sive
1435 2933 1503 2958 sua
1526 2932 1649 2965 manu,
1676 2922 1750 2958 sive
1773 2920 1819 2957 ab
1843 2920 1928 2957 aliis
1950 2919 2094 2967 quidem
2115 2918 2267 2966 scripta,
2290 2916 2336 2953 ab
2359 2916 2443 2963 ipso

210 2970 329 3002 autem
352 2965 574 3011 subscripta,
605 2931 673 3000 ve?
683 2965 721 2999 in
744 2975 811 3000 suo
838 2968 1048 3000 testamento
1073 2966 1296 3002 substantiae
1326 2977 1414 3003 suae
1437 2967 1581 3003 modum
1605 2966 1856 3009 declaraverit,
1888 2965 2058 3002 heredum
2079 2964 2244 3010 fortasse
2274 2961 2358 2998 aliis
2380 2959 2442 3013 ab·

209 3010 368 3047 sentibus
398 3009 482 3045 aliis
511 3009 762 3056 praesentibus
792 3009 848 3045 vel
870 3009 977 3045 etiam
1002 3009 1166 3046 omnibus
1182 3011 1452 3057 praesentibus,
1485 3023 1561 3048 non
1585 3011 1693 3048 licere
1725 3010 1915 3048 heredibus
1935 3010 2024 3047 haec
2046 3019 2218 3046 recusare
2250 3017 2367 3053 neque
2388 3005 2442 3042 dt-

221 3070 2437 3085 ew

257 3103 276 3135 2
290 3104 379 3135 rubr.
392 3102 482 3144 Περὶ
500 3100 564 3133 τοῦ
577 3100 617 3133 έν
632 3097 777 3146 τελευτῇ
797 3096 991 3142 ὀμνύοντος
1007 3098 1112 3146 χάριν
1124 3101 1185 3143 τῆς
1199 3099 1292 3135 ἰδίας
1359 3099 1561 3137 ἀπόντωνῖ
1586 3105 1644 3147 (cs.
1657 3103 1781 3138 Iulian.
1797 3102 1952 3137 omnibus
1975 3099 2204 3145 praesentibus
2219 3097 2273 3133 vel
2288 3095 2443 3132 omnibus

210 3143 441 3181 ὑποστάσεως
471 3145 592 3179 Theod.
621 3144 634 3188 ΙΙ
662 3146 751 3187 Περὶ
783 3145 846 3177 τοῦ
879 3140 984 3189 ὅρκου
1019 3146 1083 3178 τοῦ
1116 3143 1291 3180 δοθέντος
1359 3148 1563 3190 absentibus)

212 3194 289 3226 Ath.
307 3193 320 3236 ΙΙ
345 3195 365 3226 5
379 3190 519 3231 ἑαυτοῦ]
541 3187 651 3224 αὐτοῦ
665 3190 711 3223 Β*
732 3187 860 3223 τούτου
868 3190 944 3224 Am.
965 3189 977 3234 ΙΙ
994 3191 1013 3224 8
1021 3202 1231 3233 prooem-om.
1243 3192 1290 3232 B,

214 3240 289 3272 add.
310 3234 368 3271 ΒΣ
389 3230 404 3278 ΙΙ
426 3231 733 3279 ποιούμεθαῦμέ)
757 3236 769 3277 ΙΙ
803 3237 842 3268 10
865 3232 1052 3278 μάχωνται
1072 3236 1136 3276 Le]
1160 3232 1291 3279 μάχον-

211 3296 273 3317 ται
288 3280 388 3316 ΜΒΣ
405 3281 417 3327 ΙΙ
439 3284 476 3316 11
500 3283 572 3314 τοῖς
591 3281 716 3322 ἐκείνῳ
738 3277 905 3313 δοκοῦσιν
918 3276 1052 3320 ΜΒΣς]
1077 3279 1123 3313 τὰ
1146 3281 1292 3314 ἐκείνοις
1407 3283 1482 3324 lsq.
1498 3281 1536 3327 IS(
1549 3281 1684 3315 XLVII
1702 3281 1736 3314 V
1746 3278 1759 3324 11
1776 3281 1796 3315 3
1809 3277 1982 3313 morientis
1991 3277 2038 3319 R]
2053 3287 2074 3310 a
2085 3277 2248 3311 moriente
2264 3275 2440 3310 Wano-

213 3326 390 3362 δοκοῦντα
410 3328 443 3361 L
461 3325 473 3371 ΙΙ
488 3327 548 3359 καὶ
572 3326 613 3359 ἐν
635 3327 707 3359 τοῖς
731 3323 917 3370 ποάγμασι
941 3337 998 3358 om.
1013 3336 1033 3360 ς
1047 3324 1060 3368 ss
1082 3326 1122 3358 12
1143 3336 1290 3370 προςαγ-
1358 3326 1466 3359 riente
1484 3327 1644 3368 praestito
1665 3326 1754 3370 vulq.
1772 3324 1785 3369 ΙΙ
1811 3326 1831 3359 6
1846 3325 1916 3367 pp.]
1939 3321 2179 3367 praesectoRu
2206 3323 2227 3357 9
2246 3320 2356 3354 firmas
2373 3328 2440 3355 sue

212 3371 346 3420 γελθδν
368 3374 401 3406 L
427 3373 440 3416 ss
476 3373 517 3406 14
548 3368 657 3404 αὐτοῦ
682 3357 783 3404 MR}
819 3369 946 3403 ἑαυτοῦ
973 3369 1003 3402 L
1030 3368 1044 3413 ΙΙ
1077 3371 1115 3403 15
1140 3365 1226 3403 {Jove
1249 3382 1291 3403 ον
1367 3370 1425 3414 Vss
1442 3372 1480 3403 11
1500 3373 1639 3413 motum]
1661 3371 1744 3404 etin
1764 3371 1874 3403 causis
1885 3371 2012 3402 motum
2026 3366 2148 3411 Beckss
2176 3368 2216 3402 12
2226 3379 2276 3411 sq.
2288 3364 2439 3418 substan·

215 3433 273 3454 οηι.
288 3431 307 3455 ς
325 3418 338 3463 ΙΙ
354 3420 396 3452 22
414 3413 616 3463 πρόσωπον
631 3413 688 3457 τὸ]
713 3413 756 3448 τὸ
780 3428 838 3449 οηι.
854 3410 913 3448 ΒΣ
934 3414 945 3457 ΙΙ
961 3415 1021 3446 καὶ
1040 3411 1083 3447 τὸ
1098 3414 1162 3447 τοῦ
1178 3382 1290 3455 Μὲἳ]
1358 3415 1438 3447 tiam
1452 3425 1543 3448 suam
1551 3416 1621 3450 ΒΤ
1633 3416 1646 3461 u
1667 3417 1706 3450 13
1719 3416 1861 3455 omnem]
1874 3425 1959 3447 oo·-
1979 3413 2027 3447 V¹
2045 3412 2059 3455 ΙΙ
2074 3411 2160 3445 dixit
2171 3412 2255 3453 ΒΤ]
2269 3411 2374 3445 edmt
2389 3409 2421 3444 V

214 3467 272 3497 καὶ
296 3463 360 3497 τοῦ
374 3465 403 3497 L
422 3463 435 3507 ΙΙ
451 3464 494 3497 26
511 3458 632 3508 λόγους
647 3462 729 3502 ML]
753 3458 882 3501 νόμους
902 3457 958 3492 ΒΣ
976 3461 987 3501 ΙΙ
1006 3460 1047 3493 27
1067 3459 1292 3502 Θεσπίζομεν
1359 3459 1521 3501 relinquit
1542 3461 1585 3494 αῖ.
1606 3461 1618 3503 ΙΙ
1647 3463 1687 3495 14
1702 3461 1771 3494 suis
1789 3461 1825 3493 in
1845 3458 2022 3493 heredibus
2033 3456 2164 3500 R¹V¹u
2186 3459 2225 3492 15
2245 3457 2331 3490 iuste
2347 3455 2380 3490 R
2412 3476 2415 3479 -

214 3509 308 3542 εἴτις
323 3509 429 3542 ιήο.Β
445 3508 456 3550 ΙΙ
477 3509 518 3542 28
529 3503 845 3562 ,ρίκειόχειρονβ’.11
864 3503 1047 3559 ἑτέρου,Β’
1055 3504 1101 3546 (ς)
1111 3503 1131 3561 ἸΙ
1149 3505 1193 3556 29
1204 3501 1289 3538 ὑπο·
1358 3504 1445 3537 iusta
1471 3505 1503 3537 T
1526 3504 1538 3548 ΙΙ
1563 3507 1602 3540 16
1622 3506 1686 3558 boe
1709 3505 1940 3556 adquiescunt]
1965 3502 2205 3556 hacquieseunt
2227 3501 2276 3567 {3¹
2292 3500 2375 3567 Ι*1.9
2399 3506 2439 3532 ea

214 3564 414 3641 {5:3222‘13
424 3551 710 3638 ιῗὶιὲςῖἔινξαῖἑ
728 3551 1005 3629 ἒοτῗέιιῗιὲἕέἴέ
1017 3549 1290 3627 ξγὲἒῖιῗιὲζῖἶ
1359 3547 2233 3637 ilia-²}''23⁰21353‘T3izff²0¹t¹⁰5ii¹1²t¹²⁸iz⁶i¹5¹o‘'ffii'i{⁷⁷
2266 3543 2438 3625 ’54818Σῖ3

216 3646 327 3676 mento
341 3645 376 3675 in
390 3644 505 3696 quavis
517 3642 669 3676 chartula
678 3643 798 3676 Iulian.
818 3639 831 3686 ΙΙ
848 3642 890 3675 30
904 3635 1014 3673 αὐτοῦ
1028 3640 1105 3673 libri
1121 3639 1132 3682 ΙΙ
1148 3639 1290 3672 ποιοῦσι
1357 3639 1390 3672 R.
1406 3638 1419 3682 ΙΙ
1447 3638 1587 3672 relutari
1609 3640 1643 3674 V
1660 3640 1677 3717 {l
1702 3641 1744 3674 28
1767 3639 1923 3681 scriptam
1947 3638 1993 3679 R]
2025 3636 2222 3679 scripturam
2317 3634 2402 3677 vulq-
2420 3629 2435 3676 Ι

218 3689 265 3722 L¹
291 3688 304 3733 ΙΙ
327 3690 368 3723 32
393 3701 415 3730 η
438 3701 495 3722 οηι.
513 3689 543 3721 L
567 3687 580 3732 ΙΙ
600 3686 753 3722 πάντων
776 3682 984 3732 παρόντων]
1010 3685 1086 3719 add.
1100 3679 1123 3727 ἢ
1138 3680 1289 3718 πάντων
1357 3685 1394 3717 31
1423 3682 1509 3716 forte
1531 3684 1621 3725 aliis]
1645 3694 1664 3717 a
1678 3684 1720 3716 iis
1745 3695 1804 3717 om.
1819 3683 1867 3716 R*
