<?xml version="1.0" encoding="UTF-8"?>
<!DOCTYPE html PUBLIC "-//W3C//DTD XHTML 1.0 Transitional//EN"
    "http://www.w3.org/TR/xhtml1/DTD/xhtml1-transitional.dtd">
<html xmlns="http://www.w3.org/1999/xhtml" xml:lang="en" lang="en">
 <head>
  <title>
</title>
<meta http-equiv="Content-Type" content="text/html;charset=utf-8" />
  <meta name='ocr-system' content='tesseract 3.04.00' />
  <meta name='ocr-capabilities' content='ocr_page ocr_carea ocr_par ocr_line ocrx_word'/>
</head>
<body>
  <div class='ocr_page' id='page_1' title='image "./corpusjuriscivil00krueuoft_0372.png"; bbox 0 0 2592 3840; ppageno 0'>
   <div class='ocr_carea' id='block_1_1' title="bbox 228 69 637 113">
    <p class='ocr_par' dir='ltr' id='par_1_1' title="bbox 228 69 637 113">
     <span class='ocr_line' id='line_1_1' title="bbox 228 69 637 113; baseline -0.007 0"><span class='ocrx_word' id='word_1_1' title='bbox 228 69 335 113; x_wconf 88' lang='lat' dir='ltr'><strong>Nov.</strong></span> <span class='ocrx_word' id='word_1_2' title='bbox 356 69 513 112; x_wconf 88' lang='lat' dir='ltr'>LXVII</span> <span class='ocrx_word' id='word_1_3' title='bbox 544 72 581 113; x_wconf 90' lang='grc'><strong>3-.</strong></span> <span class='ocrx_word' id='word_1_4' title='bbox 613 72 637 110; x_wconf 89' lang='grc'>4</span> 
     </span>
    </p>
   </div>
   <div class='ocr_carea' id='block_1_2' title="bbox 230 177 1310 596">
    <p class='ocr_par' dir='ltr' id='par_1_2' title="bbox 230 177 1310 596">
     <span class='ocr_line' id='line_1_2' title="bbox 230 177 1306 228; baseline 0.002 -15"><span class='ocrx_word' id='word_1_5' title='bbox 230 177 434 224; x_wconf 79' lang='grc' dir='ltr'><strong><em>οἰκονόμους</em></strong></span> <span class='ocrx_word' id='word_1_6' title='bbox 459 178 623 214; x_wconf 78' lang='grc' dir='ltr'><strong><em>δαπάνας</em></strong></span> <span class='ocrx_word' id='word_1_7' title='bbox 647 177 765 213; x_wconf 85' lang='grc' dir='ltr'><strong><em>αὐτοῖς</em></strong></span> <span class='ocrx_word' id='word_1_8' title='bbox 789 181 986 224; x_wconf 77' lang='grc' dir='ltr'><strong><em>ἐκπέμπειν</em></strong></span> <span class='ocrx_word' id='word_1_9' title='bbox 1011 181 1049 214; x_wconf 85' lang='grc' dir='ltr'><strong>ἐκ</strong></span> <span class='ocrx_word' id='word_1_10' title='bbox 1072 182 1132 224; x_wconf 87' lang='grc' dir='ltr'><strong>τῆς</strong></span> <span class='ocrx_word' id='word_1_11' title='bbox 1155 179 1306 228; x_wconf 81' lang='grc' dir='ltr'><strong><em>ἁγιωτά-</em></strong></span> 
     </span>
     <span class='ocr_line' id='line_1_3' title="bbox 230 222 1306 269; baseline 0.002 -10"><span class='ocrx_word' id='word_1_12' title='bbox 230 237 292 269; x_wconf 89' lang='grc' dir='ltr'><strong>της</strong></span> <span class='ocrx_word' id='word_1_13' title='bbox 327 224 528 269; x_wconf 70' lang='grc' dir='ltr'><strong><em>ἐκκλησίας,</em></strong></span> <span class='ocrx_word' id='word_1_14' title='bbox 564 222 651 259; x_wconf 73' lang='grc' dir='ltr'><strong><em>ἀλλὰ</em></strong></span> <span class='ocrx_word' id='word_1_15' title='bbox 687 223 855 260; x_wconf 79' lang='grc' dir='ltr'><strong><em>δαπανᾶν</em></strong></span> <span class='ocrx_word' id='word_1_16' title='bbox 888 226 955 269; x_wconf 81' lang='grc' dir='ltr'><strong>μὲν</strong></span> <span class='ocrx_word' id='word_1_17' title='bbox 991 223 1119 261; x_wconf 79' lang='grc' dir='ltr'><strong><em>αὐτοὺς</em></strong></span> <span class='ocrx_word' id='word_1_18' title='bbox 1154 228 1306 269; x_wconf 82' lang='grc' dir='ltr'><strong><em>ἐκεῖθεν,</em></strong></span> 
     </span>
     <span class='ocr_line' id='line_1_4' title="bbox 230 267 1308 319; baseline 0.002 -14"><span class='ocrx_word' id='word_1_19' title='bbox 230 269 342 319; x_wconf 81' lang='grc' dir='ltr'><strong><em>ταύτῃ</em></strong></span> <span class='ocrx_word' id='word_1_20' title='bbox 374 269 414 305; x_wconf 83' lang='grc' dir='ltr'><strong><em>δὲ</em></strong></span> <span class='ocrx_word' id='word_1_21' title='bbox 437 273 708 319; x_wconf 86' lang='grc' dir='ltr'><strong><em>προςκαρτερεῖν</em></strong></span> <span class='ocrx_word' id='word_1_22' title='bbox 737 268 800 304; x_wconf 80' lang='grc' dir='ltr'><strong>οὐκ</strong></span> <span class='ocrx_word' id='word_1_23' title='bbox 827 267 1036 312; x_wconf 73' lang='grc' dir='ltr'><strong><em>ἀνέχεσθαι.</em></strong></span> <span class='ocrx_word' id='word_1_24' title='bbox 1085 271 1308 318; x_wconf 80' lang='grc' dir='ltr'><strong><em>θεσπίζομεν</em></strong></span> 
     </span>
     <span class='ocr_line' id='line_1_5' title="bbox 231 313 1309 362; baseline 0.002 -12"><span class='ocrx_word' id='word_1_25' title='bbox 231 320 364 354; x_wconf 80' lang='grc' dir='ltr'><strong><em>τοίνυν,</em></strong></span> <span class='ocrx_word' id='word_1_26' title='bbox 389 317 452 350; x_wconf 73' lang='grc' dir='ltr'><strong>τοῦ</strong></span> <span class='ocrx_word' id='word_1_27' title='bbox 476 314 566 362; x_wconf 71' lang='grc' dir='ltr'><strong><em>παρ’</em></strong></span> <span class='ocrx_word' id='word_1_28' title='bbox 595 314 697 359; x_wconf 79' lang='grc' dir='ltr'><strong><em>ἡμῶν</em></strong></span> <span class='ocrx_word' id='word_1_29' title='bbox 728 313 794 357; x_wconf 85' lang='grc' dir='ltr'><strong>ἤδη</strong></span> <span class='ocrx_word' id='word_1_30' title='bbox 825 318 986 359; x_wconf 76' lang='grc' dir='ltr'><strong><em>κειμένου</em></strong></span> <span class='ocrx_word' id='word_1_31' title='bbox 1015 314 1126 361; x_wconf 87' lang='grc' dir='ltr'><strong><em>νόμου</em></strong></span> <span class='ocrx_word' id='word_1_32' title='bbox 1158 320 1218 352; x_wconf 85' lang='grc' dir='ltr'><strong>ἐπὶ</strong></span> <span class='ocrx_word' id='word_1_33' title='bbox 1248 319 1309 361; x_wconf 76' lang='grc' dir='ltr'><strong>τῆς</strong></span> 
     </span>
     <span class='ocr_line' id='line_1_6' title="bbox 232 358 1307 409; baseline 0.002 -14"><span class='ocrx_word' id='word_1_34' title='bbox 232 363 358 396; x_wconf 83' lang='grc' dir='ltr'><strong><em>ἑαυτοῦ</em></strong></span> <span class='ocrx_word' id='word_1_35' title='bbox 383 364 552 406; x_wconf 79' lang='grc' dir='ltr'><strong><em>μένοντος</em></strong></span> <span class='ocrx_word' id='word_1_36' title='bbox 576 360 709 402; x_wconf 72' lang='grc' dir='ltr'><strong><em>ἰσχύος,</em></strong></span> <span class='ocrx_word' id='word_1_37' title='bbox 735 361 834 406; x_wconf 84' lang='grc' dir='ltr'><strong><em>εἴπερ</em></strong></span> <span class='ocrx_word' id='word_1_38' title='bbox 858 358 1099 406; x_wconf 71' lang='grc' dir='ltr'><strong><em>ἀπολειφθείη</em></strong></span> <span class='ocrx_word' id='word_1_39' title='bbox 1131 360 1150 397; x_wconf 84' lang='grc' dir='ltr'><strong>ό</strong></span> <span class='ocrx_word' id='word_1_40' title='bbox 1182 363 1307 409; x_wconf 81' lang='grc' dir='ltr'><strong><em>θεοφι-</em></strong></span> 
     </span>
     <span class='ocr_line' id='line_1_7' title="bbox 232 404 1309 449; baseline 0 -8"><span class='ocrx_word' id='word_1_41' title='bbox 232 406 401 441; x_wconf 83' lang='grc' dir='ltr'><strong><em>λέστατος</em></strong></span> <span class='ocrx_word' id='word_1_42' title='bbox 424 409 615 441; x_wconf 83' lang='grc' dir='ltr'><strong><em>ἐπίσκοπος</em></strong></span> <span class='ocrx_word' id='word_1_43' title='bbox 644 406 704 447; x_wconf 82' lang='grc' dir='ltr'><strong>τῆς</strong></span> <span class='ocrx_word' id='word_1_44' title='bbox 728 404 914 448; x_wconf 78' lang='grc' dir='ltr'><strong><em>ἐκκλησίας</em></strong></span> <span class='ocrx_word' id='word_1_45' title='bbox 944 406 1004 449; x_wconf 78' lang='grc' dir='ltr'><strong>τῆς</strong></span> <span class='ocrx_word' id='word_1_46' title='bbox 1028 405 1137 441; x_wconf 79' lang='grc' dir='ltr'><strong><em>αὐτοῦ</em></strong></span> <span class='ocrx_word' id='word_1_47' title='bbox 1161 407 1309 443; x_wconf 78' lang='grc' dir='ltr'><strong><em>πλείονα</em></strong></span> 
     </span>
     <span class='ocr_line' id='line_1_8' title="bbox 231 448 1310 499; baseline 0.001 -12"><span class='ocrx_word' id='word_1_48' title='bbox 231 451 370 499; x_wconf 85' lang='grc' dir='ltr'><strong><em>χρόνον,</em></strong></span> <span class='ocrx_word' id='word_1_49' title='bbox 402 450 580 496; x_wconf 87' lang='grc' dir='ltr'><strong><em>μηδεμίαν</em></strong></span> <span class='ocrx_word' id='word_1_50' title='bbox 614 448 712 494; x_wconf 76' lang='grc' dir='ltr'><strong><em>αὐτῷ</em></strong></span> <span class='ocrx_word' id='word_1_51' title='bbox 743 449 962 486; x_wconf 75' lang='grc' dir='ltr'><strong><em>στέλλεσθαι</em></strong></span> <span class='ocrx_word' id='word_1_52' title='bbox 991 449 1160 496; x_wconf 80' lang='grc' dir='ltr'><strong><em>δαπάνην</em></strong></span> <span class='ocrx_word' id='word_1_53' title='bbox 1189 455 1228 487; x_wconf 86' lang='grc' dir='ltr'><strong>ἐκ</strong></span> <span class='ocrx_word' id='word_1_54' title='bbox 1249 454 1310 496; x_wconf 78' lang='grc' dir='ltr'><strong>τῆς</strong></span> 
     </span>
     <span class='ocr_line' id='line_1_9' title="bbox 231 494 1309 543; baseline 0 -12"><span class='ocrx_word' id='word_1_55' title='bbox 231 495 363 543; x_wconf 81' lang='grc' dir='ltr'><strong><em>χώρας,</em></strong></span> <span class='ocrx_word' id='word_1_56' title='bbox 399 495 480 531; x_wconf 79' lang='grc' dir='ltr'><strong><em>ἀλλ’</em></strong></span> <span class='ocrx_word' id='word_1_57' title='bbox 508 499 647 539; x_wconf 80' lang='grc' dir='ltr'><strong><em>ἐκείνην</em></strong></span> <span class='ocrx_word' id='word_1_58' title='bbox 676 498 744 541; x_wconf 73' lang='grc' dir='ltr'><strong><em>μὲν</em></strong></span> <span class='ocrx_word' id='word_1_59' title='bbox 774 498 858 542; x_wconf 81' lang='grc' dir='ltr'><strong><em>περὶ</em></strong></span> <span class='ocrx_word' id='word_1_60' title='bbox 889 494 1033 543; x_wconf 80' lang='grc' dir='ltr'><strong><em>πράξεις</em></strong></span> <span class='ocrx_word' id='word_1_61' title='bbox 1062 496 1216 543; x_wconf 75' lang='grc' dir='ltr'><strong><em>εὐσεβεῖς</em></strong></span> <span class='ocrx_word' id='word_1_62' title='bbox 1250 501 1309 533; x_wconf 84' lang='grc' dir='ltr'><strong>καὶ</strong></span> 
     </span>
     <span class='ocr_line' id='line_1_10' title="bbox 232 539 1310 596; baseline 0.002 -19"><span class='ocrx_word' id='word_1_63' title='bbox 232 546 314 590; x_wconf 79' lang='grc' dir='ltr'><strong><em>περὶ</em></strong></span> <span class='ocrx_word' id='word_1_64' title='bbox 332 541 399 585; x_wconf 81' lang='grc' dir='ltr'><strong>τὴν</strong></span> <span class='ocrx_word' id='word_1_65' title='bbox 417 540 623 596; x_wconf 71' lang='grc' dir='ltr'><strong><em>ἁγιωτάτην</em></strong></span> <span class='ocrx_word' id='word_1_66' title='bbox 646 540 836 584; x_wconf 70' lang='grc' dir='ltr'><strong><em>ἐκκλησίαν</em></strong></span> <span class='ocrx_word' id='word_1_67' title='bbox 860 539 1111 587; x_wconf 76' lang='grc' dir='ltr'><strong><em>δαπανᾶσθαι,</em></strong></span> <span class='ocrx_word' id='word_1_68' title='bbox 1135 541 1247 579; x_wconf 81' lang='grc' dir='ltr'><strong><em>αὐτὸν</em></strong></span> <span class='ocrx_word' id='word_1_69' title='bbox 1271 542 1310 578; x_wconf 74' lang='grc' dir='ltr'><strong><em>δὲ</em></strong></span> 
     </span>
    </p>
   </div>
   <div class='ocr_carea' id='block_1_3' title="bbox 1301 66 1387 115">
    <p class='ocr_par' dir='ltr' id='par_1_3' title="bbox 1301 66 1387 115">
     <span class='ocr_line' id='line_1_11' title="bbox 1301 66 1387 115; baseline -0.012 0"><span class='ocrx_word' id='word_1_70' title='bbox 1301 66 1387 115; x_wconf 84' lang='grc'><strong>346</strong></span> 
     </span>
    </p>
   </div>
   <div class='ocr_carea' id='block_1_4' title="bbox 1938 74 2449 119">
    <p class='ocr_par' dir='ltr' id='par_1_4' title="bbox 1938 74 2449 119">
     <span class='ocr_line' id='line_1_12' title="bbox 1938 74 2449 119; baseline 0.006 -3"><span class='ocrx_word' id='word_1_71' title='bbox 1938 84 1997 116; x_wconf 77' lang='lat' dir='ltr'><strong>u&#39;r</strong></span> <span class='ocrx_word' id='word_1_72' title='bbox 2025 85 2202 118; x_wconf 70' lang='lat' dir='ltr'><strong>nunnus</strong></span> <span class='ocrx_word' id='word_1_73' title='bbox 2229 74 2449 119; x_wconf 67' lang='lat' dir='ltr'><strong>metimur</strong></span> 
     </span>
    </p>
   </div>
   <div class='ocr_carea' id='block_1_5' title="bbox 1347 181 2452 591">
    <p class='ocr_par' dir='ltr' id='par_1_5' title="bbox 1347 181 2452 591">
     <span class='ocr_line' id='line_1_13' title="bbox 1376 181 2450 228; baseline 0.006 -11"><span class='ocrx_word' id='word_1_74' title='bbox 1376 181 1577 227; x_wconf 84' lang='lat' dir='ltr'><strong>provincias</strong></span> <span class='ocrx_word' id='word_1_75' title='bbox 1601 193 1814 219; x_wconf 77' lang='lat' dir='ltr'><strong>oeconomos</strong></span> <span class='ocrx_word' id='word_1_76' title='bbox 1846 192 2021 228; x_wconf 85' lang='lat' dir='ltr'><strong>expensas</strong></span> <span class='ocrx_word' id='word_1_77' title='bbox 2047 183 2117 219; x_wconf 89' lang='lat' dir='ltr'><strong>sibi</strong></span> <span class='ocrx_word' id='word_1_78' title='bbox 2139 185 2379 222; x_wconf 73' lang='lat' dir='ltr'><strong>transmittere</strong></span> <span class='ocrx_word' id='word_1_79' title='bbox 2405 196 2450 223; x_wconf 85' lang='lat' dir='ltr'><strong>ex</strong></span> 
     </span>
     <span class='ocr_line' id='line_1_14' title="bbox 1377 226 2450 284; baseline 0.005 -22"><span class='ocrx_word' id='word_1_80' title='bbox 1377 226 1602 263; x_wconf 84' lang='lat' dir='ltr'><strong>sanctissima</strong></span> <span class='ocrx_word' id='word_1_81' title='bbox 1626 228 1789 273; x_wconf 79' lang='lat' dir='ltr'><strong>ecclesia,</strong></span> <span class='ocrx_word' id='word_1_82' title='bbox 1813 228 1883 275; x_wconf 86' lang='lat' dir='ltr'><strong>(et)</strong></span> <span class='ocrx_word' id='word_1_83' title='bbox 1904 229 2082 274; x_wconf 86' lang='lat' dir='ltr'><strong>expendat</strong></span> <span class='ocrx_word' id='word_1_84' title='bbox 2105 229 2244 274; x_wconf 89' lang='lat' dir='ltr'><strong>quidem</strong></span> <span class='ocrx_word' id='word_1_85' title='bbox 2267 231 2345 284; x_wconf 81' lang='lat' dir='ltr'><strong>ipse</strong></span> <span class='ocrx_word' id='word_1_86' title='bbox 2367 232 2450 268; x_wconf 85' lang='lat' dir='ltr'><strong>inde</strong></span> 
     </span>
     <span class='ocr_line' id='line_1_15' title="bbox 1377 273 2450 328; baseline 0.004 -20"><span class='ocrx_word' id='word_1_87' title='bbox 1377 273 1478 316; x_wconf 86' lang='lat' dir='ltr'><strong>eique</strong></span> <span class='ocrx_word' id='word_1_88' title='bbox 1511 273 1701 310; x_wconf 89' lang='lat' dir='ltr'><strong>observare</strong></span> <span class='ocrx_word' id='word_1_89' title='bbox 1735 285 1806 309; x_wconf 92' lang='lat' dir='ltr'><strong>non</strong></span> <span class='ocrx_word' id='word_1_90' title='bbox 1841 273 2009 328; x_wconf 85' lang='lat' dir='ltr'><strong>patiatur.</strong></span> <span class='ocrx_word' id='word_1_91' title='bbox 2058 274 2242 311; x_wconf 87' lang='lat' dir='ltr'><strong>Sancimus</strong></span> <span class='ocrx_word' id='word_1_92' title='bbox 2277 275 2394 320; x_wconf 82' lang='lat' dir='ltr'><strong>1gitur‚</strong></span> <span class='ocrx_word' id='word_1_93' title='bbox 2427 287 2450 312; x_wconf 90' lang='lat' dir='ltr'><strong>a</strong></span> 
     </span>
     <span class='ocr_line' id='line_1_16' title="bbox 1377 317 2448 365; baseline 0.005 -13"><span class='ocrx_word' id='word_1_94' title='bbox 1377 317 1480 353; x_wconf 88' lang='lat' dir='ltr'><strong>nobis</strong></span> <span class='ocrx_word' id='word_1_95' title='bbox 1504 318 1575 353; x_wconf 89' lang='lat' dir='ltr'><strong>iam</strong></span> <span class='ocrx_word' id='word_1_96' title='bbox 1599 319 1717 365; x_wconf 88' lang='lat' dir='ltr'><strong>posita</strong></span> <span class='ocrx_word' id='word_1_97' title='bbox 1740 319 1816 365; x_wconf 89' lang='lat' dir='ltr'><strong>lege</strong></span> <span class='ocrx_word' id='word_1_98' title='bbox 1838 329 1877 354; x_wconf 87' lang='lat' dir='ltr'><strong>m</strong></span> <span class='ocrx_word' id='word_1_99' title='bbox 1899 328 1975 354; x_wconf 88' lang='lat' dir='ltr'><strong>sua.</strong></span> <span class='ocrx_word' id='word_1_100' title='bbox 1989 322 2156 355; x_wconf 89' lang='lat' dir='ltr'><strong>manente</strong></span> <span class='ocrx_word' id='word_1_101' title='bbox 2175 320 2314 364; x_wconf 86' lang='lat' dir='ltr'><strong>virtute,</strong></span> <span class='ocrx_word' id='word_1_102' title='bbox 2340 321 2371 356; x_wconf 84' lang='lat' dir='ltr'><strong>si</strong></span> <span class='ocrx_word' id='word_1_103' title='bbox 2388 322 2448 357; x_wconf 87' lang='lat' dir='ltr'><strong>de-</strong></span> 
     </span>
     <span class='ocr_line' id='line_1_17' title="bbox 1347 363 2450 411; baseline 0.004 -13"><span class='ocrx_word' id='word_1_104' title='bbox 1347 367 1365 398; x_wconf 86' lang='lat'>5</span> <span class='ocrx_word' id='word_1_105' title='bbox 1378 363 1486 398; x_wconf 88' lang='lat' dir='ltr'><strong>fuerit</strong></span> <span class='ocrx_word' id='word_1_106' title='bbox 1508 363 1574 400; x_wconf 88' lang='lat' dir='ltr'><strong>deo</strong></span> <span class='ocrx_word' id='word_1_107' title='bbox 1598 365 1758 400; x_wconf 87' lang='lat' dir='ltr'><strong>amabilis</strong></span> <span class='ocrx_word' id='word_1_108' title='bbox 1782 364 1971 410; x_wconf 88' lang='lat' dir='ltr'><strong>episcopus</strong></span> <span class='ocrx_word' id='word_1_109' title='bbox 1994 365 2166 401; x_wconf 86' lang='lat' dir='ltr'><strong>ecclesiae</strong></span> <span class='ocrx_word' id='word_1_110' title='bbox 2189 375 2276 401; x_wconf 90' lang='lat' dir='ltr'><strong>suae</strong></span> <span class='ocrx_word' id='word_1_111' title='bbox 2298 366 2450 411; x_wconf 85' lang='lat' dir='ltr'><strong>amplius</strong></span> 
     </span>
     <span class='ocr_line' id='line_1_18' title="bbox 1379 409 2452 462; baseline 0.004 -19"><span class='ocrx_word' id='word_1_112' title='bbox 1379 410 1531 453; x_wconf 89' lang='lat' dir='ltr'><strong>tempus,</strong></span> <span class='ocrx_word' id='word_1_113' title='bbox 1555 409 1689 445; x_wconf 89' lang='lat' dir='ltr'><strong>nullam</strong></span> <span class='ocrx_word' id='word_1_114' title='bbox 1713 410 1744 445; x_wconf 89' lang='lat' dir='ltr'><strong>ei</strong></span> <span class='ocrx_word' id='word_1_115' title='bbox 1768 410 1861 444; x_wconf 88' lang='lat' dir='ltr'><strong>mitti</strong></span> <span class='ocrx_word' id='word_1_116' title='bbox 1885 419 2077 462; x_wconf 79' lang='lat' dir='ltr'><strong>expensam</strong></span> <span class='ocrx_word' id='word_1_117' title='bbox 2100 410 2143 445; x_wconf 87' lang='lat' dir='ltr'><strong>de</strong></span> <span class='ocrx_word' id='word_1_118' title='bbox 2165 411 2357 455; x_wconf 83' lang='lat' dir='ltr'><strong>provincia,</strong></span> <span class='ocrx_word' id='word_1_119' title='bbox 2388 412 2452 447; x_wconf 89' lang='lat' dir='ltr'><strong>sed</strong></span> 
     </span>
     <span class='ocr_line' id='line_1_19' title="bbox 1377 453 2450 500; baseline 0.004 -12"><span class='ocrx_word' id='word_1_120' title='bbox 1377 453 1473 488; x_wconf 89' lang='lat' dir='ltr'><strong>illam</strong></span> <span class='ocrx_word' id='word_1_121' title='bbox 1498 453 1640 498; x_wconf 91' lang='lat' dir='ltr'><strong>quidem</strong></span> <span class='ocrx_word' id='word_1_122' title='bbox 1663 455 1759 491; x_wconf 90' lang='lat' dir='ltr'><strong>circa</strong></span> <span class='ocrx_word' id='word_1_123' title='bbox 1782 457 1884 491; x_wconf 87' lang='lat' dir='ltr'><strong>actus</strong></span> <span class='ocrx_word' id='word_1_124' title='bbox 1907 465 1986 500; x_wconf 78' lang='lat' dir='ltr'><strong>pios</strong></span> <span class='ocrx_word' id='word_1_125' title='bbox 2003 459 2038 490; x_wconf 92' lang='lat' dir='ltr'><strong>et</strong></span> <span class='ocrx_word' id='word_1_126' title='bbox 2054 455 2314 491; x_wconf 76' lang='lat' dir='ltr'><strong>sanctissimam</strong></span> <span class='ocrx_word' id='word_1_127' title='bbox 2337 457 2450 492; x_wconf 87' lang='lat' dir='ltr'><strong>eccle-</strong></span> 
     </span>
     <span class='ocr_line' id='line_1_20' title="bbox 1378 498 2450 552; baseline 0.004 -19"><span class='ocrx_word' id='word_1_128' title='bbox 1378 498 1465 534; x_wconf 85' lang='lat' dir='ltr'><strong>siam</strong></span> <span class='ocrx_word' id='word_1_129' title='bbox 1487 499 1649 552; x_wconf 83' lang='lat' dir='ltr'><strong>expendi,</strong></span> <span class='ocrx_word' id='word_1_130' title='bbox 1674 500 1790 545; x_wconf 86' lang='lat' dir='ltr'><strong>ipsum</strong></span> <span class='ocrx_word' id='word_1_131' title='bbox 1809 510 1892 536; x_wconf 73' lang='lat' dir='ltr'><strong>vero</strong></span> <span class='ocrx_word' id='word_1_132' title='bbox 1916 500 1975 536; x_wconf 89' lang='lat' dir='ltr'><strong>hic</strong></span> <span class='ocrx_word' id='word_1_133' title='bbox 1996 504 2174 536; x_wconf 73' lang='lat' dir='ltr'><strong>errantem</strong></span> <span class='ocrx_word' id='word_1_134' title='bbox 2197 511 2268 537; x_wconf 87' lang='lat' dir='ltr'><strong>non</strong></span> <span class='ocrx_word' id='word_1_135' title='bbox 2285 502 2450 546; x_wconf 83' lang='lat' dir='ltr'><strong>expensis</strong></span> 
     </span>
     <span class='ocr_line' id='line_1_21' title="bbox 1378 544 2452 591; baseline 0.004 -13"><span class='ocrx_word' id='word_1_136' title='bbox 1378 544 1637 580; x_wconf 80' lang='lat' dir='ltr'><strong>sanctisslmam</strong></span> <span class='ocrx_word' id='word_1_137' title='bbox 1661 545 1847 581; x_wconf 88' lang='lat' dir='ltr'><strong>ecclesiam</strong></span> <span class='ocrx_word' id='word_1_138' title='bbox 1869 555 2123 591; x_wconf 78' lang='lat' dir='ltr'><strong>praegravare:</strong></span> <span class='ocrx_word' id='word_1_139' title='bbox 2150 557 2230 581; x_wconf 89' lang='lat' dir='ltr'><strong>cum</strong></span> <span class='ocrx_word' id='word_1_140' title='bbox 2255 548 2389 582; x_wconf 86' lang='lat' dir='ltr'><strong>certum</strong></span> <span class='ocrx_word' id='word_1_141' title='bbox 2405 546 2452 582; x_wconf 92' lang='lat' dir='ltr'><strong>sit</strong></span> 
     </span>
    </p>
   </div>
   <div class='ocr_carea' id='block_1_6' title="bbox 232 584 2450 643">
    <p class='ocr_par' dir='ltr' id='par_1_6' title="bbox 232 584 2450 643">
     <span class='ocr_line' id='line_1_22' title="bbox 232 584 2450 643; baseline 0.003 -22"><span class='ocrx_word' id='word_1_142' title='bbox 232 588 398 622; x_wconf 73' lang='grc' dir='ltr'><strong><em>ἐνταῦθα</em></strong></span> <span class='ocrx_word' id='word_1_143' title='bbox 427 586 668 641; x_wconf 61' lang='grc' dir='ltr'><strong><em>πλανωμενον</em></strong></span> <span class='ocrx_word' id='word_1_144' title='bbox 698 587 748 631; x_wconf 85' lang='grc' dir='ltr'><strong><em>μὴ</em></strong></span> <span class='ocrx_word' id='word_1_145' title='bbox 777 589 837 620; x_wconf 85' lang='grc' dir='ltr'><strong>καὶ</strong></span> <span class='ocrx_word' id='word_1_146' title='bbox 862 584 1040 623; x_wconf 79' lang='grc' dir='ltr'><strong><em>δαπάναις</em></strong></span> <span class='ocrx_word' id='word_1_147' title='bbox 1068 589 1136 642; x_wconf 58' lang='grc' dir='ltr'><strong>τὴν</strong></span> <span class='ocrx_word' id='word_1_148' title='bbox 1158 586 1309 637; x_wconf 80' lang='grc' dir='ltr'><strong><em>ἁγιωτὰ-</em></strong></span> <span class='ocrx_word' id='word_1_149' title='bbox 1326 593 1365 624; x_wconf 87' lang='grc'><strong>10</strong></span> <span class='ocrx_word' id='word_1_150' title='bbox 1379 590 1474 634; x_wconf 88' lang='lat' dir='ltr'><strong>quia,</strong></span> <span class='ocrx_word' id='word_1_151' title='bbox 1499 590 1704 643; x_wconf 34' lang='lat' dir='ltr'><strong>siuplurimo</strong></span> <span class='ocrx_word' id='word_1_152' title='bbox 1728 593 1884 636; x_wconf 89' lang='lat' dir='ltr'><strong>tempore</strong></span> <span class='ocrx_word' id='word_1_153' title='bbox 1907 591 2070 635; x_wconf 82' lang='lat' dir='ltr'><strong>defuerit,</strong></span> <span class='ocrx_word' id='word_1_154' title='bbox 2095 602 2186 637; x_wconf 87' lang='lat' dir='ltr'><strong>quae</strong></span> <span class='ocrx_word' id='word_1_155' title='bbox 2207 591 2279 627; x_wconf 87' lang='lat' dir='ltr'><strong>iam</strong></span> <span class='ocrx_word' id='word_1_156' title='bbox 2302 601 2325 627; x_wconf 92' lang='lat' dir='ltr'><strong>a</strong></span> <span class='ocrx_word' id='word_1_157' title='bbox 2346 592 2450 628; x_wconf 89' lang='lat' dir='ltr'><strong>nobis</strong></span> 
     </span>
    </p>
   </div>
   <div class='ocr_carea' id='block_1_7' title="bbox 230 629 1311 774">
    <p class='ocr_par' dir='ltr' id='par_1_7' title="bbox 230 629 1311 774">
     <span class='ocr_line' id='line_1_23' title="bbox 231 629 1309 679; baseline 0.003 -13"><span class='ocrx_word' id='word_1_158' title='bbox 231 646 298 674; x_wconf 87' lang='grc' dir='ltr'><strong>την</strong></span> <span class='ocrx_word' id='word_1_159' title='bbox 323 631 512 675; x_wconf 81' lang='grc' dir='ltr'><strong><em>ἐκκλησίαν</em></strong></span> <span class='ocrx_word' id='word_1_160' title='bbox 535 636 725 679; x_wconf 86' lang='grc' dir='ltr'><strong><em>βαρυνειν·</em></strong></span> <span class='ocrx_word' id='word_1_161' title='bbox 766 630 950 679; x_wconf 87' lang='grc' dir='ltr'><strong><em>πρόδηλον</em></strong></span> <span class='ocrx_word' id='word_1_162' title='bbox 979 629 1023 667; x_wconf 84' lang='grc' dir='ltr'><strong><em>ὂν</em></strong></span> <span class='ocrx_word' id='word_1_163' title='bbox 1055 644 1103 668; x_wconf 83' lang='grc' dir='ltr'><strong><em>ως</em></strong></span> <span class='ocrx_word' id='word_1_164' title='bbox 1134 635 1166 668; x_wconf 84' lang='grc' dir='ltr'><strong>εἰ</strong></span> <span class='ocrx_word' id='word_1_165' title='bbox 1195 633 1309 669; x_wconf 75' lang='grc' dir='ltr'><strong><em>πολὺν</em></strong></span> 
     </span>
     <span class='ocr_line' id='line_1_24' title="bbox 230 675 1311 725; baseline 0.002 -13"><span class='ocrx_word' id='word_1_166' title='bbox 230 676 360 723; x_wconf 83' lang='grc' dir='ltr'><strong><em>χρόνον</em></strong></span> <span class='ocrx_word' id='word_1_167' title='bbox 383 675 640 723; x_wconf 79' lang='grc' dir='ltr'><strong><em>ἀπολειφθείη,</em></strong></span> <span class='ocrx_word' id='word_1_168' title='bbox 674 675 721 712; x_wconf 77' lang='grc' dir='ltr'><strong>τὰ</strong></span> <span class='ocrx_word' id='word_1_169' title='bbox 753 675 819 721; x_wconf 77' lang='grc' dir='ltr'><strong>ἤδη</strong></span> <span class='ocrx_word' id='word_1_170' title='bbox 849 676 940 725; x_wconf 76' lang='grc' dir='ltr'><strong><em>παρ’</em></strong></span> <span class='ocrx_word' id='word_1_171' title='bbox 971 675 1075 723; x_wconf 82' lang='grc' dir='ltr'><strong><em>ἡμῶν</em></strong></span> <span class='ocrx_word' id='word_1_172' title='bbox 1103 677 1164 714; x_wconf 78' lang='grc' dir='ltr'><strong>ἐπ’</strong></span> <span class='ocrx_word' id='word_1_173' title='bbox 1193 677 1311 714; x_wconf 71' lang='grc' dir='ltr'><strong><em>αὐτοῖς</em></strong></span> 
     </span>
     <span class='ocr_line' id='line_1_25' title="bbox 231 720 735 774; baseline -0.004 -16"><span class='ocrx_word' id='word_1_174' title='bbox 231 737 319 768; x_wconf 78' lang='grc' dir='ltr'><strong><em>νομο</em></strong></span> <span class='ocrx_word' id='word_1_175' title='bbox 325 723 534 774; x_wconf 81' lang='grc' dir='ltr'><strong><em>θετηθε’ντα</em></strong></span> <span class='ocrx_word' id='word_1_176' title='bbox 557 720 735 766; x_wconf 82' lang='grc' dir='ltr'><strong><em>κρατήσει.</em></strong></span> 
     </span>
    </p>
   </div>
   <div class='ocr_carea' id='block_1_8' title="bbox 1379 635 2031 688">
    <p class='ocr_par' dir='ltr' id='par_1_8' title="bbox 1379 635 2031 688">
     <span class='ocr_line' id='line_1_26' title="bbox 1379 635 2031 688; baseline 0.005 -19"><span class='ocrx_word' id='word_1_177' title='bbox 1379 645 1487 680; x_wconf 90' lang='lat' dir='ltr'><strong>super</strong></span> <span class='ocrx_word' id='word_1_178' title='bbox 1510 645 1561 671; x_wconf 76' lang='lat' dir='ltr'><strong>eis</strong></span> <span class='ocrx_word' id='word_1_179' title='bbox 1585 635 1724 688; x_wconf 82' lang='lat' dir='ltr'><strong>sancita</strong></span> <span class='ocrx_word' id='word_1_180' title='bbox 1746 640 1830 672; x_wconf 88' lang='lat' dir='ltr'><strong>sunt</strong></span> <span class='ocrx_word' id='word_1_181' title='bbox 1851 636 2031 672; x_wconf 86' lang='lat' dir='ltr'><strong>valebunt.</strong></span> 
     </span>
    </p>
   </div>
   <div class='ocr_carea' id='block_1_9' title="bbox 1226 837 1469 874">
    <p class='ocr_par' dir='ltr' id='par_1_9' title="bbox 1226 837 1469 874">
     <span class='ocr_line' id='line_1_27' title="bbox 1226 837 1469 874; baseline -0.004 0"><span class='ocrx_word' id='word_1_182' title='bbox 1226 837 1384 874; x_wconf 86' lang='lat' dir='ltr'>CAPUT</span> <span class='ocrx_word' id='word_1_183' title='bbox 1407 837 1469 873; x_wconf 89' lang='lat' dir='ltr'><strong>IV.</strong></span> 
     </span>
    </p>
   </div>
   <div class='ocr_carea' id='block_1_10' title="bbox 273 912 1315 960">
    <p class='ocr_par' dir='ltr' id='par_1_10' title="bbox 273 912 1315 960">
     <span class='ocr_line' id='line_1_28' title="bbox 273 912 1315 960; baseline 0.001 -12"><span class='ocrx_word' id='word_1_184' title='bbox 273 912 418 958; x_wconf 79' lang='grc' dir='ltr'><strong><em>Ἐπειδὴ</em></strong></span> <span class='ocrx_word' id='word_1_185' title='bbox 442 913 481 949; x_wconf 82' lang='grc' dir='ltr'><strong><em>δέ</em></strong></span> <span class='ocrx_word' id='word_1_186' title='bbox 503 913 675 959; x_wconf 76' lang='grc' dir='ltr'><strong><em>ἐτύχομεν</em></strong></span> <span class='ocrx_word' id='word_1_187' title='bbox 705 912 771 958; x_wconf 85' lang='grc' dir='ltr'><strong>ἤδη</strong></span> <span class='ocrx_word' id='word_1_188' title='bbox 801 914 1129 960; x_wconf 78' lang='grc' dir='ltr'><strong><em>νομοθετήσαντες,</em></strong></span> <span class='ocrx_word' id='word_1_189' title='bbox 1160 913 1249 951; x_wconf 76' lang='grc' dir='ltr'><strong><em>ὥςτε</em></strong></span> <span class='ocrx_word' id='word_1_190' title='bbox 1279 916 1315 949; x_wconf 84' lang='grc' dir='ltr'><strong>εἴ</strong></span> 
     </span>
    </p>
   </div>
   <div class='ocr_carea' id='block_1_11' title="bbox 1425 916 2453 963">
    <p class='ocr_par' dir='ltr' id='par_1_11' title="bbox 1425 916 2453 963">
     <span class='ocr_line' id='line_1_29' title="bbox 1425 916 2453 963; baseline 0.005 -12"><span class='ocrx_word' id='word_1_191' title='bbox 1425 916 1598 958; x_wconf 86' lang='lat' dir='ltr'><strong>Quoniam</strong></span> <span class='ocrx_word' id='word_1_192' title='bbox 1630 927 1713 953; x_wconf 82' lang='lat' dir='ltr'><strong>vero</strong></span> <span class='ocrx_word' id='word_1_193' title='bbox 1745 917 1894 962; x_wconf 84' lang='lat' dir='ltr'><strong>contigit</strong></span> <span class='ocrx_word' id='word_1_194' title='bbox 1926 929 1992 955; x_wconf 87' lang='lat' dir='ltr'><strong>nos</strong></span> <span class='ocrx_word' id='word_1_195' title='bbox 2026 919 2098 955; x_wconf 91' lang='lat' dir='ltr'><strong>iam</strong></span> <span class='ocrx_word' id='word_1_196' title='bbox 2132 920 2294 956; x_wconf 83' lang='lat' dir='ltr'><strong>sanxisse</strong></span> <span class='ocrx_word' id='word_1_197' title='bbox 2327 922 2386 963; x_wconf 85' lang='lat' dir='ltr'><strong>ut,</strong></span> <span class='ocrx_word' id='word_1_198' title='bbox 2421 920 2453 955; x_wconf 90' lang='lat' dir='ltr'><strong>si</strong></span> 
     </span>
    </p>
   </div>
   <div class='ocr_carea' id='block_1_12' title="bbox 229 959 2452 1015">
    <p class='ocr_par' dir='ltr' id='par_1_12' title="bbox 229 959 2452 1015">
     <span class='ocr_line' id='line_1_30' title="bbox 229 959 2452 1015; baseline 0.003 -20"><span class='ocrx_word' id='word_1_199' title='bbox 229 973 282 995; x_wconf 89' lang='grc' dir='ltr'><strong>τις</strong></span> <span class='ocrx_word' id='word_1_200' title='bbox 307 962 346 994; x_wconf 81' lang='grc' dir='ltr'><strong><em>ἐν</em></strong></span> <span class='ocrx_word' id='word_1_201' title='bbox 369 963 446 995; x_wconf 83' lang='grc' dir='ltr'><strong><em>ταῖς</em></strong></span> <span class='ocrx_word' id='word_1_202' title='bbox 464 962 649 1015; x_wconf 72' lang='grc' dir='ltr'><strong><em>ἐπαρχίαις</em></strong></span> <span class='ocrx_word' id='word_1_203' title='bbox 672 962 853 1004; x_wconf 83' lang='grc' dir='ltr'><strong><em>ἐκποίησις</em></strong></span> <span class='ocrx_word' id='word_1_204' title='bbox 876 959 1045 1005; x_wconf 83' lang='grc' dir='ltr'><strong><em>ἀκινήτου</em></strong></span> <span class='ocrx_word' id='word_1_205' title='bbox 1069 961 1308 1006; x_wconf 84' lang='grc' dir='ltr'><strong><em>ἐκκλησιαστι·</em></strong></span> <span class='ocrx_word' id='word_1_206' title='bbox 1325 965 1364 998; x_wconf 88' lang='grc'><strong>15</strong></span> <span class='ocrx_word' id='word_1_207' title='bbox 1378 971 1449 1007; x_wconf 81' lang='lat' dir='ltr'><strong>qua</strong></span> <span class='ocrx_word' id='word_1_208' title='bbox 1482 961 1521 997; x_wconf 85' lang='lat' dir='ltr'><strong>in</strong></span> <span class='ocrx_word' id='word_1_209' title='bbox 1554 962 1746 1007; x_wconf 81' lang='lat' dir='ltr'><strong>provinciis</strong></span> <span class='ocrx_word' id='word_1_210' title='bbox 1777 963 1945 1000; x_wconf 74' lang='lat' dir='ltr'><strong>alienatio</strong></span> <span class='ocrx_word' id='word_1_211' title='bbox 1980 965 2032 1000; x_wconf 84' lang='lat' dir='ltr'><strong>rei</strong></span> <span class='ocrx_word' id='word_1_212' title='bbox 2064 965 2253 1002; x_wconf 81' lang='lat' dir='ltr'><strong>immobilis</strong></span> <span class='ocrx_word' id='word_1_213' title='bbox 2286 965 2452 1001; x_wconf 71' lang='lat' dir='ltr'><strong>facienda</strong></span> 
     </span>
    </p>
   </div>
   <div class='ocr_carea' id='block_1_13' title="bbox 229 1004 1311 1414">
    <p class='ocr_par' dir='ltr' id='par_1_13' title="bbox 229 1004 1311 1414">
     <span class='ocr_line' id='line_1_31' title="bbox 229 1004 1308 1054; baseline 0.002 -14"><span class='ocrx_word' id='word_1_214' title='bbox 229 1007 290 1040; x_wconf 87' lang='grc' dir='ltr'><strong>κοῦ</strong></span> <span class='ocrx_word' id='word_1_215' title='bbox 315 1004 437 1050; x_wconf 79' lang='grc' dir='ltr'><strong><em>μέλλοι</em></strong></span> <span class='ocrx_word' id='word_1_216' title='bbox 461 1017 670 1053; x_wconf 84' lang='grc' dir='ltr'><strong><em>πραγματος</em></strong></span> <span class='ocrx_word' id='word_1_217' title='bbox 691 1006 879 1053; x_wconf 85' lang='grc' dir='ltr'><strong><em>γίνεσθαι,</em></strong></span> <span class='ocrx_word' id='word_1_218' title='bbox 911 1005 1005 1041; x_wconf 86' lang='grc' dir='ltr'><strong><em>κατὰ</em></strong></span> <span class='ocrx_word' id='word_1_219' title='bbox 1033 1006 1198 1054; x_wconf 71' lang='grc' dir='ltr'><strong><em>δὲκρετον</em></strong></span> <span class='ocrx_word' id='word_1_220' title='bbox 1222 1005 1308 1041; x_wconf 82' lang='grc' dir='ltr'><strong><em>ταύ-</em></strong></span> 
     </span>
     <span class='ocr_line' id='line_1_32' title="bbox 230 1048 1306 1099; baseline 0.002 -14"><span class='ocrx_word' id='word_1_221' title='bbox 230 1065 297 1095; x_wconf 89' lang='grc' dir='ltr'><strong>την</strong></span> <span class='ocrx_word' id='word_1_222' title='bbox 333 1054 514 1094; x_wconf 84' lang='grc' dir='ltr'><strong><em>ποοϊέναι,</em></strong></span> <span class='ocrx_word' id='word_1_223' title='bbox 550 1048 720 1098; x_wconf 84' lang='grc' dir='ltr'><strong><em>καθάπερ</em></strong></span> <span class='ocrx_word' id='word_1_224' title='bbox 755 1048 777 1095; x_wconf 83' lang='grc' dir='ltr'>ἡ</span> <span class='ocrx_word' id='word_1_225' title='bbox 811 1053 941 1098; x_wconf 84' lang='grc' dir='ltr'><strong><em>πρώην</em></strong></span> <span class='ocrx_word' id='word_1_226' title='bbox 976 1052 1179 1098; x_wconf 85' lang='grc' dir='ltr'><strong><em>φοιτήσασα</em></strong></span> <span class='ocrx_word' id='word_1_227' title='bbox 1215 1050 1306 1099; x_wconf 78' lang='grc' dir='ltr'><strong><em>παρ’</em></strong></span> 
     </span>
     <span class='ocr_line' id='line_1_33' title="bbox 229 1084 1311 1144; baseline 0.001 -13"><span class='ocrx_word' id='word_1_228' title='bbox 229 1095 333 1141; x_wconf 85' lang='grc' dir='ltr'><strong><em>ἡμῶν</em></strong></span> <span class='ocrx_word' id='word_1_229' title='bbox 358 1084 449 1144; x_wconf 78' lang='grc' dir='ltr'><strong><em>λέγει</em></strong></span> <span class='ocrx_word' id='word_1_230' title='bbox 474 1094 649 1138; x_wconf 79' lang='grc' dir='ltr'><strong><em>διάταξις,</em></strong></span> <span class='ocrx_word' id='word_1_231' title='bbox 682 1094 914 1143; x_wconf 86' lang='grc' dir='ltr'><strong><em>πράττεσθαι</em></strong></span> <span class='ocrx_word' id='word_1_232' title='bbox 939 1095 979 1131; x_wconf 79' lang='grc' dir='ltr'><strong><em>δὲ</em></strong></span> <span class='ocrx_word' id='word_1_233' title='bbox 1006 1097 1048 1133; x_wconf 86' lang='grc' dir='ltr'><strong>τὸ</strong></span> <span class='ocrx_word' id='word_1_234' title='bbox 1073 1096 1239 1143; x_wconf 81' lang='grc' dir='ltr'><strong><em>δέκρετον</em></strong></span> <span class='ocrx_word' id='word_1_235' title='bbox 1261 1097 1311 1143; x_wconf 86' lang='grc' dir='ltr'><strong><em>μὴ</em></strong></span> 
     </span>
     <span class='ocr_line' id='line_1_34' title="bbox 229 1139 1310 1188; baseline 0.001 -12"><span class='ocrx_word' id='word_1_236' title='bbox 229 1140 342 1187; x_wconf 87' lang='grc' dir='ltr'><strong><em>μόνον</em></strong></span> <span class='ocrx_word' id='word_1_237' title='bbox 363 1139 543 1188; x_wconf 80' lang='grc' dir='ltr'><strong><em>παρόντος</em></strong></span> <span class='ocrx_word' id='word_1_238' title='bbox 566 1143 629 1177; x_wconf 82' lang='grc' dir='ltr'><strong>τοῦ</strong></span> <span class='ocrx_word' id='word_1_239' title='bbox 651 1143 719 1177; x_wconf 83' lang='grc' dir='ltr'><strong>θεο</strong></span> <span class='ocrx_word' id='word_1_240' title='bbox 750 1140 843 1176; x_wconf 85' lang='grc' dir='ltr'><strong><em>ιλοῠς</em></strong></span> <span class='ocrx_word' id='word_1_241' title='bbox 867 1141 1071 1178; x_wconf 82' lang='grc' dir='ltr'><strong><em>ἐπισκόπου</em></strong></span> <span class='ocrx_word' id='word_1_242' title='bbox 1089 1145 1149 1187; x_wconf 81' lang='grc' dir='ltr'><strong>τῆς</strong></span> <span class='ocrx_word' id='word_1_243' title='bbox 1173 1142 1310 1179; x_wconf 87' lang='grc' dir='ltr'><strong><em>πόλεως</em></strong></span> 
     </span>
     <span class='ocr_line' id='line_1_35' title="bbox 229 1156 785 1234; baseline 0 -13"><span class='ocrx_word' id='word_1_244' title='bbox 229 1191 289 1222; x_wconf 82' lang='grc' dir='ltr'><strong>καὶ</strong></span> <span class='ocrx_word' id='word_1_245' title='bbox 312 1189 376 1222; x_wconf 77' lang='grc' dir='ltr'><strong>τοῦ</strong></span> <span class='ocrx_word' id='word_1_246' title='bbox 401 1185 511 1222; x_wconf 82' lang='grc' dir='ltr'><strong><em>αὐτοῦ</em></strong></span> <span class='ocrx_word' id='word_1_247' title='bbox 533 1186 670 1234; x_wconf 81' lang='grc' dir='ltr'><strong><em>κλήρου,</em></strong></span> <span class='ocrx_word' id='word_1_248' title='bbox 696 1156 785 1223; x_wconf 56' lang='grc' dir='ltr'><strong><em>ἀλλὰ</em></strong></span> 
     </span>
     <span class='ocr_line' id='line_1_36' title="bbox 230 1230 1311 1278; baseline 0.001 -11"><span class='ocrx_word' id='word_1_249' title='bbox 230 1231 447 1275; x_wconf 84' lang='grc' dir='ltr'><strong><em>ἐπισκόπου,</em></strong></span> <span class='ocrx_word' id='word_1_250' title='bbox 480 1230 521 1267; x_wconf 78' lang='grc' dir='ltr'><strong>οὐ</strong></span> <span class='ocrx_word' id='word_1_251' title='bbox 550 1232 623 1278; x_wconf 84' lang='grc' dir='ltr'><strong>μὴν</strong></span> <span class='ocrx_word' id='word_1_252' title='bbox 655 1235 767 1268; x_wconf 81' lang='grc' dir='ltr'><strong><em>ἐκεῖνο</em></strong></span> <span class='ocrx_word' id='word_1_253' title='bbox 797 1234 1188 1278; x_wconf 79' lang='grc' dir='ltr'><strong><em>προςνενομοθέτηται,</em></strong></span> <span class='ocrx_word' id='word_1_254' title='bbox 1221 1245 1311 1268; x_wconf 86' lang='grc' dir='ltr'><strong><em>ωςτε</em></strong></span> 
     </span>
     <span class='ocr_line' id='line_1_37' title="bbox 230 1276 1310 1325; baseline 0 -11"><span class='ocrx_word' id='word_1_255' title='bbox 230 1279 329 1325; x_wconf 79' lang='grc' dir='ltr'><strong><em>εἴπερ</em></strong></span> <span class='ocrx_word' id='word_1_256' title='bbox 351 1276 370 1313; x_wconf 85' lang='grc' dir='ltr'>ὁ</span> <span class='ocrx_word' id='word_1_257' title='bbox 390 1280 452 1322; x_wconf 81' lang='grc' dir='ltr'><strong>τῆς</strong></span> <span class='ocrx_word' id='word_1_258' title='bbox 474 1277 728 1325; x_wconf 82' lang='grc' dir='ltr'><strong><em>μητροπόλεως</em></strong></span> <span class='ocrx_word' id='word_1_259' title='bbox 750 1277 952 1325; x_wconf 76' lang='grc' dir='ltr'><strong><em>ιὶγιιύτατος</em></strong></span> <span class='ocrx_word' id='word_1_260' title='bbox 975 1281 1167 1315; x_wconf 84' lang='grc' dir='ltr'><strong><em>ἐπίσκοπος</em></strong></span> <span class='ocrx_word' id='word_1_261' title='bbox 1188 1278 1310 1325; x_wconf 77' lang='grc' dir='ltr'><strong><em>μέλλοι</em></strong></span> 
     </span>
     <span class='ocr_line' id='line_1_38' title="bbox 232 1321 1309 1371; baseline 0 -12"><span class='ocrx_word' id='word_1_262' title='bbox 232 1324 367 1360; x_wconf 84' lang='grc' dir='ltr'><strong><em>πωλεῖν</em></strong></span> <span class='ocrx_word' id='word_1_263' title='bbox 398 1322 477 1368; x_wconf 81' lang='grc' dir='ltr'><strong><em>ἤτοι</em></strong></span> <span class='ocrx_word' id='word_1_264' title='bbox 508 1324 543 1358; x_wconf 89' lang='grc' dir='ltr'><strong>οἱ</strong></span> <span class='ocrx_word' id='word_1_265' title='bbox 573 1324 634 1367; x_wconf 86' lang='grc' dir='ltr'><strong>τῆς</strong></span> <span class='ocrx_word' id='word_1_266' title='bbox 665 1321 866 1371; x_wconf 78' lang='grc' dir='ltr'><strong><em>ἁγιωτάτης</em></strong></span> <span class='ocrx_word' id='word_1_267' title='bbox 897 1323 1081 1367; x_wconf 84' lang='grc' dir='ltr'><strong><em>ἐκκλησίας</em></strong></span> <span class='ocrx_word' id='word_1_268' title='bbox 1110 1327 1172 1368; x_wconf 86' lang='grc' dir='ltr'><strong>τῆς</strong></span> <span class='ocrx_word' id='word_1_269' title='bbox 1201 1322 1309 1359; x_wconf 77' lang='grc' dir='ltr'><strong><em>αὐτοῦ</em></strong></span> 
     </span>
     <span class='ocr_line' id='line_1_39' title="bbox 230 1367 1310 1414; baseline 0 -10"><span class='ocrx_word' id='word_1_270' title='bbox 230 1367 486 1414; x_wconf 76' lang='grc' dir='ltr'><strong><em>εὐλαβέστατοι</em></strong></span> <span class='ocrx_word' id='word_1_271' title='bbox 518 1368 715 1414; x_wconf 85' lang='grc' dir='ltr'><strong><em>οἰκονόμοι,</em></strong></span> <span class='ocrx_word' id='word_1_272' title='bbox 743 1373 782 1404; x_wconf 88' lang='grc' dir='ltr'><strong>τί</strong></span> <span class='ocrx_word' id='word_1_273' title='bbox 804 1367 879 1404; x_wconf 80' lang='grc' dir='ltr'><strong><em>δέοι</em></strong></span> <span class='ocrx_word' id='word_1_274' title='bbox 903 1370 1095 1414; x_wconf 77' lang='grc' dir='ltr'><strong><em>γενέσθαι·</em></strong></span> <span class='ocrx_word' id='word_1_275' title='bbox 1119 1373 1179 1404; x_wconf 82' lang='grc' dir='ltr'><strong>καὶ</strong></span> <span class='ocrx_word' id='word_1_276' title='bbox 1202 1372 1310 1405; x_wconf 81' lang='grc' dir='ltr'><strong><em>τοῦτο</em></strong></span> 
     </span>
    </p>
   </div>
   <div class='ocr_carea' id='block_1_14' title="bbox 1379 1007 2453 1191">
    <p class='ocr_par' dir='ltr' id='par_1_14' title="bbox 1379 1007 2453 1191">
     <span class='ocr_line' id='line_1_40' title="bbox 1379 1007 2451 1055; baseline 0.004 -13"><span class='ocrx_word' id='word_1_277' title='bbox 1379 1009 1443 1049; x_wconf 88' lang='lat' dir='ltr'><strong>est,</strong></span> <span class='ocrx_word' id='word_1_278' title='bbox 1477 1007 1673 1043; x_wconf 86' lang='lat' dir='ltr'><strong>secundum</strong></span> <span class='ocrx_word' id='word_1_279' title='bbox 1697 1008 1877 1044; x_wconf 88' lang='lat' dir='ltr'><strong>decretum</strong></span> <span class='ocrx_word' id='word_1_280' title='bbox 1904 1009 1998 1045; x_wconf 85' lang='lat' dir='ltr'><strong>hanc</strong></span> <span class='ocrx_word' id='word_1_281' title='bbox 2019 1010 2225 1055; x_wconf 86' lang='lat' dir='ltr'><strong>procedere,</strong></span> <span class='ocrx_word' id='word_1_282' title='bbox 2258 1010 2364 1046; x_wconf 87' lang='lat' dir='ltr'><strong>sicuti</strong></span> <span class='ocrx_word' id='word_1_283' title='bbox 2387 1010 2451 1046; x_wconf 91' lang='lat' dir='ltr'><strong>du-</strong></span> 
     </span>
     <span class='ocr_line' id='line_1_41' title="bbox 1379 1053 2452 1108; baseline 0.004 -21"><span class='ocrx_word' id='word_1_284' title='bbox 1379 1053 1463 1088; x_wconf 90' lang='lat' dir='ltr'><strong>dum</strong></span> <span class='ocrx_word' id='word_1_285' title='bbox 1493 1053 1635 1098; x_wconf 89' lang='lat' dir='ltr'><strong>prolata</strong></span> <span class='ocrx_word' id='word_1_286' title='bbox 1665 1063 1688 1088; x_wconf 89' lang='lat' dir='ltr'><strong>a</strong></span> <span class='ocrx_word' id='word_1_287' title='bbox 1710 1054 1813 1089; x_wconf 87' lang='lat' dir='ltr'><strong>nobis</strong></span> <span class='ocrx_word' id='word_1_288' title='bbox 1839 1055 2044 1091; x_wconf 87' lang='lat' dir='ltr'><strong>constitutio</strong></span> <span class='ocrx_word' id='word_1_289' title='bbox 2070 1055 2172 1099; x_wconf 87' lang='lat' dir='ltr'><strong>dicit,</strong></span> <span class='ocrx_word' id='word_1_290' title='bbox 2205 1056 2263 1108; x_wconf 71' lang='lat' dir='ltr'><strong>agi</strong></span> <span class='ocrx_word' id='word_1_291' title='bbox 2285 1066 2367 1091; x_wconf 87' lang='lat' dir='ltr'><strong>vero</strong></span> <span class='ocrx_word' id='word_1_292' title='bbox 2391 1055 2452 1091; x_wconf 87' lang='lat' dir='ltr'><strong>de-</strong></span> 
     </span>
     <span class='ocr_line' id='line_1_42' title="bbox 1379 1098 2453 1147; baseline 0.003 -14"><span class='ocrx_word' id='word_1_293' title='bbox 1379 1101 1515 1133; x_wconf 84' lang='lat' dir='ltr'><strong>cretum</strong></span> <span class='ocrx_word' id='word_1_294' title='bbox 1543 1109 1618 1134; x_wconf 86' lang='lat' dir='ltr'><strong>non</strong></span> <span class='ocrx_word' id='word_1_295' title='bbox 1646 1098 1761 1135; x_wconf 88' lang='lat' dir='ltr'><strong>solum</strong></span> <span class='ocrx_word' id='word_1_296' title='bbox 1788 1102 1978 1144; x_wconf 85' lang='lat' dir='ltr'><strong>praesente</strong></span> <span class='ocrx_word' id='word_1_297' title='bbox 2009 1100 2076 1136; x_wconf 88' lang='lat' dir='ltr'><strong>deo</strong></span> <span class='ocrx_word' id='word_1_298' title='bbox 2106 1101 2250 1136; x_wconf 85' lang='lat' dir='ltr'><strong>amabih</strong></span> <span class='ocrx_word' id='word_1_299' title='bbox 2283 1100 2453 1147; x_wconf 86' lang='lat' dir='ltr'><strong>episcopo</strong></span> 
     </span>
     <span class='ocr_line' id='line_1_43' title="bbox 1380 1143 2452 1191; baseline 0.004 -13"><span class='ocrx_word' id='word_1_300' title='bbox 1380 1143 1532 1179; x_wconf 78' lang='lat' dir='ltr'><strong>civi&#39;tatis</strong></span> <span class='ocrx_word' id='word_1_301' title='bbox 1563 1144 1710 1189; x_wconf 88' lang='lat' dir='ltr'><strong>eiusque</strong></span> <span class='ocrx_word' id='word_1_302' title='bbox 1741 1145 1856 1186; x_wconf 88' lang='lat' dir='ltr'><strong>clero,</strong></span> <span class='ocrx_word' id='word_1_303' title='bbox 1888 1145 1951 1181; x_wconf 89' lang='lat' dir='ltr'><strong>sed</strong></span> <span class='ocrx_word' id='word_1_304' title='bbox 1982 1146 2090 1181; x_wconf 90' lang='lat' dir='ltr'><strong>etiam</strong></span> <span class='ocrx_word' id='word_1_305' title='bbox 2117 1146 2355 1191; x_wconf 78' lang='lat' dir='ltr'><strong>metropoleos</strong></span> <span class='ocrx_word' id='word_1_306' title='bbox 2378 1145 2452 1191; x_wconf 89' lang='lat' dir='ltr'><strong>epi-</strong></span> 
     </span>
    </p>
   </div>
   <div class='ocr_carea' id='block_1_15' title="bbox 808 1188 2455 1245">
    <p class='ocr_par' dir='ltr' id='par_1_15' title="bbox 808 1188 2455 1245">
     <span class='ocr_line' id='line_1_44' title="bbox 808 1188 2455 1245; baseline 0.004 -24"><span class='ocrx_word' id='word_1_307' title='bbox 808 1190 868 1221; x_wconf 82' lang='grc' dir='ltr'><strong>καὶ</strong></span> <span class='ocrx_word' id='word_1_308' title='bbox 891 1189 954 1222; x_wconf 83' lang='grc' dir='ltr'><strong>τοῦ</strong></span> <span class='ocrx_word' id='word_1_309' title='bbox 977 1190 1039 1231; x_wconf 81' lang='grc' dir='ltr'><strong>τῆς</strong></span> <span class='ocrx_word' id='word_1_310' title='bbox 1057 1188 1310 1242; x_wconf 59' lang='grc' dir='ltr'><strong><em>μητροπόλεως</em></strong></span> <span class='ocrx_word' id='word_1_311' title='bbox 1324 1190 1366 1224; x_wconf 87' lang='grc'><strong>20</strong></span> <span class='ocrx_word' id='word_1_312' title='bbox 1379 1199 1500 1234; x_wconf 89' lang='lat' dir='ltr'><strong>scopo,</strong></span> <span class='ocrx_word' id='word_1_313' title='bbox 1533 1199 1600 1225; x_wconf 91' lang='lat' dir='ltr'><strong>nec</strong></span> <span class='ocrx_word' id='word_1_314' title='bbox 1622 1200 1696 1225; x_wconf 91' lang='lat' dir='ltr'><strong>non</strong></span> <span class='ocrx_word' id='word_1_315' title='bbox 1719 1193 1756 1225; x_wconf 90' lang='lat' dir='ltr'><strong>et</strong></span> <span class='ocrx_word' id='word_1_316' title='bbox 1777 1189 1866 1225; x_wconf 91' lang='lat' dir='ltr'><strong>illud</strong></span> <span class='ocrx_word' id='word_1_317' title='bbox 1889 1190 2034 1245; x_wconf 77' lang='lat' dir='ltr'><strong>insuper</strong></span> <span class='ocrx_word' id='word_1_318' title='bbox 2058 1193 2114 1227; x_wconf 87' lang='lat' dir='ltr'><strong>est</strong></span> <span class='ocrx_word' id='word_1_319' title='bbox 2136 1192 2311 1227; x_wconf 88' lang='lat' dir='ltr'><strong>sancitum</strong></span> <span class='ocrx_word' id='word_1_320' title='bbox 2335 1194 2392 1235; x_wconf 85' lang='lat' dir='ltr'><strong>ut,</strong></span> <span class='ocrx_word' id='word_1_321' title='bbox 2422 1190 2455 1227; x_wconf 85' lang='lat' dir='ltr'><strong>si</strong></span> 
     </span>
    </p>
   </div>
   <div class='ocr_carea' id='block_1_16' title="bbox 1378 1235 2456 1425">
    <p class='ocr_par' dir='ltr' id='par_1_16' title="bbox 1378 1235 2456 1425">
     <span class='ocr_line' id='line_1_45' title="bbox 1378 1235 2452 1283; baseline 0.003 -14"><span class='ocrx_word' id='word_1_322' title='bbox 1378 1235 1616 1279; x_wconf 89' lang='lat' dir='ltr'><strong>metropoleos</strong></span> <span class='ocrx_word' id='word_1_323' title='bbox 1647 1235 1891 1271; x_wconf 90' lang='lat' dir='ltr'><strong>sanctissimus</strong></span> <span class='ocrx_word' id='word_1_324' title='bbox 1922 1246 2114 1283; x_wconf 78' lang='lat' dir='ltr'><strong>eplscopus</strong></span> <span class='ocrx_word' id='word_1_325' title='bbox 2145 1237 2287 1272; x_wconf 85' lang='lat' dir='ltr'><strong>futurus</strong></span> <span class='ocrx_word' id='word_1_326' title='bbox 2318 1240 2374 1272; x_wconf 87' lang='lat' dir='ltr'><strong>est</strong></span> <span class='ocrx_word' id='word_1_327' title='bbox 2394 1246 2452 1272; x_wconf 85' lang='lat' dir='ltr'><strong>ve-</strong></span> 
     </span>
     <span class='ocr_line' id='line_1_46' title="bbox 1378 1279 2453 1323; baseline 0.004 -9"><span class='ocrx_word' id='word_1_328' title='bbox 1378 1279 1551 1315; x_wconf 87' lang='lat' dir='ltr'><strong>numdare</strong></span> <span class='ocrx_word' id='word_1_329' title='bbox 1587 1280 1659 1316; x_wconf 86' lang='lat' dir='ltr'><strong>sive</strong></span> <span class='ocrx_word' id='word_1_330' title='bbox 1694 1281 1771 1316; x_wconf 89' lang='lat' dir='ltr'><strong>eius</strong></span> <span class='ocrx_word' id='word_1_331' title='bbox 1806 1281 1980 1317; x_wconf 86' lang='lat' dir='ltr'><strong>ecclesiae</strong></span> <span class='ocrx_word' id='word_1_332' title='bbox 2015 1281 2228 1318; x_wconf 84' lang='lat' dir='ltr'><strong>sanctissimi</strong></span> <span class='ocrx_word' id='word_1_333' title='bbox 2247 1281 2453 1323; x_wconf 81' lang='lat' dir='ltr'><strong>oeconomi,</strong></span> 
     </span>
     <span class='ocr_line' id='line_1_47' title="bbox 1380 1325 2454 1371; baseline 0.004 -12"><span class='ocrx_word' id='word_1_334' title='bbox 1380 1325 1464 1369; x_wconf 89' lang='lat' dir='ltr'><strong>quid</strong></span> <span class='ocrx_word' id='word_1_335' title='bbox 1488 1328 1629 1370; x_wconf 86' lang='lat' dir='ltr'><strong>oportet</strong></span> <span class='ocrx_word' id='word_1_336' title='bbox 1658 1325 1753 1361; x_wconf 88' lang='lat' dir='ltr'><strong>fieri:</strong></span> <span class='ocrx_word' id='word_1_337' title='bbox 1786 1326 1892 1362; x_wconf 90' lang='lat' dir='ltr'><strong>etiam</strong></span> <span class='ocrx_word' id='word_1_338' title='bbox 1922 1326 1993 1362; x_wconf 90' lang='lat' dir='ltr'><strong>hoc</strong></span> <span class='ocrx_word' id='word_1_339' title='bbox 2023 1326 2212 1371; x_wconf 82' lang='lat' dir='ltr'><strong>adicimus,</strong></span> <span class='ocrx_word' id='word_1_340' title='bbox 2243 1331 2284 1362; x_wconf 90' lang='lat' dir='ltr'><strong>ut</strong></span> <span class='ocrx_word' id='word_1_341' title='bbox 2307 1327 2378 1363; x_wconf 90' lang='lat' dir='ltr'><strong>duo</strong></span> <span class='ocrx_word' id='word_1_342' title='bbox 2407 1337 2454 1362; x_wconf 85' lang='lat' dir='ltr'><strong>ex</strong></span> 
     </span>
     <span class='ocr_line' id='line_1_48' title="bbox 1380 1370 2456 1425; baseline 0.003 -20"><span class='ocrx_word' id='word_1_343' title='bbox 1380 1370 1516 1416; x_wconf 84' lang='lat' dir='ltr'><strong>synodo</strong></span> <span class='ocrx_word' id='word_1_344' title='bbox 1541 1381 1633 1416; x_wconf 88' lang='lat' dir='ltr'><strong>quae</strong></span> <span class='ocrx_word' id='word_1_345' title='bbox 1657 1371 1724 1407; x_wconf 90' lang='lat' dir='ltr'><strong>sub</strong></span> <span class='ocrx_word' id='word_1_346' title='bbox 1750 1381 1792 1408; x_wconf 88' lang='lat' dir='ltr'><strong>eo</strong></span> <span class='ocrx_word' id='word_1_347' title='bbox 1818 1375 1873 1407; x_wconf 89' lang='lat' dir='ltr'><strong>est</strong></span> <span class='ocrx_word' id='word_1_348' title='bbox 1896 1371 1962 1407; x_wconf 91' lang='lat' dir='ltr'><strong>deo</strong></span> <span class='ocrx_word' id='word_1_349' title='bbox 1979 1372 2183 1408; x_wconf 88' lang='lat' dir='ltr'><strong>amabilium</strong></span> <span class='ocrx_word' id='word_1_350' title='bbox 2206 1372 2456 1425; x_wconf 80' lang='lat' dir='ltr'><strong>episcoporum</strong></span> 
     </span>
    </p>
   </div>
   <div class='ocr_carea' id='block_1_17' title="bbox 231 1411 2453 1462">
    <p class='ocr_par' dir='ltr' id='par_1_17' title="bbox 231 1411 2453 1462">
     <span class='ocr_line' id='line_1_49' title="bbox 231 1411 2453 1462; baseline 0.001 -12"><span class='ocrx_word' id='word_1_351' title='bbox 231 1415 483 1461; x_wconf 71' lang='grc' dir='ltr'><strong><em>προςτίθεμεν,</em></strong></span> <span class='ocrx_word' id='word_1_352' title='bbox 510 1411 597 1449; x_wconf 68' lang='lat' dir='ltr'><strong>‹iis-n</strong></span> <span class='ocrx_word' id='word_1_353' title='bbox 617 1412 679 1449; x_wconf 77' lang='grc' dir='ltr'><strong>δύο</strong></span> <span class='ocrx_word' id='word_1_354' title='bbox 701 1417 739 1449; x_wconf 80' lang='grc' dir='ltr'><strong>ἐκ</strong></span> <span class='ocrx_word' id='word_1_355' title='bbox 758 1415 819 1457; x_wconf 81' lang='grc' dir='ltr'><strong>τῆς</strong></span> <span class='ocrx_word' id='word_1_356' title='bbox 837 1412 904 1450; x_wconf 75' lang='grc' dir='ltr'><strong>ὑπ’</strong></span> <span class='ocrx_word' id='word_1_357' title='bbox 925 1412 1037 1450; x_wconf 82' lang='grc' dir='ltr'><strong><em>αὐτὸν</em></strong></span> <span class='ocrx_word' id='word_1_358' title='bbox 1057 1413 1208 1450; x_wconf 71' lang='grc' dir='ltr'><strong><em>συνόδου</em></strong></span> <span class='ocrx_word' id='word_1_359' title='bbox 1232 1416 1310 1450; x_wconf 81' lang='grc' dir='ltr'><strong>τῶν</strong></span> <span class='ocrx_word' id='word_1_360' title='bbox 1324 1418 1366 1452; x_wconf 86' lang='grc'><strong>25</strong></span> <span class='ocrx_word' id='word_1_361' title='bbox 1380 1425 1620 1461; x_wconf 88' lang='lat' dir='ltr'><strong>quoscumque</strong></span> <span class='ocrx_word' id='word_1_362' title='bbox 1644 1417 1789 1461; x_wconf 85' lang='lat' dir='ltr'><strong>elegerit</strong></span> <span class='ocrx_word' id='word_1_363' title='bbox 1815 1417 1887 1462; x_wconf 92' lang='lat' dir='ltr'><strong>ipsi</strong></span> <span class='ocrx_word' id='word_1_364' title='bbox 1909 1418 2085 1461; x_wconf 86' lang='lat' dir='ltr'><strong>intersint,</strong></span> <span class='ocrx_word' id='word_1_365' title='bbox 2117 1420 2155 1453; x_wconf 87' lang='lat' dir='ltr'><strong>et</strong></span> <span class='ocrx_word' id='word_1_366' title='bbox 2177 1417 2249 1453; x_wconf 89' lang='lat' dir='ltr'><strong>alia</strong></span> <span class='ocrx_word' id='word_1_367' title='bbox 2272 1427 2367 1454; x_wconf 88' lang='lat' dir='ltr'><strong>omm</strong></span> <span class='ocrx_word' id='word_1_368' title='bbox 2390 1418 2453 1453; x_wconf 92' lang='lat' dir='ltr'><strong>ob-</strong></span> 
     </span>
    </p>
   </div>
   <div class='ocr_carea' id='block_1_18' title="bbox 232 1458 1311 1644">
    <p class='ocr_par' dir='ltr' id='par_1_18' title="bbox 232 1458 1311 1644">
     <span class='ocr_line' id='line_1_50' title="bbox 232 1458 1310 1507; baseline -0.001 -11"><span class='ocrx_word' id='word_1_369' title='bbox 232 1460 420 1506; x_wconf 80' lang='grc' dir='ltr'><strong><em>θεοφιλιῦν</em></strong></span> <span class='ocrx_word' id='word_1_370' title='bbox 443 1459 666 1503; x_wconf 85' lang='grc' dir='ltr'><strong><em>ἐπισκόπων,</em></strong></span> <span class='ocrx_word' id='word_1_371' title='bbox 691 1458 750 1495; x_wconf 67' lang='grc' dir='ltr'><strong>οὓς</strong></span> <span class='ocrx_word' id='word_1_372' title='bbox 772 1458 818 1494; x_wconf 78' lang='grc' dir='ltr'><strong><em>ἄν</em></strong></span> <span class='ocrx_word' id='word_1_373' title='bbox 835 1459 963 1503; x_wconf 77' lang='grc' dir='ltr'><strong><em>ἕλοιτο,</em></strong></span> <span class='ocrx_word' id='word_1_374' title='bbox 987 1460 1133 1495; x_wconf 79' lang='grc' dir='ltr'><strong><em>τούτους</em></strong></span> <span class='ocrx_word' id='word_1_375' title='bbox 1157 1465 1310 1507; x_wconf 87' lang='grc' dir='ltr'><strong><em>παραγί-</em></strong></span> 
     </span>
     <span class='ocr_line' id='line_1_51' title="bbox 232 1503 1309 1553; baseline 0 -12"><span class='ocrx_word' id='word_1_376' title='bbox 232 1507 376 1549; x_wconf 83' lang='grc' dir='ltr'><strong><em>νεσθαι,</em></strong></span> <span class='ocrx_word' id='word_1_377' title='bbox 408 1509 468 1539; x_wconf 85' lang='grc' dir='ltr'><strong>καὶ</strong></span> <span class='ocrx_word' id='word_1_378' title='bbox 492 1507 553 1548; x_wconf 81' lang='grc' dir='ltr'><strong>τῆς</strong></span> <span class='ocrx_word' id='word_1_379' title='bbox 577 1504 683 1549; x_wconf 81' lang='grc' dir='ltr'><strong><em>ἄλλης</em></strong></span> <span class='ocrx_word' id='word_1_380' title='bbox 712 1503 850 1549; x_wconf 83' lang='grc' dir='ltr'><strong><em>ἁπάσης</em></strong></span> <span class='ocrx_word' id='word_1_381' title='bbox 876 1518 926 1540; x_wconf 92' lang='grc' dir='ltr'><strong>πα</strong></span> <span class='ocrx_word' id='word_1_382' title='bbox 953 1503 1155 1549; x_wconf 83' lang='grc' dir='ltr'><strong><em>ατηρήσεως</em></strong></span> <span class='ocrx_word' id='word_1_383' title='bbox 1179 1505 1309 1553; x_wconf 85' lang='grc' dir='ltr'><strong><em>φυλατ-</em></strong></span> 
     </span>
     <span class='ocr_line' id='line_1_52' title="bbox 232 1547 1311 1597; baseline 0.001 -11"><span class='ocrx_word' id='word_1_384' title='bbox 232 1554 379 1596; x_wconf 80' lang='grc' dir='ltr'><strong><em>τομένης</em></strong></span> <span class='ocrx_word' id='word_1_385' title='bbox 409 1553 469 1594; x_wconf 82' lang='grc' dir='ltr'><strong>τῆς</strong></span> <span class='ocrx_word' id='word_1_386' title='bbox 493 1550 558 1594; x_wconf 82' lang='grc' dir='ltr'><strong>ήδη</strong></span> <span class='ocrx_word' id='word_1_387' title='bbox 588 1550 680 1597; x_wconf 80' lang='grc' dir='ltr'><strong><em>παρ’</em></strong></span> <span class='ocrx_word' id='word_1_388' title='bbox 706 1547 810 1596; x_wconf 80' lang='grc' dir='ltr'><strong><em>ἡμῶν</em></strong></span> <span class='ocrx_word' id='word_1_389' title='bbox 837 1564 926 1596; x_wconf 88' lang='grc' dir='ltr'><strong><em>νομο</em></strong></span> <span class='ocrx_word' id='word_1_390' title='bbox 959 1552 1147 1594; x_wconf 79' lang='grc' dir='ltr'><strong><em>ετηθείσης</em></strong></span> <span class='ocrx_word' id='word_1_391' title='bbox 1177 1550 1220 1586; x_wconf 86' lang='grc' dir='ltr'><strong>τὸ</strong></span> <span class='ocrx_word' id='word_1_392' title='bbox 1250 1553 1311 1594; x_wconf 76' lang='grc' dir='ltr'><strong>τῆς</strong></span> 
     </span>
     <span class='ocr_line' id='line_1_53' title="bbox 232 1594 1309 1644; baseline -0.002 -11"><span class='ocrx_word' id='word_1_393' title='bbox 232 1601 429 1642; x_wconf 86' lang='grc' dir='ltr'><strong><em>παρουσίας</em></strong></span> <span class='ocrx_word' id='word_1_394' title='bbox 459 1599 537 1631; x_wconf 81' lang='grc' dir='ltr'><strong>τῶν</strong></span> <span class='ocrx_word' id='word_1_395' title='bbox 569 1594 631 1630; x_wconf 74' lang='grc' dir='ltr'><strong>δύο</strong></span> <span class='ocrx_word' id='word_1_396' title='bbox 660 1595 850 1642; x_wconf 77' lang='grc' dir='ltr'><strong><em>θεοφιλῶν</em></strong></span> <span class='ocrx_word' id='word_1_397' title='bbox 878 1596 1091 1631; x_wconf 81' lang='grc' dir='ltr'><strong><em>ἐπισκόπων</em></strong></span> <span class='ocrx_word' id='word_1_398' title='bbox 1114 1597 1309 1644; x_wconf 84' lang='grc' dir='ltr'><strong><em>προςτεθῆ·</em></strong></span> 
     </span>
    </p>
   </div>
   <div class='ocr_carea' id='block_1_19' title="bbox 1379 1462 2456 1642">
    <p class='ocr_par' dir='ltr' id='par_1_19' title="bbox 1379 1462 2456 1642">
     <span class='ocr_line' id='line_1_54' title="bbox 1379 1462 2455 1508; baseline 0.003 -12"><span class='ocrx_word' id='word_1_399' title='bbox 1379 1462 1579 1497; x_wconf 86' lang='lat' dir='ltr'><strong>servatione</strong></span> <span class='ocrx_word' id='word_1_400' title='bbox 1599 1462 1786 1505; x_wconf 84' lang='lat' dir='ltr'><strong>custodita,</strong></span> <span class='ocrx_word' id='word_1_401' title='bbox 1811 1472 1903 1507; x_wconf 87' lang='lat' dir='ltr'><strong>quae</strong></span> <span class='ocrx_word' id='word_1_402' title='bbox 1917 1462 1988 1498; x_wconf 87' lang='lat' dir='ltr'><strong>iam</strong></span> <span class='ocrx_word' id='word_1_403' title='bbox 2009 1463 2146 1499; x_wconf 86' lang='lat' dir='ltr'><strong>sancita</strong></span> <span class='ocrx_word' id='word_1_404' title='bbox 2164 1467 2230 1505; x_wconf 90' lang='lat' dir='ltr'><strong>est,</strong></span> <span class='ocrx_word' id='word_1_405' title='bbox 2252 1463 2455 1508; x_wconf 86' lang='lat' dir='ltr'><strong>praesentia</strong></span> 
     </span>
     <span class='ocr_line' id='line_1_55' title="bbox 1380 1506 2455 1554; baseline 0.003 -13"><span class='ocrx_word' id='word_1_406' title='bbox 1380 1506 1533 1541; x_wconf 90' lang='lat' dir='ltr'><strong>duorum</strong></span> <span class='ocrx_word' id='word_1_407' title='bbox 1568 1507 1634 1542; x_wconf 89' lang='lat' dir='ltr'><strong>deo</strong></span> <span class='ocrx_word' id='word_1_408' title='bbox 1669 1508 1874 1543; x_wconf 87' lang='lat' dir='ltr'><strong>amabilium</strong></span> <span class='ocrx_word' id='word_1_409' title='bbox 1908 1509 2157 1554; x_wconf 88' lang='lat' dir='ltr'><strong>episcoporum</strong></span> <span class='ocrx_word' id='word_1_410' title='bbox 2188 1507 2379 1552; x_wconf 79' lang='lat' dir='ltr'><strong>adiciatur,</strong></span> <span class='ocrx_word' id='word_1_411' title='bbox 2413 1512 2455 1544; x_wconf 87' lang='lat' dir='ltr'><strong>ut</strong></span> 
     </span>
     <span class='ocr_line' id='line_1_56' title="bbox 1380 1551 2454 1600; baseline 0.003 -14"><span class='ocrx_word' id='word_1_412' title='bbox 1380 1551 1575 1587; x_wconf 87' lang='lat' dir='ltr'><strong>secundum</strong></span> <span class='ocrx_word' id='word_1_413' title='bbox 1606 1563 1645 1588; x_wconf 87' lang='lat' dir='ltr'><strong>se</strong></span> <span class='ocrx_word' id='word_1_414' title='bbox 1674 1553 1847 1589; x_wconf 85' lang='lat' dir='ltr'><strong>videatur.</strong></span> <span class='ocrx_word' id='word_1_415' title='bbox 1866 1564 1947 1589; x_wconf 89' lang='lat' dir='ltr'><strong>cum</strong></span> <span class='ocrx_word' id='word_1_416' title='bbox 1978 1563 2045 1589; x_wconf 89' lang='lat' dir='ltr'><strong>sua</strong></span> <span class='ocrx_word' id='word_1_417' title='bbox 2074 1554 2209 1600; x_wconf 86' lang='lat' dir='ltr'><strong>synodo</strong></span> <span class='ocrx_word' id='word_1_418' title='bbox 2239 1563 2315 1590; x_wconf 90' lang='lat' dir='ltr'><strong>rem</strong></span> <span class='ocrx_word' id='word_1_419' title='bbox 2338 1563 2454 1599; x_wconf 82' lang='lat' dir='ltr'><strong>agere,</strong></span> 
     </span>
     <span class='ocr_line' id='line_1_57' title="bbox 1380 1597 2456 1642; baseline 0.003 -10"><span class='ocrx_word' id='word_1_420' title='bbox 1380 1599 1416 1632; x_wconf 91' lang='lat' dir='ltr'><strong>et</strong></span> <span class='ocrx_word' id='word_1_421' title='bbox 1438 1597 1533 1633; x_wconf 89' lang='lat' dir='ltr'><strong>sicut</strong></span> <span class='ocrx_word' id='word_1_422' title='bbox 1554 1597 1633 1642; x_wconf 89' lang='lat' dir='ltr'><strong>ipse</strong></span> <span class='ocrx_word' id='word_1_423' title='bbox 1656 1609 1731 1634; x_wconf 90' lang='lat' dir='ltr'><strong>rem</strong></span> <span class='ocrx_word' id='word_1_424' title='bbox 1754 1599 1843 1634; x_wconf 86' lang='lat' dir='ltr'><strong>facit</strong></span> <span class='ocrx_word' id='word_1_425' title='bbox 1866 1599 2070 1634; x_wconf 84' lang='lat' dir='ltr'><strong>credibilem</strong></span> <span class='ocrx_word' id='word_1_426' title='bbox 2100 1603 2137 1635; x_wconf 90' lang='lat' dir='ltr'><strong>et</strong></span> <span class='ocrx_word' id='word_1_427' title='bbox 2162 1598 2400 1635; x_wconf 84' lang='lat' dir='ltr'><strong>sufficientem</strong></span> <span class='ocrx_word' id='word_1_428' title='bbox 2422 1598 2456 1634; x_wconf 89' lang='lat' dir='ltr'><strong>ei</strong></span> 
     </span>
    </p>
   </div>
   <div class='ocr_carea' id='block_1_20' title="bbox 231 1639 2456 1698">
    <p class='ocr_par' dir='ltr' id='par_1_20' title="bbox 231 1639 2456 1698">
     <span class='ocr_line' id='line_1_58' title="bbox 231 1639 2456 1698; baseline 0.001 -21"><span class='ocrx_word' id='word_1_429' title='bbox 231 1657 302 1685; x_wconf 86' lang='grc' dir='ltr'><strong><em>ναι,</em></strong></span> <span class='ocrx_word' id='word_1_430' title='bbox 327 1644 386 1677; x_wconf 83' lang='grc' dir='ltr'><strong>ἱνα</strong></span> <span class='ocrx_word' id='word_1_431' title='bbox 411 1642 505 1676; x_wconf 74' lang='grc' dir='ltr'><strong><em>καθ’</em></strong></span> <span class='ocrx_word' id='word_1_432' title='bbox 526 1639 636 1676; x_wconf 82' lang='grc' dir='ltr'><strong><em>αὑτὸν</em></strong></span> <span class='ocrx_word' id='word_1_433' title='bbox 661 1639 782 1684; x_wconf 87' lang='grc' dir='ltr'><strong><em>δοκοίη</em></strong></span> <span class='ocrx_word' id='word_1_434' title='bbox 806 1641 898 1697; x_wconf 41' lang='grc' dir='ltr'><strong><em>μςιιετὰ</em></strong></span> <span class='ocrx_word' id='word_1_435' title='bbox 921 1643 991 1698; x_wconf 47' lang='grc' dir='ltr'><strong><em>τῆς,</em></strong></span> <span class='ocrx_word' id='word_1_436' title='bbox 1007 1643 1134 1676; x_wconf 80' lang='grc' dir='ltr'><strong><em>ἑαυτοῦ</em></strong></span> <span class='ocrx_word' id='word_1_437' title='bbox 1158 1640 1309 1677; x_wconf 83' lang='grc' dir='ltr'><strong><em>συνόδου</em></strong></span> <span class='ocrx_word' id='word_1_438' title='bbox 1322 1644 1366 1677; x_wconf 88' lang='grc'><strong>30</strong></span> <span class='ocrx_word' id='word_1_439' title='bbox 1379 1641 1440 1687; x_wconf 87' lang='lat' dir='ltr'><strong>qui</strong></span> <span class='ocrx_word' id='word_1_440' title='bbox 1463 1642 1531 1679; x_wconf 79' lang='lat' dir='ltr'><strong>sub</strong></span> <span class='ocrx_word' id='word_1_441' title='bbox 1556 1653 1598 1678; x_wconf 83' lang='lat' dir='ltr'><strong>eo</strong></span> <span class='ocrx_word' id='word_1_442' title='bbox 1622 1645 1837 1680; x_wconf 80' lang='lat' dir='ltr'><strong>constitutus</strong></span> <span class='ocrx_word' id='word_1_443' title='bbox 1861 1647 1926 1687; x_wconf 74' lang='lat' dir='ltr'><strong>est,</strong></span> <span class='ocrx_word' id='word_1_444' title='bbox 1955 1644 2037 1680; x_wconf 88' lang='lat' dir='ltr'><strong>dum</strong></span> <span class='ocrx_word' id='word_1_445' title='bbox 2060 1654 2230 1690; x_wconf 79' lang='lat' dir='ltr'><strong>praesens</strong></span> <span class='ocrx_word' id='word_1_446' title='bbox 2254 1648 2320 1688; x_wconf 79' lang='lat' dir='ltr'><strong>est,</strong></span> <span class='ocrx_word' id='word_1_447' title='bbox 2343 1644 2396 1680; x_wconf 75' lang='lat' dir='ltr'><strong>ita</strong></span> <span class='ocrx_word' id='word_1_448' title='bbox 2418 1647 2456 1680; x_wconf 76' lang='lat' dir='ltr'><strong>et</strong></span> 
     </span>
    </p>
   </div>
   <div class='ocr_carea' id='block_1_21' title="bbox 230 1686 1309 1875">
    <p class='ocr_par' dir='ltr' id='par_1_21' title="bbox 230 1686 1309 1875">
     <span class='ocr_line' id='line_1_59' title="bbox 231 1686 1309 1735; baseline -0.001 -12"><span class='ocrx_word' id='word_1_449' title='bbox 231 1687 272 1723; x_wconf 87' lang='grc' dir='ltr'><strong>τὸ</strong></span> <span class='ocrx_word' id='word_1_450' title='bbox 307 1690 454 1735; x_wconf 79' lang='grc' dir='ltr'><strong><em>πρᾶγμα</em></strong></span> <span class='ocrx_word' id='word_1_451' title='bbox 490 1686 675 1732; x_wconf 85' lang='grc' dir='ltr'><strong><em>πράττειν,</em></strong></span> <span class='ocrx_word' id='word_1_452' title='bbox 709 1690 769 1721; x_wconf 87' lang='grc' dir='ltr'><strong>καὶ</strong></span> <span class='ocrx_word' id='word_1_453' title='bbox 802 1698 918 1734; x_wconf 82' lang='grc' dir='ltr'><strong><em>ωςπερ</em></strong></span> <span class='ocrx_word' id='word_1_454' title='bbox 949 1687 1058 1722; x_wconf 83' lang='grc' dir='ltr'><strong><em>αυτὸς</em></strong></span> <span class='ocrx_word' id='word_1_455' title='bbox 1087 1687 1130 1722; x_wconf 84' lang='grc' dir='ltr'><strong>τὸ</strong></span> <span class='ocrx_word' id='word_1_456' title='bbox 1162 1689 1309 1735; x_wconf 85' lang='grc' dir='ltr'><strong><em>πρᾶγμα</em></strong></span> 
     </span>
     <span class='ocr_line' id='line_1_60' title="bbox 233 1729 1308 1780; baseline 0 -12"><span class='ocrx_word' id='word_1_457' title='bbox 233 1737 328 1768; x_wconf 85' lang='grc' dir='ltr'><strong><em>ποιεῖ</em></strong></span> <span class='ocrx_word' id='word_1_458' title='bbox 351 1732 483 1768; x_wconf 86' lang='grc' dir='ltr'><strong><em>πιστὸν</em></strong></span> <span class='ocrx_word' id='word_1_459' title='bbox 507 1736 565 1766; x_wconf 79' lang='grc' dir='ltr'><strong>καὶ</strong></span> <span class='ocrx_word' id='word_1_460' title='bbox 591 1731 763 1778; x_wconf 82' lang='grc' dir='ltr'><strong><em>αὔταρκες</em></strong></span> <span class='ocrx_word' id='word_1_461' title='bbox 792 1734 846 1776; x_wconf 84' lang='grc' dir='ltr'><strong>τῷ</strong></span> <span class='ocrx_word' id='word_1_462' title='bbox 871 1729 938 1767; x_wconf 66' lang='grc' dir='ltr'><strong>ὑπ’</strong></span> <span class='ocrx_word' id='word_1_463' title='bbox 966 1730 1077 1766; x_wconf 72' lang='grc' dir='ltr'><strong><em>αὐτὸν</em></strong></span> <span class='ocrx_word' id='word_1_464' title='bbox 1101 1737 1308 1780; x_wconf 80' lang='grc' dir='ltr'><strong><em>τεταγμένῳ</em></strong></span> 
     </span>
     <span class='ocr_line' id='line_1_61' title="bbox 234 1774 1309 1826; baseline -0.002 -12"><span class='ocrx_word' id='word_1_465' title='bbox 234 1776 535 1826; x_wconf 83' lang='grc' dir='ltr'><strong><em>παραγινόμενος,</em></strong></span> <span class='ocrx_word' id='word_1_466' title='bbox 567 1774 663 1812; x_wconf 65' lang='grc' dir='ltr'><strong><em>οὕτω</em></strong></span> <span class='ocrx_word' id='word_1_467' title='bbox 695 1781 755 1812; x_wconf 75' lang='grc' dir='ltr'><strong>καὶ</strong></span> <span class='ocrx_word' id='word_1_468' title='bbox 780 1778 881 1821; x_wconf 76' lang='grc' dir='ltr'><strong><em>αὐτῷ</em></strong></span> <span class='ocrx_word' id='word_1_469' title='bbox 911 1774 933 1820; x_wconf 84' lang='grc' dir='ltr'><strong><em>ἡ</em></strong></span> <span class='ocrx_word' id='word_1_470' title='bbox 959 1775 1024 1812; x_wconf 80' lang='grc' dir='ltr'><strong>ὑπ’</strong></span> <span class='ocrx_word' id='word_1_471' title='bbox 1053 1776 1164 1812; x_wconf 75' lang='grc' dir='ltr'><strong><em>αὐτὸν</em></strong></span> <span class='ocrx_word' id='word_1_472' title='bbox 1194 1790 1309 1824; x_wconf 83' lang='grc' dir='ltr'><strong><em>παρα-</em></strong></span> 
     </span>
     <span class='ocr_line' id='line_1_62' title="bbox 230 1821 1309 1875; baseline -0.001 -16"><span class='ocrx_word' id='word_1_473' title='bbox 230 1828 400 1872; x_wconf 75' lang='grc' dir='ltr'><strong><em>γινομένη</em></strong></span> <span class='ocrx_word' id='word_1_474' title='bbox 425 1822 572 1858; x_wconf 80' lang='grc' dir='ltr'><strong><em>σύνοδος</em></strong></span> <span class='ocrx_word' id='word_1_475' title='bbox 602 1821 661 1857; x_wconf 81' lang='grc' dir='ltr'><strong>διὰ</strong></span> <span class='ocrx_word' id='word_1_476' title='bbox 686 1821 749 1857; x_wconf 80' lang='grc' dir='ltr'><strong>δύο</strong></span> <span class='ocrx_word' id='word_1_477' title='bbox 779 1824 855 1857; x_wconf 82' lang='grc' dir='ltr'><strong>τῶν</strong></span> <span class='ocrx_word' id='word_1_478' title='bbox 880 1821 1071 1875; x_wconf 75' lang='grc' dir='ltr'><strong><em>θεοφιλῶν</em></strong></span> <span class='ocrx_word' id='word_1_479' title='bbox 1097 1823 1309 1859; x_wconf 84' lang='grc' dir='ltr'><strong><em>ἐπισκόπων</em></strong></span> 
     </span>
    </p>
   </div>
   <div class='ocr_carea' id='block_1_22' title="bbox 1378 1687 2455 1780">
    <p class='ocr_par' dir='ltr' id='par_1_22' title="bbox 1378 1687 2455 1780">
     <span class='ocr_line' id='line_1_63' title="bbox 1378 1687 2032 1736; baseline 0.005 -14"><span class='ocrx_word' id='word_1_480' title='bbox 1378 1688 1391 1722; x_wconf 96' lang='lat' dir='ltr'><strong>i</strong></span> <span class='ocrx_word' id='word_1_481' title='bbox 1418 1687 1449 1723; x_wconf 88' lang='lat' dir='ltr'><strong>si</strong></span> <span class='ocrx_word' id='word_1_482' title='bbox 1485 1698 1574 1733; x_wconf 89' lang='lat' dir='ltr'><strong>quae</strong></span> <span class='ocrx_word' id='word_1_483' title='bbox 1608 1689 1675 1724; x_wconf 92' lang='lat' dir='ltr'><strong>sub</strong></span> <span class='ocrx_word' id='word_1_484' title='bbox 1711 1700 1753 1725; x_wconf 92' lang='lat' dir='ltr'><strong>eo</strong></span> <span class='ocrx_word' id='word_1_485' title='bbox 1789 1693 1846 1726; x_wconf 87' lang='lat' dir='ltr'><strong>est</strong></span> <span class='ocrx_word' id='word_1_486' title='bbox 1876 1689 2032 1736; x_wconf 85' lang='lat' dir='ltr'><strong>synodus</strong></span> 
     </span>
     <span class='ocr_line' id='line_1_64' title="bbox 1404 1733 2455 1780; baseline 0.002 -12"><span class='ocrx_word' id='word_1_487' title='bbox 1404 1743 1446 1768; x_wconf 89' lang='lat' dir='ltr'><strong>eo</strong></span> <span class='ocrx_word' id='word_1_488' title='bbox 1471 1733 1675 1769; x_wconf 84' lang='lat' dir='ltr'><strong>amabilium</strong></span> <span class='ocrx_word' id='word_1_489' title='bbox 1706 1735 1954 1780; x_wconf 87' lang='lat' dir='ltr'><strong>episcoporum</strong></span> <span class='ocrx_word' id='word_1_490' title='bbox 1982 1735 2061 1770; x_wconf 87' lang='lat' dir='ltr'><strong>vide</strong></span> <span class='ocrx_word' id='word_1_491' title='bbox 2085 1735 2158 1770; x_wconf 87' lang='lat' dir='ltr'><strong>itur</strong></span> <span class='ocrx_word' id='word_1_492' title='bbox 2186 1745 2262 1771; x_wconf 87' lang='lat' dir='ltr'><strong>rem</strong></span> <span class='ocrx_word' id='word_1_493' title='bbox 2308 1736 2455 1772; x_wconf 87' lang='lat' dir='ltr'><strong>raebere</strong></span> 
     </span>
    </p>
   </div>
   <div class='ocr_carea' id='block_1_23' title="bbox 1377 1778 2452 1860">
    <p class='ocr_par' dir='ltr' id='par_1_23' title="bbox 1377 1778 2452 1860">
     <span class='ocr_line' id='line_1_65' title="bbox 1379 1778 2452 1831; baseline 0.003 -18"><span class='ocrx_word' id='word_1_494' title='bbox 1379 1778 1638 1831; x_wconf 75' lang='lat' dir='ltr'><strong>cautissimam,</strong></span> <span class='ocrx_word' id='word_1_495' title='bbox 1672 1785 1868 1816; x_wconf 85' lang='lat' dir='ltr'><strong>sumentem</strong></span> <span class='ocrx_word' id='word_1_496' title='bbox 1893 1791 1938 1815; x_wconf 85' lang='lat' dir='ltr'><strong>ex</strong></span> <span class='ocrx_word' id='word_1_497' title='bbox 1962 1780 2164 1816; x_wconf 87' lang='lat' dir='ltr'><strong>huiusmodi</strong></span> <span class='ocrx_word' id='word_1_498' title='bbox 2192 1790 2281 1826; x_wconf 80' lang='lat' dir='ltr'><strong>syno</strong></span> <span class='ocrx_word' id='word_1_499' title='bbox 2307 1791 2328 1816; x_wconf 95' lang='lat' dir='ltr'><strong>o</strong></span> <span class='ocrx_word' id='word_1_500' title='bbox 2352 1779 2452 1816; x_wconf 87' lang='lat' dir='ltr'><strong>testi-</strong></span> 
     </span>
     <span class='ocr_line' id='line_1_66' title="bbox 1377 1833 1546 1860; baseline 0.006 -2"><span class='ocrx_word' id='word_1_501' title='bbox 1377 1833 1546 1860; x_wconf 77' lang='lat' dir='ltr'><strong>monium.</strong></span> 
     </span>
    </p>
   </div>
   <div class='ocr_carea' id='block_1_24' title="bbox 233 1866 1365 1916">
    <p class='ocr_par' dir='ltr' id='par_1_24' title="bbox 233 1866 1365 1916">
     <span class='ocr_line' id='line_1_67' title="bbox 233 1866 1365 1916; baseline -0.001 -11"><span class='ocrx_word' id='word_1_502' title='bbox 233 1869 370 1911; x_wconf 77' lang='grc' dir='ltr'><strong><em>δόξειεν</em></strong></span> <span class='ocrx_word' id='word_1_503' title='bbox 399 1883 441 1904; x_wconf 91' lang='grc' dir='ltr'><strong>το</strong></span> <span class='ocrx_word' id='word_1_504' title='bbox 467 1870 613 1916; x_wconf 83' lang='grc' dir='ltr'><strong><em>πρᾶγμα</em></strong></span> <span class='ocrx_word' id='word_1_505' title='bbox 643 1871 760 1904; x_wconf 87' lang='grc' dir='ltr'><strong><em>ποιεῖν</em></strong></span> <span class='ocrx_word' id='word_1_506' title='bbox 789 1866 943 1914; x_wconf 78' lang='grc' dir='ltr'><strong><em>ἀσφαλὲς</em></strong></span> <span class='ocrx_word' id='word_1_507' title='bbox 974 1882 1041 1912; x_wconf 92' lang='grc' dir='ltr'><strong>την</strong></span> <span class='ocrx_word' id='word_1_508' title='bbox 1063 1870 1102 1903; x_wconf 87' lang='grc' dir='ltr'><strong>ἐκ</strong></span> <span class='ocrx_word' id='word_1_509' title='bbox 1133 1870 1194 1912; x_wconf 81' lang='grc' dir='ltr'><strong>τῆς</strong></span> <span class='ocrx_word' id='word_1_510' title='bbox 1217 1869 1310 1915; x_wconf 77' lang='grc' dir='ltr'><strong><em>ἱερᾶς</em></strong></span> <span class='ocrx_word' id='word_1_511' title='bbox 1322 1871 1365 1905; x_wconf 88' lang='grc'><strong>35</strong></span> 
     </span>
    </p>
   </div>
   <div class='ocr_carea' id='block_1_25' title="bbox 231 1912 1311 2060">
    <p class='ocr_par' dir='ltr' id='par_1_25' title="bbox 231 1912 1311 2060">
     <span class='ocr_line' id='line_1_68' title="bbox 231 1912 1065 1961; baseline -0.005 -10"><span class='ocrx_word' id='word_1_512' title='bbox 231 1915 361 1958; x_wconf 79' lang='grc' dir='ltr'><strong><em>ταύτης</em></strong></span> <span class='ocrx_word' id='word_1_513' title='bbox 385 1912 535 1950; x_wconf 87' lang='grc' dir='ltr'><strong><em>συνόδου</em></strong></span> <span class='ocrx_word' id='word_1_514' title='bbox 559 1913 834 1961; x_wconf 80' lang='grc' dir='ltr'><strong><em>προςλαμβάνον</em></strong></span> <span class='ocrx_word' id='word_1_515' title='bbox 857 1918 1065 1959; x_wconf 86' lang='grc' dir='ltr'><strong><em>μαρτυρίαν.</em></strong></span> 
     </span>
     <span class='ocr_line' id='line_1_69' title="bbox 276 1957 1310 2008; baseline -0.001 -13"><span class='ocrx_word' id='word_1_516' title='bbox 276 1959 560 2008; x_wconf 84' lang='grc' dir='ltr'><strong><em>&lt;Ἐπίλογος.&gt;</em></strong></span> <span class='ocrx_word' id='word_1_517' title='bbox 611 1960 743 1993; x_wconf 74' lang='grc' dir='ltr'><strong><em>Τοῦτον</em></strong></span> <span class='ocrx_word' id='word_1_518' title='bbox 764 1957 804 1993; x_wconf 81' lang='grc' dir='ltr'><strong><em>δὲ</em></strong></span> <span class='ocrx_word' id='word_1_519' title='bbox 821 1957 924 2003; x_wconf 82' lang='grc' dir='ltr'><strong><em>ἡμῶν</em></strong></span> <span class='ocrx_word' id='word_1_520' title='bbox 947 1958 1012 1994; x_wconf 81' lang='grc' dir='ltr'><strong>τὸν</strong></span> <span class='ocrx_word' id='word_1_521' title='bbox 1028 1959 1142 2004; x_wconf 87' lang='grc' dir='ltr'><strong><em>νόμον</em></strong></span> <span class='ocrx_word' id='word_1_522' title='bbox 1162 1958 1251 2006; x_wconf 85' lang='grc' dir='ltr'><strong><em>πρός</em></strong></span> <span class='ocrx_word' id='word_1_523' title='bbox 1269 1973 1310 1995; x_wconf 87' lang='grc' dir='ltr'><strong>τε</strong></span> 
     </span>
     <span class='ocr_line' id='line_1_70' title="bbox 232 2001 1311 2060; baseline -0.002 -18"><span class='ocrx_word' id='word_1_524' title='bbox 232 2007 296 2042; x_wconf 85' lang='grc' dir='ltr'><strong>τὸν</strong></span> <span class='ocrx_word' id='word_1_525' title='bbox 321 2005 461 2050; x_wconf 82' lang='grc' dir='ltr'><strong><em>θρόνον</em></strong></span> <span class='ocrx_word' id='word_1_526' title='bbox 492 2006 552 2048; x_wconf 84' lang='grc' dir='ltr'><strong>τῆς</strong></span> <span class='ocrx_word' id='word_1_527' title='bbox 581 2006 641 2048; x_wconf 80' lang='grc' dir='ltr'><strong>σῆς</strong></span> <span class='ocrx_word' id='word_1_528' title='bbox 663 2003 924 2060; x_wconf 68' lang='grc' dir='ltr'><strong><em>μακαριότητος</em></strong></span> <span class='ocrx_word' id='word_1_529' title='bbox 955 2001 1043 2052; x_wconf 88' lang='grc' dir='ltr'><strong><em>πρός</em></strong></span> <span class='ocrx_word' id='word_1_530' title='bbox 1072 2018 1113 2039; x_wconf 88' lang='grc' dir='ltr'><strong>τε</strong></span> <span class='ocrx_word' id='word_1_531' title='bbox 1137 2005 1218 2040; x_wconf 75' lang='grc' dir='ltr'><strong><em>τοὺς</em></strong></span> <span class='ocrx_word' id='word_1_532' title='bbox 1241 2004 1311 2040; x_wconf 89' lang='grc' dir='ltr'><strong><em>λοι-</em></strong></span> 
     </span>
    </p>
   </div>
   <div class='ocr_carea' id='block_1_26' title="bbox 231 2047 1317 2098">
    <p class='ocr_par' dir='ltr' id='par_1_26' title="bbox 231 2047 1317 2098">
     <span class='ocr_line' id='line_1_71' title="bbox 231 2047 1317 2098; baseline -0.003 -11"><span class='ocrx_word' id='word_1_533' title='bbox 231 2052 318 2088; x_wconf 70' lang='grc' dir='ltr'><strong><em>ποὺς</em></strong></span> <span class='ocrx_word' id='word_1_534' title='bbox 352 2051 571 2098; x_wconf 80' lang='grc' dir='ltr'><strong><em>ἁγιωτάτους</em></strong></span> <span class='ocrx_word' id='word_1_535' title='bbox 601 2062 823 2096; x_wconf 87' lang='grc' dir='ltr'><strong><em>πατριαρχας</em></strong></span> <span class='ocrx_word' id='word_1_536' title='bbox 845 2048 1173 2095; x_wconf 58' lang='grc' dir='ltr'><strong><em>καταπεμπόμενοι)</em></strong></span> <span class='ocrx_word' id='word_1_537' title='bbox 1198 2047 1317 2085; x_wconf 67' lang='grc' dir='ltr'><strong><em>αὐτοὶ,</em></strong></span> 
     </span>
    </p>
   </div>
   <div class='ocr_carea' id='block_1_27' title="bbox 841 2092 990 2106">
    <p class='ocr_par' dir='ltr' id='par_1_27' title="bbox 841 2092 990 2106">
     <span class='ocr_line' id='line_1_72' title="bbox 841 2092 990 2106; baseline -0.013 0"><span class='ocrx_word' id='word_1_538' title='bbox 841 2096 851 2106; x_wconf 76' lang='lat' dir='ltr'><strong>r</strong></span> <span class='ocrx_word' id='word_1_539' title='bbox 887 2093 897 2106; x_wconf 60' lang='grc' dir='ltr'><strong>ὃ</strong></span> <span class='ocrx_word' id='word_1_540' title='bbox 930 2092 939 2103; x_wconf 69' lang='grc' dir='ltr'>ῐ</span> <span class='ocrx_word' id='word_1_541' title='bbox 974 2097 990 2104; x_wconf 74' lang='grc' dir='ltr'><strong><em>-ι</em></strong></span> 
     </span>
    </p>
   </div>
   <div class='ocr_carea' id='block_1_28' title="bbox 1375 1939 2453 2098">
    <p class='ocr_par' dir='ltr' id='par_1_28' title="bbox 1375 1939 2453 2098">
     <span class='ocr_line' id='line_1_73' title="bbox 1390 1939 2453 2007; baseline -0.001 -10"><span class='ocrx_word' id='word_1_542' title='bbox 1390 1939 1396 1967; x_wconf 11' lang='grc' dir='ltr'><strong>γ’</strong></span> <span class='ocrx_word' id='word_1_543' title='bbox 1434 1939 1705 2007; x_wconf 81' lang='lat' dir='ltr'><strong>(Epilogus.)</strong></span> <span class='ocrx_word' id='word_1_544' title='bbox 1751 1960 1854 1996; x_wconf 88' lang='lat' dir='ltr'><strong>Hanc</strong></span> <span class='ocrx_word' id='word_1_545' title='bbox 1876 1961 1996 2006; x_wconf 84' lang='lat' dir='ltr'><strong>itaque</strong></span> <span class='ocrx_word' id='word_1_546' title='bbox 2026 1964 2185 1997; x_wconf 88' lang='lat' dir='ltr'><strong>nostram</strong></span> <span class='ocrx_word' id='word_1_547' title='bbox 2207 1961 2319 2006; x_wconf 85' lang='lat' dir='ltr'><strong>legem</strong></span> <span class='ocrx_word' id='word_1_548' title='bbox 2348 1964 2384 1996; x_wconf 88' lang='lat' dir='ltr'><strong>et</strong></span> <span class='ocrx_word' id='word_1_549' title='bbox 2406 1961 2453 1996; x_wconf 87' lang='lat' dir='ltr'><strong>ad</strong></span> 
     </span>
     <span class='ocr_line' id='line_1_74' title="bbox 1380 2006 2452 2051; baseline 0.001 -10"><span class='ocrx_word' id='word_1_550' title='bbox 1380 2006 1499 2042; x_wconf 87' lang='lat' dir='ltr'><strong>sedem</strong></span> <span class='ocrx_word' id='word_1_551' title='bbox 1522 2010 1606 2042; x_wconf 87' lang='lat' dir='ltr'><strong>tuae</strong></span> <span class='ocrx_word' id='word_1_552' title='bbox 1629 2006 1859 2041; x_wconf 88' lang='lat' dir='ltr'><strong>beatitudinis</strong></span> <span class='ocrx_word' id='word_1_553' title='bbox 1891 2011 1927 2042; x_wconf 90' lang='lat' dir='ltr'><strong>et</strong></span> <span class='ocrx_word' id='word_1_554' title='bbox 1958 2010 2095 2042; x_wconf 88' lang='lat' dir='ltr'><strong>ceteros</strong></span> <span class='ocrx_word' id='word_1_555' title='bbox 2124 2006 2366 2042; x_wconf 87' lang='lat' dir='ltr'><strong>sanctissimos</strong></span> <span class='ocrx_word' id='word_1_556' title='bbox 2389 2017 2452 2051; x_wconf 92' lang='lat' dir='ltr'><strong>pa-</strong></span> 
     </span>
     <span class='ocr_line' id='line_1_75' title="bbox 1375 2051 2453 2098; baseline 0.001 -11"><span class='ocrx_word' id='word_1_557' title='bbox 1375 2052 1554 2088; x_wconf 88' lang='lat' dir='ltr'><strong>triarchas</strong></span> <span class='ocrx_word' id='word_1_558' title='bbox 1585 2052 1729 2088; x_wconf 88' lang='lat' dir='ltr'><strong>missam</strong></span> <span class='ocrx_word' id='word_1_559' title='bbox 1759 2051 1829 2097; x_wconf 88' lang='lat' dir='ltr'><strong>ipsi</strong></span> <span class='ocrx_word' id='word_1_560' title='bbox 1857 2062 1921 2097; x_wconf 89' lang='lat' dir='ltr'><strong>per</strong></span> <span class='ocrx_word' id='word_1_561' title='bbox 1944 2052 2084 2088; x_wconf 88' lang='lat' dir='ltr'><strong>litteras</strong></span> <span class='ocrx_word' id='word_1_562' title='bbox 2107 2052 2270 2098; x_wconf 86' lang='lat' dir='ltr'><strong>proprias</strong></span> <span class='ocrx_word' id='word_1_563' title='bbox 2300 2051 2368 2088; x_wconf 85' lang='lat' dir='ltr'><strong>sub</strong></span> <span class='ocrx_word' id='word_1_564' title='bbox 2390 2062 2453 2088; x_wconf 83' lang='lat' dir='ltr'><strong>vos</strong></span> 
     </span>
    </p>
   </div>
   <div class='ocr_carea' id='block_1_29' title="bbox 231 2095 1369 2145">
    <p class='ocr_par' dir='ltr' id='par_1_29' title="bbox 231 2095 1369 2145">
     <span class='ocr_line' id='line_1_76' title="bbox 231 2095 1369 2145; baseline -0.001 -12"><span class='ocrx_word' id='word_1_565' title='bbox 231 2097 294 2133; x_wconf 78' lang='grc' dir='ltr'><strong>διὰ</strong></span> <span class='ocrx_word' id='word_1_566' title='bbox 320 2095 544 2145; x_wconf 84' lang='grc' dir='ltr'><strong><em>γραμμάτων</em></strong></span> <span class='ocrx_word' id='word_1_567' title='bbox 567 2096 711 2130; x_wconf 80' lang='grc' dir='ltr'><strong><em>οἰκείων</em></strong></span> <span class='ocrx_word' id='word_1_568' title='bbox 735 2099 808 2130; x_wconf 81' lang='grc' dir='ltr'><strong><em>τοῖς</em></strong></span> <span class='ocrx_word' id='word_1_569' title='bbox 830 2109 881 2142; x_wconf 83' lang='grc' dir='ltr'><strong>νφ</strong></span> <span class='ocrx_word' id='word_1_570' title='bbox 920 2107 1009 2140; x_wconf 85' lang='grc' dir='ltr'><strong><em>υμας</em></strong></span> <span class='ocrx_word' id='word_1_571' title='bbox 1031 2095 1314 2142; x_wconf 82' lang='grc' dir='ltr'><strong><em>μητροπολίταις</em></strong></span> <span class='ocrx_word' id='word_1_572' title='bbox 1325 2099 1369 2132; x_wconf 86' lang='grc'><strong>40</strong></span> 
     </span>
    </p>
   </div>
   <div class='ocr_carea' id='block_1_30' title="bbox 228 2219 2455 2391">
    <p class='ocr_par' dir='ltr' id='par_1_30' title="bbox 228 2219 2455 2391">
     <span class='ocr_line' id='line_1_77' title="bbox 230 2219 2455 2273; baseline -0.002 -12"><span class='ocrx_word' id='word_1_573' title='bbox 230 2235 356 2261; x_wconf 84' lang='lat' dir='ltr'><strong>nomos</strong></span> <span class='ocrx_word' id='word_1_574' title='bbox 379 2223 441 2270; x_wconf 84' lang='lat' dir='ltr'><strong>qui</strong></span> <span class='ocrx_word' id='word_1_575' title='bbox 465 2222 502 2256; x_wconf 84' lang='lat' dir='ltr'><strong>in</strong></span> <span class='ocrx_word' id='word_1_576' title='bbox 520 2220 716 2267; x_wconf 86' lang='lat' dir='ltr'><strong>provincia</strong></span> <span class='ocrx_word' id='word_1_577' title='bbox 738 2224 821 2255; x_wconf 86' lang='lat' dir='ltr'><strong>sunt</strong></span> <span class='ocrx_word' id='word_1_578' title='bbox 845 2224 886 2255; x_wconf 88' lang='lat' dir='ltr'><strong>ut</strong></span> <span class='ocrx_word' id='word_1_579' title='bbox 908 2220 998 2266; x_wconf 87' lang='lat' dir='ltr'><strong>ipsis</strong></span> <span class='ocrx_word' id='word_1_580' title='bbox 1020 2220 1204 2273; x_wconf 81' lang='lat' dir='ltr'><strong>impensas</strong></span> <span class='ocrx_word' id='word_1_581' title='bbox 1225 2232 1276 2257; x_wconf 79' lang='lat' dir='ltr'><strong>ex</strong></span> <span class='ocrx_word' id='word_1_582' title='bbox 1297 2222 1524 2257; x_wconf 84' lang='lat' dir='ltr'><strong>sanctissima</strong></span> <span class='ocrx_word' id='word_1_583' title='bbox 1547 2220 1697 2256; x_wconf 84' lang='lat' dir='ltr'><strong>ecclesia</strong></span> <span class='ocrx_word' id='word_1_584' title='bbox 1719 2219 2000 2273; x_wconf 31' lang='lat' dir='ltr'><strong>mittant-‘unde</strong></span> <span class='ocrx_word' id='word_1_585' title='bbox 2023 2224 2186 2272; x_wconf 83' lang='lat' dir='ltr'><strong>sumptus</strong></span> <span class='ocrx_word' id='word_1_586' title='bbox 2208 2219 2351 2267; x_wconf 79' lang='lat' dir='ltr'><strong>quidem</strong></span> <span class='ocrx_word' id='word_1_587' title='bbox 2373 2220 2455 2258; x_wconf 82' lang='lat' dir='ltr'><strong>inde</strong></span> 
     </span>
     <span class='ocr_line' id='line_1_78' title="bbox 228 2265 2455 2318; baseline -0.002 -12"><span class='ocrx_word' id='word_1_588' title='bbox 228 2271 375 2318; x_wconf 83' lang='lat' dir='ltr'><strong>faciant</strong></span> <span class='ocrx_word' id='word_1_589' title='bbox 397 2278 512 2314; x_wconf 83' lang='lat' dir='ltr'><strong>neque</strong></span> <span class='ocrx_word' id='word_1_590' title='bbox 537 2271 656 2318; x_wconf 72' lang='lat' dir='ltr'><strong>tamen</strong></span> <span class='ocrx_word' id='word_1_591' title='bbox 678 2265 728 2302; x_wconf 85' lang='lat' dir='ltr'><strong>ibi</strong></span> <span class='ocrx_word' id='word_1_592' title='bbox 748 2276 963 2318; x_wconf 76' lang='lat' dir='ltr'><strong>permanere</strong></span> <span class='ocrx_word' id='word_1_593' title='bbox 985 2270 1197 2317; x_wconf 61' lang='lat' dir='ltr'><strong>sustineant.</strong></span> <span class='ocrx_word' id='word_1_594' title='bbox 1244 2265 1436 2302; x_wconf 77' lang='lat' dir='ltr'><strong>Sanc-imus</strong></span> <span class='ocrx_word' id='word_1_595' title='bbox 1458 2266 1583 2314; x_wconf 75' lang='lat' dir='ltr'><strong>iqitur,</strong></span> <span class='ocrx_word' id='word_1_596' title='bbox 1610 2265 1688 2313; x_wconf 79' lang='lat' dir='ltr'><strong>leqe</strong></span> <span class='ocrx_word' id='word_1_597' title='bbox 1711 2277 1734 2301; x_wconf 87' lang='lat' dir='ltr'><strong>a</strong></span> <span class='ocrx_word' id='word_1_598' title='bbox 1758 2266 1862 2318; x_wconf 71' lang='lat' dir='ltr'><strong>nabis</strong></span> <span class='ocrx_word' id='word_1_599' title='bbox 1884 2276 1957 2301; x_wconf 78' lang='lat' dir='ltr'><strong>tam</strong></span> <span class='ocrx_word' id='word_1_600' title='bbox 1981 2265 2057 2317; x_wconf 77' lang='lat' dir='ltr'><strong>lata</strong></span> <span class='ocrx_word' id='word_1_601' title='bbox 2077 2276 2115 2317; x_wconf 73' lang='grc' dir='ltr'><strong>ιη</strong></span> <span class='ocrx_word' id='word_1_602' title='bbox 2137 2276 2204 2301; x_wconf 86' lang='lat' dir='ltr'><strong>suo</strong></span> <span class='ocrx_word' id='word_1_603' title='bbox 2227 2265 2455 2313; x_wconf 45' lang='lat' dir='ltr'><strong>robore&#39;ser-</strong></span> 
     </span>
     <span class='ocr_line' id='line_1_79' title="bbox 231 2310 2454 2391; baseline -0.002 -39"><span class='ocrx_word' id='word_1_604' title='bbox 231 2321 326 2358; x_wconf 86' lang='lat' dir='ltr'><strong>vata,</strong></span> <span class='ocrx_word' id='word_1_605' title='bbox 350 2315 382 2351; x_wconf 84' lang='lat' dir='ltr'><strong>si</strong></span> <span class='ocrx_word' id='word_1_606' title='bbox 405 2313 472 2349; x_wconf 89' lang='lat' dir='ltr'><strong>deo</strong></span> <span class='ocrx_word' id='word_1_607' title='bbox 498 2322 706 2348; x_wconf 72' lang='lat' dir='ltr'><strong>carissimus</strong></span> <span class='ocrx_word' id='word_1_608' title='bbox 728 2321 921 2391; x_wconf 58' lang='grc' dir='ltr'><strong><em>οριεοὲριις</em></strong></span> <span class='ocrx_word' id='word_1_609' title='bbox 943 2310 1116 2363; x_wconf 77' lang='lat' dir='ltr'><strong>ecclesiae</strong></span> <span class='ocrx_word' id='word_1_610' title='bbox 1137 2322 1226 2348; x_wconf 85' lang='lat' dir='ltr'><strong>suae</strong></span> <span class='ocrx_word' id='word_1_611' title='bbox 1241 2323 1315 2364; x_wconf 71' lang='lat' dir='ltr'><strong>per</strong></span> <span class='ocrx_word' id='word_1_612' title='bbox 1337 2311 1484 2359; x_wconf 71' lang='lat' dir='ltr'><strong>lonqius</strong></span> <span class='ocrx_word' id='word_1_613' title='bbox 1508 2317 1649 2359; x_wconf 86' lang='lat' dir='ltr'><strong>tempus</strong></span> <span class='ocrx_word' id='word_1_614' title='bbox 1671 2311 1716 2347; x_wconf 89' lang='lat' dir='ltr'><strong>de</strong></span> <span class='ocrx_word' id='word_1_615' title='bbox 1737 2315 1842 2354; x_wconf 69' lang='lat' dir='ltr'><strong>uerit,</strong></span> <span class='ocrx_word' id='word_1_616' title='bbox 1873 2315 1916 2347; x_wconf 83' lang='lat' dir='ltr'><strong>ut</strong></span> <span class='ocrx_word' id='word_1_617' title='bbox 1937 2310 2026 2347; x_wconf 71' lang='lat' dir='ltr'><strong>nullu</strong></span> <span class='ocrx_word' id='word_1_618' title='bbox 2055 2321 2086 2346; x_wconf 81' lang='lat' dir='ltr'><strong>ez</strong></span> <span class='ocrx_word' id='word_1_619' title='bbox 2110 2315 2275 2358; x_wconf 87' lang='lat' dir='ltr'><strong>sumptus</strong></span> <span class='ocrx_word' id='word_1_620' title='bbox 2297 2322 2347 2348; x_wconf 83' lang='lat' dir='ltr'><strong>ex</strong></span> <span class='ocrx_word' id='word_1_621' title='bbox 2367 2323 2454 2359; x_wconf 85' lang='lat' dir='ltr'><strong>pro-</strong></span> 
     </span>
    </p>
   </div>
   <div class='ocr_carea' id='block_1_31' title="bbox 230 2356 1770 2402">
    <p class='ocr_par' dir='ltr' id='par_1_31' title="bbox 230 2356 1770 2402">
     <span class='ocr_line' id='line_1_80' title="bbox 230 2356 1770 2402; baseline -0.004 -4"><span class='ocrx_word' id='word_1_622' title='bbox 230 2360 348 2399; x_wconf 80' lang='lat' dir='ltr'><strong>vincia</strong></span> <span class='ocrx_word' id='word_1_623' title='bbox 372 2359 574 2400; x_wconf 81' lang='lat' dir='ltr'><strong>mittantur,</strong></span> <span class='ocrx_word' id='word_1_624' title='bbox 597 2356 663 2392; x_wconf 88' lang='lat' dir='ltr'><strong>sed</strong></span> <span class='ocrx_word' id='word_1_625' title='bbox 681 2356 736 2392; x_wconf 86' lang='lat' dir='ltr'><strong>illi</strong></span> <span class='ocrx_word' id='word_1_626' title='bbox 759 2357 825 2402; x_wconf 83' lang='lat' dir='ltr'><strong>qui</strong></span> <span class='ocrx_word' id='word_1_627' title='bbox 848 2367 902 2392; x_wconf 88' lang='lat' dir='ltr'><strong>em</strong></span> <span class='ocrx_word' id='word_1_628' title='bbox 924 2356 963 2391; x_wconf 79' lang='lat' dir='ltr'><strong>in</strong></span> <span class='ocrx_word' id='word_1_629' title='bbox 983 2367 1070 2402; x_wconf 72' lang='lat' dir='ltr'><strong>pias</strong></span> <span class='ocrx_word' id='word_1_630' title='bbox 1091 2367 1222 2392; x_wconf 82' lang='lat' dir='ltr'><strong>causas</strong></span> <span class='ocrx_word' id='word_1_631' title='bbox 1244 2362 1280 2393; x_wconf 87' lang='lat' dir='ltr'><strong>et</strong></span> <span class='ocrx_word' id='word_1_632' title='bbox 1301 2367 1340 2393; x_wconf 85' lang='lat' dir='ltr'><strong>m</strong></span> <span class='ocrx_word' id='word_1_633' title='bbox 1359 2358 1622 2394; x_wconf 79' lang='lat' dir='ltr'><strong>sanctissimam</strong></span> <span class='ocrx_word' id='word_1_634' title='bbox 1646 2367 1707 2393; x_wconf 85' lang='lat' dir='ltr'><strong>ece</strong></span> <span class='ocrx_word' id='word_1_635' title='bbox 1721 2368 1770 2392; x_wconf 73' lang='lat' dir='ltr'><strong>est</strong></span> 
     </span>
    </p>
   </div>
   <div class='ocr_carea' id='block_1_32' title="bbox 1773 2355 2456 2403">
    <p class='ocr_par' dir='ltr' id='par_1_32' title="bbox 1773 2355 2456 2403">
     <span class='ocr_line' id='line_1_81' title="bbox 1773 2355 2456 2403; baseline 0.001 -11"><span class='ocrx_word' id='word_1_636' title='bbox 1773 2367 1831 2392; x_wconf 91' lang='lat' dir='ltr'><strong>am</strong></span> <span class='ocrx_word' id='word_1_637' title='bbox 1849 2359 2094 2403; x_wconf 77' lang='lat' dir='ltr'><strong>praestentur,</strong></span> <span class='ocrx_word' id='word_1_638' title='bbox 2118 2356 2197 2403; x_wconf 87' lang='lat' dir='ltr'><strong>ipse</strong></span> <span class='ocrx_word' id='word_1_639' title='bbox 2216 2361 2348 2398; x_wconf 87' lang='lat' dir='ltr'><strong>autem,</strong></span> <span class='ocrx_word' id='word_1_640' title='bbox 2372 2355 2456 2393; x_wconf 83' lang='lat' dir='ltr'><strong>dum</strong></span> 
     </span>
    </p>
   </div>
   <div class='ocr_carea' id='block_1_33' title="bbox 230 2401 2459 2590">
    <p class='ocr_par' dir='ltr' id='par_1_33' title="bbox 231 2401 2458 2500">
     <span class='ocr_line' id='line_1_82' title="bbox 231 2401 2458 2452; baseline -0.002 -9"><span class='ocrx_word' id='word_1_641' title='bbox 231 2408 287 2443; x_wconf 82' lang='lat' dir='ltr'><strong>hic</strong></span> <span class='ocrx_word' id='word_1_642' title='bbox 311 2410 478 2452; x_wconf 69' lang='lat' dir='ltr'><strong>odoacar,</strong></span> <span class='ocrx_word' id='word_1_643' title='bbox 509 2414 554 2438; x_wconf 87' lang='lat' dir='ltr'><strong>ne</strong></span> <span class='ocrx_word' id='word_1_644' title='bbox 578 2402 669 2439; x_wconf 85' lang='lat' dir='ltr'><strong>adeo</strong></span> <span class='ocrx_word' id='word_1_645' title='bbox 690 2401 893 2449; x_wconf 74' lang='lat' dir='ltr'><strong>sumptibus</strong></span> <span class='ocrx_word' id='word_1_646' title='bbox 920 2402 1183 2438; x_wconf 78' lang='lat' dir='ltr'><strong>sanctissimam</strong></span> <span class='ocrx_word' id='word_1_647' title='bbox 1207 2403 1392 2439; x_wconf 83' lang='lat' dir='ltr'><strong>eeclesiam</strong></span> <span class='ocrx_word' id='word_1_648' title='bbox 1415 2407 1551 2450; x_wconf 75' lang='lat' dir='ltr'><strong>qravet.</strong></span> <span class='ocrx_word' id='word_1_649' title='bbox 1601 2401 1762 2438; x_wconf 83' lang='lat' dir='ltr'><strong>Ceterum</strong></span> <span class='ocrx_word' id='word_1_650' title='bbox 1793 2402 2027 2448; x_wconf 80' lang='lat' dir='ltr'><strong>manifestum</strong></span> <span class='ocrx_word' id='word_1_651' title='bbox 2058 2407 2123 2445; x_wconf 84' lang='lat' dir='ltr'><strong>est,</strong></span> <span class='ocrx_word' id='word_1_652' title='bbox 2156 2401 2189 2437; x_wconf 82' lang='lat' dir='ltr'><strong>si</strong></span> <span class='ocrx_word' id='word_1_653' title='bbox 2212 2413 2286 2449; x_wconf 87' lang='lat' dir='ltr'><strong>per</strong></span> <span class='ocrx_word' id='word_1_654' title='bbox 2308 2401 2458 2439; x_wconf 84' lang='lat' dir='ltr'><strong>multum</strong></span> 
     </span>
     <span class='ocr_line' id='line_1_83' title="bbox 232 2446 1996 2500; baseline -0.004 -11"><span class='ocrx_word' id='word_1_655' title='bbox 232 2452 402 2500; x_wconf 82' lang='lat' dir='ltr'><strong>temporis</strong></span> <span class='ocrx_word' id='word_1_656' title='bbox 426 2448 598 2495; x_wconf 81' lang='lat' dir='ltr'><strong>abfuerit,</strong></span> <span class='ocrx_word' id='word_1_657' title='bbox 622 2459 666 2483; x_wconf 84' lang='lat' dir='ltr'><strong>ea</strong></span> <span class='ocrx_word' id='word_1_658' title='bbox 689 2459 785 2494; x_wconf 82' lang='lat' dir='ltr'><strong>quae</strong></span> <span class='ocrx_word' id='word_1_659' title='bbox 806 2447 880 2482; x_wconf 85' lang='lat' dir='ltr'><strong>iam</strong></span> <span class='ocrx_word' id='word_1_660' title='bbox 903 2458 927 2482; x_wconf 87' lang='grc' dir='ltr'><strong>α</strong></span> <span class='ocrx_word' id='word_1_661' title='bbox 951 2447 1055 2482; x_wconf 78' lang='lat' dir='ltr'><strong>nobis</strong></span> <span class='ocrx_word' id='word_1_662' title='bbox 1078 2447 1123 2483; x_wconf 87' lang='lat' dir='ltr'><strong>de</strong></span> <span class='ocrx_word' id='word_1_663' title='bbox 1146 2447 1203 2483; x_wconf 72' lang='lat' dir='ltr'><strong>liis</strong></span> <span class='ocrx_word' id='word_1_664' title='bbox 1225 2448 1368 2484; x_wconf 87' lang='lat' dir='ltr'><strong>sancita</strong></span> <span class='ocrx_word' id='word_1_665' title='bbox 1390 2453 1477 2484; x_wconf 84' lang='lat' dir='ltr'><strong>sunt</strong></span> <span class='ocrx_word' id='word_1_666' title='bbox 1497 2448 1567 2483; x_wconf 84' lang='lat' dir='ltr'><strong>vim</strong></span> <span class='ocrx_word' id='word_1_667' title='bbox 1589 2459 1691 2483; x_wconf 87' lang='lat' dir='ltr'><strong>suam</strong></span> <span class='ocrx_word' id='word_1_668' title='bbox 1716 2446 1886 2484; x_wconf 74' lang='lat' dir='ltr'><strong>habitura</strong></span> <span class='ocrx_word' id='word_1_669' title='bbox 1909 2458 1996 2484; x_wconf 87' lang='lat' dir='ltr'><strong>esse.</strong></span> 
     </span>
    </p>

    <p class='ocr_par' dir='ltr' id='par_1_34' title="bbox 230 2491 2459 2590">
     <span class='ocr_line' id='line_1_84' title="bbox 364 2491 2459 2541; baseline -0.001 -9"><span class='ocrx_word' id='word_1_670' title='bbox 364 2497 428 2532; x_wconf 84' lang='lat' dir='ltr'><strong>IV.</strong></span> <span class='ocrx_word' id='word_1_671' title='bbox 478 2493 655 2538; x_wconf 80' lang='lat' dir='ltr'><strong>Quoniam</strong></span> <span class='ocrx_word' id='word_1_672' title='bbox 686 2503 771 2529; x_wconf 88' lang='lat' dir='ltr'><strong>vero</strong></span> <span class='ocrx_word' id='word_1_673' title='bbox 802 2493 875 2528; x_wconf 88' lang='lat' dir='ltr'><strong>iam</strong></span> <span class='ocrx_word' id='word_1_674' title='bbox 905 2493 1117 2536; x_wconf 79' lang='lat' dir='ltr'><strong>sanximus,</strong></span> <span class='ocrx_word' id='word_1_675' title='bbox 1152 2498 1194 2529; x_wconf 90' lang='lat' dir='ltr'><strong>ut</strong></span> <span class='ocrx_word' id='word_1_676' title='bbox 1222 2494 1256 2529; x_wconf 89' lang='lat' dir='ltr'><strong>si</strong></span> <span class='ocrx_word' id='word_1_677' title='bbox 1287 2505 1362 2540; x_wconf 80' lang='lat' dir='ltr'><strong>qua</strong></span> <span class='ocrx_word' id='word_1_678' title='bbox 1392 2494 1430 2529; x_wconf 87' lang='lat' dir='ltr'><strong>in</strong></span> <span class='ocrx_word' id='word_1_679' title='bbox 1454 2493 1658 2541; x_wconf 84' lang='lat' dir='ltr'><strong>provinciis</strong></span> <span class='ocrx_word' id='word_1_680' title='bbox 1688 2493 1859 2529; x_wconf 80' lang='lat' dir='ltr'><strong>alienatio</strong></span> <span class='ocrx_word' id='word_1_681' title='bbox 1894 2491 2085 2529; x_wconf 85' lang='lat' dir='ltr'><strong>immobilis</strong></span> <span class='ocrx_word' id='word_1_682' title='bbox 2114 2493 2171 2528; x_wconf 85' lang='lat' dir='ltr'><strong>rei</strong></span> <span class='ocrx_word' id='word_1_683' title='bbox 2195 2492 2459 2530; x_wconf 82' lang='lat' dir='ltr'><strong>ecclesiastieae</strong></span> 
     </span>
     <span class='ocr_line' id='line_1_85' title="bbox 230 2537 2458 2590; baseline -0.002 -10"><span class='ocrx_word' id='word_1_684' title='bbox 230 2542 403 2590; x_wconf 80' lang='lat' dir='ltr'><strong>facienda</strong></span> <span class='ocrx_word' id='word_1_685' title='bbox 426 2541 494 2584; x_wconf 90' lang='lat' dir='ltr'><strong>sit,</strong></span> <span class='ocrx_word' id='word_1_686' title='bbox 526 2538 615 2575; x_wconf 77' lang='lat' dir='ltr'><strong>hace</strong></span> <span class='ocrx_word' id='word_1_687' title='bbox 638 2538 782 2574; x_wconf 85' lang='lat' dir='ltr'><strong>decreto</strong></span> <span class='ocrx_word' id='word_1_688' title='bbox 806 2537 1023 2585; x_wconf 81' lang='lat' dir='ltr'><strong>interposito</strong></span> <span class='ocrx_word' id='word_1_689' title='bbox 1072 2538 1241 2582; x_wconf 86' lang='lat' dir='ltr'><strong>rocedat,</strong></span> <span class='ocrx_word' id='word_1_690' title='bbox 1273 2538 1572 2585; x_wconf 80' lang='lat' dir='ltr'><strong>quemadmodum</strong></span> <span class='ocrx_word' id='word_1_691' title='bbox 1596 2538 1805 2574; x_wconf 79' lang='lat' dir='ltr'><strong>constitutio</strong></span> <span class='ocrx_word' id='word_1_692' title='bbox 1835 2549 1953 2585; x_wconf 83' lang='lat' dir='ltr'><strong>nuper</strong></span> <span class='ocrx_word' id='word_1_693' title='bbox 1975 2549 1999 2573; x_wconf 89' lang='lat' dir='ltr'><strong>a</strong></span> <span class='ocrx_word' id='word_1_694' title='bbox 2022 2537 2126 2574; x_wconf 79' lang='lat' dir='ltr'><strong>nobis</strong></span> <span class='ocrx_word' id='word_1_695' title='bbox 2148 2537 2246 2574; x_wconf 81' lang='lat' dir='ltr'><strong>edita</strong></span> <span class='ocrx_word' id='word_1_696' title='bbox 2268 2537 2367 2582; x_wconf 73' lang='lat' dir='ltr'><strong>dicit,</strong></span> <span class='ocrx_word' id='word_1_697' title='bbox 2398 2538 2458 2575; x_wconf 82' lang='lat' dir='ltr'><strong>de-</strong></span> 
     </span>
    </p>
   </div>
   <div class='ocr_carea' id='block_1_34' title="bbox 231 2584 989 2630">
    <p class='ocr_par' dir='ltr' id='par_1_35' title="bbox 231 2584 989 2630">
     <span class='ocr_line' id='line_1_86' title="bbox 231 2584 989 2630; baseline -0.009 -5"><span class='ocrx_word' id='word_1_698' title='bbox 231 2594 366 2626; x_wconf 87' lang='lat' dir='ltr'><strong>cretum</strong></span> <span class='ocrx_word' id='word_1_699' title='bbox 398 2590 517 2622; x_wconf 86' lang='lat' dir='ltr'><strong>autem</strong></span> <span class='ocrx_word' id='word_1_700' title='bbox 547 2595 622 2620; x_wconf 84' lang='lat' dir='ltr'><strong>non</strong></span> <span class='ocrx_word' id='word_1_701' title='bbox 650 2584 769 2620; x_wconf 86' lang='lat' dir='ltr'><strong>solum</strong></span> <span class='ocrx_word' id='word_1_702' title='bbox 793 2587 989 2630; x_wconf 81' lang='lat' dir='ltr'><strong>praesente</strong></span> 
     </span>
    </p>
   </div>
   <div class='ocr_carea' id='block_1_35' title="bbox 1045 2582 2456 2637">
    <p class='ocr_par' dir='ltr' id='par_1_36' title="bbox 1045 2582 2456 2637">
     <span class='ocr_line' id='line_1_87' title="bbox 1045 2582 2456 2637; baseline 0.001 -19"><span class='ocrx_word' id='word_1_703' title='bbox 1045 2594 1088 2619; x_wconf 90' lang='lat' dir='ltr'><strong>eo</strong></span> <span class='ocrx_word' id='word_1_704' title='bbox 1119 2594 1207 2619; x_wconf 86' lang='lat' dir='ltr'><strong>caro</strong></span> <span class='ocrx_word' id='word_1_705' title='bbox 1239 2584 1340 2620; x_wconf 84' lang='lat' dir='ltr'><strong>urbis</strong></span> <span class='ocrx_word' id='word_1_706' title='bbox 1370 2586 1541 2637; x_wconf 82' lang='lat' dir='ltr'><strong>episeopo</strong></span> <span class='ocrx_word' id='word_1_707' title='bbox 1572 2589 1609 2620; x_wconf 87' lang='lat' dir='ltr'><strong>et</strong></span> <span class='ocrx_word' id='word_1_708' title='bbox 1639 2583 1734 2620; x_wconf 79' lang='lat' dir='ltr'><strong>clero</strong></span> <span class='ocrx_word' id='word_1_709' title='bbox 1765 2584 1861 2626; x_wconf 86' lang='lat' dir='ltr'><strong>eius,</strong></span> <span class='ocrx_word' id='word_1_710' title='bbox 1892 2582 1957 2619; x_wconf 88' lang='lat' dir='ltr'><strong>sed</strong></span> <span class='ocrx_word' id='word_1_711' title='bbox 1984 2583 2093 2619; x_wconf 79' lang='lat' dir='ltr'><strong>etiam</strong></span> <span class='ocrx_word' id='word_1_712' title='bbox 2117 2582 2293 2635; x_wconf 34' lang='lat' dir='ltr'><strong>‘episcopo</strong></span> <span class='ocrx_word' id='word_1_713' title='bbox 2324 2589 2456 2620; x_wconf 84' lang='lat' dir='ltr'><strong>metro-</strong></span> 
     </span>
    </p>
   </div>
   <div class='ocr_carea' id='block_1_36' title="bbox 227 2628 2459 2799">
    <p class='ocr_par' dir='ltr' id='par_1_37' title="bbox 227 2628 2459 2799">
     <span class='ocr_line' id='line_1_88' title="bbox 227 2628 2456 2682; baseline -0.002 -12"><span class='ocrx_word' id='word_1_714' title='bbox 227 2635 358 2682; x_wconf 84' lang='lat' dir='ltr'><strong>poleos</strong></span> <span class='ocrx_word' id='word_1_715' title='bbox 381 2636 527 2678; x_wconf 73' lang='lat' dir='ltr'><strong>aqatur‚</strong></span> <span class='ocrx_word' id='word_1_716' title='bbox 559 2641 674 2681; x_wconf 71' lang='lat' dir='ltr'><strong>neque</strong></span> <span class='ocrx_word' id='word_1_717' title='bbox 699 2628 934 2681; x_wconf 39' lang='lat' dir='ltr'><strong>tamen-illud</strong></span> <span class='ocrx_word' id='word_1_718' title='bbox 947 2633 1145 2680; x_wconf 72' lang='lat' dir='ltr'><strong>praeterea</strong></span> <span class='ocrx_word' id='word_1_719' title='bbox 1167 2629 1345 2681; x_wconf 77' lang='lat' dir='ltr'><strong>sancitum</strong></span> <span class='ocrx_word' id='word_1_720' title='bbox 1368 2635 1441 2682; x_wconf 70' lang='lat' dir='ltr'><strong>est,</strong></span> <span class='ocrx_word' id='word_1_721' title='bbox 1472 2641 1504 2682; x_wconf 59' lang='lat' dir='ltr'><strong>sp</strong></span> <span class='ocrx_word' id='word_1_722' title='bbox 1528 2628 1771 2682; x_wconf 70' lang='lat' dir='ltr'><strong>metropoleos</strong></span> <span class='ocrx_word' id='word_1_723' title='bbox 1793 2629 2042 2681; x_wconf 72' lang='lat' dir='ltr'><strong>sanctissimus</strong></span> <span class='ocrx_word' id='word_1_724' title='bbox 2064 2639 2257 2680; x_wconf 73' lang='lat' dir='ltr'><strong>episeopus</strong></span> <span class='ocrx_word' id='word_1_725' title='bbox 2282 2628 2456 2665; x_wconf 82' lang='lat' dir='ltr'><strong>venditio-</strong></span> 
     </span>
     <span class='ocr_line' id='line_1_89' title="bbox 232 2672 2459 2726; baseline -0.002 -12"><span class='ocrx_word' id='word_1_726' title='bbox 232 2691 310 2715; x_wconf 76' lang='lat' dir='ltr'><strong>nem</strong></span> <span class='ocrx_word' id='word_1_727' title='bbox 329 2679 513 2724; x_wconf 69' lang='lat' dir='ltr'><strong>‘facturus</strong></span> <span class='ocrx_word' id='word_1_728' title='bbox 543 2679 592 2710; x_wconf 82' lang='lat' dir='ltr'><strong>stt</strong></span> <span class='ocrx_word' id='word_1_729' title='bbox 626 2674 682 2711; x_wconf 86' lang='lat' dir='ltr'><strong>vel</strong></span> <span class='ocrx_word' id='word_1_730' title='bbox 710 2678 960 2710; x_wconf 71' lang='lat' dir='ltr'><strong>sanctisstmae</strong></span> <span class='ocrx_word' id='word_1_731' title='bbox 994 2674 1093 2709; x_wconf 70' lang='lat' dir='ltr'><strong>illius</strong></span> <span class='ocrx_word' id='word_1_732' title='bbox 1127 2674 1299 2710; x_wconf 74' lang='lat' dir='ltr'><strong>ecclesiae</strong></span> <span class='ocrx_word' id='word_1_733' title='bbox 1332 2675 1594 2721; x_wconf 71' lang='lat' dir='ltr'><strong>reliqaeosaesszmz</strong></span> <span class='ocrx_word' id='word_1_734' title='bbox 1627 2685 1830 2716; x_wconf 73' lang='lat' dir='ltr'><strong>oeconomi,</strong></span> <span class='ocrx_word' id='word_1_735' title='bbox 1866 2673 1955 2726; x_wconf 62' lang='lat' dir='ltr'><strong>quid</strong></span> <span class='ocrx_word' id='word_1_736' title='bbox 1990 2678 2064 2710; x_wconf 87' lang='lat' dir='ltr'><strong>tum</strong></span> <span class='ocrx_word' id='word_1_737' title='bbox 2095 2673 2177 2719; x_wconf 73' lang='lat' dir='ltr'><strong>liert</strong></span> <span class='ocrx_word' id='word_1_738' title='bbox 2210 2672 2355 2710; x_wconf 85' lang='lat' dir='ltr'><strong>debeat:</strong></span> <span class='ocrx_word' id='word_1_739' title='bbox 2389 2673 2459 2726; x_wconf 68' lang='lat' dir='ltr'><strong>hoe</strong></span> 
     </span>
     <span class='ocr_line' id='line_1_90' title="bbox 231 2718 2456 2799; baseline -0.002 -39"><span class='ocrx_word' id='word_1_740' title='bbox 231 2734 375 2772; x_wconf 84' lang='lat' dir='ltr'><strong>quoque</strong></span> <span class='ocrx_word' id='word_1_741' title='bbox 399 2721 591 2762; x_wconf 82' lang='lat' dir='ltr'><strong>adicimus,</strong></span> <span class='ocrx_word' id='word_1_742' title='bbox 622 2724 662 2755; x_wconf 84' lang='lat' dir='ltr'><strong>ut</strong></span> <span class='ocrx_word' id='word_1_743' title='bbox 685 2719 757 2755; x_wconf 89' lang='lat' dir='ltr'><strong>duo</strong></span> <span class='ocrx_word' id='word_1_744' title='bbox 789 2730 840 2755; x_wconf 78' lang='lat' dir='ltr'><strong>ex</strong></span> <span class='ocrx_word' id='word_1_745' title='bbox 869 2729 888 2754; x_wconf 89' lang='lat' dir='ltr'><strong>s</strong></span> <span class='ocrx_word' id='word_1_746' title='bbox 914 2718 1011 2754; x_wconf 84' lang='lat' dir='ltr'><strong>nodo</strong></span> <span class='ocrx_word' id='word_1_747' title='bbox 1042 2718 1109 2755; x_wconf 87' lang='lat' dir='ltr'><strong>deo</strong></span> <span class='ocrx_word' id='word_1_748' title='bbox 1133 2730 1302 2755; x_wconf 88' lang='lat' dir='ltr'><strong>carorum</strong></span> <span class='ocrx_word' id='word_1_749' title='bbox 1335 2721 1589 2772; x_wconf 80' lang='lat' dir='ltr'><strong>episcoporum</strong></span> <span class='ocrx_word' id='word_1_750' title='bbox 1611 2719 1676 2755; x_wconf 85' lang='lat' dir='ltr'><strong>sub</strong></span> <span class='ocrx_word' id='word_1_751' title='bbox 1707 2721 1789 2766; x_wconf 88' lang='lat' dir='ltr'><strong>ipso</strong></span> <span class='ocrx_word' id='word_1_752' title='bbox 1814 2723 2011 2755; x_wconf 69' lang='lat' dir='ltr'><strong>constituta</strong></span> <span class='ocrx_word' id='word_1_753' title='bbox 2041 2729 2284 2799; x_wconf 57' lang='lat' dir='ltr'><strong>quoscumgue</strong></span> <span class='ocrx_word' id='word_1_754' title='bbox 2306 2718 2456 2766; x_wconf 72' lang='lat' dir='ltr'><strong>eleqertt</strong></span> 
     </span>
    </p>
   </div>
   <div class='ocr_carea' id='block_1_37' title="bbox 230 2730 2187 2818">
    <p class='ocr_par' dir='ltr' id='par_1_38' title="bbox 230 2730 2187 2818">
     <span class='ocr_line' id='line_1_91' title="bbox 230 2730 2187 2818; baseline -0.003 -13"><span class='ocrx_word' id='word_1_755' title='bbox 230 2770 409 2810; x_wconf 76' lang='lat' dir='ltr'><strong>intersint,</strong></span> <span class='ocrx_word' id='word_1_756' title='bbox 434 2771 544 2818; x_wconf 79' lang='lat' dir='ltr'><strong>atque</strong></span> <span class='ocrx_word' id='word_1_757' title='bbox 566 2765 707 2811; x_wconf 85' lang='lat' dir='ltr'><strong>reliqua</strong></span> <span class='ocrx_word' id='word_1_758' title='bbox 732 2764 829 2799; x_wconf 85' lang='lat' dir='ltr'><strong>omni</strong></span> <span class='ocrx_word' id='word_1_759' title='bbox 852 2730 1113 2808; x_wconf 55' lang='lat' dir='ltr'><strong>oliseervatione,</strong></span> <span class='ocrx_word' id='word_1_760' title='bbox 1144 2775 1239 2810; x_wconf 85' lang='lat' dir='ltr'><strong>quae</strong></span> <span class='ocrx_word' id='word_1_761' title='bbox 1261 2776 1284 2800; x_wconf 85' lang='lat' dir='ltr'><strong>a</strong></span> <span class='ocrx_word' id='word_1_762' title='bbox 1308 2765 1411 2800; x_wconf 80' lang='lat' dir='ltr'><strong>nobis</strong></span> <span class='ocrx_word' id='word_1_763' title='bbox 1435 2776 1507 2801; x_wconf 74' lang='lat' dir='ltr'><strong>tam</strong></span> <span class='ocrx_word' id='word_1_764' title='bbox 1530 2765 1672 2801; x_wconf 85' lang='lat' dir='ltr'><strong>sancita</strong></span> <span class='ocrx_word' id='word_1_765' title='bbox 1695 2770 1750 2801; x_wconf 88' lang='lat' dir='ltr'><strong>est</strong></span> <span class='ocrx_word' id='word_1_766' title='bbox 1777 2764 1958 2800; x_wconf 81' lang='lat' dir='ltr'><strong>custodita</strong></span> <span class='ocrx_word' id='word_1_767' title='bbox 1976 2764 2187 2811; x_wconf 79' lang='lat' dir='ltr'><strong>praesentia</strong></span> 
     </span>
    </p>
   </div>
   <div class='ocr_carea' id='block_1_38' title="bbox 2235 2762 2456 2802">
    <p class='ocr_par' dir='ltr' id='par_1_39' title="bbox 2235 2762 2456 2802">
     <span class='ocr_line' id='line_1_92' title="bbox 2235 2762 2456 2802; baseline 0.014 -3"><span class='ocrx_word' id='word_1_768' title='bbox 2235 2774 2366 2800; x_wconf 82' lang='lat' dir='ltr'><strong>uorum</strong></span> <span class='ocrx_word' id='word_1_769' title='bbox 2388 2762 2456 2802; x_wconf 69' lang='lat' dir='ltr'><strong>deo&#39;</strong></span> 
     </span>
    </p>
   </div>
   <div class='ocr_carea' id='block_1_39' title="bbox 232 2809 2460 2862">
    <p class='ocr_par' dir='ltr' id='par_1_40' title="bbox 232 2809 2460 2862">
     <span class='ocr_line' id='line_1_93' title="bbox 232 2809 2460 2862; baseline -0.002 -11"><span class='ocrx_word' id='word_1_770' title='bbox 232 2825 401 2851; x_wconf 86' lang='lat' dir='ltr'><strong>carorum</strong></span> <span class='ocrx_word' id='word_1_771' title='bbox 424 2821 678 2859; x_wconf 76' lang='lat' dir='ltr'><strong>episcoporum</strong></span> <span class='ocrx_word' id='word_1_772' title='bbox 703 2809 895 2851; x_wconf 85' lang='lat' dir='ltr'><strong>adiciatur,</strong></span> <span class='ocrx_word' id='word_1_773' title='bbox 918 2813 960 2844; x_wconf 82' lang='lat' dir='ltr'><strong>ut</strong></span> <span class='ocrx_word' id='word_1_774' title='bbox 982 2810 1059 2860; x_wconf 75' lang='lat' dir='ltr'><strong>ipse</strong></span> <span class='ocrx_word' id='word_1_775' title='bbox 1079 2821 1150 2862; x_wconf 72' lang='lat' dir='ltr'><strong>per</strong></span> <span class='ocrx_word' id='word_1_776' title='bbox 1170 2821 1210 2845; x_wconf 91' lang='lat' dir='ltr'><strong>se</strong></span> <span class='ocrx_word' id='word_1_777' title='bbox 1233 2820 1313 2845; x_wconf 89' lang='lat' dir='ltr'><strong>cum</strong></span> <span class='ocrx_word' id='word_1_778' title='bbox 1335 2821 1402 2846; x_wconf 89' lang='lat' dir='ltr'><strong>sua</strong></span> <span class='ocrx_word' id='word_1_779' title='bbox 1425 2809 1568 2856; x_wconf 77' lang='lat' dir='ltr'><strong>synodo</strong></span> <span class='ocrx_word' id='word_1_780' title='bbox 1591 2821 1667 2846; x_wconf 87' lang='lat' dir='ltr'><strong>rem</strong></span> <span class='ocrx_word' id='word_1_781' title='bbox 1690 2821 1800 2862; x_wconf 71' lang='lat' dir='ltr'><strong>aqere</strong></span> <span class='ocrx_word' id='word_1_782' title='bbox 1823 2809 2001 2851; x_wconf 81' lang='lat' dir='ltr'><strong>videatur,</strong></span> <span class='ocrx_word' id='word_1_783' title='bbox 2025 2813 2062 2845; x_wconf 86' lang='lat' dir='ltr'><strong>et</strong></span> <span class='ocrx_word' id='word_1_784' title='bbox 2079 2809 2174 2844; x_wconf 84' lang='lat' dir='ltr'><strong>sicut</strong></span> <span class='ocrx_word' id='word_1_785' title='bbox 2195 2809 2275 2856; x_wconf 79' lang='lat' dir='ltr'><strong>ipse</strong></span> <span class='ocrx_word' id='word_1_786' title='bbox 2293 2809 2402 2855; x_wconf 77' lang='lat' dir='ltr'><strong>fidem</strong></span> <span class='ocrx_word' id='word_1_787' title='bbox 2423 2814 2460 2846; x_wconf 80' lang='lat' dir='ltr'><strong>et</strong></span> 
     </span>
    </p>
   </div>
   <div class='ocr_carea' id='block_1_40' title="bbox 228 2853 1926 2954">
    <p class='ocr_par' dir='ltr' id='par_1_41' title="bbox 228 2853 1926 2954">
     <span class='ocr_line' id='line_1_94' title="bbox 232 2853 1897 2903; baseline -0.004 -6"><span class='ocrx_word' id='word_1_788' title='bbox 232 2860 485 2897; x_wconf 70' lang='lat' dir='ltr'><strong>aecetoritatem</strong></span> <span class='ocrx_word' id='word_1_789' title='bbox 508 2856 563 2892; x_wconf 86' lang='lat' dir='ltr'><strong>rei</strong></span> <span class='ocrx_word' id='word_1_790' title='bbox 587 2854 706 2897; x_wconf 87' lang='lat' dir='ltr'><strong>addit,</strong></span> <span class='ocrx_word' id='word_1_791' title='bbox 738 2854 822 2889; x_wconf 89' lang='lat' dir='ltr'><strong>dum</strong></span> <span class='ocrx_word' id='word_1_792' title='bbox 854 2853 956 2890; x_wconf 83' lang='lat' dir='ltr'><strong>adest</strong></span> <span class='ocrx_word' id='word_1_793' title='bbox 989 2865 1020 2890; x_wconf 76' lang='lat' dir='ltr'><strong>ez</strong></span> <span class='ocrx_word' id='word_1_794' title='bbox 1054 2865 1116 2901; x_wconf 77' lang='lat' dir='ltr'><strong>qui</strong></span> <span class='ocrx_word' id='word_1_795' title='bbox 1142 2854 1212 2903; x_wconf 28' lang='lat' dir='ltr'><strong>&#39;sub</strong></span> <span class='ocrx_word' id='word_1_796' title='bbox 1243 2855 1325 2900; x_wconf 84' lang='lat' dir='ltr'><strong>ipso</strong></span> <span class='ocrx_word' id='word_1_797' title='bbox 1356 2855 1575 2891; x_wconf 82' lang='lat' dir='ltr'><strong>constitutus</strong></span> <span class='ocrx_word' id='word_1_798' title='bbox 1605 2860 1675 2896; x_wconf 88' lang='lat' dir='ltr'><strong>est,</strong></span> <span class='ocrx_word' id='word_1_799' title='bbox 1705 2859 1759 2890; x_wconf 76' lang='lat' dir='ltr'><strong>tta</strong></span> <span class='ocrx_word' id='word_1_800' title='bbox 1789 2855 1897 2890; x_wconf 85' lang='lat' dir='ltr'><strong>etiam</strong></span> 
     </span>
     <span class='ocr_line' id='line_1_95' title="bbox 228 2899 1926 2954; baseline -0.004 -12"><span class='ocrx_word' id='word_1_801' title='bbox 228 2915 405 2954; x_wconf 84' lang='lat' dir='ltr'><strong>praesens</strong></span> <span class='ocrx_word' id='word_1_802' title='bbox 429 2913 502 2949; x_wconf 87' lang='lat' dir='ltr'><strong>per</strong></span> <span class='ocrx_word' id='word_1_803' title='bbox 524 2901 616 2938; x_wconf 85' lang='lat' dir='ltr'><strong>duos</strong></span> <span class='ocrx_word' id='word_1_804' title='bbox 647 2910 696 2936; x_wconf 80' lang='lat' dir='ltr'><strong>ex</strong></span> <span class='ocrx_word' id='word_1_805' title='bbox 720 2899 788 2935; x_wconf 89' lang='lat' dir='ltr'><strong>deo</strong></span> <span class='ocrx_word' id='word_1_806' title='bbox 811 2900 909 2935; x_wconf 84' lang='lat' dir='ltr'><strong>caris</strong></span> <span class='ocrx_word' id='word_1_807' title='bbox 931 2899 1114 2946; x_wconf 84' lang='lat' dir='ltr'><strong>episeopis</strong></span> <span class='ocrx_word' id='word_1_808' title='bbox 1135 2910 1211 2936; x_wconf 87' lang='lat' dir='ltr'><strong>rem</strong></span> <span class='ocrx_word' id='word_1_809' title='bbox 1235 2899 1400 2936; x_wconf 86' lang='lat' dir='ltr'><strong>videatur</strong></span> <span class='ocrx_word' id='word_1_810' title='bbox 1429 2904 1566 2936; x_wconf 84' lang='lat' dir='ltr'><strong>certam</strong></span> <span class='ocrx_word' id='word_1_811' title='bbox 1588 2900 1754 2946; x_wconf 76' lang='lat' dir='ltr'><strong>efficere,</strong></span> <span class='ocrx_word' id='word_1_812' title='bbox 1786 2911 1880 2946; x_wconf 85' lang='lat' dir='ltr'><strong>quae</strong></span> <span class='ocrx_word' id='word_1_813' title='bbox 1903 2910 1926 2935; x_wconf 88' lang='lat' dir='ltr'><strong>a</strong></span> 
     </span>
    </p>
   </div>
   <div class='ocr_carea' id='block_1_41' title="bbox 231 2946 601 2994">
    <p class='ocr_par' dir='ltr' id='par_1_42' title="bbox 231 2946 601 2994">
     <span class='ocr_line' id='line_1_96' title="bbox 231 2946 601 2994; baseline -0.019 -7"><span class='ocrx_word' id='word_1_814' title='bbox 231 2952 388 2987; x_wconf 88' lang='lat' dir='ltr'><strong>monium</strong></span> <span class='ocrx_word' id='word_1_815' title='bbox 412 2946 601 2994; x_wconf 83' lang='lat' dir='ltr'><strong>acceperit.</strong></span> 
     </span>
    </p>
   </div>
   <div class='ocr_carea' id='block_1_42' title="bbox 1928 2854 2460 2945">
    <p class='ocr_par' dir='ltr' id='par_1_43' title="bbox 1928 2854 2460 2945">
     <span class='ocr_line' id='line_1_97' title="bbox 1928 2854 2460 2934; baseline 0 -44"><span class='ocrx_word' id='word_1_816' title='bbox 1928 2865 2023 2934; x_wconf 60' lang='lat' dir='ltr'><strong>guae</strong></span> <span class='ocrx_word' id='word_1_817' title='bbox 2052 2854 2119 2890; x_wconf 84' lang='lat' dir='ltr'><strong>sub</strong></span> <span class='ocrx_word' id='word_1_818' title='bbox 2147 2865 2190 2890; x_wconf 91' lang='lat' dir='ltr'><strong>eo</strong></span> <span class='ocrx_word' id='word_1_819' title='bbox 2215 2858 2270 2890; x_wconf 85' lang='lat' dir='ltr'><strong>est</strong></span> <span class='ocrx_word' id='word_1_820' title='bbox 2297 2854 2460 2907; x_wconf 65' lang='lat' dir='ltr'><strong>synodus</strong></span> 
     </span>
     <span class='ocr_line' id='line_1_98' title="bbox 1973 2898 2458 2945; baseline 0.004 -11"><span class='ocrx_word' id='word_1_821' title='bbox 1973 2898 2042 2934; x_wconf 69' lang='lat' dir='ltr'><strong>liae</strong></span> <span class='ocrx_word' id='word_1_822' title='bbox 2064 2909 2173 2935; x_wconf 86' lang='lat' dir='ltr'><strong>sacra</strong></span> <span class='ocrx_word' id='word_1_823' title='bbox 2195 2899 2337 2945; x_wconf 73' lang='lat' dir='ltr'><strong>synodo</strong></span> <span class='ocrx_word' id='word_1_824' title='bbox 2362 2904 2458 2936; x_wconf 66' lang='lat' dir='ltr'><strong>testi-</strong></span> 
     </span>
    </p>
   </div>
   <div class='ocr_carea' id='block_1_43' title="bbox 232 2988 2458 3088">
    <p class='ocr_par' dir='ltr' id='par_1_44' title="bbox 232 2988 2458 3088">
     <span class='ocr_line' id='line_1_99' title="bbox 370 2988 2457 3042; baseline -0.002 -12"><span class='ocrx_word' id='word_1_825' title='bbox 370 2994 405 3030; x_wconf 84' lang='lat' dir='ltr'><em>E</em></span> <span class='ocrx_word' id='word_1_826' title='bbox 409 2993 609 3041; x_wconf 76' lang='lat' dir='ltr'><strong>piloqus.</strong></span> <span class='ocrx_word' id='word_1_827' title='bbox 648 2989 766 3025; x_wconf 83' lang='lat' dir='ltr'><strong>.Hanc</strong></span> <span class='ocrx_word' id='word_1_828' title='bbox 800 2993 920 3041; x_wconf 77' lang='lat' dir='ltr'><strong>autem</strong></span> <span class='ocrx_word' id='word_1_829' title='bbox 951 2989 1065 3035; x_wconf 79' lang='lat' dir='ltr'><strong>leqem</strong></span> <span class='ocrx_word' id='word_1_830' title='bbox 1099 2994 1274 3041; x_wconf 44' lang='lat' dir='ltr'><strong>nostram·</strong></span> <span class='ocrx_word' id='word_1_831' title='bbox 1299 2995 1335 3025; x_wconf 83' lang='lat' dir='ltr'><strong>et</strong></span> <span class='ocrx_word' id='word_1_832' title='bbox 1366 2989 1415 3025; x_wconf 86' lang='lat' dir='ltr'><strong>ad</strong></span> <span class='ocrx_word' id='word_1_833' title='bbox 1447 2989 1565 3025; x_wconf 84' lang='lat' dir='ltr'><strong>sedem</strong></span> <span class='ocrx_word' id='word_1_834' title='bbox 1598 2994 1692 3042; x_wconf 44' lang='lat' dir='ltr'><strong>tuae·</strong></span> <span class='ocrx_word' id='word_1_835' title='bbox 1715 2988 1946 3040; x_wconf 68' lang='lat' dir='ltr'><strong>beatitudinis</strong></span> <span class='ocrx_word' id='word_1_836' title='bbox 1980 2993 2016 3024; x_wconf 80' lang='lat' dir='ltr'><strong>et</strong></span> <span class='ocrx_word' id='word_1_837' title='bbox 2050 2988 2104 3040; x_wconf 72' lang='lat' dir='ltr'><strong>ad</strong></span> <span class='ocrx_word' id='word_1_838' title='bbox 2132 2992 2271 3040; x_wconf 66' lang='lat' dir='ltr'><strong>ceteros</strong></span> <span class='ocrx_word' id='word_1_839' title='bbox 2304 2989 2457 3040; x_wconf 72' lang='lat' dir='ltr'><strong>sanctis·</strong></span> 
     </span>
     <span class='ocr_line' id='line_1_100' title="bbox 232 3032 2458 3088; baseline -0.004 -9"><span class='ocrx_word' id='word_1_840' title='bbox 232 3044 342 3079; x_wconf 85' lang='lat' dir='ltr'><strong>simos</strong></span> <span class='ocrx_word' id='word_1_841' title='bbox 375 3036 611 3088; x_wconf 77' lang='lat' dir='ltr'><strong>patriarchas</strong></span> <span class='ocrx_word' id='word_1_842' title='bbox 644 3036 789 3071; x_wconf 87' lang='lat' dir='ltr'><strong>missam</strong></span> <span class='ocrx_word' id='word_1_843' title='bbox 823 3045 894 3081; x_wconf 72' lang='lat' dir='ltr'><strong>ipsu</strong></span> <span class='ocrx_word' id='word_1_844' title='bbox 929 3045 1002 3081; x_wconf 87' lang='lat' dir='ltr'><strong>per</strong></span> <span class='ocrx_word' id='word_1_845' title='bbox 1029 3045 1212 3081; x_wconf 77' lang='lat' dir='ltr'><strong>proprias</strong></span> <span class='ocrx_word' id='word_1_846' title='bbox 1247 3034 1387 3071; x_wconf 73' lang='lat' dir='ltr'><strong>litteras</strong></span> <span class='ocrx_word' id='word_1_847' title='bbox 1420 3034 1710 3082; x_wconf 62' lang='lat' dir='ltr'><strong>metropolitanus</strong></span> <span class='ocrx_word' id='word_1_848' title='bbox 1749 3035 1814 3070; x_wconf 87' lang='lat' dir='ltr'><strong>sub</strong></span> <span class='ocrx_word' id='word_1_849' title='bbox 1851 3032 1952 3070; x_wconf 71' lang='lat' dir='ltr'><strong>vobis</strong></span> <span class='ocrx_word' id='word_1_850' title='bbox 1986 3036 2193 3069; x_wconf 67' lang='lat' dir='ltr'><strong>constaturus</strong></span> <span class='ocrx_word' id='word_1_851' title='bbox 2226 3034 2458 3080; x_wconf 72' lang='lat' dir='ltr'><strong>manifestam</strong></span> 
     </span>
    </p>
   </div>
   <div class='ocr_carea' id='block_1_44' title="bbox 722 3111 849 3115">
    <p class='ocr_par' dir='ltr' id='par_1_45' title="bbox 722 3111 849 3115">
     <span class='ocr_line' id='line_1_101' title="bbox 722 3111 849 3115; baseline 0 0"><span class='ocrx_word' id='word_1_852' title='bbox 722 3111 849 3115; x_wconf 95' lang='lat' dir='ltr'><strong> </strong></span> 
     </span>
    </p>
   </div>
   <div class='ocr_carea' id='block_1_45' title="bbox 1071 3111 1237 3115">
    <p class='ocr_par' dir='ltr' id='par_1_46' title="bbox 1071 3111 1237 3115">
     <span class='ocr_line' id='line_1_102' title="bbox 1071 3111 1237 3115; baseline 0 0"><span class='ocrx_word' id='word_1_853' title='bbox 1071 3111 1237 3115; x_wconf 95' lang='lat' dir='ltr'><strong> </strong></span> 
     </span>
    </p>
   </div>
   <div class='ocr_carea' id='block_1_46' title="bbox 475 3113 631 3118">
    <p class='ocr_par' dir='ltr' id='par_1_47' title="bbox 475 3113 631 3118">
     <span class='ocr_line' id='line_1_103' title="bbox 475 3113 631 3118; baseline 0 0"><span class='ocrx_word' id='word_1_854' title='bbox 475 3113 631 3118; x_wconf 95' lang='lat' dir='ltr'><strong> </strong></span> 
     </span>
    </p>
   </div>
   <div class='ocr_carea' id='block_1_47' title="bbox 367 3115 474 3120">
    <p class='ocr_par' dir='ltr' id='par_1_48' title="bbox 367 3115 474 3120">
     <span class='ocr_line' id='line_1_104' title="bbox 367 3115 474 3120; baseline 0 0"><span class='ocrx_word' id='word_1_855' title='bbox 367 3115 474 3120; x_wconf 95' lang='lat' dir='ltr'><strong> </strong></span> 
     </span>
    </p>
   </div>
   <div class='ocr_carea' id='block_1_48' title="bbox 232 3155 1311 3708">
    <p class='ocr_par' dir='ltr' id='par_1_49' title="bbox 232 3155 1311 3602">
     <span class='ocr_line' id='line_1_105' title="bbox 279 3155 1309 3208; baseline -0.013 -5"><span class='ocrx_word' id='word_1_856' title='bbox 279 3172 298 3203; x_wconf 81' lang='lat'>2</span> <span class='ocrx_word' id='word_1_857' title='bbox 312 3164 412 3208; x_wconf 82' lang='grc' dir='ltr'><strong><em>ἀλλὰ]</em></strong></span> <span class='ocrx_word' id='word_1_858' title='bbox 430 3178 488 3198; x_wconf 88' lang='lat' dir='ltr'><strong>om.</strong></span> <span class='ocrx_word' id='word_1_859' title='bbox 502 3175 530 3200; x_wconf 78' lang='grc' dir='ltr'><strong><em>ς.</em></strong></span> <span class='ocrx_word' id='word_1_860' title='bbox 557 3161 675 3195; x_wconf 82' lang='lat' dir='ltr'><strong>Malim</strong></span> <span class='ocrx_word' id='word_1_861' title='bbox 691 3156 782 3203; x_wconf 77' lang='grc' dir='ltr'><strong><em>μηδὲ</em></strong></span> <span class='ocrx_word' id='word_1_862' title='bbox 795 3158 808 3203; x_wconf 87' lang='grc' dir='ltr'><strong>ΙΙ</strong></span> <span class='ocrx_word' id='word_1_863' title='bbox 833 3160 856 3193; x_wconf 80' lang='grc'>4</span> <span class='ocrx_word' id='word_1_864' title='bbox 867 3157 980 3203; x_wconf 82' lang='grc' dir='ltr'><strong><em>νόμον</em></strong></span> <span class='ocrx_word' id='word_1_865' title='bbox 992 3159 1040 3193; x_wconf 83' lang='grc' dir='ltr'><em>Μ</em></span> <span class='ocrx_word' id='word_1_866' title='bbox 1039 3162 1057 3181; x_wconf 78' lang='lat'><em>⁰</em></span> <span class='ocrx_word' id='word_1_867' title='bbox 1071 3157 1085 3203; x_wconf 88' lang='grc' dir='ltr'><strong>ΙΙ</strong></span> <span class='ocrx_word' id='word_1_868' title='bbox 1103 3160 1179 3201; x_wconf 67' lang='grc' dir='ltr'><strong><em>93η.</em></strong></span> <span class='ocrx_word' id='word_1_869' title='bbox 1194 3155 1309 3192; x_wconf 82' lang='grc' dir='ltr'><strong><em>δαπα-</em></strong></span> 
     </span>
     <span class='ocr_line' id='line_1_106' title="bbox 232 3201 1309 3250; baseline -0.013 -1"><span class='ocrx_word' id='word_1_870' title='bbox 232 3213 373 3250; x_wconf 81' lang='grc' dir='ltr'><strong><em>νᾶσθαι</em></strong></span> <span class='ocrx_word' id='word_1_871' title='bbox 401 3230 439 3236; x_wconf 86' lang='grc'><strong>-·</strong></span> <span class='ocrx_word' id='word_1_872' title='bbox 466 3212 504 3245; x_wconf 92' lang='grc'><strong>11</strong></span> <span class='ocrx_word' id='word_1_873' title='bbox 532 3204 722 3248; x_wconf 83' lang='grc' dir='ltr'><strong><em>ἐκκλησίαν</em></strong></span> <span class='ocrx_word' id='word_1_874' title='bbox 746 3207 794 3239; x_wconf 72' lang='lat' dir='ltr'><strong>bis</strong></span> <span class='ocrx_word' id='word_1_875' title='bbox 816 3218 879 3238; x_wconf 74' lang='lat' dir='ltr'><strong>eor.</strong></span> <span class='ocrx_word' id='word_1_876' title='bbox 899 3204 941 3238; x_wconf 88' lang='grc' dir='ltr'><em>Μ</em></span> <span class='ocrx_word' id='word_1_877' title='bbox 962 3204 975 3249; x_wconf 72' lang='lat' dir='ltr'>fl</span> <span class='ocrx_word' id='word_1_878' title='bbox 1001 3206 1042 3239; x_wconf 83' lang='lat'><strong>15</strong></span> <span class='ocrx_word' id='word_1_879' title='bbox 1067 3201 1309 3245; x_wconf 81' lang='grc' dir='ltr'><strong><em>ἐκκλησιαστι-</em></strong></span> 
     </span>
     <span class='ocr_line' id='line_1_107' title="bbox 233 3243 1310 3304; baseline -0.012 -10"><span class='ocrx_word' id='word_1_880' title='bbox 233 3260 295 3294; x_wconf 85' lang='grc' dir='ltr'>κοῦ</span> <span class='ocrx_word' id='word_1_881' title='bbox 321 3269 412 3294; x_wconf 63' lang='grc' dir='ltr'><strong><em>οηις</em></strong></span> <span class='ocrx_word' id='word_1_882' title='bbox 432 3257 446 3301; x_wconf 76' lang='grc' dir='ltr'><strong>ΙΙ</strong></span> <span class='ocrx_word' id='word_1_883' title='bbox 473 3256 512 3290; x_wconf 89' lang='grc'><strong>18</strong></span> <span class='ocrx_word' id='word_1_884' title='bbox 537 3249 707 3304; x_wconf 62' lang='grc' dir='ltr'><strong><em>διάταξις]</em></strong></span> <span class='ocrx_word' id='word_1_885' title='bbox 732 3263 802 3284; x_wconf 77' lang='grc' dir='ltr'><strong><em>που.</em></strong></span> <span class='ocrx_word' id='word_1_886' title='bbox 817 3249 950 3284; x_wconf 79' lang='lat' dir='ltr'><strong><em>XLVI</em></strong></span> <span class='ocrx_word' id='word_1_887' title='bbox 971 3250 984 3290; x_wconf 82' lang='grc' dir='ltr'><strong>ΙΙ</strong></span> <span class='ocrx_word' id='word_1_888' title='bbox 1009 3250 1050 3284; x_wconf 89' lang='grc'><strong>21</strong></span> <span class='ocrx_word' id='word_1_889' title='bbox 1076 3243 1117 3282; x_wconf 78' lang='grc' dir='ltr'><strong>οὗ</strong></span> <span class='ocrx_word' id='word_1_890' title='bbox 1141 3246 1224 3291; x_wconf 85' lang='grc' dir='ltr'><strong><em>μὴν]</em></strong></span> <span class='ocrx_word' id='word_1_891' title='bbox 1250 3259 1310 3282; x_wconf 87' lang='lat' dir='ltr'><strong>nee</strong></span> 
     </span>
     <span class='ocr_line' id='line_1_108' title="bbox 233 3289 1310 3353; baseline -0.012 -14"><span class='ocrx_word' id='word_1_892' title='bbox 233 3317 301 3339; x_wconf 90' lang='lat' dir='ltr'><strong>non</strong></span> <span class='ocrx_word' id='word_1_893' title='bbox 325 3307 359 3337; x_wconf 87' lang='lat' dir='ltr'><strong>et</strong></span> <span class='ocrx_word' id='word_1_894' title='bbox 381 3316 400 3340; x_wconf 77' lang='grc' dir='ltr'><strong><em>ς</em></strong></span> <span class='ocrx_word' id='word_1_895' title='bbox 429 3301 442 3342; x_wconf 85' lang='grc'><strong>11</strong></span> <span class='ocrx_word' id='word_1_896' title='bbox 469 3301 511 3335; x_wconf 85' lang='grc'><strong>23</strong></span> <span class='ocrx_word' id='word_1_897' title='bbox 536 3296 572 3332; x_wconf 87' lang='grc' dir='ltr'><strong>οἱ</strong></span> <span class='ocrx_word' id='word_1_898' title='bbox 592 3297 653 3353; x_wconf 73' lang='grc' dir='ltr'><strong>τῆς</strong></span> <span class='ocrx_word' id='word_1_899' title='bbox 673 3308 697 3329; x_wconf 92' lang='grc' dir='ltr'><strong>α</strong></span> <span class='ocrx_word' id='word_1_900' title='bbox 721 3294 875 3338; x_wconf 82' lang='grc' dir='ltr'><strong><em>ιωτάτης</em></strong></span> <span class='ocrx_word' id='word_1_901' title='bbox 897 3292 1080 3336; x_wconf 80' lang='grc' dir='ltr'><strong><em>ἐκκλησίας</em></strong></span> <span class='ocrx_word' id='word_1_902' title='bbox 1095 3294 1171 3346; x_wconf 38' lang='grc' dir='ltr'><strong><em>,τῆς</em></strong></span> <span class='ocrx_word' id='word_1_903' title='bbox 1188 3289 1310 3346; x_wconf 41' lang='grc' dir='ltr'><strong><em>,αὐτοῦ</em></strong></span> 
     </span>
     <span class='ocr_line' id='line_1_109' title="bbox 233 3340 1309 3394; baseline -0.014 -9"><span class='ocrx_word' id='word_1_904' title='bbox 233 3348 491 3394; x_wconf 79' lang='grc' dir='ltr'><strong><em>εὖλαβέστατοι</em></strong></span> <span class='ocrx_word' id='word_1_905' title='bbox 514 3344 695 3386; x_wconf 80' lang='grc' dir='ltr'><strong><em>οἰκονόμοι</em></strong></span> <span class='ocrx_word' id='word_1_906' title='bbox 733 3341 805 3375; x_wconf 85' lang='lat' dir='ltr'><strong>eius</strong></span> <span class='ocrx_word' id='word_1_907' title='bbox 820 3340 976 3374; x_wconf 84' lang='lat' dir='ltr'><strong>ecclesiae</strong></span> <span class='ocrx_word' id='word_1_908' title='bbox 997 3343 1197 3392; x_wconf 63' lang='lat' dir='ltr'><strong>sanptissimi</strong></span> <span class='ocrx_word' id='word_1_909' title='bbox 1218 3349 1309 3372; x_wconf 86' lang='lat' dir='ltr'><strong>oeco-</strong></span> 
     </span>
     <span class='ocr_line' id='line_1_110' title="bbox 234 3382 1311 3436; baseline -0.011 -7"><span class='ocrx_word' id='word_1_910' title='bbox 234 3397 325 3429; x_wconf 89' lang='lat' dir='ltr'><strong>nomi</strong></span> <span class='ocrx_word' id='word_1_911' title='bbox 345 3407 364 3432; x_wconf 83' lang='grc' dir='ltr'><strong><em>ς</em></strong></span> <span class='ocrx_word' id='word_1_912' title='bbox 387 3394 400 3434; x_wconf 87' lang='grc' dir='ltr'><strong>ΙΙ</strong></span> <span class='ocrx_word' id='word_1_913' title='bbox 424 3394 467 3427; x_wconf 86' lang='grc'><strong>28</strong></span> <span class='ocrx_word' id='word_1_914' title='bbox 488 3386 577 3436; x_wconf 77' lang='grc' dir='ltr'><strong><em>παρ’</em></strong></span> <span class='ocrx_word' id='word_1_915' title='bbox 591 3384 694 3432; x_wconf 82' lang='grc' dir='ltr'><strong><em>ἡμῶν</em></strong></span> <span class='ocrx_word' id='word_1_916' title='bbox 715 3400 774 3422; x_wconf 89' lang='lat' dir='ltr'><strong>om.</strong></span> <span class='ocrx_word' id='word_1_917' title='bbox 787 3398 806 3423; x_wconf 80' lang='grc' dir='ltr'><strong><em>ς</em></strong></span> <span class='ocrx_word' id='word_1_918' title='bbox 822 3386 835 3431; x_wconf 79' lang='grc' dir='ltr'><strong>ΙΙ</strong></span> <span class='ocrx_word' id='word_1_919' title='bbox 853 3387 895 3420; x_wconf 89' lang='grc'><strong>30</strong></span> <span class='ocrx_word' id='word_1_920' title='bbox 912 3383 1007 3419; x_wconf 80' lang='grc' dir='ltr'><strong><em>καθ’</em></strong></span> <span class='ocrx_word' id='word_1_921' title='bbox 1023 3382 1134 3418; x_wconf 82' lang='grc' dir='ltr'><strong><em>αυτὸν</em></strong></span> <span class='ocrx_word' id='word_1_922' title='bbox 1147 3385 1311 3428; x_wconf 74' lang='lat' dir='ltr'><strong>Scrimyer</strong></span> 
     </span>
     <span class='ocr_line' id='line_1_111' title="bbox 235 3429 1311 3484; baseline -0.013 -8"><span class='ocrx_word' id='word_1_923' title='bbox 235 3444 317 3484; x_wconf 69' lang='lat' dir='ltr'><strong>exc]</strong></span> <span class='ocrx_word' id='word_1_924' title='bbox 342 3434 658 3474; x_wconf 53' lang='grc' dir='ltr'><strong><em>κατάταυτόνῡίο)</em></strong></span> <span class='ocrx_word' id='word_1_925' title='bbox 674 3433 722 3467; x_wconf 85' lang='grc' dir='ltr'><em>Μ</em></span> <span class='ocrx_word' id='word_1_926' title='bbox 737 3431 750 3477; x_wconf 67' lang='lat' dir='ltr'>fl</span> <span class='ocrx_word' id='word_1_927' title='bbox 778 3433 820 3467; x_wconf 85' lang='lat'><strong>35</strong></span> <span class='ocrx_word' id='word_1_928' title='bbox 838 3429 982 3470; x_wconf 79' lang='grc' dir='ltr'><strong><em>δόξαιεν</em></strong></span> <span class='ocrx_word' id='word_1_929' title='bbox 1006 3431 1060 3472; x_wconf 86' lang='grc' dir='ltr'><strong>Μ,</strong></span> <span class='ocrx_word' id='word_1_930' title='bbox 1086 3443 1168 3464; x_wconf 84' lang='lat' dir='ltr'><strong>corr.</strong></span> <span class='ocrx_word' id='word_1_931' title='bbox 1191 3429 1311 3482; x_wconf 70' lang='lat' dir='ltr'><strong>Serim-</strong></span> 
     </span>
     <span class='ocr_line' id='line_1_112' title="bbox 234 3474 1311 3531; baseline -0.013 -10"><span class='ocrx_word' id='word_1_932' title='bbox 234 3501 291 3530; x_wconf 68' lang='grc' dir='ltr'><strong><em>ρει·</em></strong></span> <span class='ocrx_word' id='word_1_933' title='bbox 317 3486 330 3531; x_wconf 85' lang='grc' dir='ltr'><strong>ΙΙ</strong></span> <span class='ocrx_word' id='word_1_934' title='bbox 360 3486 398 3518; x_wconf 77' lang='grc' dir='ltr'><strong>ἐκ</strong></span> <span class='ocrx_word' id='word_1_935' title='bbox 420 3483 482 3526; x_wconf 80' lang='grc' dir='ltr'><strong>τῆς</strong></span> <span class='ocrx_word' id='word_1_936' title='bbox 506 3481 601 3526; x_wconf 81' lang='grc' dir='ltr'><strong><em>ἱερᾶς</em></strong></span> <span class='ocrx_word' id='word_1_937' title='bbox 630 3476 762 3520; x_wconf 81' lang='grc' dir='ltr'><strong><em>ταύτης</em></strong></span> <span class='ocrx_word' id='word_1_938' title='bbox 784 3475 948 3518; x_wconf 87' lang='grc' dir='ltr'><strong><em>συνόδου]</em></strong></span> <span class='ocrx_word' id='word_1_939' title='bbox 981 3486 1019 3510; x_wconf 85' lang='lat' dir='ltr'><strong>ex</strong></span> <span class='ocrx_word' id='word_1_940' title='bbox 1044 3474 1236 3509; x_wconf 72' lang='lat' dir='ltr'><strong>huiusmodi</strong></span> <span class='ocrx_word' id='word_1_941' title='bbox 1259 3485 1311 3518; x_wconf 83' lang='lat' dir='ltr'><strong>sy-</strong></span> 
     </span>
     <span class='ocr_line' id='line_1_113' title="bbox 235 3524 1256 3574; baseline -0.021 -8"><span class='ocrx_word' id='word_1_942' title='bbox 235 3532 362 3568; x_wconf 64' lang='lat' dir='ltr'><strong>nodos</strong></span> <span class='ocrx_word' id='word_1_943' title='bbox 387 3534 400 3574; x_wconf 70' lang='lat' dir='ltr'>ss</span> <span class='ocrx_word' id='word_1_944' title='bbox 431 3532 473 3563; x_wconf 85' lang='lat'><strong>40</strong></span> <span class='ocrx_word' id='word_1_945' title='bbox 498 3524 587 3571; x_wconf 76' lang='grc' dir='ltr'><strong><em>ἡμᾶς</em></strong></span> <span class='ocrx_word' id='word_1_946' title='bbox 611 3526 643 3559; x_wconf 91' lang='lat' dir='ltr'><em>L</em></span> <span class='ocrx_word' id='word_1_947' title='bbox 1254 3542 1256 3545; x_wconf 90' lang='lat'>.</span> 
     </span>
     <span class='ocr_line' id='line_1_114' title="bbox 242 3584 1309 3602; baseline -0.021 3"><span class='ocrx_word' id='word_1_948' title='bbox 242 3584 1309 3602; x_wconf 72' lang='lat'><em>-—.-.-.-.--——————————--————-</em></span> 
     </span>
    </p>

    <p class='ocr_par' dir='ltr' id='par_1_50' title="bbox 234 3610 1311 3708">
     <span class='ocr_line' id='line_1_115' title="bbox 282 3610 1310 3664; baseline -0.009 -10"><span class='ocrx_word' id='word_1_949' title='bbox 282 3624 296 3655; x_wconf 86' lang='lat'>1</span> <span class='ocrx_word' id='word_1_950' title='bbox 313 3631 489 3664; x_wconf 79' lang='lat' dir='ltr'><strong>yconomos</strong></span> <span class='ocrx_word' id='word_1_951' title='bbox 501 3619 535 3652; x_wconf 87' lang='grc' dir='ltr'><strong><em>Β</em></strong></span> <span class='ocrx_word' id='word_1_952' title='bbox 546 3619 578 3652; x_wconf 90' lang='lat' dir='ltr'><strong><em>V</em></strong></span> <span class='ocrx_word' id='word_1_953' title='bbox 591 3618 647 3660; x_wconf 84' lang='lat' dir='ltr'><strong>(id.</strong></span> <span class='ocrx_word' id='word_1_954' title='bbox 661 3615 766 3659; x_wconf 85' lang='lat' dir='ltr'><strong>infra)</strong></span> <span class='ocrx_word' id='word_1_955' title='bbox 782 3613 795 3659; x_wconf 81' lang='grc' dir='ltr'><strong>ΙΙ</strong></span> <span class='ocrx_word' id='word_1_956' title='bbox 813 3624 852 3648; x_wconf 69' lang='grc' dir='ltr'><strong><em>θα</em></strong></span> <span class='ocrx_word' id='word_1_957' title='bbox 865 3613 970 3655; x_wconf 80' lang='lat' dir='ltr'><strong>Beck]</strong></span> <span class='ocrx_word' id='word_1_958' title='bbox 988 3614 1021 3646; x_wconf 88' lang='lat' dir='ltr'><strong>et</strong></span> <span class='ocrx_word' id='word_1_959' title='bbox 1034 3613 1111 3664; x_wconf 74' lang='lat' dir='ltr'><strong>libri</strong></span> <span class='ocrx_word' id='word_1_960' title='bbox 1132 3610 1145 3656; x_wconf 82' lang='grc' dir='ltr'><strong>ΙΙ</strong></span> <span class='ocrx_word' id='word_1_961' title='bbox 1168 3611 1189 3644; x_wconf 85' lang='grc'>2</span> <span class='ocrx_word' id='word_1_962' title='bbox 1200 3613 1239 3663; x_wconf 36' lang='grc' dir='ltr'><strong><em>,οἱ</em></strong></span> <span class='ocrx_word' id='word_1_963' title='bbox 1253 3613 1310 3646; x_wconf 84' lang='lat' dir='ltr'><strong>ad-</strong></span> 
     </span>
     <span class='ocr_line' id='line_1_116' title="bbox 234 3657 1311 3708; baseline -0.009 -9"><span class='ocrx_word' id='word_1_964' title='bbox 234 3669 317 3708; x_wconf 83' lang='lat' dir='ltr'><strong>didi,</strong></span> <span class='ocrx_word' id='word_1_965' title='bbox 340 3667 395 3699; x_wconf 84' lang='lat' dir='ltr'><strong>sed</strong></span> <span class='ocrx_word' id='word_1_966' title='bbox 410 3667 486 3699; x_wconf 84' lang='lat' dir='ltr'><strong>add.</strong></span> <span class='ocrx_word' id='word_1_967' title='bbox 498 3664 592 3698; x_wconf 80' lang='lat' dir='ltr'><strong>Beck</strong></span> <span class='ocrx_word' id='word_1_968' title='bbox 609 3662 622 3707; x_wconf 79' lang='grc' dir='ltr'><strong>ΙΙ</strong></span> <span class='ocrx_word' id='word_1_969' title='bbox 638 3660 825 3705; x_wconf 83' lang='lat' dir='ltr'><strong>expendant</strong></span> <span class='ocrx_word' id='word_1_970' title='bbox 837 3659 969 3703; x_wconf 84' lang='lat' dir='ltr'><strong>quidem</strong></span> <span class='ocrx_word' id='word_1_971' title='bbox 982 3657 1047 3702; x_wconf 77' lang='lat' dir='ltr'><strong>ipsi</strong></span> <span class='ocrx_word' id='word_1_972' title='bbox 1063 3665 1093 3692; x_wconf 80' lang='lat' dir='ltr'><strong>et</strong></span> <span class='ocrx_word' id='word_1_973' title='bbox 1106 3659 1125 3691; x_wconf 89' lang='lat'>3</span> <span class='ocrx_word' id='word_1_974' title='bbox 1138 3659 1311 3700; x_wconf 77' lang='lat' dir='ltr'><strong>patiantur</strong></span> 
     </span>
    </p>
   </div>
   <div class='ocr_carea' id='block_1_49' title="bbox 1930 3110 2026 3113">
    <p class='ocr_par' dir='ltr' id='par_1_51' title="bbox 1930 3110 2026 3113">
     <span class='ocr_line' id='line_1_117' title="bbox 1930 3110 2026 3113; baseline 0 0"><span class='ocrx_word' id='word_1_975' title='bbox 1930 3110 2026 3113; x_wconf 95' lang='lat' dir='ltr'><strong> </strong></span> 
     </span>
    </p>
   </div>
   <div class='ocr_carea' id='block_1_50' title="bbox 1378 3155 2459 3655">
    <p class='ocr_par' dir='ltr' id='par_1_52' title="bbox 1378 3155 2459 3655">
     <span class='ocr_line' id='line_1_118' title="bbox 1379 3155 2457 3204; baseline -0.001 -12"><span class='ocrx_word' id='word_1_976' title='bbox 1379 3158 1474 3192; x_wconf 83' lang='lat' dir='ltr'><strong>Beck</strong></span> <span class='ocrx_word' id='word_1_977' title='bbox 1484 3158 1497 3204; x_wconf 79' lang='grc' dir='ltr'><strong>ΙΙ</strong></span> <span class='ocrx_word' id='word_1_978' title='bbox 1509 3160 1530 3192; x_wconf 83' lang='grc'><strong>4</strong></span> <span class='ocrx_word' id='word_1_979' title='bbox 1544 3157 1708 3202; x_wconf 85' lang='lat' dir='ltr'><strong>*positam</strong></span> <span class='ocrx_word' id='word_1_980' title='bbox 1721 3157 1828 3200; x_wconf 88' lang='lat' dir='ltr'><strong>legem</strong></span> <span class='ocrx_word' id='word_1_981' title='bbox 1841 3158 1918 3191; x_wconf 83' lang='lat' dir='ltr'><strong>libri</strong></span> <span class='ocrx_word' id='word_1_982' title='bbox 1928 3155 1941 3202; x_wconf 81' lang='grc' dir='ltr'><strong>ΙΙ</strong></span> <span class='ocrx_word' id='word_1_983' title='bbox 1951 3166 2011 3190; x_wconf 86' lang='lat' dir='ltr'><strong>sua</strong></span> <span class='ocrx_word' id='word_1_984' title='bbox 2022 3157 2176 3190; x_wconf 82' lang='lat' dir='ltr'><strong>manente</strong></span> <span class='ocrx_word' id='word_1_985' title='bbox 2185 3157 2384 3198; x_wconf 83' lang='lat' dir='ltr'><strong>(manentem</strong></span> <span class='ocrx_word' id='word_1_986' title='bbox 2392 3157 2457 3197; x_wconf 72' lang='lat'><strong>12²)</strong></span> 
     </span>
     <span class='ocr_line' id='line_1_119' title="bbox 1379 3201 2458 3245; baseline 0.001 -9"><span class='ocrx_word' id='word_1_987' title='bbox 1379 3203 1507 3237; x_wconf 85' lang='lat' dir='ltr'><strong>uirtute</strong></span> <span class='ocrx_word' id='word_1_988' title='bbox 1518 3204 1564 3245; x_wconf 91' lang='lat' dir='ltr'><strong>R]</strong></span> <span class='ocrx_word' id='word_1_989' title='bbox 1585 3214 1677 3236; x_wconf 83' lang='lat' dir='ltr'><strong>suam</strong></span> <span class='ocrx_word' id='word_1_990' title='bbox 1690 3202 1850 3236; x_wconf 86' lang='lat' dir='ltr'><strong>uirtutem</strong></span> <span class='ocrx_word' id='word_1_991' title='bbox 1861 3204 2048 3235; x_wconf 83' lang='lat' dir='ltr'><strong>manentem</strong></span> <span class='ocrx_word' id='word_1_992' title='bbox 2069 3201 2103 3234; x_wconf 89' lang='lat' dir='ltr'><strong><em>V</em></strong></span> <span class='ocrx_word' id='word_1_993' title='bbox 2114 3212 2174 3234; x_wconf 90' lang='lat' dir='ltr'><strong>sua</strong></span> <span class='ocrx_word' id='word_1_994' title='bbox 2190 3212 2322 3235; x_wconf 83' lang='lat' dir='ltr'><strong>manere</strong></span> <span class='ocrx_word' id='word_1_995' title='bbox 2334 3202 2458 3237; x_wconf 80' lang='lat' dir='ltr'><strong>virtute</strong></span> 
     </span>
     <span class='ocr_line' id='line_1_120' title="bbox 1379 3245 2459 3293; baseline -0.001 -11"><span class='ocrx_word' id='word_1_996' title='bbox 1379 3249 1463 3293; x_wconf 74' lang='lat' dir='ltr'><strong>vuly.</strong></span> <span class='ocrx_word' id='word_1_997' title='bbox 1483 3248 1496 3293; x_wconf 87' lang='grc' dir='ltr'><strong>ΙΙ</strong></span> <span class='ocrx_word' id='word_1_998' title='bbox 1511 3249 1539 3281; x_wconf 84' lang='lat' dir='ltr'><strong>si</strong></span> <span class='ocrx_word' id='word_1_999' title='bbox 1563 3249 1625 3290; x_wconf 64' lang='grc' dir='ltr'><strong>Βῑ]</strong></span> <span class='ocrx_word' id='word_1_1000' title='bbox 1649 3248 1721 3281; x_wconf 89' lang='lat' dir='ltr'><strong>siue</strong></span> <span class='ocrx_word' id='word_1_1001' title='bbox 1741 3248 1816 3281; x_wconf 89' lang='lat' dir='ltr'><strong>Vsi</strong></span> <span class='ocrx_word' id='word_1_1002' title='bbox 1839 3259 1920 3280; x_wconf 88' lang='lat' dir='ltr'><strong>uero</strong></span> <span class='ocrx_word' id='word_1_1003' title='bbox 1944 3246 1995 3280; x_wconf 68' lang='grc' dir='ltr'><strong>Β2</strong></span> <span class='ocrx_word' id='word_1_1004' title='bbox 2007 3245 2122 3291; x_wconf 62' lang='lat' dir='ltr'><strong>vulg-{1</strong></span> <span class='ocrx_word' id='word_1_1005' title='bbox 2148 3248 2168 3280; x_wconf 87' lang='lat'>5</span> <span class='ocrx_word' id='word_1_1006' title='bbox 2192 3258 2270 3281; x_wconf 84' lang='lat' dir='ltr'><strong>suae</strong></span> <span class='ocrx_word' id='word_1_1007' title='bbox 2294 3260 2353 3281; x_wconf 85' lang='lat' dir='ltr'><strong>om.</strong></span> <span class='ocrx_word' id='word_1_1008' title='bbox 2374 3247 2424 3282; x_wconf 79' lang='lat'><strong>1⁷¹</strong></span> <span class='ocrx_word' id='word_1_1009' title='bbox 2446 3246 2459 3293; x_wconf 87' lang='grc' dir='ltr'><strong>ΙΙ</strong></span> 
     </span>
     <span class='ocr_line' id='line_1_121' title="bbox 1379 3292 2457 3338; baseline -0.002 -10"><span class='ocrx_word' id='word_1_1010' title='bbox 1379 3296 1399 3328; x_wconf 88' lang='grc'>9</span> <span class='ocrx_word' id='word_1_1011' title='bbox 1424 3304 1632 3337; x_wconf 68' lang='lat' dir='ltr'><strong>praegeuore</strong></span> <span class='ocrx_word' id='word_1_1012' title='bbox 1652 3292 1799 3338; x_wconf 57' lang='grc'><strong>171111</strong></span> <span class='ocrx_word' id='word_1_1013' title='bbox 1819 3293 1866 3326; x_wconf 85' lang='lat' dir='ltr'><strong>eis</strong></span> <span class='ocrx_word' id='word_1_1014' title='bbox 1880 3292 1981 3334; x_wconf 70' lang='lat' dir='ltr'><strong>RV’J</strong></span> <span class='ocrx_word' id='word_1_1015' title='bbox 2006 3293 2118 3334; x_wconf 85' lang='lat' dir='ltr'><strong>eisque</strong></span> <span class='ocrx_word' id='word_1_1016' title='bbox 2139 3292 2217 3337; x_wconf 71' lang='lat' dir='ltr'><strong>V¹11</strong></span> <span class='ocrx_word' id='word_1_1017' title='bbox 2244 3295 2288 3328; x_wconf 82' lang='lat'><strong>14</strong></span> <span class='ocrx_word' id='word_1_1018' title='bbox 2299 3295 2386 3327; x_wconf 83' lang='lat' dir='ltr'><strong>rubr.</strong></span> <span class='ocrx_word' id='word_1_1019' title='bbox 2407 3294 2457 3326; x_wconf 88' lang='lat' dir='ltr'><strong>De</strong></span> 
     </span>
     <span class='ocr_line' id='line_1_122' title="bbox 1380 3336 2456 3382; baseline 0.001 -11"><span class='ocrx_word' id='word_1_1020' title='bbox 1380 3339 1582 3372; x_wconf 82' lang='lat' dir='ltr'><strong>alienatione</strong></span> <span class='ocrx_word' id='word_1_1021' title='bbox 1605 3349 1717 3372; x_wconf 84' lang='lat' dir='ltr'><strong>rerum</strong></span> <span class='ocrx_word' id='word_1_1022' title='bbox 1740 3336 1913 3371; x_wconf 84' lang='lat' dir='ltr'><strong>mobilium</strong></span> <span class='ocrx_word' id='word_1_1023' title='bbox 1937 3338 2012 3382; x_wconf 73' lang='lat' dir='ltr'><strong>(leq.</strong></span> <span class='ocrx_word' id='word_1_1024' title='bbox 2029 3337 2265 3381; x_wconf 87' lang='lat' dir='ltr'><strong>immobilium)</strong></span> <span class='ocrx_word' id='word_1_1025' title='bbox 2287 3338 2331 3371; x_wconf 85' lang='lat' dir='ltr'><strong>ad</strong></span> <span class='ocrx_word' id='word_1_1026' title='bbox 2354 3338 2456 3372; x_wconf 84' lang='lat' dir='ltr'><strong>ecole-</strong></span> 
     </span>
     <span class='ocr_line' id='line_1_123' title="bbox 1379 3383 2457 3428; baseline 0 -12"><span class='ocrx_word' id='word_1_1027' title='bbox 1379 3384 1445 3417; x_wconf 81' lang='lat' dir='ltr'><strong>sias</strong></span> <span class='ocrx_word' id='word_1_1028' title='bbox 1467 3385 1708 3428; x_wconf 84' lang='lat' dir='ltr'><strong>pertinentium</strong></span> <span class='ocrx_word' id='word_1_1029' title='bbox 1731 3383 1765 3417; x_wconf 98' lang='grc' dir='ltr'><strong><em>Β</em></strong></span> <span class='ocrx_word' id='word_1_1030' title='bbox 1786 3386 1818 3418; x_wconf 81' lang='lat' dir='ltr'><strong>in</strong></span> <span class='ocrx_word' id='word_1_1031' title='bbox 1837 3396 1939 3427; x_wconf 76' lang='lat' dir='ltr'><strong>marq.</strong></span> <span class='ocrx_word' id='word_1_1032' title='bbox 1965 3385 2022 3427; x_wconf 73' lang='lat' dir='ltr'><strong>(qs.</strong></span> <span class='ocrx_word' id='word_1_1033' title='bbox 2034 3383 2099 3417; x_wconf 87' lang='lat' dir='ltr'><strong>Iul.</strong></span> <span class='ocrx_word' id='word_1_1034' title='bbox 2123 3396 2149 3417; x_wconf 89' lang='lat' dir='ltr'><strong>c.</strong></span> <span class='ocrx_word' id='word_1_1035' title='bbox 2165 3383 2243 3426; x_wconf 83' lang='lat'><strong>207)</strong></span> <span class='ocrx_word' id='word_1_1036' title='bbox 2261 3384 2274 3427; x_wconf 86' lang='grc' dir='ltr'><strong>ΙΙ</strong></span> <span class='ocrx_word' id='word_1_1037' title='bbox 2289 3383 2457 3426; x_wconf 76' lang='lat' dir='ltr'><strong>contingit</strong></span> 
     </span>
     <span class='ocr_line' id='line_1_124' title="bbox 1379 3427 2454 3474; baseline -0.002 -11"><span class='ocrx_word' id='word_1_1038' title='bbox 1379 3430 1414 3463; x_wconf 84' lang='lat' dir='ltr'><em>R</em></span> <span class='ocrx_word' id='word_1_1039' title='bbox 1430 3430 1443 3473; x_wconf 77' lang='grc' dir='ltr'><strong>ΙΙ</strong></span> <span class='ocrx_word' id='word_1_1040' title='bbox 1458 3440 1519 3463; x_wconf 80' lang='lat' dir='ltr'><strong>nos</strong></span> <span class='ocrx_word' id='word_1_1041' title='bbox 1541 3430 1619 3472; x_wconf 79' lang='lat' dir='ltr'><strong>iam]</strong></span> <span class='ocrx_word' id='word_1_1042' title='bbox 1645 3429 1777 3463; x_wconf 86' lang='lat' dir='ltr'><strong>noxiam</strong></span> <span class='ocrx_word' id='word_1_1043' title='bbox 1797 3428 1874 3474; x_wconf 68' lang='lat'>12¹1!</span> <span class='ocrx_word' id='word_1_1044' title='bbox 1891 3428 2055 3464; x_wconf 82' lang='lat' dir='ltr'><strong>sancxisse</strong></span> <span class='ocrx_word' id='word_1_1045' title='bbox 2074 3429 2109 3462; x_wconf 82' lang='lat' dir='ltr'><strong><em>R</em></strong></span> <span class='ocrx_word' id='word_1_1046' title='bbox 2126 3427 2139 3473; x_wconf 78' lang='grc' dir='ltr'><strong>ΙΙ</strong></span> <span class='ocrx_word' id='word_1_1047' title='bbox 2165 3431 2205 3463; x_wconf 85' lang='grc'><strong>15</strong></span> <span class='ocrx_word' id='word_1_1048' title='bbox 2229 3439 2296 3472; x_wconf 82' lang='lat' dir='ltr'><strong>qua</strong></span> <span class='ocrx_word' id='word_1_1049' title='bbox 2315 3429 2395 3463; x_wconf 80' lang='lat' dir='ltr'><strong>Vvu</strong></span> <span class='ocrx_word' id='word_1_1050' title='bbox 2433 3431 2454 3471; x_wconf 91' lang='lat'><strong>.]</strong></span> 
     </span>
     <span class='ocr_line' id='line_1_125' title="bbox 1379 3473 2457 3519; baseline -0.001 -11"><span class='ocrx_word' id='word_1_1051' title='bbox 1379 3485 1463 3517; x_wconf 83' lang='lat' dir='ltr'><strong>quae</strong></span> <span class='ocrx_word' id='word_1_1052' title='bbox 1486 3475 1521 3508; x_wconf 89' lang='grc' dir='ltr'><strong><em>Β</em></strong></span> <span class='ocrx_word' id='word_1_1053' title='bbox 1543 3475 1555 3517; x_wconf 84' lang='grc' dir='ltr'><strong>ΙΙ</strong></span> <span class='ocrx_word' id='word_1_1054' title='bbox 1587 3478 1629 3511; x_wconf 86' lang='grc'><strong>19</strong></span> <span class='ocrx_word' id='word_1_1055' title='bbox 1653 3475 1777 3508; x_wconf 84' lang='lat' dir='ltr'><strong>clerum</strong></span> <span class='ocrx_word' id='word_1_1056' title='bbox 1798 3474 1863 3519; x_wconf 66' lang='lat' dir='ltr'><strong>Vn</strong></span> <span class='ocrx_word' id='word_1_1057' title='bbox 1890 3475 1933 3508; x_wconf 87' lang='lat'><strong>20</strong></span> <span class='ocrx_word' id='word_1_1058' title='bbox 1957 3484 2017 3507; x_wconf 89' lang='lat' dir='ltr'><strong>neo</strong></span> <span class='ocrx_word' id='word_1_1059' title='bbox 2041 3476 2121 3516; x_wconf 88' lang='lat' dir='ltr'><strong>nou]</strong></span> <span class='ocrx_word' id='word_1_1060' title='bbox 2148 3475 2207 3518; x_wconf 75' lang='lat' dir='ltr'><strong>leq.</strong></span> <span class='ocrx_word' id='word_1_1061' title='bbox 2233 3485 2294 3508; x_wconf 87' lang='lat' dir='ltr'><strong>neo</strong></span> <span class='ocrx_word' id='word_1_1062' title='bbox 2317 3483 2395 3507; x_wconf 80' lang='lat' dir='ltr'><strong>vero</strong></span> <span class='ocrx_word' id='word_1_1063' title='bbox 2443 3473 2457 3519; x_wconf 81' lang='grc' dir='ltr'><strong>ΙΙ</strong></span> 
     </span>
     <span class='ocr_line' id='line_1_126' title="bbox 1378 3518 2455 3565; baseline 0.001 -12"><span class='ocrx_word' id='word_1_1064' title='bbox 1378 3531 1478 3564; x_wconf 85' lang='lat' dir='ltr'><strong>snper</strong></span> <span class='ocrx_word' id='word_1_1065' title='bbox 1498 3520 1554 3565; x_wconf 78' lang='lat' dir='ltr'><strong>Vss</strong></span> <span class='ocrx_word' id='word_1_1066' title='bbox 1571 3521 1746 3563; x_wconf 84' lang='lat' dir='ltr'><strong>sancitum]</strong></span> <span class='ocrx_word' id='word_1_1067' title='bbox 1770 3525 1896 3553; x_wconf 70' lang='lat' dir='ltr'><strong>sou-si</strong></span> <span class='ocrx_word' id='word_1_1068' title='bbox 1918 3519 1966 3553; x_wconf 79' lang='lat' dir='ltr'><strong>V¹</strong></span> <span class='ocrx_word' id='word_1_1069' title='bbox 1990 3519 2110 3553; x_wconf 87' lang='lat' dir='ltr'><strong>scitum</strong></span> <span class='ocrx_word' id='word_1_1070' title='bbox 2130 3519 2181 3553; x_wconf 76' lang='lat'><strong>1⁷²</strong></span> <span class='ocrx_word' id='word_1_1071' title='bbox 2196 3518 2210 3563; x_wconf 83' lang='grc' dir='ltr'><strong>ΙΙ</strong></span> <span class='ocrx_word' id='word_1_1072' title='bbox 2226 3520 2271 3554; x_wconf 80' lang='grc'><strong>24</strong></span> <span class='ocrx_word' id='word_1_1073' title='bbox 2291 3519 2409 3553; x_wconf 73' lang='lat' dir='ltr'><strong>sinodo</strong></span> <span class='ocrx_word' id='word_1_1074' title='bbox 2421 3519 2455 3555; x_wconf 88' lang='grc' dir='ltr'><strong><em>Β</em></strong></span> 
     </span>
     <span class='ocr_line' id='line_1_127' title="bbox 1379 3564 2455 3611; baseline -0.001 -12"><span class='ocrx_word' id='word_1_1075' title='bbox 1379 3567 1437 3609; x_wconf 83' lang='lat' dir='ltr'><strong>(id.</strong></span> <span class='ocrx_word' id='word_1_1076' title='bbox 1450 3567 1508 3608; x_wconf 85' lang='lat'><strong>33)</strong></span> <span class='ocrx_word' id='word_1_1077' title='bbox 1530 3566 1543 3611; x_wconf 73' lang='lat' dir='ltr'>fl</span> <span class='ocrx_word' id='word_1_1078' title='bbox 1570 3577 1654 3609; x_wconf 88' lang='lat' dir='ltr'><strong>quae</strong></span> <span class='ocrx_word' id='word_1_1079' title='bbox 1673 3586 1712 3590; x_wconf 97' lang='lat'><strong>—</strong></span> <span class='ocrx_word' id='word_1_1080' title='bbox 1739 3567 1781 3601; x_wconf 85' lang='lat'><strong>30</strong></span> <span class='ocrx_word' id='word_1_1081' title='bbox 1801 3565 2002 3599; x_wconf 84' lang='lat' dir='ltr'><strong>constitutus</strong></span> <span class='ocrx_word' id='word_1_1082' title='bbox 2017 3568 2067 3598; x_wconf 88' lang='lat' dir='ltr'><strong>est</strong></span> <span class='ocrx_word' id='word_1_1083' title='bbox 2089 3578 2151 3599; x_wconf 73' lang='lat' dir='ltr'><strong>scr.</strong></span> <span class='ocrx_word' id='word_1_1084' title='bbox 2165 3564 2260 3599; x_wconf 62' lang='lat'><em>13²1„</em></span> <span class='ocrx_word' id='word_1_1085' title='bbox 2272 3578 2338 3599; x_wconf 73' lang='lat' dir='ltr'><strong>ras.</strong></span> <span class='ocrx_word' id='word_1_1086' title='bbox 2350 3565 2373 3599; x_wconf 81' lang='lat'><strong>3</strong></span> <span class='ocrx_word' id='word_1_1087' title='bbox 2384 3577 2455 3599; x_wconf 71' lang='lat' dir='ltr'><strong>ver-</strong></span> 
     </span>
     <span class='ocr_line' id='line_1_128' title="bbox 1378 3610 2454 3655; baseline -0.002 -10"><span class='ocrx_word' id='word_1_1088' title='bbox 1378 3624 1466 3646; x_wconf 78' lang='lat' dir='ltr'><strong>suum</strong></span> <span class='ocrx_word' id='word_1_1089' title='bbox 1484 3611 1497 3655; x_wconf 84' lang='grc' dir='ltr'><strong>ΙΙ</strong></span> <span class='ocrx_word' id='word_1_1090' title='bbox 1514 3612 1752 3655; x_wconf 84' lang='lat' dir='ltr'><strong>episcoporum]</strong></span> <span class='ocrx_word' id='word_1_1091' title='bbox 1770 3611 1958 3644; x_wconf 82' lang='lat' dir='ltr'><strong>adiciantur</strong></span> <span class='ocrx_word' id='word_1_1092' title='bbox 1973 3613 2012 3644; x_wconf 87' lang='lat' dir='ltr'><strong>ut</strong></span> <span class='ocrx_word' id='word_1_1093' title='bbox 2023 3610 2203 3644; x_wconf 84' lang='lat' dir='ltr'><strong>secundum</strong></span> <span class='ocrx_word' id='word_1_1094' title='bbox 2215 3621 2248 3644; x_wconf 85' lang='lat' dir='ltr'><strong>se</strong></span> <span class='ocrx_word' id='word_1_1095' title='bbox 2263 3623 2290 3644; x_wconf 76' lang='lat' dir='ltr'><strong>s.</strong></span> <span class='ocrx_word' id='word_1_1096' title='bbox 2302 3623 2330 3644; x_wconf 83' lang='lat' dir='ltr'><strong>v.</strong></span> <span class='ocrx_word' id='word_1_1097' title='bbox 2345 3611 2454 3644; x_wconf 70' lang='lat' dir='ltr'><strong>adeor.</strong></span> 
     </span>
    </p>
   </div>
   <div class='ocr_carea' id='block_1_51' title="bbox 1386 3654 2402 3702">
    <p class='ocr_par' dir='ltr' id='par_1_53' title="bbox 1386 3654 2402 3702">
     <span class='ocr_line' id='line_1_129' title="bbox 1386 3654 2402 3702; baseline -0.002 -11"><span class='ocrx_word' id='word_1_1098' title='bbox 1386 3656 1465 3701; x_wconf 76' lang='lat' dir='ltr'><strong>V²ss</strong></span> <span class='ocrx_word' id='word_1_1099' title='bbox 1485 3658 1526 3691; x_wconf 87' lang='grc'><strong>25</strong></span> <span class='ocrx_word' id='word_1_1100' title='bbox 1552 3657 1713 3700; x_wconf 84' lang='lat' dir='ltr'><strong>elegerint</strong></span> <span class='ocrx_word' id='word_1_1101' title='bbox 1735 3656 1858 3702; x_wconf 70' lang='lat'>131129</span> <span class='ocrx_word' id='word_1_1102' title='bbox 1883 3657 1954 3700; x_wconf 87' lang='lat' dir='ltr'><strong>ipse</strong></span> <span class='ocrx_word' id='word_1_1103' title='bbox 1978 3669 2037 3690; x_wconf 88' lang='lat' dir='ltr'><strong>om.</strong></span> <span class='ocrx_word' id='word_1_1104' title='bbox 2061 3656 2096 3690; x_wconf 84' lang='grc' dir='ltr'><strong><em>Β</em></strong></span> <span class='ocrx_word' id='word_1_1105' title='bbox 2113 3655 2125 3699; x_wconf 86' lang='grc' dir='ltr'><strong>ΙΙ</strong></span> <span class='ocrx_word' id='word_1_1106' title='bbox 2143 3657 2184 3690; x_wconf 81' lang='lat'><strong>37</strong></span> <span class='ocrx_word' id='word_1_1107' title='bbox 2208 3655 2250 3689; x_wconf 86' lang='lat' dir='ltr'><strong>ad</strong></span> <span class='ocrx_word' id='word_1_1108' title='bbox 2274 3668 2332 3690; x_wconf 85' lang='lat' dir='ltr'><strong>om.</strong></span> <span class='ocrx_word' id='word_1_1109' title='bbox 2353 3654 2402 3688; x_wconf 76' lang='grc' dir='ltr'><strong>ΒΙ</strong></span> 
     </span>
    </p>
   </div>
   <div class='ocr_carea' id='block_1_52' title="bbox 2089 1690 2509 1736">
    <p class='ocr_par' dir='ltr' id='par_1_54' title="bbox 2089 1690 2509 1736">
     <span class='ocr_line' id='line_1_130' title="bbox 2089 1690 2509 1736; baseline 0 -11"><span class='ocrx_word' id='word_1_1110' title='bbox 2089 1700 2233 1726; x_wconf 84' lang='lat' dir='ltr'><strong>raesens</strong></span> <span class='ocrx_word' id='word_1_1111' title='bbox 2267 1699 2334 1736; x_wconf 85' lang='lat' dir='ltr'><strong>per</strong></span> <span class='ocrx_word' id='word_1_1112' title='bbox 2365 1690 2454 1726; x_wconf 89' lang='lat' dir='ltr'><strong>duos</strong></span> <span class='ocrx_word' id='word_1_1113' title='bbox 2503 1725 2509 1731; x_wconf 82' lang='grc'><strong>,</strong></span> 
     </span>
    </p>
   </div>
  </div>
 </body>
</html>
