2476 3854
184 86 262 134 Ed.
278 91 382 135 X111
413 103 474 147 pr.
501 92 521 133 1
1245 82 1328 132 780
1752 103 1812 134 nn
1840 102 1958 135 URBE
1986 101 2403 137 nmnnnmonun

1261 246 1333 291 Ἡ,-

335 335 514 389 ΠΕΡΙ
562 334 709 387 ΤΗΣ
756 333 912 387 ΑΑΕ
921 332 1494 467 ΞΑΝξέῗξ-Χξέἷῖ
1543 332 1693 388 ΤΩΝ
1740 335 2264 390 ΑΙΓῩΠΤΙΑΚῼΝ

382 489 443 537 (Ὁ
466 489 576 527 αὐτὸς
597 490 784 537 βασιλεὺς)
806 487 959 538 Ἰωάννῃ
977 491 1033 535 τῷ
1055 489 1284 536 ἐνδοξοτάτῳ
1310 491 1456 538 ἐπάρχῳ
1476 493 1552 527 τῶν
1575 489 1804 527 ἀνατολικῶν
1827 491 1936 539 ἱερῶν
1954 496 2201 539 πραιτωρίων.

314 559 619 605 (Προοίμιον.)
657 559 705 593 Εἰ
726 561 786 593 καὶ
809 558 856 593 τὰ
880 557 1102 603 σμικρότατα
1126 558 1204 593 τῶν
1226 556 1453 606 πραγμάτων
1474 559 1536 602 τῆς
1560 558 1700 594 ἑαυτῶν
1724 557 1898 603 ἀξιοῦμεν
1920 565 2101 606 προνοίας,
2125 560 2248 606 πολλῷ1
2264 559 2403 606 μᾶλλον

180 603 226 639 τὰ
258 603 409 651 μέγιστά
440 618 481 639 τε
507 607 566 638 καὶ
596 607 792 646 συνέχοντα
823 603 894 647 τὴν
924 600 1101 649 ἡμετέραν
1131 601 1318 639 πολιτείαν
1339 601 1403 638 οὗκ
1427 602 1732 649 ἐγκαταλείψομεν
1755 603 1837 639 οὐδὲ
1861 602 2073 651 ἀπρονόητα
2095 604 2180 641 οὐδὲ
2203 609 2266 642 τοῦ
2300 618 2403 653 προς-

180 649 327 692 ήκοντος
353 647 552 694 χηρεῦοντα
580 648 715 694 κόσμου
746 649 910 693 ἐάσομεν,
941 651 1002 682 καὶ
1030 648 1188 693 μάλιστα
1219 650 1282 692 τῆς
1312 651 1375 692 σῆς
1403 647 1490 693 ἡμῖν
1520 645 1764 696 ὓπουργούσης
1794 647 1986 695 ὑπεροχῆς,
2032 642 2124 697 ἧπερ
2150 650 2247 696 με’λει
2279 653 2341 695 τῆς
2363 665 2404 687 τι

180 693 351 740 ἡμετέρας
384 693 445 729 διὰ
469 692 624 730 πάντων
648 694 848 741 θεραπείας
871 694 934 736 τῆς
956 707 996 728 τε
1020 692 1200 737 αὐξήσεως
1223 695 1300 728 τῶν
1323 692 1508 739 δημοσίων
1527 695 1587 737 τῆς
1611 707 1650 728 τε
1673 696 1750 729 τῶν
1773 692 1962 730 ὑποτελῶν
1984 687 2063 730 τῶν
2085 695 2271 742 ἡμετέρων
2294 710 2403 743 φρον-

179 738 285 774 τίδος.
334 737 569 783 ἐννοήσαντες
592 742 727 782 τοίνυν,
750 738 798 773 ὥς
822 740 883 774 ἐπὶ
905 740 984 773 τῶν
1007 739 1219 784 ἔμπροσθεν
1240 738 1395 785 χρόνων,
1420 740 1451 773 εἰ
1474 742 1533 772 καὶ
1556 739 1604 773 τὰ
1627 738 1718 774 ἄλλα
1740 741 1819 774 τῶν
1843 738 2029 795 δημοσίων
2043 741 2270 787 εἰσπράξεων
2285 740 2403 776 ἐδόκει

179 795 257 820 πως
285 782 476 827 τετάχθαι,
511 779 587 818 ἀλλ’
613 777 680 819 οὖν
702 783 796 818 κατὰ
816 783 886 827 τὴν
907 783 1162 831 Αἰγυπτιακὴν
1186 782 1364 827 διοίκησιν
1386 780 1500 818 οὕτως
1522 777 1568 827 ἧν
1592 787 1843 830 συγκεχυμένα,
1867 783 1962 819 ω’στε
1976 784 2075 841 μηδὲ
2097 782 2119 820 δ’
2142 799 2179 821 τι
2202 786 2403 830 πράττεται

179 829 273 864 κατὰ
303 829 424 875 χώραν
454 829 621 865 ἐνταῦθα
651 829 913 876 γινώσκεσθαι,
944 832 1027 871 [καὶ]
1059 826 1323 873 ἐθαυμάσαμεν
1345 829 1415 873 τὴν
1432 831 1533 873 μέχρι
1556 830 1623 864 νῦν
1646 831 1711 863 τοῦ
1733 828 1943 875 πράγματος
1966 831 2136 871 αταξίαν·
2172 828 2239 866 du
2267 829 2404 866 ἔδωκεν

179 875 199 908 ὁ
235 874 323 909 θεὸς
353 877 413 908 καὶ
444 876 553 910 τοῦτο
584 877 657 909 τοῖς
689 872 869 919 ἡμετέροις
899 873 1133 920 φυλαχθῆναι
1163 877 1297 918 καιροῖς
1319 877 1379 908 καὶ
1403 876 1480 908 ταῖς
1498 875 1575 908 σαῖς
1597 871 1814 920 ὑπουργίαις.
1863 872 1987 921 ὥσπερ
2008 875 2079 922 γὰρ
2101 872 2187 918 ἡμῖν
2209 876 2278 911 τὸν
2301 878 2404 911 σῖτον

178 919 246 954 τὸν
270 919 414 954 ἐκεῖθεν
436 923 724 966 προςρίπτοντες,
747 916 864 953 οὕτως
883 915 989 953 οὐδὲν
1013 921 1135 965 ἕτερον
1154 916 1276 962 ἠξίουν
1300 919 1498 965 εἰσφέρειν·
1532 915 1607 953 ἀλλ’
1634 918 1671 954 οἱ
1689 921 1758 964 μὲν
1782 918 1958 954 συντελεῖς
1980 920 2158 961 καθάπαξ
2180 920 2402 967 ἰσχυρίζοντο

179 963 302 1000 πάντα
332 965 381 999 εἰς
404 961 601 1011 ὁλόκληρον
625 961 877 1005 ἀπαιτεῖσθαι,
909 963 945 998 οἱ
967 964 1150 1011 παγάρχαι
1173 962 1213 998 δὲ
1235 967 1295 998 καὶ
1319 963 1356 998 οἱ
1377 962 1648 1008 πολιτευόμενοι
1671 967 1731 998 καὶ
1754 963 1791 998 οἱ
1813 963 2010 1010 πράκτορες
2032 964 2110 1000 τῶν
2134 963 2319 1011 δημοσίων
2341 969 2402 1000 καὶ

179 1007 427 1055 διαφερόντως
457 1009 538 1056 (οἱ)
568 1010 661 1044 κατὰ
686 1009 815 1054 καιρὸν
846 1007 1016 1054 ἄρχοντες
1048 1008 1147 1044 οὕτω
1171 1007 1214 1043 τὸ
1239 1010 1390 1055 πρᾶγμα
1413 1012 1515 1054 μέχρι
1538 1011 1606 1044 νῦν
1631 1007 1852 1052 διετίθεσαν,
1877 1008 1925 1044 ὦς
1946 1007 2074 1055 μηδενὶ
2098 1008 2284 1045 δύνασθαι
2304 1012 2402 1058 γενέ-

178 1055 274 1089 σθαι
295 1054 493 1101 γνώριμον,
518 1053 640 1089 αὐτοῖς
664 1053 705 1089 δὲ
726 1053 852 1099 μόνοις
876 1052 1066 1100 ὲπικερδές.
1114 1052 1240 1098 ἐπειδὴ
1261 1059 1396 1096 τοίνυν,
1420 1054 1520 1099 εἴπερ
1543 1053 1738 1089 καταλίποι
1768 1068 1807 1088 εν
1831 1055 1871 1088 ἐν
1891 1051 1999 1098 ὁμάδι
2022 1054 2066 1089 τὸ
2084 1055 2234 1102 πρᾶγμα
2250 1052 2403 1091 διοικού-

178 1111 299 1142 μενον,
330 1098 394 1134 οὗκ
424 1098 472 1134 ἄν
503 1113 592 1136 ποτε
623 1097 835 1144 ἰσχύσαιμεν
866 1094 956 1134 αὐτὸ
987 1097 1215 1144 διακαθᾶραι
1237 1102 1298 1133 καὶ
1320 1099 1426 1140 τάξαι
1450 1098 1711 1145 προςηκόντως,
1760 1099 1797 1133 ιὰ
1821 1099 1930 1134 τοῦτο
1954 1098 2164 1144 συνείδομεν
2184 1099 2252 1144 τὴν
2276 1098 2401 1147 ἀρχήν,

178 1142 269 1191 ἥπερ
301 1146 494 1191 ἐφέστηκεν
524 1147 597 1179 τοῖς
620 1142 811 1191 Αἰγύπτου
842 1144 1030 1191 πράγμασι
1057 1146 1188 1190 (φαμὲν
1218 1140 1258 1179 δὲ
1286 1143 1355 1187 τὴν
1386 1145 1463 1178 τῶν
1488 1141 1784 1190 αὖγουσταλίων),
1806 1147 2061 1190 μετριωτέραις
2084 1146 2275 1189 ἐπιστῆσαι
2293 1158 2402 1200 φθον-

177 1194 286 1224 τίσιν.
334 1188 378 1224 οὗ
406 1190 476 1236 γὰρ
506 1187 554 1224 ἂν
584 1187 735 1224 δύναιτο
763 1187 898 1235 ῥᾳδίως
928 1189 976 1224 εἷς
1006 1187 1211 1231 ἀνθρώπου
1242 1190 1326 1223 νοῦς
1356 1187 1551 1224 τοσαύταις
1583 1187 1731 1235 ἀρκέσαι
1753 1193 1941 1235 μερίμναις
1963 1194 2024 1225 καὶ
2046 1189 2093 1225 τὸ
2116 1190 2265 1237 πρᾶγμα
2286 1201 2402 1226 ουτως

179 1232 376 1279 διαθεῖναι,
401 1230 497 1270 ὥστε
520 1235 699 1278 αἴσθησιν
721 1231 806 1280 ἡμῖν
829 1232 978 1281 ἀγαθὴν
1000 1236 1041 1269 ἐν
1064 1233 1165 1278 αὐτῷ
1188 1235 1424 1277 καταστῆσαι.

1195 1334 1352 1372 CAPUT
1375 1336 1404 1373 1.

316 1403 386 1439 Διά
409 1406 518 1439 τοῦτο
541 1406 667 1439 τοίνυν
690 1404 919 1447 θεσπίζομεν
943 1403 1012 1446 τὴν
1035 1402 1105 1447 σὴν
1124 1401 1304 1449 ὑπεροχὴν
1326 1401 1435 1438 τόνδε
1457 1401 1564 1448 ἡμῶν
1587 1404 1656 1438 τὸν
1680 1406 1740 1439 ἐπὶ
1760 1403 1880 1447 τούτῳ
1904 1402 2020 1448 νόμον
2043 1402 2404 1449 παραλαμβάνουσαν

178 1445 295 1484 οὕτως
325 1447 440 1485 αὐτὸν
471 1448 672 1491 διαθεῖναι,
701 1446 751 1484 οἷς
782 1448 888 1490 ἄξιόν
919 1450 1022 1483 ἐστιν
1051 1447 1143 1492 ἡμᾶς
1170 1450 1239 1493 μὲν
1269 1448 1461 1490 θεσπίσαι,
1491 1448 1561 1493 τὴν
1585 1447 1624 1483 δὲ
1647 1449 1717 1492 σὴν
1740 1446 1919 1494 ὑπεροχὴν
1944 1448 2180 1495 ὑπουργῆσαι.
2225 1452 2315 1484 τέως
2337 1443 2405 1485 οὖν

178 1494 247 1529 τὸν
270 1494 513 1540 περίβλεπτον
537 1492 797 1541 αὖγουστὰλιον
820 1492 1034 1538 βουλόμεθα
1058 1490 1169 1537 αὐτῆς
1191 1506 1231 1528 τε
1253 1491 1517 1539 Ἀλεξανδρείας
1540 1491 1660 1539 ἄρχειν
1684 1497 1744 1528 καὶ
1763 1490 1944 1528 ἁπάντων
1967 1495 2045 1528 τῶν
2067 1490 2145 1528 κατ’
2167 1490 2280 1548 αὗτῄν
2295 1508 2403 1540 φρον-

178 1542 303 1582 τίζειν,
320 1543 394 1594 ,καὶ
426 1541 517 1583 πρός
548 1553 589 1586 γε
618 1538 682 1575 δύο
706 1537 914 1593 Αἰγρπτων
944 1541 1005 1573 καὶ
1026 1536 1167 1583 μόνων,
1191 1539 1406 1595 ἐξῃρημένον
1429 1540 1493 1573 τοῦ
1515 1537 1716 1593 λεγομένου,
1731 1538 1954 1574 Μενελαΐτου
1977 1538 2040 1582 τῆς
2062 1535 2203 1574 πόλεως
2248 1551 2303 1575 τις
2326 1541 2404 1575 ἐστὶ

2429 788 2469 820 10

2428 1011 2469 1044 15

2426 1235 2469 1269 20

179 1588 223 1639 1²
248 1597 395 1639 πρωτης
417 1585 619 1639 ᾼίγύπτου,
643 1587 703 1620 καὶ
727 1596 816 1630 προς
836 1597 877 1631 γε
898 1584 963 1619 τοῦ
990 1583 1209 1630 Μαρεώτου·
1233 1585 1280 1619 ἐπ
1315 1585 1461 1618 ἐκείνοις
1481 1597 1553 1630 γαρ
1573 1584 1620 1618 τὰ
1643 1585 1766 1618 εἰκοτα
1797 1581 2086 1628 διατυπώσομεν.
2131 1582 2345 1629 βουλομιθα
2365 1582 2405 1620 δὲ
2426 1584 2469 1617 25

181 1643 295 1664 αυτον
323 1642 371 1665 ως
400 1632 538 1676 εὶρηται
568 1629 617 1675 μὴ
645 1630 758 1675 μόνης
778 1627 1055 1675 Ἀλεξανδρείας,
1088 1626 1179 1663 ἀλλὰ
1209 1631 1270 1663 καὶ
1293 1629 1371 1663 τῶν
1394 1626 1458 1663 δύο
1481 1629 1686 1676 Αἰγύπτιον
1708 1629 1809 1672 (μετὰ
1834 1628 1901 1672 τὴν
1924 1629 2114 1673 εἰρημένην
2137 1629 2315 1675 ἐξαίρεσιν
2336 1631 2403 1665 τοῦ

179 1688 219 1709 τε
243 1674 445 1722 Μαρεώτου
477 1679 537 1709 καὶ
565 1676 631 1710 τοῦ
655 1673 893 1718 Μενελαΐτου)
925 1674 1082 1719 ἄρχοντα
1112 1673 1350 1716 καθεστάναι,
1383 1672 1479 1708 ὥστε
1509 1674 1578 1709 τὸν
1605 1672 1763 1721 ἄρχοντα
1793 1673 1860 1708 τὸν
1890 1673 2083 1719 ἐπιχώριον
2104 1675 2183 1709 τῶν
2208 1675 2405 1721 εἰρημένων

181 1717 247 1754 δύο
274 1722 460 1765 ἐπαρχιῶν
491 1720 548 1755 ἐπ’
579 1717 680 1764 αὐτῷ
710 1719 889 1762 τετάχθαι
912 1722 973 1753 καὶ
994 1717 1110 1763 μόνῳ,
1142 1719 1313 1764 καθάπερ
1337 1722 1397 1752 καὶ
1419 1721 1522 1763 με’χρι
1545 1719 1614 1754 νῦν
1636 1718 1814 1762 σχήματος
1835 1721 1917 1762 ἔχει.
1965 1718 2103 1754 ταύτὸν
2126 1717 2166 1753 δὲ
2188 1720 2313 1764 εἰπεῖν,
2336 1718 2406 1755 τὸν

180 1764 426 1811 περίβλεπτον
455 1762 716 1811 αι’-γουστάλιον
746 1762 807 1798 διὰ
838 1764 882 1799 τὸ
915 1765 979 1807 τῆς
1009 1765 1192 1809 εἰρημένης
1220 1767 1389 1810 μεγίστης
1419 1762 1558 1799 πόλεως
1584 1763 1884 1809 πολυάνθρωπον
1914 1766 2008 1807 ἐχειν
2037 1763 2085 1799 τὰ
2116 1762 2238 1800 δίκαια
2259 1768 2320 1800 καὶ
2335 1766 2405 1809 ’τῆς

315 1856 467 1890 Edictum
490 1856 594 1891 XIII
614 1857 786 1898 (numerum
808 1868 867 1889 om.
889 1855 937 1889 M
953 1857 986 1889 in
1013 1862 1108 1898 textu,
1134 1856 1230 1889 habet
1253 1856 1320 1889 ind.
1346 1855 1407 1897 M)
1434 1855 1559 1890 Graece
1583 1862 1702 1889 tantum
1727 1861 1815 1887 extat
1837 1856 1870 1887 in
1897 1855 1944 1887 M.

1238 2019 1353 2058 XIII.

178 2101 282 2154 DE
334 2099 526 2153 URBE
573 2100 1240 2153 ALEXANDRINORUM
1292 2101 1392 2153 ΕΤ
1437 2100 1875 2153 AEGVPTIACJ
1876 2101 1918 2152 S
1968 2101 2400 2154 PROVINCIIS.

531 2177 634 2216 Idem
658 2180 857 2227 imperator
879 2178 1017 2216 Ioanni
1036 2179 1297 2227 qloriosissimo
1317 2180 1510 2229 praefecto
1533 2189 1640 2217 sacro
1667 2179 1826 2217 Orientis
1846 2180 2045 2227 praetorio.

312 2246 575 2293 Praefatio.
623 2246 666 2283 Si
696 2247 753 2284 vel
782 2247 947 2283 ntinimas
977 2258 1038 2283 res
1069 2251 1196 2283 nostra
1225 2259 1316 2284 cura
1346 2247 1478 2295 diqnas
1507 2248 1727 2290 iudicamus,
1759 2248 1870 2284 multo
1901 2249 2019 2294 maqis
2050 2249 2231 2285 maximas
2253 2251 2289 2285 et
2310 2260 2405 2296 quae

179 2295 340 2329 nostram
363 2292 621 2339 rempublicam
644 2293 829 2329 continent
851 2303 925 2328 non
949 2292 1236 2339 derelinquemus
1259 2303 1374 2339 neque
1396 2292 1578 2339 neqlectas
1601 2297 1666 2329 aut
1689 2293 1917 2329 conveniente
1943 2293 2069 2329 ordine
2092 2293 2221 2330 viduas
2236 2294 2404 2338 sinemus,

178 2337 391 2384 praesertim
416 2348 495 2373 cum
521 2341 584 2373 tua
605 2338 808 2374 sublimitas
827 2337 928 2373 nobis
950 2337 1134 2379 inserviat,
1158 2338 1217 2373 cui
1241 2339 1346 2374 cordi
1366 2342 1420 2373 est
1442 2341 1477 2374 et
1493 2342 1619 2373 nostra
1630 2349 1702 2384 per
1717 2340 1838 2373 omnia
1852 2338 1954 2375 salus
1968 2343 2003 2373 et
2017 2339 2273 2375 incrementum
2286 2339 2405 2385 publi-

180 2394 303 2419 corum
326 2382 507 2419 redituum
532 2386 568 2418 et
588 2382 813 2418 subditorum
837 2387 1047 2418 nostrorum
1070 2393 1170 2418 cura.
1218 2382 1494 2419 Considerantes
1518 2383 1632 2429 igitur
1646 2383 1896 2429 superioribus
1913 2388 1980 2419 tem
2009 2383 2142 2425 oribus,
2167 2383 2251 2420 licet
2265 2389 2406 2421 ceterae

177 2428 407 2475 publicorum
431 2428 643 2463 exactiones
667 2427 934 2474 quodammodo
951 2427 1144 2463 ordinatae
1166 2439 1244 2464 esse
1267 2428 1486 2470 viderentur,
1513 2432 1629 2463 tamen
1653 2428 1691 2462 in
1715 2428 1942 2474 Aeqyptiaca
1965 2394 2118 2464 dioecesi
2131 2439 2207 2464 rem
2222 2429 2274 2464 ita
2286 2429 2406 2475 fuisse

180 2473 386 2518 confusam,
421 2477 462 2508 nt
491 2483 536 2508 ne
566 2477 693 2508 notum
723 2473 867 2519 quidem
890 2477 984 2508 esset
1006 2472 1066 2508 hic
1089 2472 1179 2519 quid
1200 2474 1238 2508 in
1259 2472 1450 2519 provincia
1473 2477 1656 2519 ayeretur,
1690 2473 1815 2508 mirati
1835 2484 1958 2508 sumus
1981 2473 2058 2508 eius
2080 2473 2136 2509 rei
2158 2472 2403 2510 inordinatum

180 2518 354 2554 hactenus
374 2521 530 2559 statum:
552 2516 618 2553 sed
639 2517 727 2553 deus
751 2517 860 2553 etiam
883 2517 952 2554 hoc
980 2521 1047 2554 tem
1076 2517 1199 2553 oribus
1222 2518 1359 2553 nostris
1383 2522 1516 2564 tuoque
1537 2517 1737 2553 ministerio
1760 2518 1939 2553 reservari
1962 2519 2148 2555 concessit.
2187 2518 2281 2554 Nam
2304 2518 2405 2566 quod

177 2563 402 2609 frumentum
424 2562 508 2598 inde
529 2563 633 2598 nobis
655 2563 874 2608 proicerent,
898 2561 990 2598 nihil
1012 2573 1036 2598 a
1051 2563 1116 2598 iud
1137 2562 1365 2599 contribuere
1387 2562 1554 2598 volebant
1561 2574 1577 2604 ;
1597 2562 1664 2598 sed
1685 2562 1878 2598 collatores
1901 2564 2022 2598 omnia
2044 2563 2187 2599 omnino
2209 2574 2233 2599 a
2247 2574 2286 2600 se
2300 2564 2404 2611 exiqi

178 2607 288 2643 simul
316 2618 439 2643 omnes
473 2607 733 2653 affirmabant,
769 2619 822 2654 pa
849 2606 982 2643 archae
1009 2619 1094 2644 vero
1123 2611 1158 2643 et
1188 2608 1344 2644 curiales
1375 2611 1410 2644 et
1433 2606 1665 2654 publicorum
1696 2611 1890 2643 eoeactores
1915 2612 1951 2643 et
1977 2608 2145 2654 inprimis
2172 2609 2235 2654 qui
2260 2619 2405 2656 quoque

180 2656 342 2698 tempore
368 2653 554 2699 praefecti
584 2659 689 2688 erant
718 2664 793 2688 rem
850 2658 999 2688 actenus
1028 2653 1082 2688 ita
1113 2656 1330 2694 tractarunt,
1362 2655 1401 2688 ut
1424 2652 1560 2687 nemini
1578 2656 1704 2698 posset
1725 2663 1802 2688 esse
1817 2652 2030 2698 perspicua,
2062 2652 2153 2698 ipsis
2175 2658 2294 2689 autem
2316 2653 2405 2690 solis

180 2697 336 2732 lucrosa.
389 2695 566 2738 Quoniam
590 2697 715 2743 igitur,
737 2698 771 2733 si
792 2708 868 2733 rem
890 2698 968 2733 sine
991 2697 1119 2733 ordine
1142 2696 1430 2733 administratam
1454 2697 1748 2743 relinqueremus,
1779 2708 1965 2744 nunquam
1989 2708 2067 2733 eam
2087 2708 2275 2744 possemus
2297 2697 2404 2734 casti-

180 2753 270 2788 qare
293 2746 327 2776 et
350 2742 443 2777 iuste
464 2752 689 2788 componere,
712 2741 793 2778 ideo
818 2743 1069 2778 constituimus
1091 2741 1439 2779 administrationem
1463 2752 1558 2788 quae
1573 2743 1732 2788 Aeqypti
1750 2743 1856 2779 rebus
1873 2747 2022 2788 praeest
2044 2742 2293 2789 (Auqustalem
2315 2742 2403 2779 dici·

180 2790 272 2825 mus)
305 2786 505 2822 minoribus
528 2787 627 2822 curis
645 2787 857 2833 praeficere.
906 2787 1031 2833 Neque
1054 2788 1146 2824 enim
1168 2787 1283 2834 facile
1306 2789 1414 2823 unius
1436 2787 1592 2823 hominis
1616 2797 1716 2822 mens
1736 2791 1791 2823 tot
1813 2788 1912 2823 curis
1931 2787 2104 2832 sufficere
2119 2790 2249 2834 potest
2269 2790 2306 2824 et
2327 2797 2404 2824 rem

181 2832 233 2867 ita
256 2831 461 2911 disponere,
485 2835 525 2867 ut
549 2832 678 2868 bonam
702 2835 779 2868 eius
798 2832 963 2868 notitiam
987 2832 1089 2868 nobis
1106 2836 1279 2878 praestet.
1950 2867 1953 2869 .

335 2904 344 2912 .
392 2875 596 2921 Propterea
620 2877 735 2922 iqitur
753 2877 936 2913 sancimus
958 2877 1210 2914 sublimitatem
1235 2881 1331 2913 tuam
1350 2876 1484 2912 hancce
1507 2879 1669 2911 nostram
1693 2876 1738 2912 de
1761 2887 1806 2913 ea
1828 2888 1869 2912 re
1891 2876 2004 2923 leqem
2027 2877 2260 2923 accipientem
2283 2875 2337 2912 sie
2359 2887 2403 2913 ea

181 2921 254 2965 uti,
286 2925 327 2956 ut
357 2919 506 2965 diynum
537 2924 592 2956 est
622 2926 657 2957 et
690 2933 757 2957 nos
787 2923 930 2958 sancire
961 2927 997 2958 et
1026 2927 1124 2958 tuam
1155 2922 1406 2958 sublimitatem
1437 2921 1596 2967 obsequi.
1643 2920 1750 2957 Nunc
1780 2923 1894 2968 iqitur
1915 2921 2145 2968 spectabilem
2168 2920 2403 2967 Anqustalem

180 2967 297 3012 ipsam
316 2964 578 3001 Alexandriam
597 2976 723 3011 reqere
747 2970 781 3002 et
797 2968 953 3001 omnium
970 2978 1064 3013 quae
1078 2967 1128 3003 ad
1141 2978 1219 3003 eam
1231 2967 1419 3014 pertinent
1434 2976 1558 3002 curam
1575 2965 1706 3002 habere
1721 2966 1883 3003 volumus
1900 2972 1935 3002 et
1949 2966 2099 3012 insuper
2113 2965 2206 3001 duas
2217 2967 2405 3012 Aeqyptos

181 3010 291 3051 solas,
316 3015 487 3057 exempta
511 3010 600 3045 urbe
623 3021 717 3056 quae
741 3010 952 3047 Menelaites
975 3011 1110 3047 dieitur
1133 3018 1168 3048 et
1191 3013 1333 3058 primae
1355 3011 1513 3057 Aeyypti
1534 3014 1598 3053 est,
1621 3016 1656 3047 et
1680 3011 1829 3058 insuper
1851 3011 2044 3047 Mareota:
2063 3010 2109 3046 de
2131 3010 2188 3045 his
2210 3010 2303 3046 enim
2318 3021 2404 3045 con-

181 3058 203 3093 1
249 3060 422 3092 sentanea
452 3055 686 3091 constituturi
710 3066 843 3091 sumus.
897 3056 1068 3092 Volumus
1098 3061 1216 3093 autem
1248 3068 1345 3099 eum,
1377 3062 1417 3092 ut
1445 3056 1578 3092 dictum
1601 3058 1665 3098 est,
1690 3066 1762 3091 non
1786 3057 1901 3091 solius
1920 3054 2178 3096 Alexandriae,
2209 3053 2276 3090 sed
2296 3055 2405 3090 etiam

182 3102 371 3147 utriusque
394 3101 552 3147 Aegypti
580 3102 686 3146 (post
717 3100 849 3135 dictam
878 3102 1142 3147 exemptionem
1165 3100 1355 3138 Mareotae
1386 3105 1420 3138 et
1445 3100 1673 3142 Menelaitae)
1694 3101 1927 3147 praefectum
1950 3110 2038 3142 esse,
2061 3104 2100 3134 ut
2124 3098 2236 3135 iudea:
2285 3099 2404 3135 rovin-

182 3146 285 3181 cialis
308 3145 487 3181 dictarum
511 3144 665 3180 duarum
686 3146 959 3191 provinciarum
982 3146 1021 3180 in
1043 3156 1086 3181 eo
1110 3146 1189 3181 solo
1212 3146 1333 3191 qradu
1356 3146 1543 3187 consistat,
1568 3155 1672 3191 quem
1695 3145 1803 3180 etiam
1827 3143 2010 3190 hucusque
2034 3144 2179 3179 obtinet.
2260 3143 2295 3181 el
2308 3143 2407 3190 quod

181 3191 275 3226 idem
298 3194 362 3236 est,
385 3189 615 3237 spectabilem
639 3190 872 3237 Augustalem
894 3194 1050 3236 propter
1072 3190 1255 3226 hominum
1280 3192 1317 3226 in
1340 3194 1539 3225 memorata
1562 3189 1723 3225 maxima
1746 3188 1835 3224 urbe
1858 3188 2120 3224 multitudinem
2145 3188 2275 3224 habere
2297 3189 2404 3224 etiam

229 3360 243 3392 1
273 3358 328 3392 Ita
350 3359 429 3391 haec
452 3359 486 3391 in
510 3359 552 3391 M
558 3371 569 3390 .·
593 3354 681 3403 ἇρχὴ
706 3367 772 3391 συν
798 3355 875 3391 θεῶ
897 3356 962 3391 τοῦ
986 3356 1076 3401 πρὸς
1099 3354 1259 3399 ἰωάννην
1326 3368 1382 3398 χοι
1405 3355 1455 3397 M,
1479 3369 1560 3391 corr.
1586 3357 1799 3399 Zachariaess
1821 3359 1861 3393 15
1885 3356 1921 3391 οἱ
1944 3359 2019 3391 add.
2045 3358 2233 3392 Zachariae
2250 3357 2262 3400 ΙΙ
2281 3359 2322 3394 16
2343 3369 2403 3391 αυ-

183 3401 252 3436 τὸν
282 3399 523 3442 ἐνδοξότατον
554 3399 717 3446 ὕπαρχον
747 3403 899 3444 (correxi)
927 3401 1004 3435 τῶν
1033 3399 1260 3435 ανατολικῶν
1326 3402 1400 3435 τοῖς
1424 3401 1466 3435 Μ
1492 3401 1505 3445 fl
1533 3399 1683 3444 ένομάδι
1708 3402 1758 3442 M,
1785 3400 1963 3444 ἐνομάδας
1985 3416 2054 3437 cum
2078 3403 2263 3446 Scrimyero
2286 3403 2370 3446 vulq.
2390 3400 2404 3447 ΙΙ

185 3446 293 3490 ἱερῶν
316 3451 576 3490 πραιτωρίων.·
613 3467 651 3472 -
677 3445 787 3491 νόμος
810 3449 892 3492 περὶ
914 3446 991 3479 τῶν
1010 3447 1104 3486 (corr.
1129 3448 1260 3480 Zacha-
1328 3447 1370 3479 20
1402 3442 1457 3479 ἐπ’
1489 3442 1598 3488 αὐτῷ,
1625 3455 1740 3489 postea
1764 3447 1803 3479 ἐν
1828 3445 1925 3489 αὐτῷ
1949 3448 2136 3482 Zachariae
2169 3447 2181 3490 ΙΙ
2214 3448 2253 3480 21
2288 3458 2340 3481 πα
2364 3458 2403 3480 α-

185 3496 268 3530 riae)
303 3490 554 3538 ἀλεξανδρέων
585 3495 645 3525 καὶ
676 3494 754 3527 τῶν
783 3491 1033 3538 αἰγυπτιακῶν
1063 3491 1260 3535 ἐπαρχιῶν.
1329 3489 1573 3534 λαμβάνουσιν
1597 3493 1641 3525 B!
1653 3491 1664 3530 ΙΙ
1684 3493 1726 3526 22
1748 3487 1838 3525 αὐτὸ
1865 3490 2049 3527 Zachariae
2066 3493 2078 3535 ΙΙ
2097 3495 2138 3527 24
2169 3490 2312 3536 πρώτης
2369 3504 2403 3524 a-

185 3557 225 3562 —
247 3539 396 3571 Forsitan
421 3548 526 3571 errore
549 3539 708 3571 Iohannis
732 3551 841 3572 nomen
866 3538 1083 3571 constitutioni
1096 3538 1265 3580 praemitti
1330 3538 1475 3576 chariae]
1500 3536 1570 3579 πρὸ
1594 3537 1656 3579 τῆς
1674 3538 1715 3570 M
1731 3538 1742 3578 ΙΙ
1768 3539 1810 3571 28
1835 3550 1877 3570 οη
1901 3534 1960 3571 ὑπ’
1984 3534 2108 3580 αὖτῷῗ
2134 3540 2174 3581 cs.
2193 3550 2219 3570 c.
2234 3536 2312 3570 XV
2326 3538 2367 3569 in.
2390 3533 2403 3580 ΙΙ

186 3584 299 3615 statuit
322 3583 525 3621 Zachariae;
551 3585 594 3624 ff.
615 3588 660 3615 ad
681 3585 804 3617 subscr.
820 3582 832 3625 ΙΙ
857 3584 877 3617 6
901 3579 1178 3626 προσΙσήκοντος
1198 3581 1243 3614 Μ
1252 3579 1264 3625 ΙΙ
1330 3578 1540 3624 βουλόμεθα
1573 3579 1612 3614 δὲ
1642 3584 1701 3614 καὶ
1731 3581 1800 3615 τὸν
1825 3582 1967 3615 τούτων
1990 3579 2147 3629 ἄρχοντα
2172 3589 2245 3616 ante
2267 3578 2402 3615 ταύτὸν

189 3629 228 3661 10
253 3629 493 3669 συνκεχυμένα
507 3627 550 3660 Μ
564 3627 576 3671 ΙΙ
594 3630 632 3661 11
657 3630 717 3660 καὶ
741 3629 803 3661 del.
822 3626 1038 3670 Zachariaeu
1059 3627 1099 3660 14
1125 3623 1263 3670 παγάρ·
1333 3627 1445 3659 inserit
1469 3624 1654 3660 Zachariae
