2476 3854
183 91 292 135 Nov.
324 91 437 135 CVII
464 105 526 148 pr.

183 198 324 236 δίκαιον
354 205 414 236 καὶ
444 204 504 237 ἐπὶ
534 203 612 236 τῶν
642 201 762 236 ἄλλων
794 199 974 236 ἁπάντων
1004 206 1148 249 κρατεῖν
1182 206 1258 239 τῶν

182 247 272 291 μετὰ
296 248 411 281 ταῦτα
435 250 660 290 ἐσομε’νων,·),
690 249 749 280 καὶ
769 247 862 280 εἶναι
884 247 1021 290 ταύτην
1042 245 1161 283 αὐτοῖς
1182 250 1259 283 τῶν

184 290 410 338 πραγμάτων
433 293 500 335 τὴν
524 290 686 325 διάλυσιν
717 291 757 331 ἐξ
779 290 894 325 istum]
919 290 1031 336 νόμου
1055 295 1259 338 κρατοῦσαν

183 340 243 370 καὶ
266 339 387 381 ἑτέρας
409 336 507 370 τινὸς
531 333 788 371 διατυπώσεως
809 336 858 381 μὴ
884 335 1066 380 δεομένην,
1095 336 1171 372 ἀλλ’
1199 341 1258 373 ἐπὶ

183 383 261 415 τῶν
291 381 537 426 ναυκληρικῶν
567 380 647 424 ἦτοι
679 383 885 426 ἐμπορικῶν
909 379 1086 428 ἀφορμῶν
1116 384 1163 418 εἰς
1192 384 1259 418 τὸν

184 422 333 460 ἅπαντα
362 427 494 471 χρόνον
524 428 740 471 κρατοῦσαν,
772 424 820 460 ῶς
842 427 988 471 γενικὴν
1018 423 1132 463 οὖσαν
1154 442 1258 473 νομο-

184 472 318 505 θεσίαν
358 475 416 504 καὶ
451 473 510 505 ἐπὶ
545 472 622 505 τῶν
656 470 904 517 ναυκληρικῶν
937 470 1018 515 ἤτοι
1054 475 1260 520 ἐμπορικῶν

184 514 494 562 συναλλαγμάτων
525 517 729 560 κρατοῦσαν
753 513 970 562 ὅφείλουσάν
999 531 1039 552 τε
1069 521 1129 553 καὶ
1158 522 1261 564 μέρος

182 561 355 613 γενέσθαι
390 563 467 595 τῶν
497 559 565 604 ἤδη
601 559 690 606 παρ’
723 559 828 606 ἡμῶν
863 563 1089 618 τεθειμένων
1124 565 1261 609 νόμων,

1256 90 1336 137 510

1699 106 1758 136 DE
1786 105 2090 137 TESTAMENTIS
2117 106 2403 138 INPERFECTIS

1327 203 1481 246 nierunt,
1507 205 1680 248 quomodo
1705 215 1776 240 non
1800 207 1854 240 est
1872 205 2004 240 iustum
2020 207 2056 240 et
2078 205 2114 240 in
2139 206 2216 241 aliis
2241 205 2403 242 omnibus

1326 249 1444 283 valere
1475 259 1566 301 quae
1595 253 1720 295 postea
1752 252 1872 292 erunt,
1907 254 1944 285 et
1975 259 2054 285 esse
2082 250 2175 286 hanc
2205 251 2255 286 eis
2285 261 2404 286 rerum

1327 296 1604 329 transachonem
1639 305 1683 330 ex
1718 295 1863 340 propria
1902 295 1979 339 lege
2013 295 2185 330 valentem
2220 299 2256 331 et
2291 295 2404 330 altera

1329 338 1481 383 quadam
1505 339 1733 384 dispositione
1757 351 1828 374 non
1852 344 2023 384 egentem,
2048 340 2110 375 sed
2133 340 2170 375 in
2193 340 2405 375 nauclericis

1295 387 1391 419 5seu
1421 385 1664 428 negotiatoriis
1694 385 1942 421 occasionibus
1972 384 2009 419 in
2041 395 2145 420 omne
2175 389 2314 430 tempus
2344 394 2404 420 va-

1329 430 1469 473 lentem,
1493 432 1618 474 utpote
1640 430 1842 475 generalem
1865 430 2074 465 existentem
2093 430 2346 475 legislationem
2370 434 2406 464 et

1329 474 1365 509 in
1380 474 1591 509 nauclericis
1605 485 1668 511 seu
1685 475 1928 520 negotiatoriis
1944 475 2184 510 contractibus
2197 475 2404 520 expositam,

1330 522 1367 554 et
1390 529 1481 563 quae
1504 519 1610 555 debet
1632 520 1738 555 etiam
1762 531 1847 566 pars
1867 520 1943 555 fieri
1962 520 2032 554 iam
2048 530 2070 554 a
2088 520 2191 555 nobis
2210 520 2407 566 positarum

1330 564 1461 609 legum,
1494 568 1532 600 et
1561 565 1760 601 iudicantes
1791 566 1837 601 ad
1867 565 1961 601 hanc
1985 565 2216 610 respicientes
2247 565 2407 610 proferre

184 603 271 639 ὡςτε
295 610 354 639 καὶ
378 606 459 640 τοὺς
480 605 691 648 δικάζοντας
715 607 804 652 πρὸς
827 605 964 649 ταύτην
987 608 1262 653 αποβλέποντας
1278 613 1317 644 10
1330 609 1534 645 sententias.

184 651 372 685 ποιεῖσθαι
395 651 460 685 τὰς
483 655 621 695 κρίσεις.

233 693 521 743 (Ἐπίλογος.>
572 697 622 729 Τὰ
645 701 769 731 τοίνυν
793 697 1034 742 παραστάντα
1062 697 1148 744 ἡμῖν
1170 698 1192 743 ή
1218 700 1262 743 σὴ

183 738 339 785 ὑπεροχὴ
369 742 416 774 εἰς
440 741 482 775 τὸ
508 739 664 784 διηνεκὲς
684 741 1034 788 παραφυλάττεσθαι
1058 744 1262 779 σπευσάτω.

1375 699 1656 746 (Epilogus.)
1705 699 1804 744 Quae
1833 700 1940 746 igitur
1969 700 2180 745 placuerunt
2210 699 2314 735 nobis
2343 701 2407 734 tua

1333 744 1503 780 celsitudo
1527 745 1655 788 iugiter
1678 755 1818 780 servare
1842 746 1996 781 festinet.

228 786 312 821 Dat.
329 797 394 821 vn.
419 786 467 821 id.
488 786 583 831 Sept.
608 787 676 822 GP.
702 787 786 831 imp.
806 786 864 823 dn.
884 787 1072 824 Iustiniani
1091 800 1150 834 pp.
1171 791 1262 833 Aug.
1279 793 1321 825 14
1377 790 1459 825 Dat.
1477 801 1513 824 v.
1531 790 1577 825 id.
1595 789 1691 834 Sept.
1706 790 1774 825 GP.
1791 790 1876 836 imp.
1894 791 1969 836 (dn.
1984 790 2173 825 Iustiniani
2188 789 2297 834 Aug.)
2311 798 2405 824 anno

182 834 282 876 (aun.
309 831 404 868 XIV.
430 831 585 876 Iustino>
609 843 661 867 vc.
689 843 785 868 cons.

389 1066 567 1120 ΠΕΡΙ
596 1002 1063 1122 ΒΟξΛΗΣΕῼΝ

185 1132 333 1186 ΤΩΝ
368 1134 487 1186 ΕΙΣ
523 1135 710 1189 ΤΟΥΣ
740 1136 1015 1190 ΠΑΙΔΑΣ
1044 1136 1264 1190 ΓΕΝΟ-

589 1202 872 1256 ΜΕΝΩΝ.

185 1483 224 1520 Ὁ
247 1482 357 1520 αὐτὸς
379 1484 545 1530 βασιλεὺς
564 1484 701 1529 Βάσσῳ
728 1486 784 1528 τῷ
806 1485 1182 1533 μεγαλοπρεπεστάτῳ
1206 1486 1265 1521 κά-

1237 839 1284 877 [α.
1300 838 1377 877 540]
1436 834 1568 881 (xlv.)
1590 834 1727 870 Iustino
1750 836 1838 880 (vc.)
1862 847 1958 871 cons.

1738 1002 1846 1038 CVII.
1893 1003 2004 1039 Auth.
2019 1003 2093 1039 CII.
2119 1001 2303 1038 0011.V111
2321 1002 2405 1037 tit.3

1327 1073 1379 1121 R
1411 1073 1503 1121 DE
1540 1071 2023 1121 TESTAMENTIS
2059 1070 2408 1122 INPERFEG-

1333 1139 1448 1188 TIS
1493 1139 1539 1188 A
1582 1139 2022 1190 PARENTIBUS
2069 1139 2143 1189 IN
2185 1137 2406 1189 FILIOS

1333 1206 1597 1269 FACTIS,
1646 1209 1738 1256 ET
1777 1208 1869 1256 DE
1912 1206 2267 1258 DIVISIONE
2301 1207 2408 1256 RE-

1279 1289 1322 1322 20
1335 1275 1480 1325 RUM
1515 1275 1561 1324 A
1588 1274 1791 1325 FILIIS
1827 1274 2058 1325 CORAM
2093 1275 2408 1325 PARENTE

1334 1344 1425 1391 DE
1450 1342 1606 1393 EIUS
1634 1342 2153 1394 FACULTATIBUS
2183 1342 2408 1394 FACTA

1556 1412 1648 1460 ET
1685 1408 2107 1461 SUBSCRIPTA
2136 1410 2188 1459 R

1333 1487 1431 1523 Idem
1454 1488 1545 1533 Aug.
1572 1488 1685 1523 Basso
1709 1487 2059 1532 magnificentissimo
2091 1487 2213 1523 comiti
2242 1487 2408 1524 domesti-

185 1544 272 1574 μήτι
303 1532 380 1565 τῶν
410 1531 714 1575 καθωσιωμένων
746 1528 971 1574 δομεστίκων
1001 1533 1167 1574 ἐπέχοντι
1198 1531 1266 1567 τὸν
1334 1543 1458 1569 corum
1489 1533 1665 1568 obtinenti
1695 1533 1813 1569 locum
1836 1533 2007 1569 Iohannis
2035 1532 2278 1578 gloriosissimi
2305 1542 2408 1579 prae-

187 1576 305 1611 τόπον
318 1572 486 1610 Ἰωάννου
508 1577 574 1611 τοῦ
595 1574 832 1617 ἐνδοξοτάτου
855 1576 1011 1622 ἐπάρχου
1030 1581 1268 1623 πραιτωρίων
1282 1580 1323 1613 25

239 1621 282 1655 τὸ
298 1620 346 1665 β’,
370 1618 443 1655 ἀπὸ
471 1619 624 1656 ὑπάτων
646 1618 901 1667 <ἇρδιναρίων>
925 1625 985 1656 καὶ
1008 1627 1207 1668 πατρικίου.

232 1690 294 1734 <11
296 1702 317 1735 ρ
324 1702 344 1723 ο
352 1702 372 1723 ο
383 1693 398 1723 ί
402 1703 429 1733 μ
437 1703 450 1722 ι
459 1702 478 1723 o
486 1689 538 1734 ν.)
576 1692 852 1733 Κωνσταντίνῳ
867 1690 921 1733 τῷ
939 1691 1000 1733 τῆς
1016 1690 1120 1724 θἐίας
1134 1689 1267 1734 λήξεως

186 1731 296 1778 νόμος
318 1737 518 1781 γέγραπται
549 1735 611 1778 τῆς
635 1733 790 1770 παλαιᾶς
819 1736 1077 1780 ἐστοχασμένος
1107 1733 1266 1779 ἁπλότη-

1432 1578 1517 1613 fecti
1540 1588 1724 1614 sacrorum
1747 1578 2009 1623 praetoriorum
2031 1588 2096 1624 per
2119 1577 2309 1614 Orientem.

1379 1690 1663 1737 (Praefatio.)
1708 1692 1741 1726 A
1762 1690 1994 1727 Constantino
2017 1690 2118 1726 divae
2140 1691 2330 1727 memoriae
2351 1690 2410 1727 lex

1335 1736 1472 1781 scripta
1501 1739 1557 1772 est
1584 1746 1650 1782 per
1679 1736 1848 1780 antiquae
1879 1735 2106 1771 coniecturae
2135 1736 2409 1782 simplicitatem,

254 1814 338 1848 Nov.
357 1815 462 1848 CVII
480 1814 645 1857 (Anthent.
664 1814 733 1848 CII
743 1831 788 1844 =
809 1815 887 1848 Con.
910 1814 1003 1848 VIII
1022 1817 1068 1849 tit.
1083 1816 1119 1849 3:
1142 1816 1256 1859 yloss.)
1284 1816 1407 1850 Graece
1429 1823 1516 1850 extat
1540 1818 1572 1850 in
1597 1817 1669 1850 ML
1693 1818 1775 1860 (suit
1798 1818 1831 1850 in
1856 1816 1892 1849 B
1909 1816 1964 1857 35,
1978 1823 2025 1856 20,
2040 1823 2056 1848 2
2081 1817 2122 1859 cfi
2149 1817 2246 1851 index
2260 1818 2410 1861 Reqinae

183 1872 219 1903 p.
237 1860 303 1894 242
321 1860 524 1902 Heimbacffi,
556 1872 630 1904 cap.
648 1860 677 1894 Ι.
702 1859 746 1893 ΙΙ
765 1861 854 1902 (511,
868 1866 902 1893 24
926 1859 983 1893 Εἴ
999 1870 1053 1893 τις
1074 1859 1270 1906 γράμματα
1294 1859 1532 1905 ἐπιστάμενος
1553 1887 1561 1894 .
1575 1887 1582 1894 .
1598 1887 1605 1895 .
1620 1875 1630 1894 .’
1644 1864 1666 1904 ,)
1691 1864 1724 1895 in
1748 1861 1906 1895 Prochiro
1931 1861 1986 1903 21,
2002 1868 2050 1902 12,
2074 1862 2280 1906 Epanayoyc
2304 1863 2358 1904 29,
2375 1869 2408 1895 18

186 1905 240 1946 (esc
263 1905 420 1938 Prochiro
446 1906 541 1938 habet
563 1905 827 1948 Harmenopulus
853 1907 882 1948 5,
904 1913 936 1947 1,
954 1913 999 1939 25.
1017 1913 1066 1948 26,
1097 1908 1187 1940 cuius
1212 1914 1326 1941 textum
1350 1908 1383 1940 in
1409 1907 1494 1940 Bas.
1521 1907 1542 1939 l.
1569 1908 1589 1940 l.
1612 1908 1732 1951 recepit
1755 1907 1957 1948 Heimbach).
1987 1925 2034 1931 —
2068 1906 2159 1950 Epa.
2186 1907 2306 1942 Theod.
2333 1908 2409 1948 107,

186 1950 308 1984 Aehan.
328 1951 361 1992 9,
379 1957 408 1984 8.
454 1951 576 1985 Iulian.
602 1958 700 1984 const.
728 1950 765 1984 0.

181 2050 258 2086 par
285 2040 335 2075 sit
364 2039 404 2074 in
433 2039 584 2091 reliquis
614 2050 686 2085 quo
713 2050 759 2075 ue
789 2038 953 2074 omnibus
982 2050 1077 2085 qaae
1103 2040 1262 2086 posthac
1290 2041 1424 2086 futura
1455 2046 1541 2076 sunt
1571 2041 1690 2077 valere
1699 2041 1740 2084 2)),
1772 2041 1890 2087 sitque
1921 2039 2010 2076 haec
2039 2040 2085 2076 iis
2115 2050 2235 2076 rerum-
2265 2038 2408 2081 decisio,

185 2095 280 2130 quae
302 2095 352 2120 ea:
374 2084 522 2131 speciali
547 2084 625 2130 leqe
647 2095 692 2119 va
707 2087 766 2120 eat
795 2095 912 2130 neque
934 2084 1010 2119 alia
1033 2084 1110 2120 alla
1133 2085 1370 2132 dispositione
1393 2085 1570 2132 ι’νιιίἱρεαί,
1602 2097 1723 2122 verum
1751 2085 1791 2121 in
1814 2085 2118 2121 naviculariorum
2148 2085 2222 2121 sive
2243 2084 2408 2130 neqotia-

187 2135 305 2165 imam
335 2130 457 2165 cau-sis
484 2141 553 2176 per
583 2141 686 2165 omne
716 2133 857 2176 tempus
886 2129 1063 2172 obtineat,
1093 2131 1229 2177 quippe
1260 2142 1354 2177 quae
1383 2131 1566 2177 qeneralis
1595 2131 1644 2167 sit
1666 2130 1875 2167 constitutio
1898 2136 1932 2166 et
1954 2131 1994 2165 in
2016 2130 2323 2166 naviculariorum
2343 2140 2409 2165 seu

185 2176 451 2221 neqotiatorum
475 2175 720 2211 contractibus
741 2175 876 2217 valeat,
908 2179 1018 2220 atque
1041 2175 1147 2210 etiam
1170 2186 1266 2222 pars
1285 2176 1369 2222 fieri
1395 2175 1523 2213 debeat
1553 2177 1672 2222 layum
1702 2177 1775 2212 iam
1805 2186 1829 2211 a
1861 2175 1965 2212 nobis
1997 2176 2171 2219 latarum,
2203 2179 2245 2210 ut
2273 2173 2411 2210 iudices

186 2230 331 2266 quoque
353 2220 403 2255 ad
424 2231 503 2256 eam
525 2221 756 2267 respicientes
777 2220 974 2256 sententias
994 2220 1133 2266 ferant.

322 2264 387 2312 Ep
397 2265 562 2311 iloqus.
609 2264 710 2308 Quae
733 2266 848 2311 ἐρέται·
870 2265 973 2301 nobis
989 2265 1212 2311 placuerunt
1235 2270 1297 2302 tua
1320 2266 1521 2303 sublimitas
1539 2270 1716 2314 perpetuo
1741 2277 1887 2303 servare
1905 2265 2057 2301 studeat.

430 2489 532 2540 DE
565 2489 864 2541 ULTIMIS
906 2421 1425 2542 VOLUNTATCJAEJS
1456 2490 1549 2541 IN
1574 2490 1890 2543 LIBEROS
1907 2476 2175 2543 'FAOTJS

219 2566 321 2605 Idem
346 2570 529 2614 Λαμπείας
553 2568 674 2605 Basso
698 2570 1056 2616 maqnificentissimo
1081 2570 1204 2606 comiti
1227 2569 1537 2607 devotissimorum
1561 2569 1840 2606 domesticorum
1864 2571 1979 2607 Iocum
2004 2570 2179 2607 obtinenti
2202 2568 2378 2605 Iohannis

509 2614 764 2660 qloriosissimi
781 2615 969 2661 praefecti
990 2616 1180 2662 praetorio
1204 2615 1353 2658 iterum,
1385 2626 1435 2651 ex
1458 2615 1606 2651 consule
1627 2614 1849 2661 (ordinario)
1871 2619 1905 2653 et
1925 2616 2086 2663 patricii.

323 2681 583 2727 Praefatio.
636 2681 669 2717 Α
701 2681 935 2718 Constantino
967 2683 1071 2719 divae
1099 2684 1292 2720 memoriae
1323 2683 1387 2720 lex·
1417 2683 1557 2730 scripta
1587 2686 1642 2719 est
1674 2683 1862 2729 antiquam
1891 2688 2028 2719 sectata
2057 2682 2339 2727 simplicitatem,
2373 2685 2412 2717 at

244 2774 266 2805 4
289 2770 387 2805 τινὰς
411 2771 458 2804 M
459 2775 476 2793 ⁶
492 2771 506 2815 ΙΙ
532 2773 551 2806 8
575 2772 790 2817 κρατοῦσαν]
824 2774 1006 2816 expositam
1030 2785 1049 2809 ς
1068 2774 1079 2816 ΙΙ
1106 2776 1145 2808 10
1171 2770 1266 2807 ὥστε

189 2831 247 2851 om.
264 2829 283 2853 ς
306 2817 319 2860 ΙΙ
351 2818 393 2850 14
415 2819 535 2850 subscr.
554 2830 612 2850 om.
629 2817 691 2850 Iul.
717 2817 730 2861 ss
758 2817 788 2850 d.
810 2828 866 2851 νπ,
890 2815 934 2851 ιδ.
957 2821 1039 2862 sept.
1062 2819 1106 2852 Μ
1110 2832 1118 2858 ;
1143 2819 1209 2852 dat.
1230 2830 1265 2852 v,

187 2862 233 2895 id.
246 2862 333 2905 Sept.
348 2874 368 2898 ς·
392 2859 608 2906 ἐξεφωνήθη
623 2864 710 2905 μηνὶ
728 2866 957 2906 σεπτεμβρίῳ
974 2864 1106 2906 ΤΙιεοᾰ.,
1131 2862 1265 2910 ἐγράφη

189 2906 260 2952 πρὸ
284 2903 432 2939 καλάνδ.
446 2908 604 2949 (sic)Atl1.
624 2908 636 2951 ΙΙ
660 2907 727 2941 ΟΡ.
751 2927 792 2932 -
819 2910 921 2949 cona]
953 2919 1003 2951 cp.
1028 2908 1084 2941 dn.
1107 2909 1185 2942 inst.
1210 2920 1264 2952 pp.

188 2963 265 2995 aug.
282 2962 312 2985 V.
330 2963 358 2986 c.
377 2962 481 2984 conss.
496 2953 543 2985 M
559 2952 624 2984 GP.
641 2952 720 2995 imp.
737 2963 825 2985 anno
845 2953 1029 2986 iustiniano
1052 2964 1140 2986 cons.
1163 2956 1233 2988 cod.
1247 2966 1267 2991 ς

189 2998 260 3031 ἔτει
285 2994 334 3030 ιδ’
352 2995 535 3040 βασιλείας
556 2993 811 3030 ’Ῑουστινιανοῦ
838 2998 959 3031 ΤΙιεοιί.
983 3010 1046 3031 κω.
1073 3001 1196 3033 omissis
1217 3013 1266 3033 re-

191 3045 286 3087 liquis
309 3043 385 3076 Am.
414 3042 427 3085 ss
458 3044 497 3076 17
517 3044 604 3075 rubr.
630 3055 686 3075 om.
713 3043 744 3075 L
770 3044 802 3076 in
828 3050 927 3084 textu,
964 3045 1018 3076 Πε
1042 3046 1053 3075 ἱ
1084 3044 1161 3077 τῶν
1184 3047 1267 3087 βου-

190 3087 330 3131 λήσεων
352 3087 430 3122 τῶν
453 3086 501 3120 εἰς
523 3083 654 3120 παῖδας
676 3089 882 3132 γενομένων
901 3089 997 3122 index¹
1046 3115 1055 3131 ‚
1080 3090 1169 3131 Περὶ
1185 3092 1268 3133 βου-

190 3131 330 3176 λήσεων
355 3133 476 3166 ΤΙιεοιὶ.
510 3134 599 3177 Περὶ
622 3129 825 3175 βουλήσεως
851 3134 947 3166 index
967 3135 1041 3166 Aa».
1067 3135 1167 3178 (Περὶ
1191 3135 1269 3168 τῶν

189 3176 396 3223 βουλεύτων
425 3180 459 3212 in
483 3185 568 3211 textu
591 3179 666 3210 Ach.
692 3179 794 3219 cod.);
829 3177 977 3211 εἰκότως
1008 3180 1268 3224 ἐπιγέγραπται

189 3226 272 3269 περὶ
305 3220 523 3268 βουλήσεως·
559 3220 608 3256 ῶς
631 3218 789 3265 διαθήκη
823 3221 893 3268 γὰρ
916 3219 958 3255 οὐ
982 3226 1105 3267 κρατεῖ
1137 3223 1182 3257 τὰ
1218 3223 1267 3268 μὴ

190 3269 319 3311 ἔχοντα
339 3265 532 3311 διαθηκῶν
551 3265 814 3312 παρατήρησιν,
838 3263 886 3301 οἷς
907 3279 994 3312 φησι
1014 3271 1063 3311 βι.
1082 3266 1110 3304 ς’
1126 3265 1171 3310 (α’
1187 3271 1267 3310 cod.‚

190 3328 272 3348 corr.
294 3314 494 3355 Zachariae)
517 3313 582 3347 τοῦ
601 3309 748 3346 unicium
770 3315 816 3346 τί.
839 3312 896 3358 κγ’
915 3310 1008 3346 ὃιάτ.
1025 3312 1081 3359 κγ’
1106 3315 1179 3355 (scr.
1198 3312 1267 3356 κα’)

190 3360 229 3393 έν
253 3358 345 3393 τέλει
368 3359 466 3393 schol.
485 3359 532 3393 M
544 3360 577 3393 in
594 3371 695 3401 mary.
720 3357 733 3399 ΙΙ
757 3359 797 3392 18
819 3360 1025 3403 γενομένων
1041 3359 1091 3400 Μ,
1115 3360 1211 3392 index
1224 3359 1266 3400 L]

188 3406 391 3451 γινομένων
415 3405 512 3438 index
533 3404 588 3443 M,
613 3404 710 3437 index
732 3403 878 3447 Reyinac
895 3403 907 3446 ΙΙ
926 3405 967 3437 23
983 3405 1077 3436 inser.
1101 3400 1139 3436 Ὁ
1160 3400 1268 3436 αὐτὸς

189 3448 355 3493 βασιλεὺς
378 3449 508 3492 Βάσσῳ
532 3448 758 3494 τοποτηρητῇ
782 3447 859 3481 τῶν
883 3444 1134 3488 ἐνδοξοτάτων
1159 3444 1266 3492 ἐπάρ-

189 3507 265 3536 χων
277 3497 353 3528 Allo.
370 3494 382 3539 ΙΙ
409 3497 453 3529 24
468 3493 759 3537 καθοσιωμένων
778 3489 1010 3547 δομεστήκων
1022 3494 1069 3527 M
1078 3494 1090 3537 ΙΙ
1114 3495 1156 3528 25
1177 3494 1266 3527 *ἐπ-

190 3538 295 3584 άρχου
319 3542 374 3583 (cf.
390 3541 495 3582 Ath.)]
520 3538 681 3584 ὑπάρχου
700 3539 772 3573 ML
798 3538 811 3583 ΙΙ
842 3540 884 3572 26
908 3535 1128 3583 ορδιναρίων
1153 3540 1270 3572 addidi

191 3582 410 3629 (ὀρδιναρίου
434 3587 511 3618 add.
526 3586 725 3626 Zachariae)
740 3583 753 3628 ΙΙ
777 3586 957 3628 πατρικίω
973 3584 1056 3625 ML,
1070 3597 1151 3618 corr.
1167 3584 1267 3617 Hom-

192 3631 291 3673 heryk
308 3630 320 3673 ΙΙ
339 3631 380 3664 28
396 3628 516 3673 νόμος]
539 3631 615 3664 Cod.
631 3631 661 3669 3,
675 3638 723 3672 36,
737 3636 772 3663 26
791 3630 851 3672 (βι.
864 3627 896 3681 γ’
912 3629 978 3662 τοῦ
992 3626 1141 3662 κώδικος
1155 3632 1200 3661 τί.
1216 3626 1263 3665 λς’

192 3671 283 3707 διιὶτ.
299 3673 358 3707 κα’
379 3677 440 3708 καὶ
462 3673 513 3712 κε’
531 3676 630 3709 schol.
646 3676 703 3716 M)
730 3674 743 3718 ΙΙ
771 3675 812 3708 29
835 3684 898 3716 της
922 3672 1077 3707 παλαιῆς
1100 3675 1264 3716 ἐστοχασ-

1332 2776 1436 2817 μένος
1453 2770 1666 2816 ἁπλότητος]
1687 2785 1747 2816 per
1763 2774 1919 2816 antiquae
1935 2774 2143 2808 coniecturae
2167 2775 2200 2816 (ί.
2218 2787 2244 2807 e.
2261 2783 2411 2815 στοχασ-

1332 2819 1401 2862 μοῦ
1411 2820 1440 2862 Ῡ)
1463 2819 1709 2862 simplicitatem
1732 2831 1752 2855 ς

1402 2955 1423 2987 2
1447 2954 1519 2987 eius
1544 2954 1577 2988 T
1601 2953 1615 2998 ΙΙ
1642 2955 1662 2988 3
1686 2953 1864 2987 secundum
1889 2952 2055 2996 propriam
2080 2951 2182 2994 legem
2208 2952 2319 2985 ualere
2350 2953 2383 2986 V
2398 2951 2411 2996 ΙΙ

1334 3001 1356 3034 4
1376 2999 1515 3040 quedam
1539 3000 1570 3032 T
1584 2999 1596 3041 ΙΙ
1612 3002 1728 3040 egente
1740 2998 1850 3041 R²Tn
1866 2996 2046 3030 naucleriis
2068 2997 2099 3030 Τ
2111 2998 2123 3039 ΙΙ
2140 3000 2159 3031 5
2180 2997 2410 3039 negotiatoriis

1339 3044 1439 3085 R’V]
1462 3043 1759 3085 negociatoribusis
1774 3045 1845 3084 (sic)
1866 3043 1911 3075 R¹
1937 3042 1973 3074 in
1998 3041 2260 3083 negotiatoribus
2286 3042 2319 3075 T
2334 3041 2347 3087 ΙΙ
2372 3042 2408 3075 111

1334 3088 1427 3122 0111111
1450 3090 1595 3131 tempore
1623 3088 1653 3120 R
1673 3091 1685 3131 ΙΙ
1712 3087 1876 3120 ualentem
1900 3087 1945 3128 R]
1971 3086 2102 3119 ualente
2124 3087 2187 3121 VT
2207 3088 2220 3129 11
2244 3089 2265 3121 6
2288 3090 2410 3131 utputa

1335 3134 1369 3167 R
1394 3134 1406 3177 ΙΙ
1432 3133 1585 3175 generale
1609 3133 1767 3165 existente
1792 3131 2000 3174 legislatione
2026 3132 2057 3165 T
2078 3131 2090 3175 ΙΙ
2119 3134 2302 3174 exigentem
2338 3133 2370 3165 V
2397 3134 2409 3178 ΙΙ

1335 3181 1368 3211 et
1391 3191 1449 3212 om.
1465 3180 1496 3211 R
1513 3178 1526 3222 ΙΙ
1544 3177 1786 3212 7inau01eriois
1799 3177 1832 3210 R
1849 3177 1861 3221 ΙΙ
1878 3177 2109 3219 negotiatoriis
2121 3178 2171 3210 R²
2180 3177 2227 3210 V³
2238 3179 2283 3219 T]
2307 3187 2408 3220 nego-

1335 3223 1543 3256 tiatoribusis
1566 3224 1638 3264 (sic)
1651 3222 1699 3255 Β*
1725 3222 1986 3288 negotiatoribus
2008 3222 2056 3255 V¹
2074 3221 2087 3266 ΙΙ
2103 3223 2284 3267 expositam
2309 3224 2407 3267 vulo]

1435 3268 1443 3275 .
1790 3269 1797 3275 .
2101 3269 2108 3276 .
2216 3269 2225 3288 ¹
2394 3286 2408 3292 -

1334 3268 1934 3357 {mi}5510⁸3555.„Z..5”V³5‘÷‘a
1947 3269 2062 3356 ,ἴξῖῗρῗι
2082 3268 2408 3357 ’ἰ’ἑ’).ὦῗ.ἶῖερῗῖωὲῗ,η

1335 3371 1416 3391 unus
1445 3366 1593 3401 praestat
1617 3357 1872 3401 Neoburyensz‘s:
1911 3358 1975 3390 dat.
2001 3368 2034 3390 v,
2059 3358 2103 3390 id.
2128 3360 2209 3401 sept.
2233 3368 2303 3401 cap.
2328 3357 2407 3402 imp.

1334 3413 1422 3435 anno
1445 3402 1628 3436 iustiniano
1651 3403 1784 3435 consule
1806 3402 1819 3447 ΙΙ
1852 3405 1890 3436 17
1919 3404 1976 3443 De]
2004 3404 2051 3435 De
2075 3403 2110 3435 in
2138 3403 2214 3447 R'ss
2245 3405 2285 3437 18
2309 3413 2329 3435 a
2351 3413 2407 3445 pa·

1334 3447 1495 3489 rentibus]
1514 3447 1751 3491 apparentibus
1770 3448 1824 3491 Vn
1844 3449 1886 3481 20
1899 3450 2047 3491 parente]
2063 3450 2199 3490 parente
2213 3448 2308 3481 factis
2319 3448 2349 3481 R
2360 3447 2409 3492 Vn

1335 3494 1374 3527 21
1402 3493 1453 3533 de]
1484 3496 1516 3526 et
1537 3494 1576 3526 de
1600 3493 1650 3527 13²
1667 3495 1751 3538 vulq.
1769 3493 1782 3536 ΙΙ
1800 3495 1840 3527 23
1863 3493 1974 3535 magni
1997 3493 2176 3526 centesimo
2200 3493 2318 3526 comite
2346 3493 2410 3536 1⁷1}

1335 3538 1598 3581 domesticorum]
1623 3539 1697 3571 dffn
1722 3541 1758 3572 1’1‘1
1781 3539 1811 3571 V
1830 3539 1907 3571 dnffi
1933 3551 1976 3572 m.
2005 3539 2035 3571 R
2059 3539 2125 3571 dffo
2149 3542 2170 3570 n
2195 3539 2238 3571 tff·
2260 3540 2294 3580 (ι’.
2310 3550 2335 3571 e.
2350 3537 2406 3571 do-

1335 3584 1425 3615 mino
1443 3594 1508 3616 non
1526 3586 1668 3626 tantum)
1687 3584 1718 3617 T
1730 3583 1743 3627 ΙΙ
1761 3584 1803 3617 24
1824 3584 1962 3616 iohanni
1984 3584 2015 3616 R
2032 3585 2043 3626 ΙΙ
2061 3583 2298 3626 gloriosissimo
2321 3582 2381 3615 VR
2395 3581 2408 3627 ΙΙ

1335 3630 1377 3662 25
1401 3630 1640 3671 praetoriorum
1666 3630 1824 3662 orientem
1858 3631 1886 3661 V
1917 3630 2155 3672 praefectorum
2180 3629 2319 3661 orientis
2347 3628 2379 3661 T
2395 3629 2406 3671 Η

1335 3675 1375 3708 27
1399 3675 1427 3706 Α
1454 3687 1510 3707 om.
1534 3675 1587 3718 Vn
1607 3676 1648 3708 28
1672 3675 1840 3716 antiquem
1868 3674 1912 3707 12¹
1933 3674 1946 3718 ss
1961 3674 2178 3706 coniuncture
2199 3674 2248 3707 V¹
