2592 3840
223 95 333 139 Nov.
364 95 587 140 LXXXVI
622 98 726 138 1-—3

224 209 405 252 προςιέναι
429 208 481 249 τῷ
500 205 744 250 λαμπροτάτῳ
767 205 830 247 τῆς
852 206 1022 249 ἐπαρχίας
1045 203 1210 249 ἄρχοντι,
1235 202 1297 251 ἐφ’

223 243 296 295 ᾧτε
328 249 441 286 αὐτὸν
473 251 565 285 κατὰ
595 251 677 284 τοὺς
700 248 887 294 ἡμετέρους
912 249 1043 293 νόμους
1066 249 1232 290 ἐξετάσαι
1255 250 1302 285 τὰ

223 296 554 343 προςαγγελλόμενα
585 299 644 328 καὶ
676 294 817 337 ἑκάστῳ
849 295 892 328 τὸ
926 292 1067 328 δίκαιον
1098 293 1300 341 φυλάττειν.

225 342 255 375 εἰ
286 340 326 375 δὲ
356 342 511 387 προςιών
542 351 594 373 τις
625 340 678 382 τῷ
711 339 859 384 ἄρχοντι
894 340 958 394 τῆς
987 339 1103 385 χώρας
1132 339 1182 384 μὴ
1212 340 1302 395 τύχῃ

1293 91 1376 139 420

1844 106 1905 138 UT
1933 105 2237 138 Dmnnnms
2260 103 2440 137 molens

1368 204 1571 249 provinciae
1585 204 1747 246 iudicem,
1772 205 1813 239 ut
1831 206 1868 240 et
1883 204 1960 250 ipse
1976 205 2171 241 secundum
2186 207 2327 240 nostras
2345 205 2440 250 leges

1371 249 1548 284 examinet
1563 259 1606 285 ea
1629 260 1720 294 quae
1736 254 1985 294 proponuntur
2007 255 2044 285 et
2060 249 2249 294 unicuique
2267 250 2440 286 iustitiam

1371 298 1495 330 servet.
1544 294 1582 329 Si
1604 305 1686 330 vero
1711 294 1795 330 dum
1817 295 1946 339 aliquis
1973 294 2100 330 adierit
2122 294 2276 330 iudicem
2298 295 2440 340 provin-

1371 340 1447 375 ciae
1470 349 1541 375 non
1562 340 1729 375 meruerit
1753 339 1934 382 iustitiam,
1959 341 2046 375 tunc
2060 339 2224 375 iubemus
2248 349 2327 375 eum
2343 339 2441 375 adire

223 387 301 421 τῶν
333 385 496 427 δικαίων,
529 385 612 418 τότε
643 383 831 428 κελεύομεν
863 397 978 418 αυτον
1008 383 1219 440 προεελθεῖν
1247 399 1300 429 τῳ
1338 388 1357 419 5
1371 394 1473 419 suum
1497 385 1759 420 sanctissimum
1783 385 2008 437 episcopum,
2036 389 2072 420 et
2093 385 2211 430 ipsum
2234 385 2372 420 mittere
2394 384 2442 419 ad

224 432 316 465 κατὰ
337 432 404 466 τὸν
424 432 537 465 τόπον
562 428 756 473 ὁσιωτάτῳ
781 429 983 472 ἐπισκόπῳ,
1007 433 1067 463 καὶ
1083 430 1198 465 αυτὸν
1213 433 1300 476 πέμ-

225 487 293 521 ψαι
326 477 414 521 πρὸς
437 476 503 509 τὸν
523 474 782 518 λαμπρότατον
804 475 867 517 τῆς
888 476 1057 529 ἐπαργίας
1080 474 1255 521 ἄρχοντα,
1279 473 1302 519 ἢ

224 525 283 555 καὶ
301 518 350 555 δι>
370 522 498 554 ἑαυτοῦ
524 519 797 565 παραγενέσθαι
829 519 918 564 πρὸς
949 519 1072 561 αυτόν,
1105 524 1164 554 καὶ
1187 534 1302 566 παρα-

225 566 395 599 σκευάσαι
421 562 534 599 αύτὸν
565 565 624 598 ἵνα
654 565 745 599 πᾶσι
766 563 914 619 τρόποις
946 561 1082 612 οἰκούσῃ
1113 567 1176 599 τοῦ
1202 577 1302 611 προς-

1371 429 1604 465 clarissimum
1634 430 1838 475 provinciae
1869 430 2022 466 iudicem
2055 434 2119 465 aut
2152 439 2217 475 per
2250 439 2289 465 se
2324 429 2443 464 venire

1370 474 1415 509 ad
1435 483 1527 517 eum,
1551 482 1587 510 et
1602 484 1818 520 praeparare
1841 485 1920 510 eum
1944 477 1985 510 ut
2003 475 2167 511 omnibus
2187 475 2301 510 modis
2320 473 2444 509 audiat

1370 519 1655 564 interpellantem
1689 523 1727 555 et
1759 521 1885 556 liberet
1920 530 1999 555 eum
2037 530 2117 555 cum
2148 519 2286 555 iustitia
2315 528 2441 555 secun-

1372 565 1457 599 dum
1480 568 1622 600 nostras
1646 565 1757 609 leges,
1789 570 1829 600 ut
1853 575 1925 601 non
1949 569 2097 610 cogatur
2125 574 2273 610 peregre
2301 563 2345 600 de
2378 573 2444 599 sua

225 611 342 645 ιύντος
377 613 436 644 καὶ
467 607 656 657 ἀπαλλάξῃ
690 607 803 662 ιιέτον
833 609 925 654 μετὰ
949 612 1013 644 τοῦ
1039 608 1177 644 δικαίου
1210 611 1302 645 κατοὶ
1319 612 1359 643 10
1371 609 1488 654 patria
1518 609 1707 654 proficisci.
1757 609 1794 645 Si
1817 621 1899 646 vero
1931 611 2038 646 etiam
2070 610 2295 646 sanctissimo
2326 608 2442 645 archi·

224 655 304 690 τοὺς
328 653 515 700 ἡμείἐ·”ρους
537 655 677 699 νόμους,
702 665 790 688 ωςτε
812 655 861 699 μὴ
883 653 1165 700 ἀναγκασθῆναι
1191 653 1303 689 αὐτὸν

225 697 425 745 ἀποδημεῖν
449 702 511 743 τῆς
527 698 619 734 ἰδίας
640 698 820 745 πατρίδος.
865 700 896 733 εἰ
920 697 959 734 δὲ
981 704 1041 734 καὶ
1064 702 1128 735 τοῦ
1147 699 1302 735 ὁσιωτά-

224 760 287 779 του
311 744 510 780 ἐπισκόπου
534 747 739 792 ἐπείγοντος
768 745 836 779 τὸν
859 744 1017 790 ἄρχοντα
1047 745 1139 790 μετὰ
1162 747 1227 780 τοῦ
1251 743 1302 779 δι-

224 795 324 824 καίου
341 789 508 825 διαλῦσαι
527 791 573 825 τὰ
587 792 665 824 τῶν
682 789 906 845 προςιόντων
930 789 1125 844 πράγματα
1142 788 1161 824 ὁ
1180 790 1303 836 ἅρχων

1194 836 1201 846 Χ

1371 654 1540 699 episcopo
1577 655 1808 699 compellente
1843 655 1996 691 iudicem
2037 666 2117 691 cum
2151 655 2289 691 iustitia
2325 654 2442 690 deter-

1370 699 1508 734 minare
1537 699 1838 744 interpellantium
1870 710 1997 737 causas
2027 700 2135 736 iudex
2165 699 2283 735 differt
2309 699 2443 734 discer-

1371 754 1457 780 nere
1487 744 1667 789 negotium
1699 750 1735 780 et
1758 755 1830 780 non
1859 752 1975 781 servet
2005 745 2227 790 litigantibus
2258 743 2443 786 iustitiam,

1371 790 1533 825 iubemus
1557 789 1821 825 sanctissimum
1846 791 1999 827 civitatis
2013 791 2109 826 illius
2133 791 2341 836 episcopum
2357 789 2443 825 dare

225 835 522 879 διαναβάλλεται,
554 834 577 878 ἢ
599 839 712 880 κρίνει
741 837 809 880 μὲν
832 849 901 878 την
932 835 1127 877 υπόθεσιν,
1157 850 1206 880 μη
1240 838 1358 888 wv315
1372 835 1418 870 ad
1440 845 1506 870 nos
1529 834 1667 871 litteras
1699 835 1733 871 ei
1763 835 1824 879 qui
1854 846 1928 872 non
1957 836 2087 872 meruit
2116 835 2212 881 quod
2234 836 2365 871 iustum
2388 837 2445 870 est

226 881 318 921 λάξει
344 880 383 914 δὲ
405 883 479 914 τοῖς
502 884 722 925 κρινομένοις
744 881 787 914 τὸ
810 878 961 922 δίκαιον,
986 883 1225 926 ἐπιτρέπομεν
1248 895 1300 924 τῳ

224 924 415 968 οσιωτάτῳ
441 926 631 969 ἐπισκόπῳ
656 928 789 969 ἐκείνης
810 927 873 969 τῆς
889 925 1027 960 πόλεως
1054 923 1181 960 δοῦναι
1214 926 1303 971 πρὸς

224 971 314 1013 ημᾶς
336 972 531 1017 γράμματα
554 972 607 1026 τος)
631 972 681 1015 μὴ
705 970 852 1014 τυχόντι
875 972 939 1005 τοῦ
962 970 1100 1005 δικαίου
1124 969 1302 1014 δηλοῦντα

223 1013 284 1049 ὅτι
308 1016 488 1069 ἐπειχᾷεὶς
512 1028 587 1062 παρ
623 1014 733 1050 αὐτοῦ
756 1014 775 1049 ὁ
792 1016 914 1071 ἄρχων
930 1013 1126 1070 ἀνεβάλετο
1150 1014 1301 1050 ἀκοῦσαι

1371 880 1604 923 insinuantes,
1629 879 1712 925 quia
1735 884 1881 916 coactus
1905 881 1951 917 ab
1976 891 2018 917 eo
2035 881 2143 916 iudex
2160 880 2299 917 distulit
2319 879 2444 916 audire

1370 924 1655 970 interpellantem
1686 929 1722 960 et
1751 925 1911 961 iudicare
1941 927 2032 962 inter
2064 935 2145 961 eum
2175 930 2212 961 et
2234 925 2296 971 qui
2325 925 2370 961 ab
2402 934 2443 959 eo

1373 974 1566 1006 conventus
1595 975 1669 1013 θεῖς
1704 973 1744 1005 ut
1773 970 1861 1006 haec
1894 975 2148 1015 cognoscentes
2176 981 2242 1006 nos
2270 969 2446 1016 supplicia

1370 1016 1563 1051 inferamus
1596 1014 1706 1050 iudici
1736 1015 1956 1060 provinciae,
1993 1016 2088 1062 quod
2117 1015 2363 1061 interpellatus
2397 1014 2444 1050 ab

223 1063 287 1094 τοῦ
305 1073 522 1106 προςιοντος,
546 1065 606 1095 καὶ
623 1059 804 1116 διακρῖναι
827 1075 874 1095 τα
896 1061 1030 1105 μεταξύ
1056 1058 1167 1095 αὐτοῦ
1188 1075 1228 1096 τε
1242 1065 1302 1095 καὶ
1317 1063 1357 1096 20
1371 1071 1413 1096 eo
1446 1061 1507 1105 qui
1533 1060 1743 1095 iniustitiam
1774 1070 1903 1106 passus
1928 1065 1983 1097 est
2014 1065 2051 1097 et
2073 1065 2220 1097 coactus
2248 1070 2271 1096 8
2293 1059 2444 1096 Sanctis-

223 1108 288 1140 τοῦ
320 1104 412 1151 παρ’
440 1104 551 1140 αὐτοῦ
588 1109 629 1140 ἐν
660 1108 813 1142 αἰτιασει
847 1109 1056 1153 γενομένου·
1095 1107 1156 1140 ἵνα
1185 1108 1301 1146 ταῦτα

224 1151 371 1197 γνόντες
391 1149 490 1196 ἡμεῖς
505 1156 680 1197 τιμωρίας
695 1153 889 1196 ἐπάξωμεν
906 1153 959 1194 τῷ
977 1153 1039 1195 τῆς
1055 1153 1226 1198 ἐπαρχίας
1241 1150 1301 1197 ἄρ-

224 1210 342 1238 χοντι,
379 1194 439 1243 ἐφ’
466 1196 516 1230 οἶς
546 1201 607 1230 καὶ
638 1197 906 1242 προςελευσθεὶς
936 1197 1035 1241 παρὰ
1064 1197 1129 1230 τοῦ
1161 1194 1302 1232 ἀδικου-

223 1246 332 1285 μένου
362 1245 422 1275 καὶ
446 1243 626 1284 ἐπειχθεὶς
658 1243 758 1287 παρὰ
787 1244 852 1277 τοῦ
878 1239 1082 1276 ὁσιωτάτου
1105 1242 1303 1277 ἐπισκόπου

224 1284 266 1320 ού
290 1285 442 1333 διέκρινε
465 1288 512 1321 τὰ
537 1284 854 1333 ἄμφιςβητούμενα

1371 1106 1459 1142 simo
1489 1105 1756 1151 archiepiscopo
1788 1117 1860 1142 non
1882 1106 2091 1143 iudicaverit
2122 1115 2213 1152 quae
2242 1105 2279 1142 in
2303 1104 2445 1141 dubita-

1370 1151 1503 1186 tionem
1524 1153 1708 1187 venerunt.

1221 1375 1377 1413 CAPUT
1407 1376 1454 1412 II.

270 1446 316 1479 Εἰ
339 1443 379 1479 δὲ
402 1447 519 1492 συμβῇ
542 1459 627 1480 τινα
651 1446 728 1480 τῶν
751 1443 937 1490 ἡμετέρων
961 1442 1136 1488 ὑπηκόων
1160 1446 1200 1479 ἐν
1215 1441 1302 1480 ὑπο-

226 1496 294 1536 ψίᾳ
318 1493 412 1533 ἔχειν
435 1491 502 1525 τὸν
527 1490 692 1538 ἄρχοντα,
717 1490 904 1535 κελεύομεν
926 1492 979 1534 τῷ
1002 1488 1196 1534 ὁσιωτάτῳ
1228 1492 1304 1525 ἐπι-

226 1537 353 1579 σκόπῳ
379 1536 655 1581 συνακροᾶσθαι
678 1537 730 1578 τῷ
756 1535 1002 1582 λαμπροτάτῳ
1027 1534 1192 1581 ἄρχοντι,
1217 1531 1304 1570 ὥςτε

226 1580 448 1636 άμφοτέρους
469 1580 492 1624 ἧ
515 1581 608 1635 κατρὶ
633 1580 778 1635 φιλικὴν
809 1584 1032 1625 συμβίβασιν
1067 1580 1235 1614 διαλῦσαι
1257 1580 1304 1615 τὰ

226 1630 542 1672 αμφιςβητουμενα
575 1639 596 1669 η
625 1640 716 1660 κατα
741 1630 1040 1681 παρασημείωσιν
1071 1628 1251 1682 ἔγγραφον
1281 1623 1305 1669 ἢ
1318 1627 1361 1660 30
1375 1635 1467 1670 quae
1506 1625 1614 1661 dubia
1652 1629 1752 1667 sunt,
1792 1630 1855 1662 aut

226 1670 495 1718 διαγνωστικιῦς
519 1669 699 1716 διακρῖναι
722 1684 769 1705 τα
785 1671 920 1715 μεταξύ
945 1671 1022 1705 τῶν
1046 1668 1305 1716 δικαζομενων,

225 1721 286 1751 καὶ
315 1717 434 1751 τύπον
466 1715 592 1750 δοῦναι
626 1717 694 1750 τὸν
729 1717 781 1760 τῷ
815 1715 944 1760 δικαίῳ
981 1719 1041 1750 καὶ
1074 1719 1147 1750 τοῖς
1183 1716 1306 1760 νόμοις

1422 1444 1460 1479 Si
1490 1454 1571 1479 vero
1605 1445 1794 1490 contigerit
1825 1445 2001 1491 quendam
2032 1446 2235 1481 nostrorum
2267 1443 2447 1480 subiecto-

1373 1500 1451 1525 rum
1474 1490 1511 1524 in
1532 1490 1753 1526 dubitatione
1772 1491 1905 1527 habere
1925 1491 2090 1534 iudicem,
2114 1491 2276 1526 iubemus
2294 1489 2446 1525 sanctis-

1374 1535 1500 1570 simum
1524 1535 1831 1581 archiepiscopum
1855 1536 1979 1572 audire
1998 1546 2079 1571 cum
2101 1535 2296 1571 clarissimo
2318 1534 2448 1577 iudice,

1374 1584 1414 1615 ut
1444 1579 1548 1615 ambo
1579 1586 1643 1615 aut
1673 1591 1736 1625 per
1758 1582 1980 1627 amicabilem
2013 1585 2224 1617 conventum
2255 1579 2449 1615 dissolvant

1895 1637 1962 1672 per
2001 1626 2266 1662 adnotationem
2304 1624 2448 1670 seriptis

1374 1671 1508 1706 factam
1538 1674 1602 1706 aut
1626 1672 1911 1715 cognitionaliter
1940 1671 2120 1707 iudicetur
2149 1671 2244 1706 inter
2267 1669 2448 1715 litigantes

1374 1718 1411 1751 et
1440 1716 1556 1751 forma
1588 1716 1692 1751 detur
1719 1717 1877 1752 iustitiae
1909 1717 2114 1762 legibusque
2145 1715 2373 1757 conveniens,
2409 1718 2454 1750 ut

226 1766 491 1807 συμβαίνοντα,
527 1758 615 1796 ὥςτε
637 1762 685 1807 μὴ
707 1761 1053 1808 καταναγκάζεσθαι
1075 1761 1158 1796 τοὺς
1181 1758 1305 1806 ἡμετέ-

225 1819 305 1852 ρους
339 1805 516 1850 ὑπηκόους
552 1805 613 1841 διὰ
647 1807 712 1842 τὰς
746 1806 915 1841 τοιαύτας
951 1806 1066 1840 αἰτίας
1100 1804 1306 1850 ἀποστῆναι

225 1854 288 1896 τῆς
311 1850 404 1887 ἰδίας
426 1849 607 1897 πατρίδος.
1319 1853 1362 1886 35

1212 1940 1368 1977 CAPUT
1394 1941 1461 1977 ΙΙΙ.

1431 2008 1468 2043 Si
1499 2009 1579 2053 quis
1610 2018 1692 2045 vero
1724 2008 1918 2044 aestimans
1948 2008 2081 2044 habere
2114 2017 2154 2044 se
2182 2009 2353 2045 adversus
2382 2008 2448 2044 ali-

1378 2064 1481 2098 quem
1517 2054 1709 2099 quamlibet
1738 2054 1915 2089 actionem
1948 2063 2065 2100 neque
2099 2053 2331 2090 clarissimum
2365 2065 2449 2099 pro·

1374 1771 1447 1796 non
1465 1763 1638 1806 cogantur
1660 1762 1774 1797 nostri
1797 1762 1949 1798 subiecti
1971 1765 2118 1807 propter
2139 1759 2342 1798 huiusmodi
2362 1769 2448 1796 cau-

1375 1816 1434 1841 sas
1458 1806 1624 1842 recedere
1647 1816 1670 1841 a
1692 1807 1839 1853 propria
1861 1807 1989 1853 patria.

281 2011 327 2045 Εἰ
351 2008 394 2044 δέ
412 2021 465 2044 τις
489 2009 651 2054 οἰόμενος
674 2010 768 2051 ἔχειν
797 2006 889 2042 κατά
917 2020 1016 2043 τινος
1038 2005 1185 2054 ἀγωγὴν
1208 2007 1304 2043 οἱαν-

225 2055 361 2100 δήποτε
389 2055 481 2100 μήτε
511 2056 564 2098 τῷ
590 2054 835 2099 λαμπροτάτῳ
867 2055 929 2097 τῆς
959 2056 1129 2100 ἐπαρχίας
1161 2052 1309 2099 ἄρχοντι

222 2144 432 2197 provinciae
452 2142 657 2189 praesidem
683 2142 809 2184 adeat,
840 2146 879 2176 ut
903 2142 963 2177 ille
984 2142 1180 2178 secundum
1213 2142 1309 2194 leqes
1333 2148 1478 2177 nostras
1509 2152 1603 2187 quae
1626 2141 1887 2177 denuntiantur
1909 2142 2104 2185 examinet,
2136 2146 2171 2178 et
2192 2152 2297 2177 suum
2323 2143 2451 2188 cuique

223 2201 281 2225 tus
303 2193 429 2224 servet.
478 2187 625 2235 Siquis
648 2198 733 2223 vero
757 2198 837 2222 cum
853 2187 1061 2233 praesidem
1084 2187 1297 2233 provinciae
1320 2187 1463 2228 adierit,
1487 2187 1545 2221 ius
1563 2197 1639 2222 non
1659 2192 1873 2222 consecutus
1894 2187 1954 2229 sit,
1979 2192 2064 2222 tunc
2076 2187 2327 2233 praecipimus
2347 2194 2386 2222 ut
2402 2187 2452 2222 ad

223 2235 486 2270 sanctissimum
510 2233 611 2268 illius
635 2233 705 2268 loci
728 2234 849 2279 episco
878 2243 938 2267 um
961 2232 1124 2275 accedat,
1149 2237 1260 2278 atque
1278 2232 1310 2268 is
1330 2232 1379 2267 ad
1394 2232 1632 2267 clarissimum
1653 2232 1866 2278 provinciae
1885 2231 2092 2279 praesidem
2115 2233 2245 2276 mittat,
2270 2232 2327 2268 vel
2342 2233 2450 2269 etiam

224 2281 302 2327 ipse
324 2290 404 2315 eum
427 2278 636 2320 conveniat,
672 2282 780 2323 atque
810 2289 830 2313 e
848 2277 953 2322 ficiat
987 2282 1029 2313 ut
1053 2277 1216 2313 omnibus
1238 2277 1355 2312 modis
1386 2282 1546 2313 actorem
1575 2276 1704 2312 audiat
1733 2288 1884 2323 eumque
1914 2287 1995 2312 cum
2025 2278 2106 2313 iure
2137 2277 2331 2313 secundum
2354 2277 2451 2324 ques

225 2329 372 2361 nostras
395 2323 565 2368 dimittat,
597 2334 642 2358 ne
665 2323 726 2358 ille
748 2333 798 2358 ecc
815 2323 945 2369 patria
968 2333 1036 2358 sna
1062 2333 1220 2369 pereqre
1243 2323 1344 2358 abire
1367 2326 1531 2369 coqatur.
1581 2321 1625 2357 Si
1644 2333 1728 2358 vero
1752 2323 1860 2358 etiam
1890 2322 2116 2358 sanctissimo
2148 2322 2320 2374 episcopo
2342 2333 2451 2369 prae-

223 2370 335 2406 sidem
358 2369 600 2415 compellente,
632 2372 673 2403 ut
694 2369 788 2403 iuste
810 2368 957 2414 neqotia
980 2368 1287 2418 interpellantium
1310 2368 1468 2408 dirimat,
1491 2377 1641 2420 praeses
1664 2367 1823 2413 differat,
1854 2368 1911 2403 vel
1932 2378 2078 2402 causam
2100 2368 2243 2413 quadem
2267 2367 2450 2410 diiudicet,

225 2415 451 2468 litiqantibus
473 2425 557 2450 vero
581 2413 639 2448 ius
662 2424 736 2448 non
758 2418 892 2455 servet,
918 2414 1163 2459 permittimus
1184 2413 1412 2449 sanctissimo
1444 2412 1541 2447 illius
1571 2412 1728 2448 civitatis
1759 2424 1778 2448 e
1806 2413 1929 2459 iscopo
1961 2413 2102 2448 litteras
2132 2411 2182 2448 ad
2211 2423 2280 2448 nos
2301 2412 2391 2448 dare
2418 2413 2453 2448 ei

224 2471 287 2506 qut
311 2461 368 2495 ius
390 2470 494 2494 suum
517 2469 592 2494 non
615 2464 829 2494 consecutus
851 2462 915 2500 est,
948 2469 1041 2504 quae
1064 2458 1250 2494 declarent
1282 2457 1504 2504 compulsum
1528 2468 1551 2493 a
1574 2468 1612 2493 se
1631 2423 1838 2509 praesissm
1867 2457 2112 2504 supersedisse
2133 2461 2294 2494 actorem
2323 2457 2452 2493 audire

226 2510 335 2551 atque
359 2505 455 2539 litem
478 2505 574 2539 inter
597 2515 677 2538 eum
707 2508 741 2538 ec
771 2503 834 2549 qui
865 2502 909 2538 ab
941 2514 984 2538 eo
1009 2503 1225 2549 postulatus
1247 2504 1297 2539 sit
1315 2503 1483 2538 dirimere
1490 2515 1505 2544 ;
1539 2507 1581 2538 ut
1603 2501 1660 2538 Ins
1683 2503 1840 2549 coqnitis
1871 2513 1938 2538 nos
1962 2513 2108 2549 poenas
2139 2502 2342 2548 inferamus
2361 2513 2451 2550 pro-

225 2551 362 2586 vinciae
378 2549 565 2629 prajsidi,
596 2548 697 2594 quod
718 2552 754 2584 et
775 2547 1027 2594 interpellatus
1050 2547 1094 2583 ab
1118 2559 1161 2584 eo
1186 2548 1250 2594 qui
1273 2548 1408 2584 iniuria
1432 2548 1587 2594 affectus
1609 2551 1664 2584 est
1694 2552 1731 2583 et
1753 2548 1959 2594 compulsus
1981 2558 2006 2582 a
2027 2547 2255 2583 sanctissimo
2278 2547 2452 2594 episcopo

227 2596 321 2630 litem
346 2605 421 2630 non
469 2595 637 2629 iremerit.

361 2639 406 2674 ΙΙ.
456 2639 499 2674 Si
527 2640 609 2684 quis
636 2648 719 2674 vero
754 2648 804 2673 ex
834 2637 970 2673 nostris
1002 2637 1171 2673 subiectis
1203 2638 1306 2683 forte
1338 2636 1543 2684 praesidem
1576 2641 1780 2685 suspectum
1811 2635 1961 2680 habeat,
1995 2637 2157 2674 iubemus
2190 2637 2452 2674 sanctissimum

226 2685 435 2732 episcopum
464 2695 538 2718 una
571 2694 650 2718 eum
681 2682 882 2717 clarissimo
908 2683 1078 2728 praeside
1110 2693 1255 2718 causam
1287 2683 1432 2725 audire,
1465 2688 1507 2717 ut
1529 2682 1634 2718 ambo
1667 2682 1724 2719 vel
1745 2682 1926 2718 amicabili
1955 2693 2033 2718 com
2063 2682 2214 2718 ositione
2237 2682 2334 2718 litem
2356 2692 2451 2718 com-

222 2735 368 2777 ponant
400 2729 454 2764 vel
476 2740 550 2774 per
570 2727 842 2763 adnotationem
872 2728 910 2762 in
938 2728 1084 2773 scriptis
1104 2728 1246 2772 factam
1278 2732 1341 2762 aut
1364 2727 1658 2773 cognitionaliter
1689 2728 1783 2762 inter
1807 2726 1993 2772 litiqantes
2039 2726 2227 2769 iiudicent,
2255 2731 2291 2762 et
2311 2732 2452 2763 senten-

229 2776 314 2811 tiam
338 2774 423 2809 dent
445 2774 518 2808 iuri
542 2773 749 2819 leqibusque
771 2776 1067 2814 consentaneam,
1091 2783 1136 2807 ne
1151 2772 1270 2807 nostri
1290 2772 1444 2808 subiecti
1455 2777 1617 2819 propter
1639 2770 1815 2807 eiusmodi
1838 2781 1969 2807 causas
1984 2782 2034 2808 ex
2046 2772 2172 2818 patria
2186 2781 2254 2807 sua
2270 2771 2453 2808 discedere

228 2831 272 2856 co
300 2825 419 2855 antur.

273 2831 298 2866 9
364 2863 429 2899 III.
470 2861 613 2906 'Quodsi
633 2861 714 2908 quis
729 2871 991 2907 quamcumque
1013 2861 1192 2897 actionem
1214 2872 1291 2897 sese
1314 2861 1488 2897 adversus
1511 2861 1667 2907 aliquem
1690 2859 1822 2896 habere
1844 2863 1948 2896 ratus
1970 2871 2086 2907 neque
2105 2861 2344 2897 clarissimum
2362 2873 2452 2908 pro-

291 2958 307 2990 l
332 2952 479 2997 ἄρχοντι
501 2952 564 2994 τῆς
587 2953 757 2996 ἐπαρχίας
780 2950 831 2985 B!
854 2952 867 2995 ss
899 2953 918 2985 2
943 2947 1068 2993 αὐτὸν]
1101 2955 1134 2984 et
1156 2951 1225 2993 ipse
1246 2963 1266 2988 ς
1297 2952 1309 2993 ΙΙ

230 2998 454 3042 ἐξετάζεινᾼ
480 2999 492 3040 ss
519 3000 539 3032 3
563 2995 755 3029 ἑκάστουΑ
775 2997 787 3039 ΙΙ
813 2997 833 3030 6
859 2998 1012 3040 πέμψαι]
1035 2993 1057 3039 ἢ
1080 2997 1223 3040 πέμψαι
1241 2997 1274 3029 A
1295 2994 1308 3041 ΙΙ

232 3049 251 3081 8
276 3042 325 3079 δι’
353 3041 464 3077 αὐτοῦ
490 3044 541 3076 Bss
569 3043 582 3086 ΙΙ
610 3045 630 3076 9
662 3039 778 3074 αὐτὸν
802 3054 859 3074 om.
883 3044 915 3074 A
942 3044 955 3083 ΙΙ
988 3042 1027 3074 13
1058 3040 1148 3084 μετὰ
1167 3042 1231 3074 τοῦ
1257 3038 1308 3074 δι-

231 3094 333 3124 καίου
346 3087 513 3123 διαλῦσαι
547 3084 694 3120 δικάσαι
712 3085 801 3129 μετὰ
817 3086 881 3119 τοῦ
899 3083 1036 3119 δικαίου
1048 3088 1080 3119 Α
1098 3086 1110 3129 ΙΙ
1130 3088 1168 3119 15
1183 3083 1307 3119 διανα-

231 3135 388 3180 βάληται
410 3135 442 3168 A
466 3134 478 3177 ΙΙ
526 3129 799 3175 ιαναβάλλεται,
831 3128 854 3173 ἢ
878 3144 898 3163 κ
923 3132 1001 3172 ίνει]
1033 3130 1162 3163 differat
1186 3131 1308 3164 discer-

234 3192 311 3214 nere
336 3193 354 3217 ς
373 3185 386 3225 ΙΙ
408 3180 532 3224 κρίνει]
556 3181 692 3222 κρίνειν
705 3177 752 3209 L¹
776 3179 879 3221 κρίνῃ
893 3143 953 3216 gc,
978 3178 1092 3219 κρινεῖ
1110 3176 1274 3219 Scrimyer
1296 3174 1308 3220 ΙΙ

233 3225 371 3269 φυλάξῃ
385 3225 421 3259 Β
445 3229 456 3267 n
485 3225 524 3257 17
545 3220 736 3263 ἐπισκόπῳ
761 3221 893 3263 ἐκείνης
916 3220 978 3262 τῆς
1002 3219 1139 3254 πόλεως
1154 3221 1208 3261 M]
1233 3222 1307 3254 ἐπι·-

233 3262 360 3314 σκόπιρ
381 3270 441 3312 τῆς
456 3266 595 3303 πόλεως
618 3268 752 3309 ἐκείνης
765 3269 794 3299 Α
817 3266 880 3308 τῆς
901 3262 1040 3299 πόλεως
1063 3266 1196 3307 ἐκείνης
1208 3266 1307 3306 (ἐκεί-

233 3329 294 3359 νης
319 3330 376 3349 οιη.
391 3316 453 3356 ΒΟ)
478 3311 666 3355 ἐπισκόπῳ
692 3312 783 3347 LBs'
804 3311 816 3355 ΙΙ
844 3313 884 3344 19
907 3306 1100 3354 ἀνεβάλετο
1125 3312 1205 3351 ΜΔ]
1230 3306 1307 3344 ἆνε-

234 3360 384 3405 βάλλετο
413 3361 476 3394 LB
502 3359 507 3403 Ι
543 3361 583 3393 21
609 3359 796 3404 γινομενον
820 3356 871 3389 13⁶
889 3360 901 3399 1}
926 3356 967 3389 22
990 3358 1170 3407 τιμωρίαν
1194 3354 1278 3389 ΑΒΓ
1298 3355 1309 3398 ΙΙ

236 3411 277 3442 23
300 3403 359 3451 ἐφ’
386 3405 436 3439 οἷς
459 3417 503 3438 κτ
527 3430 534 3437 .
566 3404 738 3446 Reliquam
756 3409 882 3445 partem
902 3414 973 3444 cap.
994 3403 1023 3442 1,
1046 3410 1116 3434 mm
1132 3413 1205 3443 cap.
1221 3402 1307 3434 2—5

235 3466 293 3486 om.
309 3451 360 3486 ΒΓ
372 3452 383 3493 ΙΙ
403 3453 462 3483 καὶ
486 3446 755 3496 προςελευσθεὶς
775 3446 887 3486 LAB]
913 3448 972 3478 καὶ
997 3458 1054 3478 om.
1070 3445 1130 3481 Me
1145 3445 1158 3489 ΙΙ
1177 3446 1219 3479 24
1233 3446 1308 3479 ἐπι-

234 3497 382 3538 σκόπου]
408 3497 656 3538 archiepiscopo
673 3506 692 3530 ς
709 3494 721 3535 ΙΙ
740 3494 780 3526 25
794 3488 1093 3536 ἀμφιβαλλόμενα
1106 3491 1136 3523 Δ
1155 3492 1167 3533 ΙΙ
1184 3493 1225 3524 27
1242 3490 1309 3524 τὸν

234 3539 439 3576 ὁσιώτατον
451 3542 650 3575 ἐπίσκοπον
664 3542 693 3572 A
711 3537 951 3570 sanctissimum
965 3536 1251 3578 archiepiscopum
1266 3547 1285 3572 ς
1298 3536 1309 3576 ΙΙ

235 3591 276 3621 29
301 3584 515 3633 ἀμφοτέρων
538 3587 570 3619 Α
599 3585 611 3629 ΙΙ
637 3586 857 3627 συμβίβασιν
882 3582 965 3634 ΜΕ]
1000 3577 1183 3623 σύμβασιν
1205 3581 1274 3614 ΑΒ
1297 3578 1309 3623 ΙΙ

235 3636 274 3667 31
300 3632 346 3666 τὰ
363 3647 423 3665 om.
436 3635 466 3665 A
481 3634 494 3673 ΙΙ
513 3633 555 3665 32
578 3627 705 3663 δοῦναι
730 3642 788 3662 orn.
804 3629 833 3661 L
852 3627 865 3671 ΙΙ
887 3639 953 3660 τον
977 3640 1034 3678 om,-
1049 3627 1079 3659 A
1097 3627 1109 3664 ΙΙ
1133 3627 1174 3659 33
1199 3638 1305 3660 κατα-

234 3675 450 3719 &andraeam
474 3677 505 3709 L
541 3672 815 3722 ἀναγκάζεσθαι
842 3675 871 3706 A
900 3672 912 3710 ΙΙ
941 3674 983 3706 34
1008 3667 1208 3714 αποδημεῖν
1232 3673 1260 3704 Δ
1295 3674 1307 3715 Η

1375 2953 1417 2986 35
1439 2948 1530 2985 ἰδίας
1553 2964 1611 2985 οηι.
1625 2952 1655 2984 Δ
1671 2950 1683 2994 ΙΙ
1703 2952 1745 2986 36
1766 2948 1983 2994 οἱανδήποτε
2005 2947 2194 2998 ἂγωγὴνᾼ
2211 2950 2282 2996 1137
2302 2950 2395 2995 μήτε
2408 2953 2451 2994 Δ]

1373 2994 1465 3039 μηδὲ
1487 2997 1557 3030 LB
1579 2995 1629 3039 μὴ
1654 2997 1702 3029 Μ

1423 3133 1437 3165 1
1465 3133 1499 3164 et
1522 3133 1560 3164 ut
1583 3130 1676 3174 RTn
1694 3131 1714 3164 2
1736 3132 1988 3174 praeponuntur
2002 3130 2034 3163 T
2048 3128 2061 3173 ΙΙ
2077 3131 2097 3164 3
2121 3129 2228 3163 aderit
2246 3130 2291 3163 1⁷¹
2307 3131 2322 3175 ΙΙ
2339 3132 2360 3164 4
2382 3140 2452 3163 me-

1374 3176 1445 3209 ruit
1464 3175 1522 3218 Vll
1537 3186 1613 3209 eum
1635 3175 1756 3209 om.R¹
1774 3175 1787 3218 ΙΙ
1810 3177 1830 3209 5
1854 3186 1950 3208 sunm
1975 3188 2033 3207 om.
2057 3175 2088 3207 V
2100 3174 2112 3217 ΙΙ
2136 3177 2152 3208 7
2179 3177 2266 3217 eum]
2290 3186 2365 3208 oum
2388 3174 2451 3222 V!

1376 3224 1395 3256 9
1427 3221 1468 3254 de
1496 3230 1556 3253 sna
1586 3221 1721 3264 propria
1753 3220 1821 3252 fisci
1846 3220 1879 3252 R
1909 3219 1921 3263 ΙΙ
1951 3222 1991 3254 10
2015 3222 2149 3252 sanctus
2180 3221 2450 3263 archiepiscopus

1376 3265 1624 3308 compellentem
1649 3265 1836 3308 (compellet
1858 3264 1918 3302 17³)
1947 3265 2002 3308 Vl!
2030 3266 2071 3298 12
2095 3265 2205 3298 differt
2229 3278 2286 3299 om.
2304 3266 2337 3299 T
2345 3266 2366 3306 ¹,
2392 3266 2449 3298 de-

1376 3312 1441 3345 fert
1463 3311 1512 3343 R²
1545 3311 1675 3343 differat
1699 3311 1754 3344 vul
1782 3337 1786 3342 .
1809 3311 1821 3354 n
1856 3312 1895 3343 14
1919 3310 2161 3343 sanctissimum
2183 3311 2333 3344 ciuitatis
2355 3308 2451 3343 illiu-

1386 3356 1520 3399 VvulyJ
1561 3355 1711 3389 ciuitatis
1742 3323 1836 3388 illuns
1868 3355 2114 3388 sanctissimum
2142 3355 2174 3389 T
2205 3355 2452 3389 sanctissimum

1374 3401 1468 3446 illius
1493 3401 1639 3433 ciuitatis
1663 3400 1726 3444 Rn
1745 3401 1785 3435 16
1809 3399 2036 3433 insinuantem
2064 3399 2142 3444 1⁹²1!
2162 3402 2202 3435 18
2227 3402 2318 3442 haee]
2344 3400 2449 3433 nichil

1386 3446 1444 3487 V¹,
1470 3447 1531 3479 del.
1556 3445 1606 3479 V³
1631 3445 1644 3490 ΙΙ
1668 3447 1707 3480 21
1732 3445 1935 3488 archiepisco
1962 3446 1993 3478 V
2011 3445 2022 3489 ΙΙ
2047 3445 2212 3479 iudicauit
2238 3445 2296 3498 1¹11
2317 3446 2450 3478 dubita·

1376 3492 1467 3523 tione
1485 3491 1537 3534 Vll
1557 3492 1599 3525 26
1612 3490 1771 3533 quaedam
1788 3491 1834 3524 T¹
1849 3490 1860 3533 ΙΙ
1874 3492 1913 3524 2Ἰ
1928 3490 2172 3524 dubitationem
2186 3488 2274 3536 RTn
2285 3490 2449 3532 iubemus]

1376 3536 1533 3569 habemus
1548 3537 1591 3569 T¹
1609 3537 1620 3580 ΙΙ
1640 3538 1682 3571 28
1702 3537 1890 3579 episcopum
1906 3536 1938 3568 R
1946 3538 2032 3579 vuly.
2052 3536 2064 3579 ΙΙ
2081 3536 2208 3577 audire]
2234 3546 2362 3569 eausam
2378 3548 2405 3569 s.
2417 3547 2449 3567 υ.

1377 3583 1454 3614 add.
1472 3580 1523 3614 1⁷²
1548 3581 1560 3624 ΙΙ
1585 3584 1627 3616 29
1651 3584 1711 3614 aut
1733 3594 1792 3615 om.
1815 3581 1871 3623 Vl!
1894 3581 2066 3614 amicabile
2090 3581 2142 3625 Vll
2170 3583 2212 3616 30
2236 3579 2452 3614 annotatione

1375 3627 1408 3660 R
1425 3626 1438 3670 ΙΙ
1462 3627 1506 3660 32
1529 3626 1659 3669 legibus
1683 3636 1766 3669 quae
1790 3626 1837 3660 R·
1860 3626 1872 3670 n
1901 3627 1944 3660 33
1967 3629 2106 3668 cogatur
2131 3626 2164 3660 R.
2189 3626 2202 3671 fl
2232 3627 2354 3659 nostris
2374 3623 2453 3671 R’fl

1376 3673 1418 3705 36
1444 3672 1644 3705 existimans·
1658 3671 1791 3716 Rvuly.
