2592 3840
263 124 370 169 Nov.
399 124 543 167 XLIII
574 128 594 168 1
1331 119 1414 169 272

1640 137 1700 167 DE
1728 136 2018 169 ERGASTERHS
2046 135 2483 169 CONSTANTINOPOLIS

264 232 413 278 αιτήσει.
461 232 544 268 οὐδὲ
574 234 642 282 γὰρ
665 231 889 286 ὑπομένομεν
918 233 961 268 τὸ
985 233 1120 281 ἑτέρων
1150 232 1264 277 ἄχθος
1294 235 1341 269 εἰς
1409 235 1517 270 tione.
1570 234 1653 271 Non
1688 235 1782 270 enim
1815 234 1970 280 patimur
2007 235 2157 271 aliorum
2191 245 2282 271 onus
2319 235 2357 271 in
2394 235 2485 272 alios

264 281 401 326 ἑτέρους
436 280 632 325 φέρεσθαι,
665 276 750 313 οὐδὲ
784 276 897 312 οὕτως
932 276 1053 322 ἀπηνῆ
1084 279 1232 314 κεῖσθαι
1263 277 1339 314 δια-
1409 279 1505 323 ferri,
1538 289 1654 331 neque
1678 280 1730 316 sic
1754 279 1934 315 crudelem
1955 280 2074 315 iacere
2093 279 2371 325 dispositionem,
2395 290 2483 326 qua·

263 324 447 366 τύπωσιν,
486 321 574 359 diere
597 320 688 358 καθ’
715 320 870 365 ἑκάστην
900 322 1079 363 αὔξεσθαι
1107 323 1154 358 τὰ
1175 323 1258 368 τέλη
1282 327 1342 359 καὶ
1410 324 1506 360 tinus
1537 325 1667 360 cotidie
1699 325 1898 368 augeantur
1926 324 2062 360 tributa
2086 326 2136 367 et,
2169 325 2263 360 sicut
2285 324 2403 360 edocti
2424 335 2484 362 su-

265 368 434 415 καθάπερ
472 367 716 412 ἐδιδάχθημεν
751 366 796 402 τὰ
829 367 1076 414 τετραπλάσια
1116 371 1176 403 καὶ
1210 382 1342 405 πεντα-
1410 380 1507 412 111118,
1562 369 1739 415 uadrupla
1769 374 1805 405 et
1857 369 1965 404 uincu
1990 370 2027 405 la
2058 373 2095 404 et
2123 369 2256 405 alicubi
2286 369 2394 406 etiam
2423 369 2485 406 de-

265 413 401 450 πλάσια
435 417 493 447 καὶ
525 412 639 456 δήπου
672 415 731 446 καὶ
762 409 987 447 δεκαπλάσια
1020 410 1212 456 δίδοσθαι,
1248 411 1342 448 διότι
1377 418 1396 449 5
1411 414 1516 459 cupla
1563 418 1679 457 entur,
1702 424 1745 450 eo
1770 424 1841 458 quo
1889 418 1948 449 stu
1985 425 2045 449 um
2068 414 2115 450 sit
2137 418 2280 450 nostrae
2296 414 2486 459 potestatis

265 462 325 493 καὶ
349 455 662 506 περισπούδαστόν
691 460 768 491 ἐστι
798 458 853 501 τῷ
876 455 1036 503 ἡμετέρῳ
1065 456 1186 504 κράτει
1215 457 1343 513 Ιιῧιηδενὶ
1409 458 1508 494 1111110
1533 470 1624 494 novo
1647 459 1784 495 tributo
1813 459 1951 495 nullum
1972 459 2128 503 gravari:
2160 469 2289 496 novum
2311 469 2394 495 vero
2418 458 2488 495 erit

266 506 382 547 καινῷ
413 502 505 538 τέλει
535 501 671 547 μηδένα
700 500 949 547 βαρύνεσθαι·
983 502 1110 537 καινὸν
1141 501 1182 538 δὲ
1212 517 1258 538 αν
1289 504 1325 538 εἴ
1410 514 1483 540 11011
1506 504 1602 548 quod
1625 515 1721 539 nunc
1744 504 1898 549 primum
1922 504 2079 548 positum
2099 507 2165 545 est,
2190 504 2253 539 sed
2268 504 2375 539 etiam
2391 503 2488 549 quod

266 547 307 583 οὗ
331 548 373 583 τὸ
397 550 465 582 νῦν
485 550 635 595 πρῶτον
658 547 935 601 ἐπιτεθειμένον
957 547 1083 591 μόνον,
1106 545 1196 582 ἀλλὰ
1217 552 1278 583 καὶ
1300 562 1343 583 το
1435 548 1564 584 riorem
1588 559 1788 584 mensuram
1816 549 2049 584 transcendit.
2101 548 2171 584 Sed
2194 548 2314 584 omnia
2335 548 2403 585 sub
2426 558 2487 585 80-
2518 582 2520 584 .

266 593 334 637 τὴν
368 593 520 639 πρώτην
555 595 778 638 συμμετρίαν
813 595 1044 639 υπερβαῖνον.
1099 590 1189 627 ἀλλὰ
1222 593 1345 629 πάντα
1437 603 1492 628 8111
1516 593 1589 629 sint
1611 595 1710 629 statu
1738 596 1847 638 atque
1876 593 2032 636 fortuna,
2067 593 2331 639 communisque
2354 593 2402 630 sit
2423 602 2489 639 per

266 636 337 673 ὑπὸ
357 637 424 681 τὴν
444 634 556 680 αὐτὴν
579 639 675 671 ἔστω
691 635 914 671 κατάστασίν
934 650 975 671 τε
998 640 1057 671 καὶ
1077 637 1197 681 τύχην,
1223 637 1282 673 διὰ
1301 637 1343 672 τὸ
1362 640 1400 672 10
1414 647 1535 674 01111188
1567 637 1772 674 huiusmodi
1806 648 1910 674 sacra
1939 642 2064 675 nostra
2098 638 2320 683 pragmatica
2350 638 2487 674 sanctio

267 682 388 717 κοινὸν
411 683 504 716 εἶναι
535 681 627 716 κατὰ
650 682 803 717 πάντων
830 681 896 716 τὸν
911 683 1092 727 >τοιοῦτον
1115 682 1221 718 θεῖον
1239 682 1344 728 ἡμῶν
1413 686 1535 728 (quam
1557 682 1722 719 videlicet
1744 683 1851 718 etiam
1882 684 1994 728 legem
2022 693 2150 719 vocare
2173 683 2281 728 licet),
2311 683 2354 719 ut
2376 683 2488 719 01001·

266 726 518 774 πραγματικὸν
537 725 654 761 τύπον
677 723 734 770 (ὃν
755 725 799 769 δὴ
821 729 881 760 καὶ
904 726 1017 771 νόμον
1041 726 1162 762 καλεῖν
1179 729 1344 769 ἔξεστιν),
1414 729 1481 763 bus
1513 728 1742 764 securitatem
1773 728 1956 773 largiatur.
2010 728 2094 764 Non
2128 728 2222 764 enim
2254 728 2384 773 aliquis
2419 728 2490 764 1100
2516 762 2524 772 ,

268 770 355 807 ὥετε
387 773 475 807 πᾶσι
510 770 552 805 τὸ
583 770 722 806 ἄλυπον
754 770 1074 817 πεφιλοτιμῆσθαι.
1130 771 1171 807 οὐ
1202 773 1270 820 γὰρ
1300 771 1344 806 ἄν
1414 773 1503 807 dure
1525 772 1683 815 habebit,
1713 772 1848 808 nullum
1871 783 1950 809 esse
1973 783 2061 808 exce
2087 776 2162 809 tum
2185 773 2308 809 videns
2331 772 2402 809 nisi
2423 782 2489 818 pro

267 829 321 852 τις
344 820 425 864 περὶ
449 817 556 851 τοῦτο
578 814 808 863 δυςχεραίνοι,
831 814 969 860 μηδένα
989 817 1082 852 εἶναι
1105 817 1171 852 τὸν
1188 817 1345 862 ἐξαιρού-
1413 817 1549 853 funeris
1570 817 1821 853 defunctorum
1836 818 1980 854 ratione
2001 818 2063 853 mil
2078 828 2098 854 e
2116 821 2258 854 eentum
2277 817 2489 862 ergasterim

265 875 377 907 μενον
395 860 544 906 βλέπων
570 860 665 904 πλὴν
695 859 739 904 δὴ
757 862 822 896 τοῦ
844 862 906 904 τῆς
928 860 1028 896 ὁσίας
1049 863 1128 897 τῶν
1149 861 1344 897 τελευτῶν·
1360 865 1399 896 15
1414 872 1506 907 quae
1528 862 1587 897 lex
1611 865 1648 898 et
1671 862 1958 898 communissima
1989 866 2045 898 est
2073 865 2110 899 et
2140 863 2304 899 omnibus
2327 862 2492 900 simliter

268 920 347 941 των
370 904 475 953 λόγου
498 907 563 940 τοῦ
586 910 669 950 περὶ
692 907 771 941 τῶν
788 905 916 949 χιλίων
938 907 1069 942 ἑκατὸν
1088 909 1344 954 ἐργαστηρίων,
1414 907 1592 952 explicata
1615 907 1828 943 hominibus.

265 950 304 986 ὃς
327 949 372 994 δὴ
393 949 601 986 κοινότατός
625 953 668 985 τέ
682 952 760 985 ἐστι
784 955 845 985 καὶ
867 949 1005 986 ἅπασιν
1029 949 1160 996 ὁμοίως
1177 951 1343 998 ἐφηπλω-
2372 963 2397 981 ο

266 997 291 1032 2
335 999 439 1040 μένος
462 993 687 1041 ἀνθρώποις.
747 997 794 1029 Εἰ
818 994 860 1030 δέ
878 1008 932 1030 τις
954 994 1187 1043 ἐπιχειρήσειε
1216 1009 1345 1043 παραι-
1414 998 1438 1033 2
1486 997 1524 1032 Si
1555 997 1634 1042 quis
1670 999 1789 1032 autem
1824 997 2050 1042 temptaverit
2083 997 2300 1033 refutatione
2334 996 2492 1042 qualibet

266 1039 366 1083 τήσει
388 1044 461 1075 τινὶ
484 1040 694 1096 χρήσασθαι
718 1044 777 1075 καὶ
798 1039 929 1076 ἑαυτὸν
946 1041 1163 1088 ἑλαφρύνειν
1185 1044 1246 1086 τῆς
1266 1054 1347 1076 συν·
1414 1043 1468 1077 uti
1492 1046 1528 1077 et
1551 1041 1778 1086 semetipsum
1809 1042 1960 1086 levigare
1982 1042 2136 1086 tributo,
2166 1045 2202 1078 et
2224 1043 2290 1077 aut
2315 1051 2389 1077 non
2411 1050 2491 1087 per·

268 1085 414 1127 τελείας,
434 1089 494 1120 καὶ
514 1099 536 1129 η
552 1085 602 1130 μὴ
619 1089 815 1133 συγχωρεῖν
833 1085 915 1120 τοὺς
933 1088 1088 1122 ἐνοίκους
1106 1086 1347 1122 ἀπαιτεῖσθαι
1360 1089 1403 1121 20
1414 1087 1557 1122 mittere
1581 1087 1772 1132 inquilinos
1803 1087 1895 1131 exigi
1925 1097 2011 1123 81108
2040 1091 2104 1122 aut
2133 1085 2374 1132 patrocinium
2402 1085 2492 1122 velle

266 1131 348 1165 τοὺς
372 1131 499 1165 ἑαυτοῦ
523 1129 546 1174 ἢ
569 1135 797 1176 προστασίαν
812 1130 1022 1210 λθούλεσθαι
1049 1135 1172 1177 νέμειν
1194 1131 1216 1175 ἢ
1239 1144 1345 1179 στρα-
1414 1132 1573 1169 tribuere
1607 1135 1670 1167 aut
1701 1131 1854 1167 militare
1890 1136 1953 1167 aut
1982 1132 2084 1168 civile
2118 1136 2183 1167 aut
2210 1130 2492 1167 ecclesiasticum

267 1174 439 1218 τιωτικὴν
462 1175 484 1219 ἢ
500 1174 687 1219 πολιτικὴν
708 1174 730 1218 ἢ
751 1178 810 1209 έκκ
834 1175 1046 1220 ησιαστικὴν
1065 1174 1087 1220 ἢ
1110 1178 1177 1220 τὴν
1200 1176 1346 1211 οἷανοῦν
1417 1180 1481 1211 aut
1505 1176 1688 1222 quodlibet
1711 1176 1819 1219 aliud,
1853 1177 1959 1212 cadat
1981 1176 2095 1212 modis
2121 1176 2287 1213 omnibus
2311 1175 2493 1221 ergasterii

267 1221 404 1267 ἑτέραν,
429 1222 636 1256 ἐκπιπτέτω
660 1219 837 1262 καθάπαξ
861 1223 922 1264 τῆς
945 1223 1009 1255 τοῦ
1033 1223 1267 1270 ἐργαστηρίου
1291 1219 1344 1255 ὃε-
1415 1222 1582 1264 (1011111110,
1614 1224 1651 1257 et
1681 1222 1728 1256 sit
1751 1222 1819 1257 hoc
1842 1222 2024 1267 publicum
2052 1221 2106 1257 1111
2136 1221 2284 1266 collegio
2308 1221 2493 1265 assignan-

267 1269 450 1307 σποτείας,
483 1269 542 1300 καὶ
566 1268 661 1300 ἔστω
685 1267 793 1300 τοῦτο
818 1264 991 1310 δημόσιον
1014 1264 1113 1310 αὐτῷ
1141 1269 1195 1310 τῷ
1220 1266 1346 1309 συστὴ·
1415 1267 1510 1302 dum.
1543 1267 1603 1302 Sic
1621 1266 1714 1301 enim
1725 1267 1830 1312 <nn
1846 1267 1909 1302 sed
1928 1277 1969 1302 eo
1990 1266 2104 1312 quod>
2122 1266 2297 1311 paulatim
2313 1266 2351 1302 10
2371 1274 2493 1302 omnes

267 1324 356 1355 ματι
379 1310 697 1358 προςκυρούμενον.
734 1307 831 1345 οὕτω
855 1309 922 1358 γὰρ
945 1308 1264 1355 εὖλαβηθήσονται
1287 1314 1346 1345 καὶ
1360 1314 1402 1346 25
1415 1312 1660 1347 extenduntur
1677 1312 1823 1354 tributa,
1849 1312 1955 1347 breve
1971 1311 2110 1356 quidem
2134 1311 2202 1347 erit
2221 1310 2317 1357 quod
2335 1310 2381 1348 ab
2402 1320 2492 1347 000·

267 1357 346 1390 τῶν
374 1354 633 1399 κεκωλυμένων
668 1357 708 1389 οῦ
743 1355 1009 1401 προςάψονται·
1053 1353 1142 1390 ἀλλὰ
1170 1357 1224 1400 τῷ
1256 1357 1348 1390 κατὰ
1439 1367 1556 1401 uoque
1581 1356 1697 1399 datur,
1728 1356 1905 1392 mediocre
1929 1366 2012 1392 vero
2036 1359 2073 1392 et
2094 1357 2171 1393 leve
2193 1359 2230 1391 et
2251 1355 2427 1402 portabile
2450 1363 2494 1391 ac

267 1399 395 1446 μικρὸν
413 1403 473 1434 καὶ
494 1398 554 1447 ἐφ’
575 1398 739 1436 ἅπαντας
755 1399 955 1444 ἡπλῶσθαι
979 1400 1027 1435 τὰ
1046 1400 1129 1444 τέλη
1148 1405 1221 1447 βρα
1243 1400 1263 1434 ὑ
1281 1402 1347 1446 μὲν
1431 1401 1521 1436 acile
1553 1402 1648 1446 quod
1677 1402 1840 1444 infertur,
1877 1404 2010 1446 quanto
2041 1411 2065 1436 a
2094 1401 2257 1447 pluribus
2290 1400 2492 1437 collectum.

268 1450 371 1480 ἔσται
405 1445 448 1479 τὸ
483 1443 573 1490 παρ’
612 1445 762 1480 ἑκάστου
797 1443 999 1490 διδόμενον,
1034 1449 1182 1494 μέτριον
1214 1414 1254 1480 δίε
1287 1448 1347 1479 καὶ
1415 1446 1509 1490 Quid
1533 1446 1626 1481 enim
1648 1446 1804 1491 ineptius
1828 1447 1907 1490 erit,
1938 1446 2033 1482 viros
2058 1457 2102 1482 ex
2149 1445 2279 1492 ropriis
2304 1447 2494 1491 operantes

268 1491 404 1536 κοῦφον
435 1493 495 1524 καὶ
519 1489 679 1536 φορητὸν
708 1494 768 1524 καὶ
792 1491 883 1537 ῥᾷον
904 1490 1230 1538 συνείς-φερόμενον,
1270 1488 1346 1533 ὅσῳ
1415 1491 1581 1526 manibus
1605 1495 1640 1527 et
1663 1495 1854 1536 pascentes
1877 1501 2008 1527 uxores
2031 1501 2076 1527 ac
2141 1491 2193 1527 'os
2217 1493 2254 1526 et
2269 1490 2379 1527 aliam
2399 1489 2494 1526 vitae

269 1548 321 1571 πα
345 1536 369 1568 ὰ
391 1533 573 1570 πλειόνων
597 1534 775 1582 συλλεγέν.
821 1539 861 1570 τί
880 1534 949 1581 γὰρ
969 1533 1203 1582 ἀτοπώτερον
1218 1534 1263 1570 ἂν
1283 1535 1347 1579 εἴη,
1361 1538 1403 1570 30
1416 1536 1718 1589 dispensationem
1748 1536 1832 1572 hinc
1861 1537 1995 1573 habere
2022 1536 2224 1582 compulsos
2247 1537 2397 1572 o'nerare
2419 1543 2493 1571 rm·

268 1549 401 1626 ἇνὲρας
426 1582 465 1614 ἐκ
484 1581 563 1615 τῶν
581 1581 725 1615 οἰκείων
746 1582 1001 1628 ἐργαζομένους
1022 1582 1154 1627 χειρῶν
1176 1584 1237 1615 καὶ
1260 1577 1348 1616 ἀπο·
1414 1581 1550 1617 ionbus
1574 1581 1729 1625 tributis,
1762 1585 1797 1617 et
1821 1585 1954 1627 quanto
1978 1591 2035 1617 am
2062 1581 2130 1617 lius
2156 1591 2221 1626 per
2244 1590 2306 1617 eos
2337 1579 2399 1626 qui
2420 1579 2494 1616 lae·
2555 1587 2560 1589 ”

269 1627 468 1671 τρέφοντας
487 1624 644 1671 γαμετάς
671 1639 712 1660 τε
739 1629 800 1659 καὶ
824 1623 957 1660 παῖδας
984 1629 1044 1660 καὶ
1067 1624 1135 1669 τὴν
1152 1624 1263 1668 ἄλλην
1283 1627 1346 1659 τοῦ
1415 1627 1582 1670 vigantur
1604 1626 1654 1670 fit,
1686 1630 1787 1662 tanto
1811 1626 1965 1662 maiores
1989 1593 2072 1662 intfe
2094 1626 2192 1662 effici
2214 1625 2424 1672 passiones?
2457 1625 2496 1661 et

269 1673 351 1714 βίου
376 1667 554 1711 διοίκησιν
577 1670 752 1705 ἐντεῦθεν
782 1673 877 1713 ἔχειν
901 1672 1146 1717 ἐπειγομένους
1174 1669 1348 1717 βαρύνειν
1416 1677 1472 1707 est
1495 1671 1754 1716 aliquodonus
1776 1671 1963 1716 infinitum,
1991 1671 2182 1708 terminum
2204 1670 2340 1707 nullum
2361 1669 2495 1706 habere

270 1717 410 1759 μείζοσι
428 1714 556 1756 τέλεσι,
577 1718 636 1749 καὶ
657 1710 733 1758 ὅσῳ
754 1714 866 1750 πλείω
887 1714 933 1749 τὰ
951 1717 1030 1750 τῶν
1051 1714 1349 1770 ἐλαφρυνομένων
1415 1717 1549 1752 valens.
1794 1739 1803 1747 x

270 1760 452 1807 γίνεσθαι,
486 1757 650 1803 τοσούτῳ
686 1762 798 1804 μείζω
834 1759 880 1794 τὰ
915 1760 1059 1795 ἐκεῖθεν
1088 1759 1349 1795 αποτελεῖσθαι
1362 1763 1403 1796 35

270 1803 389 1848 πάθη,
413 1807 474 1838 καὶ
489 1804 583 1839 εἶναι
601 1818 639 1839 τι
658 1802 766 1853 βάρος
787 1802 968 1853 ἀόριστον,
992 1808 1102 1852 πέρας
1123 1803 1188 1840 οὐδ
1194 1802 1202 1815 ²
1227 1802 1349 1840 ὁτιοῦν

270 1849 296 1886 3
340 1852 435 1892 ἔχειν
457 1847 680 1892 δυνάμενονς
731 1851 851 1884 Ταῦτα
873 1847 997 1885 πάντα
1022 1848 1219 1885 κωλύοντες
1241 1847 1349 1885 τόνδε
1417 1851 1442 1887 3
1489 1850 1589 1886 Haec
1620 1850 1739 1886 omnia
1770 1849 2002 1895 prohibentes
2034 1850 2129 1886 hanc
2161 1860 2302 1887 sacram
2331 1849 2496 1895 ponimus
2560 1887 2562 1889 ,

271 1894 338 1929 τὸν
368 1894 474 1928 θεῖον
502 1894 655 1939 τίθεμεν
684 1893 938 1941 πραγματικὸν
966 1893 1093 1937 τύπον,
1124 1894 1192 1939 τήν
1220 1898 1265 1929 τε
1288 1896 1349 1938 τῆς
1416 1896 1673 1941 pragmaticam
1691 1895 1853 1939 formam,
1877 1898 1913 1930 et
1934 1905 2039 1931 casus
2055 1895 2324 1931 interminantes
2341 1901 2493 1941 poenam
2547 1898 2550 1899 ’

272 1936 487 1974 ἐκπτώσεως
516 1936 745 1974 ἀπειλοῦντες
784 1938 916 1983 ποινὴν
953 1935 1106 1994 ἅπασιν,
1127 1937 1257 1984 ὁμοίως
1286 1942 1348 1985 ἐφ·
1417 1941 1580 1977 omnibus
1612 1940 1774 1977 similiter
1808 1940 1995 1982 subiectis,
2031 1940 2064 1976 si
2091 1940 2341 1985 prohibuerint
2371 1938 2494 1974 unius-

271 1984 349 2028 εξῆς
370 1988 444 2019 τοῖς
466 1981 643 2038 ὑπηκόοις,
667 1986 698 2018 εἰ
721 1983 920 2019 κωλύσαιεν
943 1984 1024 2020 τοὺς
1047 1985 1196 2019 ἕκαστον
1219 1982 1347 2028 συστή-
1361 1988 1403 2020 40
1418 1986 1590 2031 cuiusque
1620 1985 1758 2030 collegii
1789 1986 2014 2030 praepositos
2046 1985 2202 2030 legItima
2231 1988 2269 2021 et
2298 1983 2495 2029 antiquitus
2547 2017 2551 2019 ο

273 2041 385 2073 ματος
409 2041 638 2077 προσταντας
661 2029 706 2064 τὰ
728 2032 968 2074 νενομισμένα
986 2033 1046 2064 καὶ
1062 2028 1212 2064 ἄνωθεν
1229 2042 1352 2076 τεταγ-

233 2156 237 2161 ·
272 2140 445 2177 eiusmodi
467 2141 706 2177 excusatione
729 2141 783 2176 uti
800 2141 930 2187 possit.
989 2141 1115 2187 Neque
1138 2142 1231 2177 enim
1247 2142 1415 2188 patimur
1438 2140 1595 2177 aliorum
1621 2152 1712 2177 onus
1735 2140 1786 2176 ad
1807 2140 1900 2176 alios
1925 2140 2133 2187 transferri,
2162 2151 2278 2186 neque
2300 2139 2393 2176 adeo
2416 2149 2497 2175 cru·
2539 2169 2547 2173 ι

273 2186 385 2222 delem
410 2185 529 2222 valere
552 2186 853 2228 constitutionem,
882 2190 923 2222 ut
946 2186 1108 2233 quotidie
1131 2190 1336 2233 auqeantur
1361 2186 1495 2222 tributa
1526 2190 1571 2228 et,
1603 2185 1902 2232 quemadmodum
1925 2185 2045 2222 edocti
2066 2195 2200 2227 sumus,
2232 2184 2440 2232 quadrupla
2462 2187 2499 2221 et

273 2230 466 2278 quincupla
490 2236 600 2277 atque
623 2230 714 2267 adeo
738 2230 893 2277 decupla
916 2230 1058 2274 dentur,
1083 2232 1255 2277 quoniam
1277 2230 1436 2266 studium
1458 2230 1606 2267 adhibet
1627 2235 1756 2267 nostra
1771 2231 1956 2278 potentia,
1979 2242 2025 2266 ne
2046 2230 2130 2277 quis
2151 2229 2227 2266 ullo
2251 2239 2343 2266 novo
2361 2227 2498 2266 tributo

272 2280 464 2323 gravetur:
499 2287 629 2312 novum
654 2279 772 2312 autem
795 2276 864 2311 erit
886 2287 960 2311 non
983 2276 1099 2312 solum
1121 2276 1161 2311 id
1182 2276 1284 2322 quod
1305 2286 1401 2311 nunc
1422 2276 1580 2323 primum
1603 2276 1810 2323 impositum
1833 2279 2057 2318 est„verum
2080 2276 2187 2311 etiam
2219 2274 2320 2321 quod
2366 2275 2499 2311 dorem
2540 2311 2543 2316 ἰ

267 2321 548 2368 proportionem
572 2320 724 2357 excedit.
773 2320 847 2357 Sed
869 2321 989 2356 omnia
1011 2322 1050 2356 in
1070 2320 1195 2358 eodem
1217 2321 1292 2357 sint
1313 2325 1412 2357 statu
1435 2324 1472 2357 et
1494 2321 1715 2364 condicione,
1739 2324 1849 2367 atque
1872 2320 2071 2356 communis
2093 2320 2143 2356 sit
2164 2319 2209 2356 de
2227 2319 2326 2356 omn'
2348 2330 2393 2356 us
2415 2318 2500 2356 talis

273 2377 381 2402 sacra
390 2366 627 2412 praqmatica
642 2367 783 2402 sanctio
799 2370 928 2402 nostra
939 2368 1061 2413 (quam
1078 2366 1222 2418 quidem
1238 2366 1346 2402 etiam
1362 2366 1474 2413 leqem
1491 2366 1681 2413 appellare
1699 2365 1805 2409 licet),
1826 2370 1867 2402 ut
1882 2365 2046 2401 omnibus
2060 2364 2290 2401 securitatem
2307 2364 2497 2412 largiatur.

276 2411 401 2457 Neque
432 2412 526 2446 enim
580 2411 745 2457 uisquam
777 2411 822 2446 de
850 2411 920 2447 hac
949 2422 989 2447 re
1012 2410 1087 2463 indi
1115 2411 1273 2454 nabitur,
1304 2422 1385 2463 cum
1417 2411 1555 2463 nullum
1586 2422 1663 2447 esse
1682 2415 1901 2463 ‘exemptum
1933 2410 2053 2462 videat
2082 2412 2238 2462 excepta
2259 2420 2335 2446 una
2355 2409 2500 2462 ratim

275 2422 1275 2537 {xeissffassi'z'm‘iss's‘u'‘Zffsstressmniffiessw‘{ciffi-⁴⁷²²
1297 2456 1574 2545 ²¹‘5500‘21Z3m255
1586 2454 2500 2537 pssfssssfftmt'iiffffltdffssftffifflssmmm

278 2547 374 2581 tione
397 2550 549 2581 conetur
572 2513 681 2592 atqsse
704 2550 770 2582 aut
792 2545 837 2581 ab
860 2513 1134 2592 inquilinislz’xi
1160 2547 1175 2582 i
1195 2527 1271 2582 suis
1294 2557 1369 2582 non
1382 2512 1554 2594 patiaqur
1577 2513 1643 2582 (qut
1657 2546 1907 2593 patrocinium
1928 2546 2003 2581 sive
2025 2546 2076 2580 mi
2087 2545 2182 2580 itare
2205 2544 2280 2581 sive
2301 2543 2404 2581 civile
2425 2543 2501 2581 sien

276 2590 653 2642 ecclesiasticum-sive
674 2590 776 2626 aliud
823 2591 1058 2638 ualecumque
1082 2592 1128 2627 tri
1152 2602 1238 2627 uere
1260 2591 1356 2634 velit,
1388 2591 1450 2628 ille
1473 2591 1618 2627 omnino
1651 2591 1826 2671 osgicinae
1847 2590 2007 2642 dominio
2024 2590 2194 2636 privetur
2215 2600 2332 2636 eaque
2346 2587 2501 2636 publica

276 2639 325 2670 stt
345 2645 416 2681 ipsi
441 2635 594 2681 colleqzo
619 2635 786 2671 vzndican
813 2647 845 2671 a.
902 2635 964 2671 Sic
994 2637 1088 2672 enim
1119 2636 1295 2673 cavebunt
1323 2647 1439 2683 neque
1462 2647 1557 2684 quae
1571 2635 1688 2684 probi
1711 2637 1764 2671 ita
1785 2639 1873 2671 sunt
1894 2638 2089 2682 attmqent,
2119 2633 2185 2670 sed
2205 2645 2248 2670 eo
2272 2635 2366 2681 ipso,
2400 2631 2501 2681 quod
2528 2642 2535 2685 J

275 2679 524 2726 particulatim
547 2685 582 2715 et
606 2680 655 2715 ad
678 2691 798 2717 omnes
823 2680 956 2716 tributa
980 2681 1257 2727 diffunduntur,
1287 2692 1368 2717 cum
1391 2681 1568 2728 exiquum
1597 2681 1668 2717 erit
1697 2680 1798 2727 quod
1827 2680 1872 2717 ab
1895 2691 2113 2726 unoquoque
2135 2678 2255 2722 datur,
2290 2684 2364 2715 tum
2386 2676 2500 2715 modi-

277 2735 357 2759 cum
381 2728 417 2760 et
440 2724 514 2760 leve
537 2728 571 2760 et
593 2725 777 2761 tolerabile
798 2730 834 2761 et
854 2726 1006 2770 facilius
1036 2726 1136 2778 quod
1158 2727 1359 2771 confertur,
1415 2731 1527 2762 uanto
1556 2725 1696 2773 plures·
1710 2729 1798 2761 sunt
1826 2737 1849 2761 a
1878 2724 2008 2772 quibus
2036 2723 2231 2770 oolliqitur.
2289 2722 2386 2767 Quid
2406 2723 2500 2760 enim

278 2768 471 2805 absurdius
494 2769 543 2804 sit
565 2780 674 2815 quam
697 2770 796 2806 viros
819 2770 883 2816 qui
899 2771 1069 2816 propriis
1092 2770 1263 2806 laborant
1283 2772 1382 2807 mani
1405 2782 1449 2807 us
1479 2776 1515 2807 et
1537 2782 1677 2807 uxores
1700 2775 1810 2818 atque
1832 2769 1966 2806 liberos
1988 2769 2094 2805 alunt
2120 2778 2165 2805 ae
2186 2768 2364 2815 reliquam
2386 2768 2501 2805 viem
2515 2778 2532 2818 ’ἑ

277 2814 457 2849 rationem
480 2814 564 2849 inde
585 2818 708 2860 petere
727 2814 882 2857 student,
906 2826 1064 2861 qravare
1086 2815 1284 2851 maioribus
1305 2816 1460 2859 tributis,
1483 2820 1521 2852 et
1537 2819 1675 2862 quanto
1695 2815 1825 2863 plures
1846 2816 1920 2851 sint
1941 2814 2005 2861 qui
2024 2814 2201 2857 levantur,
2222 2817 2324 2850 tanto
2343 2812 2502 2850 maiora

278 2858 362 2894 inde
383 2858 486 2904 effici
508 2858 674 2901 iniurias,
706 2863 746 2893 ut
769 2870 860 2895 onus
909 2859 1066 2895 uoddam
1097 2860 1276 2906 infinitum
1307 2861 1438 2897 evadat
1467 2865 1502 2897 et
1533 2860 1633 2907 quod
1653 2860 1791 2896 nullum
1819 2870 1972 2907 usquam
1996 2859 2185 2895 terminum
2208 2857 2340 2894 babere
2359 2856 2501 2905 possit?

278 2904 304 2941 3
359 2903 463 2939 Haec
487 2904 607 2939 omnia
625 2903 861 2949 prohibentes
908 2915 977 2939 ane
999 2915 1141 2940 sacram
1157 2906 1428 2952 praqmaticam
1451 2906 1674 2942 sanctionem
1695 2905 1954 2952 proponimus,
1978 2914 2140 2952 poenam
2162 2902 2366 2955 amissionis
2388 2901 2500 2940 onmi-

280 2950 345 2985 bus
367 2948 537 2994 deinceps
559 2948 711 2984 subditis
734 2949 881 2995 pariter
903 2949 1119 2992 minitantes,
1151 2951 1184 2985 si
1205 2950 1426 2996 prohibeant
1454 2961 1518 2987 eos
1540 2951 1603 2997 qui
1627 2950 1757 2997 cuique
1787 2949 1939 2996 colleqio
1960 2951 2149 2996 praesunt,
2180 2957 2372 2994 quominus
2392 2945 2501 2984 solnta

329 3103 523 3147 1οὖδὲΜ]
546 3102 635 3139 0231,
658 3104 671 3149 11
699 3107 719 3140 8
742 3104 855 3149 μόνον
878 3119 971 3142 oms
1000 3106 1012 3149 ΙΙ
1042 3109 1081 3141 10
1106 3104 1194 3140 *διὰ
1216 3105 1271 3148 τὸ]
1297 3109 1357 3140 καὶ

280 3150 322 3186 τὸ
339 3153 382 3205 M
400 3154 461 3184 καὶ
474 3152 573 3193 L(5)‚
594 3150 649 3206 tq}
663 3151 850 3184 Zachariae
868 3150 881 3193 ΙΙ
900 3153 938 3184 14
951 3148 1193 3228 ἰδυέχεραίνοι
1206 3153 1270 3228 (luel
1281 3149 1355 3213 3ch

279 3193 857 3284 ξῖρῖζῖιῗὲηέῑυῆῗεξῗνὲύτοξέηΙΙΙΙ
882 3198 926 3273 {Z
944 3198 1069 3281 ἕέῧτιζέ]
1095 3207 1190 3274 ’1101ἒὲ
1206 3207 1357 3282 (εἷμῖῡι).
1423 3243 1570 3276 minibus
1588 3242 1610 3285 ί]
1640 3242 1793 3276 omnibus
1818 3241 1961 3276 VNeob.
1977 3243 1990 3284 ΙΙ
2010 3242 2052 3275 19
2071 3239 2218 3282 levigare
2238 3239 2284 3280 V]
2308 3242 2342 3273 et
2355 3237 2503 3281 longus·

281 3287 343 3331 Lu
372 3288 415 3322 29
438 3283 507 3321 ὅσα
531 3286 577 3319 Μ
593 3285 606 3330 ΙΙ
630 3287 673 3319 30
697 3281 937 3318 ἀτοπώτατον
962 3286 993 3318 L
1018 3282 1093 3325 (οὐκ
1117 3282 1357 3318 ἀτοπώτατον
1424 3287 1528 3321 Neob.
1553 3288 1701 3330 obligare
1720 3295 1734 3321 t
1762 3286 1872 3320 levare
1886 3287 1974 3330 vulq.
1993 3284 2007 3330 ΙΙ
2033 3286 2067 3318 et
2090 3285 2265 3319 om.Neob.
2287 3283 2300 3328 [Ι
2331 3285 2374 3318 20
2396 3293 2421 3316 u
2490 3311 2511 3323 ,,

281 3333 491 3375 Haloander)
509 3331 522 3376 ΙΙ
545 3332 590 3365 34
610 3328 657 3364 τὰ
679 3330 757 3363 τῶν
779 3327 1056 3375 ἑλαφρουμένων
1068 3331 1111 3371 L,
1138 3340 1197 3372 per
1221 3341 1275 3362 eos
1298 3331 1357 3371 qui
1425 3332 1451 3365 ι’
1470 3331 1482 3374 11
1507 3334 1546 3367 21
1572 3336 1631 3365 aut
1654 3331 1924 3372 ecclesiasticum]
1948 3332 2007 3363 aut
2030 3342 2089 3363 om.
2109 3329 2144 3363 V
2162 3328 2175 3374 ΙΙ
2198 3330 2241 3363 22
2260 3327 2414 3362 omnibus
2429 3336 2499 3361 mo-

1423 3109 1513 3150 quod
1537 3117 1549 3142 t
1574 3107 1588 3153 ιι
1617 3109 1638 3143 8
1662 3107 1785 3148 omnia]
1810 3107 1957 3140 dominia
1978 3107 2012 3140 V
2034 3105 2046 3149 ι
2074 3106 2136 3139 sub
2159 3118 2217 3139 om.
2241 3104 2305 3149 νι
2332 3105 2354 3139 9
2376 3077 2523 3138 antuus

1423 3154 1534 3194 (antea
1546 3160 1632 3196 spat.
1645 3155 1746 3187 vac.4
1760 3153 1831 3194 litt.)
1851 3151 1908 3196 Vl!
1932 3151 2115 3189 communis
2133 3160 2218 3192 quae
2238 3149 2288 3184 Vt
2309 3147 2324 3194 ΙΙ
2345 3150 2416 3193 per]
2437 3157 2500 3230 εἴ

1432 3198 1492 3241 Vll
1522 3200 1559 3232 11
1584 3196 1830 3231 etiam—licet
1853 3209 1912 3230 om.
1934 3195 1989 3241 Vll
2010 3197 2051 3230 14
2066 3194 2245 3237 ergasteria
2263 3193 2347 3239 V‘ss
2375 3194 2416 3228 16

280 3378 470 3420 levigantur
494 3388 514 3413 ς·
540 3376 553 3420 ΙΙ
582 3378 623 3411 35
647 3378 787 3421 γίνεται
800 3375 994 3408 Haloander
1006 3387 1074 3408 cum
1089 3386 1108 3411 ς
1122 3375 1135 3418 ΙΙ
1162 3376 1204 3409 36
1225 3374 1355 3415 *εἶναι]

281 3422 334 3464 εἴη
349 3426 411 3464 (est
424 3424 456 3463 ς)
471 3423 548 3456 libri
561 3422 574 3465 ss
601 3423 643 3456 39
661 3417 792 3464 ὁμοίως
808 3418 931 3465 ἑφεξῆς
945 3420 1029 3460 ML]
1050 3419 1204 3452 similiter
1216 3432 1245 3455 ς.
1278 3420 1356 3452 Μα-

283 3469 336 3501 lim
360 3463 492 3510 ὁμοίως
511 3474 545 3500 ut
563 3467 722 3511 qlossema
743 3466 845 3499 deleri
858 3464 871 3509 ΙΙ
888 3466 927 3498 41
953 3462 1156 3508 προστάτας
1170 3465 1357 3508 Hombequ

327 3559 347 3590 2
364 3557 602 3599 depositionem
621 3557 652 3590 V
663 3556 677 3600 ΙΙ
695 3558 714 3590 3
729 3553 875 3589 oothidie
890 3561 902 3587 t
919 3552 932 3598 ΙΙ
947 3553 1036 3586 docti
1049 3563 1162 3586 sumus
1178 3553 1356 3587 Vedootis-

282 3603 384 3634 simus
407 3602 532 3635 tNeob.
554 3601 567 3646 ΙΙ
600 3604 621 3636 4
643 3599 872 3643 quincupletia
884 3599 986 3634 Neob.
1012 3599 1160 3641 quinque
1183 3597 1269 3631 lecta
1289 3599 1323 3631 V
1354 3599 1358 3639 Ι

283 3646 423 3688 deculpa
444 3647 478 3679 V
494 3645 506 3689 ΙΙ
532 3650 551 3680 5
576 3647 630 3687 sit]
658 3649 717 3690 leq.
731 3645 803 3679 est?
819 3644 832 3689 ΙΙ
862 3643 1070 3687 *potestatis]
1093 3643 1227 3687 pietatis
1249 3644 1325 3677 libri
1355 3646 1358 3680 Ι

284 3694 304 3726 6
329 3691 471 3731 nullum]
507 3691 602 3724 nullo
627 3692 653 3725 ι’
689 3692 701 3735 ΙΙ
733 3693 751 3724 7
778 3690 877 3733 quod]
908 3700 967 3732 per
998 3690 1032 3723 V
1057 3688 1069 3733 n
1098 3690 1116 3723 7
1140 3701 1189 3732 sq.
1213 3689 1355 3731 priorem

1425 3422 1467 3453 24
1494 3422 1616 3455 hiatum
1647 3423 1770 3456 notavit
1800 3420 1996 3460 Heimbach3
2039 3419 2096 3452 sed
2127 3430 2166 3453 00
2197 3417 2287 3461 quod
2309 3430 2370 3462 sup
2395 3417 2458 3452 levi

1425 3466 1466 3497 27
1492 3465 1644 3499 inferunt
1668 3474 1680 3500 t
1714 3465 1728 3511 ΙΙ
1762 3468 1804 3501 28
1828 3465 1932 3506 Quid]
1968 3464 2057 3508 quod
2082 3465 2160 3498 libri
2189 3462 2204 3515 ΙΙ
2239 3463 2420 3506 inempnun
2441 3468 2455 3495 t
2558 3483 2560 3487 ν
2590 3502 2592 3507 Ι

1425 3510 1467 3543 30
1492 3510 1653 3544 honerare
1675 3519 1687 3545 t
1709 3512 1884 3545 honestare
1906 3510 1941 3544 V
1961 3509 1975 3553 11
1996 3517 2074 3553 post
2088 3507 2269 3541 maioribus
2292 3515 2378 3552 apat.
2393 3517 2463 3540 vac.
2526 3510 2541 3539 f*-
2589 3512 2592 3522 ⁴

1426 3554 1484 3587 litt.
1507 3562 1553 3588 est
1572 3557 1607 3587 in
1630 3556 1663 3589 V
1681 3554 1695 3600 ΙΙ
1717 3557 1756 3590 31
1779 3556 1935 3589 levantur
1949 3554 2067 3607 vuly.ss
2091 3554 2134 3588 32
2150 3553 2188 3586 fit
2208 3553 2254 3594 V]
2276 3553 2321 3585 sit
2344 3550 2468 3586 tNoob.
2527 3555 2537 3600 ζ

1424 3598 1512 3639 inde]
1537 3601 1646 3632 tamen
1672 3607 1683 3633 t
1711 3598 1725 3644 ΙΙ
1748 3602 1790 3635 33
1813 3601 1922 3637 honus
1944 3600 1981 3632 in
2004 3598 2174 3631 infinitum
2194 3597 2256 3641 V'
2282 3595 2408 3630 nullam
2428 3594 2462 3628 V
2527 3611 2537 3634 ι,

1425 3645 1467 3677 38
1491 3644 1727 3686 pragmaticam
1751 3654 1881 3677 oausam
1905 3645 2044 3677 formam
2068 3643 2095 3677 t¹
2127 3642 2140 3687 ΙΙ
2170 3643 2212 3677 39
2235 3641 2399 3675 subiectos
2429 3638 2463 3674 V
2533 3654 2537 3657 ·

1424 3688 1762 3731 uniuscuiuseumquo
1782 3689 1817 3723 V
1836 3688 1849 3733 ΙΙ
1876 3691 1919 3723 40
1940 3687 2147 3732 praepo-itu·
2170 3687 2248 3721 libri

2421 3281 2501 3326 0110ss

1425 3376 1476 3408 <us
1501 3384 1512 3410 t
1542 3375 1554 3420 ιι
1582 3379 1623 3411 23
1649 3379 1681 3411 et
1703 3377 1759 3418 ait]
1792 3378 1875 3410 esset
1906 3376 1940 3410 V
1959 3374 1972 3418 ιι
2001 3374 2168 3417 megum
2197 3373 2277 3407 dum
2307 3373 2356 3406 ,1ο
2367 3372 2458 3470 gan·
2475 3366 2501 3539 l
