2592 3840
259 102 367 147 Nov.
396 102 552 149 XCVII
583 108 620 147 1.
650 106 676 145 2
1316 101 1404 150 470
1826 118 1888 149 nn
1915 117 2227 158 anonumum
2254 117 2382 150 nom
2409 117 2467 149 m·

1261 238 1419 275 CAPUT
1442 237 1471 275 Ι.

333 306 443 339 Τοῦτο
457 309 588 357 (τοίνυν
618 304 688 350 πρὸ
718 306 796 339 τῶν
819 303 942 340 ἄλλων
971 303 1151 340 ἁπάντων
1180 307 1333 352 ἐπανορ-
1456 305 1535 340 Hoc
1558 305 1668 349 igitur
1690 309 1774 341 ante
1794 305 1864 341 alia
1879 305 2044 341 universa
2066 305 2282 350 corrigimus,
2306 305 2468 350 aequalia

260 350 410 391 θοῦμεν,
443 361 531 383 coste
560 349 622 383 ἴσα
651 349 699 383 τὰ
723 351 763 383 έν
786 353 864 385 ταῖς
887 350 1031 395 προιξὶν
1059 350 1153 385 εἶναι
1175 353 1236 385 καὶ
1257 354 1336 385 ταῖς
1402 351 1439 385 in
1463 350 1604 385 dotibus
1635 360 1714 386 esse
1745 355 1780 386 et
1809 355 1956 395 propter
1985 350 2129 395 nuptias
2153 350 2402 386 donationibus
2430 354 2469 386 et

260 398 341 441 περὶ
350 394 431 446 Ετὸν
452 393 570 440 γάμον
593 392 741 439 δωρεαῖς
771 395 817 428 τά
838 408 878 429 τε
901 396 979 430 τῶν
1001 393 1267 440 ἐπιδεδομένων
1290 395 1335 430 τά
1403 405 1445 430 ea
1468 404 1560 440 quae
1583 394 1780 431 offeruntur
1807 401 1844 430 et
1867 406 1909 431 ea
1937 405 2029 440 quae
2050 395 2087 430 in
2110 395 2337 440 stipulatione
2359 395 2468 431 dedu-

259 452 299 473 τε
314 453 391 473 των
406 438 666 484 ἐπερωτήσεων
691 438 882 485 σύμφωνα,
905 443 964 474 καὶ
987 441 1161 475 τοσοῦτον
1183 443 1250 485 μὲν
1268 454 1330 476 πο·
1400 446 1530 475 cuntur
1560 445 1682 485 pacta,
1712 444 1747 476 et
1777 443 1914 475 tantam
1945 439 2084 485 quidem
2121 440 2352 485 quantitatem
2383 450 2467 475 con-

260 484 326 518 σὸν
353 483 599 530 καταγράφειν
616 484 684 519 τὸν
698 482 814 530 ἄνδρα
837 481 977 519 ὁπόσον
1000 489 1061 519 καὶ
1082 485 1151 529 τὴν
1173 489 1335 533 γυναῖκα,
1370 488 1389 519 5
1403 485 1558 520 scribere
1587 485 1699 520 virum
1730 490 1897 530 quantam
1928 490 1965 521 et
1990 485 2189 527 mulierem,
2220 488 2357 520 tantum
2381 495 2468 529 quo·

260 530 433 562 τοσοῦτον
455 527 497 581 δὲς
517 532 578 562 καὶ
600 530 642 563 τὸ
663 528 784 575 κέρδος
807 531 995 575 ἐπερωτᾶν
1018 533 1077 564 καὶ
1100 532 1139 565 ἐκ
1161 530 1333 566 τοσούτου
1402 540 1470 575 que
1503 530 1638 565 lucrum
1669 530 1831 576 stipulari
1862 533 1897 566 et
1925 540 1970 565 ex
2001 532 2104 565 tanta
2133 534 2236 575 parte
2265 540 2308 565 ex
2336 533 2470 575 quanta

257 577 382 626 μέρουᾺς
413 573 452 626 ἐξ
480 573 618 608 οπόσου
649 574 875 618 βουληθεῖεν,
905 576 1089 622 ἰσομεροῢς
1111 579 1243 618 μέντοι.
1292 572 1333 610 οὔ
1401 575 1586 617 voluerint,
1604 575 1763 620 aequalis
1781 580 1899 611 tamen
1917 585 2113 611 mensurae.
2149 574 2231 611 Non
2252 575 2345 610 enim
2365 575 2469 610 allter

257 631 327 664 γαρ
350 632 398 651 αν
421 617 537 653 αλλως
561 617 581 652 ὁ
606 620 669 662 τῆς
693 617 919 663 δικαιοσύνης
942 633 982 654 τε
1004 623 1064 654 καὶ
1086 619 1248 665 ἰσότητος
1271 634 1333 667 φυ-
1401 620 1558 655 iustitiae
1580 622 1618 655 et
1640 620 1829 665 aequitatis
1854 619 2050 656 servabitur
2071 619 2176 662 ratio,
2205 620 2236 655 si
2259 620 2470 664 negotiative

259 662 410 706 λαχθείη
427 663 539 709 λόγος,
564 664 664 710 εἴπερ
681 666 880 711 ἐμπορικαῖς
896 662 1064 708 ἀλλήλους
1080 665 1334 713 περιγράφοιεν
1401 665 1595 700 alterutros
1619 665 1896 700 circumveniant
1919 667 1955 700 et
1969 665 2154 701 videantur
2177 665 2316 709 quidem
2336 674 2470 710 aequas

258 711 318 742 καὶ
335 706 479 761 ,δοκοῖεν
501 711 569 753 μὲν
593 709 654 743 ἴσα
677 711 866 744 ποιεῖσθαι
889 710 943 755 τὰ,
957 710 1233 757 ἐπερωτήματα,
1257 714 1334 745 ταῖς
1348 713 1388 744 10
1401 709 1521 745 facere
1545 709 1803 754 stipulationes,
1833 720 1899 755 pro
1920 719 2004 745 vero
2028 713 2146 745 autem
2168 710 2372 756 inaequales
2394 718 2468 744 ma-

259 751 299 786 δὲ
321 751 510 795 αληθείαις
541 752 652 788 ἄνισα
674 757 776 798 μένοι
798 755 845 789 τὰ
869 753 1139 800 ἀποτελέσματα
1167 756 1215 800 μὴ
1244 753 1332 802 πρό-
1402 757 1510 790 neant
1531 753 1692 796 effectus,
1722 765 1794 790 non
1816 755 1916 799 prius
1938 754 2136 799 quantitate
2159 755 2322 790 datorum
2347 754 2470 791 eadem

258 811 363 841 τερον
394 799 456 840 τῆς
488 796 686 842 ποσότητος
720 801 797 834 τῶν
833 797 1096 844 ἐπιδιδομένων
1130 802 1193 845 τῆς
1224 797 1333 843 αὐτῆς
1402 800 1636 842 consistente;
1672 802 1708 834 et
1729 799 1870 835 irrideri
1892 799 2053 835 videatur
2075 799 2230 845 undique
2252 800 2327 843 lex,
2355 799 2387 835 si
2408 799 2470 834 ille

258 842 512 897 καθεστώσης·
545 842 569 887 ἢ
599 843 861 890 καταγέλαστος
891 843 939 879 ἄν
970 845 1022 889 εἴη
1053 846 1289 889 πανταχόθεν
1312 842 1331 879 ὁ
1402 845 1544 889 quidem
1573 844 1777 880 conscribat
1808 845 1878 880 duo
1901 844 1998 879 milia
2021 854 2167 887 aureos,
2196 845 2322 881 mulier
2352 848 2470 880 autem

258 886 382 930 νόμος,
407 889 438 921 εἰ
458 902 477 922 ο
498 890 564 933 μὲν
584 888 733 935 γράψειε
758 888 940 932 ὃιςχιλίους
962 891 1118 936 χρυσοῦς,
1140 888 1163 934 ἦ
1184 889 1224 925 δὲ
1244 890 1332 938 γυνὴ
1403 891 1495 925 forte
1519 899 1583 924 Sex
1601 889 1700 924 milia
1721 889 1759 924 in
1779 889 1897 925 dotem
1917 889 2054 931 offerat,
2077 893 2113 924 et
2128 889 2342 934 stipulentur
2364 889 2469 924 alter-

258 933 368 975 τυχὸν
391 933 636 976 ἑξακιςχιλίους
663 937 710 968 εἰς
735 938 864 981 προῖκα
888 934 1041 978 ἐπιδοίη,
1070 939 1130 969 καὶ
1154 933 1333 982 ἐπερωτή-
1348 937 1389 969 15
1403 939 1503 970 utros
1535 939 1698 980 quartam
1730 934 1952 979 conscriptae
1982 935 2020 969 in
2041 934 2142 970 lucro
2163 935 2355 979 percipere,
2385 944 2469 979 pro-

259 989 361 1011 σαιεν
385 975 555 1022 ἀλλήλους
577 979 620 1013 τὸ
642 983 816 1026 τέταρτον
839 982 902 1014 τοῦ
925 983 1123 1027 γραφέντος
1145 982 1193 1015 εἰς
1215 978 1335 1027 κέρδος
1403 980 1484 1015 inde
1507 980 1688 1015 eveniente
1711 979 1812 1015 lucro
1838 979 1902 1014 illa
1924 978 2064 1023 quidem
2086 979 2174 1014 nihil
2195 978 2294 1015 aliud
2316 978 2469 1015 lucrabi-

258 1022 392 1067 λαβεῖν,
417 1023 494 1057 εἶτα
519 1021 728 1068 ἀποβάντος
749 1026 813 1059 τοῦ
838 1024 979 1070 κέρδους
1001 1023 1023 1069 ἡ
1047 1028 1114 1069 μὲν
1133 1023 1237 1060 οὐδὲν
1261 1027 1333 1060 εὖτε-
1402 1029 1462 1060 tur
1496 1025 1566 1060 nisi
1600 1023 1808 1069 quingentos
1844 1033 1971 1059 aureos
2005 1034 2049 1059 ex
2080 1026 2224 1069 quarta,
2259 1024 2320 1059 ille
2351 1025 2471 1059 autem

258 1081 322 1121 ρον
345 1066 511 1113 κερδανεῖ
529 1068 624 1112 πλὴν
647 1068 670 1113 ἢ
693 1069 945 1105 πεντάκοσίους
966 1072 1114 1116 χρυσοῦς
1136 1073 1175 1105 ἐκ
1195 1072 1259 1106 τοῦ
1279 1084 1334 1105 τε·
1402 1070 1612 1115 quingentos
1634 1073 1669 1104 et
1686 1069 1779 1105 mille
1801 1079 1846 1104 ex
1868 1069 1991 1104 eadem
2015 1073 2151 1114 quarta,
2176 1072 2212 1104 et
2232 1070 2412 1114 tamquam
2433 1069 2472 1104 in

258 1126 401 1158 ταρτου,
426 1111 445 1147 ὁ
465 1111 504 1147 δὲ
517 1113 649 1156 χιλίους
673 1119 926 1150 πεντακοσίους
950 1118 988 1149 ἐκ
1003 1117 1067 1150 τοῦ
1085 1113 1193 1150 αὐτοῦ
1208 1113 1333 1161 τετάρ-
1403 1116 1600 1159 aenigmate
1634 1114 1747 1150 multo
1777 1114 1953 1150 videbitur
1987 1118 2115 1159 quarta
2144 1113 2290 1149 alterius
2324 1115 2472 1159 quartae

257 1170 333 1199 του,
357 1162 416 1191 καὶ
433 1156 480 1192 αἷς
496 1160 536 1192 ἐν
553 1160 738 1206 αἰνίγματι
761 1159 883 1203 πολλῷ
909 1165 1074 1207 φαίνοιτο
1097 1161 1140 1195 τὸ
1160 1164 1334 1206 τέταρτον
1348 1162 1389 1194 20
1403 1161 1533 1196 minor:
1557 1170 1601 1195 ex
1626 1163 1795 1204 suspecta
1817 1169 1969 1204 namque
1987 1159 2082 1194 velut
2106 1158 2320 1204 aequalitate
2339 1162 2473 1203 quanta

258 1202 416 1258 θατέρου
435 1206 575 1247 μεῖζον·
608 1206 646 1238 ἐκ
665 1205 735 1251 γὰρ
750 1203 908 1240 ὑπούλου
931 1203 1049 1250 δῆθεν
1066 1203 1231 1248 ἰσότητος
1250 1205 1333 1252 ‹itq-
1401 1205 1639 1250 inaequalitas
1658 1215 1703 1240 ex
1722 1205 1790 1240 hoc
1813 1204 1893 1250 ipso
1912 1203 2085 1249 procedit.
2131 1203 2229 1248 Quae
2243 1203 2351 1248 igitur
2371 1203 2472 1249 prius

258 1258 325 1282 πος
341 1249 512 1292 ανισότης
536 1246 699 1284 αὐτόθεν
723 1246 1067 1295 ἀποτελεσθήσεται.
1114 1251 1163 1285 Τὰ
1180 1253 1246 1295 μὲν
1268 1253 1334 1285 οὖν
1403 1250 1565 1295 exposita
1581 1253 1665 1285 sunt
1680 1249 1814 1285 dotalia
1835 1249 2029 1285 secundum
2051 1259 2155 1294 quem
2178 1248 2373 1284 constituta
2388 1250 2473 1284 sunt

259 1293 469 1338 ἔμπροσθεν
491 1295 687 1339 τεθειμένα
717 1297 883 1341 προικῷα
910 1293 1001 1330 καθ’
1027 1293 1073 1331 ὃν
1096 1295 1333 1342 συμπεφώνη-
1401 1295 1543 1330 modum
1566 1295 1766 1330 habeantur
1796 1294 1905 1339 (quod
1934 1294 2027 1329 enim
2054 1295 2190 1330 factum
2218 1297 2272 1329 est
2301 1293 2472 1329 infectum

258 1351 319 1371 ται
350 1338 489 1383 τρόπον
518 1341 627 1382 ἐχέτω
663 1343 736 1382 (καὶ
765 1340 832 1387 γὰρ
863 1340 906 1375 τὸ
936 1341 1130 1388 γενόμενον
1161 1338 1334 1388 ἀγένητον
1401 1350 1545 1376 manere
1578 1339 1786 1385 inpossibile
1816 1342 1893 1383 est),
1931 1339 1976 1375 de
2006 1343 2124 1375 cetero
2159 1342 2277 1374 autem
2307 1338 2346 1374 in
2375 1337 2472 1375 omni

257 1385 380 1436 μένειν
403 1385 480 1418 τῶν
503 1381 567 1418 οὐκ
592 1385 850 1431 έγχωρούντων
870 1387 976 1429 ἐστο·
1000 1387 1065 1420 τοῦ
1085 1383 1126 1420 δὲ
1143 1386 1270 1421 λοιποῦ
1294 1387 1333 1420 ἐν
1347 1387 1388 1420 25
1402 1385 1540 1421 dicione
1579 1385 1756 1420 sancimus
1796 1394 1926 1429 aequas
1966 1384 2105 1429 quidem
2143 1393 2224 1420 esse
2262 1383 2470 1425 oblationes,

258 1440 359 1475 πασῃ
382 1429 428 1475 τῇ
444 1427 594 1473 ὑπηκόῳ
619 1432 844 1474 θεσπίζομεν
866 1431 944 1465 ἴσας
966 1433 1033 1474 μὲν
1055 1430 1148 1465 εἶναι
1172 1431 1235 1466 τὰς
1259 1432 1332 1466 ἐπι·
1400 1431 1500 1475 ipsos
1531 1434 1649 1465 autem
1679 1429 1873 1465 mediocria
1900 1430 2003 1464 lucra
2031 1429 2183 1474 pacisci,
2211 1432 2252 1464 ut
2270 1439 2335 1474 per
2354 1427 2472 1464 omnia

259 1471 392 1515 δόσεις,
429 1474 491 1508 ἴσα
515 1472 555 1508 δὲ
577 1475 623 1509 τὰ
646 1478 759 1522 μέτρα
782 1477 859 1509 τῶν
881 1474 1021 1522 κερδῶν
1044 1476 1333 1522 συμφωνεῖσθαι,
1400 1475 1571 1511 iustitiam
1593 1475 1877 1521 aequitatemque
1899 1475 2123 1510 honoremus.
2171 1473 2209 1509 Si
2226 1475 2321 1509 enim
2343 1473 2472 1518 aliquis

259 1518 320 1552 ἵνα
343 1516 581 1554 &uxamam
605 1518 838 1563 δικαιοσύνην
860 1534 901 1554 τε
923 1524 983 1555 καὶ
1003 1522 1155 1564 ἰσότητα
1177 1522 1332 1565 τιμήσω·
1401 1520 1552 1565 amplius
1583 1520 1653 1555 alio
1686 1520 1782 1555 dives
1814 1524 1886 1563 est,
1918 1520 2003 1555 licet
2033 1519 2066 1554 ei
2095 1529 2159 1572 per
2189 1518 2298 1554 alium
2328 1519 2472 1554 modum

258 1576 334 1606 μεν.
381 1564 412 1597 εἰ
441 1563 511 1611 γάρ
541 1577 594 1599 τις
618 1564 755 1609 μᾶλλον
784 1566 944 1611 θατέρου
977 1565 1157 1610 πλουτοίη,
1190 1567 1334 1607 ἔξεστιν
1401 1566 1593 1609 legitimum
1617 1570 1735 1600 tamen
1758 1569 1796 1600 et
1818 1564 1975 1610 agnitum
1998 1569 2129 1600 nostris
2152 1564 2289 1608 legibus
2321 1564 2471 1599 clemen-

260 1605 359 1660 αὗτῷ
382 1606 433 1643 δι’
453 1610 574 1655 ἑτέρου
597 1611 735 1656 τρόπου
759 1614 908 1655 νομίμου
932 1614 993 1645 καὶ
1013 1613 1238 1658 ἐγνωσμένου
1261 1613 1335 1646 τοῖς
1347 1613 1388 1645 30
1402 1611 1488 1645 tiam
1510 1610 1681 1655 praebere
1701 1609 1781 1653 alio,
1806 1613 1842 1645 et
1857 1620 1928 1645 non
1947 1619 2012 1654 per
2026 1609 2312 1655 inaequalitatem
2331 1607 2472 1644 rediens

258 1656 439 1709 ήμετέροις
461 1654 584 1699 νόμοις
605 1655 985 1702 φιλανθρωπεύεσθαι
1007 1660 1090 1701 περὶ
1112 1657 1181 1690 τὸν
1198 1658 1333 1702 ἕτερον,
1402 1656 1449 1691 ad
1471 1656 1723 1700 aequalitatem
1751 1655 1890 1690 lucrum
1911 1655 2024 1690 maius
2053 1654 2158 1690 alteri
2179 1654 2378 1700 adquirere.
2423 1653 2473 1688 Et

259 1697 327 1732 αλλ
367 1712 410 1733 ου
434 1697 494 1733 διὰ
526 1701 589 1744 τῆς
619 1698 829 1743 ἀνισότητος
852 1699 1094 1746 ὑποδυομένης
1116 1702 1268 1745 ἰσότητα
1290 1700 1333 1736 τὸ
1402 1702 1492 1736 haec
1527 1701 1666 1745 quidem
1701 1700 1745 1735 de
1775 1700 1843 1735 hoc
1878 1700 1935 1734 lex
1968 1700 2020 1734 ita
2051 1699 2306 1744 quodammodo
2341 1698 2473 1737 habeat

259 1741 380 1789 κέρδος
407 1747 531 1798 μεῖζον
565 1746 714 1792 θατέρῳ
749 1750 958 1791 περιποιεῖν.
1006 1749 1067 1780 καὶ
1097 1744 1117 1780 ὁ
1149 1749 1217 1791 μὲν
1251 1749 1336 1792 περὶ
1403 1756 1506 1783 suam
1527 1746 1698 1782 iustitiam
1721 1745 1894 1782 universis
1916 1744 2117 1781 ostendens.

260 1787 388 1839 τούτου
420 1802 528 1834 νομος
550 1787 647 1824 οὕτω
671 1802 748 1825 πως
771 1792 881 1834 ἐχέτω
914 1791 983 1835 τὴν
1006 1792 1132 1826 ἑαυτοῦ
1157 1789 1336 1826 δικαιοσύ-

258 1847 326 1877 νην
349 1831 489 1869 ἁπασιν
512 1834 788 1881 ἐνδεικνύμενος.
1350 1838 1393 1872 35

1251 1947 1408 1984 CAPUT
1430 1948 1478 1984 H.

318 2017 391 2049 Καὶ
415 2017 539 2063 ἕτερον
561 2012 604 2050 δέ
623 2029 661 2049 τι
683 2016 761 2050 τῶν
784 2019 868 2063 περὶ
898 2027 963 2051 τας
983 2015 1135 2063 γαμικὰς
1158 2014 1337 2051 ἐπιδόσεις
1459 2015 1567 2051 Aliud
1590 2025 1731 2061 quoque
1759 2015 1856 2060 quod
1885 2014 1981 2050 circa
2009 2013 2185 2059 nuptiales
2212 2013 2411 2050 oblationes
2430 2011 2471 2048 fit

256 2063 459 2108 γινομένων
488 2059 750 2109 ἐθεωρήσαμέν
773 2074 814 2096 τε
836 2064 897 2095 καὶ
920 2060 1244 2107 κατεσκεψάμεθα,
1265 2074 1337 2107 φα-
1404 2060 1622 2106 inspeximus
1645 2066 1752 2106 atque
1776 2059 2085 2102 consideravimus,
2116 2059 2264 2095 dicimus
2287 2062 2407 2094 autem
2427 2057 2472 2093 de

393 2172 423 2208 Ι.
471 2172 552 2208 Hoc
572 2172 686 2224 iqitur
704 2176 788 2208 ante
808 2177 928 2209 cetera
944 2173 1065 2208 omnia
1081 2172 1306 2219 corriqtmus,
1329 2176 1370 2207 ut
1416 2171 1497 2207 aria
1516 2171 1590 2206 sint
1610 2171 1647 2205 in
1664 2169 1807 2206 dotibus
1826 2174 1860 2205 et
1882 2169 2137 2205 donationibus
2153 2173 2310 2216 propter
2326 2168 2473 2216 nuptias

255 2221 366 2266 pacta
397 2223 470 2253 tam
501 2218 539 2253 in
571 2217 617 2252 iis
648 2228 742 2263 quae
770 2217 906 2254 dantur
938 2229 1047 2264 quam
1077 2218 1115 2252 in
1145 2217 1375 2264 stipulationi
1399 2227 1452 2259 us,
1485 2220 1522 2252 et
1554 2220 1691 2251 tantam
1722 2216 1960 2261 quantitatem
1991 2215 2047 2250 vir
2068 2213 2272 2250 conscribat
2301 2217 2472 2260 quantam

257 2264 395 2307 multer,
418 2263 565 2310 pariter
591 2274 635 2298 ue
659 2267 796 2298 tantum
820 2263 960 2298 lucrum
982 2262 1177 2310 stipuletur
1208 2267 1318 2309 atque
1337 2273 1407 2308 pro
1433 2264 1534 2297 tanta
1550 2264 1662 2307 parte
1691 2271 1761 2312 pro
1786 2264 1924 2307 quanta
1947 2259 2142 2301 voluerint,
2173 2258 2281 2295 modo
2305 2258 2474 2305 aequales

256 2310 330 2344 sint
350 2313 487 2355 partes.
580 2319 670 2353 eque
692 2307 785 2343 enim
808 2308 915 2344 aliter
937 2308 1097 2344 iustitiae
1127 2312 1163 2343 et
1186 2307 1418 2354 aequalitatis
1445 2306 1542 2341 ratio
1564 2305 1777 2347 servabitur,
1800 2304 1974 2351 siquidem
2004 2304 2268 2351 neqotiatorum
2298 2303 2406 2340 modo
2433 2314 2474 2339 se

244 2354 406 2390 'invicem
430 2353 726 2389 circumscribant
748 2358 784 2388 et
806 2353 976 2399 aequales
998 2353 1141 2399 quidem
1163 2353 1415 2399 stipulationes
1435 2352 1563 2397 facere
1582 2350 1783 2394 videantur,
1806 2361 1932 2386 revera
1958 2354 2074 2385 tamen
2097 2348 2301 2396 inaequalis
2322 2348 2472 2394 effectus

258 2403 420 2442 maneat,
455 2410 529 2434 non
551 2399 657 2445 prius
679 2399 884 2444 quantitate
906 2410 1029 2434 eorum
1085 2409 1153 2434 uae
1177 2398 1311 2433 dantur
1333 2397 1456 2434 eadem
1480 2396 1686 2432 constituta.
1733 2395 1880 2441 Alioqui
1902 2393 2098 2430 deridenda
2121 2394 2244 2441 utique
2266 2393 2330 2430 tex
2351 2394 2411 2437 sit,
2440 2394 2476 2429 si

259 2445 313 2480 vir
336 2444 408 2479 duo
433 2444 532 2479 milia
555 2454 747 2479 aureorum
770 2444 968 2490 scripserit,
992 2454 1051 2479 mu
1066 2444 1120 2479 ier
1144 2447 1262 2479 autem
1283 2443 1385 2488 forte
1407 2453 1476 2478 sex
1496 2441 1596 2476 milia
1618 2441 1656 2475 in
1676 2440 1794 2476 dotem
1817 2439 1968 2482 dederit,
1991 2443 2026 2474 et
2044 2439 2208 2486 stipulati
2230 2438 2302 2474 sint
2325 2438 2472 2475 invicem

258 2495 427 2534 quartam
456 2492 598 2536 partem
629 2489 705 2524 eius
733 2489 833 2534 quod
858 2490 1034 2535 scriptum
1061 2493 1116 2525 est
1146 2489 1185 2523 in
1217 2488 1355 2523 lucrum
1387 2488 1570 2534 accipere,
1603 2485 1729 2532 deinde
1759 2484 1940 2521 eveniente
1972 2484 2074 2519 lucro
2105 2483 2222 2520 altera
2252 2482 2344 2520 nillil
2372 2482 2475 2520 atiud

259 2545 367 2586 quam
389 2534 606 2580 quinqenlos
626 2544 756 2569 aureos
779 2545 828 2570 ex
849 2539 982 2580 quarta
999 2538 1111 2580 parte
1132 2533 1302 2575 lucretur,
1325 2533 1418 2570 alter
1437 2536 1556 2568 autem
1580 2530 1675 2566 mille
1698 2531 1914 2576 quinqentos
1936 2540 1986 2566 ex
2004 2528 2127 2565 eadem
2173 2531 2291 2571 uaria,
2315 2538 2360 2564 ac
2379 2528 2474 2565 velut

259 2590 297 2614 in
321 2581 405 2614 aeni
429 2583 523 2614 mate
546 2578 663 2614 altera
686 2587 820 2624 quarta
843 2579 953 2614 multo
978 2579 1095 2614 maior
1125 2579 1243 2614 altera
1274 2582 1474 2625 appareat.-
1509 2587 1559 2612 ex
1578 2576 1716 2621 ficticia
1745 2578 1837 2611 enim
1867 2574 2088 2620 aequalitate
2117 2585 2140 2609 a
2163 2573 2277 2609 surda
2299 2573 2472 2620 inaequa-

261 2624 344 2659 litas
375 2630 471 2659 utro
504 2624 550 2669 ef
572 2623 694 2659 cietur.
742 2625 860 2670 Atque
894 2624 1034 2660 dotalia
1069 2623 1212 2670 quidem
1247 2623 1485 2659 instrumenta
1519 2625 1626 2657 antea
1659 2622 1766 2667 facta
1800 2619 1993 2656 secundum
2023 2630 2128 2665 quem
2158 2618 2356 2665 composita
2387 2622 2475 2654 sunt

260 2669 402 2704 modum
426 2679 464 2703 se
487 2668 534 2703 lta
558 2671 642 2703 eant
665 2670 792 2714 (neque
814 2668 907 2704 enim
927 2668 1011 2713 fieri
1030 2673 1164 2715 potest,
1188 2672 1229 2704 ut
1251 2668 1351 2714 quod
1370 2669 1512 2714 factum
1534 2670 1590 2702 est
1611 2665 1786 2711 infectum
1808 2667 1965 2708 maneat)
1970 2676 1986 2706 ;
2008 2664 2045 2699 in
2061 2667 2246 2710 posterum
2266 2666 2383 2699 autem
2404 2673 2474 2710 per

260 2715 463 2749 universam
497 2713 672 2749 dicionem
702 2718 865 2749 nostram
896 2714 1077 2749 sancimus
1103 2724 1218 2760 pares
1249 2718 1285 2749 et
1315 2713 1479 2749 dationes
1506 2722 1583 2747 esse
1616 2715 1652 2747 et
1682 2711 1865 2746 lucrorum
1900 2719 2086 2746 mensuras
2120 2719 2197 2745 com
2225 2708 2304 2751 oni,
2338 2711 2379 2744 ut
2404 2719 2474 2755 per

262 2761 383 2794 omnia
406 2758 579 2794 iustitiam
601 2761 636 2792 et
658 2759 873 2804 aequitatem
896 2759 1067 2794 colamus.
1115 2758 1157 2794 Si
1171 2759 1255 2805 quis
1273 2759 1366 2793 enim
1390 2758 1505 2794 altero
1529 2756 1641 2792 ditior
1656 2762 1722 2800 est,
1744 2755 1828 2791 licet
1846 2755 1881 2791 ei
1894 2765 1966 2801 per
1981 2754 2092 2789 alium
2115 2764 2172 2789 mo
2199 2764 2259 2788 um
2277 2752 2472 2799 leqitimum

261 2804 465 2849 nostrisque
495 2802 633 2849 leqibus
656 2802 853 2848 probatum
885 2803 1136 2839 liberalitatem
1167 2814 1257 2849 erqa
1288 2804 1439 2839 alterum
1468 2801 1657 2843 exhibere,
1693 2811 1808 2846 neque
1838 2811 1922 2836 vero
1984 2810 2023 2835 er
2054 2798 2345 2845 inaequalitatem
2379 2807 2474 2844 quae

261 2850 513 2930 aequglitaqlem
536 2847 678 2928 simtuleit
707 2849 822 2883 maius
851 2848 989 2884 lucrum
1012 2848 1119 2885 alteri
1138 2848 1333 2894 impertire.
1379 2849 1498 2894 Atque
1519 2846 1581 2882 lex
1600 2857 1644 2882 ea
1661 2845 1705 2881 de
1725 2856 1766 2881 re
1785 2846 1836 2880 ita
1854 2856 1893 2881 se
1909 2810 2050 2886 habeat,
2074 2854 2168 2889 quae
2183 2843 2357 2879 iustitiam
2370 2853 2474 2878 suam

262 2905 357 2929 onim
384 2903 426 2928 us
473 2902 592 2928 emonS
608 2903 647 2927 Γθ
665 2918 673 2926 .

396 2938 444 2974 Π.
491 2937 565 2973 Sed
587 2936 689 2972 aliud
711 2948 855 2983 quoque
883 2937 971 2983 quid
992 2949 1115 2974 eorum
1140 2949 1231 2983 quae
1254 2937 1298 2973 de
1321 2936 1544 2983 nuptialibus
1565 2935 1822 2972 donationibus
1836 2934 1931 2979 fiunt
1952 2933 2190 2978 spectavimus
2211 2936 2246 2967 et
2268 2930 2473 2968 considera-

289 3054 328 3106 '3
353 3053 435 3104 περὶ
459 3050 537 3082 τῶν
558 3046 687 3104 γάμων
702 3050 733 3081 L
753 3049 765 3092 ΙΙ
781 3052 798 3082 7
818 3049 1020 3094 ἱσομότρουε
1035 3050 1067 3082 L
1084 3049 1097 3093 ΙΙ
1114 3051 1135 3083 9
1151 3048 1252 3095 εἴπερ
1266 3050 1335 3090 Mc]
1403 3048 1532 3080 titatem
1557 3047 1608 3097 {3⁰
1642 3046 1793 3097 quantite
1826 3045 1876 3078 V¹
1904 3044 1932 3096 ΙΙ.
1948 3045 1989 3078 12
2012 3046 2046 3076 et
2068 3043 2113 3084 R]
2145 3055 2202 3076 om.
2226 3042 2381 3085 VTvulq.
2411 3045 2473 3095 aut

263 3094 598 3183 {teubaldi
622 3095 1075 3183 ffissnlissl⁰ff⁷¹1dffif²etd=
1090 3093 1336 3183 ff‘si‘tfflffl
1405 3092 1539 3171 ‘0³32ss
1553 3092 1594 3179 ἳί]
1605 3094 1710 3176 ιῖζιῖ]
1735 3087 2270 3178 1¹12?ssss5‘fipil5m12‘351032't2''v¹fi
2290 3091 2473 3166 &aaa

264 3191 359 3220 olous
375 3188 403 3219 l,
421 3186 433 3230 ΙΙ
456 3187 498 3219 v21
517 3182 662 3239 ἄτοπος]
688 3187 812 3262 quanta
829 3186 863 3225 (i.
878 3198 903 3217 e.
918 3181 1037 3235 ὁπόση
1047 3184 1076 3225 ἵ)
1095 3196 1114 3220 ς
1131 3184 1142 3227 ΙΙ
1158 3186 1210 3237 x2}
1234 3180 1336 3229 ἀγέν-
1406 3182 1438 3215 T
1444 3182 1455 3202 ¹
1472 3181 1485 3224 ΙΙ
1505 3182 1545 3232 1-8
1558 3183 1591 3212 et
1603 3183 1769 3233 tamquam
1782 3197 1826 3203 —
1840 3179 1882 3212 20
1896 3178 2097 3220 aequalitate
2112 3190 2175 3231 scr..
2188 3178 2237 3231 13²
2250 3179 2281 3231 in
2295 3190 2359 3211 ras.
2374 3180 2387 3212 1
2402 3175 2474 3222 vau

264 3245 375 3274 νητον
400 3232 472 3264 ML
494 3231 507 3276 Ι]
538 3232 579 3264 27
604 3240 665 3263 aaa
711 3229 729 3261 ὲ
756 3241 802 3262 τα
832 3230 944 3274 μέτρα
975 3241 1052 3262 των
1082 3227 1221 3272 κερὸων
1252 3240 1336 3272 συμ-
1407 3228 1448 3261 19
1468 3228 1628 3259 emcmate
1639 3224 1714 3266 Re)
1731 3224 1744 3268 ΙΙ
1760 3227 1885 3266 quanta
1906 3224 1955 3256 Va
1971 3223 1984 3267 ΙΙ
2002 3226 2137 3265 quartae
2162 3235 2283 3256 iniuria
2307 3223 2471 3257 delendum

265 3276 494 3355 ῩαωνεῖσθοιιΙ
521 3276 610 3319 ipsos
644 3277 751 3307 autem
789 3274 967 3306 mediocria
1005 3276 1091 3328 (tl'e.
1120 3272 1166 3306 τὰ
1197 3275 1337 3324 μέτρια)
1405 3278 1508 3305 censet
1535 3271 1761 3321 Osenbruqqen
1777 3269 1789 3312 ΙΙ
1816 3270 1857 3302 20
1881 3270 1932 3320 ex]
1957 3272 1990 3301 et
2013 3279 2051 3320 ex
2076 3268 2149 3310 11¹(2)
2167 3266 2181 3312 ΙΙ
2202 3270 2353 3319 suscepta
2375 3267 2473 3332 RTJ!

280 3334 360 3355 ucra
374 3332 497 3365 pamsm
515 3332 535 3357 ς
551 3320 564 3364 ΙΙ
581 3322 623 3354 30
640 3322 792 3363 νομίμου
813 3321 872 3351 καὶ
891 3319 1126 3364 ἐγνωσμενου]
1153 3318 1337 3358 legitimum
1369 3313 1373 3362 Ι
1404 3315 1485 3348 *uel
1500 3314 1701 3356 aequahtate
1722 3315 1855 3358 Vvut9.‚
1880 3314 2097 3355 inequahtate
2113 3313 2155 3346 T¹
2186 3312 2384 3354 aequahtate
2397 3311 2442 3353 R(
2459 3316 2472 3355 )

265 3372 375 3401 tamen
400 3370 432 3400 et
455 3366 606 3409 agnitum
630 3376 650 3402 ς
666 3365 679 3407 ΙΙ
696 3368 733 3398 31
763 3366 844 3409 περὶ
868 3377 925 3397 om.
940 3364 971 3396 L
987 3363 999 3402 ΙΙ
1018 3364 1060 3396 32
1085 3360 1336 3406 ὑποδυομένης]
1370 3373 1371 3395 1
1407 3360 1457 3394 Τ2
1469 3359 1481 3404 ss
1493 3362 1629 3402 quanta]
1642 3359 1756 3403 inepta
1768 3359 1898 3392 Gentius
1909 3357 1922 3403 ΙΙ
1933 3359 1973 3393 21
1989 3359 2207 3401 ineaqualitas
2223 3356 2350 3402 V¹u22
2363 3358 2471 3399 quem]

266 3414 395 3446 rediens
412 3415 445 3455 (i.
461 3425 487 3444 e.
505 3408 790 3453 ὑποδυόμενονῖ)
815 3409 923 3453 §1136
944 3404 1046 3441 Ἀλλὰ
1072 3411 1130 3440 καὶ
1154 3406 1278 3452 ἕτερόν
1301 3419 1338 3441 τι
1370 3405 1372 3446 ξ
1405 3416 1489 3447 quae
1511 3405 1566 3447 Vn
1593 3406 1635 3439 23
1660 3404 1843 3437 saciuntum
1864 3404 1916 3436 Ra
1940 3404 1952 3448 ΙΙ
1977 3404 2136 3436 infectum
2160 3413 2297 3454 manere·
2313 3402 2471 3455 infectum

266 3459 343 3492 τῶν
367 3460 427 3491 inc.
452 3456 511 3497 Bt,
543 3451 691 3500 ‘'Eaeqo‘v
713 3467 751 3488 τι
773 3455 850 3488 τῶν
873 3457 932 3487 inc.
958 3454 1005 3487 Βι
1406 3450 1484 3502 31111
1502 3451 1551 3527 9214
1575 3453 1766 3539 αιιᾶῗῃηοὲἔ
1788 3449 2155 3537 ἓείἓὸἂειὶίῖῖϊίζξειέίι
2175 3449 2237 3536 72⁷7„
2252 3447 2400 3526 agbquaiffl)
2409 3446 2471 3525 aliti:

328 3550 340 3581 1
357 3550 443 3581 rubr.
471 3547 518 3579 De
542 3522 779 3587 exaequatione
803 3544 889 3577 dotis
911 3546 944 3576 et
966 3548 1101 3585 propter
1125 3543 1257 3584 nuptias
1281 3542 1336 3574 do·
1405 3506 1603 3580 t'tilis'l'qltillsii
1617 3541 1666 3573 122
1675 3540 1724 3573 V²
1732 3540 1781 3573 T²
1793 3541 1877 3582 vulq.
1894 3540 1905 3581 ΙΙ
1924 3550 1990 3572 non
2004 3552 2061 3572 om.
2081 3539 2134 3582 Vss
2153 3538 2280 3589 rediens
2295 3537 2335 3570 ad
2352 3545 2470 3587 aequa·

269 3592 414 3624 nationis
431 3592 565 3635 Rqu.
583 3592 634 3632 (ex
652 3591 727 3629 Iul.)
742 3591 755 3633 l}
773 3590 844 3622 Hec
865 3589 922 3631 Vn
938 3589 1138 3629 corrigemus
1164 3587 1213 3620 Τι
1230 3587 1243 3630 ΙΙ
1261 3589 1280 3621 3
1302 3588 1336 3619 in
1370 3616 1372 3638 ι
1405 3585 1533 3618 litatem
1550 3599 1607 3618 om.
1630 3586 1685 3628 Vn
1703 3586 1745 3619 32
1763 3585 1854 3636 haec]
1870 3586 1931 3616 hoc
1953 3585 2009 3636 VJ!
2027 3587 2069 3618 36
2086 3594 2216 3626 quoque
2233 3593 2322 3615 cuca
2338 3583 2468 3624 nuptia-

270 3637 517 3688 stipulationem
534 3636 617 3679 vulq.
637 3636 649 3679 ΙΙ
666 3637 686 3668 4
702 3638 736 3686 et
752 3636 891 3675 tantam]
915 3636 948 3667 et
971 3646 1029 3666 om.
1051 3633 1084 3667 V
1091 3632 1108 3698 fl
1125 3635 1142 3666 Ἰ
1160 3633 1204 3665 tffi
1227 3633 1337 3675 RTau
1369 3654 1371 3691 ζ
1405 3631 1460 3682 les.
1475 3631 1563 3686 quod
1597 3631 1645 3663 V·
1680 3631 1766 3682 quod
1790 3640 1878 3662 cirea
1901 3630 2066 3681 nuptiales
2089 3638 2219 3685 quoque
2238 3627 2299 3692 ¹1⁷³
2326 3626 2340 3671 fl
2368 3625 2471 3668 quod]

271 3684 291 3716 8
315 3686 490 3724 negotmuo
514 3681 563 3714 Β*
599 3683 732 3722 negotia
764 3681 797 3713 V
812 3680 825 3723 ΙΙ
852 3682 872 3713 9
897 3678 1028 3720 equales
1055 3678 1086 3711 T
1130 3679 1142 3720 Η
1168 3679 1205 3712 11
1234 3687 1336 3719 quan·
1405 3686 1463 3717 qul
1487 3677 1537 3709 Ι*1
1560 3679 1573 3713 ll
1599 3675 1792 3716 oblationes]
1816 3675 2010 3708 donationes
2036 3675 2097 3715 ΤΞ,
2122 3687 2179 3707 om.
2197 3673 2230 3706 1²
