2476 3854
131 99 239 144 Nov.
264 98 479 144 CXXXIV
513 103 576 145 12.
611 103 662 146 13

130 211 198 247 τὸν
221 213 328 248 τοῦτο
358 210 607 257 πλημμελῆσαι
635 209 886 256 τολμήσαντα,
918 211 950 245 εἰ
973 214 1033 246 καὶ
1055 210 1099 245 τὸ
1122 208 1212 257 πρό-

81 272 83 274 ·
130 270 236 303 τερον
266 255 442 305 διέφυγεν,
474 254 571 301 ὅμως
600 254 728 291 ἄδειαν
753 253 899 310 δίδομεν
923 259 1036 291 παντὶ
1059 254 1210 304 δικαστῇ

130 305 191 337 καὶ
214 305 374 345 συνέχειν
406 300 519 336 αὐτὸν
542 304 602 335 καὶ
623 301 714 346 μετὰ
738 304 920 345 βασανους
945 304 1022 336 ταῖς
1046 298 1212 344 ἐσχάταις

130 352 319 393 τιμωρίαις
349 345 587 389 ὑποτιθέναι,
618 344 792 391 μηδεμιᾶς
823 344 926 390 ἄλλης
947 350 1159 393 κατηγορίας
1188 344 1212 390 ἢ

131 389 348 433 ἀποδείξεως
366 391 540 437 δεομένῳ·
565 395 626 426 καὶ
640 391 709 436 τὴν
747 393 876 425 υναῖκα
891 403 946 426 σω
976 392 1212 437 ρονισθεῖσαν

131 441 191 472 καὶ
207 441 376 483 καρεῖσαν
394 440 625 483 μοναστηρίῳ
647 438 717 481 ἐμβ
739 436 879 480 ηθῆναι
902 450 940 471 κε
962 436 1089 481 εύομεν
1112 433 1213 471 κάκεῖ

129 486 251 527 μένειν
284 484 342 518 ἐπὶ
367 479 454 517 ὅλον
485 482 553 516 τὸν
583 482 715 528 χρόνον
744 483 807 525 τῆς
837 483 965 518 οἰκείας
997 483 1107 526 ζωῆς·
1144 481 1212 525 τὴν

130 529 297 572 ἑκατέρου
322 526 362 562 δὲ
383 530 594 573 περιουσίαν
617 528 709 562 κατὰ
732 526 800 570 τὴν
823 531 1085 574 προειρημένην
1106 524 1212 568 τάξιν

130 571 366 618 διαιρεῖσθαι,
398 570 560 616 κινδύνῳ
585 572 978 630 (κα-θώςοπροείπομεν)
1003 573 1067 608 τοῦ
1091 586 1131 607 τε
1153 570 1211 606 κό-

129 629 239 662 μητος
268 618 347 653 τῶν
377 619 571 664 πριβάτων
602 621 663 652 καὶ
691 631 770 653 των
801 631 891 653 κατα
919 632 987 654 τον
1008 618 1125 653 τόπον
1149 616 1211 664 ἆρ-
1228 621 1269 653 10
1281 618 1408 654 iudicis
1431 618 1511 654 loci.

128 664 282 706 χόντων.

1206 96 1290 145 688

1719 113 1782 146 υτ
1809 113 1947 147 mmm
1974 115 2168 149 mmmm
2194 105 2357 150 meur

1279 222 1377 255 mus,
1412 210 1474 247 sed
1503 214 1540 247 et
1571 222 1652 248 eum
1682 212 1743 259 qui
1774 211 1844 250 hoc
1873 213 2079 260 delinquere
2133 214 2358 261 raesumpsit5

1279 257 1346 293 etsi
1376 257 1476 310 prius
1505 256 1679 303 perfugit,
1712 260 1869 294 attamen
1899 258 2079 296 licentiam
2194 270 2237 296 us
2263 261 2360 297 omni

1278 302 1388 354 iuflim
1412 305 1447 337 et
1471 302 1768 356 comprehendere
1799 313 1880 339 eum
1910 306 1947 340 et
1969 307 2052 358 post
2074 306 2253 341 tormenta
2274 305 2359 342 ulti·

1280 357 1346 383 m1s
1378 347 1564 392 supphcns
1596 348 1774 391 subicere,
1805 349 1904 384 nulla
1934 349 2005 385 aha
2034 350 2264 386 excusatione
2295 351 2360 387 aut

1247 396 1266 429 5
1279 392 1493 438 probatione
1522 392 1695 438 faciente3
1733 397 1769 430 et
1791 394 1973 430 mulierem
1997 395 2087 431 casti
2113 398 2208 431 atam
2238 397 2275 431 et
2297 394 2360 431 de·

1279 442 1420 473 tonsam
1438 438 1655 475 monasterio
1677 439 1819 475 immitti
1840 439 2002 476 iubemus
2026 443 2063 476 et
2084 441 2098 476 i
2122 440 2136 476 i
2157 449 2302 476 manere
2322 440 2361 477 in

1281 492 1387 535 omne
1418 486 1558 528 tempus
1594 484 1758 530 propriae
1795 485 1906 529 vitae3
1943 485 2130 530 utriusque
2159 495 2242 522 vero
2274 485 2360 522 sub·

1280 531 1448 563 stannam
1478 530 1670 565 secundum
1698 529 1918 575 praedictum
1941 530 2098 566 ordinem
2122 529 2242 574 dividi,
2264 531 2359 576 peri-

1282 573 1362 608 culo
1396 573 1502 616 (sicut
1532 573 1696 619 diximus)
1733 577 1808 611 tam
1840 575 1977 612 comitis
2007 576 2224 621 privatarum
2255 584 2360 621 quam

1112 754 1268 789 CAPUT
1292 753 1390 791 XIII.

141 863 151 876 ³
194 818 340 865 Ἐπειδὴ
373 819 413 856 δὲ
443 819 499 856 δεῖ
520 818 613 866 ἡμᾶς
641 821 710 865 τὴν
739 821 804 856 τοῦ
829 818 1071 868 ἀνθρωπίνου
1093 825 1214 869 γένους

130 867 330 902 ασθένειαν
354 871 514 909 σκοπεῖν,
537 867 602 901 τὰς
626 867 673 901 εἰς
696 868 801 911 σῶμα
825 867 956 902 ποινὰς
979 867 1072 901 κατά
1094 881 1130 901 τι
1153 870 1213 912 μέ·-

130 923 189 958 ρος
216 911 449 947 ἑλαττοῦντες
471 909 743 965 ἄπαγορερομεν
767 913 934 958 ἑκατέρας
966 912 1030 947 τοὶς
1052 915 1168 958 χεῖρας
1191 910 1214 956 ἢ

1349 821 1440 866 Quia
1462 829 1546 856 vero
1570 830 1635 856 nos
1666 822 1808 865 oportet
1836 820 1982 857 humani
2010 821 2147 865 generis
2174 821 2360 858 infirmita-

1281 870 1353 903 tem
1376 869 1572 912 protegere,
1603 866 1806 911 corporales
1830 876 1964 911 poenas
1988 867 2183 903 secundum
2205 867 2361 912 aliquam

1282 914 1421 958 partem
1454 910 1702 947 imminuentes
1735 911 1978 947 interdicimus
2011 912 2201 948 alterutras
2234 922 2362 949 manus

129 960 190 991 καὶ
220 955 335 992 πόδας
367 958 588 1002 τέμνεσθαι,
623 971 645 1001 η
679 958 846 992 τοιαύτας
878 960 975 992 τισὶν
1007 957 1215 1012 ἐπάγεσθαι
1230 960 1269 993 15
1282 962 1345 993 aut
1376 956 1484 1002 pedes
1515 955 1671 998 abscidi,
1706 959 1770 992 aut
1800 956 2003 992 huiusmodi
2033 957 2208 1002 quaedam
2236 957 2362 994 inferri

129 1007 303 1047 τιμωρίας
327 999 379 1036 δι’
406 1002 460 1037 ὧν
484 1002 530 1038 τὰ
551 1002 676 1048 ἄρθρα
701 999 919 1043 διαλύονται,
944 1000 1068 1046 ἐπειδὴ
1093 1017 1115 1046 η
1137 1003 1214 1037 τῶν

130 1046 284 1094 ἄρθρων
308 1045 466 1082 διάλυσις
481 1051 663 1093 βαρυτέρα
686 1049 762 1082 ἐστὶ
778 1049 841 1091 τῆς
857 1048 1037 1092 ἑκατέρων
1052 1049 1130 1082 τῶν
1145 1061 1213 1091 χει-

130 1094 206 1138 ρῶν
230 1094 403 1137 ἐκτομῆς,
436 1091 493 1127 διὸ
511 1090 709 1138 κελεύομεν,
734 1093 766 1127 εἰ
787 1095 854 1137 μὲν
877 1092 1022 1128 τοιοῦτό
1046 1107 1083 1127 τι
1100 1089 1213 1138 ἁμαρ-

129 1139 259 1193 τηθείη
291 1138 330 1179 ἐξ
360 1138 402 1173 οὗ
432 1138 469 1173 οἱ
497 1136 606 1183 νόμοι
637 1137 806 1173 θάνατον
837 1141 910 1172 τοῖς
943 1137 1215 1184 ἁμαρτάνουσιν

1282 1001 2115 1093 {ssssffiffissssssfflssegfflsssshegilliss'ffifflss
2145 1011 2361 1084 ffiufftt:

1283 1093 1447 1129 scisione.
1495 1092 1646 1137 Propter
1669 1092 1763 1137 quod
1786 1091 1957 1136 iubemus,
1982 1093 2013 1128 si
2037 1092 2177 1137 quidem
2199 1093 2273 1128 tale
2295 1091 2361 1128 ali-

1283 1138 1367 1183 quid
1397 1137 1622 1182 delinquatur
1649 1136 1744 1173 unde
1773 1137 1868 1181 leges
1898 1141 2048 1173 mortem
2075 1137 2361 1183 delinquentibus

131 1185 339 1239 ἐπαγουσιν,
374 1184 468 1218 κατὰ
504 1184 572 1227 τὴν
607 1185 683 1218 τῶν
717 1183 843 1236 νόμων
879 1182 1035 1238 δύναμιν
1070 1182 1214 1236 ὑπέχειν
1229 1185 1270 1218 20
1282 1183 1456 1228 inferunt,
1492 1182 1688 1219 secundum
1718 1183 1836 1226 legum
1869 1181 2034 1218 virtutem
2069 1183 2248 1219 sustinere
2282 1192 2363 1219 enm

131 1242 242 1263 αυτον
273 1241 338 1263 τας
362 1228 509 1274 ποινάς,
534 1230 565 1263 εἰ
584 1226 624 1263 δὲ
645 1241 787 1264 τοιουτο
811 1229 863 1272 εἴη
885 1241 928 1262 το
946 1228 1102 1273 ἔγκλημα
1127 1226 1214 1263 abste

129 1274 295 1308 θανάτου
321 1273 425 1314 ἄξιον
446 1274 497 1319 μὴ
517 1274 626 1318 εἶναι,
651 1273 767 1308 ἄλλως
788 1271 902 1308 αὐτὸν
918 1274 1214 1320 σωφρονίζεσθαι

130 1317 153 1362 ἢ
169 1319 216 1353 εἰς
232 1320 374 1365 ἐξορίαν
397 1320 622 1375 πέμπεσθξιι,
646 1320 677 1353 εἰ
698 1318 737 1353 δὲ
756 1316 777 1362 ἡ
793 1320 857 1353 τοῦ
876 1318 1089 1364 ἐγκλήματος
1112 1317 1214 1355 ποιό-

1283 1238 1436 1274 poenas3
1461 1228 1492 1264 si
1509 1238 1592 1264 vero
1611 1227 1683 1263 tale
1697 1226 1806 1263 fuerit
1824 1226 1956 1263 crimen
1977 1227 2070 1273 quod
2086 1229 2200 1264 morte
2215 1227 2363 1274 ,dignum

1282 1285 1356 1310 non
1379 1274 1437 1316 sit,
1469 1274 1533 1309 sed
1555 1275 1596 1308 ut
1617 1273 1695 1319 ipse
1719 1272 1912 1318 castigetur
1935 1277 1998 1308 aut
2019 1273 2057 1308 in
2079 1273 2222 1309 exilium
2243 1277 2362 1310 trans-

1282 1319 1457 1363 mittatur;
1494 1318 1525 1354 si
1547 1328 1630 1355 vero
1655 1317 1808 1354 criminis
1840 1317 1994 1364 qualitas
2022 1318 2170 1354 membri
2191 1317 2363 1355 abscisio·

129 1376 191 1407 της
209 1364 332 1409 μέλους
348 1363 540 1410 ἀποτομὴν
564 1365 758 1408 απαιτήσει
780 1364 972 1411 γενέσθαι,
995 1368 1083 1408 μίαν
1097 1364 1216 1408 μόνην
1283 1374 1364 1400 nem
1387 1364 1505 1408 exigat
1528 1363 1621 1405 fieri,
1646 1373 1753 1398 unam
1777 1363 1889 1399 solam
1911 1373 2055 1399 manum
2078 1363 2225 1399 abscidi.

129 1412 149 1445 1
195 1413 294 1454 χεῖρα
317 1411 529 1453 τέμνεσθαι.

130 1455 317 1490 παντελῶς
337 1454 552 1498 οἱονδήποτε
570 1454 674 1499 μέλος
693 1455 895 1499 τέμνεσθαι
912 1453 934 1497 ἢ
951 1454 1214 1497 ἀποθνήσκειν,

131 1497 212 1534 ἀλλ’
239 1502 368 1547 ἑτέρως
399 1498 515 1534 αὐτὸν
544 1501 850 1547 σωφρονίζεσθαι.
898 1499 1051 1535 κλέπτας
1085 1498 1124 1534 δὲ
1154 1513 1215 1534 κα-

130 1544 259 1590 λοῦμεν
282 1546 365 1581 τοὺς
381 1544 504 1590 λάθρα
525 1549 584 1579 καὶ
605 1544 691 1579 ἄνευ
713 1543 843 1580 ὅπλων
865 1545 912 1579 τὰ
932 1546 1085 1580 τοιαῦτα
1101 1544 1214 1589 πλημ-

129 1590 340 1646 μελοῦντας·
359 1591 440 1625 τοὺς
455 1592 526 1638 γὰρ
538 1595 667 1647 βιαίως
682 1592 936 1646 ἐπερχομένους
949 1588 971 1634 ἢ
982 1590 1073 1635 μετὰ
1087 1587 1215 1625 ὅπλων

589 1406 695 1455 Ὑπὲρ
719 1409 852 1452 κλοπῆς
876 1407 916 1443 δὲ
938 1407 980 1444 οὐ
1003 1408 1216 1454 βουλόμεθα
1229 1411 1307 1447 251
1352 1409 1423 1446 Pro
1453 1410 1551 1444 furto
1574 1418 1657 1445 vero
1681 1408 1846 1444 nolumus
1875 1408 2017 1444 omnino
2047 1409 2231 1454 quodlibet
2252 1417 2362 1445 mem-

1284 1456 1386 1491 brum
1419 1454 1557 1491 abscidi
1590 1456 1654 1490 aut
1687 1453 1795 1497 mori,
1831 1453 1894 1490 sed
1927 1453 2030 1489 aliter
2069 1463 2150 1489 eum
2183 1453 2360 1498 castigari.

1283 1500 1396 1536 Fures
1420 1504 1540 1535 autem
1563 1509 1730 1536 vocamus
1759 1498 1820 1544 qui
1842 1499 1983 1535 occulte
2006 1501 2042 1537 et
2065 1499 2141 1535 sine
2163 1499 2271 1535 armis
2294 1499 2362 1534 hu·

1282 1545 1435 1581 iusmodi
1468 1545 1694 1589 delinquunt3
1732 1554 1795 1580 eos
1825 1553 1908 1580 vero
1943 1543 2005 1590 qui
2034 1543 2206 1580 violenter
2236 1544 2362 1590 adgre-

1284 1590 1428 1626 diuntur
1452 1592 1516 1626 aut
1538 1601 1619 1626 cum
1642 1589 1749 1625 armis
1772 1593 1835 1625 aut
1857 1589 1934 1625 sine
1957 1589 2081 1633 armis,
2111 1589 2150 1625 in
2172 1589 2277 1626 demo
2297 1591 2363 1624 aut

130 1650 171 1691 ⁷]=
184 1640 295 1692 χωρὶς
320 1633 459 1679 ὅπλων,
474 1638 529 1691 ’ἐν
560 1649 647 1680 οικῳ
676 1650 699 1679 η
730 1638 770 1670 ἐν
802 1633 880 1679 ὁδῷ
911 1634 934 1679 ἢ
963 1638 1003 1670 ἐν
1031 1633 1215 1682 θαλάσσῃ,
1230 1638 1271 1671 30
1284 1636 1321 1671 in
1344 1635 1528 1672 itineribus
1552 1637 1616 1672 aut
1637 1635 1675 1671 in
1698 1635 1805 1679 mari,
1831 1634 1955 1680 poenis
1978 1645 2039 1672 eos
2062 1634 2235 1680 legalibus
2257 1634 2364 1671 subdi

130 1693 193 1716 τας
224 1694 299 1716 απο
330 1682 410 1715 τῶν
440 1694 568 1726 νομων
597 1680 785 1725 κελεύομεν
815 1679 1010 1726 ὑπομένειν
1033 1681 1170 1716 ποινάς.

1281 1681 1456 1717 iubemus.

188 1785 215 1806 e.
229 1773 330 1806 XIII
342 1774 385 1807 in.
403 1780 434 1807 et
447 1773 469 1817 ξ
483 1773 504 1806 2
519 1785 671 1807 summam
694 1785 734 1807 ex
748 1773 826 1806 Ath.
852 1774 966 1816 repetit
990 1772 1117 1806 libellus
1141 1773 1223 1816 περὶ
1248 1768 1438 1817 διαφόρων
1461 1768 1764 1817 ἀναγνωσμάτων
1789 1771 1810 1814 ἕ
1823 1773 1844 1806 6
1865 1784 1900 1816 p.
1915 1772 1979 1806 193
1993 1771 2194 1815 Heimbach„
2216 1783 2248 1806 v.
2262 1771 2363 1816 1489.

130 1824 335 1852 summarium
359 1819 509 1852 exhibent
531 1819 712 1852 Prochiron
737 1819 791 1860 39,
805 1825 851 1861 23,
875 1819 1082 1862 Epanaqoqe
1103 1819 1158 1859 40,
1175 1825 1221 1859 26,
1246 1819 1375 1862 Ecloqa
1399 1819 1446 1851 ad
1468 1817 1648 1852 Prochiron
1672 1823 1795 1850 mutata
1819 1818 1873 1858 37,
1887 1824 1922 1850 75
1941 1829 1978 1861 p.
1994 1818 2058 1851 152
2078 1816 2182 1851 Zacyn.

131 1940 274 1988 quidem
297 1940 564 1976 matrimonium
587 1940 758 1983 iubemus,
782 1939 847 1976 sed
868 1939 974 1976 etiam
996 1950 1075 1975 eum
1099 1940 1165 1985 qui
1191 1939 1262 1975 hoc
1284 1940 1503 1975 committere
1526 1950 1637 1975 ausus
1651 1940 1711 1982 sit,
1735 1939 1876 1975 etiamsi
1899 1942 2008 1974 antea
2028 1949 2048 1975 e
2064 1939 2220 1991 fuqerit,
2244 1943 2364 1976 tamen

133 1987 233 2023 omni
253 1985 367 2022 iudici
385 1986 600 2038 facultatem
625 1985 754 2021 damus
776 1996 855 2021 com
883 1984 1102 2021 rehendendi
1133 1988 1169 2020 et
1195 1988 1281 2032 post
1303 1988 1482 2021 tormenta
1513 1984 1647 2021 ultimis
1669 1984 1859 2031 suppliciis
1881 1984 2031 2029 asficien
2057 1994 2089 2026 ι,
2121 1984 2175 2020 ita
2195 1988 2239 2021 ut
2260 1985 2363 2022 nulla

132 2032 206 2068 alia
230 2036 460 2067 accusatione
483 2031 539 2067 vel
558 2030 772 2077 probatione
795 2032 832 2066 in
859 2032 979 2078 iqeat;
1011 2034 1047 2066 et
1069 2030 1252 2065 mulierem
1280 2030 1496 2076 castiqatam
1527 2033 1563 2066 et
1595 2033 1736 2065 tonsam
1766 2029 1805 2064 in
1835 2028 2094 2065 monasterium
2122 2029 2241 2066 emaci
2265 2029 2364 2067 iube-

130 2087 209 2112 mus
231 2076 352 2122 ibique
374 2087 519 2113 manere
536 2087 608 2122 per
631 2087 734 2111 omne
757 2076 851 2112 vitae
872 2087 962 2112 suae
979 2079 1140 2122 tempus;
1163 2076 1352 2122 utriusque
1374 2086 1460 2111 vero
1477 2074 1715 2111 substantiam
1737 2073 1932 2111 secundum
1949 2073 2179 2121 praedictum
2201 2074 2363 2112 ordinem

132 2122 262 2165 dividi,
314 2121 450 2157 ericulo
475 2121 786 2168 (quemadmodum
810 2121 983 2164 diximus)
1008 2126 1043 2156 et
1065 2120 1207 2156 comitis
1229 2131 1348 2156 rerum
1369 2121 1598 2167 privatarum
1620 2125 1656 2156 et
1675 2119 1886 2167 praesidum
1910 2119 2083 2155 locorum.
2354 2154 2358 2160 ,

301 2167 364 2202 ΙΙΙ.
412 2167 589 2210 Quoniam
615 2171 732 2202 autem
758 2165 907 2202 humani
928 2166 1072 2212 qeneris
1095 2166 1339 2212 infirmitatem
1363 2165 1594 2202 considerare
1617 2176 1685 2201 nos
1709 2169 1870 2212 oportet,
1898 2175 2040 2212 poenas
2062 2163 2275 2212 corporales
2296 2163 2363 2200 alc:

132 2223 205 2259 qua
227 2224 277 2249 ex
294 2216 406 2259 parte
429 2213 626 2247 minuentes
649 2215 810 2248 vetamus
833 2217 1023 2257 utramque
1045 2222 1188 2246 manum
1213 2210 1268 2247 vel
1290 2210 1396 2246 etiam
1418 2210 1546 2258 pedem
1571 2210 1719 2253 abscidi,
1743 2214 1807 2246 aut
1828 2209 2002 2246 eiusmodi
2021 2220 2160 2257 poenas
2182 2209 2364 2256 aliquibus

131 2258 249 2304 inflz'qi
278 2269 350 2304 per
382 2269 475 2304 quas
509 2257 658 2293 articuli
690 2257 889 2300 solvuntur,
925 2255 1217 2309 quandoquidem
1252 2255 1490 2292 articulorum
1524 2255 1712 2292 dissolutio
1743 2255 1895 2302 qravior
1929 2259 1983 2291 est
2010 2255 2129 2291 utrius
2156 2265 2200 2290 ue
2234 2265 2365 2292 manus

132 2304 342 2338 abscisione.
388 2302 590 2350 Propterea
613 2302 785 2346 iubemus,
816 2302 849 2337 si
872 2302 1014 2348 quidem
1038 2301 1127 2348 quid
1148 2301 1324 2338 eiusmodi
1345 2301 1571 2337 commissum
1594 2301 1643 2337 sit
1671 2300 1716 2336 de
1739 2311 1811 2346 quo
1834 2301 1932 2347 leqes
1953 2304 2102 2336 mortem
2151 2298 2363 2347 elinquenti-

132 2348 196 2383 bus
217 2349 395 2394 inferunt,
426 2348 622 2384 secundum
647 2351 805 2384 tenorem
829 2347 948 2394 lequm
970 2358 1049 2383 eum
1066 2357 1210 2394 poenas
1232 2347 1353 2382 subire
1359 2359 1374 2388 ;
1407 2347 1465 2382 sin
1489 2347 1561 2383 tale
1582 2347 1632 2382 sit
1653 2346 1786 2382 crimen
1817 2350 1859 2382 ut
1887 2349 2004 2381 morte
2025 2343 2175 2392 diqnum
2210 2355 2284 2380 non
2304 2345 2364 2389 sit,
2430 2346 2438 2350 ”

131 2393 205 2429 alio
222 2394 327 2429 modo
353 2394 529 2440 castiqari
552 2394 608 2429 vel
629 2394 667 2428 in
683 2394 834 2429 exilium
857 2393 952 2428 mitti
958 2405 973 2435 ;
996 2392 1029 2428 si
1052 2403 1135 2428 vero
1159 2392 1320 2428 criminis
1344 2391 1503 2438 qualitas
1525 2391 1675 2428 membri
1695 2391 1931 2428 abscisionem
1954 2390 2093 2436 exiqat,
2117 2400 2226 2427 unam
2248 2389 2365 2430 solum
2432 2398 2433 2402 ¹

609 2437 770 2484 Propter
790 2439 934 2484 furtum
958 2442 1075 2474 autem
1101 2438 1244 2473 omnino
1268 2437 1436 2473 nolumus
1458 2436 1651 2473 membrum
1674 2436 1785 2472 ullum
1806 2435 1953 2478 abscidi,
1976 2439 2042 2470 aut
2056 2435 2173 2471 occidi
2188 2445 2278 2477 eum,
2300 2433 2366 2487 sed

132 2441 155 2475 1
201 2450 344 2474 manum
368 2439 516 2474 abscidi.

132 2483 206 2519 alio
226 2484 333 2519 modo
355 2484 541 2530 castiqari.
588 2484 705 2519 Fures
723 2495 806 2519 vero
832 2494 1002 2519 vocamus
1019 2494 1082 2519 eos
1102 2484 1166 2529 qui
1189 2482 1282 2519 clam
1305 2486 1340 2519 et
1358 2483 1437 2518 sine
1456 2483 1568 2518 armis
1586 2481 1761 2518 eiusmodi
1780 2481 1911 2533 delicta
1930 2481 2155 2517 committunt
2160 2493 2177 2523 ;
2197 2489 2366 2562 '²me
2426 2493 2428 2495 >

132 2529 305 2565 violenter
327 2533 547 2575 qrassantur
569 2529 643 2566 sive
666 2540 746 2564 cum
770 2529 882 2564 armis
903 2530 977 2565 sive
999 2529 1077 2565 sine
1100 2528 1223 2571 armis,

132 2578 288 2610 statutas
309 2574 430 2610 subire
453 2575 624 2610 iubemus.

181 2700 197 2733 1
222 2699 329 2731 τοῦτο
345 2699 390 2731 M
391 2700 421 2739 ς]
446 2698 589 2731 τοιοῦτο
609 2700 681 2739 (om.
696 2698 868 2740 Nomocffl)
887 2699 956 2731 LB
974 2699 987 2742 ss
1002 2697 1045 2731 τὸ
1071 2711 1129 2731 om.
1144 2698 1214 2732 No·

133 2743 230 2777 maest
245 2742 257 2785 ΙΙ
277 2745 295 2777 3
321 2742 487 2785 ἐσχάταις
500 2744 546 2776 M
552 2745 582 2784 ς]
606 2746 768 2786 νομίμοις
780 2743 850 2776 LB
868 2742 881 2787 ΙΙ
899 2745 919 2776 4
942 2742 1151 2777 ἐπιτιθέναι
1164 2743 1215 2784 Μ,

134 2786 356 2822 ὑποτιθέναι
376 2807 419 2812 -
442 2791 654 2834 κατηγορίας
677 2802 735 2822 om.
756 2789 787 2821 L
811 2787 824 2832 ΙΙ
853 2785 1038 2832 μηδεμιᾶς]
1068 2790 1127 2821 καὶ
1149 2799 1215 2831 μη-

134 2831 255 2878 δεμιᾶς
280 2833 331 2866 Bt
352 2833 364 2876 11
396 2836 426 2867 5’
441 2830 623 2877 δεομένων
647 2835 678 2867 L
713 2833 855 2866 faciente
880 2846 899 2870 ς
922 2834 933 2876 ΙΙ
960 2836 977 2867 7
1003 2834 1066 2876 τῆς
1088 2833 1217 2866 οἰκείας

134 2879 228 2921 ζωῆς
249 2877 360 2921 (ζωὴν
375 2879 438 2920 ια)
462 2880 626 2922 Les-(qs.
641 2880 787 2921 685,·24)]
813 2879 875 2920 τῆς
899 2879 992 2921 ζωῆς
1016 2876 1123 2920 αὐτῆς
1144 2879 1189 2911 Μ
1205 2877 1217 2922 ιι

136 2927 177 2958 10
201 2923 278 2957 τῶν
302 2919 520 2968 πριβάντων
542 2924 575 2957 L
603 2923 664 2966 τῆς
687 2921 797 2965 ἰδικῆς
818 2927 1021 2968 περιουσίας
1045 2923 1134 2965 (τῶν
1150 2920 1215 2956 ἰδι-

133 2970 210 3004 κῶν
234 2968 399 3010 Nomoc.‹1)
426 2970 458 3001 B
488 2967 501 3012 ss
527 2968 605 3002 τῶν
628 2988 671 2993 —
696 2966 898 3013 ἀρχόντων]
922 2969 1044 3002 iudicis
1069 2980 1098 3010 ς,
1131 2970 1215 3002 unde

133 3015 198 3049 τοῦ
218 3034 261 3039 -
280 3011 450 3059 ἄρχοντος
474 3014 669 3047 Haloander
685 3013 698 3048 ΙΙ
714 3013 782 3047 τὸν
805 3027 863 3047 οηι.
878 3014 962 3047 LBr
975 3015 987 3057 ΙΙ
1005 3012 1134 3048 τόπων
1147 3013 1215 3047 Νο·

133 3065 239 3095 ηιοο.7η
266 3060 278 3103 ΙΙ
304 3061 346 3094 12
370 3055 588 3103 ἀνθρωπίου
609 3059 639 3092 L
672 3054 874 3102 ἀνθρώπου
896 3059 946 3092 13⁶
961 3059 973 3103 ΙΙ
994 3061 1033 3094 13
1057 3059 1215 3100 σκοπεῖν]

132 3108 305 3149 protegere
329 3116 359 3146 ς,
382 3107 467 3138 unde
491 3106 636 3138 σκέπειν
660 3117 741 3137 corr.
765 3105 957 3137 Haloomler
973 3104 986 3147 ΙΙ
1008 3106 1047 3138 14
1071 3103 1134 3138 τὰς
1158 3117 1214 3137 om.

134 3153 184 3185 L⁰
202 3151 214 3195 ΙΙ
234 3153 274 3184 15
295 3148 319 3194 ἢ
334 3151 395 3183 καὶ
413 3148 581 3184 τοιαύτας
594 3150 625 3182 L
642 3149 655 3192 ΙΙ
676 3151 713 3182 17
739 3148 812 3190 τῆς]
837 3149 914 3181 τῶν
943 3149 989 3182 ΒΓ
1014 3150 1026 3193 ΙΙ
1051 3148 1157 3182 ἑκατέ
1177 3159 1216 3182 ας

134 3198 186 3230 13⁶
213 3197 225 3238 ΙΙ
257 3197 298 3231 21
323 3195 491 3229 τοιοῦτον
514 3195 592 3228 LB
621 3194 633 3234 ΙΙ
663 3195 705 3228 22
729 3192 854 3234 ἄλλως]
890 3194 945 3226 sed
970 3199 1007 3227 ut
1039 3196 1059 3228 i.
1078 3207 1103 3228 e.
1128 3191 1151 3226 ά
1176 3191 1212 3227 λ’

134 3239 182 3275 ὥς
207 3254 225 3278 ς
250 3242 262 3285 ΙΙ
286 3243 328 3276 23
350 3238 575 3283 πέμπεσθαι]
600 3235 715 3273 αὐτὸν
739 3238 951 3281 πέμπεσθαι
977 3240 1011 3272 Β
1027 3239 1039 3282 ΙΙ
1065 3239 1096 3272 εἰ
1119 3236 1158 3272 δὲ
1181 3236 1215 3281 ἡ]

134 3284 155 3329 ἡ
173 3284 212 3320 δὲ
228 3288 258 3320 L
275 3286 288 3330 ΙΙ
310 3288 354 3320 24
371 3282 567 3329 ἀπαιτήσει
581 3286 638 3326 Μ]
664 3280 861 3326 ἅπαιτήσοι
882 3284 957 3317 LB
983 3285 994 3327 ΙΙ
1015 3287 1078 3326 μία
1101 3284 1216 3327 μόνον

133 3335 207 3376 χεὶρ
237 3329 259 3374 ἢ
291 3330 334 3365 εἴ
338 3342 354 3365 ς
385 3330 494 3366 ποὺς
518 3330 585 3364 τοῦ
606 3327 925 3373 πλημμελήσαντος
949 3324 1216 3372 ἀποτεμνέσθω

136 3379 256 3411 ΤΙιεοιΙ.
275 3377 288 3421 ll
313 3379 355 3412 25
379 3374 572 3420 βολόμεθα
596 3376 639 3409 Μ
656 3375 668 3420 ΙΙ
688 3376 731 3409 26
754 3371 967 3416 οἱανδήποτε
991 3373 1044 3407 ΒΓ
1057 3375 1070 3418 ΙΙ
1088 3375 1130 3408 29
1154 3375 1214 3408 ἐπ·

134 3425 338 3468 ερχομένους
360 3420 383 3465 ἢ
406 3420 498 3466 μετὰ
523 3418 653 3455 ὅπλων
677 3433 735 3454 om.
761 3419 813 3453 Bt

194 3560 209 3592 1
237 3559 270 3590 et
290 3570 348 3590 om.
365 3556 382 3588 b
395 3557 484 3601 vuly.
502 3555 514 3599 ΙΙ
532 3555 762 3597 derelinquere
783 3553 834 3587 V¹
849 3552 867 3583 b
884 3552 896 3596 ΙΙ
914 3551 1169 3596 praesumpserit
1184 3552 1216 3585 R

137 3603 263 3646 Tvulq.
280 3601 293 3646 ΙΙ
319 3604 339 3636 2
363 3601 513 3644 profugit
536 3600 586 3634 Ιί2
598 3602 685 3644 vulq.
703 3600 716 3644 ΙΙ
738 3600 818 3632 attffi
838 3599 927 3632 RT²
962 3597 1103 3631 alterum
1130 3598 1161 3631 Τ
1169 3597 1180 3617 ¹
1202 3597 1213 3641 ΙΙ

136 3658 265 3680 omnem
291 3648 308 3676 b
327 3647 341 3691 ΙΙ
357 3648 376 3681 3
393 3649 427 3680 et
450 3660 507 3680 om.
521 3659 543 3678 v
557 3646 570 3689 ΙΙ
589 3656 663 3679 eum
687 3658 746 3681 om.
761 3645 794 3678 T
807 3643 820 3688 ΙΙ
835 3645 1037 3677 tormentum
1056 3643 1074 3673 b
1091 3642 1104 3687 ΙΙ
1121 3644 1142 3677 4
1159 3652 1213 3676 ex-

136 3692 341 3726 eusationem
366 3692 396 3734 b,
428 3692 636 3725 accusatione
659 3692 751 3725 malie
773 3691 1002 3734 Osenbn'a‘yqen
1019 3687 1032 3733 ss
1050 3689 1069 3722 5
1093 3688 1212 3732 proba-

1255 2527 1293 2563 in
1315 2527 1421 2563 domo
1443 2528 1517 2564 sive
1540 2528 1579 2564 in
1601 2527 1661 2564 via
1682 2528 1757 2563 sive
1779 2537 1818 2562 in
1841 2526 1952 2570 mari,
1981 2536 2043 2562 eos
2059 2535 2204 2573 poenas

1283 2697 1407 2729 tionem
1434 2696 1485 2728 bv
1500 2695 1513 2740 ss
1540 2695 1716 2728 facientem
1741 2697 1803 2737 bv,
1833 2694 1984 2728 facienda
2003 2695 2089 2739 vulq.
2114 2693 2127 2738 ss
2150 2694 2195 2735 et]
2218 2692 2255 2726 in
2279 2695 2330 2727 bv
2350 2691 2365 2740 ιΙ

1282 2741 1421 2775 muliere
1446 2741 1608 2783 castigata
1630 2740 1744 2775 RVT
1765 2740 1777 2782 ΙΙ
1799 2739 1967 2774 detonsam
1994 2740 2129 2774 Cramer
2150 2740 2185 2773 in
2204 2738 2364 2774 Zeitecltra

1275 2789 1307 2828 fi
1323 2788 1429 2832 yescla.
1446 2787 1651 2820 Rechawiss.
1672 2787 1701 2827 1,
1718 2786 1786 2826 309]
1812 2785 1945 2819 detrusa
1957 2785 2070 2819 RVT
2075 2784 2095 2816 b
2124 2783 2223 2817 detur
2243 2783 2287 2816 ad
2308 2795 2330 2816 υ
2350 2781 2365 2824 Ι

1285 2835 1303 2866 7
1328 2832 1420 2865 omni
1445 2832 1463 2862 b
1495 2841 1624 2865 omnem
1647 2843 1668 2863 υ
1694 2830 1707 2875 ΙΙ
1734 2831 1886 2873 utrisque
1913 2830 1963 2865 T¹
1986 2830 1999 2875 ΙΙ
2022 2828 2209 2863 substantia
2232 2827 2252 2859 b
2285 2827 2364 2862 sub·
2409 2856 2415 2866 ,-

1283 2878 1427 2911 stantiae
1441 2890 1463 2910 υ
1480 2875 1494 2921 ΙΙ
1510 2878 1530 2911 8
1553 2876 1761 2920 praedictum
1785 2876 1935 2911 ordinem
1956 2888 2015 2910 om.
2034 2877 2096 2918 bv,
2120 2875 2177 2909 ubi
2198 2875 2232 2908 in
2252 2874 2364 2917 prozi-

1284 2924 1342 2957 mis
1378 2934 1503 2967 quoque
1537 2924 1682 2956 versibus
1716 2923 1816 2955 verba
1854 2923 1979 2964 aliquot
2011 2922 2197 2955 omittuntur
2230 2923 2365 2963 propter

1285 2969 1386 3002 labem
1412 2968 1584 3012 archetypo
1608 2968 1797 3011 adspersam
1823 2965 1837 3010 ΙΙ
1865 2963 2015 3009 periculo
2039 2977 2134 2999 oni-v
2159 2962 2173 3008 ΙΙ
2203 2964 2225 2998 9
2248 2963 2364 2996 oomiti

1285 3016 1302 3046 b
1315 3025 1335 3045 v
1353 3012 1366 3056 ss
1382 3023 1480 3054 qnam
1493 3032 1536 3036 —
1551 3014 1592 3047 12
1605 3022 1665 3045 nos
1680 3024 1738 3046 om.
1754 3012 1833 3054 bvfl
1857 3012 1899 3044 12
1919 3009 2130 3044 infirmitates
2154 3008 2173 3039 b
2189 3007 2202 3052 ΙΙ
2222 3009 2264 3043 13
2290 3018 2363 3041 eor-

1282 3058 1412 3101 porales
1436 3067 1559 3101 poenas
1584 3070 1643 3091 om.
1657 3059 1674 3091 ὸ
1686 3069 1707 3090 υ
1724 3056 1737 3100 ΙΙ
1753 3055 1882 3098 aliquas
1902 3057 2014 3098 partes
2033 3054 2067 3087 R
2087 3054 2100 3097 ΙΙ
2126 3054 2168 3088 14
2190 3052 2364 3086 interdici·
2398 3071 2399 3074 =

1283 3114 1357 3136 mus
1375 3101 1580 3135 inminuenti
1602 3113 1623 3134 υ
1641 3102 1654 3146 ΙΙ
1669 3101 1911 3143 alterutrasque
1930 3110 2049 3133 manus
2066 3099 2098 3133 T
2117 3100 2275 3140 utraeque
2294 3108 2363 3131 ma-
2400 3139 2404 3143 .

1284 3158 1347 3181 nus
1362 3147 1422 3188 12¹,
1447 3160 1505 3181 om.
1521 3149 1539 3180 b
1551 3159 1572 3179 υ
1589 3146 1601 3190 ΙΙ
1621 3147 1662 3180 16
1686 3156 1745 3188 per
1769 3155 1853 3187 quae
1876 3145 2012 3178 articuli
2036 3142 2094 3188 dial
2122 3157 2180 3178 om.
2196 3143 2214 3174 b
2228 3155 2249 3176 υ
2266 3143 2279 3187 ΙΙ
2296 3141 2362 3177 sol—
2400 3164 2404 3174 .

1283 3195 1408 3225 uantur
1425 3191 1443 3223 b
1458 3191 1471 3236 ΙΙ
1492 3193 1531 3226 17
1550 3190 1743 3224 dissoluatio
1761 3190 1780 3221 b
1804 3190 1927 3224 solutio
1942 3203 1963 3223 υ
1981 3191 1993 3232 ΙΙ
2008 3199 2166 3223 manuum
2182 3187 2363 3222 abscisione

1291 3238 1329 3279 V,
1354 3250 1412 3271 om.
1435 3238 1486 3270 bv
1504 3235 1516 3279 fl
1537 3237 1576 3270 18
1601 3235 1703 3268 talem
1727 3237 1778 3268 bv
1793 3234 1806 3280 ΙΙ
1833 3237 1874 3271 19
1898 3235 2138 3278 delinquuntur
2160 3234 2209 3267 R'
2225 3233 2239 3279 ΙΙ
2256 3233 2362 3267 delin-
2403 3239 2408 3269 f'

1284 3282 1458 3324 quentium
1481 3293 1501 3314 υ
1531 3279 1544 3325 ΙΙ
1570 3282 1611 3316 20
1636 3280 1785 3313 inferant
1809 3280 1827 3311 b
1853 3280 1868 3333 ΙΙ
1896 3281 2039 3325 uirtutes
2062 3292 2082 3313 v
2155 3289 2210 3312 eos
2233 3291 2254 3312 υ
2275 3278 2288 3323 ΙΙ
2317 3277 2360 3326 21
2403 3302 2407 3303 ⁷

1283 3326 1361 3360 talis
1384 3339 1404 3359 v
1421 3326 1434 3370 ΙΙ
1450 3328 1589 3359 mortem
1615 3325 1633 3357 b
1649 3325 1661 3370 ΙΙ
1681 3327 1723 3360 22
1746 3327 1796 3359 set
1819 3327 1871 3359 uti
1890 3326 1937 3359 Β*
1959 3328 2018 3359 aut
2034 3325 2084 3359 R²
2129 3324 2211 3367 ipse]
2236 3324 2269 3356 et
2290 3323 2363 3366 ipae
2407 3360 2412 3362 .

1292 3371 1347 3415 Vn
1363 3371 1398 3404 in
1424 3383 1482 3405 om.
1509 3371 1527 3401 b
1543 3370 1555 3415 ΙΙ
1573 3372 1803 3405 transmitatur
1822 3371 1855 3405 T
1874 3371 2118 3404 transmittetur
2138 3369 2168 3411 b,
2200 3369 2262 3402 hoo
2283 3377 2360 3411 pro·

1284 3417 1398 3451 cedere
1421 3417 1499 3450 add.
1520 3417 1577 3455 Vll
1594 3418 1636 3451 23
1661 3416 1825 3449 absieioue
1849 3415 1898 3449 Βι
1915 3416 1927 3460 ΙΙ
1945 3418 1988 3450 24
2011 3415 2082 3449 sola
2102 3415 2121 3446 b
2144 3413 2249 3448 solum
2271 3412 2328 3447 Vv
2346 3409 2362 3457 ΙΙ

1284 3463 1325 3497 25
1351 3461 1478 3495 furtum
1505 3461 1522 3492 ὁ
1548 3461 1560 3505 ΙΙ
1585 3461 1735 3504 quolibet
1756 3461 1848 3496 va
1863 3461 1877 3505 ΙΙ
1902 3463 1943 3496 26
1967 3460 2072 3494 mori·
2100 3459 2149 3494 T¹
2164 3460 2176 3503 ΙΙ
2201 3457 2360 3500 mtigare
2407 3462 2411 3467 ⁴

1290 3508 1325 3541 V
1366 3508 1405 3541 27
1431 3516 1585 3541 vocamus
1609 3508 1708 3551 only]
1738 3506 1894 3540 uolumus
1917 3508 2006 3549 libri,
2039 3504 2155 3540 uocari
2176 3517 2203 3538 ε.
2225 3515 2257 3537 υ.
2281 3501 2359 3536 add.
2398 3523 2399 3526 =

1291 3552 1325 3586 V
1357 3552 1370 3595 ΙΙ
1388 3553 1507 3585 oar-mis
1533 3552 1550 3583 b
1569 3551 1582 3597 ΙΙ
1598 3554 1641 3587 28
1656 3551 1803 3594 relinqui
1826 3564 1848 3584 υ
1864 3551 1876 3596 ΙΙ
1893 3551 2059 3585 uiolenter
2074 3562 2136 3584 scr.
2157 3548 2210 3584 1⁷³
2219 3550 2254 3583 in
2267 3549 2360 3594 rau-1

1282 3597 1501 3639 agrediuntur
1525 3598 1604 3631 RT
1635 3597 1852 3639 egrediuntur
1878 3597 1896 3628 b
1922 3597 1935 3641 ΙΙ
1965 3598 2008 3631 29
2031 3605 2122 3630 arma
2146 3597 2202 3628 bv
2227 3592 2241 3639 fl
2269 3599 2358 3642 arm

1283 3645 1330 3676 bv
1347 3641 1360 3687 [Ι
1376 3642 1472 3676 domo
1489 3643 1731 3687 Osenbrfiqqen]
1756 3642 1870 3676 domos
1890 3643 1967 3677 libri
1981 3641 1994 3687 fl
2010 3642 2069 3675 aut
2086 3640 2135 3682 in]
2159 3639 2219 3672 aut
2240 3650 2298 3672 οη.
2318 3633 2358 3680 V,

1281 3687 1318 3721 in
1343 3700 1402 3722 om.
1427 3689 1556 3733 Rvulq.
1575 3688 1587 3731 ΙΙ
1603 3696 1692 3721 mare
1715 3686 1817 3722 RVb
2153 3693 2155 3695 ’
2346 3688 2352 3692 “
