<?xml version="1.0" encoding="UTF-8"?>
<!DOCTYPE html PUBLIC "-//W3C//DTD XHTML 1.0 Transitional//EN"
    "http://www.w3.org/TR/xhtml1/DTD/xhtml1-transitional.dtd">
<html xmlns="http://www.w3.org/1999/xhtml" xml:lang="en" lang="en">
 <head>
  <title>
</title>
<meta http-equiv="Content-Type" content="text/html;charset=utf-8" />
  <meta name='ocr-system' content='tesseract 3.04.00' />
  <meta name='ocr-capabilities' content='ocr_page ocr_carea ocr_par ocr_line ocrx_word'/>
</head>
<body>
  <div class='ocr_page' id='page_1' title='image "./corpusjuriscivil00krueuoft/corpusjuriscivil00krueuoft_0274.png"; bbox 0 0 2592 3840; ppageno 0'>
   <div class='ocr_carea' id='block_1_1' title="bbox 258 90 768 145">
    <p class='ocr_par' dir='ltr' id='par_1_1' title="bbox 258 90 768 145">
     <span class='ocr_line' id='line_1_1' title="bbox 258 90 768 145; baseline 0.004 -14"><span class='ocrx_word' id='word_1_1' title='bbox 258 90 366 132; x_wconf 86' lang='lat' dir='ltr'>Nov.</span> <span class='ocrx_word' id='word_1_2' title='bbox 398 91 626 133; x_wconf 93' lang='lat' dir='ltr'>XXXVIII</span> <span class='ocrx_word' id='word_1_3' title='bbox 656 104 716 145; x_wconf 87' lang='lat' dir='ltr'>pr.</span> <span class='ocrx_word' id='word_1_4' title='bbox 751 94 768 132; x_wconf 92' lang='lat'>1</span> 
     </span>
    </p>
   </div>
   <div class='ocr_carea' id='block_1_2' title="bbox 258 199 1341 383">
    <p class='ocr_par' dir='ltr' id='par_1_2' title="bbox 258 199 1341 383">
     <span class='ocr_line' id='line_1_2' title="bbox 258 199 1339 250; baseline 0.003 -16"><span class='ocrx_word' id='word_1_5' title='bbox 258 203 366 235; x_wconf 76' lang='grc' dir='ltr'><strong><em>τοῦτο</em></strong></span> <span class='ocrx_word' id='word_1_6' title='bbox 397 200 618 247; x_wconf 70' lang='grc' dir='ltr'><strong><em>περιγραφὰς</em></strong></span> <span class='ocrx_word' id='word_1_7' title='bbox 649 199 780 235; x_wconf 80' lang='grc' dir='ltr'><strong><em>πολλὰς</em></strong></span> <span class='ocrx_word' id='word_1_8' title='bbox 809 203 1014 247; x_wconf 78' lang='grc' dir='ltr'><strong><em>γινομένας,</em></strong></span> <span class='ocrx_word' id='word_1_9' title='bbox 1047 200 1161 246; x_wconf 85' lang='grc' dir='ltr'><strong><em>νόμον</em></strong></span> <span class='ocrx_word' id='word_1_10' title='bbox 1185 202 1339 250; x_wconf 72' lang='grc' dir='ltr'><strong><em>ἐγράψα-</em></strong></span> 
     </span>
     <span class='ocr_line' id='line_1_3' title="bbox 259 245 1341 293; baseline 0.004 -14"><span class='ocrx_word' id='word_1_11' title='bbox 259 260 337 290; x_wconf 83' lang='grc' dir='ltr'><strong><em>μεν,</em></strong></span> <span class='ocrx_word' id='word_1_12' title='bbox 372 245 458 280; x_wconf 77' lang='grc' dir='ltr'><strong><em>ὤςτε</em></strong></span> <span class='ocrx_word' id='word_1_13' title='bbox 484 248 521 280; x_wconf 80' lang='grc' dir='ltr'>ἐκ</span> <span class='ocrx_word' id='word_1_14' title='bbox 544 247 681 293; x_wconf 82' lang='grc' dir='ltr'><strong><em>τρόπου</em></strong></span> <span class='ocrx_word' id='word_1_15' title='bbox 712 246 849 280; x_wconf 82' lang='grc' dir='ltr'><strong><em>παντὸς</em></strong></span> <span class='ocrx_word' id='word_1_16' title='bbox 871 247 1001 290; x_wconf 82' lang='grc' dir='ltr'><strong><em>χρῆναι</em></strong></span> <span class='ocrx_word' id='word_1_17' title='bbox 1024 245 1091 289; x_wconf 87' lang='grc' dir='ltr'>τὴν</span> <span class='ocrx_word' id='word_1_18' title='bbox 1113 247 1248 291; x_wconf 83' lang='grc' dir='ltr'><strong><em>βουλὴν</em></strong></span> <span class='ocrx_word' id='word_1_19' title='bbox 1270 250 1341 283; x_wconf 82' lang='grc' dir='ltr'><strong><em>εἴτε</em></strong></span> 
     </span>
     <span class='ocr_line' id='line_1_4' title="bbox 259 289 1340 341; baseline 0.003 -16"><span class='ocrx_word' id='word_1_20' title='bbox 259 290 351 335; x_wconf 82' lang='grc' dir='ltr'><strong><em>μετὰ</em></strong></span> <span class='ocrx_word' id='word_1_21' title='bbox 376 291 544 335; x_wconf 82' lang='grc' dir='ltr'><strong><em>σώματος</em></strong></span> <span class='ocrx_word' id='word_1_22' title='bbox 573 292 644 325; x_wconf 84' lang='grc' dir='ltr'><strong><em>εἴτε</em></strong></span> <span class='ocrx_word' id='word_1_23' title='bbox 665 290 795 325; x_wconf 85' lang='grc' dir='ltr'><strong><em>τούτου</em></strong></span> <span class='ocrx_word' id='word_1_24' title='bbox 823 293 930 337; x_wconf 84' lang='grc' dir='ltr'><strong><em>χωρὶς</em></strong></span> <span class='ocrx_word' id='word_1_25' title='bbox 960 289 1107 326; x_wconf 83' lang='grc' dir='ltr'><strong><em>πάντως</em></strong></span> <span class='ocrx_word' id='word_1_26' title='bbox 1135 292 1178 327; x_wconf 84' lang='grc' dir='ltr'>τὸ</span> <span class='ocrx_word' id='word_1_27' title='bbox 1202 294 1340 341; x_wconf 80' lang='grc' dir='ltr'><strong><em>τριοὺγ-</em></strong></span> 
     </span>
     <span class='ocr_line' id='line_1_5' title="bbox 260 335 1340 383; baseline 0.002 -13"><span class='ocrx_word' id='word_1_28' title='bbox 260 350 340 370; x_wconf 83' lang='grc' dir='ltr'><strong><em>κιον</em></strong></span> <span class='ocrx_word' id='word_1_29' title='bbox 370 339 475 379; x_wconf 74' lang='grc' dir='ltr'><strong><em>ἔχειν,</em></strong></span> <span class='ocrx_word' id='word_1_30' title='bbox 506 339 565 370; x_wconf 78' lang='grc' dir='ltr'>καὶ</span> <span class='ocrx_word' id='word_1_31' title='bbox 593 335 642 380; x_wconf 87' lang='grc' dir='ltr'><strong><em>μὴ</em></strong></span> <span class='ocrx_word' id='word_1_32' title='bbox 672 335 825 369; x_wconf 77' lang='grc' dir='ltr'><strong><em>ἔλαττον</em></strong></span> <span class='ocrx_word' id='word_1_33' title='bbox 849 336 986 376; x_wconf 79' lang='grc' dir='ltr'><strong><em>ἐξεῖναί</em></strong></span> <span class='ocrx_word' id='word_1_34' title='bbox 1013 350 1087 370; x_wconf 89' lang='grc' dir='ltr'><strong><em>τινι</em></strong></span> <span class='ocrx_word' id='word_1_35' title='bbox 1116 337 1340 383; x_wconf 87' lang='grc' dir='ltr'><strong><em>καταλιμπά-</em></strong></span> 
     </span>
    </p>
   </div>
   <div class='ocr_carea' id='block_1_3' title="bbox 1324 89 1408 137">
    <p class='ocr_par' dir='ltr' id='par_1_3' title="bbox 1324 89 1408 137">
     <span class='ocr_line' id='line_1_6' title="bbox 1324 89 1408 137; baseline -0.012 0"><span class='ocrx_word' id='word_1_36' title='bbox 1324 89 1408 137; x_wconf 82' lang='lat'>248</span> 
     </span>
    </p>
   </div>
   <div class='ocr_carea' id='block_1_4' title="bbox 2084 109 2486 142">
    <p class='ocr_par' dir='ltr' id='par_1_4' title="bbox 2084 109 2486 142">
     <span class='ocr_line' id='line_1_7' title="bbox 2084 109 2486 142; baseline 0.007 -3"><span class='ocrx_word' id='word_1_37' title='bbox 2084 109 2143 139; x_wconf 81' lang='lat' dir='ltr'>DE</span> <span class='ocrx_word' id='word_1_38' title='bbox 2172 109 2486 142; x_wconf 73' lang='lat' dir='ltr'>NATURALOEUS</span> 
     </span>
    </p>
   </div>
   <div class='ocr_carea' id='block_1_5' title="bbox 1409 204 2564 250">
    <p class='ocr_par' dir='ltr' id='par_1_5' title="bbox 1409 204 2564 250">
     <span class='ocr_line' id='line_1_8' title="bbox 1409 204 2564 250; baseline 0.004 -11"><span class='ocrx_word' id='word_1_39' title='bbox 1409 204 1698 250; x_wconf 82' lang='lat' dir='ltr'>conscripsimus,</span> <span class='ocrx_word' id='word_1_40' title='bbox 1719 208 1760 239; x_wconf 89' lang='lat' dir='ltr'>ut</span> <span class='ocrx_word' id='word_1_41' title='bbox 1779 205 1874 240; x_wconf 92' lang='lat' dir='ltr'>omni</span> <span class='ocrx_word' id='word_1_42' title='bbox 1891 206 1997 241; x_wconf 91' lang='lat' dir='ltr'>modo</span> <span class='ocrx_word' id='word_1_43' title='bbox 2018 206 2147 241; x_wconf 88' lang='lat' dir='ltr'>debere</span> <span class='ocrx_word' id='word_1_44' title='bbox 2164 207 2300 243; x_wconf 85' lang='lat' dir='ltr'>curiam</span> <span class='ocrx_word' id='word_1_45' title='bbox 2318 208 2392 243; x_wconf 85' lang='lat' dir='ltr'>sive</span> <span class='ocrx_word' id='word_1_46' title='bbox 2409 219 2490 244; x_wconf 86' lang='lat' dir='ltr'>cum</span> <span class='ocrx_word' id='word_1_47' title='bbox 2549 237 2564 250; x_wconf 80' lang='grc'><em>,</em></span> 
     </span>
    </p>
   </div>
   <div class='ocr_carea' id='block_1_6' title="bbox 1410 249 2491 385">
    <p class='ocr_par' dir='ltr' id='par_1_6' title="bbox 1410 249 2491 385">
     <span class='ocr_line' id='line_1_9' title="bbox 1410 249 2491 295; baseline 0.005 -11"><span class='ocrx_word' id='word_1_48' title='bbox 1410 260 1560 295; x_wconf 89' lang='lat' dir='ltr'>corpore</span> <span class='ocrx_word' id='word_1_49' title='bbox 1584 249 1657 285; x_wconf 87' lang='lat' dir='ltr'>sive</span> <span class='ocrx_word' id='word_1_50' title='bbox 1681 250 1758 284; x_wconf 89' lang='lat' dir='ltr'>sine</span> <span class='ocrx_word' id='word_1_51' title='bbox 1781 250 1850 286; x_wconf 93' lang='lat' dir='ltr'>hoc</span> <span class='ocrx_word' id='word_1_52' title='bbox 1874 251 2016 286; x_wconf 90' lang='lat' dir='ltr'>omnino</span> <span class='ocrx_word' id='word_1_53' title='bbox 2036 255 2110 286; x_wconf 90' lang='lat' dir='ltr'>tres</span> <span class='ocrx_word' id='word_1_54' title='bbox 2135 252 2261 287; x_wconf 87' lang='lat' dir='ltr'>uncias</span> <span class='ocrx_word' id='word_1_55' title='bbox 2284 253 2429 294; x_wconf 80' lang='lat' dir='ltr'>habere,</span> <span class='ocrx_word' id='word_1_56' title='bbox 2453 256 2491 290; x_wconf 89' lang='lat' dir='ltr'>et</span> 
     </span>
     <span class='ocr_line' id='line_1_10' title="bbox 1410 294 2489 344; baseline 0.005 -15"><span class='ocrx_word' id='word_1_57' title='bbox 1410 306 1483 330; x_wconf 88' lang='lat' dir='ltr'>non</span> <span class='ocrx_word' id='word_1_58' title='bbox 1518 295 1634 330; x_wconf 87' lang='lat' dir='ltr'>minus</span> <span class='ocrx_word' id='word_1_59' title='bbox 1668 294 1775 330; x_wconf 88' lang='lat' dir='ltr'>licere</span> <span class='ocrx_word' id='word_1_60' title='bbox 1812 295 1954 330; x_wconf 85' lang='lat' dir='ltr'>cuidam</span> <span class='ocrx_word' id='word_1_61' title='bbox 1984 295 2185 341; x_wconf 85' lang='lat' dir='ltr'>relinquere</span> <span class='ocrx_word' id='word_1_62' title='bbox 2217 297 2339 332; x_wconf 86' lang='lat' dir='ltr'>curiae</span> <span class='ocrx_word' id='word_1_63' title='bbox 2373 308 2489 344; x_wconf 88' lang='lat' dir='ltr'>neque</span> 
     </span>
     <span class='ocr_line' id='line_1_11' title="bbox 1410 340 2487 385; baseline 0.005 -11"><span class='ocrx_word' id='word_1_64' title='bbox 1410 340 1702 375; x_wconf 82' lang='lat' dir='ltr'>circumscribere</span> <span class='ocrx_word' id='word_1_65' title='bbox 1732 350 1847 385; x_wconf 90' lang='lat' dir='ltr'>neque</span> <span class='ocrx_word' id='word_1_66' title='bbox 1878 340 2081 376; x_wconf 80' lang='lat' dir='ltr'><strong>deminuere</strong></span> <span class='ocrx_word' id='word_1_67' title='bbox 2112 351 2155 377; x_wconf 85' lang='lat' dir='ltr'>ea</span> <span class='ocrx_word' id='word_1_68' title='bbox 2183 341 2250 377; x_wconf 90' lang='lat' dir='ltr'>sub</span> <span class='ocrx_word' id='word_1_69' title='bbox 2274 342 2347 377; x_wconf 92' lang='lat' dir='ltr'>ullo</span> <span class='ocrx_word' id='word_1_70' title='bbox 2371 343 2487 383; x_wconf 85' lang='lat' dir='ltr'>modo.</span> 
     </span>
    </p>
   </div>
   <div class='ocr_carea' id='block_1_7' title="bbox 260 377 2490 435">
    <p class='ocr_par' dir='ltr' id='par_1_7' title="bbox 260 377 2490 435">
     <span class='ocr_line' id='line_1_12' title="bbox 260 377 2490 435; baseline 0.004 -21"><span class='ocrx_word' id='word_1_71' title='bbox 260 395 346 434; x_wconf 42' lang='grc' dir='ltr'>νεινκ</span> <span class='ocrx_word' id='word_1_72' title='bbox 371 383 415 428; x_wconf 89' lang='grc' dir='ltr'>τῇ</span> <span class='ocrx_word' id='word_1_73' title='bbox 473 380 558 429; x_wconf 83' lang='grc' dir='ltr'><strong><em>ουλῇ</em></strong></span> <span class='ocrx_word' id='word_1_74' title='bbox 589 379 679 435; x_wconf 78' lang='grc' dir='ltr'><strong><em>μηδὲ</em></strong></span> <span class='ocrx_word' id='word_1_75' title='bbox 710 377 895 423; x_wconf 77' lang='grc' dir='ltr'><strong><em>τεχνάζειν</em></strong></span> <span class='ocrx_word' id='word_1_76' title='bbox 922 379 1014 425; x_wconf 80' lang='grc' dir='ltr'><strong><em>μηδὲ</em></strong></span> <span class='ocrx_word' id='word_1_77' title='bbox 1045 379 1220 418; x_wconf 76' lang='grc' dir='ltr'><strong><em>ἐλαττοῦν</em></strong></span> <span class='ocrx_word' id='word_1_78' title='bbox 1251 382 1339 419; x_wconf 77' lang='grc' dir='ltr'><strong><em>αὐτὸ</em></strong></span> <span class='ocrx_word' id='word_1_79' title='bbox 1364 389 1384 421; x_wconf 85' lang='grc'>5</span> <span class='ocrx_word' id='word_1_80' title='bbox 1408 385 1482 420; x_wconf 78' lang='lat' dir='ltr'>Sive</span> <span class='ocrx_word' id='word_1_81' title='bbox 1510 385 1605 420; x_wconf 83' lang='lat' dir='ltr'>filius</span> <span class='ocrx_word' id='word_1_82' title='bbox 1638 385 1685 420; x_wconf 69' lang='lat' dir='ltr'>SIt</span> <span class='ocrx_word' id='word_1_83' title='bbox 1716 385 1775 430; x_wconf 81' lang='lat' dir='ltr'>qui</span> <span class='ocrx_word' id='word_1_84' title='bbox 1806 385 1843 420; x_wconf 86' lang='lat' dir='ltr'>in</span> <span class='ocrx_word' id='word_1_85' title='bbox 1877 386 1978 420; x_wconf 82' lang='lat' dir='ltr'>curia</span> <span class='ocrx_word' id='word_1_86' title='bbox 2008 389 2064 421; x_wconf 83' lang='lat' dir='ltr'>est</span> <span class='ocrx_word' id='word_1_87' title='bbox 2093 385 2165 422; x_wconf 76' lang='lat' dir='ltr'>Sive</span> <span class='ocrx_word' id='word_1_88' title='bbox 2189 387 2269 431; x_wconf 75' lang='lat' dir='ltr'>ipsa</span> <span class='ocrx_word' id='word_1_89' title='bbox 2292 389 2490 433; x_wconf 79' lang='lat' dir='ltr'>susceperit</span> 
     </span>
    </p>
   </div>
   <div class='ocr_carea' id='block_1_8' title="bbox 259 423 1340 609">
    <p class='ocr_par' dir='ltr' id='par_1_8' title="bbox 259 423 1340 609">
     <span class='ocr_line' id='line_1_13' title="bbox 261 423 1340 472; baseline 0.004 -13"><span class='ocrx_word' id='word_1_90' title='bbox 261 440 352 460; x_wconf 79' lang='grc' dir='ltr'><strong><em>κατα</em></strong></span> <span class='ocrx_word' id='word_1_91' title='bbox 382 440 430 469; x_wconf 87' lang='grc' dir='ltr'><strong><em>μη</em></strong></span> <span class='ocrx_word' id='word_1_92' title='bbox 457 429 519 459; x_wconf 87' lang='grc' dir='ltr'>ἐνα</span> <span class='ocrx_word' id='word_1_93' title='bbox 548 439 697 471; x_wconf 82' lang='grc' dir='ltr'><strong><em>τροπον,</em></strong></span> <span class='ocrx_word' id='word_1_94' title='bbox 731 426 802 459; x_wconf 84' lang='grc' dir='ltr'><strong><em>εἴτε</em></strong></span> <span class='ocrx_word' id='word_1_95' title='bbox 826 428 910 460; x_wconf 89' lang='grc' dir='ltr'><strong><em>παῖς</em></strong></span> <span class='ocrx_word' id='word_1_96' title='bbox 933 423 952 460; x_wconf 83' lang='grc' dir='ltr'>ὁ</span> <span class='ocrx_word' id='word_1_97' title='bbox 976 425 1159 469; x_wconf 84' lang='grc' dir='ltr'><strong><em>βουλεύων</em></strong></span> <span class='ocrx_word' id='word_1_98' title='bbox 1193 429 1246 472; x_wconf 76' lang='grc' dir='ltr'>εἴη</span> <span class='ocrx_word' id='word_1_99' title='bbox 1269 430 1340 463; x_wconf 87' lang='grc' dir='ltr'><strong><em>εἴτε</em></strong></span> 
     </span>
     <span class='ocr_line' id='line_1_14' title="bbox 259 468 1339 517; baseline 0.003 -12"><span class='ocrx_word' id='word_1_100' title='bbox 259 471 285 506; x_wconf 81' lang='grc'><strong>3</strong></span> <span class='ocrx_word' id='word_1_101' title='bbox 331 474 390 504; x_wconf 83' lang='grc' dir='ltr'>καὶ</span> <span class='ocrx_word' id='word_1_102' title='bbox 427 468 517 514; x_wconf 80' lang='grc' dir='ltr'><strong><em>αὐτὴ</em></strong></span> <span class='ocrx_word' id='word_1_103' title='bbox 551 469 688 513; x_wconf 78' lang='grc' dir='ltr'><em>δέχοιτο</em></span> <span class='ocrx_word' id='word_1_104' title='bbox 723 469 765 504; x_wconf 84' lang='grc' dir='ltr'>τὸ</span> <span class='ocrx_word' id='word_1_105' title='bbox 800 468 1005 516; x_wconf 78' lang='grc' dir='ltr'><strong><em>τριούγκιον</em></strong></span> <span class='ocrx_word' id='word_1_106' title='bbox 1039 470 1062 514; x_wconf 83' lang='grc' dir='ltr'><em>ἡ</em></span> <span class='ocrx_word' id='word_1_107' title='bbox 1090 472 1212 517; x_wconf 81' lang='grc' dir='ltr'><strong><em>βουλή.</em></strong></span> <span class='ocrx_word' id='word_1_108' title='bbox 1266 477 1339 508; x_wconf 84' lang='grc' dir='ltr'>Καὶ</span> 
     </span>
     <span class='ocr_line' id='line_1_15' title="bbox 260 513 1340 562; baseline 0.005 -13"><span class='ocrx_word' id='word_1_109' title='bbox 260 513 343 549; x_wconf 78' lang='grc' dir='ltr'><strong><em>οὐδὲ</em></strong></span> <span class='ocrx_word' id='word_1_110' title='bbox 365 519 466 562; x_wconf 77' lang='grc' dir='ltr'><strong><em>μέχρι</em></strong></span> <span class='ocrx_word' id='word_1_111' title='bbox 486 513 627 549; x_wconf 82' lang='grc' dir='ltr'><strong><em>τούτων</em></strong></span> <span class='ocrx_word' id='word_1_112' title='bbox 647 518 812 559; x_wconf 78' lang='grc' dir='ltr'><em>ἔστημεν,</em></span> <span class='ocrx_word' id='word_1_113' title='bbox 838 513 926 549; x_wconf 84' lang='grc' dir='ltr'><strong><em>ἀλλὰ</em></strong></span> <span class='ocrx_word' id='word_1_114' title='bbox 947 519 1007 550; x_wconf 82' lang='grc' dir='ltr'>καὶ</span> <span class='ocrx_word' id='word_1_115' title='bbox 1031 515 1094 551; x_wconf 87' lang='grc' dir='ltr'>τὰς</span> <span class='ocrx_word' id='word_1_116' title='bbox 1111 518 1262 562; x_wconf 72' lang='grc' dir='ltr'><strong><em>θηλείας</em></strong></span> <span class='ocrx_word' id='word_1_117' title='bbox 1279 521 1340 562; x_wconf 85' lang='grc' dir='ltr'>τῆς</span> 
     </span>
     <span class='ocr_line' id='line_1_16' title="bbox 260 559 1338 609; baseline 0.004 -16"><span class='ocrx_word' id='word_1_118' title='bbox 260 562 389 594; x_wconf 84' lang='grc' dir='ltr'><strong><em>οἰκείας</em></strong></span> <span class='ocrx_word' id='word_1_119' title='bbox 412 559 610 594; x_wconf 80' lang='grc' dir='ltr'><strong><em>ἐνστάσεως</em></strong></span> <span class='ocrx_word' id='word_1_120' title='bbox 640 559 782 594; x_wconf 80' lang='grc' dir='ltr'><em>διδόναι</em></span> <span class='ocrx_word' id='word_1_121' title='bbox 812 559 897 594; x_wconf 77' lang='grc' dir='ltr'><strong><em>τινὰ</em></strong></span> <span class='ocrx_word' id='word_1_122' title='bbox 924 564 1055 609; x_wconf 90' lang='grc' dir='ltr'><strong><em>μοῖραν</em></strong></span> <span class='ocrx_word' id='word_1_123' title='bbox 1078 562 1338 609; x_wconf 77' lang='grc' dir='ltr'><strong><em>ἐθεσπίσαμεν,</em></strong></span> 
     </span>
    </p>
   </div>
   <div class='ocr_carea' id='block_1_9' title="bbox 1406 430 2488 610">
    <p class='ocr_par' dir='ltr' id='par_1_9' title="bbox 1410 430 1768 465">
     <span class='ocr_line' id='line_1_17' title="bbox 1410 430 1768 465; baseline 0 0"><span class='ocrx_word' id='word_1_124' title='bbox 1410 430 1511 465; x_wconf 88' lang='lat' dir='ltr'>curia</span> <span class='ocrx_word' id='word_1_125' title='bbox 1534 432 1608 465; x_wconf 89' lang='lat' dir='ltr'>tres</span> <span class='ocrx_word' id='word_1_126' title='bbox 1633 431 1768 465; x_wconf 88' lang='lat' dir='ltr'>uncias.</span> 
     </span>
    </p>

    <p class='ocr_par' dir='ltr' id='par_1_10' title="bbox 1406 475 2488 610">
     <span class='ocr_line' id='line_1_18' title="bbox 1407 475 2488 528; baseline 0.002 -17"><span class='ocrx_word' id='word_1_127' title='bbox 1407 475 1433 511; x_wconf 79' lang='lat'><strong>3</strong></span> <span class='ocrx_word' id='word_1_128' title='bbox 1478 475 1527 509; x_wconf 91' lang='lat' dir='ltr'>Et</span> <span class='ocrx_word' id='word_1_129' title='bbox 1557 486 1632 511; x_wconf 93' lang='lat' dir='ltr'>non</span> <span class='ocrx_word' id='word_1_130' title='bbox 1663 486 1776 528; x_wconf 69' lang='lat' dir='ltr'>usque</span> <span class='ocrx_word' id='word_1_131' title='bbox 1807 475 1855 510; x_wconf 83' lang='lat' dir='ltr'>ad</span> <span class='ocrx_word' id='word_1_132' title='bbox 1885 475 1955 511; x_wconf 89' lang='lat' dir='ltr'>hoc</span> <span class='ocrx_word' id='word_1_133' title='bbox 1979 476 2160 519; x_wconf 87' lang='lat' dir='ltr'>stetimus,</span> <span class='ocrx_word' id='word_1_134' title='bbox 2192 477 2257 513; x_wconf 89' lang='lat' dir='ltr'>sed</span> <span class='ocrx_word' id='word_1_135' title='bbox 2279 480 2315 512; x_wconf 88' lang='lat' dir='ltr'>et</span> <span class='ocrx_word' id='word_1_136' title='bbox 2337 476 2488 513; x_wconf 81' lang='lat' dir='ltr'>feminas</span> 
     </span>
     <span class='ocr_line' id='line_1_19' title="bbox 1406 520 2487 567; baseline 0.004 -13"><span class='ocrx_word' id='word_1_137' title='bbox 1406 520 1445 554; x_wconf 92' lang='lat' dir='ltr'>in</span> <span class='ocrx_word' id='word_1_138' title='bbox 1468 521 1615 565; x_wconf 88' lang='lat' dir='ltr'>propria</span> <span class='ocrx_word' id='word_1_139' title='bbox 1637 520 1864 555; x_wconf 78' lang='lat' dir='ltr'>institutione</span> <span class='ocrx_word' id='word_1_140' title='bbox 1895 520 1981 556; x_wconf 87' lang='lat' dir='ltr'>dare</span> <span class='ocrx_word' id='word_1_141' title='bbox 2005 521 2183 566; x_wconf 87' lang='lat' dir='ltr'>quandam</span> <span class='ocrx_word' id='word_1_142' title='bbox 2206 526 2344 567; x_wconf 84' lang='lat' dir='ltr'>partem</span> <span class='ocrx_word' id='word_1_143' title='bbox 2368 523 2487 558; x_wconf 77' lang='lat' dir='ltr'>sanxi-</span> 
     </span>
     <span class='ocr_line' id='line_1_20' title="bbox 1407 565 2488 610; baseline 0.004 -11"><span class='ocrx_word' id='word_1_144' title='bbox 1407 575 1497 607; x_wconf 92' lang='lat' dir='ltr'>mus,</span> <span class='ocrx_word' id='word_1_145' title='bbox 1531 565 1699 610; x_wconf 79' lang='lat' dir='ltr'><strong>quatinus</strong></span> <span class='ocrx_word' id='word_1_146' title='bbox 1723 575 1788 610; x_wconf 89' lang='lat' dir='ltr'>per</span> <span class='ocrx_word' id='word_1_147' title='bbox 1810 565 1943 601; x_wconf 92' lang='lat' dir='ltr'>nullam</span> <span class='ocrx_word' id='word_1_148' title='bbox 1975 566 2202 602; x_wconf 82' lang='lat' dir='ltr'>occasionem</span> <span class='ocrx_word' id='word_1_149' title='bbox 2225 567 2488 603; x_wconf 83' lang='lat' dir='ltr'>deminueretur</span> 
     </span>
    </p>
   </div>
   <div class='ocr_carea' id='block_1_10' title="bbox 261 603 2486 663">
    <p class='ocr_par' dir='ltr' id='par_1_11' title="bbox 261 603 2486 663">
     <span class='ocr_line' id='line_1_21' title="bbox 261 603 2486 663; baseline 0.004 -25"><span class='ocrx_word' id='word_1_150' title='bbox 261 603 349 639; x_wconf 76' lang='grc' dir='ltr'><strong><em>ὥςτε</em></strong></span> <span class='ocrx_word' id='word_1_151' title='bbox 370 605 460 639; x_wconf 78' lang='grc' dir='ltr'><strong><em>κατὰ</em></strong></span> <span class='ocrx_word' id='word_1_152' title='bbox 475 603 654 660; x_wconf 59' lang='grc' dir='ltr'><strong><em>μηδεμίαν</em></strong></span> <span class='ocrx_word' id='word_1_153' title='bbox 674 604 860 650; x_wconf 76' lang='grc' dir='ltr'><strong><em>πρόφασιν</em></strong></span> <span class='ocrx_word' id='word_1_154' title='bbox 880 605 1127 662; x_wconf 56' lang='grc' dir='ltr'><strong><em>ἐλαττοῦσθΙαι</em></strong></span> <span class='ocrx_word' id='word_1_155' title='bbox 1149 610 1195 656; x_wconf 78' lang='grc' dir='ltr'>τῇ</span> <span class='ocrx_word' id='word_1_156' title='bbox 1215 609 1337 655; x_wconf 80' lang='grc' dir='ltr'><strong><em>βουλῇ,</em></strong></span> <span class='ocrx_word' id='word_1_157' title='bbox 1355 613 1395 645; x_wconf 86' lang='lat'>10</span> <span class='ocrx_word' id='word_1_158' title='bbox 1408 610 1540 651; x_wconf 89' lang='lat' dir='ltr'>curiae,</span> <span class='ocrx_word' id='word_1_159' title='bbox 1574 610 1668 645; x_wconf 90' lang='lat' dir='ltr'>sicut</span> <span class='ocrx_word' id='word_1_160' title='bbox 1698 610 1950 654; x_wconf 83' lang='lat' dir='ltr'>praediximus,</span> <span class='ocrx_word' id='word_1_161' title='bbox 1987 615 2114 655; x_wconf 87' lang='lat' dir='ltr'>quarta</span> <span class='ocrx_word' id='word_1_162' title='bbox 2146 621 2230 663; x_wconf 84' lang='lat' dir='ltr'>pars</span> <span class='ocrx_word' id='word_1_163' title='bbox 2261 611 2372 648; x_wconf 86' lang='lat' dir='ltr'>totius</span> <span class='ocrx_word' id='word_1_164' title='bbox 2403 613 2486 648; x_wconf 88' lang='lat' dir='ltr'>sub-</span> 
     </span>
    </p>
   </div>
   <div class='ocr_carea' id='block_1_11' title="bbox 259 649 1338 843">
    <p class='ocr_par' dir='ltr' id='par_1_12' title="bbox 259 649 1338 843">
     <span class='ocr_line' id='line_1_22' title="bbox 261 649 1337 697; baseline 0.006 -14"><span class='ocrx_word' id='word_1_165' title='bbox 261 650 430 697; x_wconf 72' lang='grc' dir='ltr'><strong><em>καθάπερ</em></strong></span> <span class='ocrx_word' id='word_1_166' title='bbox 449 652 609 685; x_wconf 75' lang='grc' dir='ltr'><strong><em>εἴπαντες</em></strong></span> <span class='ocrx_word' id='word_1_167' title='bbox 628 651 806 696; x_wconf 76' lang='grc' dir='ltr'><strong><em>ἔφθημεν,</em></strong></span> <span class='ocrx_word' id='word_1_168' title='bbox 829 649 873 685; x_wconf 81' lang='grc' dir='ltr'>τὸ</span> <span class='ocrx_word' id='word_1_169' title='bbox 890 664 1093 696; x_wconf 83' lang='grc' dir='ltr'><strong><em>τεταρτημο</em></strong></span> <span class='ocrx_word' id='word_1_170' title='bbox 1119 666 1175 688; x_wconf 92' lang='grc' dir='ltr'>ιον</span> <span class='ocrx_word' id='word_1_171' title='bbox 1195 655 1256 697; x_wconf 83' lang='grc' dir='ltr'>τῆς</span> <span class='ocrx_word' id='word_1_172' title='bbox 1272 655 1337 688; x_wconf 89' lang='grc' dir='ltr'>πά-</span> 
     </span>
     <span class='ocr_line' id='line_1_23' title="bbox 260 666 1336 739; baseline 0.004 -10"><span class='ocrx_word' id='word_1_173' title='bbox 260 707 321 738; x_wconf 83' lang='grc' dir='ltr'><strong><em>σης</em></strong></span> <span class='ocrx_word' id='word_1_174' title='bbox 339 697 402 729; x_wconf 82' lang='grc' dir='ltr'>τοῦ</span> <span class='ocrx_word' id='word_1_175' title='bbox 418 692 675 739; x_wconf 76' lang='grc' dir='ltr'><strong><em>βουλεύσαντος</em></strong></span> <span class='ocrx_word' id='word_1_176' title='bbox 693 694 823 730; x_wconf 76' lang='grc' dir='ltr'><strong><em>οὐσίας.</em></strong></span> <span class='ocrx_word' id='word_1_177' title='bbox 871 699 945 735; x_wconf 84' lang='grc' dir='ltr'>Καὶ</span> <span class='ocrx_word' id='word_1_178' title='bbox 962 696 1025 731; x_wconf 83' lang='grc' dir='ltr'>τὰς</span> <span class='ocrx_word' id='word_1_179' title='bbox 1045 666 1176 733; x_wconf 68' lang='grc' dir='ltr'><strong><em>πολλὰς</em></strong></span> <span class='ocrx_word' id='word_1_180' title='bbox 1196 697 1236 732; x_wconf 75' lang='grc' dir='ltr'>δὲ</span> <span class='ocrx_word' id='word_1_181' title='bbox 1254 699 1336 733; x_wconf 87' lang='grc' dir='ltr'><strong><em>ταύ-</em></strong></span> 
     </span>
     <span class='ocr_line' id='line_1_24' title="bbox 259 739 1337 791; baseline 0.004 -17"><span class='ocrx_word' id='word_1_182' title='bbox 259 753 322 775; x_wconf 82' lang='grc' dir='ltr'>τας</span> <span class='ocrx_word' id='word_1_183' title='bbox 346 743 404 774; x_wconf 86' lang='grc' dir='ltr'>καὶ</span> <span class='ocrx_word' id='word_1_184' title='bbox 429 743 657 784; x_wconf 81' lang='grc' dir='ltr'><strong><em>ἐκκεχυμένας</em></strong></span> <span class='ocrx_word' id='word_1_185' title='bbox 681 739 885 786; x_wconf 74' lang='grc' dir='ltr'><strong><em>φιλοτιμίας</em></strong></span> <span class='ocrx_word' id='word_1_186' title='bbox 906 739 1104 786; x_wconf 76' lang='grc' dir='ltr'><strong><em>ἀνείλομεν,</em></strong></span> <span class='ocrx_word' id='word_1_187' title='bbox 1137 742 1178 777; x_wconf 84' lang='grc' dir='ltr'><strong><em>ού</em></strong></span> <span class='ocrx_word' id='word_1_188' title='bbox 1203 755 1337 791; x_wconf 82' lang='grc' dir='ltr'><strong><em>συγχω-</em></strong></span> 
     </span>
     <span class='ocr_line' id='line_1_25' title="bbox 260 784 1338 843; baseline 0.005 -24"><span class='ocrx_word' id='word_1_189' title='bbox 260 787 403 832; x_wconf 82' lang='grc' dir='ltr'><strong><em>ροῦντες</em></strong></span> <span class='ocrx_word' id='word_1_190' title='bbox 423 784 724 820; x_wconf 73' lang='grc' dir='ltr'><strong><em>ἀπαλλάττεσθαι</em></strong></span> <span class='ocrx_word' id='word_1_191' title='bbox 741 785 870 830; x_wconf 79' lang='grc' dir='ltr'><strong><em>βουλῆς</em></strong></span> <span class='ocrx_word' id='word_1_192' title='bbox 889 785 1005 821; x_wconf 77' lang='grc' dir='ltr'><strong><em>ἄλλως</em></strong></span> <span class='ocrx_word' id='word_1_193' title='bbox 1025 784 1158 843; x_wconf 53' lang='grc' dir='ltr'><strong><em>ἣματὰ</em></strong></span> <span class='ocrx_word' id='word_1_194' title='bbox 1177 788 1244 832; x_wconf 86' lang='grc' dir='ltr'>τὴν</span> <span class='ocrx_word' id='word_1_195' title='bbox 1260 790 1338 823; x_wconf 83' lang='grc' dir='ltr'>τῶν</span> 
     </span>
    </p>
   </div>
   <div class='ocr_carea' id='block_1_12' title="bbox 1406 654 2487 837">
    <p class='ocr_par' dir='ltr' id='par_1_13' title="bbox 1406 654 2487 837">
     <span class='ocr_line' id='line_1_26' title="bbox 1408 654 2486 693; baseline 0.005 -5"><span class='ocrx_word' id='word_1_196' title='bbox 1408 655 1562 690; x_wconf 83' lang='lat' dir='ltr'>stantiae</span> <span class='ocrx_word' id='word_1_197' title='bbox 1598 654 1751 691; x_wconf 88' lang='lat' dir='ltr'>curialis.</span> <span class='ocrx_word' id='word_1_198' title='bbox 1801 655 1872 691; x_wconf 85' lang='lat' dir='ltr'>Sed</span> <span class='ocrx_word' id='word_1_199' title='bbox 1906 659 1942 691; x_wconf 90' lang='lat' dir='ltr'>et</span> <span class='ocrx_word' id='word_1_200' title='bbox 1977 656 2108 691; x_wconf 89' lang='lat' dir='ltr'>multas</span> <span class='ocrx_word' id='word_1_201' title='bbox 2143 659 2231 692; x_wconf 77' lang='lat' dir='ltr'>istas</span> <span class='ocrx_word' id='word_1_202' title='bbox 2267 660 2304 692; x_wconf 91' lang='lat' dir='ltr'>et</span> <span class='ocrx_word' id='word_1_203' title='bbox 2338 656 2486 693; x_wconf 80' lang='lat' dir='ltr'>diffusas</span> 
     </span>
     <span class='ocr_line' id='line_1_27' title="bbox 1406 699 2487 744; baseline 0.003 -10"><span class='ocrx_word' id='word_1_204' title='bbox 1406 699 1668 735; x_wconf 87' lang='lat' dir='ltr'>munificentias</span> <span class='ocrx_word' id='word_1_205' title='bbox 1692 700 1955 744; x_wconf 81' lang='lat' dir='ltr'>abrogavimus,</span> <span class='ocrx_word' id='word_1_206' title='bbox 1987 711 2061 736; x_wconf 92' lang='lat' dir='ltr'>non</span> <span class='ocrx_word' id='word_1_207' title='bbox 2085 701 2320 738; x_wconf 80' lang='lat' dir='ltr'>concedentes</span> <span class='ocrx_word' id='word_1_208' title='bbox 2343 701 2487 739; x_wconf 85' lang='lat' dir='ltr'>liberari</span> 
     </span>
     <span class='ocr_line' id='line_1_28' title="bbox 1408 744 2486 792; baseline 0.003 -13"><span class='ocrx_word' id='word_1_209' title='bbox 1408 745 1509 779; x_wconf 89' lang='lat' dir='ltr'>curia</span> <span class='ocrx_word' id='word_1_210' title='bbox 1532 744 1636 780; x_wconf 86' lang='lat' dir='ltr'>aliter</span> <span class='ocrx_word' id='word_1_211' title='bbox 1658 744 1727 780; x_wconf 87' lang='lat' dir='ltr'>nisi</span> <span class='ocrx_word' id='word_1_212' title='bbox 1750 755 1814 790; x_wconf 91' lang='lat' dir='ltr'>per</span> <span class='ocrx_word' id='word_1_213' title='bbox 1838 745 2071 781; x_wconf 86' lang='lat' dir='ltr'>maximarum</span> <span class='ocrx_word' id='word_1_214' title='bbox 2094 746 2304 789; x_wconf 80' lang='lat' dir='ltr'>dignitatum</span> <span class='ocrx_word' id='word_1_215' title='bbox 2323 746 2486 792; x_wconf 84' lang='lat' dir='ltr'>adeptio-</span> 
     </span>
     <span class='ocr_line' id='line_1_29' title="bbox 1406 790 2487 837; baseline 0.003 -13"><span class='ocrx_word' id='word_1_216' title='bbox 1406 799 1488 824; x_wconf 88' lang='lat' dir='ltr'>nem</span> <span class='ocrx_word' id='word_1_217' title='bbox 1501 816 1510 832; x_wconf 89' lang='lat'>,</span> <span class='ocrx_word' id='word_1_218' title='bbox 1548 790 1761 835; x_wconf 83' lang='lat' dir='ltr'>patriciatus</span> <span class='ocrx_word' id='word_1_219' title='bbox 1797 793 1862 825; x_wconf 87' lang='lat' dir='ltr'>aut</span> <span class='ocrx_word' id='word_1_220' title='bbox 1897 791 2102 827; x_wconf 85' lang='lat' dir='ltr'>consulatus</span> <span class='ocrx_word' id='word_1_221' title='bbox 2143 795 2206 826; x_wconf 87' lang='lat' dir='ltr'>aut</span> <span class='ocrx_word' id='word_1_222' title='bbox 2240 792 2487 837; x_wconf 82' lang='lat' dir='ltr'>praefecturae</span> 
     </span>
    </p>
   </div>
   <div class='ocr_carea' id='block_1_13' title="bbox 258 828 2487 881">
    <p class='ocr_par' dir='ltr' id='par_1_14' title="bbox 258 828 2487 881">
     <span class='ocr_line' id='line_1_30' title="bbox 258 828 2487 881; baseline 0.004 -17"><span class='ocrx_word' id='word_1_223' title='bbox 258 835 439 881; x_wconf 73' lang='grc' dir='ltr'><strong><em>μεγίστων</em></strong></span> <span class='ocrx_word' id='word_1_224' title='bbox 469 828 691 873; x_wconf 73' lang='grc' dir='ltr'><strong><em>ἀξιωμάτων</em></strong></span> <span class='ocrx_word' id='word_1_225' title='bbox 722 833 858 875; x_wconf 81' lang='grc' dir='ltr'><strong><em>κτῆσιν,</em></strong></span> <span class='ocrx_word' id='word_1_226' title='bbox 893 833 1170 879; x_wconf 76' lang='grc' dir='ltr'><strong><em>πατρικιοτητός</em></strong></span> <span class='ocrx_word' id='word_1_227' title='bbox 1204 847 1244 868; x_wconf 77' lang='grc' dir='ltr'>τε</span> <span class='ocrx_word' id='word_1_228' title='bbox 1279 837 1339 868; x_wconf 80' lang='grc' dir='ltr'>καὶ</span> <span class='ocrx_word' id='word_1_229' title='bbox 1355 836 1394 869; x_wconf 86' lang='grc'>15</span> <span class='ocrx_word' id='word_1_230' title='bbox 1407 835 1480 870; x_wconf 90' lang='lat' dir='ltr'>sive</span> <span class='ocrx_word' id='word_1_231' title='bbox 1503 834 1614 870; x_wconf 80' lang='lat' dir='ltr'>civilis</span> <span class='ocrx_word' id='word_1_232' title='bbox 1638 835 1712 870; x_wconf 89' lang='lat' dir='ltr'>sive</span> <span class='ocrx_word' id='word_1_233' title='bbox 1731 835 1894 870; x_wconf 87' lang='lat' dir='ltr'>militaris</span> <span class='ocrx_word' id='word_1_234' title='bbox 1924 836 2183 880; x_wconf 81' lang='lat' dir='ltr'>(praefecturas</span> <span class='ocrx_word' id='word_1_235' title='bbox 2208 840 2328 872; x_wconf 87' lang='lat' dir='ltr'>autem</span> <span class='ocrx_word' id='word_1_236' title='bbox 2349 847 2429 872; x_wconf 89' lang='lat' dir='ltr'>esse</span> <span class='ocrx_word' id='word_1_237' title='bbox 2449 839 2487 872; x_wconf 91' lang='lat' dir='ltr'>et</span> 
     </span>
    </p>
   </div>
   <div class='ocr_carea' id='block_1_14' title="bbox 258 875 1340 1067">
    <p class='ocr_par' dir='ltr' id='par_1_15' title="bbox 258 875 1340 1067">
     <span class='ocr_line' id='line_1_31' title="bbox 259 875 1339 922; baseline 0.005 -14"><span class='ocrx_word' id='word_1_238' title='bbox 259 879 430 910; x_wconf 80' lang='grc' dir='ltr'><strong><em>υπιιτείας</em></strong></span> <span class='ocrx_word' id='word_1_239' title='bbox 453 879 513 909; x_wconf 84' lang='grc' dir='ltr'>καὶ</span> <span class='ocrx_word' id='word_1_240' title='bbox 538 875 788 922; x_wconf 79' lang='grc' dir='ltr'><strong><em>ἐπαρχότητος,</em></strong></span> <span class='ocrx_word' id='word_1_241' title='bbox 813 877 886 911; x_wconf 79' lang='grc' dir='ltr'><strong><em>εἴτε</em></strong></span> <span class='ocrx_word' id='word_1_242' title='bbox 908 879 970 920; x_wconf 82' lang='grc' dir='ltr'>τῆς</span> <span class='ocrx_word' id='word_1_243' title='bbox 993 879 1034 911; x_wconf 81' lang='grc' dir='ltr'>ἐν</span> <span class='ocrx_word' id='word_1_244' title='bbox 1049 877 1244 913; x_wconf 84' lang='grc' dir='ltr'><strong><em>πολιτικοῖς</em></strong></span> <span class='ocrx_word' id='word_1_245' title='bbox 1267 879 1339 913; x_wconf 82' lang='grc' dir='ltr'><strong><em>εἴτε</em></strong></span> 
     </span>
     <span class='ocr_line' id='line_1_32' title="bbox 258 922 1340 971; baseline 0.004 -17"><span class='ocrx_word' id='word_1_246' title='bbox 258 922 319 963; x_wconf 77' lang='grc' dir='ltr'>τῆς</span> <span class='ocrx_word' id='word_1_247' title='bbox 351 922 390 954; x_wconf 80' lang='grc' dir='ltr'>ἐν</span> <span class='ocrx_word' id='word_1_248' title='bbox 422 924 694 969; x_wconf 78' lang='grc' dir='ltr'><strong><em>στρατιωτικοῖς</em></strong></span> <span class='ocrx_word' id='word_1_249' title='bbox 730 923 1038 969; x_wconf 80' lang='grc' dir='ltr'><strong><em>(πραεφεκτωρίας</em></strong></span> <span class='ocrx_word' id='word_1_250' title='bbox 1066 925 1134 971; x_wconf 79' lang='grc' dir='ltr'><strong><em>γὰρ</em></strong></span> <span class='ocrx_word' id='word_1_251' title='bbox 1163 924 1258 969; x_wconf 84' lang='grc' dir='ltr'><strong><em>εἶναι</em></strong></span> <span class='ocrx_word' id='word_1_252' title='bbox 1280 926 1340 958; x_wconf 79' lang='grc' dir='ltr'>καὶ</span> 
     </span>
     <span class='ocr_line' id='line_1_33' title="bbox 258 963 1339 1016; baseline 0.005 -17"><span class='ocrx_word' id='word_1_253' title='bbox 258 966 319 999; x_wconf 76' lang='grc' dir='ltr'>τὰς</span> <span class='ocrx_word' id='word_1_254' title='bbox 342 970 559 1013; x_wconf 77' lang='grc' dir='ltr'><strong><em>στρατηγίας</em></strong></span> <span class='ocrx_word' id='word_1_255' title='bbox 582 964 602 1001; x_wconf 85' lang='grc' dir='ltr'>ὁ</span> <span class='ocrx_word' id='word_1_256' title='bbox 625 963 732 1010; x_wconf 83' lang='grc' dir='ltr'><strong><em>νόμος</em></strong></span> <span class='ocrx_word' id='word_1_257' title='bbox 752 969 978 1009; x_wconf 61' lang='lat' dir='ltr'>tartareum)-</span> <span class='ocrx_word' id='word_1_258' title='bbox 1004 965 1092 1002; x_wconf 73' lang='grc' dir='ltr'><strong><em>ὦςτε</em></strong></span> <span class='ocrx_word' id='word_1_259' title='bbox 1112 969 1215 1003; x_wconf 80' lang='grc' dir='ltr'><strong><em>εἴτις</em></strong></span> <span class='ocrx_word' id='word_1_260' title='bbox 1232 982 1339 1016; x_wconf 86' lang='grc' dir='ltr'><strong><em>πραε-</em></strong></span> 
     </span>
     <span class='ocr_line' id='line_1_34' title="bbox 258 1009 1339 1067; baseline 0.004 -24"><span class='ocrx_word' id='word_1_261' title='bbox 258 1015 474 1065; x_wconf 47' lang='grc' dir='ltr'><strong><em>φεκτωρίαν,</em></strong></span> <span class='ocrx_word' id='word_1_262' title='bbox 488 1009 600 1057; x_wconf 85' lang='grc' dir='ltr'><strong><em>ἀρχὴν</em></strong></span> <span class='ocrx_word' id='word_1_263' title='bbox 623 1010 712 1066; x_wconf 55' lang='grc' dir='ltr'><strong><em>(ἔρξῃ</em></strong></span> <span class='ocrx_word' id='word_1_264' title='bbox 737 1014 787 1067; x_wconf 66' lang='grc' dir='ltr'>ἐνν</span> <span class='ocrx_word' id='word_1_265' title='bbox 804 1009 896 1060; x_wconf 78' lang='grc' dir='ltr'><strong><em>αὐτῇ</em></strong></span> <span class='ocrx_word' id='word_1_266' title='bbox 919 1014 965 1060; x_wconf 82' lang='grc' dir='ltr'>τῇ</span> <span class='ocrx_word' id='word_1_267' title='bbox 989 1011 1117 1060; x_wconf 78' lang='grc' dir='ltr'><strong><em>πράξει</em></strong></span> <span class='ocrx_word' id='word_1_268' title='bbox 1139 1015 1339 1061; x_wconf 79' lang='grc' dir='ltr'><strong><em>γενόμενος,</em></strong></span> 
     </span>
    </p>
   </div>
   <div class='ocr_carea' id='block_1_15' title="bbox 1407 880 2488 1060">
    <p class='ocr_par' dir='ltr' id='par_1_16' title="bbox 1407 880 2488 1060">
     <span class='ocr_line' id='line_1_35' title="bbox 1409 880 2486 925; baseline 0.003 -11"><span class='ocrx_word' id='word_1_269' title='bbox 1409 890 1470 915; x_wconf 88' lang='lat' dir='ltr'>eas</span> <span class='ocrx_word' id='word_1_270' title='bbox 1506 890 1598 924; x_wconf 87' lang='lat' dir='ltr'>quae</span> <span class='ocrx_word' id='word_1_271' title='bbox 1633 880 1872 925; x_wconf 80' lang='lat' dir='ltr'>principatum</span> <span class='ocrx_word' id='word_1_272' title='bbox 1908 884 2018 924; x_wconf 84' lang='lat' dir='ltr'>agunt</span> <span class='ocrx_word' id='word_1_273' title='bbox 2055 882 2232 916; x_wconf 87' lang='lat' dir='ltr'>exercitus</span> <span class='ocrx_word' id='word_1_274' title='bbox 2267 882 2326 917; x_wconf 90' lang='lat' dir='ltr'>lex</span> <span class='ocrx_word' id='word_1_275' title='bbox 2355 881 2486 924; x_wconf 67' lang='lat' dir='ltr'>novitr.</span> 
     </span>
     <span class='ocr_line' id='line_1_36' title="bbox 1408 924 2488 970; baseline 0.004 -12"><span class='ocrx_word' id='word_1_276' title='bbox 1408 924 1501 960; x_wconf 90' lang='lat' dir='ltr'>unde</span> <span class='ocrx_word' id='word_1_277' title='bbox 1532 925 1592 969; x_wconf 89' lang='lat' dir='ltr'>qui</span> <span class='ocrx_word' id='word_1_278' title='bbox 1622 924 1870 970; x_wconf 86' lang='lat' dir='ltr'>praefecturae</span> <span class='ocrx_word' id='word_1_279' title='bbox 1901 925 2107 970; x_wconf 82' lang='lat' dir='ltr'>dignitatem</span> <span class='ocrx_word' id='word_1_280' title='bbox 2129 926 2428 962; x_wconf 86' lang='lat' dir='ltr'>administraverit</span> <span class='ocrx_word' id='word_1_281' title='bbox 2449 926 2488 962; x_wconf 88' lang='lat' dir='ltr'>in</span> 
     </span>
     <span class='ocr_line' id='line_1_37' title="bbox 1407 970 2487 1014; baseline 0.003 -10"><span class='ocrx_word' id='word_1_282' title='bbox 1407 970 1487 1014; x_wconf 90' lang='lat' dir='ltr'>ipso</span> <span class='ocrx_word' id='word_1_283' title='bbox 1510 973 1594 1005; x_wconf 88' lang='lat' dir='ltr'>actu</span> <span class='ocrx_word' id='word_1_284' title='bbox 1618 970 1845 1013; x_wconf 84' lang='lat' dir='ltr'>constitutus,</span> <span class='ocrx_word' id='word_1_285' title='bbox 1879 974 1915 1005; x_wconf 90' lang='lat' dir='ltr'>et</span> <span class='ocrx_word' id='word_1_286' title='bbox 1938 970 2012 1005; x_wconf 88' lang='lat' dir='ltr'>sive</span> <span class='ocrx_word' id='word_1_287' title='bbox 2035 970 2288 1007; x_wconf 85' lang='lat' dir='ltr'>administrans</span> <span class='ocrx_word' id='word_1_288' title='bbox 2313 981 2390 1007; x_wconf 88' lang='lat' dir='ltr'>eam</span> <span class='ocrx_word' id='word_1_289' title='bbox 2414 971 2487 1007; x_wconf 85' lang='lat' dir='ltr'>sive</span> 
     </span>
     <span class='ocr_line' id='line_1_38' title="bbox 1407 1015 2486 1060; baseline 0.002 -11"><span class='ocrx_word' id='word_1_290' title='bbox 1407 1015 1647 1060; x_wconf 88' lang='lat' dir='ltr'>principatum</span> <span class='ocrx_word' id='word_1_291' title='bbox 1671 1025 1779 1060; x_wconf 85' lang='lat' dir='ltr'>agens</span> <span class='ocrx_word' id='word_1_292' title='bbox 1803 1015 1999 1057; x_wconf 86' lang='lat' dir='ltr'>exercitus,</span> <span class='ocrx_word' id='word_1_293' title='bbox 2030 1015 2100 1051; x_wconf 86' lang='lat' dir='ltr'>iste</span> <span class='ocrx_word' id='word_1_294' title='bbox 2122 1016 2296 1052; x_wconf 88' lang='lat' dir='ltr'>liberatur</span> <span class='ocrx_word' id='word_1_295' title='bbox 2319 1027 2341 1052; x_wconf 86' lang='lat' dir='ltr'>a</span> <span class='ocrx_word' id='word_1_296' title='bbox 2365 1016 2486 1052; x_wconf 89' lang='lat' dir='ltr'>condi-</span> 
     </span>
    </p>
   </div>
   <div class='ocr_carea' id='block_1_16' title="bbox 257 1056 2485 1114">
    <p class='ocr_par' dir='ltr' id='par_1_17' title="bbox 257 1056 2485 1114">
     <span class='ocr_line' id='line_1_39' title="bbox 257 1056 2485 1114; baseline 0.004 -25"><span class='ocrx_word' id='word_1_297' title='bbox 257 1059 317 1098; x_wconf 68' lang='grc' dir='ltr'>καὶ</span> <span class='ocrx_word' id='word_1_298' title='bbox 348 1056 420 1090; x_wconf 81' lang='grc' dir='ltr'><strong><em>εἴτε</em></strong></span> <span class='ocrx_word' id='word_1_299' title='bbox 451 1069 573 1101; x_wconf 86' lang='grc' dir='ltr'><strong><em>αρχων</em></strong></span> <span class='ocrx_word' id='word_1_300' title='bbox 605 1070 719 1112; x_wconf 71' lang='grc' dir='ltr'><strong><em>αυτην</em></strong></span> <span class='ocrx_word' id='word_1_301' title='bbox 749 1060 822 1092; x_wconf 85' lang='grc' dir='ltr'><strong><em>εὶτε</em></strong></span> <span class='ocrx_word' id='word_1_302' title='bbox 854 1069 1082 1112; x_wconf 58' lang='grc' dir='ltr'><strong><em>στρατηγιρν,</em></strong></span> <span class='ocrx_word' id='word_1_303' title='bbox 1115 1058 1341 1114; x_wconf 66' lang='grc' dir='ltr'><strong><em>βουλευτικῆς</em></strong></span> <span class='ocrx_word' id='word_1_304' title='bbox 1352 1062 1395 1095; x_wconf 86' lang='grc'>20</span> <span class='ocrx_word' id='word_1_305' title='bbox 1408 1060 1510 1095; x_wconf 85' lang='lat' dir='ltr'>cione</span> <span class='ocrx_word' id='word_1_306' title='bbox 1540 1060 1738 1095; x_wconf 82' lang='lat' dir='ltr'>secundum</span> <span class='ocrx_word' id='word_1_307' title='bbox 1768 1063 1927 1096; x_wconf 80' lang='lat' dir='ltr'>nostram</span> <span class='ocrx_word' id='word_1_308' title='bbox 1958 1060 2087 1105; x_wconf 82' lang='lat' dir='ltr'>legem,</span> <span class='ocrx_word' id='word_1_309' title='bbox 2119 1061 2199 1096; x_wconf 78' lang='lat' dir='ltr'>aliis</span> <span class='ocrx_word' id='word_1_310' title='bbox 2230 1061 2393 1097; x_wconf 71' lang='lat' dir='ltr'>omnibus</span> <span class='ocrx_word' id='word_1_311' title='bbox 2424 1071 2485 1097; x_wconf 80' lang='lat' dir='ltr'>ex-</span> 
     </span>
    </p>
   </div>
   <div class='ocr_carea' id='block_1_17' title="bbox 257 1098 1339 1293">
    <p class='ocr_par' dir='ltr' id='par_1_18' title="bbox 257 1098 1339 1293">
     <span class='ocr_line' id='line_1_40' title="bbox 258 1098 1339 1151; baseline 0.005 -17"><span class='ocrx_word' id='word_1_312' title='bbox 258 1099 360 1135; x_wconf 74' lang='grc' dir='ltr'><strong><em>οὗτος</em></strong></span> <span class='ocrx_word' id='word_1_313' title='bbox 383 1098 651 1136; x_wconf 74' lang='grc' dir='ltr'><strong><em>ἀπαλλάττεται</em></strong></span> <span class='ocrx_word' id='word_1_314' title='bbox 674 1115 781 1146; x_wconf 85' lang='grc' dir='ltr'><strong><em>τυχης</em></strong></span> <span class='ocrx_word' id='word_1_315' title='bbox 803 1116 895 1136; x_wconf 86' lang='grc' dir='ltr'><strong><em>κατα</em></strong></span> <span class='ocrx_word' id='word_1_316' title='bbox 927 1115 994 1137; x_wconf 86' lang='grc' dir='ltr'>τον</span> <span class='ocrx_word' id='word_1_317' title='bbox 1020 1106 1192 1151; x_wconf 79' lang='grc' dir='ltr'><strong><em>ημέτερον</em></strong></span> <span class='ocrx_word' id='word_1_318' title='bbox 1214 1117 1339 1148; x_wconf 91' lang='grc' dir='ltr'><strong><em>νομον,</em></strong></span> 
     </span>
     <span class='ocr_line' id='line_1_41' title="bbox 257 1144 1338 1196; baseline 0.004 -16"><span class='ocrx_word' id='word_1_319' title='bbox 257 1147 336 1180; x_wconf 77' lang='grc' dir='ltr'>τῶν</span> <span class='ocrx_word' id='word_1_320' title='bbox 358 1144 479 1179; x_wconf 79' lang='grc' dir='ltr'><strong><em>ἄλλων</em></strong></span> <span class='ocrx_word' id='word_1_321' title='bbox 503 1148 636 1182; x_wconf 80' lang='grc' dir='ltr'><strong><em>πασῶν</em></strong></span> <span class='ocrx_word' id='word_1_322' title='bbox 660 1147 875 1194; x_wconf 72' lang='grc' dir='ltr'><strong><em>ἐξαιρέσεων</em></strong></span> <span class='ocrx_word' id='word_1_323' title='bbox 897 1145 1144 1195; x_wconf 82' lang='grc' dir='ltr'><strong><em>ἀνῃρημένων.</em></strong></span> <span class='ocrx_word' id='word_1_324' title='bbox 1186 1148 1249 1183; x_wconf 83' lang='grc' dir='ltr'>τὰς</span> <span class='ocrx_word' id='word_1_325' title='bbox 1271 1149 1338 1196; x_wconf 80' lang='grc' dir='ltr'><strong><em>γὰρ</em></strong></span> 
     </span>
     <span class='ocr_line' id='line_1_42' title="bbox 260 1189 1338 1248; baseline 0.003 -24"><span class='ocrx_word' id='word_1_326' title='bbox 260 1189 319 1224; x_wconf 81' lang='grc' dir='ltr'>διὰ</span> <span class='ocrx_word' id='word_1_327' title='bbox 341 1189 459 1234; x_wconf 83' lang='grc' dir='ltr'><strong><em>μόνην</em></strong></span> <span class='ocrx_word' id='word_1_328' title='bbox 482 1192 593 1235; x_wconf 86' lang='grc' dir='ltr'><strong><em>τιμὴν</em></strong></span> <span class='ocrx_word' id='word_1_329' title='bbox 614 1190 805 1248; x_wconf 65' lang='grc' dir='ltr'><strong><em>διδομένας</em></strong></span> <span class='ocrx_word' id='word_1_330' title='bbox 827 1191 995 1227; x_wconf 77' lang='grc' dir='ltr'><strong><em>τοιαύτας</em></strong></span> <span class='ocrx_word' id='word_1_331' title='bbox 1014 1190 1115 1234; x_wconf 80' lang='grc' dir='ltr'><strong><em>ἀξίας</em></strong></span> <span class='ocrx_word' id='word_1_332' title='bbox 1132 1193 1210 1236; x_wconf 83' lang='grc' dir='ltr'><strong><em>(τὰς</em></strong></span> <span class='ocrx_word' id='word_1_333' title='bbox 1231 1207 1338 1240; x_wconf 82' lang='grc' dir='ltr'><strong><em>πραε-</em></strong></span> 
     </span>
     <span class='ocr_line' id='line_1_43' title="bbox 258 1236 1338 1293; baseline 0.004 -24"><span class='ocrx_word' id='word_1_334' title='bbox 258 1241 458 1282; x_wconf 80' lang='grc' dir='ltr'><strong><em>φεκτωρίας</em></strong></span> <span class='ocrx_word' id='word_1_335' title='bbox 477 1240 606 1291; x_wconf 56' lang='grc' dir='ltr'><strong><em>ᾳξαμέν,</em></strong></span> <span class='ocrx_word' id='word_1_336' title='bbox 632 1237 744 1272; x_wconf 84' lang='grc' dir='ltr'><strong><em>ταυτὸ</em></strong></span> <span class='ocrx_word' id='word_1_337' title='bbox 777 1236 817 1272; x_wconf 79' lang='grc' dir='ltr'>δὲ</span> <span class='ocrx_word' id='word_1_338' title='bbox 839 1240 942 1273; x_wconf 79' lang='grc' dir='ltr'><strong><em>ἔστιν</em></strong></span> <span class='ocrx_word' id='word_1_339' title='bbox 972 1239 1088 1274; x_wconf 84' lang='grc' dir='ltr'><strong><em>εἰπεῖν</em></strong></span> <span class='ocrx_word' id='word_1_340' title='bbox 1118 1242 1178 1272; x_wconf 83' lang='grc' dir='ltr'>καὶ</span> <span class='ocrx_word' id='word_1_341' title='bbox 1209 1251 1338 1293; x_wconf 74' lang='grc' dir='ltr'><strong><em>στρατ-</em></strong></span> 
     </span>
    </p>
   </div>
   <div class='ocr_carea' id='block_1_18' title="bbox 1407 1105 2487 1294">
    <p class='ocr_par' dir='ltr' id='par_1_19' title="bbox 1407 1105 2487 1294">
     <span class='ocr_line' id='line_1_44' title="bbox 1407 1105 2487 1187; baseline 0.003 -48"><span class='ocrx_word' id='word_1_342' title='bbox 1407 1105 1638 1184; x_wconf 60' lang='lat' dir='ltr'>lcleptionibus1</span> <span class='ocrx_word' id='word_1_343' title='bbox 1665 1106 1858 1186; x_wconf 54' lang='grc' dir='ltr'><strong><em>εξτοςῗὲἰῗ.</em></strong></span> <span class='ocrx_word' id='word_1_344' title='bbox 1909 1105 2162 1186; x_wconf 49' lang='grc' dir='ltr'><strong><em>ἕκαωῖᾳιιεε)</em></strong></span> <span class='ocrx_word' id='word_1_345' title='bbox 2196 1110 2359 1187; x_wconf 48' lang='grc' dir='ltr'><strong><em>ρτίορῖἳτ·</em></strong></span> <span class='ocrx_word' id='word_1_346' title='bbox 2372 1106 2487 1187; x_wconf 60' lang='grc' dir='ltr'><strong><em>εοιιᾶιζιι</em></strong></span> 
     </span>
     <span class='ocr_line' id='line_1_45' title="bbox 1409 1156 2487 1243; baseline 0.002 -13"><span class='ocrx_word' id='word_1_347' title='bbox 1409 1160 1686 1240; x_wconf 52' lang='grc' dir='ltr'>οξιῐιιιιῖζθῗυαϋεᾷῃ</span> <span class='ocrx_word' id='word_1_348' title='bbox 1703 1162 1747 1230; x_wconf 56' lang='grc' dir='ltr'>ἓξ</span> <span class='ocrx_word' id='word_1_349' title='bbox 1767 1161 2108 1241; x_wconf 55' lang='grc' dir='ltr'><strong><em>ωεέἰὲῐτοιὲιῗιϋίεῗιιεε</em></strong></span> <span class='ocrx_word' id='word_1_350' title='bbox 2134 1156 2145 1194; x_wconf 71' lang='lat'><strong>(</strong></span> <span class='ocrx_word' id='word_1_351' title='bbox 2167 1161 2234 1231; x_wconf 49' lang='lat' dir='ltr'>{gie</span> <span class='ocrx_word' id='word_1_352' title='bbox 2247 1161 2403 1243; x_wconf 41' lang='lat' dir='ltr'>&amp;tels-{23⁴8</span> <span class='ocrx_word' id='word_1_353' title='bbox 2413 1171 2487 1232; x_wconf 69' lang='lat' dir='ltr'>noli</span> 
     </span>
     <span class='ocr_line' id='line_1_46' title="bbox 1408 1240 2487 1294; baseline 0.002 -19"><span class='ocrx_word' id='word_1_354' title='bbox 1408 1240 1561 1275; x_wconf 82' lang='lat' dir='ltr'>eximere</span> <span class='ocrx_word' id='word_1_355' title='bbox 1600 1240 1645 1276; x_wconf 91' lang='lat' dir='ltr'>de</span> <span class='ocrx_word' id='word_1_356' title='bbox 1681 1241 1803 1276; x_wconf 89' lang='lat' dir='ltr'>curiae</span> <span class='ocrx_word' id='word_1_357' title='bbox 1838 1241 1919 1276; x_wconf 85' lang='lat' dir='ltr'>albo</span> <span class='ocrx_word' id='word_1_358' title='bbox 1955 1251 2017 1276; x_wconf 87' lang='lat' dir='ltr'>eos</span> <span class='ocrx_word' id='word_1_359' title='bbox 2056 1241 2116 1294; x_wconf 81' lang='lat' dir='ltr'>qui</span> <span class='ocrx_word' id='word_1_360' title='bbox 2148 1241 2239 1277; x_wconf 82' lang='lat' dir='ltr'>haec</span> <span class='ocrx_word' id='word_1_361' title='bbox 2279 1244 2487 1277; x_wconf 85' lang='lat' dir='ltr'>meruerunt</span> 
     </span>
    </p>
   </div>
   <div class='ocr_carea' id='block_1_19' title="bbox 258 1280 2485 1336">
    <p class='ocr_par' dir='ltr' id='par_1_20' title="bbox 258 1280 2485 1336">
     <span class='ocr_line' id='line_1_47' title="bbox 258 1280 2485 1336; baseline 0.004 -22"><span class='ocrx_word' id='word_1_362' title='bbox 258 1280 420 1334; x_wconf 72' lang='grc' dir='ltr'><strong><em>ηλασίας)</em></strong></span> <span class='ocrx_word' id='word_1_363' title='bbox 461 1294 525 1315; x_wconf 86' lang='grc' dir='ltr'>ουκ</span> <span class='ocrx_word' id='word_1_364' title='bbox 560 1282 715 1336; x_wconf 76' lang='grc' dir='ltr'><strong><em>ἐξαιρεῖν</em></strong></span> <span class='ocrx_word' id='word_1_365' title='bbox 745 1285 808 1317; x_wconf 82' lang='grc' dir='ltr'>τοῦ</span> <span class='ocrx_word' id='word_1_366' title='bbox 846 1281 1075 1327; x_wconf 80' lang='grc' dir='ltr'><strong><em>βουλευτικοῦ</em></strong></span> <span class='ocrx_word' id='word_1_367' title='bbox 1113 1282 1339 1328; x_wconf 81' lang='grc' dir='ltr'><strong><em>λευκωματος</em></strong></span> <span class='ocrx_word' id='word_1_368' title='bbox 1352 1286 1395 1320; x_wconf 88' lang='grc'>25</span> <span class='ocrx_word' id='word_1_369' title='bbox 1408 1285 1602 1321; x_wconf 82' lang='lat' dir='ltr'>sanximus.</span> <span class='ocrx_word' id='word_1_370' title='bbox 1639 1285 1739 1321; x_wconf 82' lang='lat' dir='ltr'>Haec</span> <span class='ocrx_word' id='word_1_371' title='bbox 1761 1287 1882 1331; x_wconf 82' lang='lat' dir='ltr'>itaque</span> <span class='ocrx_word' id='word_1_372' title='bbox 1903 1286 1942 1321; x_wconf 86' lang='lat' dir='ltr'>in</span> <span class='ocrx_word' id='word_1_373' title='bbox 1965 1286 2203 1322; x_wconf 71' lang='lat' dir='ltr'>anterioribus</span> <span class='ocrx_word' id='word_1_374' title='bbox 2228 1296 2252 1322; x_wconf 74' lang='lat' dir='ltr'>a</span> <span class='ocrx_word' id='word_1_375' title='bbox 2273 1287 2377 1322; x_wconf 76' lang='lat' dir='ltr'>nobis</span> <span class='ocrx_word' id='word_1_376' title='bbox 2401 1296 2485 1322; x_wconf 69' lang='lat' dir='ltr'>san·</span> 
     </span>
    </p>
   </div>
   <div class='ocr_carea' id='block_1_20' title="bbox 257 1323 1339 1515">
    <p class='ocr_par' dir='ltr' id='par_1_21' title="bbox 257 1323 1339 1515">
     <span class='ocr_line' id='line_1_48' title="bbox 257 1323 1339 1373; baseline 0.004 -14"><span class='ocrx_word' id='word_1_377' title='bbox 257 1338 338 1360; x_wconf 82' lang='grc' dir='ltr'><strong><em>τους</em></strong></span> <span class='ocrx_word' id='word_1_378' title='bbox 360 1326 504 1360; x_wconf 85' lang='grc' dir='ltr'><strong><em>τούτων</em></strong></span> <span class='ocrx_word' id='word_1_379' title='bbox 532 1340 706 1369; x_wconf 85' lang='grc' dir='ltr'><strong><em>τυχοντας</em></strong></span> <span class='ocrx_word' id='word_1_380' title='bbox 729 1329 988 1373; x_wconf 72' lang='grc' dir='ltr'><strong><em>ἐθεσπίσαμεν.</em></strong></span> <span class='ocrx_word' id='word_1_381' title='bbox 1041 1330 1160 1363; x_wconf 79' lang='grc' dir='ltr'><strong><em>Ταῦτα</em></strong></span> <span class='ocrx_word' id='word_1_382' title='bbox 1182 1331 1251 1373; x_wconf 75' lang='grc' dir='ltr'>μὲν</span> <span class='ocrx_word' id='word_1_383' title='bbox 1275 1323 1339 1363; x_wconf 71' lang='grc' dir='ltr'>οὖν</span> 
     </span>
     <span class='ocr_line' id='line_1_49' title="bbox 258 1371 1339 1418; baseline 0.004 -14"><span class='ocrx_word' id='word_1_384' title='bbox 258 1373 298 1405; x_wconf 83' lang='grc' dir='ltr'>ἐν</span> <span class='ocrx_word' id='word_1_385' title='bbox 321 1374 394 1405; x_wconf 87' lang='grc' dir='ltr'><strong><em>τοῖς</em></strong></span> <span class='ocrx_word' id='word_1_386' title='bbox 425 1373 640 1417; x_wconf 66' lang='grc' dir='ltr'><strong><em>ἔμπροσθεν</em></strong></span> <span class='ocrx_word' id='word_1_387' title='bbox 663 1371 749 1418; x_wconf 81' lang='grc' dir='ltr'><strong><em>ἡμῖν</em></strong></span> <span class='ocrx_word' id='word_1_388' title='bbox 771 1374 1061 1418; x_wconf 76' lang='grc' dir='ltr'><strong><em>νενομοθέτηται</em></strong></span> <span class='ocrx_word' id='word_1_389' title='bbox 1083 1373 1175 1418; x_wconf 78' lang='grc' dir='ltr'><strong><em>μετὰ</em></strong></span> <span class='ocrx_word' id='word_1_390' title='bbox 1191 1373 1339 1409; x_wconf 78' lang='grc' dir='ltr'><strong><em>πολλῶν</em></strong></span> 
     </span>
     <span class='ocr_line' id='line_1_50' title="bbox 257 1413 1336 1464; baseline 0.004 -15"><span class='ocrx_word' id='word_1_391' title='bbox 257 1415 389 1456; x_wconf 80' lang='grc' dir='ltr'><strong><em>ἄλλων,</em></strong></span> <span class='ocrx_word' id='word_1_392' title='bbox 413 1413 506 1462; x_wconf 76' lang='grc' dir='ltr'><strong><em>ἅπερ</em></strong></span> <span class='ocrx_word' id='word_1_393' title='bbox 530 1417 671 1456; x_wconf 57' lang='grc' dir='ltr'><strong><em>ἔξεστιν</em></strong></span> <span class='ocrx_word' id='word_1_394' title='bbox 690 1419 729 1459; x_wconf 75' lang='grc' dir='ltr'>ἐξ</span> <span class='ocrx_word' id='word_1_395' title='bbox 751 1415 876 1453; x_wconf 73' lang='grc' dir='ltr'><strong><em>αὐτῶν</em></strong></span> <span class='ocrx_word' id='word_1_396' title='bbox 895 1419 974 1453; x_wconf 81' lang='grc' dir='ltr'>τῶν</span> <span class='ocrx_word' id='word_1_397' title='bbox 994 1417 1062 1462; x_wconf 77' lang='grc' dir='ltr'>ἤδη</span> <span class='ocrx_word' id='word_1_398' title='bbox 1082 1422 1257 1464; x_wconf 75' lang='grc' dir='ltr'><strong><em>κειμένων</em></strong></span> <span class='ocrx_word' id='word_1_399' title='bbox 1279 1417 1336 1453; x_wconf 82' lang='grc' dir='ltr'>νό-</span> 
     </span>
     <span class='ocr_line' id='line_1_51' title="bbox 257 1460 1338 1515; baseline 0.004 -21"><span class='ocrx_word' id='word_1_400' title='bbox 257 1475 340 1515; x_wconf 53' lang='grc' dir='ltr'><strong><em>μιον</em></strong></span> <span class='ocrx_word' id='word_1_401' title='bbox 365 1460 499 1506; x_wconf 83' lang='grc' dir='ltr'><strong><em>λαβεῖν.</em></strong></span> <span class='ocrx_word' id='word_1_402' title='bbox 545 1460 792 1508; x_wconf 80' lang='grc' dir='ltr'><strong><em>Ἀπελύσαμεν</em></strong></span> <span class='ocrx_word' id='word_1_403' title='bbox 822 1461 862 1497; x_wconf 73' lang='grc' dir='ltr'>δὲ</span> <span class='ocrx_word' id='word_1_404' title='bbox 891 1467 955 1497; x_wconf 85' lang='grc' dir='ltr'>καί</span> <span class='ocrx_word' id='word_1_405' title='bbox 981 1475 1083 1498; x_wconf 86' lang='grc' dir='ltr'><strong><em>τινας</em></strong></span> <span class='ocrx_word' id='word_1_406' title='bbox 1139 1463 1338 1507; x_wconf 79' lang='grc' dir='ltr'><strong><em>ουλευτικῆς</em></strong></span> 
     </span>
    </p>
   </div>
   <div class='ocr_carea' id='block_1_21' title="bbox 1407 1330 2485 1512">
    <p class='ocr_par' dir='ltr' id='par_1_22' title="bbox 1407 1330 2485 1512">
     <span class='ocr_line' id='line_1_52' title="bbox 1408 1330 2484 1378; baseline 0.002 -13"><span class='ocrx_word' id='word_1_407' title='bbox 1408 1330 1481 1365; x_wconf 86' lang='lat' dir='ltr'>cita</span> <span class='ocrx_word' id='word_1_408' title='bbox 1504 1333 1589 1366; x_wconf 91' lang='lat' dir='ltr'>sunt</span> <span class='ocrx_word' id='word_1_409' title='bbox 1612 1341 1693 1366; x_wconf 91' lang='lat' dir='ltr'>cum</span> <span class='ocrx_word' id='word_1_410' title='bbox 1717 1331 1796 1366; x_wconf 90' lang='lat' dir='ltr'>aliis</span> <span class='ocrx_word' id='word_1_411' title='bbox 1820 1331 1952 1374; x_wconf 90' lang='lat' dir='ltr'>multis,</span> <span class='ocrx_word' id='word_1_412' title='bbox 1977 1341 2068 1375; x_wconf 91' lang='lat' dir='ltr'>quae</span> <span class='ocrx_word' id='word_1_413' title='bbox 2089 1331 2212 1367; x_wconf 90' lang='lat' dir='ltr'>licebit</span> <span class='ocrx_word' id='word_1_414' title='bbox 2232 1341 2276 1367; x_wconf 85' lang='lat' dir='ltr'>ex</span> <span class='ocrx_word' id='word_1_415' title='bbox 2293 1331 2383 1378; x_wconf 87' lang='lat' dir='ltr'>ipsis</span> <span class='ocrx_word' id='word_1_416' title='bbox 2401 1331 2484 1367; x_wconf 88' lang='lat' dir='ltr'>olim</span> 
     </span>
     <span class='ocr_line' id='line_1_53' title="bbox 1407 1375 2485 1422; baseline 0.003 -12"><span class='ocrx_word' id='word_1_417' title='bbox 1407 1376 1532 1420; x_wconf 85' lang='lat' dir='ltr'>positis</span> <span class='ocrx_word' id='word_1_418' title='bbox 1552 1376 1691 1420; x_wconf 86' lang='lat' dir='ltr'>legibus</span> <span class='ocrx_word' id='word_1_419' title='bbox 1712 1376 1905 1412; x_wconf 88' lang='lat' dir='ltr'>advertere.</span> <span class='ocrx_word' id='word_1_420' title='bbox 1942 1375 2168 1412; x_wconf 84' lang='lat' dir='ltr'>Absolvimus</span> <span class='ocrx_word' id='word_1_421' title='bbox 2185 1380 2304 1412; x_wconf 86' lang='lat' dir='ltr'>autem</span> <span class='ocrx_word' id='word_1_422' title='bbox 2325 1380 2360 1411; x_wconf 89' lang='lat' dir='ltr'>et</span> <span class='ocrx_word' id='word_1_423' title='bbox 2378 1387 2485 1422; x_wconf 89' lang='lat' dir='ltr'>quos-</span> 
     </span>
     <span class='ocr_line' id='line_1_54' title="bbox 1407 1420 2484 1467; baseline 0.002 -12"><span class='ocrx_word' id='word_1_424' title='bbox 1407 1421 1488 1455; x_wconf 90' lang='lat' dir='ltr'>dam</span> <span class='ocrx_word' id='word_1_425' title='bbox 1519 1430 1542 1455; x_wconf 85' lang='lat' dir='ltr'>a</span> <span class='ocrx_word' id='word_1_426' title='bbox 1573 1420 1695 1456; x_wconf 87' lang='lat' dir='ltr'>curiae</span> <span class='ocrx_word' id='word_1_427' title='bbox 1719 1421 1940 1463; x_wconf 88' lang='lat' dir='ltr'>condicione,</span> <span class='ocrx_word' id='word_1_428' title='bbox 1971 1421 2129 1457; x_wconf 86' lang='lat' dir='ltr'>diversas</span> <span class='ocrx_word' id='word_1_429' title='bbox 2158 1421 2215 1457; x_wconf 86' lang='lat' dir='ltr'>his</span> <span class='ocrx_word' id='word_1_430' title='bbox 2245 1421 2484 1467; x_wconf 81' lang='lat' dir='ltr'>pragmaticas</span> 
     </span>
     <span class='ocr_line' id='line_1_55' title="bbox 1407 1466 2485 1512; baseline 0.003 -12"><span class='ocrx_word' id='word_1_431' title='bbox 1407 1466 1643 1501; x_wconf 85' lang='lat' dir='ltr'>concedentes</span> <span class='ocrx_word' id='word_1_432' title='bbox 1667 1466 1775 1511; x_wconf 88' lang='lat' dir='ltr'>leges,</span> <span class='ocrx_word' id='word_1_433' title='bbox 1804 1477 1894 1512; x_wconf 89' lang='lat' dir='ltr'>quas</span> <span class='ocrx_word' id='word_1_434' title='bbox 1919 1477 2040 1502; x_wconf 90' lang='lat' dir='ltr'>omnes</span> <span class='ocrx_word' id='word_1_435' title='bbox 2064 1466 2186 1501; x_wconf 87' lang='lat' dir='ltr'>firmas</span> <span class='ocrx_word' id='word_1_436' title='bbox 2211 1477 2290 1503; x_wconf 88' lang='lat' dir='ltr'>esse</span> <span class='ocrx_word' id='word_1_437' title='bbox 2311 1466 2485 1509; x_wconf 83' lang='lat' dir='ltr'>volumus,</span> 
     </span>
    </p>
   </div>
   <div class='ocr_carea' id='block_1_22' title="bbox 256 1505 2486 1564">
    <p class='ocr_par' dir='ltr' id='par_1_23' title="bbox 256 1505 2486 1564">
     <span class='ocr_line' id='line_1_56' title="bbox 256 1505 2486 1564; baseline 0.003 -24"><span class='ocrx_word' id='word_1_438' title='bbox 256 1518 363 1548; x_wconf 83' lang='grc' dir='ltr'><strong><em>τυχης</em></strong></span> <span class='ocrx_word' id='word_1_439' title='bbox 393 1505 592 1564; x_wconf 41' lang='grc' dir='ltr'><strong><em>διαφόρουςι</em></strong></span> <span class='ocrx_word' id='word_1_440' title='bbox 615 1508 733 1543; x_wconf 79' lang='grc' dir='ltr'><strong><em>αὐτοῖς</em></strong></span> <span class='ocrx_word' id='word_1_441' title='bbox 768 1507 1035 1555; x_wconf 76' lang='grc' dir='ltr'><strong><em>πραγματικούς</em></strong></span> <span class='ocrx_word' id='word_1_442' title='bbox 1051 1523 1105 1555; x_wconf 67' lang='grc' dir='ltr'>Δφι</span> <span class='ocrx_word' id='word_1_443' title='bbox 1148 1507 1338 1555; x_wconf 84' lang='grc' dir='ltr'><strong><em>τιμησάμε-</em></strong></span> <span class='ocrx_word' id='word_1_444' title='bbox 1351 1512 1393 1545; x_wconf 85' lang='grc'>30</span> <span class='ocrx_word' id='word_1_445' title='bbox 1407 1514 1443 1545; x_wconf 86' lang='lat' dir='ltr'>et</span> <span class='ocrx_word' id='word_1_446' title='bbox 1477 1514 1698 1556; x_wconf 74' lang='lat' dir='ltr'>praesentem</span> <span class='ocrx_word' id='word_1_447' title='bbox 1735 1513 1956 1547; x_wconf 81' lang='lat' dir='ltr'>sanctionem</span> <span class='ocrx_word' id='word_1_448' title='bbox 1993 1511 2039 1547; x_wconf 77' lang='lat' dir='ltr'>ab</span> <span class='ocrx_word' id='word_1_449' title='bbox 2074 1511 2271 1547; x_wconf 80' lang='lat' dir='ltr'>undecima·</span> <span class='ocrx_word' id='word_1_450' title='bbox 2294 1511 2486 1547; x_wconf 75' lang='lat' dir='ltr'>indictione</span> 
     </span>
    </p>
   </div>
   <div class='ocr_carea' id='block_1_23' title="bbox 257 1550 1338 1743">
    <p class='ocr_par' dir='ltr' id='par_1_24' title="bbox 257 1550 1338 1743">
     <span class='ocr_line' id='line_1_57' title="bbox 259 1550 1338 1600; baseline 0.004 -16"><span class='ocrx_word' id='word_1_451' title='bbox 259 1564 316 1585; x_wconf 91' lang='grc' dir='ltr'>νοι</span> <span class='ocrx_word' id='word_1_452' title='bbox 333 1550 470 1596; x_wconf 85' lang='grc' dir='ltr'><strong><em>νόμους,</em></strong></span> <span class='ocrx_word' id='word_1_453' title='bbox 491 1552 550 1586; x_wconf 62' lang='grc' dir='ltr'><strong><em>οὓς</em></strong></span> <span class='ocrx_word' id='word_1_454' title='bbox 569 1565 734 1588; x_wconf 87' lang='grc' dir='ltr'><strong><em>απαντας</em></strong></span> <span class='ocrx_word' id='word_1_455' title='bbox 756 1557 892 1600; x_wconf 85' lang='grc' dir='ltr'><strong><em>κυρίους</em></strong></span> <span class='ocrx_word' id='word_1_456' title='bbox 915 1553 1009 1588; x_wconf 83' lang='grc' dir='ltr'><strong><em>εἶναι</em></strong></span> <span class='ocrx_word' id='word_1_457' title='bbox 1031 1553 1254 1599; x_wconf 75' lang='grc' dir='ltr'><strong><em>βουλόμεθα,</em></strong></span> <span class='ocrx_word' id='word_1_458' title='bbox 1278 1558 1338 1588; x_wconf 83' lang='grc' dir='ltr'>καὶ</span> 
     </span>
     <span class='ocr_line' id='line_1_58' title="bbox 257 1596 1336 1643; baseline 0.002 -13"><span class='ocrx_word' id='word_1_459' title='bbox 257 1596 326 1638; x_wconf 83' lang='grc' dir='ltr'>τὴν</span> <span class='ocrx_word' id='word_1_460' title='bbox 350 1598 539 1643; x_wconf 78' lang='grc' dir='ltr'><strong><em>παροῦσαν</em></strong></span> <span class='ocrx_word' id='word_1_461' title='bbox 562 1598 789 1641; x_wconf 70' lang='grc' dir='ltr'><strong><em>νομοθεσίαν</em></strong></span> <span class='ocrx_word' id='word_1_462' title='bbox 816 1596 890 1633; x_wconf 81' lang='grc' dir='ltr'>ἀπὸ</span> <span class='ocrx_word' id='word_1_463' title='bbox 921 1599 982 1642; x_wconf 81' lang='grc' dir='ltr'>τῆς</span> <span class='ocrx_word' id='word_1_464' title='bbox 1005 1596 1195 1643; x_wconf 53' lang='grc' dir='ltr'><strong><em>ἑνδεκάτης</em></strong></span> <span class='ocrx_word' id='word_1_465' title='bbox 1222 1602 1336 1634; x_wconf 69' lang='grc' dir='ltr'><strong><em>ἐπινε-</em></strong></span> 
     </span>
     <span class='ocr_line' id='line_1_59' title="bbox 257 1639 1338 1698; baseline 0.003 -24"><span class='ocrx_word' id='word_1_466' title='bbox 257 1639 398 1685; x_wconf 77' lang='grc' dir='ltr'><strong><em>μήσεως</em></strong></span> <span class='ocrx_word' id='word_1_467' title='bbox 420 1643 482 1684; x_wconf 79' lang='grc' dir='ltr'>τῆς</span> <span class='ocrx_word' id='word_1_468' title='bbox 505 1641 588 1689; x_wconf 80' lang='grc' dir='ltr'><strong><em>ἄρτι</em></strong></span> <span class='ocrx_word' id='word_1_469' title='bbox 605 1641 819 1686; x_wconf 65' lang='grc' dir='ltr'><strong><em>διελθούσης</em></strong></span> <span class='ocrx_word' id='word_1_470' title='bbox 841 1642 1032 1690; x_wconf 75' lang='grc' dir='ltr'><strong><em>ἄρχεσθαι,</em></strong></span> <span class='ocrx_word' id='word_1_471' title='bbox 1058 1644 1096 1684; x_wconf 78' lang='grc' dir='ltr'>ἐξ</span> <span class='ocrx_word' id='word_1_472' title='bbox 1119 1643 1230 1691; x_wconf 79' lang='grc' dir='ltr'><strong><em>οὗπερ</em></strong></span> <span class='ocrx_word' id='word_1_473' title='bbox 1253 1642 1338 1698; x_wconf 77' lang='grc' dir='ltr'>ᾑμῖν</span> 
     </span>
     <span class='ocr_line' id='line_1_60' title="bbox 258 1685 1336 1743; baseline 0.001 -21"><span class='ocrx_word' id='word_1_474' title='bbox 258 1686 283 1722; x_wconf 74' lang='lat'>4</span> <span class='ocrx_word' id='word_1_475' title='bbox 330 1688 369 1720; x_wconf 77' lang='grc' dir='ltr'>ἐν</span> <span class='ocrx_word' id='word_1_476' title='bbox 393 1685 516 1740; x_wconf 51' lang='grc' dir='ltr'><strong><em>βουλῇα</em></strong></span> <span class='ocrx_word' id='word_1_477' title='bbox 527 1691 674 1734; x_wconf 79' lang='grc' dir='ltr'><strong><em>γέγονεν</em></strong></span> <span class='ocrx_word' id='word_1_478' title='bbox 698 1687 802 1723; x_wconf 72' lang='grc' dir='ltr'><strong><em>οὗτος</em></strong></span> <span class='ocrx_word' id='word_1_479' title='bbox 824 1686 843 1722; x_wconf 83' lang='grc' dir='ltr'><em>ὃ</em></span> <span class='ocrx_word' id='word_1_480' title='bbox 863 1687 981 1733; x_wconf 82' lang='grc' dir='ltr'><strong><em>νόμος.</em></strong></span> <span class='ocrx_word' id='word_1_481' title='bbox 1027 1685 1170 1743; x_wconf 67' lang='grc' dir='ltr'><strong><em>Ἐπειδὴ</em></strong></span> <span class='ocrx_word' id='word_1_482' title='bbox 1190 1687 1231 1723; x_wconf 78' lang='grc' dir='ltr'>δὲ</span> <span class='ocrx_word' id='word_1_483' title='bbox 1248 1690 1336 1737; x_wconf 80' lang='grc' dir='ltr'><strong><em>ορῶ-</em></strong></span> 
     </span>
    </p>
   </div>
   <div class='ocr_carea' id='block_1_24' title="bbox 1406 1555 2485 1636">
    <p class='ocr_par' dir='ltr' id='par_1_25' title="bbox 1406 1555 2485 1636">
     <span class='ocr_line' id='line_1_61' title="bbox 1406 1555 2485 1610; baseline 0.003 -20"><span class='ocrx_word' id='word_1_484' title='bbox 1406 1566 1523 1609; x_wconf 73' lang='lat' dir='ltr'>nuper</span> <span class='ocrx_word' id='word_1_485' title='bbox 1547 1555 1694 1601; x_wconf 86' lang='lat' dir='ltr'>delapsa</span> <span class='ocrx_word' id='word_1_486' title='bbox 1715 1557 1900 1599; x_wconf 86' lang='lat' dir='ltr'>incohare,</span> <span class='ocrx_word' id='word_1_487' title='bbox 1925 1567 1968 1592; x_wconf 86' lang='lat' dir='ltr'>ex</span> <span class='ocrx_word' id='word_1_488' title='bbox 1988 1556 2094 1602; x_wconf 83' lang='lat' dir='ltr'>(quo)</span> <span class='ocrx_word' id='word_1_489' title='bbox 2118 1557 2221 1592; x_wconf 89' lang='lat' dir='ltr'>nobis</span> <span class='ocrx_word' id='word_1_490' title='bbox 2241 1556 2314 1604; x_wconf 84' lang='lat' dir='ltr'>(in)</span> <span class='ocrx_word' id='word_1_491' title='bbox 2337 1556 2485 1610; x_wconf 80' lang='lat' dir='ltr'>consilio</span> 
     </span>
     <span class='ocr_line' id='line_1_62' title="bbox 1407 1601 1706 1636; baseline 0 0"><span class='ocrx_word' id='word_1_492' title='bbox 1407 1605 1503 1636; x_wconf 82' lang='lat' dir='ltr'>vemt</span> <span class='ocrx_word' id='word_1_493' title='bbox 1526 1601 1615 1636; x_wconf 86' lang='lat' dir='ltr'>haec</span> <span class='ocrx_word' id='word_1_494' title='bbox 1638 1601 1706 1636; x_wconf 86' lang='lat' dir='ltr'>lex.</span> 
     </span>
    </p>
   </div>
   <div class='ocr_carea' id='block_1_25' title="bbox 1405 1690 2486 1737">
    <p class='ocr_par' dir='ltr' id='par_1_26' title="bbox 1405 1690 2486 1737">
     <span class='ocr_line' id='line_1_63' title="bbox 1405 1690 2486 1737; baseline 0.002 -12"><span class='ocrx_word' id='word_1_495' title='bbox 1405 1690 1430 1725; x_wconf 80' lang='lat'>4</span> <span class='ocrx_word' id='word_1_496' title='bbox 1475 1690 1658 1734; x_wconf 79' lang='lat' dir='ltr'>Quoniam</span> <span class='ocrx_word' id='word_1_497' title='bbox 1684 1695 1804 1726; x_wconf 90' lang='lat' dir='ltr'>autem</span> <span class='ocrx_word' id='word_1_498' title='bbox 1837 1691 1988 1726; x_wconf 87' lang='lat' dir='ltr'>vidimus</span> <span class='ocrx_word' id='word_1_499' title='bbox 2025 1692 2198 1737; x_wconf 86' lang='lat' dir='ltr'>quosdam</span> <span class='ocrx_word' id='word_1_500' title='bbox 2233 1691 2285 1727; x_wconf 90' lang='lat' dir='ltr'>sic</span> <span class='ocrx_word' id='word_1_501' title='bbox 2317 1690 2486 1727; x_wconf 75' lang='lat' dir='ltr'>advemos</span> 
     </span>
    </p>
   </div>
   <div class='ocr_carea' id='block_1_26' title="bbox 258 1730 2486 1782">
    <p class='ocr_par' dir='ltr' id='par_1_27' title="bbox 258 1730 2486 1782">
     <span class='ocr_line' id='line_1_64' title="bbox 258 1730 2486 1782; baseline 0.003 -18"><span class='ocrx_word' id='word_1_502' title='bbox 258 1734 326 1776; x_wconf 82' lang='grc' dir='ltr'>μέν</span> <span class='ocrx_word' id='word_1_503' title='bbox 349 1743 452 1766; x_wconf 86' lang='grc' dir='ltr'><strong><em>τινας</em></strong></span> <span class='ocrx_word' id='word_1_504' title='bbox 474 1744 589 1766; x_wconf 85' lang='grc' dir='ltr'><strong><em>ουτως</em></strong></span> <span class='ocrx_word' id='word_1_505' title='bbox 611 1730 787 1775; x_wconf 73' lang='grc' dir='ltr'><strong><em>ἀπεχθῶς</em></strong></span> <span class='ocrx_word' id='word_1_506' title='bbox 805 1731 1047 1778; x_wconf 74' lang='grc' dir='ltr'><strong><em>διακειμένους</em></strong></span> <span class='ocrx_word' id='word_1_507' title='bbox 1069 1746 1157 1779; x_wconf 89' lang='grc' dir='ltr'><strong><em>προς</em></strong></span> <span class='ocrx_word' id='word_1_508' title='bbox 1179 1733 1242 1769; x_wconf 85' lang='grc' dir='ltr'>τὰς</span> <span class='ocrx_word' id='word_1_509' title='bbox 1260 1736 1336 1768; x_wconf 82' lang='grc' dir='ltr'><strong><em>ἑαυ-</em></strong></span> <span class='ocrx_word' id='word_1_510' title='bbox 1351 1738 1394 1771; x_wconf 78' lang='lat'>35</span> <span class='ocrx_word' id='word_1_511' title='bbox 1406 1745 1485 1771; x_wconf 82' lang='lat' dir='ltr'>esse</span> <span class='ocrx_word' id='word_1_512' title='bbox 1518 1739 1643 1771; x_wconf 83' lang='lat' dir='ltr'>contra</span> <span class='ocrx_word' id='word_1_513' title='bbox 1672 1736 1838 1781; x_wconf 78' lang='lat' dir='ltr'>proprias</span> <span class='ocrx_word' id='word_1_514' title='bbox 1866 1735 2014 1781; x_wconf 73' lang='lat' dir='ltr'>patrias,</span> <span class='ocrx_word' id='word_1_515' title='bbox 2046 1741 2088 1772; x_wconf 86' lang='lat' dir='ltr'>ut</span> <span class='ocrx_word' id='word_1_516' title='bbox 2110 1737 2252 1782; x_wconf 70' lang='lat' dir='ltr'>elegant</span> <span class='ocrx_word' id='word_1_517' title='bbox 2281 1736 2401 1782; x_wconf 67' lang='lat' dir='ltr'>potius</span> <span class='ocrx_word' id='word_1_518' title='bbox 2424 1735 2486 1771; x_wconf 70' lang='lat' dir='ltr'>alii</span> 
     </span>
    </p>
   </div>
   <div class='ocr_carea' id='block_1_27' title="bbox 257 1773 1339 1959">
    <p class='ocr_par' dir='ltr' id='par_1_28' title="bbox 257 1773 1339 1959">
     <span class='ocr_line' id='line_1_65' title="bbox 258 1773 1337 1823; baseline 0.004 -13"><span class='ocrx_word' id='word_1_519' title='bbox 258 1777 337 1810; x_wconf 84' lang='grc' dir='ltr'>τῶν</span> <span class='ocrx_word' id='word_1_520' title='bbox 356 1775 544 1823; x_wconf 80' lang='grc' dir='ltr'><strong><em>πατρίδας,</em></strong></span> <span class='ocrx_word' id='word_1_521' title='bbox 566 1773 654 1812; x_wconf 70' lang='grc' dir='ltr'><strong><em>ὧςτε</em></strong></span> <span class='ocrx_word' id='word_1_522' title='bbox 673 1778 860 1823; x_wconf 74' lang='grc' dir='ltr'><strong><em>αἱρεῖσθαι</em></strong></span> <span class='ocrx_word' id='word_1_523' title='bbox 877 1777 1015 1822; x_wconf 88' lang='grc' dir='ltr'><strong><em>μᾶλλον</em></strong></span> <span class='ocrx_word' id='word_1_524' title='bbox 1033 1778 1151 1814; x_wconf 81' lang='grc' dir='ltr'><strong><em>ἄλλοις</em></strong></span> <span class='ocrx_word' id='word_1_525' title='bbox 1173 1778 1236 1814; x_wconf 87' lang='grc' dir='ltr'>τὰς</span> <span class='ocrx_word' id='word_1_526' title='bbox 1259 1779 1337 1813; x_wconf 80' lang='grc' dir='ltr'><strong><em>ἑαυ-</em></strong></span> 
     </span>
     <span class='ocr_line' id='line_1_66' title="bbox 258 1820 1339 1872; baseline 0.005 -18"><span class='ocrx_word' id='word_1_527' title='bbox 258 1823 337 1855; x_wconf 80' lang='grc' dir='ltr'>τῶν</span> <span class='ocrx_word' id='word_1_528' title='bbox 360 1820 647 1866; x_wconf 81' lang='grc' dir='ltr'><strong><em>καταλιμπάνειν</em></strong></span> <span class='ocrx_word' id='word_1_529' title='bbox 668 1821 792 1857; x_wconf 78' lang='grc' dir='ltr'><strong><em>οὐσίας</em></strong></span> <span class='ocrx_word' id='word_1_530' title='bbox 820 1826 880 1857; x_wconf 81' lang='grc' dir='ltr'>καὶ</span> <span class='ocrx_word' id='word_1_531' title='bbox 901 1822 1000 1867; x_wconf 77' lang='grc' dir='ltr'><strong><em>μόλις</em></strong></span> <span class='ocrx_word' id='word_1_532' title='bbox 1031 1823 1071 1858; x_wconf 84' lang='grc' dir='ltr'>τὸ</span> <span class='ocrx_word' id='word_1_533' title='bbox 1094 1827 1270 1870; x_wconf 84' lang='grc' dir='ltr'><strong><em>τέταρτον</em></strong></span> <span class='ocrx_word' id='word_1_534' title='bbox 1292 1826 1339 1872; x_wconf 82' lang='grc' dir='ltr'>τῇ</span> 
     </span>
     <span class='ocr_line' id='line_1_67' title="bbox 258 1865 1338 1914; baseline 0.004 -15"><span class='ocrx_word' id='word_1_535' title='bbox 258 1865 387 1914; x_wconf 83' lang='grc' dir='ltr'><strong><em>βουλῇ,</em></strong></span> <span class='ocrx_word' id='word_1_536' title='bbox 420 1869 480 1900; x_wconf 85' lang='grc' dir='ltr'>καὶ</span> <span class='ocrx_word' id='word_1_537' title='bbox 502 1868 611 1901; x_wconf 84' lang='grc' dir='ltr'><strong><em>τοῦτο</em></strong></span> <span class='ocrx_word' id='word_1_538' title='bbox 635 1866 696 1902; x_wconf 81' lang='grc' dir='ltr'>διὰ</span> <span class='ocrx_word' id='word_1_539' title='bbox 725 1867 793 1902; x_wconf 86' lang='grc' dir='ltr'>τὸν</span> <span class='ocrx_word' id='word_1_540' title='bbox 812 1865 984 1914; x_wconf 80' lang='grc' dir='ltr'><strong><em>ἡμέτερον</em></strong></span> <span class='ocrx_word' id='word_1_541' title='bbox 1005 1868 1130 1913; x_wconf 87' lang='grc' dir='ltr'><strong><em>νόμον,</em></strong></span> <span class='ocrx_word' id='word_1_542' title='bbox 1161 1867 1338 1914; x_wconf 72' lang='grc' dir='ltr'><strong><em>ᾠήθημεν</em></strong></span> 
     </span>
     <span class='ocr_line' id='line_1_68' title="bbox 257 1908 1272 1959; baseline 0.004 -15"><span class='ocrx_word' id='word_1_543' title='bbox 257 1913 387 1956; x_wconf 79' lang='grc' dir='ltr'><strong><em>χρῆναι</em></strong></span> <span class='ocrx_word' id='word_1_544' title='bbox 409 1908 582 1947; x_wconf 77' lang='grc' dir='ltr'><strong><em>ἀπαιδίας</em></strong></span> <span class='ocrx_word' id='word_1_545' title='bbox 605 1909 761 1956; x_wconf 75' lang='grc' dir='ltr'><strong><em>ὑπούσης</em></strong></span> <span class='ocrx_word' id='word_1_546' title='bbox 786 1915 891 1948; x_wconf 82' lang='grc' dir='ltr'><strong><em>τοῦτο</em></strong></span> <span class='ocrx_word' id='word_1_547' title='bbox 915 1913 958 1947; x_wconf 83' lang='grc' dir='ltr'>τὸ</span> <span class='ocrx_word' id='word_1_548' title='bbox 981 1913 1086 1959; x_wconf 78' lang='grc' dir='ltr'><strong><em>μέρος</em></strong></span> <span class='ocrx_word' id='word_1_549' title='bbox 1107 1911 1272 1957; x_wconf 77' lang='grc' dir='ltr'><strong><em>αὐξῆσαι.</em></strong></span> 
     </span>
    </p>
   </div>
   <div class='ocr_carea' id='block_1_28' title="bbox 1406 1780 2486 1917">
    <p class='ocr_par' dir='ltr' id='par_1_29' title="bbox 1406 1780 2486 1917">
     <span class='ocr_line' id='line_1_69' title="bbox 1406 1780 2486 1836; baseline 0.002 -21"><span class='ocrx_word' id='word_1_550' title='bbox 1406 1790 1491 1833; x_wconf 75' lang='lat' dir='ltr'>suas</span> <span class='ocrx_word' id='word_1_551' title='bbox 1521 1780 1723 1826; x_wconf 87' lang='lat' dir='ltr'>relinquere</span> <span class='ocrx_word' id='word_1_552' title='bbox 1751 1781 1972 1817; x_wconf 83' lang='lat' dir='ltr'>substantias</span> <span class='ocrx_word' id='word_1_553' title='bbox 2005 1785 2041 1817; x_wconf 89' lang='lat' dir='ltr'>et</span> <span class='ocrx_word' id='word_1_554' title='bbox 2071 1782 2130 1817; x_wconf 86' lang='lat' dir='ltr'>vix</span> <span class='ocrx_word' id='word_1_555' title='bbox 2161 1784 2326 1836; x_wconf 69' lang='lat' dir='ltr'>quartam</span> <span class='ocrx_word' id='word_1_556' title='bbox 2347 1784 2486 1827; x_wconf 76' lang='lat' dir='ltr'>partem</span> 
     </span>
     <span class='ocr_line' id='line_1_70' title="bbox 1407 1826 2486 1872; baseline 0.003 -12"><span class='ocrx_word' id='word_1_557' title='bbox 1407 1835 1538 1869; x_wconf 76' lang='lat' dir='ltr'>curiae,</span> <span class='ocrx_word' id='word_1_558' title='bbox 1558 1830 1594 1861; x_wconf 90' lang='lat' dir='ltr'>et</span> <span class='ocrx_word' id='word_1_559' title='bbox 1612 1826 1682 1861; x_wconf 90' lang='lat' dir='ltr'>hoc</span> <span class='ocrx_word' id='word_1_560' title='bbox 1701 1836 1767 1870; x_wconf 89' lang='lat' dir='ltr'>per</span> <span class='ocrx_word' id='word_1_561' title='bbox 1784 1829 1945 1861; x_wconf 89' lang='lat' dir='ltr'>nostram</span> <span class='ocrx_word' id='word_1_562' title='bbox 1963 1827 2076 1869; x_wconf 83' lang='lat' dir='ltr'>legem</span> <span class='ocrx_word' id='word_1_563' title='bbox 2097 1831 2359 1863; x_wconf 75' lang='lat' dir='ltr'>aestimavimus</span> <span class='ocrx_word' id='word_1_564' title='bbox 2379 1833 2486 1872; x_wconf 69' lang='lat' dir='ltr'>opor-</span> 
     </span>
     <span class='ocr_line' id='line_1_71' title="bbox 1406 1870 2281 1917; baseline 0.001 -11"><span class='ocrx_word' id='word_1_565' title='bbox 1406 1870 1492 1914; x_wconf 86' lang='lat' dir='ltr'>tere,</span> <span class='ocrx_word' id='word_1_566' title='bbox 1516 1871 1579 1906; x_wconf 93' lang='lat' dir='ltr'>ubi</span> <span class='ocrx_word' id='word_1_567' title='bbox 1602 1870 1667 1906; x_wconf 90' lang='lat' dir='ltr'>filii</span> <span class='ocrx_word' id='word_1_568' title='bbox 1691 1871 1832 1913; x_wconf 89' lang='lat' dir='ltr'>desunt,</span> <span class='ocrx_word' id='word_1_569' title='bbox 1857 1871 1950 1906; x_wconf 84' lang='lat' dir='ltr'>hanc</span> <span class='ocrx_word' id='word_1_570' title='bbox 1974 1876 2114 1916; x_wconf 84' lang='lat' dir='ltr'>partem</span> <span class='ocrx_word' id='word_1_571' title='bbox 2138 1881 2281 1917; x_wconf 80' lang='lat' dir='ltr'>augere.</span> 
     </span>
    </p>
   </div>
   <div class='ocr_carea' id='block_1_29' title="bbox 313 2004 2488 2114">
    <p class='ocr_par' dir='ltr' id='par_1_30' title="bbox 313 2004 2488 2114">
     <span class='ocr_line' id='line_1_72' title="bbox 1270 2004 1476 2041; baseline 0.005 -1"><span class='ocrx_word' id='word_1_572' title='bbox 1270 2004 1428 2041; x_wconf 87' lang='lat' dir='ltr'>CAPUT</span> <span class='ocrx_word' id='word_1_573' title='bbox 1447 2006 1476 2041; x_wconf 92' lang='grc' dir='ltr'>Ι.</span> 
     </span>
     <span class='ocr_line' id='line_1_73' title="bbox 313 2056 2488 2114; baseline 0.003 -23"><span class='ocrx_word' id='word_1_574' title='bbox 313 2059 359 2091; x_wconf 82' lang='grc' dir='ltr'>Εἰ</span> <span class='ocrx_word' id='word_1_575' title='bbox 391 2062 515 2092; x_wconf 72' lang='grc' dir='ltr'><strong><em>τοίνυν</em></strong></span> <span class='ocrx_word' id='word_1_576' title='bbox 545 2057 636 2103; x_wconf 76' lang='grc' dir='ltr'><strong><em>μετὰ</em></strong></span> <span class='ocrx_word' id='word_1_577' title='bbox 667 2057 774 2093; x_wconf 80' lang='grc' dir='ltr'><strong><em>τόνδε</em></strong></span> <span class='ocrx_word' id='word_1_578' title='bbox 808 2056 913 2114; x_wconf 58' lang='grc' dir='ltr'><strong><em>ἡμῶν</em></strong></span> <span class='ocrx_word' id='word_1_579' title='bbox 943 2058 1010 2114; x_wconf 55' lang='lat'>‘³²2&#39;</span> <span class='ocrx_word' id='word_1_580' title='bbox 1044 2058 1159 2104; x_wconf 81' lang='grc' dir='ltr'><strong><em>νόμον</em></strong></span> <span class='ocrx_word' id='word_1_581' title='bbox 1185 2059 1341 2114; x_wconf 49' lang='lat' dir='ltr'>felem&amp;</span> <span class='ocrx_word' id='word_1_582' title='bbox 1353 2064 1397 2096; x_wconf 90' lang='grc'>40</span> <span class='ocrx_word' id='word_1_583' title='bbox 1455 2061 1494 2096; x_wconf 91' lang='lat' dir='ltr'>Si</span> <span class='ocrx_word' id='word_1_584' title='bbox 1509 2061 1617 2106; x_wconf 85' lang='lat' dir='ltr'>igitur</span> <span class='ocrx_word' id='word_1_585' title='bbox 1633 2066 1716 2107; x_wconf 89' lang='lat' dir='ltr'>post</span> <span class='ocrx_word' id='word_1_586' title='bbox 1739 2062 1834 2097; x_wconf 90' lang='lat' dir='ltr'>hanc</span> <span class='ocrx_word' id='word_1_587' title='bbox 1854 2065 2012 2098; x_wconf 88' lang='lat' dir='ltr'>nostram</span> <span class='ocrx_word' id='word_1_588' title='bbox 2035 2062 2145 2106; x_wconf 84' lang='lat' dir='ltr'>legem</span> <span class='ocrx_word' id='word_1_589' title='bbox 2171 2060 2359 2098; x_wconf 80' lang='lat' dir='ltr'>defunctus</span> <span class='ocrx_word' id='word_1_590' title='bbox 2378 2061 2488 2098; x_wconf 75' lang='lat' dir='ltr'>fuerIt</span> 
     </span>
    </p>
   </div>
   <div class='ocr_carea' id='block_1_30' title="bbox 257 2101 1342 2151">
    <p class='ocr_par' dir='ltr' id='par_1_31' title="bbox 257 2101 1342 2151">
     <span class='ocr_line' id='line_1_74' title="bbox 257 2101 1342 2151; baseline 0.003 -15"><span class='ocrx_word' id='word_1_591' title='bbox 257 2103 446 2147; x_wconf 86' lang='grc' dir='ltr'><strong><em>βουλευτὴς</em></strong></span> <span class='ocrx_word' id='word_1_592' title='bbox 484 2101 616 2138; x_wconf 83' lang='grc' dir='ltr'><strong><em>παῖδας</em></strong></span> <span class='ocrx_word' id='word_1_593' title='bbox 650 2101 713 2138; x_wconf 76' lang='grc' dir='ltr'><strong><em>οὐκ</em></strong></span> <span class='ocrx_word' id='word_1_594' title='bbox 741 2106 837 2146; x_wconf 73' lang='grc' dir='ltr'><strong><em>ἔχων</em></strong></span> <span class='ocrx_word' id='word_1_595' title='bbox 867 2117 951 2139; x_wconf 84' lang='grc' dir='ltr'><strong><em>ουτε</em></strong></span> <span class='ocrx_word' id='word_1_596' title='bbox 978 2117 1130 2151; x_wconf 76' lang='grc' dir='ltr'><strong><em>αρρενας</em></strong></span> <span class='ocrx_word' id='word_1_597' title='bbox 1160 2118 1242 2139; x_wconf 83' lang='grc' dir='ltr'><strong><em>ουτε</em></strong></span> <span class='ocrx_word' id='word_1_598' title='bbox 1274 2106 1342 2149; x_wconf 67' lang='lat'><strong><em>3³27-</em></strong></span> 
     </span>
    </p>
   </div>
   <div class='ocr_carea' id='block_1_31' title="bbox 1413 2105 2486 2152">
    <p class='ocr_par' dir='ltr' id='par_1_32' title="bbox 1413 2105 2486 2152">
     <span class='ocr_line' id='line_1_75' title="bbox 1413 2105 2486 2152; baseline 0.002 -11"><span class='ocrx_word' id='word_1_599' title='bbox 1413 2106 1558 2142; x_wconf 89' lang='lat' dir='ltr'>curialis</span> <span class='ocrx_word' id='word_1_600' title='bbox 1581 2106 1676 2143; x_wconf 89' lang='lat' dir='ltr'>filios</span> <span class='ocrx_word' id='word_1_601' title='bbox 1698 2117 1771 2143; x_wconf 93' lang='lat' dir='ltr'>non</span> <span class='ocrx_word' id='word_1_602' title='bbox 1794 2107 1932 2142; x_wconf 89' lang='lat' dir='ltr'>habens</span> <span class='ocrx_word' id='word_1_603' title='bbox 1957 2116 2072 2151; x_wconf 91' lang='lat' dir='ltr'>neque</span> <span class='ocrx_word' id='word_1_604' title='bbox 2094 2106 2275 2142; x_wconf 85' lang='lat' dir='ltr'>masculos</span> <span class='ocrx_word' id='word_1_605' title='bbox 2297 2117 2412 2152; x_wconf 88' lang='lat' dir='ltr'>neque</span> <span class='ocrx_word' id='word_1_606' title='bbox 2432 2105 2486 2143; x_wconf 79' lang='lat' dir='ltr'>fe-</span> 
     </span>
    </p>
   </div>
   <div class='ocr_carea' id='block_1_32' title="bbox 243 2172 2543 2282">
    <p class='ocr_par' dir='ltr' id='par_1_33' title="bbox 243 2172 2543 2282">
     <span class='ocr_line' id='line_1_76' title="bbox 243 2172 2488 2231; baseline 0.002 -16"><span class='ocrx_word' id='word_1_607' title='bbox 243 2172 299 2216; x_wconf 59' lang='lat' dir='ltr'>&#39;ut</span> <span class='ocrx_word' id='word_1_608' title='bbox 317 2181 434 2216; x_wconf 84' lang='lat' dir='ltr'>modis</span> <span class='ocrx_word' id='word_1_609' title='bbox 453 2181 618 2217; x_wconf 88' lang='lat' dir='ltr'>omnibus</span> <span class='ocrx_word' id='word_1_610' title='bbox 638 2182 777 2217; x_wconf 84' lang='lat' dir='ltr'>curiam</span> <span class='ocrx_word' id='word_1_611' title='bbox 796 2184 871 2219; x_wconf 81' lang='lat' dir='ltr'>sive</span> <span class='ocrx_word' id='word_1_612' title='bbox 891 2193 971 2218; x_wconf 87' lang='lat' dir='ltr'>cum</span> <span class='ocrx_word' id='word_1_613' title='bbox 988 2194 1144 2230; x_wconf 87' lang='lat' dir='ltr'>corpore</span> <span class='ocrx_word' id='word_1_614' title='bbox 1162 2184 1237 2219; x_wconf 82' lang='lat' dir='ltr'>sive</span> <span class='ocrx_word' id='word_1_615' title='bbox 1253 2185 1331 2219; x_wconf 86' lang='lat' dir='ltr'>sine</span> <span class='ocrx_word' id='word_1_616' title='bbox 1347 2195 1504 2231; x_wconf 85' lang='lat' dir='ltr'>corpore</span> <span class='ocrx_word' id='word_1_617' title='bbox 1522 2190 1618 2220; x_wconf 83' lang='lat' dir='ltr'>certe</span> <span class='ocrx_word' id='word_1_618' title='bbox 1635 2189 1707 2220; x_wconf 88' lang='lat' dir='ltr'>tres</span> <span class='ocrx_word' id='word_1_619' title='bbox 1723 2184 1851 2219; x_wconf 84' lang='lat' dir='ltr'>uncias</span> <span class='ocrx_word' id='word_1_620' title='bbox 1871 2183 2002 2220; x_wconf 79' lang='lat' dir='ltr'>habere</span> <span class='ocrx_word' id='word_1_621' title='bbox 2020 2190 2207 2231; x_wconf 80' lang='lat' dir='ltr'>oporteret</span> <span class='ocrx_word' id='word_1_622' title='bbox 2226 2196 2297 2220; x_wconf 83' lang='lat' dir='ltr'>neu</span> <span class='ocrx_word' id='word_1_623' title='bbox 2318 2185 2488 2231; x_wconf 80' lang='lat' dir='ltr'>cuiquam</span> 
     </span>
     <span class='ocr_line' id='line_1_77' title="bbox 258 2226 2543 2282; baseline 0.002 -21"><span class='ocrx_word' id='word_1_624' title='bbox 258 2226 383 2262; x_wconf 85' lang='lat' dir='ltr'>liceret</span> <span class='ocrx_word' id='word_1_625' title='bbox 401 2227 526 2262; x_wconf 86' lang='lat' dir='ltr'>curiae</span> <span class='ocrx_word' id='word_1_626' title='bbox 542 2226 661 2261; x_wconf 87' lang='lat' dir='ltr'>minus</span> <span class='ocrx_word' id='word_1_627' title='bbox 677 2227 881 2274; x_wconf 79' lang='lat' dir='ltr'>relinquere</span> <span class='ocrx_word' id='word_1_628' title='bbox 900 2239 987 2264; x_wconf 86' lang='lat' dir='ltr'>neve</span> <span class='ocrx_word' id='word_1_629' title='bbox 1006 2227 1160 2264; x_wconf 82' lang='lat' dir='ltr'>insidias</span> <span class='ocrx_word' id='word_1_630' title='bbox 1178 2233 1320 2265; x_wconf 68' lang='lat' dir='ltr'>struere</span> <span class='ocrx_word' id='word_1_631' title='bbox 1343 2240 1430 2266; x_wconf 85' lang='lat' dir='ltr'>neve</span> <span class='ocrx_word' id='word_1_632' title='bbox 1452 2229 1491 2265; x_wconf 82' lang='lat' dir='ltr'>id</span> <span class='ocrx_word' id='word_1_633' title='bbox 1513 2230 1588 2266; x_wconf 87' lang='lat' dir='ltr'>ullo</span> <span class='ocrx_word' id='word_1_634' title='bbox 1607 2229 1714 2265; x_wconf 87' lang='lat' dir='ltr'>modo</span> <span class='ocrx_word' id='word_1_635' title='bbox 1734 2229 1954 2272; x_wconf 80' lang='lat' dir='ltr'>imminuere,</span> <span class='ocrx_word' id='word_1_636' title='bbox 1978 2230 2053 2265; x_wconf 88' lang='lat' dir='ltr'>sive</span> <span class='ocrx_word' id='word_1_637' title='bbox 2099 2229 2169 2264; x_wconf 87' lang='lat' dir='ltr'>lius</span> <span class='ocrx_word' id='word_1_638' title='bbox 2183 2229 2232 2264; x_wconf 85' lang='lat' dir='ltr'>sit</span> <span class='ocrx_word' id='word_1_639' title='bbox 2245 2230 2313 2282; x_wconf 86' lang='lat' dir='ltr'>qui</span> <span class='ocrx_word' id='word_1_640' title='bbox 2329 2230 2367 2264; x_wconf 82' lang='lat' dir='ltr'>in</span> <span class='ocrx_word' id='word_1_641' title='bbox 2383 2229 2487 2265; x_wconf 78' lang='lat' dir='ltr'>curia</span> <span class='ocrx_word' id='word_1_642' title='bbox 2542 2267 2543 2274; x_wconf 12' lang='grc' dir='ltr'>ἵ</span> 
     </span>
    </p>
   </div>
   <div class='ocr_carea' id='block_1_33' title="bbox 256 2272 1292 2326">
    <p class='ocr_par' dir='ltr' id='par_1_34' title="bbox 256 2272 1292 2326">
     <span class='ocr_line' id='line_1_78' title="bbox 256 2272 1292 2326; baseline 0.001 -18"><span class='ocrx_word' id='word_1_643' title='bbox 256 2272 281 2308; x_wconf 83' lang='lat'><strong>3</strong></span> <span class='ocrx_word' id='word_1_644' title='bbox 333 2275 387 2307; x_wconf 90' lang='lat' dir='ltr'>est</span> <span class='ocrx_word' id='word_1_645' title='bbox 409 2272 483 2307; x_wconf 84' lang='lat' dir='ltr'>sive</span> <span class='ocrx_word' id='word_1_646' title='bbox 505 2272 614 2307; x_wconf 87' lang='lat' dir='ltr'>etiam</span> <span class='ocrx_word' id='word_1_647' title='bbox 637 2272 720 2318; x_wconf 81' lang='lat' dir='ltr'>ipsa</span> <span class='ocrx_word' id='word_1_648' title='bbox 743 2273 847 2308; x_wconf 83' lang='lat' dir='ltr'>curia</span> <span class='ocrx_word' id='word_1_649' title='bbox 877 2276 950 2308; x_wconf 87' lang='lat' dir='ltr'>tres</span> <span class='ocrx_word' id='word_1_650' title='bbox 971 2274 1100 2309; x_wconf 86' lang='lat' dir='ltr'>uncias</span> <span class='ocrx_word' id='word_1_651' title='bbox 1122 2274 1292 2326; x_wconf 67' lang='lat' dir='ltr'>accipiat.</span> 
     </span>
    </p>
   </div>
   <div class='ocr_carea' id='block_1_34' title="bbox 255 2274 2549 2366">
    <p class='ocr_par' dir='ltr' id='par_1_35' title="bbox 255 2274 2549 2366">
     <span class='ocr_line' id='line_1_79' title="bbox 840 2274 2549 2328; baseline 0.001 -19"><span class='ocrx_word' id='word_1_652' title='bbox 840 2318 844 2320; x_wconf 24' lang='grc' dir='ltr'>ι</span> <span class='ocrx_word' id='word_1_653' title='bbox 1361 2276 1415 2310; x_wconf 88' lang='lat' dir='ltr'>Ac</span> <span class='ocrx_word' id='word_1_654' title='bbox 1437 2286 1482 2310; x_wconf 89' lang='lat' dir='ltr'>ne</span> <span class='ocrx_word' id='word_1_655' title='bbox 1505 2286 1548 2310; x_wconf 90' lang='lat' dir='ltr'>eo</span> <span class='ocrx_word' id='word_1_656' title='bbox 1573 2274 1717 2321; x_wconf 83' lang='lat' dir='ltr'>quidem</span> <span class='ocrx_word' id='word_1_657' title='bbox 1739 2274 1979 2317; x_wconf 75' lang='lat' dir='ltr'>substitimus,</span> <span class='ocrx_word' id='word_1_658' title='bbox 2013 2285 2076 2326; x_wconf 45' lang='lat' dir='ltr'>se·</span> <span class='ocrx_word' id='word_1_659' title='bbox 2099 2275 2322 2326; x_wconf 38' lang='lat' dir='ltr'>tlt-femmae</span> <span class='ocrx_word' id='word_1_660' title='bbox 2344 2284 2487 2328; x_wconf 67' lang='lat' dir='ltr'>quoque</span> <span class='ocrx_word' id='word_1_661' title='bbox 2548 2323 2549 2326; x_wconf 11' lang='grc' dir='ltr'><strong>Ἰ</strong></span> 
     </span>
     <span class='ocr_line' id='line_1_80' title="bbox 255 2317 2543 2366; baseline 0.002 -15"><span class='ocrx_word' id='word_1_662' title='bbox 255 2328 344 2352; x_wconf 86' lang='lat' dir='ltr'>suae</span> <span class='ocrx_word' id='word_1_663' title='bbox 367 2317 606 2352; x_wconf 81' lang='lat' dir='ltr'>institutionis</span> <span class='ocrx_word' id='word_1_664' title='bbox 629 2321 778 2363; x_wconf 87' lang='lat' dir='ltr'>partem</span> <span class='ocrx_word' id='word_1_665' title='bbox 809 2318 971 2364; x_wconf 77' lang='lat' dir='ltr'>aliquam</span> <span class='ocrx_word' id='word_1_666' title='bbox 995 2318 1127 2355; x_wconf 85' lang='lat' dir='ltr'>darent</span> <span class='ocrx_word' id='word_1_667' title='bbox 1154 2329 1365 2362; x_wconf 76' lang='lat' dir='ltr'>sanximus,</span> <span class='ocrx_word' id='word_1_668' title='bbox 1396 2331 1442 2356; x_wconf 88' lang='lat' dir='ltr'>ne</span> <span class='ocrx_word' id='word_1_669' title='bbox 1465 2319 1541 2355; x_wconf 87' lang='lat' dir='ltr'>ullo</span> <span class='ocrx_word' id='word_1_670' title='bbox 1573 2331 1623 2356; x_wconf 80' lang='lat' dir='ltr'>ex</span> <span class='ocrx_word' id='word_1_671' title='bbox 1649 2323 1847 2366; x_wconf 78' lang='lat' dir='ltr'>praetextu</span> <span class='ocrx_word' id='word_1_672' title='bbox 1871 2320 2012 2362; x_wconf 85' lang='lat' dir='ltr'>curiae,</span> <span class='ocrx_word' id='word_1_673' title='bbox 2042 2324 2148 2355; x_wconf 72' lang='lat' dir='ltr'>sicuti</span> <span class='ocrx_word' id='word_1_674' title='bbox 2181 2323 2291 2355; x_wconf 86' lang='lat' dir='ltr'>antea</span> <span class='ocrx_word' id='word_1_675' title='bbox 2313 2319 2485 2364; x_wconf 61' lang='lat' dir='ltr'>diximus,</span> <span class='ocrx_word' id='word_1_676' title='bbox 2540 2350 2543 2356; x_wconf 91' lang='lat'><em>.</em></span> 
     </span>
    </p>
   </div>
   <div class='ocr_carea' id='block_1_35' title="bbox 256 2361 2543 2461">
    <p class='ocr_par' dir='ltr' id='par_1_36' title="bbox 256 2361 2543 2461">
     <span class='ocr_line' id='line_1_81' title="bbox 256 2361 2487 2442; baseline 0.002 -46"><span class='ocrx_word' id='word_1_677' title='bbox 256 2366 391 2442; x_wconf 77' lang='lat' dir='ltr'>quarta</span> <span class='ocrx_word' id='word_1_678' title='bbox 407 2373 503 2408; x_wconf 90' lang='lat' dir='ltr'>pars</span> <span class='ocrx_word' id='word_1_679' title='bbox 526 2361 703 2397; x_wconf 88' lang='lat' dir='ltr'>bonorum</span> <span class='ocrx_word' id='word_1_680' title='bbox 729 2364 886 2399; x_wconf 88' lang='lat' dir='ltr'>omnium</span> <span class='ocrx_word' id='word_1_681' title='bbox 915 2364 993 2399; x_wconf 83' lang='lat' dir='ltr'>eius</span> <span class='ocrx_word' id='word_1_682' title='bbox 1023 2364 1088 2410; x_wconf 84' lang='lat' dir='ltr'>qui</span> <span class='ocrx_word' id='word_1_683' title='bbox 1118 2364 1269 2399; x_wconf 83' lang='lat' dir='ltr'>curialis</span> <span class='ocrx_word' id='word_1_684' title='bbox 1297 2365 1376 2411; x_wconf 82' lang='lat' dir='ltr'>fuit</span> <span class='ocrx_word' id='word_1_685' title='bbox 1399 2366 1642 2401; x_wconf 80' lang='lat' dir='ltr'>imminuatur.</span> <span class='ocrx_word' id='word_1_686' title='bbox 1698 2364 1896 2400; x_wconf 85' lang='lat' dir='ltr'>Praeterea</span> <span class='ocrx_word' id='word_1_687' title='bbox 1911 2364 2097 2411; x_wconf 77' lang='lat' dir='ltr'>plurimas</span> <span class='ocrx_word' id='word_1_688' title='bbox 2118 2364 2203 2400; x_wconf 82' lang='lat' dir='ltr'>illas</span> <span class='ocrx_word' id='word_1_689' title='bbox 2222 2369 2332 2416; x_wconf 71' lang='lat' dir='ltr'>atque</span> <span class='ocrx_word' id='word_1_690' title='bbox 2349 2363 2487 2411; x_wconf 68' lang='lat' dir='ltr'>effusus</span> 
     </span>
     <span class='ocr_line' id='line_1_82' title="bbox 271 2407 2543 2461; baseline 0.001 -20"><span class='ocrx_word' id='word_1_691' title='bbox 271 2407 494 2443; x_wconf 88' lang='lat' dir='ltr'>iberalitates</span> <span class='ocrx_word' id='word_1_692' title='bbox 515 2407 737 2450; x_wconf 77' lang='lat' dir='ltr'>sustulimus,</span> <span class='ocrx_word' id='word_1_693' title='bbox 769 2419 849 2443; x_wconf 89' lang='lat' dir='ltr'>cum</span> <span class='ocrx_word' id='word_1_694' title='bbox 872 2419 948 2444; x_wconf 91' lang='lat' dir='ltr'>non</span> <span class='ocrx_word' id='word_1_695' title='bbox 969 2416 1179 2455; x_wconf 85' lang='lat' dir='ltr'>pateremur</span> <span class='ocrx_word' id='word_1_696' title='bbox 1202 2409 1352 2445; x_wconf 84' lang='lat' dir='ltr'>liberari</span> <span class='ocrx_word' id='word_1_697' title='bbox 1374 2421 1398 2445; x_wconf 85' lang='lat' dir='ltr'>a</span> <span class='ocrx_word' id='word_1_698' title='bbox 1419 2410 1521 2445; x_wconf 79' lang='lat' dir='ltr'>curia</span> <span class='ocrx_word' id='word_1_699' title='bbox 1570 2421 1760 2457; x_wconf 86' lang='lat' dir='ltr'>uemquam</span> <span class='ocrx_word' id='word_1_700' title='bbox 1777 2409 1886 2445; x_wconf 84' lang='lat' dir='ltr'>aliter</span> <span class='ocrx_word' id='word_1_701' title='bbox 1907 2409 1980 2444; x_wconf 82' lang='lat' dir='ltr'>nisi</span> <span class='ocrx_word' id='word_1_702' title='bbox 2001 2409 2184 2445; x_wconf 76' lang='lat' dir='ltr'>maximas</span> <span class='ocrx_word' id='word_1_703' title='bbox 2202 2408 2400 2461; x_wconf 75' lang='lat' dir='ltr'>diqmtates</span> <span class='ocrx_word' id='word_1_704' title='bbox 2421 2408 2487 2446; x_wconf 74' lang='lat' dir='ltr'>acl·</span> <span class='ocrx_word' id='word_1_705' title='bbox 2539 2441 2543 2444; x_wconf 84' lang='lat'><strong>.</strong></span> 
     </span>
    </p>
   </div>
   <div class='ocr_carea' id='block_1_36' title="bbox 255 2453 2539 2823">
    <p class='ocr_par' dir='ltr' id='par_1_37' title="bbox 256 2453 2486 2591">
     <span class='ocr_line' id='line_1_83' title="bbox 257 2453 2486 2501; baseline 0.001 -13"><span class='ocrx_word' id='word_1_706' title='bbox 257 2456 398 2498; x_wconf 83' lang='lat' dir='ltr'>eptum,</span> <span class='ocrx_word' id='word_1_707' title='bbox 424 2453 666 2496; x_wconf 85' lang='lat' dir='ltr'>patriciatum</span> <span class='ocrx_word' id='word_1_708' title='bbox 690 2457 724 2489; x_wconf 88' lang='lat' dir='ltr'>et</span> <span class='ocrx_word' id='word_1_709' title='bbox 747 2454 976 2489; x_wconf 86' lang='lat' dir='ltr'>consulatum</span> <span class='ocrx_word' id='word_1_710' title='bbox 999 2458 1035 2490; x_wconf 85' lang='lat' dir='ltr'>et</span> <span class='ocrx_word' id='word_1_711' title='bbox 1049 2454 1349 2501; x_wconf 80' lang='lat' dir='ltr'>praefecturam,</span> <span class='ocrx_word' id='word_1_712' title='bbox 1379 2456 1454 2491; x_wconf 83' lang='lat' dir='ltr'>sive</span> <span class='ocrx_word' id='word_1_713' title='bbox 1477 2456 1544 2490; x_wconf 84' lang='lat' dir='ltr'>civi</span> <span class='ocrx_word' id='word_1_714' title='bbox 1559 2466 1615 2491; x_wconf 91' lang='lat' dir='ltr'>em</span> <span class='ocrx_word' id='word_1_715' title='bbox 1643 2456 1718 2491; x_wconf 85' lang='lat' dir='ltr'>sive</span> <span class='ocrx_word' id='word_1_716' title='bbox 1748 2454 1940 2491; x_wconf 76' lang='lat' dir='ltr'>militarem</span> <span class='ocrx_word' id='word_1_717' title='bbox 1970 2457 1982 2496; x_wconf 88' lang='lat'><strong>(</strong></span> <span class='ocrx_word' id='word_1_718' title='bbox 1985 2455 2240 2501; x_wconf 63' lang='lat' dir='ltr'>praefectoria</span> <span class='ocrx_word' id='word_1_719' title='bbox 2262 2465 2355 2491; x_wconf 82' lang='lat' dir='ltr'>emm</span> <span class='ocrx_word' id='word_1_720' title='bbox 2378 2453 2486 2491; x_wconf 69' lang='lat' dir='ltr'>etim</span> 
     </span>
     <span class='ocr_line' id='line_1_84' title="bbox 256 2497 2485 2552; baseline 0.002 -21"><span class='ocrx_word' id='word_1_721' title='bbox 256 2498 467 2548; x_wconf 75' lang='lat' dir='ltr'>maqisteria</span> <span class='ocrx_word' id='word_1_722' title='bbox 486 2497 637 2532; x_wconf 82' lang='lat' dir='ltr'>militum</span> <span class='ocrx_word' id='word_1_723' title='bbox 656 2509 733 2534; x_wconf 89' lang='lat' dir='ltr'>esse</span> <span class='ocrx_word' id='word_1_724' title='bbox 753 2498 816 2534; x_wconf 81' lang='lat' dir='ltr'>lex</span> <span class='ocrx_word' id='word_1_725' title='bbox 836 2499 1046 2546; x_wconf 84' lang='lat' dir='ltr'>intelleqit):</span> <span class='ocrx_word' id='word_1_726' title='bbox 1073 2503 1116 2535; x_wconf 93' lang='lat' dir='ltr'>ut</span> <span class='ocrx_word' id='word_1_727' title='bbox 1133 2500 1167 2535; x_wconf 86' lang='lat' dir='ltr'>si</span> <span class='ocrx_word' id='word_1_728' title='bbox 1189 2500 1272 2546; x_wconf 84' lang='lat' dir='ltr'>quis</span> <span class='ocrx_word' id='word_1_729' title='bbox 1288 2501 1582 2547; x_wconf 82' lang='lat' dir='ltr'>praefectoriam</span> <span class='ocrx_word' id='word_1_730' title='bbox 1633 2503 1816 2536; x_wconf 86' lang='lat' dir='ltr'>otestatem</span> <span class='ocrx_word' id='word_1_731' title='bbox 1839 2503 1947 2546; x_wconf 79' lang='lat' dir='ltr'>qerat</span> <span class='ocrx_word' id='word_1_732' title='bbox 1967 2501 2006 2535; x_wconf 80' lang='lat' dir='ltr'>in</span> <span class='ocrx_word' id='word_1_733' title='bbox 2028 2499 2110 2546; x_wconf 85' lang='lat' dir='ltr'>ipso</span> <span class='ocrx_word' id='word_1_734' title='bbox 2134 2504 2219 2535; x_wconf 86' lang='lat' dir='ltr'>actu</span> <span class='ocrx_word' id='word_1_735' title='bbox 2232 2499 2485 2552; x_wconf 52' lang='lat' dir='ltr'>posituafiw</span> 
     </span>
     <span class='ocr_line' id='line_1_85' title="bbox 257 2542 2377 2591; baseline 0.001 -15"><span class='ocrx_word' id='word_1_736' title='bbox 257 2542 372 2577; x_wconf 70' lang='lat' dir='ltr'>civilis</span> <span class='ocrx_word' id='word_1_737' title='bbox 395 2542 633 2587; x_wconf 81' lang='lat' dir='ltr'>maqistratus</span> <span class='ocrx_word' id='word_1_738' title='bbox 654 2544 728 2579; x_wconf 81' lang='lat' dir='ltr'>sive</span> <span class='ocrx_word' id='word_1_739' title='bbox 751 2543 919 2579; x_wconf 86' lang='lat' dir='ltr'>militaris</span> <span class='ocrx_word' id='word_1_740' title='bbox 941 2546 1008 2586; x_wconf 83' lang='lat' dir='ltr'>sit,</span> <span class='ocrx_word' id='word_1_741' title='bbox 1041 2544 1102 2580; x_wconf 87' lang='lat' dir='ltr'>ille</span> <span class='ocrx_word' id='word_1_742' title='bbox 1125 2544 1297 2580; x_wconf 83' lang='lat' dir='ltr'>liberetur</span> <span class='ocrx_word' id='word_1_743' title='bbox 1319 2556 1343 2580; x_wconf 87' lang='lat' dir='ltr'>a</span> <span class='ocrx_word' id='word_1_744' title='bbox 1367 2545 1498 2581; x_wconf 83' lang='lat' dir='ltr'>curiali</span> <span class='ocrx_word' id='word_1_745' title='bbox 1524 2556 1592 2581; x_wconf 84' lang='lat' dir='ltr'>con</span> <span class='ocrx_word' id='word_1_746' title='bbox 1619 2546 1737 2580; x_wconf 81' lang='lat' dir='ltr'>icione</span> <span class='ocrx_word' id='word_1_747' title='bbox 1763 2544 1958 2580; x_wconf 86' lang='lat' dir='ltr'>secundum</span> <span class='ocrx_word' id='word_1_748' title='bbox 1988 2549 2151 2580; x_wconf 85' lang='lat' dir='ltr'>nostram</span> <span class='ocrx_word' id='word_1_749' title='bbox 2175 2544 2305 2591; x_wconf 81' lang='lat' dir='ltr'>leqem,</span> <span class='ocrx_word' id='word_1_750' title='bbox 2335 2555 2377 2580; x_wconf 77' lang='lat' dir='ltr'>re</span> 
     </span>
    </p>

    <p class='ocr_par' dir='ltr' id='par_1_38' title="bbox 255 2586 2539 2823">
     <span class='ocr_line' id='line_1_86' title="bbox 258 2586 2484 2636; baseline 0.002 -14"><span class='ocrx_word' id='word_1_751' title='bbox 258 2586 421 2622; x_wconf 85' lang='lat' dir='ltr'>omnibus</span> <span class='ocrx_word' id='word_1_752' title='bbox 444 2587 732 2633; x_wconf 77' lang='lat' dir='ltr'>exemptionibus</span> <span class='ocrx_word' id='word_1_753' title='bbox 753 2588 913 2624; x_wconf 84' lang='lat' dir='ltr'>sublatis.</span> <span class='ocrx_word' id='word_1_754' title='bbox 962 2589 1058 2625; x_wconf 86' lang='lat' dir='ltr'>Nam</span> <span class='ocrx_word' id='word_1_755' title='bbox 1081 2601 1176 2636; x_wconf 86' lang='lat' dir='ltr'>quae</span> <span class='ocrx_word' id='word_1_756' title='bbox 1201 2590 1446 2626; x_wconf 83' lang='lat' dir='ltr'>tantummodo</span> <span class='ocrx_word' id='word_1_757' title='bbox 1471 2590 1624 2627; x_wconf 70' lang='lat' dir='ltr'>lionoris</span> <span class='ocrx_word' id='word_1_758' title='bbox 1654 2600 1767 2626; x_wconf 85' lang='lat' dir='ltr'>causa</span> <span class='ocrx_word' id='word_1_759' title='bbox 1790 2589 1926 2625; x_wconf 86' lang='lat' dir='ltr'>dantur</span> <span class='ocrx_word' id='word_1_760' title='bbox 1948 2589 2122 2626; x_wconf 81' lang='lat' dir='ltr'>eiusmodi</span> <span class='ocrx_word' id='word_1_761' title='bbox 2144 2589 2339 2635; x_wconf 79' lang='lat' dir='ltr'>diqnitates</span> <span class='ocrx_word' id='word_1_762' title='bbox 2361 2591 2484 2636; x_wconf 73' lang='lat' dir='ltr'>(prae-</span> 
     </span>
     <span class='ocr_line' id='line_1_87' title="bbox 255 2629 2539 2681; baseline 0.001 -14"><span class='ocrx_word' id='word_1_763' title='bbox 255 2632 423 2676; x_wconf 86' lang='lat' dir='ltr'>fecturas</span> <span class='ocrx_word' id='word_1_764' title='bbox 438 2632 590 2667; x_wconf 86' lang='lat' dir='ltr'>dicimus</span> <span class='ocrx_word' id='word_1_765' title='bbox 609 2636 644 2667; x_wconf 86' lang='lat' dir='ltr'>et</span> <span class='ocrx_word' id='word_1_766' title='bbox 661 2633 761 2679; x_wconf 89' lang='lat' dir='ltr'>quod</span> <span class='ocrx_word' id='word_1_767' title='bbox 774 2633 897 2669; x_wconf 87' lang='lat' dir='ltr'>eodem</span> <span class='ocrx_word' id='word_1_768' title='bbox 916 2635 1015 2670; x_wconf 86' lang='lat' dir='ltr'>valet</span> <span class='ocrx_word' id='word_1_769' title='bbox 1033 2635 1243 2680; x_wconf 81' lang='lat' dir='ltr'>maqisteria</span> <span class='ocrx_word' id='word_1_770' title='bbox 1259 2635 1423 2678; x_wconf 82' lang='lat' dir='ltr'>militum)</span> <span class='ocrx_word' id='word_1_771' title='bbox 1442 2647 1516 2671; x_wconf 87' lang='lat' dir='ltr'>non</span> <span class='ocrx_word' id='word_1_772' title='bbox 1537 2636 1697 2671; x_wconf 78' lang='lat' dir='ltr'>eximere</span> <span class='ocrx_word' id='word_1_773' title='bbox 1715 2646 1765 2671; x_wconf 72' lang='lat' dir='ltr'>ex·</span> <span class='ocrx_word' id='word_1_774' title='bbox 1787 2634 1870 2670; x_wconf 86' lang='lat' dir='ltr'>albo</span> <span class='ocrx_word' id='word_1_775' title='bbox 1891 2634 2023 2670; x_wconf 84' lang='lat' dir='ltr'>curiali</span> <span class='ocrx_word' id='word_1_776' title='bbox 2041 2645 2105 2670; x_wconf 86' lang='lat' dir='ltr'>eos</span> <span class='ocrx_word' id='word_1_777' title='bbox 2120 2635 2184 2681; x_wconf 84' lang='lat' dir='ltr'>qui</span> <span class='ocrx_word' id='word_1_778' title='bbox 2202 2634 2288 2669; x_wconf 85' lang='lat' dir='ltr'>illas</span> <span class='ocrx_word' id='word_1_779' title='bbox 2303 2629 2486 2670; x_wconf 65' lang='lat' dir='ltr'>consecuti</span> <span class='ocrx_word' id='word_1_780' title='bbox 2536 2659 2539 2664; x_wconf 85' lang='lat'><em>-</em></span> 
     </span>
     <span class='ocr_line' id='line_1_88' title="bbox 257 2676 2485 2732; baseline 0.002 -22"><span class='ocrx_word' id='word_1_781' title='bbox 257 2681 344 2711; x_wconf 87' lang='lat' dir='ltr'>sunt</span> <span class='ocrx_word' id='word_1_782' title='bbox 364 2677 565 2711; x_wconf 72' lang='lat' dir='ltr'>sanccimus.</span> <span class='ocrx_word' id='word_1_783' title='bbox 621 2676 724 2713; x_wconf 85' lang='lat' dir='ltr'>Haec</span> <span class='ocrx_word' id='word_1_784' title='bbox 746 2678 860 2724; x_wconf 76' lang='lat' dir='ltr'>iqitur</span> <span class='ocrx_word' id='word_1_785' title='bbox 877 2680 1009 2725; x_wconf 86' lang='lat' dir='ltr'>priore</span> <span class='ocrx_word' id='word_1_786' title='bbox 1034 2684 1194 2726; x_wconf 84' lang='lat' dir='ltr'>tempore</span> <span class='ocrx_word' id='word_1_787' title='bbox 1217 2691 1241 2715; x_wconf 91' lang='lat' dir='ltr'>a</span> <span class='ocrx_word' id='word_1_788' title='bbox 1264 2680 1369 2715; x_wconf 85' lang='lat' dir='ltr'>nobis</span> <span class='ocrx_word' id='word_1_789' title='bbox 1390 2681 1532 2716; x_wconf 86' lang='lat' dir='ltr'>sancita</span> <span class='ocrx_word' id='word_1_790' title='bbox 1554 2684 1640 2716; x_wconf 88' lang='lat' dir='ltr'>sunt</span> <span class='ocrx_word' id='word_1_791' title='bbox 1670 2691 1751 2716; x_wconf 87' lang='lat' dir='ltr'>eum</span> <span class='ocrx_word' id='word_1_792' title='bbox 1774 2679 1858 2715; x_wconf 83' lang='lat' dir='ltr'>aliis</span> <span class='ocrx_word' id='word_1_793' title='bbox 1879 2680 2013 2722; x_wconf 85' lang='lat' dir='ltr'>multis,</span> <span class='ocrx_word' id='word_1_794' title='bbox 2044 2690 2138 2726; x_wconf 85' lang='lat' dir='ltr'>quae</span> <span class='ocrx_word' id='word_1_795' title='bbox 2161 2678 2303 2725; x_wconf 84' lang='lat' dir='ltr'>quidem</span> <span class='ocrx_word' id='word_1_796' title='bbox 2326 2689 2376 2715; x_wconf 76' lang='lat' dir='ltr'>ex</span> <span class='ocrx_word' id='word_1_797' title='bbox 2397 2677 2485 2732; x_wconf 63' lang='lat' dir='ltr'>ipsis</span> 
     </span>
     <span class='ocr_line' id='line_1_89' title="bbox 258 2721 2485 2771; baseline 0.002 -16"><span class='ocrx_word' id='word_1_798' title='bbox 258 2721 399 2767; x_wconf 82' lang='lat' dir='ltr'>leqibus</span> <span class='ocrx_word' id='word_1_799' title='bbox 420 2721 494 2756; x_wconf 86' lang='lat' dir='ltr'>iam</span> <span class='ocrx_word' id='word_1_800' title='bbox 518 2721 601 2757; x_wconf 86' lang='lat' dir='ltr'>latis</span> <span class='ocrx_word' id='word_1_801' title='bbox 616 2726 745 2768; x_wconf 84' lang='lat' dir='ltr'>petere</span> <span class='ocrx_word' id='word_1_802' title='bbox 768 2723 859 2758; x_wconf 88' lang='lat' dir='ltr'>licet.</span> <span class='ocrx_word' id='word_1_803' title='bbox 907 2722 983 2759; x_wconf 87' lang='lat' dir='ltr'>Sed</span> <span class='ocrx_word' id='word_1_804' title='bbox 1002 2724 1173 2760; x_wconf 81' lang='lat' dir='ltr'>solvimus</span> <span class='ocrx_word' id='word_1_805' title='bbox 1196 2736 1340 2771; x_wconf 86' lang='lat' dir='ltr'>quoque</span> <span class='ocrx_word' id='word_1_806' title='bbox 1363 2726 1560 2762; x_wconf 86' lang='lat' dir='ltr'>nonnullos</span> <span class='ocrx_word' id='word_1_807' title='bbox 1583 2737 1607 2761; x_wconf 87' lang='lat' dir='ltr'>a</span> <span class='ocrx_word' id='word_1_808' title='bbox 1630 2725 1762 2761; x_wconf 82' lang='lat' dir='ltr'>curiali</span> <span class='ocrx_word' id='word_1_809' title='bbox 1784 2723 1997 2761; x_wconf 82' lang='lat' dir='ltr'>condicione</span> <span class='ocrx_word' id='word_1_810' title='bbox 2019 2725 2143 2760; x_wconf 84' lang='lat' dir='ltr'>varias</span> <span class='ocrx_word' id='word_1_811' title='bbox 2171 2724 2217 2759; x_wconf 86' lang='lat' dir='ltr'>iis</span> <span class='ocrx_word' id='word_1_812' title='bbox 2236 2728 2485 2771; x_wconf 68' lang='lat' dir='ltr'>praqmattcu</span> 
     </span>
     <span class='ocr_line' id='line_1_90' title="bbox 259 2766 2487 2823; baseline 0.002 -23"><span class='ocrx_word' id='word_1_813' title='bbox 259 2766 358 2812; x_wconf 81' lang='lat' dir='ltr'>leqes</span> <span class='ocrx_word' id='word_1_814' title='bbox 377 2766 632 2818; x_wconf 28' lang='lat' dir='ltr'>larqitiffiquas·</span> <span class='ocrx_word' id='word_1_815' title='bbox 655 2778 777 2802; x_wconf 89' lang='lat' dir='ltr'>omnes</span> <span class='ocrx_word' id='word_1_816' title='bbox 799 2772 903 2803; x_wconf 81' lang='lat' dir='ltr'>ratas</span> <span class='ocrx_word' id='word_1_817' title='bbox 926 2779 1003 2804; x_wconf 86' lang='lat' dir='ltr'>esse</span> <span class='ocrx_word' id='word_1_818' title='bbox 1020 2770 1186 2805; x_wconf 83' lang='lat' dir='ltr'>volumus</span> <span class='ocrx_word' id='word_1_819' title='bbox 1208 2774 1321 2823; x_wconf 66' lang='lat' dir='ltr'>atque</span> <span class='ocrx_word' id='word_1_820' title='bbox 1334 2775 1566 2817; x_wconf 80' lang='lat' dir='ltr'>praesentem</span> <span class='ocrx_word' id='word_1_821' title='bbox 1591 2770 1854 2817; x_wconf 78' lang='lat' dir='ltr'>leqislationem</span> <span class='ocrx_word' id='word_1_822' title='bbox 1877 2769 1923 2804; x_wconf 89' lang='lat' dir='ltr'>ab</span> <span class='ocrx_word' id='word_1_823' title='bbox 1944 2769 2133 2805; x_wconf 85' lang='lat' dir='ltr'>undecima</span> <span class='ocrx_word' id='word_1_824' title='bbox 2155 2768 2354 2805; x_wconf 82' lang='lat' dir='ltr'>indictione</span> <span class='ocrx_word' id='word_1_825' title='bbox 2370 2779 2396 2804; x_wconf 78' lang='lat' dir='ltr'>n</span> <span class='ocrx_word' id='word_1_826' title='bbox 2445 2776 2487 2804; x_wconf 69' lang='lat' dir='ltr'>a·</span> 
     </span>
    </p>
   </div>
   <div class='ocr_carea' id='block_1_37' title="bbox 258 2811 1679 2862">
    <p class='ocr_par' dir='ltr' id='par_1_39' title="bbox 258 2811 1679 2862">
     <span class='ocr_line' id='line_1_91' title="bbox 258 2811 1679 2862; baseline 0.003 -16"><span class='ocrx_word' id='word_1_827' title='bbox 258 2811 284 2846; x_wconf 79' lang='lat'>4</span> <span class='ocrx_word' id='word_1_828' title='bbox 329 2811 455 2858; x_wconf 84' lang='lat' dir='ltr'>elapsa</span> <span class='ocrx_word' id='word_1_829' title='bbox 479 2811 620 2846; x_wconf 76' lang='lat' dir='ltr'>mztium</span> <span class='ocrx_word' id='word_1_830' title='bbox 644 2822 687 2847; x_wconf 89' lang='lat' dir='ltr'>ca</span> <span class='ocrx_word' id='word_1_831' title='bbox 714 2823 785 2855; x_wconf 88' lang='lat' dir='ltr'>ere,</span> <span class='ocrx_word' id='word_1_832' title='bbox 810 2823 860 2848; x_wconf 79' lang='lat' dir='ltr'>ex</span> <span class='ocrx_word' id='word_1_833' title='bbox 883 2824 955 2859; x_wconf 83' lang='lat' dir='ltr'>quo</span> <span class='ocrx_word' id='word_1_834' title='bbox 980 2813 1085 2849; x_wconf 86' lang='lat' dir='ltr'>nobis</span> <span class='ocrx_word' id='word_1_835' title='bbox 1108 2814 1197 2850; x_wconf 67' lang='lat' dir='ltr'>llaec</span> <span class='ocrx_word' id='word_1_836' title='bbox 1220 2814 1285 2850; x_wconf 82' lang='lat' dir='ltr'>leoe</span> <span class='ocrx_word' id='word_1_837' title='bbox 1306 2826 1343 2850; x_wconf 74' lang='lat' dir='ltr'>tn</span> <span class='ocrx_word' id='word_1_838' title='bbox 1362 2816 1483 2851; x_wconf 83' lang='lat' dir='ltr'>animo</span> <span class='ocrx_word' id='word_1_839' title='bbox 1504 2816 1679 2862; x_wconf 79' lang='lat' dir='ltr'>aqitatur.</span> 
     </span>
    </p>
   </div>
   <div class='ocr_carea' id='block_1_38' title="bbox 258 2856 631 2936">
    <p class='ocr_par' dir='ltr' id='par_1_40' title="bbox 258 2856 631 2936">
     <span class='ocr_line' id='line_1_92' title="bbox 258 2856 631 2936; baseline 0.003 -45"><span class='ocrx_word' id='word_1_840' title='bbox 258 2856 394 2936; x_wconf 51' lang='lat' dir='ltr'>iffesto</span> <span class='ocrx_word' id='word_1_841' title='bbox 415 2856 536 2891; x_wconf 84' lang='lat' dir='ltr'>animo</span> <span class='ocrx_word' id='word_1_842' title='bbox 557 2856 631 2892; x_wconf 82' lang='lat' dir='ltr'>sint</span> 
     </span>
    </p>
   </div>
   <div class='ocr_carea' id='block_1_39' title="bbox 1745 2813 2443 2865">
    <p class='ocr_par' dir='ltr' id='par_1_41' title="bbox 1745 2813 2443 2865">
     <span class='ocr_line' id='line_1_93' title="bbox 1745 2813 2443 2865; baseline -0.001 -15"><span class='ocrx_word' id='word_1_843' title='bbox 1745 2813 1922 2858; x_wconf 80' lang='lat' dir='ltr'>Quoniam</span> <span class='ocrx_word' id='word_1_844' title='bbox 1941 2825 2025 2851; x_wconf 87' lang='lat' dir='ltr'>vero</span> <span class='ocrx_word' id='word_1_845' title='bbox 2047 2814 2206 2850; x_wconf 84' lang='lat' dir='ltr'>videmus</span> <span class='ocrx_word' id='word_1_846' title='bbox 2227 2824 2304 2850; x_wconf 80' lang='lat' dir='ltr'>esse</span> <span class='ocrx_word' id='word_1_847' title='bbox 2326 2813 2389 2860; x_wconf 72' lang='lat' dir='ltr'>qm·</span> <span class='ocrx_word' id='word_1_848' title='bbox 2434 2856 2443 2865; x_wconf 39' lang='lat'><strong><em>‘</em></strong></span> 
     </span>
    </p>
   </div>
   <div class='ocr_carea' id='block_1_40' title="bbox 702 2859 2486 2912">
    <p class='ocr_par' dir='ltr' id='par_1_42' title="bbox 702 2859 2486 2912">
     <span class='ocr_line' id='line_1_94' title="bbox 702 2859 2486 2912; baseline 0.001 -19"><span class='ocrx_word' id='word_1_849' title='bbox 702 2867 826 2893; x_wconf 86' lang='lat' dir='ltr'>versus</span> <span class='ocrx_word' id='word_1_850' title='bbox 847 2868 936 2893; x_wconf 85' lang='lat' dir='ltr'>suas</span> <span class='ocrx_word' id='word_1_851' title='bbox 955 2859 1111 2905; x_wconf 84' lang='lat' dir='ltr'>patrias,</span> <span class='ocrx_word' id='word_1_852' title='bbox 1135 2863 1177 2894; x_wconf 91' lang='lat' dir='ltr'>ut</span> <span class='ocrx_word' id='word_1_853' title='bbox 1199 2859 1285 2895; x_wconf 85' lang='lat' dir='ltr'>aliis</span> <span class='ocrx_word' id='word_1_854' title='bbox 1307 2859 1403 2895; x_wconf 88' lang='lat' dir='ltr'>bona</span> <span class='ocrx_word' id='word_1_855' title='bbox 1425 2871 1494 2896; x_wconf 86' lang='lat' dir='ltr'>sua</span> <span class='ocrx_word' id='word_1_856' title='bbox 1509 2861 1714 2907; x_wconf 81' lang='lat' dir='ltr'>relinquere</span> <span class='ocrx_word' id='word_1_857' title='bbox 1734 2860 1863 2895; x_wconf 86' lang='lat' dir='ltr'>malint</span> <span class='ocrx_word' id='word_1_858' title='bbox 1878 2863 1914 2895; x_wconf 87' lang='lat' dir='ltr'>et</span> <span class='ocrx_word' id='word_1_859' title='bbox 1931 2859 1997 2896; x_wconf 78' lang='lat' dir='ltr'>vix</span> <span class='ocrx_word' id='word_1_860' title='bbox 2013 2864 2183 2912; x_wconf 75' lang='lat' dir='ltr'>quartam</span> <span class='ocrx_word' id='word_1_861' title='bbox 2197 2863 2344 2906; x_wconf 81' lang='lat' dir='ltr'>partem</span> <span class='ocrx_word' id='word_1_862' title='bbox 2362 2866 2486 2894; x_wconf 64' lang='lat' dir='ltr'>cumn</span> 
     </span>
    </p>
   </div>
   <div class='ocr_carea' id='block_1_41' title="bbox 258 2902 2541 2997">
    <p class='ocr_par' dir='ltr' id='par_1_43' title="bbox 258 2902 2541 2997">
     <span class='ocr_line' id='line_1_95' title="bbox 258 2902 2541 2980; baseline 0.001 -43"><span class='ocrx_word' id='word_1_863' title='bbox 258 2903 274 2937; x_wconf 87' lang='lat' dir='ltr'>i</span> <span class='ocrx_word' id='word_1_864' title='bbox 297 2912 369 2947; x_wconf 86' lang='lat' dir='ltr'>que</span> <span class='ocrx_word' id='word_1_865' title='bbox 383 2904 543 2980; x_wconf 59' lang='lat' dir='ltr'>propter</span> <span class='ocrx_word' id='word_1_866' title='bbox 566 2906 731 2954; x_wconf 73' lang='lat' dir='ltr'>nostram</span> <span class='ocrx_word' id='word_1_867' title='bbox 755 2902 788 2937; x_wconf 86' lang='lat' dir='ltr'>le</span> <span class='ocrx_word' id='word_1_868' title='bbox 813 2913 879 2945; x_wconf 89' lang='lat' dir='ltr'>em,</span> <span class='ocrx_word' id='word_1_869' title='bbox 903 2902 998 2938; x_wconf 72' lang='lat' dir='ltr'>lianc</span> <span class='ocrx_word' id='word_1_870' title='bbox 1015 2908 1161 2950; x_wconf 85' lang='lat' dir='ltr'>partem</span> <span class='ocrx_word' id='word_1_871' title='bbox 1185 2905 1218 2939; x_wconf 83' lang='lat' dir='ltr'>si</span> <span class='ocrx_word' id='word_1_872' title='bbox 1241 2904 1333 2939; x_wconf 88' lang='lat' dir='ltr'>nulli</span> <span class='ocrx_word' id='word_1_873' title='bbox 1352 2906 1459 2957; x_wconf 28' lang='lat' dir='ltr'>‘liberi</span> <span class='ocrx_word' id='word_1_874' title='bbox 1482 2905 1606 2941; x_wconf 82' lang='lat' dir='ltr'>adsim</span> <span class='ocrx_word' id='word_1_875' title='bbox 1627 2905 1831 2958; x_wconf 75' lang='lat' dir='ltr'>auqendam</span> <span class='ocrx_word' id='word_1_876' title='bbox 1854 2915 1932 2941; x_wconf 84' lang='lat' dir='ltr'>esse</span> <span class='ocrx_word' id='word_1_877' title='bbox 1954 2904 2252 2940; x_wconf 76' lang='lat' dir='ltr'>eoetsttmavimus.</span> <span class='ocrx_word' id='word_1_878' title='bbox 2536 2948 2541 2949; x_wconf 19' lang='lat'><em>⁷</em></span> 
     </span>
     <span class='ocr_line' id='line_1_96' title="bbox 415 2945 2484 2997; baseline 0.002 -17"><span class='ocrx_word' id='word_1_879' title='bbox 415 2973 423 2980; x_wconf 95' lang='lat'><strong>.</strong></span> <span class='ocrx_word' id='word_1_880' title='bbox 472 2945 603 2991; x_wconf 84' lang='lat' dir='ltr'>Itaque</span> <span class='ocrx_word' id='word_1_881' title='bbox 625 2957 656 2981; x_wconf 77' lang='lat' dir='ltr'>si</span> <span class='ocrx_word' id='word_1_882' title='bbox 674 2951 765 2993; x_wconf 84' lang='lat' dir='ltr'>post</span> <span class='ocrx_word' id='word_1_883' title='bbox 812 2958 881 2982; x_wconf 84' lang='lat' dir='ltr'>ane</span> <span class='ocrx_word' id='word_1_884' title='bbox 903 2952 1065 2983; x_wconf 89' lang='lat' dir='ltr'>nostram</span> <span class='ocrx_word' id='word_1_885' title='bbox 1089 2949 1202 2995; x_wconf 82' lang='lat' dir='ltr'>leqem</span> <span class='ocrx_word' id='word_1_886' title='bbox 1227 2950 1377 2985; x_wconf 76' lang='lat' dir='ltr'>curialis</span> <span class='ocrx_word' id='word_1_887' title='bbox 1399 2951 1590 2994; x_wconf 84' lang='lat' dir='ltr'>moriatur,</span> <span class='ocrx_word' id='word_1_888' title='bbox 1622 2961 1684 2997; x_wconf 75' lang='lat' dir='ltr'>qui</span> <span class='ocrx_word' id='word_1_889' title='bbox 1708 2950 1841 2986; x_wconf 80' lang='lat' dir='ltr'>liberos</span> <span class='ocrx_word' id='word_1_890' title='bbox 1862 2960 1935 2985; x_wconf 87' lang='lat' dir='ltr'>non</span> <span class='ocrx_word' id='word_1_891' title='bbox 1958 2948 2066 2985; x_wconf 77' lang='lat' dir='ltr'>habet</span> <span class='ocrx_word' id='word_1_892' title='bbox 2088 2959 2203 2995; x_wconf 83' lang='lat' dir='ltr'>neque</span> <span class='ocrx_word' id='word_1_893' title='bbox 2224 2948 2404 2985; x_wconf 79' lang='lat' dir='ltr'>masculos</span> <span class='ocrx_word' id='word_1_894' title='bbox 2424 2957 2484 2984; x_wconf 78' lang='lat' dir='ltr'>no·</span> 
     </span>
    </p>
   </div>
   <div class='ocr_carea' id='block_1_42' title="bbox 258 3034 1341 3710">
    <p class='ocr_par' dir='ltr' id='par_1_44' title="bbox 258 3034 1341 3710">
     <span class='ocr_line' id='line_1_97' title="bbox 307 3034 1338 3082; baseline 0.003 -11"><span class='ocrx_word' id='word_1_895' title='bbox 307 3041 322 3072; x_wconf 87' lang='lat'>1</span> <span class='ocrx_word' id='word_1_896' title='bbox 345 3034 470 3080; x_wconf 80' lang='grc' dir='ltr'><strong><em>νὸμον]</em></strong></span> <span class='ocrx_word' id='word_1_897' title='bbox 487 3039 558 3080; x_wconf 80' lang='lat' dir='ltr'>fuit</span> <span class='ocrx_word' id='word_1_898' title='bbox 575 3037 652 3070; x_wconf 77' lang='lat' dir='ltr'>cod.</span> <span class='ocrx_word' id='word_1_899' title='bbox 670 3039 721 3078; x_wconf 88' lang='lat'>10,</span> <span class='ocrx_word' id='word_1_900' title='bbox 737 3043 789 3077; x_wconf 77' lang='grc'>85,</span> <span class='ocrx_word' id='word_1_901' title='bbox 805 3044 821 3069; x_wconf 76' lang='grc'>4</span> <span class='ocrx_word' id='word_1_902' title='bbox 846 3037 859 3082; x_wconf 76' lang='grc' dir='ltr'>ΙΙ</span> <span class='ocrx_word' id='word_1_903' title='bbox 884 3040 904 3072; x_wconf 90' lang='grc'>2</span> <span class='ocrx_word' id='word_1_904' title='bbox 920 3036 988 3080; x_wconf 83' lang='grc' dir='ltr'>τὴν</span> <span class='ocrx_word' id='word_1_905' title='bbox 1005 3037 1151 3082; x_wconf 85' lang='grc' dir='ltr'><strong><em>βουλὴν]</em></strong></span> <span class='ocrx_word' id='word_1_906' title='bbox 1175 3039 1243 3082; x_wconf 87' lang='grc' dir='ltr'>τὴν</span> <span class='ocrx_word' id='word_1_907' title='bbox 1258 3039 1338 3080; x_wconf 87' lang='grc' dir='ltr'><strong><em>(τὸν</em></strong></span> 
     </span>
     <span class='ocr_line' id='line_1_98' title="bbox 258 3077 1337 3127; baseline 0.003 -12"><span class='ocrx_word' id='word_1_908' title='bbox 258 3083 321 3125; x_wconf 79' lang='lat' dir='ltr'>L2)</span> <span class='ocrx_word' id='word_1_909' title='bbox 345 3079 541 3126; x_wconf 83' lang='grc' dir='ltr'><strong><em>βουλευτὴν</em></strong></span> <span class='ocrx_word' id='word_1_910' title='bbox 555 3082 617 3124; x_wconf 67' lang='grc'>1311</span> <span class='ocrx_word' id='word_1_911' title='bbox 645 3084 664 3115; x_wconf 89' lang='grc'>5</span> <span class='ocrx_word' id='word_1_912' title='bbox 689 3077 788 3122; x_wconf 82' lang='grc' dir='ltr'><strong><em>αύτὸ]</em></strong></span> <span class='ocrx_word' id='word_1_913' title='bbox 807 3093 844 3115; x_wconf 88' lang='lat' dir='ltr'>ea</span> <span class='ocrx_word' id='word_1_914' title='bbox 865 3095 884 3119; x_wconf 79' lang='grc' dir='ltr'><strong><em>ς</em></strong></span> <span class='ocrx_word' id='word_1_915' title='bbox 906 3082 919 3127; x_wconf 89' lang='grc' dir='ltr'>ΙΙ</span> <span class='ocrx_word' id='word_1_916' title='bbox 949 3085 969 3118; x_wconf 91' lang='grc'>8</span> <span class='ocrx_word' id='word_1_917' title='bbox 995 3084 1125 3117; x_wconf 74' lang='grc' dir='ltr'><strong><em>τοῦτον</em></strong></span> <span class='ocrx_word' id='word_1_918' title='bbox 1136 3085 1183 3117; x_wconf 88' lang='lat' dir='ltr'>L¹</span> <span class='ocrx_word' id='word_1_919' title='bbox 1209 3083 1337 3118; x_wconf 87' lang='grc' dir='ltr'><strong><em>τούτου</em></strong></span> 
     </span>
     <span class='ocr_line' id='line_1_99' title="bbox 259 3125 1335 3172; baseline -0.002 -9"><span class='ocrx_word' id='word_1_920' title='bbox 259 3129 309 3163; x_wconf 85' lang='lat' dir='ltr'>L²</span> <span class='ocrx_word' id='word_1_921' title='bbox 329 3130 342 3171; x_wconf 80' lang='grc' dir='ltr'>ΙΙ</span> <span class='ocrx_word' id='word_1_922' title='bbox 367 3129 518 3170; x_wconf 73' lang='grc' dir='ltr'><strong><em>ἔστησεν</em></strong></span> <span class='ocrx_word' id='word_1_923' title='bbox 542 3126 590 3160; x_wconf 91' lang='lat' dir='ltr'>L¹</span> <span class='ocrx_word' id='word_1_924' title='bbox 615 3125 627 3171; x_wconf 73' lang='grc' dir='ltr'>ΙΙ</span> <span class='ocrx_word' id='word_1_925' title='bbox 658 3128 679 3159; x_wconf 85' lang='grc'><strong>9</strong></span> <span class='ocrx_word' id='word_1_926' title='bbox 703 3126 965 3171; x_wconf 72' lang='grc' dir='ltr'><strong><em>ἐθεσπίσαμεν]</em></strong></span> <span class='ocrx_word' id='word_1_927' title='bbox 988 3131 1060 3172; x_wconf 79' lang='lat' dir='ltr'>suit</span> <span class='ocrx_word' id='word_1_928' title='bbox 1086 3129 1234 3170; x_wconf 81' lang='lat' dir='ltr'>God.10‚</span> <span class='ocrx_word' id='word_1_929' title='bbox 1254 3136 1303 3169; x_wconf 83' lang='lat'>35,</span> <span class='ocrx_word' id='word_1_930' title='bbox 1320 3136 1335 3161; x_wconf 87' lang='lat'><strong>5</strong></span> 
     </span>
     <span class='ocr_line' id='line_1_100' title="bbox 259 3171 1339 3220; baseline -0.009 -3"><span class='ocrx_word' id='word_1_931' title='bbox 259 3176 315 3217; x_wconf 72' lang='lat' dir='ltr'>(Cfi</span> <span class='ocrx_word' id='word_1_932' title='bbox 333 3174 482 3217; x_wconf 65' lang='lat' dir='ltr'>Krzzqeri</span> <span class='ocrx_word' id='word_1_933' title='bbox 501 3173 591 3214; x_wconf 80' lang='lat' dir='ltr'>adn.)</span> <span class='ocrx_word' id='word_1_934' title='bbox 621 3175 633 3213; x_wconf 79' lang='grc' dir='ltr'>ΙΙ</span> <span class='ocrx_word' id='word_1_935' title='bbox 661 3173 704 3206; x_wconf 84' lang='grc'>10</span> <span class='ocrx_word' id='word_1_936' title='bbox 720 3180 795 3214; x_wconf 82' lang='lat' dir='ltr'>post</span> <span class='ocrx_word' id='word_1_937' title='bbox 815 3173 857 3219; x_wconf 79' lang='grc' dir='ltr'>τῇ</span> <span class='ocrx_word' id='word_1_938' title='bbox 878 3171 990 3220; x_wconf 82' lang='grc' dir='ltr'><strong><em>βουλῇ</em></strong></span> <span class='ocrx_word' id='word_1_939' title='bbox 1003 3174 1035 3207; x_wconf 88' lang='lat' dir='ltr'><em>L</em></span> <span class='ocrx_word' id='word_1_940' title='bbox 1058 3176 1157 3207; x_wconf 85' lang='lat' dir='ltr'>verba</span> <span class='ocrx_word' id='word_1_941' title='bbox 1176 3176 1235 3206; x_wconf 82' lang='grc' dir='ltr'>καὶ</span> <span class='ocrx_word' id='word_1_942' title='bbox 1255 3171 1339 3207; x_wconf 68' lang='grc' dir='ltr'><strong><em>οὐδὲ</em></strong></span> 
     </span>
     <span class='ocr_line' id='line_1_101' title="bbox 259 3212 1338 3264; baseline -0.001 -12"><span class='ocrx_word' id='word_1_943' title='bbox 259 3221 362 3264; x_wconf 82' lang='grc' dir='ltr'><strong><em>μέχρι</em></strong></span> <span class='ocrx_word' id='word_1_944' title='bbox 379 3214 523 3251; x_wconf 83' lang='grc' dir='ltr'><strong><em>τούτων</em></strong></span> <span class='ocrx_word' id='word_1_945' title='bbox 541 3217 692 3259; x_wconf 72' lang='grc' dir='ltr'><strong><em>ἔστησεν</em></strong></span> <span class='ocrx_word' id='word_1_946' title='bbox 701 3212 914 3261; x_wconf 77' lang='grc' dir='ltr'><strong><em>(ἐστήσαμεν</em></strong></span> <span class='ocrx_word' id='word_1_947' title='bbox 928 3219 988 3260; x_wconf 78' lang='lat' dir='ltr'>L²)</span> <span class='ocrx_word' id='word_1_948' title='bbox 1005 3220 1121 3261; x_wconf 81' lang='lat' dir='ltr'>repetit</span> <span class='ocrx_word' id='word_1_949' title='bbox 1132 3219 1185 3261; x_wconf 72' lang='lat' dir='ltr'>(ex</span> <span class='ocrx_word' id='word_1_950' title='bbox 1196 3232 1225 3252; x_wconf 87' lang='lat' dir='ltr'>v.</span> <span class='ocrx_word' id='word_1_951' title='bbox 1234 3222 1251 3252; x_wconf 76' lang='lat' dir='ltr'>&#39;a&#39;</span> <span class='ocrx_word' id='word_1_952' title='bbox 1263 3222 1338 3262; x_wconf 59' lang='grc' dir='ltr'>πᾳ),</span> 
     </span>
     <span class='ocr_line' id='line_1_102' title="bbox 260 3259 1339 3308; baseline -0.001 -10"><span class='ocrx_word' id='word_1_953' title='bbox 260 3266 345 3298; x_wconf 85' lang='lat' dir='ltr'>unde</span> <span class='ocrx_word' id='word_1_954' title='bbox 354 3263 402 3296; x_wconf 83' lang='lat' dir='ltr'>L²</span> <span class='ocrx_word' id='word_1_955' title='bbox 414 3277 443 3296; x_wconf 88' lang='lat' dir='ltr'>v.</span> <span class='ocrx_word' id='word_1_956' title='bbox 456 3265 493 3297; x_wconf 86' lang='lat'>11</span> <span class='ocrx_word' id='word_1_957' title='bbox 509 3259 600 3295; x_wconf 81' lang='grc' dir='ltr'><strong><em>ἀλλὰ</em></strong></span> <span class='ocrx_word' id='word_1_958' title='bbox 613 3262 743 3305; x_wconf 79' lang='lat' dir='ltr'>supplet</span> <span class='ocrx_word' id='word_1_959' title='bbox 754 3270 828 3295; x_wconf 82' lang='lat' dir='ltr'>ante</span> <span class='ocrx_word' id='word_1_960' title='bbox 840 3264 899 3294; x_wconf 80' lang='grc' dir='ltr'>καὶ</span> <span class='ocrx_word' id='word_1_961' title='bbox 912 3260 973 3295; x_wconf 83' lang='grc' dir='ltr'>τὰς</span> <span class='ocrx_word' id='word_1_962' title='bbox 988 3262 1000 3307; x_wconf 75' lang='grc' dir='ltr'>ΙΙ</span> <span class='ocrx_word' id='word_1_963' title='bbox 1021 3265 1063 3297; x_wconf 90' lang='grc'>14</span> <span class='ocrx_word' id='word_1_964' title='bbox 1075 3261 1204 3306; x_wconf 83' lang='grc' dir='ltr'><strong><em>βουλῆς</em></strong></span> <span class='ocrx_word' id='word_1_965' title='bbox 1217 3277 1275 3297; x_wconf 84' lang='grc' dir='ltr'><strong><em>οηι.</em></strong></span> <span class='ocrx_word' id='word_1_966' title='bbox 1284 3265 1314 3297; x_wconf 92' lang='lat' dir='ltr'><em>L</em></span> <span class='ocrx_word' id='word_1_967' title='bbox 1326 3264 1339 3308; x_wconf 77' lang='grc' dir='ltr'>ΙΙ</span> 
     </span>
     <span class='ocr_line' id='line_1_103' title="bbox 263 3306 1339 3354; baseline -0.002 -11"><span class='ocrx_word' id='word_1_968' title='bbox 263 3312 301 3344; x_wconf 82' lang='lat'>17</span> <span class='ocrx_word' id='word_1_969' title='bbox 315 3309 389 3351; x_wconf 79' lang='grc' dir='ltr'><strong><em>τῆς]</em></strong></span> <span class='ocrx_word' id='word_1_970' title='bbox 401 3310 474 3342; x_wconf 82' lang='grc' dir='ltr'><strong><em>τοῖς</em></strong></span> <span class='ocrx_word' id='word_1_971' title='bbox 486 3307 575 3341; x_wconf 88' lang='lat' dir='ltr'>ML¹</span> <span class='ocrx_word' id='word_1_972' title='bbox 586 3307 600 3351; x_wconf 82' lang='grc' dir='ltr'>ΙΙ</span> <span class='ocrx_word' id='word_1_973' title='bbox 610 3318 842 3352; x_wconf 82' lang='grc' dir='ltr'><strong><em>πραιφαικτω</em></strong></span> <span class='ocrx_word' id='word_1_974' title='bbox 867 3310 921 3339; x_wconf 76' lang='lat' dir='ltr'>lac</span> <span class='ocrx_word' id='word_1_975' title='bbox 934 3308 965 3340; x_wconf 91' lang='lat' dir='ltr'><em>L</em></span> <span class='ocrx_word' id='word_1_976' title='bbox 977 3306 989 3351; x_wconf 87' lang='grc' dir='ltr'>ΙΙ</span> <span class='ocrx_word' id='word_1_977' title='bbox 1010 3309 1049 3341; x_wconf 89' lang='grc'>18</span> <span class='ocrx_word' id='word_1_978' title='bbox 1063 3310 1339 3354; x_wconf 81' lang='grc' dir='ltr'><strong><em>πρεφεκτωρίαν</em></strong></span> 
     </span>
     <span class='ocr_line' id='line_1_104' title="bbox 261 3348 1339 3398; baseline -0.003 -10"><span class='ocrx_word' id='word_1_979' title='bbox 261 3356 293 3388; x_wconf 91' lang='lat' dir='ltr'><em>L</em></span> <span class='ocrx_word' id='word_1_980' title='bbox 309 3354 321 3398; x_wconf 89' lang='grc' dir='ltr'>ΙΙ</span> <span class='ocrx_word' id='word_1_981' title='bbox 343 3357 383 3388; x_wconf 88' lang='grc'>19</span> <span class='ocrx_word' id='word_1_982' title='bbox 396 3351 486 3397; x_wconf 78' lang='grc' dir='ltr'><strong><em>ἄρξη</em></strong></span> <span class='ocrx_word' id='word_1_983' title='bbox 501 3353 540 3386; x_wconf 76' lang='grc' dir='ltr'>ἐν</span> <span class='ocrx_word' id='word_1_984' title='bbox 556 3356 565 3391; x_wconf 94' lang='grc'><strong>(</strong></span> <span class='ocrx_word' id='word_1_985' title='bbox 597 3354 678 3386; x_wconf 84' lang='lat' dir='ltr'>ossis</span> <span class='ocrx_word' id='word_1_986' title='bbox 691 3353 785 3385; x_wconf 83' lang='lat' dir='ltr'>etiam</span> <span class='ocrx_word' id='word_1_987' title='bbox 797 3348 844 3396; x_wconf 79' lang='grc' dir='ltr'><strong><em>ἄρ</em></strong></span> <span class='ocrx_word' id='word_1_988' title='bbox 866 3363 939 3384; x_wconf 75' lang='grc' dir='ltr'><strong><em>ειεν</em></strong></span> <span class='ocrx_word' id='word_1_989' title='bbox 951 3352 1003 3393; x_wconf 72' lang='grc' dir='ltr'>ἐν)</span> <span class='ocrx_word' id='word_1_990' title='bbox 1023 3354 1101 3386; x_wconf 78' lang='lat' dir='ltr'>dedi</span> <span class='ocrx_word' id='word_1_991' title='bbox 1111 3366 1179 3387; x_wconf 88' lang='lat' dir='ltr'>cum</span> <span class='ocrx_word' id='word_1_992' title='bbox 1193 3355 1224 3393; x_wconf 80' lang='grc' dir='ltr'>ς]</span> <span class='ocrx_word' id='word_1_993' title='bbox 1241 3352 1339 3397; x_wconf 77' lang='grc' dir='ltr'><strong><em>ἄρξει</em></strong></span> 
     </span>
     <span class='ocr_line' id='line_1_105' title="bbox 261 3365 1338 3444; baseline -0.002 -12"><span class='ocrx_word' id='word_1_994' title='bbox 261 3401 301 3432; x_wconf 80' lang='grc' dir='ltr'>ἐν</span> <span class='ocrx_word' id='word_1_995' title='bbox 315 3399 361 3433; x_wconf 91' lang='grc' dir='ltr'><strong>Μ</strong></span> <span class='ocrx_word' id='word_1_996' title='bbox 372 3388 510 3444; x_wconf 70' lang='grc' dir='ltr'><strong><em>ἅρξεῖεν</em></strong></span> <span class='ocrx_word' id='word_1_997' title='bbox 522 3398 554 3431; x_wconf 91' lang='lat' dir='ltr'><em>L</em></span> <span class='ocrx_word' id='word_1_998' title='bbox 569 3365 595 3442; x_wconf 54' lang='lat' dir='ltr'>&#39;f</span> <span class='ocrx_word' id='word_1_999' title='bbox 609 3399 651 3431; x_wconf 87' lang='lat'>20</span> <span class='ocrx_word' id='word_1_1000' title='bbox 663 3394 889 3440; x_wconf 77' lang='grc' dir='ltr'><strong><em>βουλευτικῆς</em></strong></span> <span class='ocrx_word' id='word_1_1001' title='bbox 902 3397 960 3437; x_wconf 87' lang='grc' dir='ltr'>Μ]</span> <span class='ocrx_word' id='word_1_1002' title='bbox 982 3410 1038 3430; x_wconf 90' lang='lat' dir='ltr'>om.</span> <span class='ocrx_word' id='word_1_1003' title='bbox 1050 3397 1103 3433; x_wconf 71' lang='lat' dir='ltr'>Le</span> <span class='ocrx_word' id='word_1_1004' title='bbox 1121 3397 1133 3441; x_wconf 89' lang='grc' dir='ltr'>ΙΙ</span> <span class='ocrx_word' id='word_1_1005' title='bbox 1157 3399 1196 3432; x_wconf 89' lang='grc'>21</span> <span class='ocrx_word' id='word_1_1006' title='bbox 1215 3394 1338 3441; x_wconf 88' lang='grc' dir='ltr'><strong><em>νόμον]</em></strong></span> 
     </span>
     <span class='ocr_line' id='line_1_106' title="bbox 267 3441 1316 3487; baseline -0.004 -8"><span class='ocrx_word' id='word_1_1007' title='bbox 267 3446 344 3479; x_wconf 79' lang='lat' dir='ltr'>Cod.</span> <span class='ocrx_word' id='word_1_1008' title='bbox 364 3447 414 3485; x_wconf 88' lang='grc'>10,</span> <span class='ocrx_word' id='word_1_1009' title='bbox 434 3451 483 3486; x_wconf 77' lang='grc'>32,</span> <span class='ocrx_word' id='word_1_1010' title='bbox 498 3448 535 3474; x_wconf 77' lang='grc'>67</span> <span class='ocrx_word' id='word_1_1011' title='bbox 556 3442 569 3486; x_wconf 84' lang='grc' dir='ltr'>ΙΙ</span> <span class='ocrx_word' id='word_1_1012' title='bbox 587 3444 629 3477; x_wconf 88' lang='grc'>23</span> <span class='ocrx_word' id='word_1_1013' title='bbox 644 3442 907 3487; x_wconf 67' lang='grc' dir='ltr'><strong><em>πραεφεκωτίω</em></strong></span> <span class='ocrx_word' id='word_1_1014' title='bbox 919 3441 967 3475; x_wconf 87' lang='grc' dir='ltr'><em>Μ</em></span> <span class='ocrx_word' id='word_1_1015' title='bbox 979 3445 1272 3487; x_wconf 81' lang='grc' dir='ltr'><strong><em>πρεφαικτωρίας</em></strong></span> <span class='ocrx_word' id='word_1_1016' title='bbox 1287 3443 1316 3475; x_wconf 90' lang='lat' dir='ltr'><em>L</em></span> 
     </span>
     <span class='ocr_line' id='line_1_107' title="bbox 262 3483 1317 3535; baseline -0.002 -13"><span class='ocrx_word' id='word_1_1017' title='bbox 262 3492 306 3523; x_wconf 80' lang='lat'>25</span> <span class='ocrx_word' id='word_1_1018' title='bbox 324 3487 619 3535; x_wconf 77' lang='grc' dir='ltr'><strong><em>λειτουργήματος</em></strong></span> <span class='ocrx_word' id='word_1_1019' title='bbox 638 3488 687 3521; x_wconf 82' lang='lat' dir='ltr'>L²</span> <span class='ocrx_word' id='word_1_1020' title='bbox 702 3488 714 3531; x_wconf 86' lang='grc' dir='ltr'>ΙΙ</span> <span class='ocrx_word' id='word_1_1021' title='bbox 733 3489 774 3520; x_wconf 84' lang='grc'>27</span> <span class='ocrx_word' id='word_1_1022' title='bbox 801 3483 885 3528; x_wconf 79' lang='grc' dir='ltr'><strong><em>ἡμῖν</em></strong></span> <span class='ocrx_word' id='word_1_1023' title='bbox 905 3499 961 3520; x_wconf 91' lang='lat' dir='ltr'>om.</span> <span class='ocrx_word' id='word_1_1024' title='bbox 977 3487 1008 3520; x_wconf 91' lang='lat' dir='ltr'><em>L</em></span> <span class='ocrx_word' id='word_1_1025' title='bbox 1027 3489 1038 3528; x_wconf 84' lang='grc' dir='ltr'>ΙΙ</span> <span class='ocrx_word' id='word_1_1026' title='bbox 1055 3489 1098 3521; x_wconf 80' lang='grc'>28</span> <span class='ocrx_word' id='word_1_1027' title='bbox 1123 3486 1272 3526; x_wconf 72' lang='grc' dir='ltr'><strong><em>ἐξέτινες</em></strong></span> <span class='ocrx_word' id='word_1_1028' title='bbox 1286 3488 1317 3520; x_wconf 91' lang='lat' dir='ltr'><em>L</em></span> 
     </span>
     <span class='ocr_line' id='line_1_108' title="bbox 261 3528 1341 3577; baseline -0.003 -10"><span class='ocrx_word' id='word_1_1029' title='bbox 261 3535 340 3567; x_wconf 85' lang='grc' dir='ltr'>τῶν</span> <span class='ocrx_word' id='word_1_1030' title='bbox 364 3531 429 3575; x_wconf 79' lang='grc' dir='ltr'>ἤδη</span> <span class='ocrx_word' id='word_1_1031' title='bbox 455 3535 513 3574; x_wconf 88' lang='lat' dir='ltr'>M]</span> <span class='ocrx_word' id='word_1_1032' title='bbox 539 3530 605 3576; x_wconf 78' lang='grc' dir='ltr'>ἤδη</span> <span class='ocrx_word' id='word_1_1033' title='bbox 629 3528 717 3575; x_wconf 72' lang='grc' dir='ltr'><strong><em>(ἤδει</em></strong></span> <span class='ocrx_word' id='word_1_1034' title='bbox 741 3532 800 3575; x_wconf 85' lang='lat' dir='ltr'>L¹)</span> <span class='ocrx_word' id='word_1_1035' title='bbox 823 3531 902 3565; x_wconf 81' lang='grc' dir='ltr'>τῶν</span> <span class='ocrx_word' id='word_1_1036' title='bbox 922 3532 954 3565; x_wconf 94' lang='lat' dir='ltr'><em>L</em></span> <span class='ocrx_word' id='word_1_1037' title='bbox 978 3531 990 3575; x_wconf 79' lang='grc' dir='ltr'>ΙΙ</span> <span class='ocrx_word' id='word_1_1038' title='bbox 1017 3534 1060 3566; x_wconf 88' lang='grc'>30</span> <span class='ocrx_word' id='word_1_1039' title='bbox 1084 3532 1341 3577; x_wconf 73' lang='grc' dir='ltr'><strong><em>πραγματικῶς</em></strong></span> 
     </span>
     <span class='ocr_line' id='line_1_109' title="bbox 264 3573 1340 3623; baseline -0.003 -11"><span class='ocrx_word' id='word_1_1040' title='bbox 264 3577 541 3623; x_wconf 83' lang='grc' dir='ltr'><strong><em>φιλοτησάμενοι</em></strong></span> <span class='ocrx_word' id='word_1_1041' title='bbox 556 3579 586 3611; x_wconf 91' lang='lat' dir='ltr'><em>L</em></span> <span class='ocrx_word' id='word_1_1042' title='bbox 603 3577 615 3622; x_wconf 92' lang='grc' dir='ltr'>ΙΙ</span> <span class='ocrx_word' id='word_1_1043' title='bbox 634 3580 676 3612; x_wconf 87' lang='lat'>35</span> <span class='ocrx_word' id='word_1_1044' title='bbox 697 3574 859 3619; x_wconf 69' lang='grc' dir='ltr'><strong><em>ἆπεχθῆς</em></strong></span> <span class='ocrx_word' id='word_1_1045' title='bbox 871 3577 919 3610; x_wconf 83' lang='lat' dir='ltr'>L¹</span> <span class='ocrx_word' id='word_1_1046' title='bbox 938 3576 950 3618; x_wconf 94' lang='grc' dir='ltr'>ΙΙ</span> <span class='ocrx_word' id='word_1_1047' title='bbox 967 3579 1009 3612; x_wconf 89' lang='grc'>38</span> <span class='ocrx_word' id='word_1_1048' title='bbox 1033 3579 1092 3609; x_wconf 83' lang='grc' dir='ltr'>καὶ</span> <span class='ocrx_word' id='word_1_1049' title='bbox 1116 3579 1234 3618; x_wconf 82' lang='grc' dir='ltr'><strong><em>τοῦτο]</em></strong></span> <span class='ocrx_word' id='word_1_1050' title='bbox 1259 3573 1340 3609; x_wconf 83' lang='grc' dir='ltr'>κάν·</span> 
     </span>
     <span class='ocr_line' id='line_1_110' title="bbox 264 3620 1339 3666; baseline -0.002 -9"><span class='ocrx_word' id='word_1_1051' title='bbox 264 3624 390 3657; x_wconf 80' lang='grc' dir='ltr'>ταῦθα</span> <span class='ocrx_word' id='word_1_1052' title='bbox 415 3625 611 3657; x_wconf 84' lang='lat' dir='ltr'>Haloander</span> <span class='ocrx_word' id='word_1_1053' title='bbox 633 3623 645 3666; x_wconf 82' lang='grc' dir='ltr'>ΙΙ</span> <span class='ocrx_word' id='word_1_1054' title='bbox 676 3624 718 3656; x_wconf 85' lang='grc'>39</span> <span class='ocrx_word' id='word_1_1055' title='bbox 742 3620 908 3664; x_wconf 78' lang='grc' dir='ltr'><strong><em>εἰπούσης</em></strong></span> <span class='ocrx_word' id='word_1_1056' title='bbox 931 3622 980 3655; x_wconf 88' lang='lat' dir='ltr'>L¹</span> <span class='ocrx_word' id='word_1_1057' title='bbox 1003 3622 1016 3666; x_wconf 78' lang='lat' dir='ltr'>ss</span> <span class='ocrx_word' id='word_1_1058' title='bbox 1042 3624 1085 3656; x_wconf 88' lang='grc'>40</span> <span class='ocrx_word' id='word_1_1059' title='bbox 1109 3620 1257 3664; x_wconf 80' lang='grc' dir='ltr'><strong><em>τελευτᾷ</em></strong></span> <span class='ocrx_word' id='word_1_1060' title='bbox 1282 3622 1339 3662; x_wconf 83' lang='grc' dir='ltr'>Μ]</span> 
     </span>
     <span class='ocr_line' id='line_1_111' title="bbox 263 3666 1060 3710; baseline -0.003 -8"><span class='ocrx_word' id='word_1_1061' title='bbox 263 3667 443 3702; x_wconf 84' lang='grc' dir='ltr'><strong><em>τελευτῶν</em></strong></span> <span class='ocrx_word' id='word_1_1062' title='bbox 470 3670 510 3706; x_wconf 80' lang='lat' dir='ltr'>L,</span> <span class='ocrx_word' id='word_1_1063' title='bbox 536 3666 712 3710; x_wconf 76' lang='grc' dir='ltr'><strong><em>τελευτῴη</em></strong></span> <span class='ocrx_word' id='word_1_1064' title='bbox 738 3670 792 3710; x_wconf 66' lang='lat' dir='ltr'>(esi</span> <span class='ocrx_word' id='word_1_1065' title='bbox 807 3670 839 3708; x_wconf 75' lang='grc' dir='ltr'>ς)</span> <span class='ocrx_word' id='word_1_1066' title='bbox 866 3667 1060 3701; x_wconf 84' lang='lat' dir='ltr'>Haloander</span> 
     </span>
    </p>
   </div>
   <div class='ocr_carea' id='block_1_43' title="bbox 1405 3037 2486 3219">
    <p class='ocr_par' dir='ltr' id='par_1_45' title="bbox 1405 3037 2486 3219">
     <span class='ocr_line' id='line_1_112' title="bbox 1454 3037 2484 3085; baseline -0.001 -12"><span class='ocrx_word' id='word_1_1067' title='bbox 1454 3042 1469 3074; x_wconf 90' lang='lat'>1</span> <span class='ocrx_word' id='word_1_1068' title='bbox 1485 3043 1524 3073; x_wconf 84' lang='lat' dir='ltr'>ut</span> <span class='ocrx_word' id='word_1_1069' title='bbox 1542 3054 1599 3074; x_wconf 89' lang='lat' dir='ltr'>om.</span> <span class='ocrx_word' id='word_1_1070' title='bbox 1612 3042 1700 3084; x_wconf 80' lang='lat' dir='ltr'>vulq.</span> <span class='ocrx_word' id='word_1_1071' title='bbox 1723 3040 1729 3085; x_wconf 89' lang='grc' dir='ltr'>Ι</span> <span class='ocrx_word' id='word_1_1072' title='bbox 1748 3040 1866 3074; x_wconf 84' lang='lat' dir='ltr'>*omni</span> <span class='ocrx_word' id='word_1_1073' title='bbox 1877 3040 1986 3082; x_wconf 89' lang='lat' dir='ltr'>modo]</span> <span class='ocrx_word' id='word_1_1074' title='bbox 2000 3040 2136 3074; x_wconf 89' lang='lat' dir='ltr'>omnino</span> <span class='ocrx_word' id='word_1_1075' title='bbox 2151 3037 2254 3084; x_wconf 71' lang='lat' dir='ltr'>librifl</span> <span class='ocrx_word' id='word_1_1076' title='bbox 2273 3038 2417 3081; x_wconf 86' lang='lat' dir='ltr'>debent(</span> <span class='ocrx_word' id='word_1_1077' title='bbox 2447 3049 2484 3072; x_wconf 85' lang='lat' dir='ltr'>ro</span> 
     </span>
     <span class='ocr_line' id='line_1_113' title="bbox 1405 3079 2486 3131; baseline -0.001 -13"><span class='ocrx_word' id='word_1_1078' title='bbox 1405 3085 1523 3118; x_wconf 85' lang='lat' dir='ltr'>debeat</span> <span class='ocrx_word' id='word_1_1079' title='bbox 1531 3086 1562 3128; x_wconf 85' lang='lat'>‘?)</span> <span class='ocrx_word' id='word_1_1080' title='bbox 1578 3087 1673 3119; x_wconf 82' lang='lat' dir='ltr'>curia</span> <span class='ocrx_word' id='word_1_1081' title='bbox 1723 3088 1789 3119; x_wconf 86' lang='lat' dir='ltr'>eob.</span> <span class='ocrx_word' id='word_1_1082' title='bbox 1808 3084 1822 3131; x_wconf 84' lang='grc' dir='ltr'>ΙΙ</span> <span class='ocrx_word' id='word_1_1083' title='bbox 1838 3087 1858 3119; x_wconf 89' lang='grc'>2</span> <span class='ocrx_word' id='word_1_1084' title='bbox 1880 3085 1943 3118; x_wconf 86' lang='lat' dir='ltr'>hoc</span> <span class='ocrx_word' id='word_1_1085' title='bbox 1964 3098 2022 3118; x_wconf 89' lang='lat' dir='ltr'>om.</span> <span class='ocrx_word' id='word_1_1086' title='bbox 2041 3084 2074 3118; x_wconf 89' lang='lat' dir='ltr'><strong><em>V</em></strong></span> <span class='ocrx_word' id='word_1_1087' title='bbox 2086 3082 2099 3129; x_wconf 75' lang='grc' dir='ltr'>ΙΙ</span> <span class='ocrx_word' id='word_1_1088' title='bbox 2114 3086 2136 3119; x_wconf 85' lang='grc'>4</span> <span class='ocrx_word' id='word_1_1089' title='bbox 2151 3084 2336 3118; x_wconf 75' lang='lat' dir='ltr'>diminuere</span> <span class='ocrx_word' id='word_1_1090' title='bbox 2348 3083 2420 3119; x_wconf 72' lang='lat' dir='ltr'>Neo</span> <span class='ocrx_word' id='word_1_1091' title='bbox 2439 3106 2450 3130; x_wconf 14' lang='lat' dir='ltr'>q.</span> <span class='ocrx_word' id='word_1_1092' title='bbox 2464 3079 2486 3130; x_wconf 80' lang='grc' dir='ltr'>Ι</span> 
     </span>
     <span class='ocr_line' id='line_1_114' title="bbox 1407 3124 2484 3175; baseline -0.001 -12"><span class='ocrx_word' id='word_1_1093' title='bbox 1407 3140 1460 3163; x_wconf 83' lang='lat' dir='ltr'>eas</span> <span class='ocrx_word' id='word_1_1094' title='bbox 1483 3132 1568 3174; x_wconf 78' lang='lat' dir='ltr'>vulq.</span> <span class='ocrx_word' id='word_1_1095' title='bbox 1597 3131 1609 3174; x_wconf 84' lang='grc' dir='ltr'>ΙΙ</span> <span class='ocrx_word' id='word_1_1096' title='bbox 1633 3134 1652 3166; x_wconf 89' lang='grc'>5</span> <span class='ocrx_word' id='word_1_1097' title='bbox 1677 3131 1819 3174; x_wconf 84' lang='lat' dir='ltr'>suscepit</span> <span class='ocrx_word' id='word_1_1098' title='bbox 1843 3129 1897 3175; x_wconf 72' lang='lat' dir='ltr'>Vll</span> <span class='ocrx_word' id='word_1_1099' title='bbox 1923 3132 1943 3165; x_wconf 90' lang='lat'>8</span> <span class='ocrx_word' id='word_1_1100' title='bbox 1967 3129 2154 3162; x_wconf 84' lang='lat' dir='ltr'>sancximus</span> <span class='ocrx_word' id='word_1_1101' title='bbox 2167 3130 2282 3170; x_wconf 83' lang='lat' dir='ltr'>Neob.]</span> <span class='ocrx_word' id='word_1_1102' title='bbox 2307 3124 2484 3165; x_wconf 61' lang='lat' dir='ltr'>sanctinus</span> 
     </span>
     <span class='ocr_line' id='line_1_115' title="bbox 1414 3171 2483 3219; baseline -0.001 -11"><span class='ocrx_word' id='word_1_1103' title='bbox 1414 3175 1449 3208; x_wconf 90' lang='lat' dir='ltr'><strong><em>V</em></strong></span> <span class='ocrx_word' id='word_1_1104' title='bbox 1465 3175 1478 3219; x_wconf 82' lang='grc' dir='ltr'>ΙΙ</span> <span class='ocrx_word' id='word_1_1105' title='bbox 1503 3177 1523 3209; x_wconf 89' lang='grc'><strong>9</strong></span> <span class='ocrx_word' id='word_1_1106' title='bbox 1547 3176 1754 3209; x_wconf 87' lang='lat' dir='ltr'>diminuetur</span> <span class='ocrx_word' id='word_1_1107' title='bbox 1776 3176 1810 3209; x_wconf 89' lang='lat' dir='ltr'><strong><em>V</em></strong></span> <span class='ocrx_word' id='word_1_1108' title='bbox 1829 3175 1842 3218; x_wconf 77' lang='grc'>11</span> <span class='ocrx_word' id='word_1_1109' title='bbox 1875 3177 1915 3210; x_wconf 87' lang='grc'>10</span> <span class='ocrx_word' id='word_1_1110' title='bbox 1939 3185 2016 3218; x_wconf 86' lang='lat' dir='ltr'>pars</span> <span class='ocrx_word' id='word_1_1111' title='bbox 2039 3187 2098 3208; x_wconf 88' lang='lat' dir='ltr'>om.</span> <span class='ocrx_word' id='word_1_1112' title='bbox 2113 3174 2217 3208; x_wconf 79' lang='lat' dir='ltr'>Neob.</span> <span class='ocrx_word' id='word_1_1113' title='bbox 2244 3173 2257 3218; x_wconf 87' lang='grc' dir='ltr'>ΙΙ</span> <span class='ocrx_word' id='word_1_1114' title='bbox 2290 3175 2325 3208; x_wconf 88' lang='grc'>11</span> <span class='ocrx_word' id='word_1_1115' title='bbox 2353 3172 2419 3207; x_wconf 79' lang='lat' dir='ltr'>Sed</span> <span class='ocrx_word' id='word_1_1116' title='bbox 2439 3171 2483 3214; x_wconf 72' lang='lat' dir='ltr'>et]</span> 
     </span>
    </p>
   </div>
   <div class='ocr_carea' id='block_1_44' title="bbox 1407 3215 2589 3307">
    <p class='ocr_par' dir='ltr' id='par_1_46' title="bbox 1407 3215 2589 3307">
     <span class='ocr_line' id='line_1_116' title="bbox 1407 3215 2589 3264; baseline -0.001 -11"><span class='ocrx_word' id='word_1_1117' title='bbox 1407 3222 1440 3253; x_wconf 88' lang='lat' dir='ltr'>et</span> <span class='ocrx_word' id='word_1_1118' title='bbox 1464 3233 1522 3254; x_wconf 87' lang='lat' dir='ltr'>om.</span> <span class='ocrx_word' id='word_1_1119' title='bbox 1539 3220 1594 3263; x_wconf 75' lang='lat' dir='ltr'>Vll</span> <span class='ocrx_word' id='word_1_1120' title='bbox 1621 3223 1660 3255; x_wconf 83' lang='lat'>12</span> <span class='ocrx_word' id='word_1_1121' title='bbox 1685 3221 1837 3254; x_wconf 82' lang='lat' dir='ltr'>cedentes</span> <span class='ocrx_word' id='word_1_1122' title='bbox 1862 3221 1940 3254; x_wconf 75' lang='lat' dir='ltr'>libri</span> <span class='ocrx_word' id='word_1_1123' title='bbox 1955 3219 1968 3264; x_wconf 75' lang='lat' dir='ltr'>n</span> <span class='ocrx_word' id='word_1_1124' title='bbox 1988 3218 2093 3253; x_wconf 87' lang='lat' dir='ltr'>libera</span> <span class='ocrx_word' id='word_1_1125' title='bbox 2116 3230 2137 3252; x_wconf 86' lang='lat' dir='ltr'>a</span> <span class='ocrx_word' id='word_1_1126' title='bbox 2159 3218 2253 3252; x_wconf 84' lang='lat' dir='ltr'>ouria</span> <span class='ocrx_word' id='word_1_1127' title='bbox 2274 3218 2309 3252; x_wconf 93' lang='lat' dir='ltr'><strong><em>V</em></strong></span> <span class='ocrx_word' id='word_1_1128' title='bbox 2326 3217 2339 3263; x_wconf 89' lang='grc' dir='ltr'>ΙΙ</span> <span class='ocrx_word' id='word_1_1129' title='bbox 2366 3215 2405 3252; x_wconf 80' lang='grc'>13</span> <span class='ocrx_word' id='word_1_1130' title='bbox 2426 3215 2483 3251; x_wconf 71' lang='lat' dir='ltr'>ad-</span> <span class='ocrx_word' id='word_1_1131' title='bbox 2535 3251 2542 3254; x_wconf 79' lang='grc'><strong>,</strong></span> <span class='ocrx_word' id='word_1_1132' title='bbox 2584 3231 2589 3247; x_wconf 64' lang='grc' dir='ltr'><strong><em>ι</em></strong></span> 
     </span>
     <span class='ocr_line' id='line_1_117' title="bbox 2017 3259 2578 3307; baseline -0.007 -9"><span class='ocrx_word' id='word_1_1133' title='bbox 2017 3265 2058 3298; x_wconf 84' lang='grc'>14</span> <span class='ocrx_word' id='word_1_1134' title='bbox 2071 3264 2258 3297; x_wconf 84' lang='lat' dir='ltr'>consolatus</span> <span class='ocrx_word' id='word_1_1135' title='bbox 2274 3263 2308 3295; x_wconf 82' lang='lat' dir='ltr'><strong><em>V</em></strong></span> <span class='ocrx_word' id='word_1_1136' title='bbox 2320 3264 2332 3307; x_wconf 72' lang='lat' dir='ltr'>u</span> <span class='ocrx_word' id='word_1_1137' title='bbox 2348 3260 2390 3298; x_wconf 76' lang='grc'>17</span> <span class='ocrx_word' id='word_1_1138' title='bbox 2403 3259 2483 3295; x_wconf 81' lang='lat' dir='ltr'>ami-</span> <span class='ocrx_word' id='word_1_1139' title='bbox 2523 3280 2534 3292; x_wconf 64' lang='lat'>,</span> <span class='ocrx_word' id='word_1_1140' title='bbox 2574 3283 2578 3294; x_wconf 90' lang='lat'>.</span> 
     </span>
    </p>
   </div>
   <div class='ocr_carea' id='block_1_45' title="bbox 1408 3265 2484 3669">
    <p class='ocr_par' dir='ltr' id='par_1_47' title="bbox 1408 3265 2484 3400">
     <span class='ocr_line' id='line_1_118' title="bbox 1408 3265 1966 3309; baseline 0.002 -12"><span class='ocrx_word' id='word_1_1141' title='bbox 1408 3266 1607 3307; x_wconf 89' lang='lat' dir='ltr'>emptionem</span> <span class='ocrx_word' id='word_1_1142' title='bbox 1628 3267 1663 3300; x_wconf 90' lang='lat' dir='ltr'><strong><em>V</em></strong></span> <span class='ocrx_word' id='word_1_1143' title='bbox 1674 3266 1850 3309; x_wconf 83' lang='lat' dir='ltr'>adeptione</span> <span class='ocrx_word' id='word_1_1144' title='bbox 1863 3265 1966 3300; x_wconf 81' lang='lat' dir='ltr'>Neob.</span> 
     </span>
     <span class='ocr_line' id='line_1_119' title="bbox 1408 3304 2484 3354; baseline 0 -13"><span class='ocrx_word' id='word_1_1145' title='bbox 1408 3308 1602 3343; x_wconf 84' lang='lat' dir='ltr'>nistrauerit</span> <span class='ocrx_word' id='word_1_1146' title='bbox 1627 3319 1657 3344; x_wconf 79' lang='lat' dir='ltr'>et</span> <span class='ocrx_word' id='word_1_1147' title='bbox 1682 3314 1722 3346; x_wconf 84' lang='lat'>18</span> <span class='ocrx_word' id='word_1_1148' title='bbox 1746 3310 1957 3343; x_wconf 86' lang='lat' dir='ltr'>aministrans</span> <span class='ocrx_word' id='word_1_1149' title='bbox 2044 3308 2058 3354; x_wconf 65' lang='lat' dir='ltr'>fl</span> <span class='ocrx_word' id='word_1_1150' title='bbox 2098 3310 2137 3343; x_wconf 87' lang='lat'>19</span> <span class='ocrx_word' id='word_1_1151' title='bbox 2161 3307 2385 3349; x_wconf 81' lang='lat' dir='ltr'>conditionem</span> <span class='ocrx_word' id='word_1_1152' title='bbox 2413 3305 2450 3341; x_wconf 89' lang='lat' dir='ltr'><strong><em>V</em></strong></span> <span class='ocrx_word' id='word_1_1153' title='bbox 2469 3304 2484 3350; x_wconf 87' lang='grc' dir='ltr'>Ι</span> 
     </span>
     <span class='ocr_line' id='line_1_120' title="bbox 1409 3353 2246 3400; baseline -0.001 -13"><span class='ocrx_word' id='word_1_1154' title='bbox 1409 3355 1448 3387; x_wconf 88' lang='grc'>21</span> <span class='ocrx_word' id='word_1_1155' title='bbox 1477 3364 1560 3395; x_wconf 82' lang='lat' dir='ltr'>quae</span> <span class='ocrx_word' id='word_1_1156' title='bbox 1585 3356 1663 3389; x_wconf 82' lang='lat' dir='ltr'>add.</span> <span class='ocrx_word' id='word_1_1157' title='bbox 1675 3357 1782 3400; x_wconf 66' lang='grc' dir='ltr'><strong><em>ναῖς-ς</em></strong></span> <span class='ocrx_word' id='word_1_1158' title='bbox 1807 3368 1850 3388; x_wconf 86' lang='lat' dir='ltr'>an</span> <span class='ocrx_word' id='word_1_1159' title='bbox 1874 3356 1933 3399; x_wconf 78' lang='lat' dir='ltr'>ley-</span> <span class='ocrx_word' id='word_1_1160' title='bbox 1949 3355 1990 3388; x_wconf 89' lang='grc'>22</span> <span class='ocrx_word' id='word_1_1161' title='bbox 2011 3353 2130 3387; x_wconf 75' lang='lat' dir='ltr'>datas?</span> <span class='ocrx_word' id='word_1_1162' title='bbox 2160 3357 2173 3398; x_wconf 80' lang='grc' dir='ltr'>ΙΙ</span> <span class='ocrx_word' id='word_1_1163' title='bbox 2203 3354 2246 3387; x_wconf 86' lang='grc'>22</span> 
     </span>
    </p>

    <p class='ocr_par' dir='ltr' id='par_1_48' title="bbox 1408 3439 2484 3669">
     <span class='ocr_line' id='line_1_121' title="bbox 1410 3439 2484 3486; baseline -0.002 -11"><span class='ocrx_word' id='word_1_1164' title='bbox 1410 3443 1589 3477; x_wconf 78' lang='lat' dir='ltr'>Heimbach</span> <span class='ocrx_word' id='word_1_1165' title='bbox 1605 3445 1617 3486; x_wconf 83' lang='grc' dir='ltr'>ῐΙ</span> <span class='ocrx_word' id='word_1_1166' title='bbox 1642 3446 1686 3479; x_wconf 84' lang='grc'>24</span> <span class='ocrx_word' id='word_1_1167' title='bbox 1699 3444 1796 3478; x_wconf 86' lang='lat' dir='ltr'>alueo</span> <span class='ocrx_word' id='word_1_1168' title='bbox 1817 3445 1852 3478; x_wconf 92' lang='lat' dir='ltr'><strong><em>V</em></strong></span> <span class='ocrx_word' id='word_1_1169' title='bbox 1863 3444 1960 3478; x_wconf 82' lang='lat' dir='ltr'>ambo</span> <span class='ocrx_word' id='word_1_1170' title='bbox 1972 3444 2075 3478; x_wconf 81' lang='lat' dir='ltr'>Neob.</span> <span class='ocrx_word' id='word_1_1171' title='bbox 2125 3445 2167 3478; x_wconf 85' lang='lat'>25</span> <span class='ocrx_word' id='word_1_1172' title='bbox 2179 3442 2358 3484; x_wconf 82' lang='lat' dir='ltr'>sanximus]</span> <span class='ocrx_word' id='word_1_1173' title='bbox 2378 3439 2484 3474; x_wconf 69' lang='lat' dir='ltr'>sanci-</span> 
     </span>
     <span class='ocr_line' id='line_1_122' title="bbox 1408 3482 2484 3533; baseline 0.001 -14"><span class='ocrx_word' id='word_1_1174' title='bbox 1408 3498 1482 3519; x_wconf 87' lang='lat' dir='ltr'>mus</span> <span class='ocrx_word' id='word_1_1175' title='bbox 1506 3489 1582 3522; x_wconf 83' lang='lat' dir='ltr'>libri</span> <span class='ocrx_word' id='word_1_1176' title='bbox 1601 3488 1614 3533; x_wconf 81' lang='grc' dir='ltr'>ΙΙ</span> <span class='ocrx_word' id='word_1_1177' title='bbox 1643 3490 1757 3532; x_wconf 83' lang='lat' dir='ltr'>itaque</span> <span class='ocrx_word' id='word_1_1178' title='bbox 1781 3491 1862 3522; x_wconf 86' lang='lat' dir='ltr'>haec</span> <span class='ocrx_word' id='word_1_1179' title='bbox 1882 3490 1917 3523; x_wconf 96' lang='lat' dir='ltr'><strong><em>V</em></strong></span> <span class='ocrx_word' id='word_1_1180' title='bbox 1939 3488 1952 3532; x_wconf 85' lang='grc' dir='ltr'>ΙΙ</span> <span class='ocrx_word' id='word_1_1181' title='bbox 1980 3490 2023 3523; x_wconf 90' lang='grc'>28</span> <span class='ocrx_word' id='word_1_1182' title='bbox 2047 3488 2111 3529; x_wconf 85' lang='lat' dir='ltr'>his]</span> <span class='ocrx_word' id='word_1_1183' title='bbox 2134 3487 2191 3521; x_wconf 88' lang='lat' dir='ltr'>hic</span> <span class='ocrx_word' id='word_1_1184' title='bbox 2212 3487 2247 3521; x_wconf 95' lang='lat' dir='ltr'><strong><em>V</em></strong></span> <span class='ocrx_word' id='word_1_1185' title='bbox 2262 3487 2324 3520; x_wconf 87' lang='lat' dir='ltr'>hoo</span> <span class='ocrx_word' id='word_1_1186' title='bbox 2344 3485 2447 3520; x_wconf 68' lang='grc' dir='ltr'><strong><em>Ναοῦ.</em></strong></span> <span class='ocrx_word' id='word_1_1187' title='bbox 2469 3482 2484 3529; x_wconf 88' lang='grc' dir='ltr'>Ι</span> 
     </span>
     <span class='ocr_line' id='line_1_123' title="bbox 1410 3530 2482 3578; baseline -0.003 -12"><span class='ocrx_word' id='word_1_1188' title='bbox 1410 3532 1452 3566; x_wconf 87' lang='grc'>30</span> <span class='ocrx_word' id='word_1_1189' title='bbox 1477 3532 1641 3566; x_wconf 81' lang='lat' dir='ltr'>inditione</span> <span class='ocrx_word' id='word_1_1190' title='bbox 1672 3535 1705 3566; x_wconf 94' lang='lat' dir='ltr'><strong><em>V</em></strong></span> <span class='ocrx_word' id='word_1_1191' title='bbox 1730 3533 1743 3578; x_wconf 82' lang='grc' dir='ltr'>ΙΙ</span> <span class='ocrx_word' id='word_1_1192' title='bbox 1772 3535 1813 3568; x_wconf 91' lang='grc'>31</span> <span class='ocrx_word' id='word_1_1193' title='bbox 1839 3545 1878 3567; x_wconf 88' lang='lat' dir='ltr'>ex</span> <span class='ocrx_word' id='word_1_1194' title='bbox 1902 3543 1969 3576; x_wconf 85' lang='lat' dir='ltr'>qua</span> <span class='ocrx_word' id='word_1_1195' title='bbox 1991 3533 2088 3566; x_wconf 77' lang='lat' dir='ltr'>nobis</span> <span class='ocrx_word' id='word_1_1196' title='bbox 2110 3533 2209 3578; x_wconf 65' lang='lat' dir='ltr'>vulq„</span> <span class='ocrx_word' id='word_1_1197' title='bbox 2241 3541 2262 3565; x_wconf 75' lang='lat' dir='ltr'>a</span> <span class='ocrx_word' id='word_1_1198' title='bbox 2280 3530 2374 3564; x_wconf 69' lang='lat' dir='ltr'>nobis</span> <span class='ocrx_word' id='word_1_1199' title='bbox 2393 3530 2482 3563; x_wconf 74' lang='lat' dir='ltr'>Vax</span> 
     </span>
     <span class='ocr_line' id='line_1_124' title="bbox 1410 3574 2482 3630; baseline -0.001 -22"><span class='ocrx_word' id='word_1_1200' title='bbox 1410 3587 1477 3609; x_wconf 90' lang='lat' dir='ltr'>non</span> <span class='ocrx_word' id='word_1_1201' title='bbox 1491 3577 1593 3610; x_wconf 82' lang='lat' dir='ltr'>Neob.</span> <span class='ocrx_word' id='word_1_1202' title='bbox 1618 3578 1631 3622; x_wconf 83' lang='grc' dir='ltr'>ΙΙ</span> <span class='ocrx_word' id='word_1_1203' title='bbox 1654 3579 1690 3610; x_wconf 91' lang='lat' dir='ltr'>in</span> <span class='ocrx_word' id='word_1_1204' title='bbox 1714 3579 1888 3621; x_wconf 60' lang='lat' dir='ltr'>addmuly,</span> <span class='ocrx_word' id='word_1_1205' title='bbox 1914 3579 1927 3621; x_wconf 70' lang='lat' dir='ltr'>fl</span> <span class='ocrx_word' id='word_1_1206' title='bbox 1950 3580 1992 3612; x_wconf 87' lang='lat'>34</span> <span class='ocrx_word' id='word_1_1207' title='bbox 2005 3578 2151 3610; x_wconf 86' lang='lat' dir='ltr'>uidimus</span> <span class='ocrx_word' id='word_1_1208' title='bbox 2165 3579 2274 3610; x_wconf 83' lang='lat' dir='ltr'>autem</span> <span class='ocrx_word' id='word_1_1209' title='bbox 2295 3574 2482 3630; x_wconf 63' lang='lat' dir='ltr'>Vlladuer·</span> 
     </span>
     <span class='ocr_line' id='line_1_125' title="bbox 1409 3621 2345 3669; baseline 0.001 -15"><span class='ocrx_word' id='word_1_1210' title='bbox 1409 3632 1464 3654; x_wconf 85' lang='lat' dir='ltr'>sus</span> <span class='ocrx_word' id='word_1_1211' title='bbox 1485 3622 1519 3654; x_wconf 93' lang='lat' dir='ltr'><strong><em>V</em></strong></span> <span class='ocrx_word' id='word_1_1212' title='bbox 1532 3633 1663 3655; x_wconf 82' lang='lat' dir='ltr'>auersos</span> <span class='ocrx_word' id='word_1_1213' title='bbox 1675 3623 1779 3656; x_wconf 81' lang='lat' dir='ltr'>Neob.</span> <span class='ocrx_word' id='word_1_1214' title='bbox 1800 3621 1813 3668; x_wconf 71' lang='grc' dir='ltr'>ΙΙ</span> <span class='ocrx_word' id='word_1_1215' title='bbox 1843 3625 1885 3656; x_wconf 89' lang='grc'>35</span> <span class='ocrx_word' id='word_1_1216' title='bbox 1910 3622 1986 3655; x_wconf 82' lang='lat' dir='ltr'>aliis</span> <span class='ocrx_word' id='word_1_1217' title='bbox 2005 3623 2092 3666; x_wconf 77' lang='lat' dir='ltr'>vulq.</span> <span class='ocrx_word' id='word_1_1218' title='bbox 2113 3621 2127 3669; x_wconf 82' lang='grc' dir='ltr'>ΙΙ</span> <span class='ocrx_word' id='word_1_1219' title='bbox 2157 3623 2198 3656; x_wconf 82' lang='grc'>37</span> <span class='ocrx_word' id='word_1_1220' title='bbox 2223 3621 2302 3656; x_wconf 78' lang='lat' dir='ltr'>haec</span> <span class='ocrx_word' id='word_1_1221' title='bbox 2323 3621 2345 3655; x_wconf 64' lang='grc' dir='ltr'><strong>Ρ</strong></span> 
     </span>
    </p>
   </div>
   <div class='ocr_carea' id='block_1_46' title="bbox 2526 1110 2592 3364">
    <p class='ocr_par' dir='ltr' id='par_1_49' title="bbox 2526 1110 2592 3364">
     <span class='ocr_line' id='line_1_126' title="bbox 2526 1110 2592 3364; baseline 0 0"><span class='ocrx_word' id='word_1_1222' title='bbox 2526 1110 2592 3364; x_wconf 95' lang='lat' dir='ltr'> </span> 
     </span>
    </p>
   </div>
   <div class='ocr_carea' id='block_1_47' title="bbox 1416 3351 2554 3445">
    <p class='ocr_par' dir='ltr' id='par_1_50' title="bbox 1416 3351 2554 3445">
     <span class='ocr_line' id='line_1_127' title="bbox 1416 3351 2554 3445; baseline -0.001 -14"><span class='ocrx_word' id='word_1_1223' title='bbox 1416 3398 1471 3441; x_wconf 74' lang='lat' dir='ltr'>Vll</span> <span class='ocrx_word' id='word_1_1224' title='bbox 1490 3400 1532 3432; x_wconf 84' lang='lat'>23</span> <span class='ocrx_word' id='word_1_1225' title='bbox 1549 3398 1689 3441; x_wconf 77' lang='lat' dir='ltr'>*quales</span> <span class='ocrx_word' id='word_1_1226' title='bbox 1711 3401 1850 3434; x_wconf 82' lang='lat' dir='ltr'>VNeob.</span> <span class='ocrx_word' id='word_1_1227' title='bbox 1866 3398 1881 3445; x_wconf 74' lang='lat' dir='ltr'>ss</span> <span class='ocrx_word' id='word_1_1228' title='bbox 1897 3401 2005 3443; x_wconf 85' lang='lat' dir='ltr'>potest</span> <span class='ocrx_word' id='word_1_1229' title='bbox 2021 3399 2066 3440; x_wconf 95' lang='lat' dir='ltr'>V]</span> <span class='ocrx_word' id='word_1_1230' title='bbox 2110 3401 2182 3431; x_wconf 85' lang='lat' dir='ltr'>oter</span> <span class='ocrx_word' id='word_1_1231' title='bbox 2194 3351 2483 3440; x_wconf 51' lang='lat' dir='ltr'>Neobpzagfim</span> <span class='ocrx_word' id='word_1_1232' title='bbox 2544 3382 2554 3421; x_wconf 52' lang='lat' dir='ltr'>i</span> 
     </span>
    </p>
   </div>
  </div>
 </body>
</html>
