2592 3840
237 80 345 124 Nov.
377 81 498 123 XLII
523 83 548 124 3

237 195 381 237 στορίου
411 194 474 226 τοῦ
509 190 777 238 φρενοβλαβοῦς
807 188 986 246 ὑφήγησιν
1024 191 1095 225 εἴτε
1125 190 1218 226 κατὰ
1247 191 1315 236 τὴν

238 234 394 279 ἀνόητον
419 235 596 279 Εὗτυχοῦς
620 235 823 281 παράδοσιν
849 238 920 270 εἶτε
941 234 1033 269 κατὰ
1063 235 1130 279 τὴν
1155 236 1315 282 Σεβήρου

237 281 474 328 βλασφημίαν
509 284 572 316 τοῦ
609 280 655 314 τὰ
688 280 778 314 αὐτὰ
809 281 954 314 ἐκείνοις
992 278 1210 323 νοσήσαντος
1244 282 1315 316 εἴτε

239 329 316 360 τῶν
340 329 486 361 ἐκείνοις
510 325 823 366 ἀκολουθούντων,
854 327 932 359 ταῖς
957 322 1173 371 ἁγιωτάταις
1197 326 1314 370 ἐκκλη-

238 376 331 406 σίαις
353 371 508 418 ταραχὰς
532 370 721 415 ἐμβάλλειν
751 373 812 404 καὶ
836 370 1071 416 φθέγγεσθαί
1091 383 1128 404 τι
1151 375 1234 418 περὶ
1257 375 1315 407 πί-

239 428 371 451 στεως·
408 415 495 451 ἀλλὰ
519 416 743 460 θεσπίζομεν
774 417 927 449 ἕκαστον
949 415 1027 449 τῶν
1049 415 1228 450 τοιούτων
1248 416 1317 460 τὴν

239 459 388 504 ἡσυχίαν
418 460 529 509 ἄγειν,
559 464 619 494 καὶ
649 459 738 503 μήτε
769 458 957 506 συγκαλεῖν
991 460 1039 494 εἰς
1068 458 1180 495 ταύτό
1214 472 1317 496 τινας

238 505 327 551 μήτε
358 503 568 553 προςιόντας
596 503 768 547 δέχεσθαι
792 501 814 549 ἢ
837 506 1132 552 παραβαπτίζειν
1161 507 1316 553 θάρρεῖν

240 549 261 593 ἢ
284 551 351 594 τὴν
375 551 474 598 ἱερὰν
497 554 692 605 κρινωνίαν
716 551 905 596 ῥυπαίνειν
936 552 996 583 καὶ
1018 548 1151 594 ταύτης
1171 549 1315 596 μεταδι-

1321 76 1405 125 268

1857 92 1917 123 DE
1946 92 2238 126 DEPOSITIONE
2266 92 2459 126 mmmm

1384 195 1504 227 sectae
1535 190 1820 236 explanationem
1851 192 1924 228 sive
1956 193 2151 229 secundum
2174 193 2322 228 stultam
2344 193 2457 239 Euty-

1385 237 1462 272 chis
1484 237 1712 272 traditionem
1741 237 1814 272 sive
1845 237 2040 272 secundum
2062 238 2183 273 Severi
2205 238 2460 283 blasphemiam

1384 282 1473 317 haec
1496 281 1620 317 eadem
1646 292 1726 317 cum
1749 281 1818 317 illis
1842 281 2043 326 languentis
2074 282 2148 318 sive
2170 282 2260 317 illud
2282 283 2460 327 sequenti·

1384 327 1463 369 bus,
1488 326 1724 362 sanctissimis
1756 326 1915 362 ecclesiis
1946 326 2119 363 tumultus
2143 327 2321 362 inmittere
2348 331 2385 363 et
2406 327 2460 364 lo-

1351 374 1370 406 5
1385 372 1445 416 qui
1469 371 1602 416 aliquid
1626 372 1669 407 de
1691 371 1777 406 fide:
1810 371 1873 407 sed
1896 372 2074 408 sancimus
2097 383 2206 407 unuin
2231 381 2382 417 nemque
2404 373 2461 408 ta·

1384 417 1469 451 lium
1493 417 1647 461 quietem
1677 426 1783 460 agere
1811 419 1847 451 et
1870 427 1943 452 non
1966 427 2164 453 convocare
2259 427 2298 453 se
2320 417 2461 462 aliquos

1383 471 1500 505 neque
1522 462 1735 497 accedentes
1760 461 1940 506 suscipere
1965 465 2029 496 aut
2057 466 2227 497 extranea
2247 461 2294 497 ba
2318 462 2463 498 tismata

1383 506 1504 541 facere
1528 506 1658 541 audere
1682 509 1745 542 aut
1769 516 1908 541 sacram
1933 507 2214 542 communionem
2242 517 2291 551 po
2319 516 2403 542 uere
2425 510 2463 542 et

1384 561 1462 586 eam
1494 550 1635 586 tradere
1658 551 1836 595 aliquibus
1868 554 1933 586 aut
1961 551 2169 588 interdictas
2194 551 2376 588 doctrinas
2399 561 2461 586 ex-

241 593 345 630 ὃόναι
380 599 477 630 τισὶν
510 610 532 638 η
566 595 629 630 τὰς
662 597 950 648 απηγρρευμένας
984 592 1216 630 διδασκαλίας
1250 593 1315 641 ὑφ·
1331 598 1371 631 10
1384 605 1517 641 ponere
1546 599 1610 631 aut
1632 595 1670 631 in
1692 596 1762 631 hac
1783 596 1882 640 regia
1910 599 2034 632 nostra
2058 596 2200 632 civitate
2233 599 2297 631 aut
2318 596 2355 632 in
2378 596 2461 639 alia,

239 642 420 688 ηγεῖσθαι,
444 639 465 684 ἢ
489 643 549 675 ἐπὶ
571 638 703 683 ταύτης
725 652 786 683 της
803 638 987 684 βασιλίδος
1009 638 1112 684 ἡμῶν
1135 639 1272 676 πόλεως
1294 638 1317 684 ἢ

240 683 299 732 ἐφ’
327 687 465 731 ἑτέρας,
502 683 580 719 ἀλλ’
614 683 826 732 ὑφορᾶσθαι
857 683 979 720 πάντα
1009 683 1188 727 κίνδυνον,
1221 687 1255 719 εἴ
1280 698 1317 720 τι

239 732 263 766 2
310 733 451 765 τοιοῦτο
472 728 658 775 πράξαιεν.
703 727 973 776 ἀπαγορεύομεν
994 728 1033 763 δὲ
1052 733 1111 764 καὶ
1131 733 1220 765 πᾶσι
1239 729 1317 765 τού-

239 787 319 810 τους
342 774 596 817 ὑποὸἐχεσθαι.
644 772 862 809 ἀπελαύνειν
894 776 961 819 μὲν
996 767 1062 809 οὖν
1092 776 1318 819 θεσπίζομεν

1385 641 1448 677 sed
1470 640 1663 676 formidare
1686 651 1790 676 omne
1813 641 2022 686 periculum,
2047 642 2078 677 si
2101 641 2185 686 quid
2207 641 2280 676 tale
2301 641 2461 686 gesserit.

1385 730 1410 766 2
1455 729 1702 767 Interdicimus
1736 734 1856 767 autem
1887 731 2051 767 omnibus
2081 731 2148 767 hos
2178 731 2370 776 suscipere,
2400 740 2462 767 ex·

1385 775 1519 820 pellere
1540 785 1624 811 vero
1649 776 1829 811 sancimus
1851 785 1914 812 eos
1938 776 1982 811 de
2006 776 2210 812 civitatibus
2239 777 2284 812 ab
2309 776 2360 812 eis
2384 777 2462 812 tur-

241 819 368 855 αὖτούς
391 822 469 854 τῶν
492 817 559 854 ὑπ’
587 817 711 854 αὐτῶν
734 833 780 855 τα
805 822 1017 873 αττομένων
1041 818 1195 863 πόλεων,
1228 818 1316 854 εἰδό-
1333 821 1371 855 15
1388 821 1490 863 batis,
1522 820 1676 855 scientes
1699 830 1834 865 poenas
1864 830 1955 865 quae
1979 821 2090 856 sacris
2119 821 2251 856 nostris
2282 821 2353 856 iam
2376 830 2462 856 con-

239 877 303 900 τας
337 865 400 899 τὰς
429 863 554 900 ποινὰς
585 863 648 899 τὰς
676 868 753 899 ταῖς
815 869 903 899 είαις
933 866 1038 908 ημῶν
1069 863 1135 908 ἤδη
1160 878 1317 912 περιεχο-

238 914 346 954 μένας
371 909 586 951 διατάξεσιν,
620 910 725 956 αἵπερ
756 913 817 944 καὶ
840 909 903 944 τὰς
927 910 1037 944 οἰκίας
1061 907 1169 945 αὐτὰς
1200 912 1240 945 ἐν
1263 909 1318 944 αἶς

238 952 381 989 τοιοῦτό
406 969 442 989 τι
466 953 663 1000 πράττεται
686 957 746 988 καὶ
769 954 815 989 τά
836 958 951 1000 χωρία
974 955 1013 995 ἐξ
1030 946 1084 989 ὧν
1103 956 1167 989 τὰς
1187 954 1318 1009 τροφὰς

238 1001 476 1054 χορηγοῦνται
507 1003 581 1034 ταῖς
605 997 823 1055 ἁγιωτάταις
852 998 1051 1043 ἐκκλησίαις
1075 1011 1317 1046 προςκυρουσι,

1386 866 1544 900 tinentur
1577 865 1902 909 constitutionibus,
1940 875 2032 911 quae
2066 868 2102 901 et
2137 865 2260 901 domos
2294 866 2307 900 i
2334 875 2394 902 sas
2423 865 2462 900 in

1387 910 1517 955 quibus
1541 910 1614 945 tale
1637 910 1770 954 aliquid
1801 910 1917 954 agitur
1939 912 1977 946 et
1999 909 2147 956 praedia
2177 919 2221 945 ex
2243 909 2306 954 qui
2331 920 2374 946 us
2397 909 2473 946 aliu

1386 959 1507 990 menta
1535 954 1784 990 ministrantur
1814 955 2049 990 sanctissimis
2082 955 2242 990 ecclesiis
2266 954 2435 999 assignari

1385 1010 1407 1035 a
1437 999 1707 1045 possessoribus
1725 999 1879 1052 ‘quidem
1914 999 2116 1036 auferentes
2150 1000 2259 1043 haec,
2290 1009 2336 1035 eo
2369 1010 2418 1045 qu

238 1058 316 1079 των
339 1047 406 1090 μὲν
428 1047 657 1089 κεκτημένων
680 1043 959 1098 αφαιρούμεναι,
989 1042 1083 1079 διότι
1107 1044 1242 1100 βλάβης
1266 1045 1317 1098 αἴ·
1329 1046 1372 1079 20
1385 1045 1552 1081 laesionis
1575 1055 1685 1080 causa
1705 1055 1770 1080 Sim
1796 1044 1981 1080 licioribus
2001 1045 2099 1080 facta
2118 1044 2201 1088 sint,
2221 1045 2291 1081 sub
2309 1044 2463 1080 sanctis·

240 1103 302 1124 τια
329 1093 403 1124 τοῖς
432 1088 684 1138 ἁπλουστέροις
711 1094 870 1136 γίνεται,
901 1088 973 1124 υπὸ
1002 1087 1043 1123 δὲ
1073 1091 1136 1124 τὰς
1163 1102 1317 1137 αγιωτα-

239 1147 304 1169 τας
327 1138 387 1168 καὶ
407 1133 627 1180 ὀρθοδόξους
651 1133 836 1178 ἐκκλησίας
857 1136 974 1168 ταῦτα
994 1132 1139 1169 δικαίως
1158 1133 1316 1182 ἄγουσαι.

238 1179 264 1216 3
323 1181 442 1214 Ταῦτα
473 1177 563 1226 ὑπὲρ
593 1180 656 1233 τῆς
684 1180 823 1233 κοινῆς·1
833 1178 971 1226 εἰρήνης
1000 1181 1078 1214 τῶν
1100 1177 1318 1225 ἁγιωτάτων

1386 1090 1638 1170 {imastautem
1662 1092 1699 1125 et
1722 1094 1780 1126 ort
1805 1089 1940 1126 odoxas
1965 1090 2136 1126 ecclesias
2167 1089 2258 1125 haec
2283 1089 2380 1126 iuste
2401 1088 2463 1124 da-

1410 1145 1499 1170 ucen
1518 1145 1566 1170 es.

1386 1181 1410 1216 3
1463 1180 1536 1215 Pro
1568 1180 1746 1215 communi
1775 1189 1866 1225 pace
1897 1179 2203 1215 sanctissimarum
2231 1179 2465 1215 ecclesiarum

239 1223 437 1267 ἐκκλησιῶν
453 1225 736 1270 νομοθετουμεν,
756 1238 874 1260 ταυτα
892 1224 1130 1304 ψηφιζόμεθα
1152 1227 1225 1259 τοῖς
1241 1226 1319 1259 τῶν
1386 1226 1476 1260 haec
1501 1224 1726 1260 decernimus
1759 1229 1964 1260 sanctorum
1994 1227 2136 1270 patrum
2167 1227 2356 1270 sequentes
2378 1224 2464 1269 dog-

238 1267 355 1316 ἁγίων
375 1274 547 1317 πατέρων
565 1269 920 1305 κατακολουθοῦντες

239 1315 281 1349 τὸ
313 1315 493 1362 ἱερατικὸν
528 1313 628 1350 ἅπαν
658 1313 840 1362 ἀτάραχον
870 1313 955 1360 ἡμῖν
985 1316 1047 1349 τοῦ
1081 1313 1206 1350 λοιποῦ
1241 1312 1318 1349 δια-

239 1363 350 1404 μένοι.
399 1359 510 1405 οὗπερ
535 1362 574 1394 ἐν
598 1359 720 1407 εἰρήνῃ
744 1359 1013 1406 φυλαττομένου
1042 1363 1102 1394 καὶ
1126 1358 1168 1394 τὸ
1193 1357 1320 1394 λοιπὸν

240 1403 326 1449 ἡμῖν
349 1403 544 1449 εὖθηνήσει
567 1405 764 1449 πολίτευμα
788 1404 855 1448 τὴν
878 1404 1029 1439 ἄνωθεν
1058 1407 1140 1448 ἔχον
1164 1404 1319 1451 εἰρήνην,

240 1446 443 1505 ἣνχᾶπασιν
457 1448 476 1484 ὁ
501 1453 608 1497 μέγας
631 1449 718 1485 θεὸς
741 1452 800 1484 καὶ
825 1449 958 1504 σωτὴρΧ
969 1447 1073 1495 ἡμῶν
1092 1448 1219 1492 Ἰησοῦς
1232 1452 1319 1496 Χρι-

965 1282 1130 1316 ογμασιν,
1154 1266 1254 1304 ὅπως
1271 1266 1319 1303 ἂν
1332 1272 1373 1304 25
1387 1274 1493 1313 mata,
1518 1270 1686 1315 quatinus
1707 1270 1946 1306 sacerdotium
1966 1279 2071 1305 omne
2090 1269 2381 1305 inconturbatum
2400 1279 2466 1305 iio-

1387 1315 1443 1350 bis
1473 1316 1517 1351 de
1546 1318 1666 1368 cetero
1692 1317 1921 1369 permaneat,
1951 1324 2020 1367 pei:
2041 1313 2137 1360 quod
2166 1314 2274 1350 etiam
2299 1317 2360 1357 [et]
2383 1314 2466 1350 reli-

1388 1359 2467 1458 qissessfflffanlafflssgiipii,,iiiiiihigssitpiii‘yifflss‘siss

1408 1459 1490 1485 esus
1507 1450 1669 1485 Christus
1689 1453 1860 1485 trinitatis
1880 1459 1974 1485 unus
1995 1451 2151 1485 existens
2170 1451 2389 1494 umgemtum
2408 1448 2468 1484 dei

241 1506 324 1529 στος
353 1509 373 1529 ο
397 1497 459 1539 τῆς
482 1494 626 1542 τριάδος
649 1495 714 1537 εἷς,
744 1492 764 1530 ὁ
788 1506 981 1542 μονογενής
1004 1496 1069 1529 τοῦ
1092 1495 1184 1529 θεοῦ
1207 1493 1320 1537 λόγος,
1334 1496 1376 1529 30
1388 1496 1535 1530 verbum
1557 1495 1744 1540 praedicat
1763 1499 1799 1531 et
1819 1494 2067 1531 subministrat
2085 1503 2251 1539 germane
2262 1504 2311 1535 ‚se
2329 1497 2367 1529 et
2383 1502 2466 1530 vere

241 1539 406 1586 κηρύττει
429 1553 470 1574 τε
493 1543 553 1574 καὶ
575 1543 718 1587 χορηγεῖ
743 1543 817 1574 τοῖς
839 1544 995 1587 γνησίως
1019 1537 1133 1574 αὐτὸν
1156 1542 1216 1574 καὶ
1239 1538 1318 1582 ἀλη-

241 1585 322 1619 θῶς
346 1583 510 1627 δοξάζειν
533 1599 573 1620 τε
597 1589 656 1619 καὶ
680 1588 889 1631 προςκυνεῖν
912 1583 1131 1629 ἠξιωμένοις.

306 1650 315 1663 ²
415 1651 425 1660 θ’
612 1650 620 1662 ἓ
853 1650 864 1662 Q
1033 1650 1042 1661 Ι
1162 1650 1171 1661 ἱ
1205 1650 1215 1663 2
1288 1653 1304 1661 ¹-

286 1652 567 1699 (Επίλογος.)
616 1656 659 1686 Η
675 1655 799 1687 τοίνυν
823 1663 868 1696 ση
889 1663 1108 1699 μακαριοτης
1129 1665 1177 1686 τα
1198 1652 1321 1698 ορθως

239 1693 325 1741 ἡμῖν
348 1697 589 1744 παραστάντα
613 1696 825 1743 φυλαττέτω
849 1710 889 1731 τε
913 1700 973 1731 καὶ
994 1698 1054 1750 εἰς.
1065 1699 1170 1744 ἔργον
1193 1693 1320 1744 ἀγέτω,

1389 1541 1507 1576 colere
1531 1543 1567 1576 et
1589 1540 1741 1576 adorare
1764 1539 2059 1586 promerentibus.

1442 1652 1714 1699 (Epilogus.)
1760 1652 1840 1688 Tua
1875 1652 1985 1697 igitur
2019 1651 2203 1688 beatitudo
2241 1660 2333 1696 quae
2367 1652 2467 1686 rect'e

1387 1698 1492 1733 nobis
1518 1698 1735 1751 placuerunt
1766 1697 1945 1733 custodiat
1973 1698 2028 1743 <et
2049 1697 2113 1742 ad>
2138 1696 2303 1733 effectum
2333 1695 2465 1742 perdu-

240 1746 529 1787 καταπέμπουσα
553 1741 645 1777 αὐτὰ
668 1741 729 1776 ὃιόὶ
752 1741 941 1788 θεοφιλῶν
966 1739 1321 1797 αὖτηςιγραμμάτων
1333 1745 1375 1778 35
1390 1746 1458 1785 cat,
1480 1745 1622 1778 mlttens
1639 1752 1683 1777 ea
1697 1753 1764 1788 per
1779 1743 1845 1779 deo
1859 1742 2029 1778 amabiles
2047 1751 2132 1778 suas
2145 1741 2284 1778 litteras
2300 1740 2466 1777 omnibus

241 1789 331 1822 πᾶσι
362 1791 435 1822 τοῖς
459 1785 532 1829 ,ὑπ’
560 1785 673 1831 αὐτὴν
701 1790 930 1834 τεταγμένοις
957 1798 1169 1821 οσιωτατοις
1190 1800 1319 1842 μητρο-

241 1832 420 1867 πολίτάις·
447 1831 501 1867 ὧν
525 1831 664 1876 ἑκάστῳ
687 1830 876 1878 γενήσεται
900 1834 1046 1878 φροντὶς
1069 1835 1147 1866 ταῖς
1169 1829 1221 1867 ὑπ
1261 1830 1319 1865 αὗ-

241 1877 324 1912 τοὺς
339 1880 572 1925 τεταγμέναις
588 1875 806 1925 ἁγιωτάταις
823 1876 1020 1921 ἐκκλησίαις
1039 1878 1155 1911 ταῦτα
1172 1878 1321 1921 ποιῆσαι

1389 1788 1455 1824 sub
1481 1798 1518 1823 se
1543 1787 1747 1823 constitutis
1771 1787 2006 1823 sanctissimis
2028 1786 2283 1832 metropolitis,
2315 1795 2466 1831 quorum

1389 1833 1581 1878 unicuique
1605 1833 1672 1868 erit
1694 1833 1897 1869 sollicitudo
1929 1833 1996 1868 sub
2021 1842 2060 1868 se
2084 1831 2289 1868 constitutis
2313 1829 2466 1866 sanctis-

242 2013 399 2049 cundum
421 2013 639 2048 insensatam
663 2011 837 2058 Eutychis
861 2011 1087 2046 traditionem
1118 2011 1192 2046 sive
1216 2010 1411 2046 secundum
1441 2010 1700 2055 blasphemiam
1724 2010 1859 2053 Severi,
1891 2010 1953 2055 qui
1975 2012 2013 2045 et
2035 2009 2164 2045 similia
2187 2009 2258 2045 illis
2280 2008 2466 2051 intellexit,

242 2063 305 2094 aut
335 2069 472 2102 eorum,
505 2058 567 2102 qui
596 2058 678 2093 illos
707 2058 915 2102 sequuntur,
951 2056 1162 2092 seditionem
1190 2056 1381 2091 immittere
1413 2055 1645 2091 sanctissimis
1675 2054 1834 2091 ecclesiis
1864 2059 1900 2090 et
1929 2055 2029 2100 loqui
2059 2054 2194 2099 aliquid
2215 2055 2258 2090 de
2280 2053 2367 2099 fide3
2402 2053 2467 2090 sed
2487 2055 2534 2090 40

242 2104 421 2139 sancimus
445 2103 638 2149 quemlibet
659 2102 786 2138 talium
809 2101 989 2137 silentium
1012 2101 1143 2136 ducere
1167 2104 1202 2136 et
1225 2112 1298 2137 non
1322 2110 1518 2136 convocare
1542 2100 1680 2145 aliquos
1713 2100 1760 2135 ad
1783 2110 1823 2135 se
1844 2109 1960 2144 neque
1983 2100 2194 2136 accedentes
2220 2099 2382 2145 recipere
2403 2101 2468 2134 aut

239 2149 515 2195 parabaptizare
535 2148 667 2184 audere
690 2151 753 2183 aut
777 2157 915 2182 sacram
939 2147 1221 2183 communionem
1244 2146 1428 2182 sordidare
1452 2148 1489 2181 et
1510 2146 1626 2191 ipsam
1649 2144 1828 2190 aliquibus
1850 2145 1993 2180 tradere
2016 2149 2080 2180 aut
2100 2144 2309 2180 interdictas
2332 2143 2465 2180 doctri-

240 2205 306 2230 nas
330 2204 525 2239 exponere,
558 2194 630 2229 sive
653 2193 691 2228 in
714 2193 783 2228 hac
806 2195 931 2228 nostra
953 2192 1052 2237 regia
1082 2192 1155 2227 sive
1178 2192 1215 2227 in
1238 2191 1325 2234 alia,

1359 2191 1422 2227 sed
1453 2200 1558 2227 omne
1588 2194 1804 2243 supportare
1833 2189 2047 2236 periculum,
2079 2190 2111 2225 si
2136 2189 2220 2234 quid
2250 2189 2322 2224 tale
2343 2189 2464 2224 faciet.

241 2240 265 2275 2
311 2239 560 2275 Interdicimus
585 2239 691 2274 etiam
714 2237 878 2274 omnibus
901 2237 992 2274 istos
1013 2237 1206 2282 suscipere.
1254 2236 1361 2272 Abici
1378 2246 1461 2280 ergo
1481 2237 1493 2270 i
1520 2246 1579 2271 sos
1600 2245 1778 2271 sancimus
1802 2235 1846 2271 de
1866 2235 2070 2271 civitatibus
2090 2235 2137 2271 ab
2156 2234 2244 2280 ipsis
2264 2233 2454 2270 concitatis

242 2285 396 2320 scientes
421 2294 555 2330 poenas
578 2284 651 2319 iam
675 2286 862 2319 contentas
884 2282 921 2318 in
945 2282 1078 2318 nostris
1102 2281 1229 2317 divinis
1254 2281 1499 2318 constitutioni
1526 2291 1579 2322 us,
1612 2290 1704 2325 quae
1727 2284 1764 2316 et
1786 2280 1911 2316 domos
1925 2281 2043 2325 ipsas,
2074 2279 2113 2315 in
2136 2279 2265 2324 quibus
2286 2279 2360 2315 tale
2381 2259 2467 2324 quid
2489 2281 2533 2315 45
2552 2264 2554 2266 Ι

240 2330 291 2372 fit,
318 2334 353 2365 et
369 2340 525 2375 campos,
551 2339 594 2364 ex
612 2329 741 2374 quibus
763 2328 982 2364 nutrimenta
1000 2328 1229 2373 praebentur,
1254 2326 1488 2363 sanctissimis
1510 2325 1669 2361 ecclesiis
1689 2325 1884 2370 assignant,
1910 2329 1945 2361 et
1964 2335 1987 2360 a
2005 2324 2268 2370 possidentibus
2286 2323 2466 2375 auferunt,

242 2375 325 2420 quia
349 2375 551 2410 detrimenti
575 2384 685 2410 causa
707 2374 749 2409 fit
772 2372 1057 2419 simplicioribus,
1082 2373 1150 2408 sub
1170 2372 1403 2408 sanctissimis
1427 2381 1510 2407 vero
1532 2373 1568 2406 et
1583 2371 1793 2407 orthodoxis
1815 2371 1974 2406 ecclesiis
1998 2370 2088 2406 haec
2107 2369 2202 2405 iuste
2220 2369 2359 2405 ducunt
2374 2377 2469 2406 esse.

242 2421 266 2457 3
312 2420 412 2456 Haec
435 2431 500 2465 pro
526 2419 704 2456 communi
733 2429 823 2464 pace
846 2418 1152 2454 sanctissimarum
1183 2417 1413 2453 ecclesiarum
1435 2416 1643 2459 statuimus,
1675 2416 1765 2469 haec
1789 2415 2079 2452 sententiavimus
2109 2418 2298 2460 sequentes
2322 2416 2466 2464 sancto-
2535 2425 2544 2435 ¹

242 2475 321 2500 rum
344 2468 487 2510 patrum
510 2465 687 2510 dogmata,
710 2468 752 2500 ut
770 2474 883 2516 omne·
895 2463 1135 2499 sacerdotium
1153 2463 1449 2508 imperturbatum
1473 2462 1517 2498 de
1537 2463 1656 2497 cetero
1677 2462 1781 2514 nobis
1800 2463 2016 2507 permaneat.

241 2511 377 2555 reliqua
407 2510 510 2546 nobis
542 2510 751 2546 exuberabit
782 2509 908 2554 politia
937 2508 1091 2554 desuper
1115 2509 1425 2598 (fficffiushzlgigsi
1424 2533 1438 2588 ἰ
1440 2516 1576 2588 0²:¹1¹:an
1592 2507 1782 2587 ὥιὲἓὲὴὲἱςβ
1800 2504 2533 2597 Ἢὲξηὲιὶἓοὲτῖαῗρξὲωςιέἶαξὲξθηᾶῗβθ

242 2555 344 2590 Iesus
370 2555 532 2591 Christus
554 2555 727 2590 trinitatis
750 2565 856 2597 unus,
887 2554 1090 2599 unigenitus

242 2600 351 2635 ficare
374 2610 417 2635 ac
440 2600 590 2635 adorare
614 2600 707 2645 digni
730 2599 843 2636 habiti
866 2600 949 2635 sint.

2064 2459 2143 2505 Quo
2163 2461 2200 2496 in
2216 2469 2307 2506 pace
2325 2461 2467 2495 servato

379 2656 565 2693 Custodiat
587 2656 709 2701 itaque
731 2655 917 2691 beatitudo
940 2658 1005 2691 tua
1028 2665 1119 2700 quae
1142 2656 1240 2691 recte
1264 2654 1437 2690 adnotata
1461 2656 1547 2689 sunt
1569 2656 1606 2689 et
1625 2653 1746 2688 mittat
1768 2652 1848 2698 ipsa
1870 2662 1936 2698 per
1960 2661 2044 2688 suas
2068 2651 2134 2688 deo
2156 2651 2305 2687 dilectas
2326 2649 2468 2686 litteras

244 2701 408 2738 omnibus
438 2701 670 2736 sanctissimis
698 2700 937 2745 metropolitis
969 2700 1036 2736 sub
1068 2701 1149 2745 ipsa
1180 2700 1432 2743 existentibus,
1465 2709 1616 2745 quorum
1648 2698 1794 2734 cuilibet
1826 2707 1914 2733 cura
1936 2698 2006 2733 erit.
2034 2697 2115 2742 ipsa
2136 2695 2326 2733 manifesta
2347 2695 2468 2731 facere

292 2840 306 2870 1
326 2837 389 2870 τοῦ
411 2833 689 2883 φρενοβλαβοῦς]
712 2836 831 2868 noxiae
850 2836 956 2868 sectae
976 2845 996 2870 ς·
1019 2834 1032 2877 ΙΙ
1056 2836 1075 2868 3
1099 2834 1163 2867 τοῦ
1188 2847 1246 2867 om.
1266 2835 1296 2869 0
1313 2833 1324 2879 ΙΙ

244 2881 290 2916 τὰ
314 2878 417 2922 αὐτὰ]
441 2884 474 2914 et
497 2881 620 2913 similia
645 2880 683 2923 ΙΙΙ
707 2881 819 2913 ἐκείνο
844 2880 892 2913 L²
923 2880 1050 2912 ἐκείνω
1075 2879 1123 2912 L²
1153 2874 1325 2912 κάκείνοις

250 2929 279 2962 0
304 2927 316 2971 ss
343 2924 572 2968 νοσήσαντος]
609 2923 804 2966 νοήσαντος
827 2925 875 2958 L¹
889 2925 940 2958 CI
966 2925 979 2967 ΙΙ
1008 2927 1030 2957 5
1053 2919 1222 2967 ἐμβάλειν
1246 2925 1278 2957 L
1313 2921 1325 2963 ΙΙ

247 2976 265 3007 7
290 2968 415 3012 ταύτό]
442 2968 571 3004 ἑαυτόν
600 2971 656 3006 Oe
674 2972 686 3012 ΙΙ
718 2971 753 3003 11
780 2966 925 3012 βαλῖὸος
948 2970 981 3002 L
1006 2968 1020 3011 ΙΙ
1043 2966 1180 3002 πόλεως
1205 2969 1292 3007 om.l

249 3020 289 3052 12
314 3016 350 3050 εἴ
368 3026 422 3050 τις
446 3017 477 3049 L
503 3015 516 3059 ΙΙ
546 3017 585 3049 13
612 3015 673 3058 ley.
698 3010 866 3059 πράξειεν
891 3016 946 3057 (cf.
966 3013 1047 3055 eo?
1077 3012 1089 3057 ΙΙ
1118 3015 1177 3045 καὶ
1198 3026 1256 3046 om.
1271 3025 1291 3050 ς

245 3063 377 3096 τοῦτον
400 3062 432 3095 L
459 3059 473 3105 ΙΙ
507 3062 546 3094 15
570 3055 636 3094 ὑπ’
671 3056 780 3092 αὐτοῦ
812 3059 1074 3103 πραττομένων
1103 3055 1245 3092 πόλεων
1276 3058 1322 3091 L¹

247 3103 314 3142 ὑπ’
338 3103 465 3140 αὐτοὺς
481 3107 627 3150 χωρίων
644 3116 684 3137 τε
704 3106 763 3136 καὶ
779 3104 858 3137 τῶν
877 3101 1021 3137 πόλεων
1039 3102 1088 3136 L²
1116 3103 1122 3146 Ι
1161 3105 1198 3136 17
1210 3116 1258 3146 sq.
1280 3105 1321 3146 σῇ

251 3154 330 3188 cod.
351 3156 377 3194 1,
393 3159 472 3193 5,20
495 3153 550 3191 (ib.
567 3158 582 3184 8
607 3150 720 3191 §38q.)
736 3148 748 3192 ΙΙ
780 3151 818 3182 18
839 3144 1046 3193 ἆποτροφάς
1070 3148 1099 3181 C'
1118 3148 1123 3190 1
1156 3149 1198 3181 20
1224 3147 1323 3180 αἰτία

247 3199 279 3232 L
293 3201 325 3239 (ς
335 3199 358 3240 l)
375 3198 388 3240 ΙΙ
406 3198 448 3230 22
472 3198 533 3229 καὶ
556 3191 776 3242 ὄρθοδόξους
800 3206 859 3226 οηι.
873 3194 905 3226 L
923 3193 935 3235 ΙΙ
952 3195 994 3226 23
1026 3192 1145 3225 Ταῦτα
1166 3200 1194 3226 et
1212 3194 1254 3226 24
1266 3204 1323 3225 vo·

247 3243 477 3287 μοθετοῦμεν
500 3248 594 3276 σοις
619 3239 631 3284 ΙΙ
660 3241 700 3273 25
725 3236 1056 3272 κατακολοθοῦντες
1082 3237 1111 3270 L
1141 3235 1153 3280 ss
1181 3238 1223 3271 26
1249 3234 1323 3270 δια·

247 3290 368 3332 μένειν
390 3288 436 3320 L¹
461 3283 612 3329 διαμένη
634 3284 682 3318 L2
708 3282 720 3327 ss
743 3285 784 3316 27
805 3274 916 3327 οὗπερ
939 3283 980 3315 ἐν
1003 3279 1124 3327 εἰρήνῃ
1150 3279 1322 3333 φυλαττο-

247 3335 368 3376 μένου]
400 3343 458 3376 per
491 3330 579 3373 quod
603 3341 623 3367 ς
649 3329 662 3374 ΙΙ
691 3330 734 3363 28
758 3328 852 3370 &kam
878 3328 971 3361 ML¹
1004 3326 1016 3371 ΙΙ
1048 3328 1090 3360 29
1115 3336 1227 3378 πασιν
1256 3328 1284 3360 C
1312 3325 1325 3371 fl

250 3381 291 3413 30
305 3378 369 3411 τοῦ
390 3376 478 3410 θεοῦ
497 3374 608 3422 λόγος]
629 3374 682 3407 dei
700 3373 790 3406 filius
811 3374 823 3407 l
847 3374 859 3416 [Ι
884 3374 926 3407 33
941 3369 1158 3416 μακαριότης
1173 3383 1220 3404 τα
1238 3372 1323 3411 ΜΟ]

249 3419 498 3468 μακαριότητα
518 3422 564 3454 L'
589 3417 807 3464 μακαριότης
829 3417 945 3451 ταῦτα
965 3416 1014 3451 [1²
1037 3418 1049 3460 ΙΙ
1071 3418 1113 3450 34
1139 3412 1222 3460 ἡμῖν
1239 3425 1268 3450 et
1286 3428 1326 3449 τε

250 3489 293 3493 —
317 3467 435 3514 ἀγέτω
459 3480 518 3500 om.
538 3467 588 3501 ΟΖ
616 3466 629 3509 ΙΙ
657 3467 699 3499 35
723 3464 839 3497 ταῦτα
866 3464 896 3498 C

1451 2836 1465 2867 1
1497 2836 1614 2875 sectae]
1650 2836 1739 2875 recte
1768 2834 1846 2867 libri
1872 2832 1885 2876 11
1919 2831 2151 2876 explanatione
2172 2831 2206 2866 T
2225 2829 2240 2875 Ι
2276 2830 2419 2864 eutichis
2439 2828 2473 2864 Τ

1391 2879 1540 2923 euthycis
1562 2878 1625 2923 Vll
1655 2880 1675 2913 2
1695 2876 1764 2912 sive
1788 2891 1846 2912 om.
1868 2878 1904 2911 V
1926 2878 1940 2922 ΙΙ
1968 2885 2045 2921 poet
2060 2876 2242 2911 secundum
2263 2883 2349 2920 spat.
2362 2874 2470 2912 vam&

1391 2926 1457 2958 —4
1472 2925 1530 2958 litt.
1545 2931 1591 2957 est
1608 2925 1642 2957 in
1662 2924 1697 2958 V
1710 2923 1723 2968 ΙΙ
1747 2924 1768 2957 3
1788 2922 1969 2965 languente
1989 2923 2067 2956 libri
2088 2922 2102 2965 ΙΙ
2127 2923 2187 2966 leq.
2200 2918 2435 2964 sequentium?
2455 2916 2470 2964 Ι

1391 2971 1412 3003 4
1435 2968 1597 3001 tumultus
1625 2969 1654 3001 V
1678 2967 1691 3011 [1
1716 2970 1734 3001 7
1761 2970 1915 3001 extranee
1942 2968 1975 3001 T
1996 2966 2010 3008 ΙΙ
2040 2969 2060 3002 8
2084 2966 2222 3009 poluere
2242 2967 2281 3008 V,
2305 2963 2470 3008 expellere
2516 2992 2521 2996 .

1391 3013 1447 3046 uel
1469 3012 1620 3056 polluere
1646 3014 1679 3047 T
1702 3012 1716 3056 11
1745 3014 1766 3047 9
1790 3015 1850 3046 aut
1873 3011 2078 3053 interdictas]
2114 3011 2294 3045 interdicta
2317 3012 2377 3044 aut
2406 3004 2471 3054 V!

1395 3059 1434 3092 19
1455 3058 1735 3100 appossessoribus
1755 3057 1812 3101 Vll
1836 3058 1879 3091 20
1901 3056 2140 3099 implitioribus
2159 3055 2216 3100 V!
2237 3055 2307 3089 sint
2325 3055 2370 3096 V]
2390 3056 2473 3098 sunt,

1394 3103 1426 3136 T
1447 3101 1460 3147 ΙΙ
1487 3103 1694 3135 sanctissima
1719 3102 1752 3135 T
1775 3101 1788 3148 η
1816 3103 1856 3135 21
1883 3101 2107 3135 horthodoxas
2129 3101 2164 3134 V
2185 3101 2370 3134 orthodoxa
2396 3098 2430 3133 T
2456 3099 2472 3142 Ι

1392 3147 1530 3181 ecclesia
1550 3147 1584 3180 V
1600 3146 1613 3191 ΙΙ
1643 3148 1686 3180 22
1707 3146 1864 3180 ducentes
1885 3146 1919 3179 V
1935 3147 1947 3189 ΙΙ
1975 3147 2018 3180 26
2042 3148 2081 3185 et>
2097 3146 2202 3179 delevi
2217 3144 2230 3189 ss
2253 3146 2297 3180 28
2316 3142 2470 3178 omnibus

1391 3204 1451 3226 om.
1473 3191 1528 3236 Vl!
1556 3192 1598 3225 33
1612 3193 1702 3224 recta
1721 3201 1738 3223 e
1758 3190 1854 3224 nobis
1874 3189 1932 3235 Vl}
1953 3191 1997 3224 34
2014 3190 2180 3223 custodita
2194 3189 2227 3223 T
2245 3189 2258 3234 ΙΙ
2288 3192 2321 3223 et
2342 3188 2386 3222 ad
2408 3199 2473 3223 οπο,
2528 3186 2529 3189 ’

1393 3237 1470 3270 libri
1490 3235 1503 3280 ΙΙ
1534 3237 1575 3270 35
1601 3245 1654 3268 eae
1679 3236 1758 3270 libri

1449 3327 1491 3360 39
1515 3325 1675 3358 insensati
1699 3325 1816 3359 Mansi
1839 3323 1853 3369 ΙΙ
1892 3326 1933 3359 41
1959 3324 2129 3358 silentium
2153 3325 2284 3366 ducere]
2319 3323 2468 3366 quietum

1394 3381 1459 3403 esse
1472 3370 1588 3404 Μαηεί
1602 3370 1614 3413 ΙΙ
1633 3371 1676 3405 42
1689 3369 1952 3414 parabaptizare]
1966 3380 2137 3413 perperam
2151 3369 2319 3422 baptizare
2331 3367 2447 3402 Manen·
2453 3362 2469 3406 Ι
2527 3408 2531 3409 ⁷

1393 3418 1436 3449 43
1461 3414 1540 3455 alia]
1565 3415 1699 3448 civitate
1724 3416 1801 3449 add.
1816 3415 1932 3448 Mansa·
1955 3414 1967 3458 11
1991 3425 2087 3448 omne
2110 3413 2296 3457 pei-ionium
2318 3411 2467 3446 reformi-

1394 3460 1472 3493 dare
1493 3460 1611 3495 Mansi
1629 3460 1642 3504 ΙΙ
1664 3460 1765 3493 faciat
1782 3460 1898 3493 Mansa·
1917 3458 1931 3504 fl
1953 3461 1997 3494 44
2021 3459 2102 3493 istos
2126 3459 2304 3502 suscipere]
2327 3468 2368 3492 ne
2387 3456 2467 3489 istos

1393 3504 1576 3548 suscipiant
1587 3505 1705 3539 Mansi
1722 3504 1736 3550 ΙΙ
1761 3506 1803 3539 47
1827 3503 1888 3537 sub
1908 3517 1966 3539 om.
1980 3503 2124 3582 M⁰n⁸ifl
2148 3504 2276 3538 ducunt
2291 3503 2369 3544 eme]
2393 3499 2468 3534 sub·

1394 3549 1517 3583 iiciunt
1530 3550 1646 3585 Mansa·
1659 3550 1671 3594 ss
1697 3552 1740 3585 48
1763 3549 2077 3593 sententiavimusJu
2127 3549 2310 3582 ecci-nimus
2320 3545 2436 3581 Mansa·
2453 3541 2468 3586 Ι

1395 3598 1437 3630 50
1459 3595 1588 3637 politia]
1610 3594 1795 3638 respublica
1814 3593 1955 3639 Man-vil}
1983 3596 2023 3629 51
2046 3604 2069 3637 p

2070 3594 2216 3627 raedicat
2229 3603 2269 3626 ac
2285 3591 2400 3632 donat]
2422 3587 2467 3623 al.
2504 3605 2508 3610 ·
2539 3567 2542 3572 ’

1340 3688 1344 3691 ς
1393 3639 1550 3683 praebeat
1577 3651 1615 3674 ac
1644 3642 1745 3674 donet
1769 3639 1884 3673 Μαηεί
1906 3641 1938 3673 in
1961 3652 2062 3684 mar-9.
2091 3638 2106 3683 ΙΙ
2141 3640 2184 3673 52
2207 3639 2286 3671 sunt
2311 3635 2426 3670 Alaun·
