2592 3840
283 78 390 124 Nov.
420 80 647 146 LXXXIX
676 83 714 125 2.
745 84 770 125 3

284 189 331 225 ὠς
355 193 453 235 ὲῑτυχε
482 192 524 226 τὸ
549 193 611 235 τῆς
636 189 833 226 ἐπιδόσεως
857 192 977 225 ἔσται·
1013 189 1069 226 δεῖ
1087 191 1158 239 γὰρ
1190 197 1250 227 καὶ
1276 193 1359 229 τοὺς

283 235 437 283 τρόπους
465 238 613 283 ποιῆσαι
646 237 820 282 φανεροὺς
848 233 941 270 καθ’
974 234 1033 271 οὓς
1062 235 1358 281 ἐπιδοθὴσονται.

282 282 307 316 2
363 284 409 315 Εἰ
431 283 498 326 μὲν
521 285 587 316 οὐν
610 293 664 315 τις
684 283 724 315 ἔκ
739 292 837 315 τινος
855 278 999 326 ὁρμῷτο
1019 281 1167 325 πόλεως,
1192 284 1262 318 εἴτε
1276 287 1360 328 βου·

283 325 404 370 λευτὴς
427 327 497 360 εἴτε
521 326 708 372 ἐλεύθερος
737 328 799 370 τῆς
822 327 989 369 τοιαύτης
1012 327 1064 370 εἴη
1087 327 1208 371 τύχης,
1238 329 1360 369 ἔξεστι

283 371 351 405 τὸν
371 372 499 405 ἑαυτοῦ
524 372 644 405 νόθον
667 369 858 406 ἐπιδοῦναι
881 372 933 414 τῷ
951 371 1190 419 βουλευτηρίῳ
1214 375 1277 417 τῆς
1295 374 1358 409 πό-

284 415 371 450 λεως
401 418 534 459 ἐκείνης
569 413 664 450 ὅθεν
696 413 851 462 ὥρμητο.
898 417 929 450 εἰ
958 414 998 450 δὲ
1027 414 1069 451 οὗ
1099 417 1246 463 πολίτης
1277 416 1360 453 οὐδὲ

285 459 392 495 αὐτὸς
420 461 657 504 καθεστήκοι,
687 462 726 495 ἐκ
754 465 887 507 χωρίου
917 459 958 495 δέ
978 473 1074 496 τινος
1101 462 1125 507 ἢ
1149 462 1268 508 κώμης
1291 462 1359 509 α’)’ρ-

282 519 410 550 μηται,
443 507 560 552 ἐκείνῃ
591 506 689 550 παρὰ
714 508 778 540 τοῦ
803 506 938 552 πατρὸς
961 505 1192 543 ἐπιδιδόσθω
1223 510 1268 556 τῇ
1292 510 1358 544 πό-

284 550 335 584 λει
359 549 381 593 ἢ
405 550 536 584 ἑαυτὸν
560 549 770 592 ἐπιδιδότω,
801 549 866 597 ὑφ’
891 549 937 606 ἣν
959 552 1003 586 τὸ
1026 557 1160 608 χωρίρν
1183 551 1205 597 ἢ
1227 555 1274 589 τὰ
1297 555 1359 597 τῆς

1344 78 1432 127 432

1881 95 2044 135 QUIBUS
2072 94 2220 130 noma
2233 97 2499 132 namatus

1425 193 1516 228 tuite
1536 192 1667 229 oblatio
1685 195 1756 239 estg
1780 197 1922 240 oportet
1942 196 2034 232 enim
2055 200 2090 232 et
2105 197 2228 235 modos
2250 197 2370 235 facere
2385 198 2497 235 mani·

1427 239 1540 273 festos
1564 240 1757 275 secundum
1782 251 1870 285 quos
1894 241 2100 278 offerantur.

1429 284 1453 319 2
1499 282 1537 318 Si
1567 283 1644 328 quis
1676 284 1782 329 igitur
1812 295 1857 320 ex
1889 286 2047 331 qualibet
2077 287 2213 322 oriatur
2242 288 2393 332 civitate,
2424 288 2498 324 sive

1429 327 1572 363 curialis
1596 328 1670 364 sive
1693 330 1799 364 etiam
1822 330 1914 366 liber
1937 331 2138 367 huiusmodi
2160 332 2208 368 sit
2226 331 2388 374 fortuna,
2411 333 2497 369 lice-

1394 377 1413 408 5
1428 373 1480 409 bit
1503 373 1535 408 ei
1558 383 1661 409 suum
1684 375 1882 411 naturalem
1905 376 2032 412 offerre
2055 376 2174 413 curiae
2196 377 2292 414 illius
2313 377 2408 414 unde
2427 379 2497 414 ori-

1427 420 1488 453 tur
1511 418 1673 454 civitatis.
1721 420 1759 455 Si
1782 430 1865 456 vero
1896 431 1968 457 non
2001 421 2085 457 civis
2113 432 2180 458 nec
2208 422 2287 468 ipse
2315 422 2496 476 consistat,

1428 463 1491 498 sed
1522 473 1567 498 ex
1593 464 1676 499 villa
1705 465 1857 510 quadam
1893 471 1956 501 aut
1985 466 2063 502 vico
2095 467 2142 502 sit
2171 467 2359 510 oriundus,
2394 467 2447 504 ini
2476 477 2500 503 a

1427 511 1530 553 patre
1553 507 1724 544 offeratur
1747 510 1887 546 civitati
1910 514 1974 547 aut
1997 515 2108 547 semet
2129 512 2247 557 ipsum
2269 512 2406 554 offerat,
2431 513 2499 548 snb

1428 563 1500 598 qua
1523 552 1664 589 civitate
1688 554 1770 590 villa
1793 560 1856 590 aut
1871 556 1969 592 vicus
1984 558 2121 592 tributa
2143 557 2333 602 persolvet.
2375 557 2498 593 Palam

282 595 402 650 “fibflvfi
423 595 551 649 τελοίη.
600 595 793 651 πρόδηλον]κ
808 595 862 638 δέ,
894 608 942 631 ως
965 597 996 631 εἰ
1017 600 1085 642 μὲν
1107 611 1128 632 ο
1154 598 1273 644 πατὴρ
1298 598 1359 632 αὑ-
1377 602 1413 633 10
1429 608 1509 633 vero
1534 602 1590 633 est
1612 598 1711 643 quia,
1736 600 1768 636 si
1791 601 1931 645 quidem
1954 605 2058 647 pater
2073 612 2154 637 eum
2177 605 2242 638 aut
2263 612 2350 638 avus
2373 601 2500 638 offerat

282 654 350 674 τον
379 655 400 683 η
431 653 581 676 παππος
603 639 743 685 ἐπιδοίη
772 656 793 685 η
816 645 878 675 καί
899 653 953 676 τις
975 643 1052 677 τῶν
1075 642 1248 690 ἀνωτέρω
1273 657 1359 690 προ-

280 683 415 732 γόνων,
453 689 512 719 καὶ
546 691 711 733 γνησίους
746 688 840 729 ἔχων
875 685 1006 722 παῖδας
1039 689 1147 723 τοῦτο
1183 687 1360 734 πράττειν

282 728 409 773 ἰσχύει·
446 732 477 764 εἰ
509 729 549 765 δὲ
579 729 686 765 αὐτός
716 743 769 766 τις
798 732 927 766 ἑαυτὸν
951 730 1102 776 ἐπιδοίη,
1134 735 1242 768 τοῦτο
1267 736 1359 780 ἐφίε-

280 789 358 820 μεν,
393 773 501 819 ἡνίκα
534 777 583 821 μὴ
614 779 728 821 ἕτεροι
761 775 902 823 γνήσιοι
937 778 1164 813 καθεστᾶσιν
1198 777 1284 813 ἀδελ
1314 783 1357 813 ol.

1427 648 1491 678 aut
1510 643 1636 688 aliquis
1651 645 1917 681 ascendentium
1935 651 2136 692 parentum,
2161 652 2196 683 ct
2211 648 2342 683 liberos
2362 647 2499 683 habens

1427 688 1521 723 filios
1545 689 1614 723 hoc
1638 699 1742 733 agere
1763 692 1912 736 poterit3
1936 693 1967 727 si
1985 703 2068 728 vero
2091 693 2168 738 ipse
2188 692 2366 738 quispiam
2387 695 2500 729 semet

1427 733 1811 815 {Ii'issxlinsussgefgt'relslec
1834 737 2086 781 permittimus,
2122 748 2204 773 cum
2234 749 2306 774 non
2329 737 2392 774 alii
2413 737 2498 782 legi-

280 821 305 856 3
351 822 397 854 Εἰ
410 824 535 865 μέντοι
558 833 612 856 τις
629 823 706 856 τῶν
730 820 920 856 ἐπιδοῦναι
944 821 1156 867 δυναμένων
1179 825 1260 859 τοὺς
1280 838 1358 858 εαυ-
1375 827 1414 859 15
1428 824 1452 860 3
1497 823 1535 858 Si
1553 827 1671 860 tamen
1694 824 1822 870 aliquis
1845 825 1972 862 offerre
1994 826 2186 863 volentium
2209 837 2293 864 suos
2317 827 2498 864 naturales

280 867 345 899 τοῦ
370 867 505 900 νόθους
529 870 601 901 τοῖς
620 866 882 913 βουλευτηρίοις
904 865 927 911 ἢ
944 869 983 902 ἐκ
1001 867 1105 912 τῆςδε
1128 870 1191 912 τῆς
1205 869 1360 915 μεγάλης

281 907 427 956 ὥρμητο
458 909 598 946 πόλεως
632 909 653 955 ἢ
685 914 723 946 ἐκ
756 914 820 956 τῆς
853 916 907 946 ἔτι
942 917 1184 960 πρεσβυτέρας
1217 912 1358 959 Ῥώμης,

280 955 400 999 τούτῳ
422 954 569 1001 δίδομεν
589 955 717 992 ἄδειαν
741 958 788 992 εἰς
810 955 856 1002 ἣν
879 956 927 991 ἂν
945 957 1118 1002 βούληται
1135 958 1359 1005 μητρόπολιν

280 1000 349 1055 την
373 1000 538 1035 ἐπίδοσιν
561 1002 799 1046 ποιήσασθαι.
845 1006 905 1037 καὶ
928 1005 1059 1037 τοῦτον
1083 1003 1175 1038 εἶναι
1207 1006 1276 1039 τὸν
1298 1018 1357 1038 κα·

1428 869 1535 904 curiis
1558 873 1622 903 aut
1644 879 1689 904 ex
1708 870 1860 906 maxima
1884 871 2022 906 oriatur
2045 872 2186 908 civitate
2209 876 2273 908 aut
2296 882 2340 908 ex
2359 873 2500 909 seniore

1427 914 1552 955 Roma,
1576 913 1659 950 huic
1680 915 1804 951 damus
1823 915 2003 951 licentiam
2025 917 2063 951 in
2083 927 2190 962 quam
2205 917 2354 954 voluerit
2369 920 2500 954 metro-

1426 960 1536 1003 polim
1568 959 1783 995 oblationem
1808 961 2000 997 celebrare.
2049 962 2097 997 Et
2118 962 2213 997 hanc
2241 972 2319 998 esse
2342 963 2499 1007 regulam

1427 1004 1531 1039 etiam
1562 1004 1599 1039 in
1630 1004 1784 1048 filiabus,
1819 1010 1860 1040 ut
1889 1006 2013 1051 iungat
2043 1017 2104 1042 eas
2136 1007 2331 1043 curialibus
2361 1011 2425 1044 aut
2455 1017 2500 1043 ex

280 1060 373 1080 νονα
397 1050 456 1080 καὶ
481 1048 541 1082 ἐπὶ
564 1048 792 1101 θυγατέρων,
828 1045 916 1082 ὥςτε
940 1046 1113 1103 ἁρμόζειν
1144 1046 1266 1105 αὗτόιςἋ
1276 1053 1357 1095 βου·
1372 1052 1414 1085 20
1427 1049 1570 1085 civitate
1593 1050 1687 1095 ipsa,
1711 1060 1755 1085 ex
1775 1061 1845 1095 qua.
1869 1051 1939 1086 orti
1961 1055 2044 1087 sunt
2068 1054 2131 1087 aut
2151 1052 2218 1088 sub
2239 1062 2310 1097 qua
2330 1052 2414 1088 villa
2436 1057 2501 1089 aut

280 1091 418 1126 λευταῖς
441 1090 464 1136 ἢ
488 1094 526 1126 ἐκ
546 1104 606 1136 της
627 1092 766 1128 πόλεως
789 1090 908 1137 αὐτῆς,
933 1094 972 1134 ἐξ
994 1093 1032 1136 ἧς
1057 1107 1085 1128 ω
1110 1108 1220 1138 μηται
1243 1110 1264 1139 η
1290 1092 1354 1141 ὑφ’

280 1134 327 1180 ἢν
343 1137 385 1170 τὸ
404 1141 538 1183 χωρίον
559 1136 580 1180 ἢ
599 1134 621 1182 ἡ
639 1138 740 1183 κώμη
756 1137 886 1182 τελοίη,
910 1137 933 1182 ἢ
952 1139 987 1173 εἴ
1001 1150 1053 1173 τις
1073 1107 1262 1186 ἐξελεύθερος
1282 1137 1359 1184 ἅμα

280 1185 339 1215 καὶ
356 1180 524 1227 Ῥωμαῖος
548 1181 571 1226 ἢ
594 1184 792 1226 Βυζάντιος
813 1184 878 1227 εἴη,
902 1188 976 1219 τινὶ
999 1185 1077 1218 τῶν
1095 1184 1359 1240 βουλευτηρίων

280 1227 401 1273 ε’τέρας
423 1226 654 1272 οἱαςδήποτε,
685 1226 940 1274 μητροπόλεως
968 1233 1103 1274 με’ντρι.
1152 1233 1225 1264 Καὶ
1245 1228 1360 1265 ου’τως

1426 1095 1525 1130 vicus
1557 1095 1692 1130 tributa
1723 1096 1919 1141 persolvat,
1951 1099 2015 1132 aut
2047 1097 2077 1132 si
2106 1097 2184 1141 quis
2214 1097 2305 1133 liber
2334 1097 2438 1133 simul
2464 1101 2501 1133 ct

1426 1140 1609 1176 Romanus
1632 1144 1697 1175 aut
1721 1141 1913 1185 Byzantius
1936 1142 2054 1184 fuerit,
2080 1143 2289 1187 cuicumque
2312 1142 2500 1179 curialium

1426 1185 1573 1221 alterius
1610 1185 1824 1230 cuiuspiam,
1868 1187 2073 1232 metropolis
2107 1190 2238 1224 tamen.
2285 1187 2344 1223 Sic
2378 1187 2501 1233 itaque

1426 1230 1530 1266 nobis
1561 1231 1745 1266 curialium
1775 1231 1956 1276 diligentia
1980 1236 2034 1267 est
2064 1236 2100 1268 et
2128 1234 2198 1268 iste
2228 1232 2355 1269 modus
2377 1233 2501 1278 placet

280 1269 363 1316 ἡμῖν
397 1275 474 1308 τῶν
508 1273 773 1328 βουλευτηρίων
785 1273 903 1328 υμέλει
939 1278 1000 1308 καὶ
1030 1275 1133 1309 οὗτος
1170 1274 1190 1309 ὁ
1228 1275 1360 1321 τρόπος
1373 1278 1414 1310 25
1426 1276 1514 1310 iuris
1545 1276 1709 1320 legitimi,
1746 1277 1828 1322 quia
1859 1277 1983 1313 damus
2019 1278 2144 1313 curiali
2177 1278 2396 1314 naturalium
2425 1278 2499 1314 exi-

280 1316 421 1363 ἀρέσκει
437 1320 500 1362 τῆς
514 1331 759 1365 γνησιοτητος,
780 1332 840 1354 οτι
864 1317 1011 1364 δίδομεν
1034 1321 1087 1363 τῷ
1112 1320 1283 1368 βουλευτῇ
1299 1320 1358 1356 νό-

280 1364 366 1397 θων
398 1362 479 1398 ὄντι
507 1364 635 1408 μόνων
664 1364 811 1399 παίδων
834 1370 964 1410 πατρί,
995 1363 1064 1398 κᾶν
1089 1367 1127 1399 ἐκ
1152 1364 1275 1410 δούλης
1297 1364 1358 1399 αὐ-

279 1409 361 1442 τοὺς
384 1413 494 1452 σχοίη,
525 1413 585 1443 καὶ
609 1408 823 1455 ἐλευθεροῦν
853 1414 913 1443 καὶ
936 1408 1142 1445 ἐπιδιδόναι
1172 1413 1217 1458 τῇ
1247 1410 1358 1458 βουλῇ

279 1454 372 1488 κατὰ
390 1455 433 1488 τὸ
452 1455 663 1500 ἑζιιπροσθεν
686 1452 774 1500 ἡμῖν
797 1456 1002 1509 εἰρημένονέ
1024 1458 1085 1489 καὶ
1108 1457 1162 1490 ἔτι
1184 1454 1360 1512 μειζόνως

279 1499 321 1532 τὸ
347 1501 497 1546 πρᾶγμα
519 1501 801 1545 νομοθετοῦμεν,
833 1499 922 1535 ὥςτε
955 1514 1026 1534 καν
1057 1501 1088 1534 εἰ
1115 1501 1164 1545 μὴ
1194 1516 1213 1536 o
1238 1502 1360 1547 πατὴρ
1373 1503 1415 1535 30
1427 1503 1537 1537 semel
1567 1502 1661 1537 filius
1693 1502 1772 1546 fiat,

280 1542 432 1587 ἐπιδοίη,
458 1542 644 1591 ἐλεύθερος
668 1544 708 1579 δὲ
730 1542 831 1585 ἅπαξ
852 1543 871 1579 ὁ
892 1549 976 1580 παῖς
992 1549 1149 1592 γένηται,
1175 1544 1360 1581 δύνασθαι

279 1593 339 1622 καὶ
359 1589 491 1624 ἑαυτὸν
508 1588 712 1625 ἐπιδιδόναι
739 1592 793 1633 τῷ
824 1590 1077 1636 βουλευτηρίῳ,
1109 1589 1246 1636 δηλαδὴ
1276 1589 1358 1627 κᾶν-

279 1635 405 1669 ταῦθα
427 1639 576 1681 γνησίας
599 1633 665 1679 οὐχ
688 1634 847 1679 ὑπούσης
868 1637 984 1682 γονῆς.

1427 1321 1534 1356 stenti
1558 1322 1775 1358 solummodo
1798 1322 1954 1358 filiorum
1976 1323 2088 1368 patri,
2111 1324 2195 1359 licet
2217 1333 2262 1358 ex
2285 1323 2415 1361 ancilla
2437 1333 2499 1359 eos

1426 1366 1574 1408 habeat,
1599 1370 1635 1401 et
1658 1367 1788 1403 liberos
1811 1367 1930 1403 facere
1953 1371 1990 1403 et
2013 1368 2140 1404 offerre
2165 1368 2286 1404 curiae
2305 1367 2500 1405 secundum

1427 1411 1522 1456 quod
1552 1412 1772 1456 praedictum
1801 1417 1866 1449 est.
1913 1413 1964 1448 Et
1986 1414 2104 1449 adhuc
2134 1413 2287 1459 amplius
2317 1413 2363 1449 de
2389 1423 2500 1450 causa

1427 1457 1622 1498 sancimus,
1655 1460 1695 1492 ut
1726 1458 1782 1493 vel
1808 1458 1840 1493 si
1870 1469 1943 1494 non
1972 1462 2076 1504 pater
2098 1459 2242 1503 offerat,
2269 1459 2359 1494 liber
2381 1463 2500 1495 autem

1804 1504 1918 1548 possit
1947 1508 1982 1539 et
2006 1507 2117 1540 semet
2138 1504 2256 1549 ipsum
2287 1503 2414 1540 offerre
2437 1514 2500 1540 cu·

1428 1547 1513 1590 riae,
1538 1548 1643 1582 etiam
1668 1548 1726 1583 hic
1748 1549 1904 1593 legitima
1927 1559 1999 1584 non
2021 1550 2196 1586 existente
2219 1549 2331 1595 prole.

1267 1749 1422 1786 CAPUT
1445 1750 1510 1787 ΙΙΙ.

336 1818 409 1849 Καὶ
439 1814 632 1861 ἐπειδήπερ
661 1816 833 1851 ποικίλως
862 1820 923 1851 καὶ
948 1817 995 1851 τὰ
1020 1819 1080 1852 ἐπὶ
1103 1818 1166 1862 τῆς
1188 1818 1266 1852 τῶν
1287 1831 1359 1852 τοι·

1471 1817 1520 1852 Ει
1544 1819 1710 1863 quoniam
1734 1819 1830 1855 varie
1853 1819 1959 1855 etiam
1983 1819 2027 1855 de
2045 1819 2245 1856 huiusmodi
2267 1829 2500 1866 personarum

278 1860 397 1895 οὑτων
428 1861 633 1906 προςώπων
662 1860 825 1916 διαδοχῆς
854 1863 1157 1917 νενομοθέτηται,
1190 1860 1253 1896 οὐκ
1283 1863 1357 1897 ἄπο
1370 1865 1413 1897 35
1428 1865 1656 1899 successione
1680 1865 1854 1900 sancitum
1871 1867 1936 1907 est,
1960 1876 2034 1901 non
2058 1865 2195 1902 videtur
2217 1866 2410 1902 absurdum
2434 1876 2500 1902 no-

278 1905 416 1951 τρόπου
441 1904 571 1940 δοκοῦν
595 1908 701 1941 ἐστιν
718 1910 805 1951 ημῖν
833 1911 893 1941 καὶ
917 1921 962 1941 τα
987 1911 1068 1954 περὶ
1095 1909 1158 1952 τῆς
1182 1906 1357 1951 διαδοχῆς,

278 1951 379 1985 καθὰ
405 1949 641 1998 προειπόντες
665 1952 845 1997 ἔφθημεν,
871 1950 1118 1998 διορίσασθαι.
1167 1954 1213 1987 Εἰ
1235 1957 1358 1987 τοίνυν

277 2007 331 2031 τις
355 1993 475 2031 νόθος
505 1996 598 2031 κατὰ
628 1998 735 2031 τοῦτο
766 1997 808 2032 τὸ
842 1999 958 2042 σχῆμα
992 1999 1047 2039 (τὸ
1079 2000 1118 2032 ἐκ
1149 1999 1212 2042 τῆς
1235 1997 1356 2033 ἐπιδό-

1429 1908 1483 1943 bis
1507 1913 1543 1943 et
1565 1909 1609 1944 de
1633 1910 1868 1953 successione,
1900 1910 1994 1946 sicut
2015 1911 2268 1956 praediximus,
2297 1911 2497 1948 terminare.

1426 1952 1464 1988 Si
1494 1954 1574 1998 quis
1604 1955 1714 1999 igitur
1744 1955 1916 1991 naturalis
1951 1957 2147 1992 secundum
2177 1956 2248 1992 hoc
2278 1957 2422 1992 schema
2451 1956 2500 1999 (id

1426 2001 1480 2034 est
1503 1999 1706 2043 oblationis)
1729 2000 1793 2035 fiat
1817 2001 1972 2044 curialis,
1997 2001 2067 2037 erit
2089 2002 2183 2047 patri
2206 2005 2242 2037 et
2263 2002 2309 2037 ab
2331 2002 2500 2038 intestato

281 2053 370 2076 σεως
394 2045 525 2088 φαμέν)
548 2045 689 2089 γένοιτο
712 2042 920 2087 βουλευτής,
951 2045 1055 2078 ἔσται
1080 2045 1134 2086 τῷ
1161 2047 1272 2089 πατρὶ
1303 2047 1362 2077 καὶ

277 2143 362 2169 vero
386 2132 598 2178 simpliciter
621 2143 735 2178 neque
757 2132 915 2178 fortuito
940 2132 1074 2168 oblatio
1092 2133 1177 2178 fiet:
1199 2144 1281 2169 nam
1306 2139 1342 2170 et
1364 2134 1490 2169 modos
1512 2134 1642 2179 quibus
1666 2133 1847 2180 offerendi
1867 2135 1942 2170 sint
1963 2135 2180 2181 manifestos
2200 2136 2329 2181 facere
2344 2147 2365 2171 o
2395 2140 2498 2173 ortet.

276 2177 301 2213 2
348 2176 391 2213 Si
412 2178 494 2223 quis
517 2177 631 2223 iqitur
650 2188 701 2212 ex
724 2177 867 2213 civitate
891 2178 1015 2224 aliqua
1040 2178 1216 2213 oriundus
1235 2180 1292 2221 sit,
1317 2180 1391 2215 sive
1411 2179 1562 2214 curialis
1585 2179 1657 2215 sive
1677 2180 1767 2215 liber
1789 2179 1836 2215 sit
1859 2180 1904 2216 ab
1921 2179 2098 2216 eiusmodi
2118 2181 2340 2224 condicione,
2375 2181 2447 2218 icet
2465 2182 2504 2218 ei

274 2223 392 2268 filium
415 2233 518 2257 suum
542 2222 745 2258 naturalem
778 2224 901 2258 curiae
931 2222 1031 2258 urbis
1059 2223 1157 2258 illius
1180 2224 1275 2259 unde
1299 2229 1403 2259 ortus
1426 2227 1505 2260 erat
1530 2223 1674 2270 offerre.
1722 2223 1764 2260 Si
1786 2235 1870 2261 vero
1895 2235 1940 2260 ne
1961 2225 2039 2272 ipse
2094 2225 2208 2261 uidem
2232 2225 2319 2262 civis
2339 2225 2405 2270 sit,
2435 2226 2501 2263 sed

276 2279 326 2304 ea·
349 2278 442 2314 aqro
467 2268 590 2314 aliquo
614 2268 670 2303 vel
692 2268 770 2304 vico
795 2268 981 2312 oriundus,
1005 2268 1061 2303 illi
1083 2269 1221 2304 civitati
1243 2281 1266 2305 a
1286 2274 1395 2316 patre
1418 2269 1596 2315 offeratur
1618 2269 1675 2305 vel
1693 2280 1732 2306 se
1755 2270 1834 2318 ipse
1858 2270 2002 2316 offerat,
2025 2281 2068 2306 su
2114 2281 2187 2317 qua
2212 2281 2302 2317 aqer
2323 2271 2380 2307 vel
2400 2271 2500 2308 vicus

235 2349 238 2354 ,
277 2316 477 2349 censeatur.
525 2312 762 2358 Manifestum
786 2318 904 2348 autem
929 2318 999 2355 est,
1030 2313 1063 2348 si
1085 2325 1164 2349 eum
1183 2318 1295 2361 pater
1326 2314 1381 2350 vel
1403 2324 1493 2350 avus
1523 2314 1579 2350 vel
1600 2315 1681 2360 quis
1704 2315 1812 2350 etiam
1841 2326 1891 2351 ex
1921 2315 2151 2351 ulterioribus
2175 2315 2332 2363 proavis
2354 2316 2500 2363 offerat,

277 2359 418 2394 etiamsi
448 2358 627 2404 leqitimos
658 2358 790 2394 liberos
821 2357 953 2394 habeat
980 2369 1060 2394 eum
1085 2358 1153 2394 Ιιοσ
1173 2361 1302 2405 facere
1320 2370 1453 2407 posse‚·
1482 2360 1514 2394 si
1535 2360 1616 2405 quis
1638 2371 1723 2396 vero
1743 2370 1782 2395 se
1804 2360 1884 2408 ipse
1907 2360 2052 2406 offerat,
2083 2361 2122 2396 id
2136 2361 2399 2408 permittimus,
2428 2362 2500 2398 nisi

275 2404 301 2439 3
346 2404 412 2439 alii
436 2403 587 2450 leqitimi
614 2403 755 2448 fratres
778 2403 922 2439 adsunt.
1025 2403 1068 2439 Si
1089 2404 1171 2450 quis
1195 2410 1312 2441 tamen
1336 2416 1460 2441 eorum
1492 2405 1555 2450 qui
1614 2404 1681 2440 lios
1710 2415 1796 2441 suos
1823 2405 2012 2441 naturales
2041 2406 2153 2441 cum'is
2183 2405 2318 2452 offerre
2346 2410 2500 2454 possunt

277 2449 332 2485 vel
352 2460 402 2485 ex
424 2448 495 2484 hac
517 2459 652 2495 maqna
675 2449 819 2484 civitate
850 2449 906 2484 vel
929 2459 979 2484 ex
1002 2453 1121 2485 vetere
1142 2449 1260 2485 Roma
1284 2450 1459 2485 oriundus
1481 2450 1540 2491 sit,
1595 2450 1652 2485 uic
1672 2450 1852 2486 licentiam
1880 2450 2007 2486 damus
2029 2451 2241 2497 cuicumque
2263 2451 2349 2488 velit
2370 2455 2500 2489 metro·

275 2494 353 2540 poli
385 2493 602 2529 oblationem
631 2494 858 2540 praestandi.
906 2496 1023 2540 Atque
1052 2493 1142 2530 llaec
1171 2495 1301 2541 requla
1332 2495 1452 2531 valeat
1482 2495 1590 2530 etiam
1621 2494 1666 2530 de
1691 2495 1855 2541 filiabus,
1891 2499 1932 2531 ut
1961 2507 2024 2532 eas
2053 2496 2184 2543 iunqat
2213 2495 2412 2533 curialibus
2444 2497 2501 2534 vel

278 2540 393 2586 ipsius
417 2539 573 2574 civitatis
596 2550 646 2574 ex
669 2550 742 2584 qua
767 2543 868 2574 ortus
892 2544 946 2574 est
969 2539 1024 2574 vel
1045 2540 1111 2575 sub
1136 2551 1209 2586 qua
1233 2551 1323 2585 aqer
1351 2545 1416 2576 aut
1437 2540 1537 2575 vicus
1560 2544 1736 2583 censetur,
1766 2545 1830 2576 aut
1852 2541 1885 2576 si
1906 2541 1989 2586 quis
2012 2541 2102 2577 liber
2123 2541 2235 2576 simut
2255 2545 2292 2577 et
2318 2541 2500 2579 Romanus

278 2584 333 2620 vel
356 2584 563 2629 Byzantius
586 2585 650 2625 sit,
682 2584 879 2619 curialibus
910 2595 960 2620 ex
990 2585 1094 2619 curia
1125 2585 1251 2638 aliqua
1281 2585 1432 2632 alterius
1455 2586 1708 2631 cuiuscumque
1741 2586 1914 2628 civitatis,
1944 2586 2183 2633 metropoleos
2207 2589 2335 2623 tamen.
2380 2589 2500 2641 Atque

278 2629 368 2664 adeo
391 2627 496 2663 nobis
518 2629 642 2664 curiae
666 2628 769 2664 cordi
789 2634 875 2664 sunt
897 2634 934 2664 et
951 2629 1011 2664 liic
1030 2629 1159 2665 modus
1180 2630 1274 2665 turis
1294 2630 1534 2676 leqitimorum
1555 2630 1687 2677 placet,
1711 2634 1750 2665 ut
1767 2630 2002 2666 concedamus
2026 2631 2167 2674 curiali,
2192 2632 2255 2678 qui
2276 2632 2498 2670 natur-alnum

278 2674 393 2709 solum
418 2673 611 2709 liberorum
662 2679 741 2709 ater
756 2674 815 2716 sit,
839 2674 906 2709 etsi
928 2685 991 2709 eos
1014 2685 1063 2710 ex
1085 2685 1189 2710 serva
1213 2685 1316 2711 susce
1342 2676 1422 2717 erit,
1446 2681 1481 2711 et
1497 2676 1629 2711 liberos
1652 2686 1714 2711 eos
1735 2677 1863 2721 facere
1885 2680 1919 2711 et
1941 2676 2066 2712 curiae
2089 2676 2224 2722 offerre
2244 2677 2439 2714 secundum
2454 2688 2499 2714 ea

279 2730 372 2765 quae
395 2723 503 2753 antea
528 2729 551 2752 α
575 2685 678 2754 ηοόές
700 2718 798 2753 dicta
821 2723 927 2760 sunt,·
959 2724 1067 2765 alque
1089 2720 1196 2755 etiam
1220 2731 1304 2767 amp
1320 2721 1377 2755 ius
1406 2732 1450 2756 ca
1479 2720 1524 2756 de
1546 2731 1587 2756 re
1608 2721 1800 2762 sancimus,
1833 2724 1872 2756 ut
1895 2721 1963 2756 etsi
1988 2725 2096 2767 pater
2123 2731 2196 2756 non
2227 2721 2372 2768 offerat,
2397 2721 2499 2768 filius

278 2775 364 2843 vert}
385 2763 493 2799 semel
514 2763 603 2798 liber
625 2764 675 2799 sit
695 2764 833 2808 factus,
857 2765 888 2798 is
910 2774 949 2799 se
971 2764 1050 2810 ipse
1072 2765 1194 2800 curiae
1218 2765 1353 2810 offerre
1369 2766 1510 2811 possit,
1541 2765 1707 2801 nimirum
1731 2766 1768 2800 in
1787 2765 1857 2802 hoc
1887 2776 2031 2812 quoquc
2054 2776 2142 2802 casu
2165 2765 2250 2801 dum
2272 2777 2318 2802 ne
2337 2766 2497 2814 leqittma

305 2820 347 2844 ro
363 2819 401 2844 es
450 2814 571 2843 raeslo
594 2808 649 2843 sit.

273 2820 302 2856 p
413 2819 477 2889 1512
528 2853 573 2888 Et
597 2854 768 2899 quoniam
792 2853 891 2889 varie
914 2853 1020 2889 etiam
1039 2854 1083 2889 de
1099 2853 1304 2890 huiusmodi
1320 2865 1564 2901 personarum
1587 2856 1813 2891 successione
1835 2856 2012 2891 sancitum
2028 2859 2093 2897 est,
2117 2865 2187 2891 non
2204 2855 2361 2892 alienum
2382 2855 2495 2892 visum

279 2904 333 2935 est
356 2899 460 2935 nobis
482 2899 590 2933 etiam
614 2909 708 2943 quae
732 2898 781 2933 ad
802 2899 1060 2934 successionem
1077 2900 1276 2945 pertinent,
1304 2900 1412 2935 sicuti
1432 2900 1539 2945 prius
1562 2899 1733 2942 diximus,
1758 2900 1916 2944 definire.
1965 2899 2009 2935 Sa·
2029 2900 2111 2946 quis
2133 2900 2246 2946 iqitur
2266 2899 2366 2945 filius
2389 2907 2497 2938 natu-

279 2944 369 2980 ralis
391 2942 586 2979 secundum
616 2944 710 2978 lianc
738 2944 901 2988 formam
932 2943 1096 2985 (dicimus
1115 2954 1184 2990 per
1207 2944 1432 2987 oblationem)
1463 2945 1611 2980 curialis
1630 2945 1715 2990 fiat,
1746 2945 1780 2980 is
1796 2945 1900 2991 patri
1930 2948 1965 2980 et
1991 2944 2036 2980 ab
2061 2945 2230 2981 intestato
2257 2949 2293 2981 et
2315 2956 2365 2982 ex
2389 2950 2496 2984 testa-

1423 3034 1512 3075 quod
1535 3034 1720 3066 offeruntur
1748 3034 1779 3067 V
1800 3033 1814 3078 11
1844 3035 1863 3068 3
1889 3033 2042 3075 qualibus
2068 3033 2100 3066 T
2109 3034 2119 3054 ⁸
2145 3032 2157 3077 11
2187 3034 2317 3067 oriatur
2340 3047 2398 3068 om.
2429 3035 2463 3070 V

1425 3080 1446 3112 4
1468 3079 1604 3111 fortuna
1626 3079 1670 3110 sit
1694 3079 1725 3111 R
1748 3077 1760 3122 11
1785 3080 1804 3112 5
1829 3079 1877 3111 eis
1904 3079 1935 3111 Τ
1954 3077 1967 3121 11
1987 3080 2007 3112 6
2031 3081 2111 3120 non]
2136 3089 2196 3111 neo
2218 3079 2342 3123 Vvuly.
2361 3079 2375 3157 11
2398 3080 2483 3114 uiuis

1424 3124 1519 3156 cuius
1533 3124 1581 3157 R¹
1601 3125 1613 3165 11
1628 3133 1688 3155 nec
1705 3136 1763 3156 om.
1781 3122 1900 3167 Vvuly.
1919 3125 1932 3165 11
1949 3125 1967 3156 7
1980 3123 2048 3165 scd]
2064 3123 2092 3156 si
2109 3123 2157 3157 V¹
2173 3125 2185 3167 11
2203 3123 2296 3166 villa]
2313 3135 2359 3157 nu
2374 3124 2409 3158 la
2424 3125 2474 3160 1⁷¹

1423 3167 1482 3200 ille
1505 3167 1560 3211 Vn
1578 3169 1598 3202 8
1615 3168 1786 3200 auferatur
1805 3168 1855 3201 T¹
1874 3169 1886 3212 11
1909 3169 1929 3202 9
1945 3168 2112 3210 persoluat
2128 3169 2183 3209 aL,
2208 3169 2367 3213 persolvit
2382 3183 2423 3205 υιι
2459 3194 2468 3204 .

1427 3215 1466 3247 10
1480 3213 1559 3254 quia
1574 3212 1614 3254 si]
1639 3213 1732 3254 quasi
1754 3212 1810 3256 Vl!
1829 3214 1867 3248 11
1887 3213 2009 3246 habens
2026 3213 2113 3246 filios
2133 3227 2195 3247 scr.
2218 3214 2268 3248 1⁷²
2283 3217 2317 3249 in
2333 3227 2412 3258 raa,
2479 3233 2495 3241 -

1423 3257 1503 3290 bens
1526 3271 1584 3291 om.
1601 3258 1632 3291 T
1650 3258 1662 3301 11
1690 3258 1730 3291 12
1753 3257 1781 3290 si
1805 3259 1894 3299 vero]
1919 3258 1988 3291 sive
2012 3258 2060 3291 R¹
2079 3259 2090 3301 11
2114 3259 2195 3301 ipse]
2220 3259 2309 3293 filius
2331 3273 2400 3294 sm.
2417 3261 2494 3294 add.

1432 3301 1510 3346 1⁷³1!
1528 3304 1568 3336 13
1586 3303 1646 3335 hec
1667 3303 1780 3346 Τ1115
1798 3305 1927 3336 tantum
1949 3304 1996 3336 Β*
2015 3304 2027 3346 11
2048 3306 2087 3338 19
2106 3306 2156 3346 ιιι]
2177 3307 2236 3337 ant
2246 3305 2299 3338 R⁰
2315 3304 2328 3349 11
2345 3315 2399 3338 eos
2420 3304 2470 3339 V¹

1424 3348 1466 3381 20
1483 3350 1574 3380 ortae
1591 3348 1681 3382 Beck
1690 3360 1860 3391 perperam
1879 3350 1890 3390 11
1907 3350 1944 3382 21
1962 3349 2130 3391 persoluat
2151 3350 2196 3391 V]
2219 3350 2386 3393 persoluet
2397 3350 2468 3384 ΒΤ

1425 3394 1467 3426 22
1487 3392 1653 3425 bizantius
1671 3392 1753 3426 R2T
1772 3392 1938 3426 bisantius
1955 3394 2000 3426 R·
2014 3394 2066 3438 1711
2092 3395 2214 3436 cuique
2235 3395 2282 3428 V·
2306 3395 2496 3429 cuiuscum-

1423 3448 1486 3479 que
1504 3438 1552 3471 12²
1568 3438 1579 3480 11
1598 3438 1773 3471 curialium
1794 3451 1851 3471 om.
1875 3439 1932 3480 Vll
1956 3441 1997 3473 23
2016 3441 2146 3472 tantum
2167 3440 2201 3473 R
2217 3439 2230 3484 fl
2253 3441 2296 3475 24
2320 3439 2495 3483 diligentia

1422 3486 1470 3515 est
1487 3502 1530 3507 —
1549 3484 1591 3517 28
1608 3483 1647 3516 de
1664 3494 1763 3517 causa
1778 3483 1845 3524 san!
1870 3496 1932 3517 scr.
1947 3484 1996 3517 13²
2012 3486 2045 3518 in
2061 3498 2126 3519 ras.
2141 3487 2163 3519 4
2179 3498 2227 3519 υυ.
2250 3485 2263 3529 11
2286 3484 2414 3528 placeat
2433 3484 2469 3519 V

1423 3530 1464 3562 25
1489 3528 1578 3570 quia]
1604 3529 1693 3570 quod
1716 3527 1790 3570 R(²)
1806 3528 1854 3562 T²
1869 3531 1880 3570 11
1906 3529 2027 3562 curiali
2052 3531 2155 3571 Beck]
2181 3529 2359 3563 curialium
2384 3530 2463 3564 libra·

1423 3575 1462 3607 27
1482 3572 1601 3606 liberas
1618 3573 1691 3616 R(2)
1707 3574 1720 3617 11
1738 3575 1779 3608 29
1796 3577 1834 3607 ut
1854 3586 1911 3607 om.
1928 3575 1959 3607 R
1976 3574 1988 3618 11
2005 3575 2033 3608 si
2049 3577 2128 3616 non]
2149 3575 2221 3608 sine
2237 3575 2286 3608 R·
2301 3574 2314 3619 11
2333 3576 2375 3609 34
2393 3574 2493 3607 etiam

1421 3631 1477 3652 om.
1494 3619 1524 3651 R
1543 3618 1555 3663 11
1571 3619 1622 3660 de]
1646 3619 1682 3652 in
1704 3620 1749 3660 R,
1774 3632 1834 3652 om.
1856 3619 1904 3653 V¹
1923 3619 1935 3663 11
1959 3621 2000 3654 35
2021 3620 2197 3662 sancitum]
2221 3629 2412 3654 concessum
2434 3615 2492 3665 V}

1420 3665 1463 3698 36
1486 3664 1704 3698 determinare
1730 3665 1760 3698 R
1776 3665 1788 3708 11
1814 3665 1857 3699 38
1878 3666 1999 3698 testato
2026 3665 2073 3700 3²

337 3037 356 3069 4
381 3033 451 3068 εἴτε
475 3031 674 3076 ἐλεύθερος]
706 3033 773 3065 sive
798 3033 895 3065 etiam
919 3032 1005 3065 liber
1030 3045 1049 3069 ς
1073 3033 1085 3077 11
1110 3033 1243 3075 ἔξεστι]
1277 3034 1355 3066 lice-

279 3082 330 3114 bit
353 3080 384 3113 ei
407 3091 439 3118 ς;
474 3079 528 3121 τῷ
552 3080 662 3121 πατρὶ
693 3085 722 3110 et
746 3086 819 3111 ante
844 3074 1032 3110 ἐπιδοῦναι
1055 3091 1106 3111 υυ.
1127 3076 1149 3120 ἢ
1171 3079 1223 3120 τῷ
1249 3077 1355 3120 νόθῳ

279 3124 409 3160 ἑαυτὸν
426 3126 589 3158 desiderat
601 3123 788 3156 Zachariae
806 3123 818 3160 11
835 3125 854 3155 6
869 3118 1012 3165 ὥρμητο
1028 3142 1068 3147 -
1084 3126 1102 3157 7
1121 3120 1142 3165 ἢ
1157 3124 1274 3167 κώμης
1294 3125 1354 3164 ἧς]

280 3185 338 3206 om.
354 3170 421 3215 Μ11
438 3165 522 3203 οὐδὲ
545 3164 565 3202 ὁ
590 3167 711 3211 πατὴρ
736 3175 809 3200 ante
832 3164 916 3200 οὐδὲ
939 3163 1046 3200 αὐτὸς
1068 3170 1167 3202 inseri
1182 3170 1272 3202 malit
1288 3170 1355 3202 Za-

281 3218 414 3251 chariae
429 3214 441 3259 11
461 3218 478 3249 ἵ
503 3211 545 3247 δέ
559 3223 657 3247 τινος
676 3211 755 3254 ΙᾺς]
781 3210 823 3245 δέ
842 3223 941 3246 τινος
965 3210 1154 3257 ἐλευθέρου
1173 3215 1223 3247 L⁰
1235 3215 1323 3258 vuly.
1351 3212 1356 3256 1

281 3265 301 3297 9
326 3258 486 3296 ἐπιδότω
512 3259 581 3304 Μ11
608 3261 647 3293 10
673 3255 721 3291 ὡς
744 3258 774 3291 εἰ
799 3258 870 3298 Μς]
895 3258 973 3289 ἐπεὶ
998 3259 1028 3291 L
1045 3258 1058 3301 11
1084 3261 1122 3292 11
1149 3261 1209 3291 καὶ
1230 3272 1287 3291 om.
1303 3271 1321 3295 ς
1352 3257 1356 3302 1

284 3310 323 3343 12
363 3308 515 3348 νησίους]
538 3304 661 3338 liberos
676 3316 695 3340 ς
711 3303 724 3346 11
745 3304 784 3337 13
805 3301 927 3344 ἰσχύει]
951 3303 1074 3345 poterit
1098 3315 1117 3339 ς
1133 3304 1145 3343 ΙΙ
1170 3304 1201 3336 εἰ
1223 3301 1263 3337 δὲ
1283 3304 1354 3343 Δίς]

281 3354 311 3387 εἰ
335 3320 375 3386 δὲ
398 3354 456 3385 καὶ
474 3352 505 3384 L
522 3350 535 3394 11
558 3351 596 3385 16
612 3350 676 3382 τοῦ
693 3346 941 3393 βουλευτηρίου
960 3349 1008 3380 L⁰
1025 3348 1038 3391 11
1055 3345 1157 3390 τῆςδε
1172 3351 1214 3389 (ει
1233 3351 1271 3402 ΓΞ
1288 3349 1355 3389 ἔτι)

281 3411 373 3435 ome
391 3398 459 3441 1121
484 3391 660 3440 ὥρμηται]
692 3394 758 3427 orti
779 3396 858 3426 sunt
882 3391 932 3435 ςΠ
954 3390 976 3435 ἢ
1000 3406 1057 3426 om.
1073 3393 1121 3426 L²
1145 3394 1157 3436 11
1184 3394 1227 3427 22
1250 3406 1272 3435 η
1296 3406 1353 3426 om.

281 3445 312 3477 L
331 3444 343 3487 11
360 3445 402 3477 23
417 3451 446 3476 et
459 3443 500 3476 25
513 3438 788 3486 βουλευτηρίων]
803 3438 983 3471 curialium
997 3439 1030 3479 (ι’.
1042 3451 1067 3471 ε.
1082 3436 1298 3482 βουλευτῶν)
1312 3449 1331 3474 ς
1344 3437 1356 3482 11

282 3491 323 3523 25
347 3486 433 3532 ἡμῖν
455 3487 544 3527 τῶν]
582 3483 667 3528 ἡμῖν
697 3486 756 3518 καὶ
780 3479 893 3517 οὕτως
914 3485 1038 3527 μέντοι
1064 3484 1093 3516 L
1122 3484 1134 3527 11
1164 3483 1266 3517 οὗτος
1291 3484 1354 3525 [ις]

281 3530 395 3567 οὕτως
418 3532 546 3576 Μ1126
571 3530 679 3565 νόθοι
706 3530 751 3564 L¹

328 3669 344 3703 1
370 3667 495 3700 oblatio
516 3668 563 3699 est
589 3665 780 3706 Heimbach}
803 3663 971 3698 oblatione
994 3664 1073 3699 libri
1097 3661 1148 3710 112
1171 3662 1352 3696 secundum
