2476 3854
117 114 180 146 nr.
206 112 528 147 mmmmm
1187 94 1274 144 779
1958 94 2036 139 Ed.
2057 94 2142 138 XII
2170 107 2231 150 pr.
2257 97 2291 137 1.
2312 96 2340 136 2

1205 256 1249 291 lB

824 333 1002 388 ΠΕΡΙ
1050 331 1628 387 ΕΛΛΗΣΠΟΝΤΟῩ.

248 425 561 470 (Προοίμιον.)
604 422 802 469 Ἐδιδᾶχθη
832 424 875 459 τὸ
908 421 1081 470 ἡμέτερον
1112 422 1238 470 κράτος
1258 420 1433 465 Ἰωάννην
1455 421 1680 467 σκρινιάριον
1702 420 1969 467 (πεμφθῆναι)
1994 418 2086 473 κατὰ
2110 417 2181 463 τὴν
2202 415 2338 461 Ἑλλής-

115 481 253 504 ποντον
283 469 332 504 ὠς
362 468 407 514 δὴ
430 471 564 505 τίπους
593 470 693 505 τινὰς
723 471 1026 516 ἑγκεχειρισμένον
1054 468 1236 523 προφάσει
1266 466 1496 514 λογοθεσίων
1527 464 1728 518 πολιτικῶν
1751 464 1881 512 πόρων
1904 464 1984 509 ἦτοι
2006 478 2087 499 των
2106 462 2341 519 καλουμένων

115 513 326 559 anaspum.
357 518 418 550 καὶ
447 511 496 549 αἱς
525 517 566 549 ἐν
593 516 640 562 τῇ
668 513 772 560 χώρᾳ
800 515 992 561 γενόμενος
1021 510 1170 549 οὐδενος
1199 510 1378 554 ἀπέσχετο
1404 509 1593 546 παντελῶς
1614 524 1694 546 των
1716 511 1765 565 εἰς
1785 510 1955 557 ἁρπαγὴν
1978 509 2136 553 ἐσχάτην
2158 522 2340 565 quartam.=
2363 514 2384 545 5

114 558 177 593 τάς
206 571 247 593 τε
272 558 395 595 πόλεις
425 558 634 604 ληϊσάμενος
661 562 722 594 καὶ
753 558 976 594 ἐπανελθών
1006 559 1055 594 εἰς
1076 555 1217 601 ταύτην
1239 558 1309 601 τὴν
1332 555 1529 601 εὐδαίμονα
1551 554 1660 591 πόλιν
1683 555 1788 591 αυτὸς
1806 558 1876 600 μὲν
1897 559 2043 603 χρυσίου
2064 566 2207 600 μεστος,
2228 567 2275 609 τῃ
2300 552 2341 587 δε

113 601 398 647 Ἑλληςποντίων
419 604 519 650 χώρα
542 605 670 639 πᾶσαν
692 600 888 639 ἀπολιπὼν
912 607 1054 639 πενίαν.
1101 603 1149 638 τὰ
1170 605 1240 648 μὲν
1262 597 1330 637 οὖν
1352 599 1431 636 κατ’
1457 602 1593 635 ἐκεῖνον
1615 599 1745 636 ὁποῖον
1768 601 1933 647 προςήκει
1956 598 2178 644 διατεθῆναι
2199 612 2342 647 τρόπον

114 651 175 682 καὶ
202 648 486 695 θεραπευθῆναι
516 648 601 684 τοὺς
630 645 862 694 ἠδικημένους
897 646 1088 695 διώρισται
1110 645 1195 694 παρ’
1220 644 1335 692 ἡμῶν.

1122 747 1280 785 CAPUT
1303 747 1333 783 L

243 813 390 860 Ἐπειδὴ
422 815 462 851 δὲ
492 814 671 861 ᾠήθημεν
692 818 821 862 χρῆναι
846 814 907 850 διὰ
930 817 998 860 τὴν
1019 817 1100 851 τῶν
1121 815 1169 851 τὰ
1192 815 1345 850 τοιαῦτα
1365 816 1660 861 ἐγχειριζομένων
1683 810 1889 858 ἀπληστίαν
1912 811 2019 857 τύπῳ
2041 814 2173 866 γενικιιιῇ
2197 812 2241 848 τὸ
2263 811 2340 848 πᾶν

114 862 360 907 θεραπεῦσαι,
392 862 493 898 θςσπ
530 875 629 906 ομεν,
664 862 700 896 εἴ
730 872 783 896 τις
815 863 966 908 γένηται
999 861 1093 896 κατὰ
1124 860 1194 904 τὴν
1224 858 1349 905 χώραν
1379 858 1560 905 προφάσει
1589 858 1757 902 τοιαύτης
1790 858 1891 894 τινὸς
1922 858 2102 903 ζητήσεως
2131 872 2154 901 η
2185 860 2247 894 ἐπὶ
2276 859 2339 900 τῆς
2367 865 2405 897 10

113 904 399 950 Ἐλληςποντίων
423 903 447 950 ἢ
474 908 520 953 ἐφ
562 907 683 953 ἐτέρας
713 904 927 950 οἷαςδήποτε
949 905 1078 951 χώρας,
1098 906 1130 939 εἰ
1149 907 1219 950 μὲν
1241 903 1393 950 ἇρχικὴν
1414 907 1490 959 ἔχοι
1512 903 1722 949 πρόςταξιν,
1738 902 1879 948 μηδένα
1898 903 2087 939 παντελῶς
2110 902 2210 946 αὐτῷ
2234 914 2339 948 προς-

114 954 219 996 ἐχειν,
247 948 324 986 ἀλλ’
357 949 559 987 ἀκινδύνως
587 949 829 987 ἀποσείεσθαι
859 951 930 986 τὸν
959 951 1188 996 ἐκβιβασμόν
1210 950 1279 985 τὸν
1302 947 1386 996 παρ’
1413 951 1538 993 αυτοῦ,
1562 949 1594 983 εἰ
1617 947 1658 983 δὲ
1678 949 1771 993 μετὰ
1791 950 1897 984 θείου
1916 950 2166 996 πραγματικοῦ
2189 951 2340 995 γένηται

114 997 242 1040 τύπου,
270 997 302 1031 εἰ
331 998 399 1041 μὲν
429 997 708 1042 κομμονιτόριον
739 996 792 1040 εἴη
811 995 855 1031 τὸ
880 994 1111 1041 δεικνύμενον
1135 994 1158 1039 ἢ
1179 994 1376 1041 γράμματα
1400 997 1483 1039 περὶ
1505 991 1636 1028 τούτου
1656 992 1846 1040 γενόμενα,
1868 993 1962 1039 μηδὲ
1982 993 2123 1030 τούτοις
2147 997 2338 1040 προςέχειν,

112 1041 172 1077 οἷα
194 1041 288 1076 κατὰ
309 1042 548 1088 συναρπαγὴν
570 1045 631 1076 καὶ
653 1041 753 1087 παρὰ
772 1040 924 1088 γνώμην
945 1039 1124 1087 ἡμετέραν
1146 1039 1411 1086 προελθοῦσιν·
1434 1041 1466 1073 εἰ
1489 1037 1529 1073 δὲ
1552 1038 1799 1086 πραγματικὸς
1820 1039 1875 1082 εἴη
1897 1039 1940 1074 τὸ
1960 1037 2194 1082 δεικνύμενον
2216 1039 2338 1081 τύπος,

113 1085 205 1131 μηδὲ
225 1084 341 1121 οὕτως
363 1086 403 1127 ἐξ
427 1082 539 1121 αὐτοῦ
561 1100 599 1121 τι
621 1087 854 1135 πράττεσθαι
878 1090 1087 1132 προχείρως,
1119 1085 1188 1121 τὸν
1212 1083 1253 1120 δέ
1274 1086 1442 1120 τοιοῦτον
1465 1084 1720 1130 πραγματικὸν
1741 1082 1860 1119 τύπον
1883 1083 2082 1164 languena
2105 1088 2165 1118 καὶ
2187 1085 2338 1128 μηνύειν
2366 1092 2406 1124 15

113 1132 183 1167 τὸν
211 1132 276 1175 τῆς
305 1133 399 1177 ἐπαρ
419 1134 475 1166 ίας
503 1128 701 1178 ἡγούμενον
731 1132 780 1166 εἰς
809 1129 904 1175 ἡμᾶς
932 1131 981 1165 τὰ
1010 1134 1095 1177 περὶ
1124 1129 1253 1166 τούτου
1282 1133 1344 1164 καὶ
1366 1126 1438 1164 ἄνα
1465 1132 1562 1164 ε’νειν
1583 1125 1690 1173 ἡμῶν
1711 1127 1883 1173 δευτέραν
1904 1133 1946 1164 κε’
2003 1142 2082 1164 σιν·
2108 1126 2197 1164 ὥςτε
2219 1130 2252 1163 εἰ
2270 1130 2340 1173 μὲν

114 1178 346 1223 ἐπιγνοίημεν
374 1176 489 1210 αυτὸν
519 1179 580 1211 καὶ
609 1177 677 1213 τὸν
712 1175 984 1232 ἐγχειρισθέντα
1006 1175 1073 1211 τὸν
1095 1177 1259 1211 τοιοῦτον
1280 1173 1409 1215 τύπον,
1456 1173 1602 1219 εύτερον
1624 1172 1731 1219 ἡμῶν
1752 1175 1925 1221 γίνεσθαι
1948 1174 2203 1222 πραγματικὸν
2219 1175 2339 1227 τύπον

114 1223 358 1266 ἐπιτρέποντα
409 1222 562 1256 ενέσθαι
592 1222 660 1265 τὴν
690 1223 852 1266 ζητησιν,
884 1221 917 1255 εἰ
947 1219 990 1256 δὲ
1017 1218 1355 1266 ἆποδοκιμιὶσαιμεν
1384 1219 1410 1264 ἢ
1438 1220 1482 1255 τὸ
1514 1221 1665 1267 πρᾶγμα
1687 1216 1710 1263 ἢ
1732 1220 1776 1254 τὸ
1798 1220 2005 1266 πρόςωπον,
2026 1218 2142 1265 μηδὲν
2162 1219 2340 1254 ἐντευθεν

112 1266 296 1313 γίνεσθαι,
337 1263 348 1277 ’
393 1266 402 1277 ’
428 1263 716 1311 ἀναπέμπεσθαι
745 1266 814 1301 τὸν
845 1266 951 1301 θεῖον
980 1266 1102 1301 τύπον
1131 1265 1232 1311 παρὰ
1263 1266 1328 1300 τοῦ
1348 1266 1412 1309 τῆς
1432 1267 1605 1310 ἐπαρχίας
1626 1263 1799 1310 ἄρχοντος
1820 1264 2073 1312 γινώσκοντος,
2098 1262 2147 1300 ais
2168 1266 2200 1298 εἰ
2222 1265 2339 1310 ῥαθυ-

112 1311 236 1356 μήσειε
258 1311 386 1347 τούτου
407 1315 472 1346 καί
491 1323 545 1347 τις
565 1313 695 1359 ἐπιστῇ
718 1314 791 1347 τοῖς
814 1308 985 1355 ὑπηκόοις
1006 1314 1080 1347 τοῖς
1102 1310 1284 1356 ἡμετέροις
1307 1310 1484 1346 ἐντεῦθεν
1499 1312 1618 1355 ζημία,
1642 1310 1783 1354 ταύτην
1796 1307 1905 1345 αὐτὸς
1919 1310 2067 1345 οἴκοθεν
2084 1307 2335 1357 ἐπιγνώσεται.
2363 1317 2407 1350 20

2284 1394 2302 1406 l

1117 1412 1275 1449 CAPUT
1297 1412 1345 1447 11.

242 1477 388 1514 Ἀδειαν
418 1477 460 1515 δι’
489 1477 637 1524 δίδομεν
666 1484 728 1515 καὶ
755 1483 830 1515 τοῖς
860 1479 1081 1522 ἐπισκόποις,
1112 1480 1144 1514 εἰ
1176 1477 1426 1527 ῥᾳθυμίσειεν
1455 1477 1475 1514 ὁ
1498 1480 1563 1535 τῇς
1585 1481 1757 1525 ἐπαρχίας
1779 1475 1976 1533 ἡγούμενος
1997 1491 2058 1532 καέ
2081 1478 2132 1522 μὴ
2155 1477 2226 1512 τὸν
2248 1489 2339 1523 πρα-

113 1524 289 1571 γματικὸν
311 1526 474 1569 ἐπισχοίη
498 1523 625 1566 τύπον,
649 1523 725 1560 ἀλλ’
750 1524 870 1570 ἐνδοίη
893 1527 947 1569 τῷ
971 1527 1104 1560 τοῦτον
1124 1526 1460 1570 μεταχειριζομένη),
1494 1524 1623 1559 αυτοὺς
1644 1525 1764 1559 ταῦτα
1785 1537 1939 1568 μηνυειν
1959 1525 2007 1558 εἰς
2029 1524 2131 1567 ημᾶς,
2154 1523 2228 1578 (οἳ)ἱ
2247 1523 2283 1557 εἴ
2299 1535 2341 1569 γε

113 1571 230 1604 ταῦτα
258 1569 457 1614 μάθοιμεν,
488 1568 538 1605 ὠς
567 1570 749 1606 κοινωνὸν
778 1572 842 1614 τῆς
864 1571 982 1605 αἰτίας
1004 1567 1241 1605 καταστάντα
1262 1573 1322 1604 καὶ
1344 1571 1408 1613 τῆς
1431 1566 1536 1616 ἀρχῆς
1558 1569 1811 1615 παραλύσομεν
1834 1572 1896 1603 καὶ
1917 1570 1980 1612 τῆς
2003 1568 2120 1611 ζώνης
2143 1581 2256 1604 αυτον
2277 1571 2340 1602 καὶ

114 1616 178 1658 τῆς
200 1612 322 1650 οὐσίας
340 1614 568 1661 στερήσομεν,
591 1619 651 1650 καὶ
673 1618 748 1650 τοῖς
770 1612 865 1651 καθ’
890 1614 1039 1650 οἱανοῦν
1061 1612 1287 1660 ἠδικημένοις
1310 1616 1434 1649 αἰτίαν
1455 1615 1499 1650 τὸ
1526 1612 1680 1660 ἀβλαβὲς
1703 1614 1994 1661 περιποιὴσομεν.

247 1656 344 1706 (Ἐπ
353 1663 369 1694 ί
375 1659 424 1695 λο
431 1660 535 1707 γος.)
577 1657 625 1695 Ἡ
643 1665 769 1696 τοίνυν
791 1659 837 1704 σὴ
860 1658 913 1695 ύπ
972 1660 1016 1704 χὴ
1040 1660 1087 1695 τὰ
1106 1658 1350 1705 παραστάντα
1369 1657 1454 1704 ἡμῖν
1477 1663 1562 1703 [καὶ]
1586 1658 1648 1694 διὰ
1667 1661 1732 1694 τοῦ
1756 1659 1939 1705 παρόντος
1960 1659 2066 1694 θείου
2089 1659 2339 1706 πραγματικοῦ
2363 1669 2407 1703 25

112 1702 356 1749 μανθάνουσα
370 1706 486 1740 τύπου
501 1708 595 1751 ἔργῳ
610 1709 672 1740 καὶ
686 1709 818 1752 πέρατι
832 1673 1062 1752 παρόιῖἷιῧναι
1077 1706 1272 1742 σπευσάτω
1315 1705 1400 1742 Dat.
1413 1704 1492 1741 XV.
1508 1705 1582 1742 kal.
1595 1705 1694 1751 Sept.
1706 1704 1776 1741 GP.
1789 1704 1963 1741 Belisario
1976 1714 2032 1741 vc.
2045 1713 2145 1741 cons.
2184 1706 2232 1746 [a.
2247 1705 2339 1746 5354

247 1785 398 1820 Edictum
422 1786 506 1820 XII
527 1785 798 1821 Graecortoennm
821 1793 910 1821 exeat
931 1787 965 1821 in
982 1785 1033 1821 Μ.

1182 1961 1275 1999 XII.

890 2041 992 2093 DE
1043 2041 1567 2094 HELLESPONTO.

248 2129 510 2176 Praefatio.
558 2130 703 2167 Edocta
727 2134 784 2167 est
805 2135 934 2168 nostra
953 2131 1119 2178 potentia
1132 2129 1335 2167 Iohannem
1356 2131 1589 2167 scriniarium
1610 2133 1650 2168 in
1664 2131 1939 2180 Hellespontum
1957 2132 2103 2170 missum
2127 2143 2215 2177 esse,
2239 2135 2341 2181 quod

113 2177 150 2212 ei
167 2177 314 2222 formae
336 2175 547 2213 commissae
569 2181 688 2212 essent
711 2176 756 2212 ob
773 2176 971 2212 ratiocinia
993 2175 1150 2212 civilium
1172 2176 1352 2212 redituum
1376 2181 1441 2213 aut
1463 2177 1689 2213 sollemnium
1712 2189 1806 2225 quae
1829 2182 2018 2220 vocantur,
2041 2182 2079 2215 et
2100 2189 2180 2214 cum
2196 2179 2236 2214 in
2246 2191 2337 2226 pro·

114 2221 267 2257 vinciam
289 2222 452 2263 vertisset,
482 2232 507 2256 a
529 2221 633 2257 nulla
653 2231 810 2267 prorsus
834 2231 960 2256 earum
982 2231 1114 2263 renan,
1146 2232 1241 2267 quae
1262 2221 1315 2257 ad
1334 2226 1519 2258 extremas
1538 2222 1715 2259 accedunt
1736 2234 1780 2258 ra
1809 2223 1901 2265 inas,
1924 2223 2151 2267 abstinuisse,
2175 2224 2338 2261 civitates

113 2266 329 2312 spoliantem
351 2270 387 2301 et
408 2276 590 2302 reversum
613 2266 651 2301 in
672 2265 821 2311 felicem
843 2266 939 2301 nane
961 2265 1084 2302 urbem
1106 2267 1225 2312 ipsum
1272 2265 1391 2303 uidem
1414 2277 1508 2303 auro
1530 2267 1718 2314 repletura,
1776 2267 2068 2315 ellespontiorum
2085 2279 2171 2305 vero
2193 2270 2338 2321 reqioni

112 2314 486 2392 “metipaupertate
507 2310 646 2347 relicta.
694 2309 745 2345 Et
766 2310 811 2346 de
840 2310 904 2346 illo
936 2310 1081 2356 quidem
1110 2310 1200 2356 quid
1251 2310 1356 2347 ebcat
1380 2311 1465 2357 fieri
1494 2322 1611 2358 quove
1639 2312 1747 2349 modo
1770 2313 1940 2348 damnum
1962 2313 2106 2349 restitui
2123 2314 2280 2360 affectis,
2311 2326 2337 2351 a

114 2367 162 2392 no
193 2357 202 2365 '
265 2367 286 2391 e
314 2359 427 2390 nitum
449 2359 514 2391 est.

246 2356 501 2444 LfiQuoniam
523 2409 607 2436 vero
658 2403 785 2446 ropter
807 2410 944 2443 eorum,
967 2400 1098 2447 quibus
1117 2399 1208 2436 talia
1230 2399 1506 2443 demandantur,
1530 2402 1723 2437 avaritiam
1752 2403 1959 2449 putavimus
1982 2409 2153 2455 oportere
2171 2404 2338 2449 qenerali

112 2446 238 2492 forma
269 2446 458 2481 universae
487 2446 542 2480 rei
564 2455 620 2480 me
643 2444 710 2486 eri,
740 2445 933 2487 sancimus,
963 2448 1015 2488 ut,
1046 2446 1083 2481 si
1102 2445 1185 2490 quis
1201 2445 1378 2481 eiusmodi
1399 2447 1623 2491 quaestionis
1643 2457 1756 2483 causa
1778 2449 1817 2483 in
1835 2447 2075 2494 provinciam,
2098 2448 2174 2484 sive
2196 2447 2335 2485 Helles-

111 2491 323 2538 pontiorum
345 2490 419 2526 sive
441 2489 552 2525 aliam
574 2488 770 2535 quamlibet
791 2490 922 2530 veniat,
944 2490 978 2525 si
1000 2489 1144 2536 quidem
1165 2490 1348 2535 praesidis
1369 2490 1579 2526 mandatum
1599 2491 1740 2533 habeat,
1763 2503 1866 2528 nemo
1883 2503 2041 2539 prorsus
2057 2492 2091 2529 ei
2106 2492 2336 2540 obtemperet,

112 2535 179 2571 sed
197 2535 275 2571 sine
295 2533 459 2581 periculo
482 2535 710 2585 exactionem
732 2533 811 2570 eius
832 2534 1009 2577 excutiat,
1031 2535 1089 2570 sin
1111 2540 1231 2571 autem
1254 2545 1335 2570 cum
1349 2545 1458 2571 sacra
1461 2538 1701 2589 praqmatica
1718 2536 1847 2582 forma
1862 2538 2008 2582 venerit,
2031 2538 2067 2573 si
2078 2537 2221 2584 quidem
2235 2538 2338 2585 quod

106 2580 260 2627 profert
290 2579 600 2615 commonitorium
629 2582 679 2614 sit
704 2582 771 2615 aut
800 2579 942 2616 litterae
972 2579 1017 2615 de
1047 2578 1115 2615 hoc
1145 2583 1357 2631 conceptae,
1388 2591 1434 2616 ne
1455 2590 1502 2616 us
1524 2580 1667 2627 quidem
1690 2584 1965 2629 obtemperetur,
2021 2583 2131 2629 uippe
2153 2587 2247 2628 quae
2261 2595 2335 2631 per

110 2625 255 2670 furtim
285 2628 322 2660 et
351 2630 481 2660 contra
509 2627 669 2659 nostram
691 2623 911 2660 voluntatem
930 2624 1149 2671 prodierint,
1172 2634 1230 2660 san
1249 2629 1369 2660 autem
1391 2625 1492 2671 quod
1511 2625 1713 2662 ostenditur
1730 2627 1964 2674 praqmatica
2006 2638 2109 2663 orma
2131 2629 2190 2670 sit,
2215 2639 2260 2665 ne
2281 2630 2334 2664 sic

114 2669 257 2716 quidem
280 2668 325 2704 ab
348 2679 392 2705 eo
413 2668 634 2714 festinanter
681 2669 848 2714 uicquam
871 2674 1016 2715 aqatur,
1038 2669 1105 2705 sed
1126 2668 1232 2705 talem
1246 2670 1519 2716 praqmaticam
1539 2671 1702 2715 formam
1717 2672 1934 2719 provinciae
1998 2682 2099 2708 aeses
2121 2673 2280 2720 accipiat
2297 2678 2336 2710 et

114 2714 160 2749 de
181 2725 226 2749 ea
248 2713 299 2749 ad
319 2723 389 2749 nos
409 2713 551 2758 referat
572 2717 609 2749 et
671 2717 784 2749 terum
806 2718 970 2750 nostrum
993 2714 1204 2750 mandatum
1226 2718 1422 2762 exspectet,
1446 2720 1488 2750 ut
1508 2715 1541 2750 si
1563 2726 1643 2752 eam
1665 2727 1817 2768 eumque
1832 2717 1892 2753 cui
2003 2718 2128 2763 forma
2145 2719 2334 2755 commissa

114 2764 169 2794 est
198 2768 450 2804 aqnoscamus,
481 2757 754 2809 altera-nostra
779 2757 959 2810 procedat
1013 2759 1218 2806 raqmatica
1245 2759 1372 2805 forma
1402 2760 1647 2806 quaestionem
1674 2761 1756 2806 fieri
1780 2761 2025 2808 praecipiens,
2048 2762 2106 2798 sin
2126 2767 2246 2800 autem
2268 2768 2334 2799 aut

113 2813 189 2838 rem
219 2807 285 2838 aut
310 2813 504 2849 personam
527 2812 732 2845 reiciamus,
754 2802 847 2838 nihil
868 2803 953 2839 inde
971 2770 1051 2849 ἔοι,
1081 2803 1146 2839 sed
1166 2813 1274 2840 sacra
1294 2804 1420 2850 forma
1443 2816 1467 2840 a
1481 2806 1697 2851 provinciae
1716 2807 1887 2853 praeside
1903 2808 2111 2843 remittatur
2132 2809 2277 2851 sciente,
2299 2810 2336 2845 si

115 2846 209 2883 lianc
226 2858 302 2883 rem
325 2858 371 2883 ne
396 2847 530 2883 lexerit
549 2847 703 2892 indeque
724 2846 894 2883 damnum
917 2847 1070 2894 aliquod
1092 2848 1244 2884 subditis
1262 2850 1398 2885 nostris
1420 2849 1612 2892 obvenerit,
1633 2851 1722 2896 fore
1744 2858 1785 2888 ut
1806 2852 1876 2888 Ιιοσ
1897 2852 1976 2899 ipse
1999 2852 2045 2888 de
2058 2863 2125 2888 suo
2143 2855 2329 2890 resarciat.

247 2891 294 2928 11.
374 2892 588 2928 ermittmus
609 2902 694 2928 vero
717 2892 824 2928 etiam
893 2893 1029 2940 iscopis
1051 2898 1103 2936 ut,
1125 2893 1158 2928 si
1173 2894 1391 2940 provinciae
1404 2905 1560 2941 praeses
1575 2896 1763 2942 neqliqens
1778 2897 1827 2933 sit
1843 2901 1880 2932 et
1892 2898 2159 2944 pragmaticam
2171 2899 2331 2944 formam

113 2947 187 2972 non
208 2936 378 2979 inhibeat,
400 2937 467 2973 sed
487 2937 534 2982 ei,
555 2937 620 2988 qui
642 2936 742 2988 illam
757 2948 832 2984 pro
860 2938 944 2980 ucit,
966 2949 1100 2990 morem
1122 2943 1240 2984 qerat,
1263 2939 1336 2990 ipsi
1357 2950 1436 2975 eam
1454 2950 1531 2975 rem
1553 2940 1656 2976 nobis
1677 2941 1896 2984 denuntient,
1959 2942 1997 2977 ui
2018 2943 2051 2978 si
2072 2942 2330 2980 hoodidiceri-

113 2992 204 3023 mus,
226 2991 306 3017 eum
326 2986 508 3028 tamquam
531 2982 692 3017 crtmt‘ms
712 2983 848 3018 socium
871 2986 906 3018 et
924 2982 970 3019 de
990 2987 1205 3029 maqaestratu
1229 2982 1421 3020 deiciemus
1442 2988 1479 3020 et
1500 2983 1647 3031 cinqulo
1669 2997 1750 3022 eum
1770 2991 1881 3033 atque
1893 2953 2095 3023 suistantia
2107 2988 2331 3034 privabimus

113 3032 150 3063 et
172 3027 235 3069 eis,
309 3027 326 3062 i
371 3026 506 3063 ualibet
526 3027 565 3062 in
586 3037 628 3063 re
649 3027 819 3063 iniuriam
869 3028 944 3063 assi
965 3033 1061 3070 sunt,
1083 3027 1349 3064 indemnitatem
1368 3028 1646 3075 praestabimus.

283 3071 337 3118 pi
362 3082 486 3117 oqus.
535 3071 613 3107 Tua
635 3072 751 3117 iqitur
771 3072 836 3108 sub
851 3073 970 3108 imitas
993 3083 1087 3119 quae
1110 3072 1213 3108 nobis
1232 3073 1451 3119 placuerunt
1474 3077 1510 3110 et
1525 3075 1715 3121 praesenti
1727 3086 1837 3112 sacra
1853 3075 2085 3113 declarantur
2093 3076 2330 3123 praqmatiea

111 3116 237 3161 forma
257 3126 480 3162 cognoscens
502 3117 606 3163 operi
628 3121 665 3153 et
690 3117 836 3162 effectui
859 3117 1003 3154 tradere
1025 3117 1180 3153 studeat.

158 3283 179 3315 2
203 3283 249 3316 ad
265 3283 440 3316 Iohannem
461 3286 569 3327 praes:
590 3292 696 3327 praet.
720 3286 819 3319 missa
842 3294 889 3320 est
901 3285 1044 3330 forma}
1064 3286 1083 3320 3
1102 3282 1185 3329 ὑμέ·
1218 3286 1222 3315 1
1256 3283 1457 3330 δηλούμενα
1485 3300 1549 3331 pro
1577 3286 1822 3331 μανθάνουσα
1846 3289 1946 3331 (quod
1965 3296 2039 3332 post
2062 3288 2167 3322 θείου
2186 3293 2330 3333 ponebat

113 3338 219 3371 τερον
242 3327 308 3381 ΆτζΙ
326 3327 544 3405 “eff-‘rivas
565 3330 685 3383 aqam
705 3330 893 3385 (ψεσθε,
917 3331 1118 3372 Zachariae)
1137 3330 1149 3373 ιι
1166 3333 1184 3363 7
1218 3318 1222 3378 Ῑ
1254 3332 1354 3383 mag.)
1374 3333 1533 3366 maluerat
1555 3333 1650 3366 Beck
1676 3334 1689 3377 u
1714 3334 1756 3366 26
1779 3335 1899 3367 subscr.
1925 3330 1971 3367 δι.
1996 3333 2072 3367 xv.
2097 3335 2131 3369 k.
2156 3335 2224 3379 Μ.
2250 3335 2328 3369 biu-

115 3367 341 3405 διατσθειναι
421 3371 490 3416 ΙΙΊ
516 3372 689 3417 γενεσθαι
713 3387 781 3408 cum
802 3376 986 3419 Scnmyero
1006 3376 1094 3419 vulq.
1110 3375 1123 3419 fl
1142 3377 1185 3409 22
1254 3387 1342 3410 sano
1365 3387 1414 3410 vc.
1440 3387 1548 3411 conss.
1574 3378 1622 3412 Μ

114 3415 150 3448 οἳ
163 3416 307 3459 addidi}
326 3418 370 3450 24
392 3414 686 3462 περιποιήσωμεν
705 3419 746 3452 Μ
759 3419 773 3462 11
791 3421 833 3453 25
857 3423 918 3453 καὶ
941 3421 1004 3455 del.
1028 3421 1184 3459 Skutseh;

1987 3703 2058 3739 98*
