<?xml version="1.0" encoding="UTF-8"?>
<!DOCTYPE html PUBLIC "-//W3C//DTD XHTML 1.0 Transitional//EN"
    "http://www.w3.org/TR/xhtml1/DTD/xhtml1-transitional.dtd">
<html xmlns="http://www.w3.org/1999/xhtml" xml:lang="en" lang="en">
 <head>
  <title>
</title>
<meta http-equiv="Content-Type" content="text/html;charset=utf-8" />
  <meta name='ocr-system' content='tesseract 3.04.00' />
  <meta name='ocr-capabilities' content='ocr_page ocr_carea ocr_par ocr_line ocrx_word'/>
</head>
<body>
  <div class='ocr_page' id='page_1' title='image "./corpusjuriscivil00krueuoft_0642.png"; bbox 0 0 2476 3854; ppageno 0'>
   <div class='ocr_carea' id='block_1_1' title="bbox 123 76 639 126">
    <p class='ocr_par' dir='ltr' id='par_1_1' title="bbox 123 76 639 126">
     <span class='ocr_line' id='line_1_1' title="bbox 123 76 639 126; baseline 0.01 -5"><span class='ocrx_word' id='word_1_1' title='bbox 123 76 232 122; x_wconf 85' lang='lat' dir='ltr'>Nov.</span> <span class='ocrx_word' id='word_1_2' title='bbox 264 79 446 125; x_wconf 85' lang='lat' dir='ltr'>CXXIII</span> <span class='ocrx_word' id='word_1_3' title='bbox 476 83 639 126; x_wconf 85' lang='lat'><strong>29—31</strong></span> 
     </span>
    </p>
   </div>
   <div class='ocr_carea' id='block_1_2' title="bbox 119 189 1204 598">
    <p class='ocr_par' dir='ltr' id='par_1_2' title="bbox 119 189 1204 598">
     <span class='ocr_line' id='line_1_2' title="bbox 123 189 1204 241; baseline 0.006 -19"><span class='ocrx_word' id='word_1_4' title='bbox 123 191 184 223; x_wconf 81' lang='grc' dir='ltr'>καὶ</span> <span class='ocrx_word' id='word_1_5' title='bbox 206 191 283 226; x_wconf 81' lang='grc' dir='ltr'>τῶν</span> <span class='ocrx_word' id='word_1_6' title='bbox 307 189 430 227; x_wconf 78' lang='grc' dir='ltr'><strong><em>ἄλλων</em></strong></span> <span class='ocrx_word' id='word_1_7' title='bbox 452 189 667 239; x_wconf 80' lang='grc' dir='ltr'><strong><em>προςώπων,</em></strong></span> <span class='ocrx_word' id='word_1_8' title='bbox 690 189 800 228; x_wconf 83' lang='grc' dir='ltr'><strong><em>ἅτινα</em></strong></span> <span class='ocrx_word' id='word_1_9' title='bbox 817 192 943 228; x_wconf 76' lang='grc' dir='ltr'><strong><em>πᾶσαν</em></strong></span> <span class='ocrx_word' id='word_1_10' title='bbox 963 190 1127 241; x_wconf 77' lang='grc' dir='ltr'><strong><em>ὑποψίαν</em></strong></span> <span class='ocrx_word' id='word_1_11' title='bbox 1149 196 1204 230; x_wconf 87' lang='grc' dir='ltr'>ἐκ-</span> 
     </span>
     <span class='ocr_line' id='line_1_3' title="bbox 123 232 1200 287; baseline 0.007 -20"><span class='ocrx_word' id='word_1_12' title='bbox 123 232 253 281; x_wconf 80' lang='grc' dir='ltr'><em>φεύγει.</em></span> <span class='ocrx_word' id='word_1_13' title='bbox 300 238 337 271; x_wconf 81' lang='grc' dir='ltr'>εἴ</span> <span class='ocrx_word' id='word_1_14' title='bbox 355 249 407 272; x_wconf 86' lang='grc' dir='ltr'>τις</span> <span class='ocrx_word' id='word_1_15' title='bbox 430 236 469 272; x_wconf 79' lang='grc' dir='ltr'><strong><em>δὲ</em></strong></span> <span class='ocrx_word' id='word_1_16' title='bbox 491 236 589 283; x_wconf 78' lang='grc' dir='ltr'><strong><em>παρὰ</em></strong></span> <span class='ocrx_word' id='word_1_17' title='bbox 612 237 749 282; x_wconf 87' lang='grc' dir='ltr'><strong><em>ταύτην</em></strong></span> <span class='ocrx_word' id='word_1_18' title='bbox 772 238 840 282; x_wconf 89' lang='grc' dir='ltr'>τὴν</span> <span class='ocrx_word' id='word_1_19' title='bbox 858 239 1120 286; x_wconf 85' lang='grc' dir='ltr'><strong><em>παραφυλακὴν</em></strong></span> <span class='ocrx_word' id='word_1_20' title='bbox 1142 253 1200 287; x_wconf 89' lang='grc' dir='ltr'><strong><em>γυ-</em></strong></span> 
     </span>
     <span class='ocr_line' id='line_1_4' title="bbox 122 279 1200 330; baseline 0.006 -17"><span class='ocrx_word' id='word_1_21' title='bbox 122 283 228 314; x_wconf 84' lang='grc' dir='ltr'><strong><em>ναῖκα</em></strong></span> <span class='ocrx_word' id='word_1_22' title='bbox 253 283 293 316; x_wconf 90' lang='grc' dir='ltr'><strong><em>ἐν</em></strong></span> <span class='ocrx_word' id='word_1_23' title='bbox 316 284 368 325; x_wconf 78' lang='grc' dir='ltr'>τῷ</span> <span class='ocrx_word' id='word_1_24' title='bbox 394 281 475 326; x_wconf 85' lang='grc' dir='ltr'><strong><em>ἰδίῳ</em></strong></span> <span class='ocrx_word' id='word_1_25' title='bbox 500 283 586 326; x_wconf 83' lang='grc' dir='ltr'><strong><em>οἴκῳ</em></strong></span> <span class='ocrx_word' id='word_1_26' title='bbox 609 284 688 330; x_wconf 81' lang='grc' dir='ltr'><strong><em>σχῇ,</em></strong></span> <span class='ocrx_word' id='word_1_27' title='bbox 711 279 788 327; x_wconf 74' lang='grc' dir='ltr'><strong><em>ἥτις</em></strong></span> <span class='ocrx_word' id='word_1_28' title='bbox 812 281 965 319; x_wconf 90' lang='grc' dir='ltr'><strong><em>δύναται</em></strong></span> <span class='ocrx_word' id='word_1_29' title='bbox 990 281 1090 328; x_wconf 77' lang='grc' dir='ltr'><strong><em>αὐτῷ</em></strong></span> <span class='ocrx_word' id='word_1_30' title='bbox 1113 281 1200 321; x_wconf 78' lang='grc' dir='ltr'><strong><em>’ὕπο-</em></strong></span> 
     </span>
     <span class='ocr_line' id='line_1_5' title="bbox 122 324 1202 371; baseline 0.006 -13"><span class='ocrx_word' id='word_1_31' title='bbox 122 328 215 370; x_wconf 76' lang='grc' dir='ltr'><strong><em>ψίαν</em></strong></span> <span class='ocrx_word' id='word_1_32' title='bbox 249 327 405 371; x_wconf 72' lang='grc' dir='ltr'><strong><em>ἐπάγειν,</em></strong></span> <span class='ocrx_word' id='word_1_33' title='bbox 442 331 501 361; x_wconf 81' lang='grc' dir='ltr'>καὶ</span> <span class='ocrx_word' id='word_1_34' title='bbox 536 324 636 369; x_wconf 79' lang='grc' dir='ltr'><strong><em>ἅπαξ</em></strong></span> <span class='ocrx_word' id='word_1_35' title='bbox 670 331 731 362; x_wconf 78' lang='grc' dir='ltr'>καὶ</span> <span class='ocrx_word' id='word_1_36' title='bbox 765 326 819 364; x_wconf 85' lang='grc' dir='ltr'>δὶς</span> <span class='ocrx_word' id='word_1_37' title='bbox 858 326 875 338; x_wconf 70' lang='grc'><em>“</em></span> <span class='ocrx_word' id='word_1_38' title='bbox 906 326 977 365; x_wconf 77' lang='grc' dir='ltr'>ὑπὸ</span> <span class='ocrx_word' id='word_1_39' title='bbox 1013 332 1078 364; x_wconf 86' lang='grc' dir='ltr'>τοῦ</span> <span class='ocrx_word' id='word_1_40' title='bbox 1110 328 1202 365; x_wconf 81' lang='grc' dir='ltr'><strong><em>ἰδίου</em></strong></span> 
     </span>
     <span class='ocr_line' id='line_1_6' title="bbox 122 369 1201 421; baseline 0.006 -18"><span class='ocrx_word' id='word_1_41' title='bbox 122 370 321 407; x_wconf 77' lang='grc' dir='ltr'><strong><em>ἐπισκόπου</em></strong></span> <span class='ocrx_word' id='word_1_42' title='bbox 356 369 378 415; x_wconf 81' lang='grc' dir='ltr'><em>ἢ</em></span> <span class='ocrx_word' id='word_1_43' title='bbox 410 369 481 407; x_wconf 82' lang='grc' dir='ltr'>ὑπὸ</span> <span class='ocrx_word' id='word_1_44' title='bbox 514 374 592 407; x_wconf 82' lang='grc' dir='ltr'>τῶν</span> <span class='ocrx_word' id='word_1_45' title='bbox 622 371 728 407; x_wconf 82' lang='grc' dir='ltr'><em>ἰδίων</em></span> <span class='ocrx_word' id='word_1_46' title='bbox 762 384 850 421; x_wconf 88' lang='grc' dir='ltr'><strong><em>συγκ</em></strong></span> <span class='ocrx_word' id='word_1_47' title='bbox 872 376 1007 420; x_wconf 72' lang='grc' dir='ltr'><strong><em>ηρικᾱίν</em></strong></span> <span class='ocrx_word' id='word_1_48' title='bbox 1041 373 1201 420; x_wconf 77' lang='grc' dir='ltr'><strong><em>ὑπομνη-</em></strong></span> 
     </span>
     <span class='ocr_line' id='line_1_7' title="bbox 122 413 1202 465; baseline 0.006 -16"><span class='ocrx_word' id='word_1_49' title='bbox 122 416 241 459; x_wconf 81' lang='grc' dir='ltr'><strong><em>σθείς,</em></strong></span> <span class='ocrx_word' id='word_1_50' title='bbox 274 413 362 451; x_wconf 76' lang='grc' dir='ltr'><strong><em>ὥςτε</em></strong></span> <span class='ocrx_word' id='word_1_51' title='bbox 384 417 476 461; x_wconf 82' lang='grc' dir='ltr'><strong><em>μετὰ</em></strong></span> <span class='ocrx_word' id='word_1_52' title='bbox 500 418 666 462; x_wconf 77' lang='grc' dir='ltr'><strong><em>τοιαύτης</em></strong></span> <span class='ocrx_word' id='word_1_53' title='bbox 687 418 856 465; x_wconf 86' lang='grc' dir='ltr'><strong><em>γυναικὸς</em></strong></span> <span class='ocrx_word' id='word_1_54' title='bbox 877 419 926 464; x_wconf 87' lang='grc' dir='ltr'>μὴ</span> <span class='ocrx_word' id='word_1_55' title='bbox 952 421 1072 462; x_wconf 83' lang='grc' dir='ltr'><strong><em>οἰκεῖν,</em></strong></span> <span class='ocrx_word' id='word_1_56' title='bbox 1097 422 1202 465; x_wconf 84' lang='grc' dir='ltr'><strong><em>ἐκβα-</em></strong></span> 
     </span>
     <span class='ocr_line' id='line_1_8' title="bbox 120 458 1201 512; baseline 0.006 -18"><span class='ocrx_word' id='word_1_57' title='bbox 120 460 195 495; x_wconf 86' lang='grc' dir='ltr'><strong><em>λεῖν</em></strong></span> <span class='ocrx_word' id='word_1_58' title='bbox 217 458 330 505; x_wconf 74' lang='grc' dir='ltr'><strong><em>αὐτὴν</em></strong></span> <span class='ocrx_word' id='word_1_59' title='bbox 351 463 389 496; x_wconf 83' lang='grc' dir='ltr'>ἐκ</span> <span class='ocrx_word' id='word_1_60' title='bbox 409 463 474 497; x_wconf 79' lang='grc' dir='ltr'>τοῦ</span> <span class='ocrx_word' id='word_1_61' title='bbox 491 461 583 497; x_wconf 91' lang='grc' dir='ltr'><strong><em>ἰδίου</em></strong></span> <span class='ocrx_word' id='word_1_62' title='bbox 603 464 700 498; x_wconf 80' lang='grc' dir='ltr'><strong><em>οἴκου</em></strong></span> <span class='ocrx_word' id='word_1_63' title='bbox 718 464 767 508; x_wconf 89' lang='grc' dir='ltr'>μὴ</span> <span class='ocrx_word' id='word_1_64' title='bbox 785 464 935 512; x_wconf 83' lang='grc' dir='ltr'><strong><em>θελήσῃ,</em></strong></span> <span class='ocrx_word' id='word_1_65' title='bbox 959 463 984 509; x_wconf 84' lang='grc' dir='ltr'><em>ἢ</em></span> <span class='ocrx_word' id='word_1_66' title='bbox 1003 466 1201 512; x_wconf 79' lang='grc' dir='ltr'><strong><em>κατηγόρου</em></strong></span> 
     </span>
     <span class='ocr_line' id='line_1_9' title="bbox 121 505 1201 558; baseline 0.006 -19"><span class='ocrx_word' id='word_1_67' title='bbox 121 510 340 551; x_wconf 76' lang='grc' dir='ltr'><strong><em>φαινομένου</em></strong></span> <span class='ocrx_word' id='word_1_68' title='bbox 365 505 569 555; x_wconf 72' lang='grc' dir='ltr'><strong><em>ἀποδειχθῇ</em></strong></span> <span class='ocrx_word' id='word_1_69' title='bbox 592 505 757 553; x_wconf 79' lang='grc' dir='ltr'><strong><em>ἇσέμνως</em></strong></span> <span class='ocrx_word' id='word_1_70' title='bbox 778 510 871 554; x_wconf 84' lang='grc' dir='ltr'><strong><em>μετὰ</em></strong></span> <span class='ocrx_word' id='word_1_71' title='bbox 893 509 1059 555; x_wconf 87' lang='grc' dir='ltr'><strong><em>τοιαύτης</em></strong></span> <span class='ocrx_word' id='word_1_72' title='bbox 1079 524 1201 558; x_wconf 85' lang='grc' dir='ltr'><strong><em>γυναι-</em></strong></span> 
     </span>
     <span class='ocr_line' id='line_1_10' title="bbox 119 549 1200 598; baseline 0.005 -14"><span class='ocrx_word' id='word_1_73' title='bbox 119 549 180 585; x_wconf 84' lang='grc' dir='ltr'>κὸς</span> <span class='ocrx_word' id='word_1_74' title='bbox 213 549 529 598; x_wconf 77' lang='grc' dir='ltr'><strong><em>ἀναστρέφεσθαι,</em></strong></span> <span class='ocrx_word' id='word_1_75' title='bbox 570 555 770 596; x_wconf 79' lang='grc' dir='ltr'><strong><em>τηνικαῦτα</em></strong></span> <span class='ocrx_word' id='word_1_76' title='bbox 805 551 825 588; x_wconf 89' lang='grc' dir='ltr'>ὁ</span> <span class='ocrx_word' id='word_1_77' title='bbox 862 557 1054 591; x_wconf 75' lang='grc' dir='ltr'><strong><em>ἐπίσκοπος</em></strong></span> <span class='ocrx_word' id='word_1_78' title='bbox 1088 554 1200 591; x_wconf 75' lang='grc' dir='ltr'><strong><em>αὐτοῦ</em></strong></span> 
     </span>
    </p>
   </div>
   <div class='ocr_carea' id='block_1_3' title="bbox 1188 79 1270 129">
    <p class='ocr_par' dir='ltr' id='par_1_3' title="bbox 1188 79 1270 129">
     <span class='ocr_line' id='line_1_11' title="bbox 1188 79 1270 129; baseline 0 0"><span class='ocrx_word' id='word_1_79' title='bbox 1188 79 1270 129; x_wconf 82' lang='grc'>616</span> 
     </span>
    </p>
   </div>
   <div class='ocr_carea' id='block_1_4' title="bbox 1958 100 2347 137">
    <p class='ocr_par' dir='ltr' id='par_1_4' title="bbox 1958 100 2347 137">
     <span class='ocr_line' id='line_1_12' title="bbox 1958 100 2347 137; baseline 0.01 -4"><span class='ocrx_word' id='word_1_80' title='bbox 1958 102 2019 133; x_wconf 82' lang='lat' dir='ltr'>DE</span> <span class='ocrx_word' id='word_1_81' title='bbox 2048 100 2347 137; x_wconf 73' lang='lat' dir='ltr'>SANCTISSIMIS</span> 
     </span>
    </p>
   </div>
   <div class='ocr_carea' id='block_1_5' title="bbox 1271 198 2348 249">
    <p class='ocr_par' dir='ltr' id='par_1_5' title="bbox 1271 198 2348 249">
     <span class='ocr_line' id='line_1_13' title="bbox 1271 198 2348 249; baseline 0.007 -18"><span class='ocrx_word' id='word_1_82' title='bbox 1271 206 1462 249; x_wconf 79' lang='lat' dir='ltr'>personas,</span> <span class='ocrx_word' id='word_1_83' title='bbox 1503 205 1595 243; x_wconf 85' lang='lat' dir='ltr'>quae</span> <span class='ocrx_word' id='word_1_84' title='bbox 1628 207 1766 235; x_wconf 92' lang='lat' dir='ltr'>omnem</span> <span class='ocrx_word' id='word_1_85' title='bbox 1808 198 2045 245; x_wconf 80' lang='lat' dir='ltr'><strong>suspicionem</strong></span> <span class='ocrx_word' id='word_1_86' title='bbox 2081 201 2262 247; x_wconf 83' lang='lat' dir='ltr'>effugiunt.</span> <span class='ocrx_word' id='word_1_87' title='bbox 2309 202 2348 239; x_wconf 87' lang='lat' dir='ltr'>Si</span> 
     </span>
    </p>
   </div>
   <div class='ocr_carea' id='block_1_6' title="bbox 1237 242 2348 558">
    <p class='ocr_par' dir='ltr' id='par_1_6' title="bbox 1237 242 2348 558">
     <span class='ocr_line' id='line_1_14' title="bbox 1269 242 2347 289; baseline 0.007 -13"><span class='ocrx_word' id='word_1_88' title='bbox 1269 252 1348 286; x_wconf 83' lang='lat' dir='ltr'>quis</span> <span class='ocrx_word' id='word_1_89' title='bbox 1379 243 1500 278; x_wconf 85' lang='lat' dir='ltr'>autem</span> <span class='ocrx_word' id='word_1_90' title='bbox 1535 242 1670 289; x_wconf 78' lang='lat' dir='ltr'>absque</span> <span class='ocrx_word' id='word_1_91' title='bbox 1708 244 1778 280; x_wconf 83' lang='lat' dir='ltr'>hac</span> <span class='ocrx_word' id='word_1_92' title='bbox 1813 245 2058 282; x_wconf 83' lang='lat' dir='ltr'>observatione</span> <span class='ocrx_word' id='word_1_93' title='bbox 2093 248 2276 283; x_wconf 89' lang='lat' dir='ltr'>mulierem</span> <span class='ocrx_word' id='word_1_94' title='bbox 2309 248 2347 284; x_wconf 92' lang='lat' dir='ltr'>in</span> 
     </span>
     <span class='ocr_line' id='line_1_15' title="bbox 1269 286 2347 337; baseline 0.007 -16"><span class='ocrx_word' id='word_1_95' title='bbox 1269 296 1335 322; x_wconf 81' lang='lat' dir='ltr'>sua</span> <span class='ocrx_word' id='word_1_96' title='bbox 1358 286 1462 323; x_wconf 89' lang='lat' dir='ltr'>domo</span> <span class='ocrx_word' id='word_1_97' title='bbox 1485 287 1595 323; x_wconf 80' lang='lat' dir='ltr'>habet</span> <span class='ocrx_word' id='word_1_98' title='bbox 1623 298 1714 333; x_wconf 82' lang='lat' dir='ltr'>quae</span> <span class='ocrx_word' id='word_1_99' title='bbox 1736 292 1858 335; x_wconf 87' lang='lat' dir='ltr'>potest</span> <span class='ocrx_word' id='word_1_100' title='bbox 1885 290 1918 327; x_wconf 89' lang='lat' dir='ltr'>ei</span> <span class='ocrx_word' id='word_1_101' title='bbox 1941 292 2179 337; x_wconf 80' lang='lat' dir='ltr'>suspicionem</span> <span class='ocrx_word' id='word_1_102' title='bbox 2203 292 2347 336; x_wconf 86' lang='lat' dir='ltr'>inferre,</span> 
     </span>
     <span class='ocr_line' id='line_1_16' title="bbox 1270 332 2347 382; baseline 0.007 -16"><span class='ocrx_word' id='word_1_103' title='bbox 1270 334 1306 367; x_wconf 91' lang='lat' dir='ltr'>et</span> <span class='ocrx_word' id='word_1_104' title='bbox 1329 332 1438 367; x_wconf 89' lang='lat' dir='ltr'>semel</span> <span class='ocrx_word' id='word_1_105' title='bbox 1461 334 1498 368; x_wconf 84' lang='lat' dir='ltr'>et</span> <span class='ocrx_word' id='word_1_106' title='bbox 1521 334 1677 370; x_wconf 89' lang='lat' dir='ltr'>secundo</span> <span class='ocrx_word' id='word_1_107' title='bbox 1702 344 1725 369; x_wconf 81' lang='lat' dir='ltr'>a</span> <span class='ocrx_word' id='word_1_108' title='bbox 1749 345 1814 371; x_wconf 91' lang='lat' dir='ltr'>suo</span> <span class='ocrx_word' id='word_1_109' title='bbox 1837 335 2006 382; x_wconf 88' lang='lat' dir='ltr'>episcopo</span> <span class='ocrx_word' id='word_1_110' title='bbox 2032 341 2096 372; x_wconf 86' lang='lat' dir='ltr'>aut</span> <span class='ocrx_word' id='word_1_111' title='bbox 2110 347 2133 373; x_wconf 82' lang='lat' dir='ltr'>a</span> <span class='ocrx_word' id='word_1_112' title='bbox 2150 337 2224 374; x_wconf 87' lang='lat' dir='ltr'>suis</span> <span class='ocrx_word' id='word_1_113' title='bbox 2245 338 2347 374; x_wconf 85' lang='lat' dir='ltr'>cleri-</span> 
     </span>
     <span class='ocr_line' id='line_1_17' title="bbox 1237 376 2348 427; baseline 0.007 -16"><span class='ocrx_word' id='word_1_114' title='bbox 1237 378 1257 411; x_wconf 87' lang='lat'>5</span> <span class='ocrx_word' id='word_1_115' title='bbox 1271 376 1322 412; x_wconf 87' lang='lat' dir='ltr'>cis</span> <span class='ocrx_word' id='word_1_116' title='bbox 1345 377 1559 421; x_wconf 84' lang='lat' dir='ltr'>admonitus,</span> <span class='ocrx_word' id='word_1_117' title='bbox 1583 389 1628 414; x_wconf 89' lang='lat' dir='ltr'>ne</span> <span class='ocrx_word' id='word_1_118' title='bbox 1651 389 1732 415; x_wconf 85' lang='lat' dir='ltr'>oum</span> <span class='ocrx_word' id='word_1_119' title='bbox 1755 380 1819 415; x_wconf 86' lang='lat' dir='ltr'>tali</span> <span class='ocrx_word' id='word_1_120' title='bbox 1842 381 1989 417; x_wconf 87' lang='lat' dir='ltr'>muliere</span> <span class='ocrx_word' id='word_1_121' title='bbox 2012 381 2208 427; x_wconf 79' lang='lat' dir='ltr'>habitaret,</span> <span class='ocrx_word' id='word_1_122' title='bbox 2232 382 2348 419; x_wconf 87' lang='lat' dir='ltr'>eicere</span> 
     </span>
     <span class='ocr_line' id='line_1_18' title="bbox 1269 423 2346 474; baseline 0.006 -17"><span class='ocrx_word' id='word_1_123' title='bbox 1269 431 1348 457; x_wconf 83' lang='lat' dir='ltr'>eam</span> <span class='ocrx_word' id='word_1_124' title='bbox 1379 423 1423 459; x_wconf 89' lang='lat' dir='ltr'>de</span> <span class='ocrx_word' id='word_1_125' title='bbox 1453 433 1519 459; x_wconf 81' lang='lat' dir='ltr'>sua</span> <span class='ocrx_word' id='word_1_126' title='bbox 1554 423 1657 460; x_wconf 89' lang='lat' dir='ltr'>domo</span> <span class='ocrx_word' id='word_1_127' title='bbox 1689 425 1862 468; x_wconf 87' lang='lat' dir='ltr'>noluerit,</span> <span class='ocrx_word' id='word_1_128' title='bbox 1897 429 1963 462; x_wconf 80' lang='lat' dir='ltr'>aut</span> <span class='ocrx_word' id='word_1_129' title='bbox 1992 431 2203 464; x_wconf 79' lang='lat' dir='ltr'><strong>accusatore</strong></span> <span class='ocrx_word' id='word_1_130' title='bbox 2236 437 2346 474; x_wconf 82' lang='lat' dir='ltr'>appa-</span> 
     </span>
     <span class='ocr_line' id='line_1_19' title="bbox 1269 468 2347 517; baseline 0.007 -16"><span class='ocrx_word' id='word_1_131' title='bbox 1269 470 1370 502; x_wconf 81' lang='lat' dir='ltr'>rente</span> <span class='ocrx_word' id='word_1_132' title='bbox 1404 468 1576 512; x_wconf 87' lang='lat' dir='ltr'>probetur</span> <span class='ocrx_word' id='word_1_133' title='bbox 1609 469 1797 506; x_wconf 85' lang='lat' dir='ltr'>inhoneste</span> <span class='ocrx_word' id='word_1_134' title='bbox 1834 481 1914 506; x_wconf 90' lang='lat' dir='ltr'>cum</span> <span class='ocrx_word' id='word_1_135' title='bbox 1948 471 2097 508; x_wconf 91' lang='lat' dir='ltr'>muliere</span> <span class='ocrx_word' id='word_1_136' title='bbox 2133 472 2347 517; x_wconf 79' lang='lat' dir='ltr'>conversari,</span> 
     </span>
     <span class='ocr_line' id='line_1_20' title="bbox 1268 512 2348 558; baseline 0.006 -11"><span class='ocrx_word' id='word_1_137' title='bbox 1268 515 1355 547; x_wconf 88' lang='lat' dir='ltr'>tunc</span> <span class='ocrx_word' id='word_1_138' title='bbox 1376 512 1566 558; x_wconf 87' lang='lat' dir='ltr'>episcopus</span> <span class='ocrx_word' id='word_1_139' title='bbox 1588 513 1664 550; x_wconf 89' lang='lat' dir='ltr'>eius</span> <span class='ocrx_word' id='word_1_140' title='bbox 1688 515 1883 551; x_wconf 91' lang='lat' dir='ltr'>secundum</span> <span class='ocrx_word' id='word_1_141' title='bbox 1907 517 2168 554; x_wconf 82' lang='lat' dir='ltr'>ecclesiasticos</span> <span class='ocrx_word' id='word_1_142' title='bbox 2191 527 2348 555; x_wconf 88' lang='lat' dir='ltr'>canones</span> 
     </span>
    </p>
   </div>
   <div class='ocr_carea' id='block_1_7' title="bbox 1270 557 2347 599">
    <p class='ocr_par' dir='ltr' id='par_1_7' title="bbox 1270 557 2347 599">
     <span class='ocr_line' id='line_1_21' title="bbox 1270 557 2347 599; baseline 0.006 -7"><span class='ocrx_word' id='word_1_143' title='bbox 1270 557 1364 593; x_wconf 90' lang='lat' dir='ltr'>clero</span> <span class='ocrx_word' id='word_1_144' title='bbox 1401 567 1482 593; x_wconf 86' lang='lat' dir='ltr'>eum</span> <span class='ocrx_word' id='word_1_145' title='bbox 1513 561 1676 595; x_wconf 85' lang='lat' dir='ltr'>amoveat</span> <span class='ocrx_word' id='word_1_146' title='bbox 1712 561 1830 596; x_wconf 88' lang='lat' dir='ltr'>curiae</span> <span class='ocrx_word' id='word_1_147' title='bbox 1864 561 2015 597; x_wconf 82' lang='lat' dir='ltr'>civitatis</span> <span class='ocrx_word' id='word_1_148' title='bbox 2061 563 2162 599; x_wconf 87' lang='lat' dir='ltr'>cuius</span> <span class='ocrx_word' id='word_1_149' title='bbox 2197 562 2347 599; x_wconf 85' lang='lat' dir='ltr'>clericus</span> 
     </span>
    </p>
   </div>
   <div class='ocr_carea' id='block_1_8' title="bbox 119 595 2347 661">
    <p class='ocr_par' dir='ltr' id='par_1_8' title="bbox 119 595 2347 661">
     <span class='ocr_line' id='line_1_22' title="bbox 119 595 2347 661; baseline 0.007 -33"><span class='ocrx_word' id='word_1_150' title='bbox 119 595 209 629; x_wconf 79' lang='grc' dir='ltr'><strong><em>κατὰ</em></strong></span> <span class='ocrx_word' id='word_1_151' title='bbox 235 596 317 631; x_wconf 78' lang='grc' dir='ltr'><strong><em>τοὺς</em></strong></span> <span class='ocrx_word' id='word_1_152' title='bbox 341 597 650 640; x_wconf 76' lang='grc' dir='ltr'><strong><em>ἐκκλησιαστικοὺς</em></strong></span> <span class='ocrx_word' id='word_1_153' title='bbox 673 597 831 644; x_wconf 65' lang='grc' dir='ltr'><strong><em>κανόνας</em></strong></span> <span class='ocrx_word' id='word_1_154' title='bbox 853 602 920 635; x_wconf 82' lang='grc' dir='ltr'>τοῦ</span> <span class='ocrx_word' id='word_1_155' title='bbox 939 599 1065 656; x_wconf 52' lang='grc' dir='ltr'><strong><em>κλήριζυ</em></strong></span> <span class='ocrx_word' id='word_1_156' title='bbox 1086 598 1201 636; x_wconf 72' lang='grc' dir='ltr'><strong><em>αὐτὸν</em></strong></span> <span class='ocrx_word' id='word_1_157' title='bbox 1216 604 1256 637; x_wconf 90' lang='grc'>10</span> <span class='ocrx_word' id='word_1_158' title='bbox 1270 606 1346 637; x_wconf 82' lang='lat' dir='ltr'>erat</span> <span class='ocrx_word' id='word_1_159' title='bbox 1369 603 1591 639; x_wconf 81' lang='lat' dir='ltr'>tradendum.</span> <span class='ocrx_word' id='word_1_160' title='bbox 1632 604 1852 651; x_wconf 84' lang='lat' dir='ltr'><strong>Episcopum</strong></span> <span class='ocrx_word' id='word_1_161' title='bbox 1867 616 1950 642; x_wconf 88' lang='lat' dir='ltr'>vero</span> <span class='ocrx_word' id='word_1_162' title='bbox 1966 607 2098 643; x_wconf 83' lang='lat' dir='ltr'>nullam</span> <span class='ocrx_word' id='word_1_163' title='bbox 2114 608 2256 661; x_wconf 85' lang='lat' dir='ltr'>penitus</span> <span class='ocrx_word' id='word_1_164' title='bbox 2271 618 2347 644; x_wconf 89' lang='lat' dir='ltr'>mu-</span> 
     </span>
    </p>
   </div>
   <div class='ocr_carea' id='block_1_9' title="bbox 117 640 1203 783">
    <p class='ocr_par' dir='ltr' id='par_1_9' title="bbox 117 640 1203 783">
     <span class='ocr_line' id='line_1_23' title="bbox 119 640 1201 692; baseline 0.007 -19"><span class='ocrx_word' id='word_1_165' title='bbox 119 640 332 684; x_wconf 78' lang='grc' dir='ltr'><strong><em>έκβαλλέτω,</em></strong></span> <span class='ocrx_word' id='word_1_166' title='bbox 352 643 397 688; x_wconf 83' lang='grc' dir='ltr'>τῇ</span> <span class='ocrx_word' id='word_1_167' title='bbox 413 642 524 690; x_wconf 81' lang='grc' dir='ltr'><strong><em>βουλῇ</em></strong></span> <span class='ocrx_word' id='word_1_168' title='bbox 546 645 609 687; x_wconf 82' lang='grc' dir='ltr'>τῆς</span> <span class='ocrx_word' id='word_1_169' title='bbox 625 643 764 679; x_wconf 82' lang='grc' dir='ltr'><strong><em>πόλεως</em></strong></span> <span class='ocrx_word' id='word_1_170' title='bbox 793 645 823 679; x_wconf 71' lang='grc' dir='ltr'><strong><em>’ς</em></strong></span> <span class='ocrx_word' id='word_1_171' title='bbox 843 644 1006 692; x_wconf 83' lang='grc' dir='ltr'><strong><em>κληρικος</em></strong></span> <span class='ocrx_word' id='word_1_172' title='bbox 1023 661 1069 690; x_wconf 88' lang='grc' dir='ltr'>ην</span> <span class='ocrx_word' id='word_1_173' title='bbox 1085 658 1201 692; x_wconf 87' lang='grc' dir='ltr'><strong><em>παρα-</em></strong></span> 
     </span>
     <span class='ocr_line' id='line_1_24' title="bbox 119 683 1201 738; baseline 0.006 -19"><span class='ocrx_word' id='word_1_174' title='bbox 119 683 380 731; x_wconf 85' lang='grc' dir='ltr'><strong><em>δοθησόμενον.</em></strong></span> <span class='ocrx_word' id='word_1_175' title='bbox 426 685 647 724; x_wconf 83' lang='grc' dir='ltr'><strong><em>Ἑπίσκοπον</em></strong></span> <span class='ocrx_word' id='word_1_176' title='bbox 671 687 712 723; x_wconf 80' lang='grc' dir='ltr'><strong><em>δὲ</em></strong></span> <span class='ocrx_word' id='word_1_177' title='bbox 732 703 781 734; x_wconf 90' lang='grc' dir='ltr'><strong><em>μη</em></strong></span> <span class='ocrx_word' id='word_1_178' title='bbox 807 694 912 735; x_wconf 89' lang='grc' dir='ltr'><strong><em>εμίαν</em></strong></span> <span class='ocrx_word' id='word_1_179' title='bbox 935 690 1121 726; x_wconf 77' lang='grc' dir='ltr'><strong><em>παντελῶς</em></strong></span> <span class='ocrx_word' id='word_1_180' title='bbox 1142 705 1201 738; x_wconf 85' lang='grc' dir='ltr'><strong><em>γυ-</em></strong></span> 
     </span>
     <span class='ocr_line' id='line_1_25' title="bbox 117 729 1203 783; baseline 0.006 -19"><span class='ocrx_word' id='word_1_181' title='bbox 117 734 224 765; x_wconf 89' lang='grc' dir='ltr'><strong><em>ναῖκα</em></strong></span> <span class='ocrx_word' id='word_1_182' title='bbox 255 733 349 774; x_wconf 69' lang='grc' dir='ltr'><strong><em>ἐχειν</em></strong></span> <span class='ocrx_word' id='word_1_183' title='bbox 379 729 402 776; x_wconf 83' lang='grc' dir='ltr'><em>ἢ</em></span> <span class='ocrx_word' id='word_1_184' title='bbox 424 732 504 777; x_wconf 82' lang='grc' dir='ltr'><strong><em>μετ’</em></strong></span> <span class='ocrx_word' id='word_1_185' title='bbox 532 731 642 777; x_wconf 72' lang='grc' dir='ltr'><strong><em>αὐτῆς</em></strong></span> <span class='ocrx_word' id='word_1_186' title='bbox 664 735 773 770; x_wconf 82' lang='grc' dir='ltr'><strong><em>οἰκεῖν</em></strong></span> <span class='ocrx_word' id='word_1_187' title='bbox 796 738 1059 783; x_wconf 82' lang='grc' dir='ltr'><strong><em>συγχωροῦμεν.</em></strong></span> <span class='ocrx_word' id='word_1_188' title='bbox 1107 738 1138 771; x_wconf 86' lang='grc' dir='ltr'>εἰ</span> <span class='ocrx_word' id='word_1_189' title='bbox 1162 735 1203 771; x_wconf 78' lang='grc' dir='ltr'><strong><em>δὲ</em></strong></span> 
     </span>
    </p>
   </div>
   <div class='ocr_carea' id='block_1_10' title="bbox 118 772 1201 834">
    <p class='ocr_par' dir='ltr' id='par_1_10' title="bbox 118 772 1201 834">
     <span class='ocr_line' id='line_1_26' title="bbox 118 772 1201 834; baseline 0.007 -25"><span class='ocrx_word' id='word_1_190' title='bbox 118 772 354 819; x_wconf 72' lang='grc' dir='ltr'><strong><em>ἀποδειχθείη</em></strong></span> <span class='ocrx_word' id='word_1_191' title='bbox 376 779 485 813; x_wconf 75' lang='grc' dir='ltr'><strong><em>τοῦτο</em></strong></span> <span class='ocrx_word' id='word_1_192' title='bbox 499 777 675 834; x_wconf 22' lang='grc' dir='ltr'><strong><em>μῃδῖαμως</em></strong></span> <span class='ocrx_word' id='word_1_193' title='bbox 691 780 958 827; x_wconf 78' lang='grc' dir='ltr'><strong><em>παραφυλάξας,</em></strong></span> <span class='ocrx_word' id='word_1_194' title='bbox 980 793 1044 826; x_wconf 88' lang='grc' dir='ltr'>της</span> <span class='ocrx_word' id='word_1_195' title='bbox 1058 784 1201 817; x_wconf 85' lang='grc' dir='ltr'><strong><em>ἐπισκο-</em></strong></span> 
     </span>
    </p>
   </div>
   <div class='ocr_carea' id='block_1_11' title="bbox 116 821 1258 872">
    <p class='ocr_par' dir='ltr' id='par_1_11' title="bbox 116 821 1258 872">
     <span class='ocr_line' id='line_1_27' title="bbox 116 821 1258 872; baseline 0.008 -18"><span class='ocrx_word' id='word_1_196' title='bbox 116 821 186 864; x_wconf 81' lang='grc' dir='ltr'>πῆς</span> <span class='ocrx_word' id='word_1_197' title='bbox 209 821 466 865; x_wconf 81' lang='grc' dir='ltr'><strong><em>ἐκβαλλέσθω·</em></strong></span> <span class='ocrx_word' id='word_1_198' title='bbox 493 835 602 858; x_wconf 89' lang='grc' dir='ltr'><strong><em>αυτος</em></strong></span> <span class='ocrx_word' id='word_1_199' title='bbox 623 824 693 872; x_wconf 86' lang='grc' dir='ltr'>γὰρ</span> <span class='ocrx_word' id='word_1_200' title='bbox 714 825 847 861; x_wconf 80' lang='grc' dir='ltr'><strong><em>ἑαυτὸν</em></strong></span> <span class='ocrx_word' id='word_1_201' title='bbox 869 823 1023 868; x_wconf 81' lang='grc' dir='ltr'><strong><em>ἀνάξιον</em></strong></span> <span class='ocrx_word' id='word_1_202' title='bbox 1045 825 1202 863; x_wconf 83' lang='grc' dir='ltr'><strong><em>δείκνυσι</em></strong></span> <span class='ocrx_word' id='word_1_203' title='bbox 1217 830 1258 863; x_wconf 82' lang='lat'>15</span> 
     </span>
    </p>
   </div>
   <div class='ocr_carea' id='block_1_12' title="bbox 115 865 405 913">
    <p class='ocr_par' dir='ltr' id='par_1_12' title="bbox 115 865 405 913">
     <span class='ocr_line' id='line_1_28' title="bbox 115 865 405 913; baseline 0.014 -14"><span class='ocrx_word' id='word_1_204' title='bbox 115 865 179 910; x_wconf 82' lang='grc' dir='ltr'>τῆς</span> <span class='ocrx_word' id='word_1_205' title='bbox 203 866 405 913; x_wconf 85' lang='grc' dir='ltr'><strong><em>ἱερωσύνης.</em></strong></span> 
     </span>
    </p>
   </div>
   <div class='ocr_carea' id='block_1_13' title="bbox 1269 648 2348 819">
    <p class='ocr_par' dir='ltr' id='par_1_13' title="bbox 1269 648 2348 819">
     <span class='ocr_line' id='line_1_29' title="bbox 1269 648 2347 697; baseline 0.006 -15"><span class='ocrx_word' id='word_1_206' title='bbox 1269 648 1389 683; x_wconf 86' lang='lat' dir='ltr'>lierem</span> <span class='ocrx_word' id='word_1_207' title='bbox 1412 648 1546 683; x_wconf 84' lang='lat' dir='ltr'>habere</span> <span class='ocrx_word' id='word_1_208' title='bbox 1569 651 1634 685; x_wconf 87' lang='lat' dir='ltr'>aut</span> <span class='ocrx_word' id='word_1_209' title='bbox 1657 660 1738 685; x_wconf 89' lang='lat' dir='ltr'>cum</span> <span class='ocrx_word' id='word_1_210' title='bbox 1761 661 1804 686; x_wconf 84' lang='lat' dir='ltr'>ea</span> <span class='ocrx_word' id='word_1_211' title='bbox 1827 651 1990 688; x_wconf 84' lang='lat' dir='ltr'>habitare</span> <span class='ocrx_word' id='word_1_212' title='bbox 2015 653 2261 697; x_wconf 78' lang='lat' dir='ltr'>permlttimus.</span> <span class='ocrx_word' id='word_1_213' title='bbox 2309 652 2347 689; x_wconf 89' lang='lat' dir='ltr'>Si</span> 
     </span>
     <span class='ocr_line' id='line_1_30' title="bbox 1270 694 2346 744; baseline 0.007 -16"><span class='ocrx_word' id='word_1_214' title='bbox 1270 695 1389 729; x_wconf 86' lang='lat' dir='ltr'>autem</span> <span class='ocrx_word' id='word_1_215' title='bbox 1419 694 1591 738; x_wconf 83' lang='lat' dir='ltr'><strong>probetur</strong></span> <span class='ocrx_word' id='word_1_216' title='bbox 1619 694 1688 730; x_wconf 90' lang='lat' dir='ltr'>hoc</span> <span class='ocrx_word' id='word_1_217' title='bbox 1711 705 1936 741; x_wconf 82' lang='lat' dir='ltr'><strong>nequaquam</strong></span> <span class='ocrx_word' id='word_1_218' title='bbox 1959 697 2174 741; x_wconf 87' lang='lat' dir='ltr'>custodiens,</span> <span class='ocrx_word' id='word_1_219' title='bbox 2206 698 2346 744; x_wconf 88' lang='lat' dir='ltr'>episco-</span> 
     </span>
     <span class='ocr_line' id='line_1_31' title="bbox 1269 738 2348 819; baseline 0.007 -47"><span class='ocrx_word' id='word_1_220' title='bbox 1269 738 1606 819; x_wconf 44' lang='lat' dir='ltr'>pgttzgrdpngciatur:</span> <span class='ocrx_word' id='word_1_221' title='bbox 1648 739 1728 785; x_wconf 90' lang='lat' dir='ltr'>ipse</span> <span class='ocrx_word' id='word_1_222' title='bbox 1760 741 1854 776; x_wconf 88' lang='lat' dir='ltr'>enim</span> <span class='ocrx_word' id='word_1_223' title='bbox 1896 750 1936 777; x_wconf 86' lang='lat' dir='ltr'>se</span> <span class='ocrx_word' id='word_1_224' title='bbox 1969 742 2151 815; x_wconf 84' lang='lat' dir='ltr'>indignum</span> <span class='ocrx_word' id='word_1_225' title='bbox 2192 743 2348 780; x_wconf 83' lang='lat' dir='ltr'>ostendit</span> 
     </span>
    </p>
   </div>
   <div class='ocr_carea' id='block_1_14' title="bbox 1083 961 1380 999">
    <p class='ocr_par' dir='ltr' id='par_1_14' title="bbox 1083 961 1380 999">
     <span class='ocr_line' id='line_1_32' title="bbox 1083 961 1380 999; baseline 0 -1"><span class='ocrx_word' id='word_1_226' title='bbox 1083 961 1241 999; x_wconf 86' lang='lat' dir='ltr'><strong>CAPUT</strong></span> <span class='ocrx_word' id='word_1_227' title='bbox 1265 961 1380 998; x_wconf 91' lang='lat' dir='ltr'>XXX.</span> 
     </span>
    </p>
   </div>
   <div class='ocr_carea' id='block_1_15' title="bbox 116 1022 1200 1130">
    <p class='ocr_par' dir='ltr' id='par_1_15' title="bbox 116 1022 1200 1130">
     <span class='ocr_line' id='line_1_33' title="bbox 183 1022 1198 1075; baseline 0.004 -16"><span class='ocrx_word' id='word_1_228' title='bbox 183 1024 430 1060; x_wconf 82' lang='grc' dir='ltr'><strong><em>Διακόνισσαν</em></strong></span> <span class='ocrx_word' id='word_1_229' title='bbox 454 1024 496 1061; x_wconf 78' lang='grc' dir='ltr'><strong><em>δὲ</em></strong></span> <span class='ocrx_word' id='word_1_230' title='bbox 517 1024 640 1063; x_wconf 77' lang='grc' dir='ltr'><strong><em>οὐδενὶ</em></strong></span> <span class='ocrx_word' id='word_1_231' title='bbox 662 1026 791 1073; x_wconf 81' lang='grc' dir='ltr'><strong><em>τρόπῳ</em></strong></span> <span class='ocrx_word' id='word_1_232' title='bbox 814 1029 905 1072; x_wconf 84' lang='grc' dir='ltr'><strong><em>μετὰ</em></strong></span> <span class='ocrx_word' id='word_1_233' title='bbox 928 1025 1069 1075; x_wconf 72' lang='grc' dir='ltr'><strong><em>ἀνδρός,</em></strong></span> <span class='ocrx_word' id='word_1_234' title='bbox 1093 1030 1133 1070; x_wconf 83' lang='grc' dir='ltr'>ἐξ</span> <span class='ocrx_word' id='word_1_235' title='bbox 1155 1022 1198 1064; x_wconf 73' lang='grc' dir='ltr'><strong><em>οὗ</em></strong></span> 
     </span>
     <span class='ocr_line' id='line_1_34' title="bbox 116 1067 1200 1130; baseline 0.004 -26"><span class='ocrx_word' id='word_1_236' title='bbox 116 1067 270 1105; x_wconf 78' lang='grc' dir='ltr'><strong><em>δύναται</em></strong></span> <span class='ocrx_word' id='word_1_237' title='bbox 306 1068 461 1116; x_wconf 83' lang='grc' dir='ltr'><strong><em>ἆσέμνου</em></strong></span> <span class='ocrx_word' id='word_1_238' title='bbox 501 1076 582 1117; x_wconf 84' lang='grc' dir='ltr'><strong><em>βίου</em></strong></span> <span class='ocrx_word' id='word_1_239' title='bbox 619 1069 855 1127; x_wconf 69' lang='grc' dir='ltr'><strong><em>ἀναφύεσθαι</em></strong></span> <span class='ocrx_word' id='word_1_240' title='bbox 891 1071 1065 1130; x_wconf 30' lang='lat' dir='ltr'>herewini&amp;</span> <span class='ocrx_word' id='word_1_241' title='bbox 1090 1075 1200 1113; x_wconf 81' lang='grc' dir='ltr'><strong><em>οἰκεῖν</em></strong></span> 
     </span>
    </p>
   </div>
   <div class='ocr_carea' id='block_1_16' title="bbox 1268 1028 2347 1126">
    <p class='ocr_par' dir='ltr' id='par_1_16' title="bbox 1268 1028 2347 1126">
     <span class='ocr_line' id='line_1_35' title="bbox 1333 1028 2346 1082; baseline 0.008 -18"><span class='ocrx_word' id='word_1_242' title='bbox 1333 1028 1582 1065; x_wconf 84' lang='lat' dir='ltr'>Diaconissam</span> <span class='ocrx_word' id='word_1_243' title='bbox 1607 1040 1690 1067; x_wconf 87' lang='lat' dir='ltr'>vero</span> <span class='ocrx_word' id='word_1_244' title='bbox 1722 1032 1820 1068; x_wconf 87' lang='lat' dir='ltr'>nullo</span> <span class='ocrx_word' id='word_1_245' title='bbox 1851 1032 1956 1070; x_wconf 89' lang='lat' dir='ltr'>modo</span> <span class='ocrx_word' id='word_1_246' title='bbox 1988 1043 2068 1069; x_wconf 90' lang='lat' dir='ltr'>cum</span> <span class='ocrx_word' id='word_1_247' title='bbox 2090 1034 2177 1079; x_wconf 85' lang='lat' dir='ltr'>viro,</span> <span class='ocrx_word' id='word_1_248' title='bbox 2208 1045 2253 1071; x_wconf 85' lang='lat' dir='ltr'>ex</span> <span class='ocrx_word' id='word_1_249' title='bbox 2276 1045 2346 1082; x_wconf 85' lang='lat' dir='ltr'>quo</span> 
     </span>
     <span class='ocr_line' id='line_1_36' title="bbox 1268 1075 2347 1126; baseline 0.007 -17"><span class='ocrx_word' id='word_1_250' title='bbox 1268 1078 1388 1120; x_wconf 88' lang='lat' dir='ltr'>potest</span> <span class='ocrx_word' id='word_1_251' title='bbox 1419 1075 1630 1112; x_wconf 81' lang='lat' dir='ltr'>inhonestae</span> <span class='ocrx_word' id='word_1_252' title='bbox 1660 1077 1754 1113; x_wconf 87' lang='lat' dir='ltr'>vitae</span> <span class='ocrx_word' id='word_1_253' title='bbox 1787 1088 1963 1122; x_wconf 84' lang='lat' dir='ltr'>emergere</span> <span class='ocrx_word' id='word_1_254' title='bbox 1986 1080 2153 1126; x_wconf 85' lang='lat' dir='ltr'>suspicio,</span> <span class='ocrx_word' id='word_1_255' title='bbox 2185 1081 2347 1117; x_wconf 82' lang='lat' dir='ltr'>habitare</span> 
     </span>
    </p>
   </div>
   <div class='ocr_carea' id='block_1_17' title="bbox 115 1116 2346 1215">
    <p class='ocr_par' dir='ltr' id='par_1_17' title="bbox 115 1116 2346 1215">
     <span class='ocr_line' id='line_1_37' title="bbox 115 1116 2346 1167; baseline 0.006 -18"><span class='ocrx_word' id='word_1_256' title='bbox 115 1117 377 1162; x_wconf 80' lang='grc' dir='ltr'><strong><em>συγχωροῦμεν.</em></strong></span> <span class='ocrx_word' id='word_1_257' title='bbox 425 1118 456 1151; x_wconf 80' lang='grc' dir='ltr'>εἰ</span> <span class='ocrx_word' id='word_1_258' title='bbox 480 1116 520 1151; x_wconf 78' lang='grc' dir='ltr'>δὲ</span> <span class='ocrx_word' id='word_1_259' title='bbox 543 1118 662 1152; x_wconf 77' lang='grc' dir='ltr'><strong><em>ταῦτα</em></strong></span> <span class='ocrx_word' id='word_1_260' title='bbox 684 1132 733 1163; x_wconf 84' lang='grc' dir='ltr'><strong><em>μη</em></strong></span> <span class='ocrx_word' id='word_1_261' title='bbox 754 1118 1021 1166; x_wconf 81' lang='grc' dir='ltr'><strong><em>παραφυλάξει,</em></strong></span> <span class='ocrx_word' id='word_1_262' title='bbox 1045 1133 1066 1153; x_wconf 82' lang='grc' dir='ltr'><strong><em>ο</em></strong></span> <span class='ocrx_word' id='word_1_263' title='bbox 1090 1119 1201 1166; x_wconf 78' lang='grc' dir='ltr'><strong><em>ἱερεὺς</em></strong></span> <span class='ocrx_word' id='word_1_264' title='bbox 1267 1120 1513 1165; x_wconf 81' lang='lat' dir='ltr'>permittimus.</span> <span class='ocrx_word' id='word_1_265' title='bbox 1561 1121 1598 1156; x_wconf 92' lang='lat' dir='ltr'>Si</span> <span class='ocrx_word' id='word_1_266' title='bbox 1628 1131 1711 1158; x_wconf 85' lang='lat' dir='ltr'>vero</span> <span class='ocrx_word' id='word_1_267' title='bbox 1741 1122 1832 1159; x_wconf 82' lang='lat' dir='ltr'>haec</span> <span class='ocrx_word' id='word_1_268' title='bbox 1863 1134 1935 1159; x_wconf 92' lang='lat' dir='ltr'>non</span> <span class='ocrx_word' id='word_1_269' title='bbox 1965 1124 2144 1167; x_wconf 84' lang='lat' dir='ltr'>observet,</span> <span class='ocrx_word' id='word_1_270' title='bbox 2178 1126 2346 1162; x_wconf 79' lang='lat' dir='ltr'><strong>sacerdos</strong></span> 
     </span>
     <span class='ocr_line' id='line_1_38' title="bbox 115 1158 2346 1215; baseline 0.006 -22"><span class='ocrx_word' id='word_1_271' title='bbox 115 1158 178 1215; x_wconf 53' lang='lat' dir='ltr'>iim:</span> <span class='ocrx_word' id='word_1_272' title='bbox 205 1158 251 1195; x_wconf 74' lang='grc' dir='ltr'><strong><em>ὃν</em></strong></span> <span class='ocrx_word' id='word_1_273' title='bbox 281 1165 453 1196; x_wconf 82' lang='grc' dir='ltr'><strong><em>τέτακται</em></strong></span> <span class='ocrx_word' id='word_1_274' title='bbox 487 1161 791 1208; x_wconf 80' lang='grc' dir='ltr'><strong><em>ὑπομιμνησκέτω</em></strong></span> <span class='ocrx_word' id='word_1_275' title='bbox 825 1163 975 1209; x_wconf 86' lang='grc' dir='ltr'><strong><em>ταύτην,</em></strong></span> <span class='ocrx_word' id='word_1_276' title='bbox 1011 1165 1071 1199; x_wconf 84' lang='grc' dir='ltr'>ἵνα</span> <span class='ocrx_word' id='word_1_277' title='bbox 1105 1165 1198 1200; x_wconf 88' lang='grc' dir='ltr'><strong><em>πᾶσι</em></strong></span> <span class='ocrx_word' id='word_1_278' title='bbox 1212 1167 1254 1200; x_wconf 88' lang='grc'>20</span> <span class='ocrx_word' id='word_1_279' title='bbox 1267 1166 1335 1201; x_wconf 81' lang='lat' dir='ltr'>sub</span> <span class='ocrx_word' id='word_1_280' title='bbox 1359 1176 1429 1211; x_wconf 89' lang='lat' dir='ltr'>quo</span> <span class='ocrx_word' id='word_1_281' title='bbox 1453 1166 1617 1202; x_wconf 80' lang='lat' dir='ltr'>subiacet</span> <span class='ocrx_word' id='word_1_282' title='bbox 1639 1167 1831 1203; x_wconf 78' lang='lat' dir='ltr'>admoneat</span> <span class='ocrx_word' id='word_1_283' title='bbox 1853 1178 1949 1211; x_wconf 84' lang='lat' dir='ltr'>eam,</span> <span class='ocrx_word' id='word_1_284' title='bbox 1981 1173 2024 1205; x_wconf 81' lang='lat' dir='ltr'>ut</span> <span class='ocrx_word' id='word_1_285' title='bbox 2046 1170 2210 1207; x_wconf 77' lang='lat' dir='ltr'>omnibus</span> <span class='ocrx_word' id='word_1_286' title='bbox 2233 1171 2346 1207; x_wconf 77' lang='lat' dir='ltr'>modis</span> 
     </span>
    </p>
   </div>
   <div class='ocr_carea' id='block_1_18' title="bbox 113 1206 1199 1354">
    <p class='ocr_par' dir='ltr' id='par_1_18' title="bbox 113 1206 1199 1354">
     <span class='ocr_line' id='line_1_39' title="bbox 113 1206 1197 1256; baseline 0.004 -16"><span class='ocrx_word' id='word_1_287' title='bbox 113 1218 263 1251; x_wconf 86' lang='grc' dir='ltr'><strong><em>τροποις</em></strong></span> <span class='ocrx_word' id='word_1_288' title='bbox 285 1207 353 1241; x_wconf 86' lang='grc' dir='ltr'>τὸν</span> <span class='ocrx_word' id='word_1_289' title='bbox 373 1209 540 1242; x_wconf 79' lang='grc' dir='ltr'><strong><em>τοιοῦτον</em></strong></span> <span class='ocrx_word' id='word_1_290' title='bbox 563 1206 680 1253; x_wconf 76' lang='grc' dir='ltr'><strong><em>ἄνδρα</em></strong></span> <span class='ocrx_word' id='word_1_291' title='bbox 704 1208 860 1256; x_wconf 77' lang='grc' dir='ltr'><strong><em>ἐκβάλλῃ</em></strong></span> <span class='ocrx_word' id='word_1_292' title='bbox 886 1211 950 1244; x_wconf 80' lang='grc' dir='ltr'>τοῦ</span> <span class='ocrx_word' id='word_1_293' title='bbox 976 1208 1067 1255; x_wconf 77' lang='grc' dir='ltr'><strong><em>ἰδίου</em></strong></span> <span class='ocrx_word' id='word_1_294' title='bbox 1091 1210 1197 1244; x_wconf 80' lang='grc' dir='ltr'><strong><em>οἴκου.</em></strong></span> 
     </span>
     <span class='ocr_line' id='line_1_40' title="bbox 113 1249 1199 1299; baseline 0.004 -15"><span class='ocrx_word' id='word_1_295' title='bbox 113 1252 145 1284; x_wconf 84' lang='grc' dir='ltr'>εἰ</span> <span class='ocrx_word' id='word_1_296' title='bbox 176 1249 216 1285; x_wconf 81' lang='grc' dir='ltr'><strong><em>δὲ</em></strong></span> <span class='ocrx_word' id='word_1_297' title='bbox 245 1253 355 1287; x_wconf 84' lang='grc' dir='ltr'><strong><em>τοῦτο</em></strong></span> <span class='ocrx_word' id='word_1_298' title='bbox 387 1251 595 1299; x_wconf 79' lang='grc' dir='ltr'><strong><em>ὑπέρθηται</em></strong></span> <span class='ocrx_word' id='word_1_299' title='bbox 626 1254 783 1299; x_wconf 82' lang='grc' dir='ltr'><strong><em>πρᾶξαι,</em></strong></span> <span class='ocrx_word' id='word_1_300' title='bbox 817 1256 880 1298; x_wconf 80' lang='grc' dir='ltr'>τῆς</span> <span class='ocrx_word' id='word_1_301' title='bbox 912 1254 1199 1299; x_wconf 82' lang='grc' dir='ltr'><strong><em>ἐκκλησιαστικῆς</em></strong></span> 
     </span>
     <span class='ocr_line' id='line_1_41' title="bbox 114 1294 1199 1354; baseline 0.004 -24"><span class='ocrx_word' id='word_1_302' title='bbox 114 1294 307 1342; x_wconf 79' lang='grc' dir='ltr'><strong><em>ὑπηρεσίας</em></strong></span> <span class='ocrx_word' id='word_1_303' title='bbox 338 1300 398 1331; x_wconf 81' lang='grc' dir='ltr'>καὶ</span> <span class='ocrx_word' id='word_1_304' title='bbox 428 1299 506 1332; x_wconf 77' lang='grc' dir='ltr'>τῶν</span> <span class='ocrx_word' id='word_1_305' title='bbox 536 1296 643 1333; x_wconf 84' lang='grc' dir='ltr'><strong><em>ἰδίων</em></strong></span> <span class='ocrx_word' id='word_1_306' title='bbox 674 1297 828 1354; x_wconf 61' lang='grc' dir='ltr'><strong><em>διαρίων</em></strong></span> <span class='ocrx_word' id='word_1_307' title='bbox 854 1298 1128 1345; x_wconf 81' lang='grc' dir='ltr'><strong><em>ἄλλοτριουμένη</em></strong></span> <span class='ocrx_word' id='word_1_308' title='bbox 1160 1302 1199 1334; x_wconf 85' lang='grc' dir='ltr'><strong><em>ἐν</em></strong></span> 
     </span>
    </p>
   </div>
   <div class='ocr_carea' id='block_1_19' title="bbox 1266 1210 2347 1347">
    <p class='ocr_par' dir='ltr' id='par_1_19' title="bbox 1266 1210 2347 1347">
     <span class='ocr_line' id='line_1_42' title="bbox 1266 1210 2347 1252; baseline 0.006 -7"><span class='ocrx_word' id='word_1_309' title='bbox 1266 1211 1374 1246; x_wconf 88' lang='lat' dir='ltr'>talem</span> <span class='ocrx_word' id='word_1_310' title='bbox 1397 1210 1510 1246; x_wconf 88' lang='lat' dir='ltr'>virum</span> <span class='ocrx_word' id='word_1_311' title='bbox 1534 1211 1639 1247; x_wconf 86' lang='lat' dir='ltr'>eiciat</span> <span class='ocrx_word' id='word_1_312' title='bbox 1662 1223 1728 1248; x_wconf 83' lang='lat' dir='ltr'>sua</span> <span class='ocrx_word' id='word_1_313' title='bbox 1752 1213 1866 1250; x_wconf 91' lang='lat' dir='ltr'>domo.</span> <span class='ocrx_word' id='word_1_314' title='bbox 1914 1214 1952 1249; x_wconf 90' lang='lat' dir='ltr'>Si</span> <span class='ocrx_word' id='word_1_315' title='bbox 1970 1224 2053 1251; x_wconf 85' lang='lat' dir='ltr'>vero</span> <span class='ocrx_word' id='word_1_316' title='bbox 2076 1216 2145 1251; x_wconf 92' lang='lat' dir='ltr'>hoc</span> <span class='ocrx_word' id='word_1_317' title='bbox 2169 1216 2347 1252; x_wconf 81' lang='lat' dir='ltr'>distulerit</span> 
     </span>
     <span class='ocr_line' id='line_1_43' title="bbox 1267 1257 2343 1306; baseline 0.007 -16"><span class='ocrx_word' id='word_1_318' title='bbox 1267 1266 1382 1300; x_wconf 84' lang='lat' dir='ltr'>agere,</span> <span class='ocrx_word' id='word_1_319' title='bbox 1407 1257 1652 1293; x_wconf 87' lang='lat' dir='ltr'>ecclesiastico</span> <span class='ocrx_word' id='word_1_320' title='bbox 1676 1258 1869 1294; x_wconf 89' lang='lat' dir='ltr'>ministerio</span> <span class='ocrx_word' id='word_1_321' title='bbox 1894 1262 1931 1294; x_wconf 90' lang='lat' dir='ltr'>et</span> <span class='ocrx_word' id='word_1_322' title='bbox 1953 1261 2106 1306; x_wconf 89' lang='lat' dir='ltr'>propriis</span> <span class='ocrx_word' id='word_1_323' title='bbox 2130 1262 2343 1297; x_wconf 87' lang='lat' dir='ltr'>emolumen-</span> 
     </span>
     <span class='ocr_line' id='line_1_44' title="bbox 1266 1301 2346 1347; baseline 0.006 -12"><span class='ocrx_word' id='word_1_324' title='bbox 1266 1301 1314 1335; x_wconf 85' lang='lat' dir='ltr'>tis</span> <span class='ocrx_word' id='word_1_325' title='bbox 1346 1301 1500 1337; x_wconf 83' lang='lat' dir='ltr'>alienata</span> <span class='ocrx_word' id='word_1_326' title='bbox 1530 1303 1747 1339; x_wconf 85' lang='lat' dir='ltr'>monasterio</span> <span class='ocrx_word' id='word_1_327' title='bbox 1778 1304 1953 1347; x_wconf 86' lang='lat' dir='ltr'>tradatur,</span> <span class='ocrx_word' id='word_1_328' title='bbox 1986 1308 2022 1341; x_wconf 89' lang='lat' dir='ltr'>et</span> <span class='ocrx_word' id='word_1_329' title='bbox 2051 1306 2101 1341; x_wconf 93' lang='lat' dir='ltr'>ibi</span> <span class='ocrx_word' id='word_1_330' title='bbox 2132 1306 2228 1342; x_wconf 88' lang='lat' dir='ltr'>omni</span> <span class='ocrx_word' id='word_1_331' title='bbox 2259 1316 2346 1342; x_wconf 82' lang='lat' dir='ltr'>suae</span> 
     </span>
    </p>
   </div>
   <div class='ocr_carea' id='block_1_20' title="bbox 113 1341 2344 1445">
    <p class='ocr_par' dir='ltr' id='par_1_20' title="bbox 113 1341 2344 1445">
     <span class='ocr_line' id='line_1_45' title="bbox 113 1341 2344 1396; baseline 0.006 -21"><span class='ocrx_word' id='word_1_332' title='bbox 113 1346 344 1386; x_wconf 82' lang='grc' dir='ltr'><strong><em>μοναστηρίῳ</em></strong></span> <span class='ocrx_word' id='word_1_333' title='bbox 370 1341 654 1389; x_wconf 88' lang='grc' dir='ltr'><strong><em>παραδιδόσθω,</em></strong></span> <span class='ocrx_word' id='word_1_334' title='bbox 678 1357 779 1378; x_wconf 86' lang='grc' dir='ltr'><strong><em>κακει</em></strong></span> <span class='ocrx_word' id='word_1_335' title='bbox 794 1344 919 1379; x_wconf 87' lang='grc' dir='ltr'><strong><em>πάντα</em></strong></span> <span class='ocrx_word' id='word_1_336' title='bbox 942 1346 1010 1380; x_wconf 86' lang='grc' dir='ltr'>τὸν</span> <span class='ocrx_word' id='word_1_337' title='bbox 1029 1347 1093 1389; x_wconf 82' lang='grc' dir='ltr'>τῆς</span> <span class='ocrx_word' id='word_1_338' title='bbox 1109 1343 1200 1380; x_wconf 89' lang='grc' dir='ltr'><strong><em>ἰδίας</em></strong></span> <span class='ocrx_word' id='word_1_339' title='bbox 1266 1346 1360 1381; x_wconf 82' lang='lat' dir='ltr'>vitae</span> <span class='ocrx_word' id='word_1_340' title='bbox 1395 1350 1553 1392; x_wconf 85' lang='lat' dir='ltr'>tempore</span> <span class='ocrx_word' id='word_1_341' title='bbox 1588 1347 1711 1392; x_wconf 83' lang='lat' dir='ltr'>degat:</span> <span class='ocrx_word' id='word_1_342' title='bbox 1746 1349 1852 1385; x_wconf 83' lang='lat' dir='ltr'>rebus</span> <span class='ocrx_word' id='word_1_343' title='bbox 1888 1350 1982 1393; x_wconf 79' lang='lat' dir='ltr'>eius,</span> <span class='ocrx_word' id='word_1_344' title='bbox 2018 1350 2049 1386; x_wconf 80' lang='lat' dir='ltr'>si</span> <span class='ocrx_word' id='word_1_345' title='bbox 2077 1351 2219 1396; x_wconf 86' lang='lat' dir='ltr'>quidem</span> <span class='ocrx_word' id='word_1_346' title='bbox 2252 1351 2344 1388; x_wconf 78' lang='lat' dir='ltr'>filios</span> 
     </span>
     <span class='ocr_line' id='line_1_46' title="bbox 114 1387 2344 1445; baseline 0.006 -25"><span class='ocrx_word' id='word_1_347' title='bbox 114 1388 207 1430; x_wconf 80' lang='grc' dir='ltr'><strong><em>ζωῆς</em></strong></span> <span class='ocrx_word' id='word_1_348' title='bbox 236 1387 368 1432; x_wconf 73' lang='grc' dir='ltr'><strong><em>χρόνον</em></strong></span> <span class='ocrx_word' id='word_1_349' title='bbox 397 1387 621 1423; x_wconf 82' lang='grc' dir='ltr'><strong><em>διατελείτω·</em></strong></span> <span class='ocrx_word' id='word_1_350' title='bbox 658 1388 988 1445; x_wconf 28' lang='grc' dir='ltr'><strong><em>τῶνήπραὶγμάτων</em></strong></span> <span class='ocrx_word' id='word_1_351' title='bbox 1011 1389 1136 1434; x_wconf 78' lang='grc' dir='ltr'><strong><em>αὐτῆς,</em></strong></span> <span class='ocrx_word' id='word_1_352' title='bbox 1168 1391 1199 1424; x_wconf 84' lang='grc' dir='ltr'>εἰ</span> <span class='ocrx_word' id='word_1_353' title='bbox 1212 1392 1253 1425; x_wconf 85' lang='grc'>25</span> <span class='ocrx_word' id='word_1_354' title='bbox 1266 1390 1416 1435; x_wconf 82' lang='lat' dir='ltr'>habeat,</span> <span class='ocrx_word' id='word_1_355' title='bbox 1447 1393 1541 1427; x_wconf 88' lang='lat' dir='ltr'>inter</span> <span class='ocrx_word' id='word_1_356' title='bbox 1564 1403 1603 1428; x_wconf 90' lang='lat' dir='ltr'>se</span> <span class='ocrx_word' id='word_1_357' title='bbox 1634 1397 1670 1429; x_wconf 89' lang='lat' dir='ltr'>et</span> <span class='ocrx_word' id='word_1_358' title='bbox 1692 1393 1772 1430; x_wconf 91' lang='lat' dir='ltr'>illos</span> <span class='ocrx_word' id='word_1_359' title='bbox 1797 1394 1992 1430; x_wconf 88' lang='lat' dir='ltr'>secundum</span> <span class='ocrx_word' id='word_1_360' title='bbox 2014 1406 2197 1433; x_wconf 89' lang='lat' dir='ltr'>numerum</span> <span class='ocrx_word' id='word_1_361' title='bbox 2220 1406 2344 1443; x_wconf 88' lang='lat' dir='ltr'>perso-</span> 
     </span>
    </p>
   </div>
   <div class='ocr_carea' id='block_1_21' title="bbox 111 1430 1199 1625">
    <p class='ocr_par' dir='ltr' id='par_1_21' title="bbox 111 1430 1199 1625">
     <span class='ocr_line' id='line_1_47' title="bbox 111 1430 1199 1478; baseline 0.005 -13"><span class='ocrx_word' id='word_1_362' title='bbox 111 1434 179 1476; x_wconf 82' lang='grc' dir='ltr'><strong><em>μὲν</em></strong></span> <span class='ocrx_word' id='word_1_363' title='bbox 210 1430 342 1467; x_wconf 85' lang='grc' dir='ltr'><strong><em>παῖδας</em></strong></span> <span class='ocrx_word' id='word_1_364' title='bbox 371 1435 459 1476; x_wconf 79' lang='grc' dir='ltr'><strong><em>ἔχοι,</em></strong></span> <span class='ocrx_word' id='word_1_365' title='bbox 494 1434 630 1478; x_wconf 79' lang='grc' dir='ltr'><strong><em>μεταξὺ</em></strong></span> <span class='ocrx_word' id='word_1_366' title='bbox 664 1431 774 1478; x_wconf 82' lang='grc' dir='ltr'><strong><em>αύτης</em></strong></span> <span class='ocrx_word' id='word_1_367' title='bbox 796 1439 975 1471; x_wconf 87' lang='grc' dir='ltr'><strong><em>κακείνων</em></strong></span> <span class='ocrx_word' id='word_1_368' title='bbox 1006 1436 1099 1470; x_wconf 82' lang='grc' dir='ltr'><strong><em>κατὰ</em></strong></span> <span class='ocrx_word' id='word_1_369' title='bbox 1131 1436 1199 1470; x_wconf 83' lang='grc' dir='ltr'>τὸν</span> 
     </span>
     <span class='ocr_line' id='line_1_48' title="bbox 113 1474 1196 1526; baseline 0.004 -16"><span class='ocrx_word' id='word_1_370' title='bbox 113 1474 276 1523; x_wconf 58' lang='grc' dir='ltr'><strong><em>αριθμὸν</em></strong></span> <span class='ocrx_word' id='word_1_371' title='bbox 299 1479 376 1513; x_wconf 81' lang='grc' dir='ltr'>τῶν</span> <span class='ocrx_word' id='word_1_372' title='bbox 399 1478 603 1526; x_wconf 81' lang='grc' dir='ltr'><strong><em>προςιόπων</em></strong></span> <span class='ocrx_word' id='word_1_373' title='bbox 629 1477 900 1525; x_wconf 78' lang='grc' dir='ltr'><strong><em>διαιρουμένων,</em></strong></span> <span class='ocrx_word' id='word_1_374' title='bbox 931 1482 991 1516; x_wconf 86' lang='grc' dir='ltr'>ἵνα</span> <span class='ocrx_word' id='word_1_375' title='bbox 1014 1479 1057 1515; x_wconf 81' lang='grc' dir='ltr'>τὸ</span> <span class='ocrx_word' id='word_1_376' title='bbox 1083 1479 1196 1526; x_wconf 81' lang='grc' dir='ltr'><strong><em>ἁρμό-</em></strong></span> 
     </span>
     <span class='ocr_line' id='line_1_49' title="bbox 113 1520 1198 1572; baseline 0.005 -17"><span class='ocrx_word' id='word_1_377' title='bbox 113 1524 177 1564; x_wconf 83' lang='grc' dir='ltr'>ζον</span> <span class='ocrx_word' id='word_1_378' title='bbox 197 1524 241 1569; x_wconf 82' lang='grc' dir='ltr'>τῇ</span> <span class='ocrx_word' id='word_1_379' title='bbox 266 1520 358 1570; x_wconf 71' lang='grc' dir='ltr'><strong><em>αὐτῇ</em></strong></span> <span class='ocrx_word' id='word_1_380' title='bbox 381 1527 524 1570; x_wconf 85' lang='grc' dir='ltr'><strong><em>γυναικὶ</em></strong></span> <span class='ocrx_word' id='word_1_381' title='bbox 546 1527 651 1569; x_wconf 85' lang='grc' dir='ltr'><strong><em>μέρος</em></strong></span> <span class='ocrx_word' id='word_1_382' title='bbox 673 1524 716 1558; x_wconf 82' lang='grc' dir='ltr'>τὸ</span> <span class='ocrx_word' id='word_1_383' title='bbox 742 1525 986 1572; x_wconf 84' lang='grc' dir='ltr'><strong><em>μοναστήριον</em></strong></span> <span class='ocrx_word' id='word_1_384' title='bbox 1009 1525 1198 1571; x_wconf 83' lang='grc' dir='ltr'><strong><em>λαμβάνον</em></strong></span> 
     </span>
     <span class='ocr_line' id='line_1_50' title="bbox 112 1566 1198 1625; baseline 0.003 -24"><span class='ocrx_word' id='word_1_385' title='bbox 112 1567 251 1611; x_wconf 87' lang='grc' dir='ltr'><strong><em>ταύτην</em></strong></span> <span class='ocrx_word' id='word_1_386' title='bbox 274 1566 491 1614; x_wconf 84' lang='grc' dir='ltr'><strong><em>ἀποτρέφοι·</em></strong></span> <span class='ocrx_word' id='word_1_387' title='bbox 517 1570 548 1625; x_wconf 75' lang='grc' dir='ltr'>εἰ</span> <span class='ocrx_word' id='word_1_388' title='bbox 569 1568 608 1603; x_wconf 81' lang='grc' dir='ltr'><strong><em>δὲ</em></strong></span> <span class='ocrx_word' id='word_1_389' title='bbox 625 1570 673 1622; x_wconf 70' lang='grc' dir='ltr'>μὴ</span> <span class='ocrx_word' id='word_1_390' title='bbox 695 1571 769 1613; x_wconf 79' lang='grc' dir='ltr'><strong><em>ἔχοι</em></strong></span> <span class='ocrx_word' id='word_1_391' title='bbox 793 1569 942 1615; x_wconf 86' lang='grc' dir='ltr'><strong><em>παῖδας,</em></strong></span> <span class='ocrx_word' id='word_1_392' title='bbox 967 1572 1069 1606; x_wconf 82' lang='grc' dir='ltr'><strong><em>πᾶσα</em></strong></span> <span class='ocrx_word' id='word_1_393' title='bbox 1092 1568 1114 1615; x_wconf 82' lang='grc' dir='ltr'><em>ἡ</em></span> <span class='ocrx_word' id='word_1_394' title='bbox 1136 1568 1198 1604; x_wconf 85' lang='grc' dir='ltr'>αὗ-</span> 
     </span>
    </p>
   </div>
   <div class='ocr_carea' id='block_1_22' title="bbox 1265 1437 2346 1624">
    <p class='ocr_par' dir='ltr' id='par_1_22' title="bbox 1265 1437 2346 1624">
     <span class='ocr_line' id='line_1_51' title="bbox 1267 1437 2345 1488; baseline 0.006 -17"><span class='ocrx_word' id='word_1_395' title='bbox 1267 1446 1394 1472; x_wconf 83' lang='lat' dir='ltr'>narum</span> <span class='ocrx_word' id='word_1_396' title='bbox 1418 1437 1632 1481; x_wconf 88' lang='lat' dir='ltr'>dividendis,</span> <span class='ocrx_word' id='word_1_397' title='bbox 1664 1442 1705 1474; x_wconf 90' lang='lat' dir='ltr'>ut</span> <span class='ocrx_word' id='word_1_398' title='bbox 1728 1442 1986 1484; x_wconf 83' lang='lat' dir='ltr'>competentem</span> <span class='ocrx_word' id='word_1_399' title='bbox 2008 1441 2079 1486; x_wconf 90' lang='lat' dir='ltr'>ipsi</span> <span class='ocrx_word' id='word_1_400' title='bbox 2100 1442 2239 1477; x_wconf 90' lang='lat' dir='ltr'>mulieri</span> <span class='ocrx_word' id='word_1_401' title='bbox 2261 1451 2345 1488; x_wconf 81' lang='lat' dir='ltr'>par-</span> 
     </span>
     <span class='ocr_line' id='line_1_52' title="bbox 1265 1483 2346 1531; baseline 0.006 -15"><span class='ocrx_word' id='word_1_402' title='bbox 1265 1484 1336 1516; x_wconf 88' lang='lat' dir='ltr'>tem</span> <span class='ocrx_word' id='word_1_403' title='bbox 1361 1483 1614 1518; x_wconf 85' lang='lat' dir='ltr'>monasterium</span> <span class='ocrx_word' id='word_1_404' title='bbox 1644 1484 1824 1529; x_wconf 85' lang='lat' dir='ltr'>accipiens</span> <span class='ocrx_word' id='word_1_405' title='bbox 1849 1495 1926 1521; x_wconf 85' lang='lat' dir='ltr'>eam</span> <span class='ocrx_word' id='word_1_406' title='bbox 1949 1486 2042 1531; x_wconf 76' lang='lat' dir='ltr'>alat;</span> <span class='ocrx_word' id='word_1_407' title='bbox 2078 1487 2110 1522; x_wconf 89' lang='lat' dir='ltr'>si</span> <span class='ocrx_word' id='word_1_408' title='bbox 2132 1490 2249 1523; x_wconf 82' lang='lat' dir='ltr'>autem</span> <span class='ocrx_word' id='word_1_409' title='bbox 2273 1497 2346 1523; x_wconf 87' lang='lat' dir='ltr'>non</span> 
     </span>
     <span class='ocr_line' id='line_1_53' title="bbox 1266 1527 2345 1571; baseline 0.007 -10"><span class='ocrx_word' id='word_1_410' title='bbox 1266 1527 1433 1563; x_wconf 82' lang='lat' dir='ltr'>habuerit</span> <span class='ocrx_word' id='word_1_411' title='bbox 1456 1528 1559 1571; x_wconf 86' lang='lat' dir='ltr'>filios,</span> <span class='ocrx_word' id='word_1_412' title='bbox 1589 1529 1703 1564; x_wconf 88' lang='lat' dir='ltr'>omnis</span> <span class='ocrx_word' id='word_1_413' title='bbox 1727 1530 1803 1565; x_wconf 90' lang='lat' dir='ltr'>eius</span> <span class='ocrx_word' id='word_1_414' title='bbox 1827 1530 2028 1567; x_wconf 78' lang='lat' dir='ltr'>substantia</span> <span class='ocrx_word' id='word_1_415' title='bbox 2049 1531 2144 1567; x_wconf 88' lang='lat' dir='ltr'>inter</span> <span class='ocrx_word' id='word_1_416' title='bbox 2166 1535 2345 1569; x_wconf 83' lang='lat' dir='ltr'>monaste-</span> 
     </span>
     <span class='ocr_line' id='line_1_54' title="bbox 1266 1572 2346 1624; baseline 0.006 -17"><span class='ocrx_word' id='word_1_417' title='bbox 1266 1572 1369 1615; x_wconf 88' lang='lat' dir='ltr'>rium,</span> <span class='ocrx_word' id='word_1_418' title='bbox 1394 1573 1457 1608; x_wconf 91' lang='lat' dir='ltr'>ubi</span> <span class='ocrx_word' id='word_1_419' title='bbox 1479 1573 1690 1617; x_wconf 87' lang='lat' dir='ltr'>immittitur,</span> <span class='ocrx_word' id='word_1_420' title='bbox 1715 1577 1749 1610; x_wconf 85' lang='lat' dir='ltr'>et</span> <span class='ocrx_word' id='word_1_421' title='bbox 1768 1575 1965 1617; x_wconf 85' lang='lat' dir='ltr'>ecclesiam,</span> <span class='ocrx_word' id='word_1_422' title='bbox 1989 1576 2027 1612; x_wconf 92' lang='lat' dir='ltr'>in</span> <span class='ocrx_word' id='word_1_423' title='bbox 2050 1587 2121 1623; x_wconf 82' lang='lat' dir='ltr'>qua</span> <span class='ocrx_word' id='word_1_424' title='bbox 2143 1577 2243 1624; x_wconf 86' lang='lat' dir='ltr'>prius</span> <span class='ocrx_word' id='word_1_425' title='bbox 2267 1579 2346 1614; x_wconf 80' lang='lat' dir='ltr'>erat</span> 
     </span>
    </p>
   </div>
   <div class='ocr_carea' id='block_1_23' title="bbox 111 1613 2078 1670">
    <p class='ocr_par' dir='ltr' id='par_1_23' title="bbox 111 1613 2078 1670">
     <span class='ocr_line' id='line_1_55' title="bbox 111 1613 2078 1670; baseline 0.006 -24"><span class='ocrx_word' id='word_1_426' title='bbox 111 1614 175 1655; x_wconf 84' lang='grc' dir='ltr'>τῆς</span> <span class='ocrx_word' id='word_1_427' title='bbox 197 1617 384 1659; x_wconf 88' lang='grc' dir='ltr'><strong><em>περιουσία</em></strong></span> <span class='ocrx_word' id='word_1_428' title='bbox 416 1615 551 1657; x_wconf 76' lang='grc' dir='ltr'><strong><em>μεταξύ</em></strong></span> <span class='ocrx_word' id='word_1_429' title='bbox 583 1627 649 1648; x_wconf 88' lang='grc' dir='ltr'>του</span> <span class='ocrx_word' id='word_1_430' title='bbox 673 1619 917 1670; x_wconf 60' lang='grc' dir='ltr'><strong><em>μοναστηρίου</em></strong></span> <span class='ocrx_word' id='word_1_431' title='bbox 946 1613 1040 1651; x_wconf 75' lang='grc' dir='ltr'><strong><em>ὅπου</em></strong></span> <span class='ocrx_word' id='word_1_432' title='bbox 1065 1615 1197 1661; x_wconf 84' lang='grc' dir='ltr'><strong><em>ἐμβάλ-</em></strong></span> <span class='ocrx_word' id='word_1_433' title='bbox 1211 1619 1254 1652; x_wconf 84' lang='grc'>30</span> <span class='ocrx_word' id='word_1_434' title='bbox 1268 1617 1472 1662; x_wconf 79' lang='lat' dir='ltr'>constituta,</span> <span class='ocrx_word' id='word_1_435' title='bbox 1497 1628 1543 1654; x_wconf 83' lang='lat' dir='ltr'>ex</span> <span class='ocrx_word' id='word_1_436' title='bbox 1565 1628 1681 1665; x_wconf 80' lang='lat' dir='ltr'>aequa</span> <span class='ocrx_word' id='word_1_437' title='bbox 1702 1620 1866 1665; x_wconf 81' lang='lat' dir='ltr'>portione</span> <span class='ocrx_word' id='word_1_438' title='bbox 1889 1620 2078 1658; x_wconf 83' lang='lat' dir='ltr'>dividatur.</span> 
     </span>
    </p>
   </div>
   <div class='ocr_carea' id='block_1_24' title="bbox 112 1656 1200 1750">
    <p class='ocr_par' dir='ltr' id='par_1_24' title="bbox 112 1656 1200 1750">
     <span class='ocr_line' id='line_1_56' title="bbox 113 1656 1200 1708; baseline 0.004 -17"><span class='ocrx_word' id='word_1_439' title='bbox 113 1656 211 1692; x_wconf 83' lang='grc' dir='ltr'><strong><em>λεται</em></strong></span> <span class='ocrx_word' id='word_1_440' title='bbox 242 1661 301 1692; x_wconf 83' lang='grc' dir='ltr'>καὶ</span> <span class='ocrx_word' id='word_1_441' title='bbox 332 1660 395 1702; x_wconf 84' lang='grc' dir='ltr'>τῆς</span> <span class='ocrx_word' id='word_1_442' title='bbox 426 1659 611 1702; x_wconf 74' lang='grc' dir='ltr'><strong><em>ἐκκλησίας</em></strong></span> <span class='ocrx_word' id='word_1_443' title='bbox 641 1661 682 1695; x_wconf 82' lang='grc' dir='ltr'><strong><em>ἐν</em></strong></span> <span class='ocrx_word' id='word_1_444' title='bbox 712 1660 734 1707; x_wconf 76' lang='grc' dir='ltr'><strong><em>ᾗ</em></strong></span> <span class='ocrx_word' id='word_1_445' title='bbox 759 1671 938 1708; x_wconf 88' lang='grc' dir='ltr'><strong><em>προτερον</em></strong></span> <span class='ocrx_word' id='word_1_446' title='bbox 962 1663 1131 1697; x_wconf 80' lang='grc' dir='ltr'><strong><em>ἐτέτακτο</em></strong></span> <span class='ocrx_word' id='word_1_447' title='bbox 1161 1661 1200 1702; x_wconf 84' lang='grc' dir='ltr'>ἐξ</span> 
     </span>
     <span class='ocr_line' id='line_1_57' title="bbox 112 1703 586 1750; baseline 0.008 -15"><span class='ocrx_word' id='word_1_448' title='bbox 112 1703 189 1745; x_wconf 82' lang='grc' dir='ltr'><strong><em>ἴσης</em></strong></span> <span class='ocrx_word' id='word_1_449' title='bbox 209 1707 335 1749; x_wconf 84' lang='grc' dir='ltr'><strong><em>μοίρας</em></strong></span> <span class='ocrx_word' id='word_1_450' title='bbox 359 1703 586 1750; x_wconf 74' lang='grc' dir='ltr'><strong><em>διαιρείσθω.</em></strong></span> 
     </span>
    </p>
   </div>
   <div class='ocr_carea' id='block_1_25' title="bbox 1069 1796 1387 1835">
    <p class='ocr_par' dir='ltr' id='par_1_25' title="bbox 1069 1796 1387 1835">
     <span class='ocr_line' id='line_1_58' title="bbox 1069 1796 1387 1835; baseline 0.006 -2"><span class='ocrx_word' id='word_1_451' title='bbox 1069 1796 1227 1834; x_wconf 86' lang='lat' dir='ltr'><strong>CAPUT</strong></span> <span class='ocrx_word' id='word_1_452' title='bbox 1253 1797 1387 1835; x_wconf 91' lang='lat' dir='ltr'>XXXI.</span> 
     </span>
    </p>
   </div>
   <div class='ocr_carea' id='block_1_26' title="bbox 111 1861 1197 1957">
    <p class='ocr_par' dir='ltr' id='par_1_26' title="bbox 111 1861 1197 1957">
     <span class='ocr_line' id='line_1_59' title="bbox 179 1861 1197 1911; baseline 0.004 -15"><span class='ocrx_word' id='word_1_453' title='bbox 179 1862 234 1896; x_wconf 81' lang='grc' dir='ltr'>Εἴ</span> <span class='ocrx_word' id='word_1_454' title='bbox 250 1873 304 1897; x_wconf 83' lang='grc' dir='ltr'>τις</span> <span class='ocrx_word' id='word_1_455' title='bbox 326 1863 404 1897; x_wconf 83' lang='grc' dir='ltr'>τῶν</span> <span class='ocrx_word' id='word_1_456' title='bbox 421 1862 541 1898; x_wconf 84' lang='grc' dir='ltr'><strong><em>θείων</em></strong></span> <span class='ocrx_word' id='word_1_457' title='bbox 562 1866 772 1909; x_wconf 83' lang='grc' dir='ltr'><strong><em>μυστηρίων</em></strong></span> <span class='ocrx_word' id='word_1_458' title='bbox 794 1862 819 1908; x_wconf 80' lang='grc' dir='ltr'><em>ἢ</em></span> <span class='ocrx_word' id='word_1_459' title='bbox 841 1866 919 1900; x_wconf 82' lang='grc' dir='ltr'>τῶν</span> <span class='ocrx_word' id='word_1_460' title='bbox 935 1863 1058 1900; x_wconf 79' lang='grc' dir='ltr'><strong><em>ἄλλων</em></strong></span> <span class='ocrx_word' id='word_1_461' title='bbox 1081 1861 1197 1911; x_wconf 83' lang='grc' dir='ltr'><strong><em>ἁγίων</em></strong></span> 
     </span>
     <span class='ocr_line' id='line_1_60' title="bbox 111 1905 1197 1957; baseline 0.002 -15"><span class='ocrx_word' id='word_1_462' title='bbox 111 1905 342 1955; x_wconf 75' lang='grc' dir='ltr'><strong><em>λειτουργιῶν</em></strong></span> <span class='ocrx_word' id='word_1_463' title='bbox 373 1907 660 1954; x_wconf 79' lang='grc' dir='ltr'><strong><em>ἐπιτελουμένων</em></strong></span> <span class='ocrx_word' id='word_1_464' title='bbox 691 1911 732 1944; x_wconf 83' lang='grc' dir='ltr'><strong><em>ἐν</em></strong></span> <span class='ocrx_word' id='word_1_465' title='bbox 756 1907 844 1957; x_wconf 75' lang='grc' dir='ltr'><strong><em>ἁγίᾳ</em></strong></span> <span class='ocrx_word' id='word_1_466' title='bbox 875 1910 1050 1945; x_wconf 60' lang='lat' dir='ltr'>sicel-&amp;aiv</span> <span class='ocrx_word' id='word_1_467' title='bbox 1077 1909 1197 1954; x_wconf 83' lang='grc' dir='ltr'><strong><em>ἐκκλη-</em></strong></span> 
     </span>
    </p>
   </div>
   <div class='ocr_carea' id='block_1_27' title="bbox 1266 1866 2344 1958">
    <p class='ocr_par' dir='ltr' id='par_1_27' title="bbox 1266 1866 2344 1958">
     <span class='ocr_line' id='line_1_61' title="bbox 1326 1866 2343 1913; baseline 0.006 -12"><span class='ocrx_word' id='word_1_468' title='bbox 1326 1866 1365 1901; x_wconf 91' lang='lat' dir='ltr'>Si</span> <span class='ocrx_word' id='word_1_469' title='bbox 1388 1867 1467 1912; x_wconf 85' lang='lat' dir='ltr'>quis</span> <span class='ocrx_word' id='word_1_470' title='bbox 1491 1877 1571 1902; x_wconf 91' lang='lat' dir='ltr'>cum</span> <span class='ocrx_word' id='word_1_471' title='bbox 1595 1876 1700 1902; x_wconf 83' lang='lat' dir='ltr'>sacra</span> <span class='ocrx_word' id='word_1_472' title='bbox 1721 1867 1891 1913; x_wconf 81' lang='lat' dir='ltr'>mysteria</span> <span class='ocrx_word' id='word_1_473' title='bbox 1913 1871 1977 1904; x_wconf 87' lang='lat' dir='ltr'>aut</span> <span class='ocrx_word' id='word_1_474' title='bbox 1998 1868 2071 1905; x_wconf 77' lang='lat' dir='ltr'>alia</span> <span class='ocrx_word' id='word_1_475' title='bbox 2092 1872 2219 1906; x_wconf 83' lang='lat' dir='ltr'>sancta</span> <span class='ocrx_word' id='word_1_476' title='bbox 2240 1871 2343 1907; x_wconf 89' lang='lat' dir='ltr'>mini-</span> 
     </span>
     <span class='ocr_line' id='line_1_62' title="bbox 1266 1911 2344 1958; baseline 0.004 -11"><span class='ocrx_word' id='word_1_477' title='bbox 1266 1911 1375 1947; x_wconf 85' lang='lat' dir='ltr'>steria</span> <span class='ocrx_word' id='word_1_478' title='bbox 1406 1911 1643 1955; x_wconf 82' lang='lat' dir='ltr'>celebrantur,</span> <span class='ocrx_word' id='word_1_479' title='bbox 1673 1912 1713 1948; x_wconf 90' lang='lat' dir='ltr'>in</span> <span class='ocrx_word' id='word_1_480' title='bbox 1735 1916 1898 1949; x_wconf 81' lang='lat' dir='ltr'>sanctam</span> <span class='ocrx_word' id='word_1_481' title='bbox 1927 1914 2129 1958; x_wconf 84' lang='lat' dir='ltr'>ingrediens</span> <span class='ocrx_word' id='word_1_482' title='bbox 2158 1915 2344 1953; x_wconf 87' lang='lat' dir='ltr'>ecclesiam</span> 
     </span>
    </p>
   </div>
   <div class='ocr_carea' id='block_1_28' title="bbox 179 1983 2342 2048">
    <p class='ocr_par' dir='ltr' id='par_1_28' title="bbox 179 1983 2342 2048">
     <span class='ocr_line' id='line_1_63' title="bbox 179 1983 2342 2048; baseline 0.005 -16"><span class='ocrx_word' id='word_1_483' title='bbox 179 2011 203 2033; x_wconf 87' lang='lat' dir='ltr'>c.</span> <span class='ocrx_word' id='word_1_484' title='bbox 222 1983 336 2032; x_wconf 75' lang='lat' dir='ltr'>XXX</span> <span class='ocrx_word' id='word_1_485' title='bbox 356 2011 395 2033; x_wconf 78' lang='lat' dir='ltr'>ex</span> <span class='ocrx_word' id='word_1_486' title='bbox 417 1999 454 2033; x_wconf 89' lang='lat' dir='ltr'><em>B</em></span> <span class='ocrx_word' id='word_1_487' title='bbox 479 2001 597 2034; x_wconf 70' lang='lat' dir='ltr'>liabent</span> <span class='ocrx_word' id='word_1_488' title='bbox 620 2001 670 2034; x_wconf 82' lang='lat' dir='ltr'>B⁸</span> <span class='ocrx_word' id='word_1_489' title='bbox 693 2003 731 2034; x_wconf 89' lang='grc' dir='ltr'><strong><em>Κ</em></strong></span> <span class='ocrx_word' id='word_1_490' title='bbox 754 2003 806 2043; x_wconf 91' lang='grc'>18,</span> <span class='ocrx_word' id='word_1_491' title='bbox 823 2010 838 2036; x_wconf 83' lang='lat'><strong>7</strong></span> <span class='ocrx_word' id='word_1_492' title='bbox 858 2015 894 2045; x_wconf 87' lang='lat' dir='ltr'>p.</span> <span class='ocrx_word' id='word_1_493' title='bbox 921 2002 987 2036; x_wconf 85' lang='lat'>435</span> <span class='ocrx_word' id='word_1_494' title='bbox 1011 2002 1115 2035; x_wconf 80' lang='lat' dir='ltr'>Zach.</span> <span class='ocrx_word' id='word_1_495' title='bbox 1140 2009 1172 2036; x_wconf 81' lang='lat' dir='ltr'>et</span> <span class='ocrx_word' id='word_1_496' title='bbox 1193 2002 1347 2048; x_wconf 55' lang='lat' dir='ltr'>Nomoestl</span> <span class='ocrx_word' id='word_1_497' title='bbox 1361 2003 1520 2038; x_wconf 84' lang='lat' dir='ltr'>XIVtit.</span> <span class='ocrx_word' id='word_1_498' title='bbox 1537 2004 1568 2045; x_wconf 91' lang='lat'>8,</span> <span class='ocrx_word' id='word_1_499' title='bbox 1585 2010 1629 2038; x_wconf 79' lang='lat'>14.</span> <span class='ocrx_word' id='word_1_500' title='bbox 1664 2021 1708 2027; x_wconf 92' lang='lat'>—</span> <span class='ocrx_word' id='word_1_501' title='bbox 1726 1995 1728 1997; x_wconf 37' lang='lat'>¹</span> <span class='ocrx_word' id='word_1_502' title='bbox 1744 2004 1878 2038; x_wconf 83' lang='lat' dir='ltr'>Summa</span> <span class='ocrx_word' id='word_1_503' title='bbox 1903 2011 1990 2039; x_wconf 78' lang='lat' dir='ltr'>extat</span> <span class='ocrx_word' id='word_1_504' title='bbox 2013 2006 2147 2041; x_wconf 79' lang='lat' dir='ltr'>Nomoc.</span> <span class='ocrx_word' id='word_1_505' title='bbox 2169 2007 2233 2047; x_wconf 78' lang='lat' dir='ltr'>ib.;</span> <span class='ocrx_word' id='word_1_506' title='bbox 2249 2006 2342 2048; x_wconf 35' lang='lat' dir='ltr'>*Aila</span> 
     </span>
    </p>
   </div>
   <div class='ocr_carea' id='block_1_29' title="bbox 109 2047 950 2089">
    <p class='ocr_par' dir='ltr' id='par_1_29' title="bbox 109 2047 950 2089">
     <span class='ocr_line' id='line_1_64' title="bbox 109 2047 950 2089; baseline 0.005 -12"><span class='ocrx_word' id='word_1_507' title='bbox 109 2057 260 2078; x_wconf 84' lang='lat' dir='ltr'>summam</span> <span class='ocrx_word' id='word_1_508' title='bbox 285 2052 432 2087; x_wconf 76' lang='lat' dir='ltr'>repetunt</span> <span class='ocrx_word' id='word_1_509' title='bbox 452 2047 618 2089; x_wconf 80' lang='lat' dir='ltr'>paratitla</span> <span class='ocrx_word' id='word_1_510' title='bbox 641 2047 716 2080; x_wconf 75' lang='lat' dir='ltr'>Atlz.</span> <span class='ocrx_word' id='word_1_511' title='bbox 734 2048 755 2081; x_wconf 87' lang='lat'><strong>9</strong></span> <span class='ocrx_word' id='word_1_512' title='bbox 775 2052 829 2086; x_wconf 68' lang='lat'>51.</span> <span class='ocrx_word' id='word_1_513' title='bbox 856 2048 876 2081; x_wconf 87' lang='lat'>2</span> <span class='ocrx_word' id='word_1_514' title='bbox 895 2051 950 2087; x_wconf 71' lang='lat'>§2</span> 
     </span>
    </p>
   </div>
   <div class='ocr_carea' id='block_1_30' title="bbox 177 2087 2077 2139">
    <p class='ocr_par' dir='ltr' id='par_1_30' title="bbox 177 2087 2077 2139">
     <span class='ocr_line' id='line_1_65' title="bbox 177 2087 2077 2139; baseline 0.003 -16"><span class='ocrx_word' id='word_1_515' title='bbox 177 2102 204 2123; x_wconf 92' lang='lat' dir='ltr'>c.</span> <span class='ocrx_word' id='word_1_516' title='bbox 222 2091 358 2123; x_wconf 88' lang='lat' dir='ltr'>XXXI</span> <span class='ocrx_word' id='word_1_517' title='bbox 377 2090 429 2133; x_wconf 93' lang='lat'>(-</span> <span class='ocrx_word' id='word_1_518' title='bbox 447 2091 524 2133; x_wconf 87' lang='lat'>617,</span> <span class='ocrx_word' id='word_1_519' title='bbox 538 2099 571 2126; x_wconf 84' lang='grc'>10</span> <span class='ocrx_word' id='word_1_520' title='bbox 595 2087 787 2139; x_wconf 69' lang='grc' dir='ltr'><strong><em>ὑπομείνῃ)</em></strong></span> <span class='ocrx_word' id='word_1_521' title='bbox 812 2094 907 2126; x_wconf 78' lang='lat' dir='ltr'>habet</span> <span class='ocrx_word' id='word_1_522' title='bbox 929 2093 1136 2137; x_wconf 72' lang='lat' dir='ltr'>Epanaqoqe</span> <span class='ocrx_word' id='word_1_523' title='bbox 1156 2094 1248 2135; x_wconf 84' lang='grc'>9,17;</span> <span class='ocrx_word' id='word_1_524' title='bbox 1274 2106 1312 2126; x_wconf 81' lang='lat' dir='ltr'>ex</span> <span class='ocrx_word' id='word_1_525' title='bbox 1336 2093 1365 2126; x_wconf 89' lang='lat' dir='ltr'><strong><em>S</em></strong></span> <span class='ocrx_word' id='word_1_526' title='bbox 1387 2094 1504 2136; x_wconf 80' lang='lat' dir='ltr'>repetit</span> <span class='ocrx_word' id='word_1_527' title='bbox 1526 2093 1660 2127; x_wconf 81' lang='lat' dir='ltr'>Nomoc.</span> <span class='ocrx_word' id='word_1_528' title='bbox 1674 2094 1705 2127; x_wconf 85' lang='lat' dir='ltr'><em>L</em></span> <span class='ocrx_word' id='word_1_529' title='bbox 1721 2095 1765 2128; x_wconf 76' lang='lat' dir='ltr'>tit.</span> <span class='ocrx_word' id='word_1_530' title='bbox 1780 2095 1822 2127; x_wconf 91' lang='grc'>20</span> <span class='ocrx_word' id='word_1_531' title='bbox 1839 2106 1874 2137; x_wconf 86' lang='lat' dir='ltr'>p.</span> <span class='ocrx_word' id='word_1_532' title='bbox 1889 2095 1954 2129; x_wconf 87' lang='lat'>628</span> <span class='ocrx_word' id='word_1_533' title='bbox 1977 2094 2077 2128; x_wconf 90' lang='lat' dir='ltr'>Voell.</span> 
     </span>
    </p>
   </div>
   <div class='ocr_carea' id='block_1_31' title="bbox 108 2154 228 2158">
    <p class='ocr_par' dir='ltr' id='par_1_31' title="bbox 108 2154 228 2158">
     <span class='ocr_line' id='line_1_66' title="bbox 108 2154 228 2158; baseline 0 0"><span class='ocrx_word' id='word_1_534' title='bbox 108 2154 228 2158; x_wconf 95' lang='lat' dir='ltr'> </span> 
     </span>
    </p>
   </div>
   <div class='ocr_carea' id='block_1_32' title="bbox 109 2178 2345 2307">
    <p class='ocr_par' dir='ltr' id='par_1_32' title="bbox 109 2178 2345 2307">
     <span class='ocr_line' id='line_1_67' title="bbox 109 2178 2344 2227; baseline 0.003 -13"><span class='ocrx_word' id='word_1_535' title='bbox 109 2178 237 2214; x_wconf 86' lang='lat' dir='ltr'>ceteris</span> <span class='ocrx_word' id='word_1_536' title='bbox 259 2180 439 2224; x_wconf 83' lang='lat' dir='ltr'>personis,</span> <span class='ocrx_word' id='word_1_537' title='bbox 467 2190 563 2226; x_wconf 84' lang='lat' dir='ltr'>quae</span> <span class='ocrx_word' id='word_1_538' title='bbox 587 2191 726 2216; x_wconf 88' lang='lat' dir='ltr'>omnem</span> <span class='ocrx_word' id='word_1_539' title='bbox 748 2181 987 2227; x_wconf 79' lang='lat' dir='ltr'>suspicionem</span> <span class='ocrx_word' id='word_1_540' title='bbox 1011 2181 1202 2227; x_wconf 70' lang='lat' dir='ltr'>effuqiunt.</span> <span class='ocrx_word' id='word_1_541' title='bbox 1249 2180 1294 2217; x_wconf 88' lang='lat' dir='ltr'>Si</span> <span class='ocrx_word' id='word_1_542' title='bbox 1314 2182 1396 2227; x_wconf 84' lang='lat' dir='ltr'>quis</span> <span class='ocrx_word' id='word_1_543' title='bbox 1420 2192 1502 2218; x_wconf 84' lang='lat' dir='ltr'>vero</span> <span class='ocrx_word' id='word_1_544' title='bbox 1528 2184 1654 2216; x_wconf 87' lang='lat' dir='ltr'>contra</span> <span class='ocrx_word' id='word_1_545' title='bbox 1677 2180 1771 2218; x_wconf 79' lang='lat' dir='ltr'>banc</span> <span class='ocrx_word' id='word_1_546' title='bbox 1795 2183 2076 2219; x_wconf 84' lang='lat' dir='ltr'>observationem</span> <span class='ocrx_word' id='word_1_547' title='bbox 2099 2183 2282 2220; x_wconf 80' lang='lat' dir='ltr'>mulierem</span> <span class='ocrx_word' id='word_1_548' title='bbox 2305 2186 2344 2221; x_wconf 87' lang='lat' dir='ltr'>in</span> 
     </span>
     <span class='ocr_line' id='line_1_68' title="bbox 109 2223 2345 2307; baseline 0.004 -48"><span class='ocrx_word' id='word_1_549' title='bbox 109 2223 214 2259; x_wconf 88' lang='lat' dir='ltr'>domo</span> <span class='ocrx_word' id='word_1_550' title='bbox 238 2233 307 2258; x_wconf 87' lang='lat' dir='ltr'>sua</span> <span class='ocrx_word' id='word_1_551' title='bbox 331 2223 480 2266; x_wconf 79' lang='lat' dir='ltr'>habeat,</span> <span class='ocrx_word' id='word_1_552' title='bbox 512 2236 607 2271; x_wconf 81' lang='lat' dir='ltr'>quae</span> <span class='ocrx_word' id='word_1_553' title='bbox 629 2226 663 2262; x_wconf 87' lang='lat' dir='ltr'>ei</span> <span class='ocrx_word' id='word_1_554' title='bbox 684 2227 927 2273; x_wconf 81' lang='lat' dir='ltr'>suspicionem</span> <span class='ocrx_word' id='word_1_555' title='bbox 951 2225 1102 2272; x_wconf 85' lang='lat' dir='ltr'>adferre</span> <span class='ocrx_word' id='word_1_556' title='bbox 1118 2226 1252 2307; x_wconf 52' lang='lat' dir='ltr'>possit,</span> <span class='ocrx_word' id='word_1_557' title='bbox 1282 2230 1318 2262; x_wconf 86' lang='lat' dir='ltr'>et</span> <span class='ocrx_word' id='word_1_558' title='bbox 1340 2226 1450 2263; x_wconf 89' lang='lat' dir='ltr'>semel</span> <span class='ocrx_word' id='word_1_559' title='bbox 1478 2230 1589 2273; x_wconf 85' lang='lat' dir='ltr'>atque</span> <span class='ocrx_word' id='word_1_560' title='bbox 1612 2227 1742 2262; x_wconf 84' lang='lat' dir='ltr'>iterum</span> <span class='ocrx_word' id='word_1_561' title='bbox 1773 2231 1838 2263; x_wconf 86' lang='lat' dir='ltr'>aut</span> <span class='ocrx_word' id='word_1_562' title='bbox 1868 2227 1912 2263; x_wconf 90' lang='lat' dir='ltr'>ab</span> <span class='ocrx_word' id='word_1_563' title='bbox 1937 2228 2110 2275; x_wconf 80' lang='lat' dir='ltr'>episcopo</span> <span class='ocrx_word' id='word_1_564' title='bbox 2140 2239 2208 2265; x_wconf 88' lang='lat' dir='ltr'>suo</span> <span class='ocrx_word' id='word_1_565' title='bbox 2232 2233 2298 2266; x_wconf 87' lang='lat' dir='ltr'>aut</span> <span class='ocrx_word' id='word_1_566' title='bbox 2320 2242 2345 2267; x_wconf 87' lang='lat' dir='ltr'>a</span> 
     </span>
    </p>
   </div>
   <div class='ocr_carea' id='block_1_33' title="bbox 109 2268 1099 2314">
    <p class='ocr_par' dir='ltr' id='par_1_33' title="bbox 109 2268 1099 2314">
     <span class='ocr_line' id='line_1_69' title="bbox 109 2268 1099 2314; baseline 0.004 -11"><span class='ocrx_word' id='word_1_567' title='bbox 109 2268 319 2304; x_wconf 79' lang='lat' dir='ltr'>conclericis</span> <span class='ocrx_word' id='word_1_568' title='bbox 340 2269 417 2304; x_wconf 82' lang='lat' dir='ltr'>suis</span> <span class='ocrx_word' id='word_1_569' title='bbox 439 2269 657 2314; x_wconf 86' lang='lat' dir='ltr'>admonitus,</span> <span class='ocrx_word' id='word_1_570' title='bbox 687 2282 733 2307; x_wconf 87' lang='lat' dir='ltr'>ne</span> <span class='ocrx_word' id='word_1_571' title='bbox 757 2282 836 2307; x_wconf 89' lang='lat' dir='ltr'>cum</span> <span class='ocrx_word' id='word_1_572' title='bbox 861 2271 927 2307; x_wconf 87' lang='lat' dir='ltr'>tali</span> <span class='ocrx_word' id='word_1_573' title='bbox 950 2271 1099 2307; x_wconf 85' lang='lat' dir='ltr'>muliere</span> 
     </span>
    </p>
   </div>
   <div class='ocr_carea' id='block_1_34' title="bbox 1147 2271 2342 2319">
    <p class='ocr_par' dir='ltr' id='par_1_34' title="bbox 1147 2271 2342 2319">
     <span class='ocr_line' id='line_1_70' title="bbox 1147 2271 2342 2319; baseline 0.003 -12"><span class='ocrx_word' id='word_1_574' title='bbox 1147 2272 1275 2313; x_wconf 87' lang='lat' dir='ltr'>abitet,</span> <span class='ocrx_word' id='word_1_575' title='bbox 1306 2272 1490 2319; x_wconf 78' lang='lat' dir='ltr'>expellere</span> <span class='ocrx_word' id='word_1_576' title='bbox 1513 2282 1592 2307; x_wconf 90' lang='lat' dir='ltr'>eam</span> <span class='ocrx_word' id='word_1_577' title='bbox 1615 2271 1720 2307; x_wconf 89' lang='lat' dir='ltr'>domo</span> <span class='ocrx_word' id='word_1_578' title='bbox 1742 2283 1811 2308; x_wconf 89' lang='lat' dir='ltr'>sua</span> <span class='ocrx_word' id='word_1_579' title='bbox 1833 2273 2008 2315; x_wconf 86' lang='lat' dir='ltr'>noluerit,</span> <span class='ocrx_word' id='word_1_580' title='bbox 2039 2277 2106 2309; x_wconf 90' lang='lat' dir='ltr'>aut</span> <span class='ocrx_word' id='word_1_581' title='bbox 2135 2284 2216 2309; x_wconf 89' lang='lat' dir='ltr'>cum</span> <span class='ocrx_word' id='word_1_582' title='bbox 2238 2285 2342 2311; x_wconf 81' lang='lat' dir='ltr'>accu—</span> 
     </span>
    </p>
   </div>
   <div class='ocr_carea' id='block_1_35' title="bbox 107 2313 2345 2410">
    <p class='ocr_par' dir='ltr' id='par_1_35' title="bbox 107 2313 2345 2410">
     <span class='ocr_line' id='line_1_71' title="bbox 107 2313 2345 2364; baseline 0.003 -15"><span class='ocrx_word' id='word_1_583' title='bbox 107 2317 211 2350; x_wconf 82' lang='lat' dir='ltr'>sator</span> <span class='ocrx_word' id='word_1_584' title='bbox 233 2313 396 2350; x_wconf 78' lang='lat' dir='ltr'>extiterit</span> <span class='ocrx_word' id='word_1_585' title='bbox 419 2314 605 2352; x_wconf 75' lang='lat' dir='ltr'>inhoneste</span> <span class='ocrx_word' id='word_1_586' title='bbox 628 2327 708 2352; x_wconf 92' lang='lat' dir='ltr'>cum</span> <span class='ocrx_word' id='word_1_587' title='bbox 733 2317 800 2352; x_wconf 89' lang='lat' dir='ltr'>tali</span> <span class='ocrx_word' id='word_1_588' title='bbox 821 2317 971 2353; x_wconf 87' lang='lat' dir='ltr'>muliere</span> <span class='ocrx_word' id='word_1_589' title='bbox 994 2317 1133 2353; x_wconf 88' lang='lat' dir='ltr'>versari</span> <span class='ocrx_word' id='word_1_590' title='bbox 1156 2318 1342 2352; x_wconf 85' lang='lat' dir='ltr'>convictus</span> <span class='ocrx_word' id='word_1_591' title='bbox 1360 2317 1418 2360; x_wconf 86' lang='lat' dir='ltr'>sit,</span> <span class='ocrx_word' id='word_1_592' title='bbox 1444 2321 1529 2353; x_wconf 90' lang='lat' dir='ltr'>tunc</span> <span class='ocrx_word' id='word_1_593' title='bbox 1552 2317 1745 2364; x_wconf 86' lang='lat' dir='ltr'>episcopus</span> <span class='ocrx_word' id='word_1_594' title='bbox 1767 2318 1845 2354; x_wconf 82' lang='lat' dir='ltr'>eius</span> <span class='ocrx_word' id='word_1_595' title='bbox 1867 2318 2062 2355; x_wconf 86' lang='lat' dir='ltr'>secundum</span> <span class='ocrx_word' id='word_1_596' title='bbox 2083 2318 2345 2356; x_wconf 84' lang='lat' dir='ltr'>ecclesiasticos</span> 
     </span>
     <span class='ocr_line' id='line_1_72' title="bbox 108 2358 2342 2410; baseline 0.003 -16"><span class='ocrx_word' id='word_1_597' title='bbox 108 2369 265 2395; x_wconf 88' lang='lat' dir='ltr'>canones</span> <span class='ocrx_word' id='word_1_598' title='bbox 289 2358 386 2395; x_wconf 88' lang='lat' dir='ltr'>clero</span> <span class='ocrx_word' id='word_1_599' title='bbox 410 2371 490 2396; x_wconf 88' lang='lat' dir='ltr'>eum</span> <span class='ocrx_word' id='word_1_600' title='bbox 513 2361 680 2408; x_wconf 86' lang='lat' dir='ltr'>repellat,</span> <span class='ocrx_word' id='word_1_601' title='bbox 711 2362 836 2397; x_wconf 88' lang='lat' dir='ltr'>curiae</span> <span class='ocrx_word' id='word_1_602' title='bbox 859 2362 1015 2398; x_wconf 82' lang='lat' dir='ltr'>civitatis</span> <span class='ocrx_word' id='word_1_603' title='bbox 1037 2362 1075 2397; x_wconf 85' lang='lat' dir='ltr'>in</span> <span class='ocrx_word' id='word_1_604' title='bbox 1100 2372 1174 2408; x_wconf 83' lang='lat' dir='ltr'>qua</span> <span class='ocrx_word' id='word_1_605' title='bbox 1196 2362 1349 2398; x_wconf 82' lang='lat' dir='ltr'>clericus</span> <span class='ocrx_word' id='word_1_606' title='bbox 1371 2366 1453 2398; x_wconf 86' lang='lat' dir='ltr'>erat</span> <span class='ocrx_word' id='word_1_607' title='bbox 1476 2361 1698 2398; x_wconf 85' lang='lat' dir='ltr'>tradendum.</span> <span class='ocrx_word' id='word_1_608' title='bbox 1746 2362 1933 2410; x_wconf 82' lang='lat' dir='ltr'>Episcopo</span> <span class='ocrx_word' id='word_1_609' title='bbox 1957 2367 2077 2399; x_wconf 86' lang='lat' dir='ltr'>autem</span> <span class='ocrx_word' id='word_1_610' title='bbox 2107 2364 2243 2399; x_wconf 83' lang='lat' dir='ltr'>nullam</span> <span class='ocrx_word' id='word_1_611' title='bbox 2268 2376 2342 2401; x_wconf 89' lang='lat' dir='ltr'>om—</span> 
     </span>
    </p>
   </div>
   <div class='ocr_carea' id='block_1_36' title="bbox 107 2404 1386 2454">
    <p class='ocr_par' dir='ltr' id='par_1_36' title="bbox 107 2404 1386 2454">
     <span class='ocr_line' id='line_1_73' title="bbox 107 2404 1386 2454; baseline 0.002 -15"><span class='ocrx_word' id='word_1_612' title='bbox 107 2404 194 2440; x_wconf 88' lang='lat' dir='ltr'>nino</span> <span class='ocrx_word' id='word_1_613' title='bbox 219 2404 401 2440; x_wconf 84' lang='lat' dir='ltr'>mulierem</span> <span class='ocrx_word' id='word_1_614' title='bbox 425 2405 557 2442; x_wconf 74' lang='lat' dir='ltr'>nabere</span> <span class='ocrx_word' id='word_1_615' title='bbox 586 2410 652 2442; x_wconf 88' lang='lat' dir='ltr'>aut</span> <span class='ocrx_word' id='word_1_616' title='bbox 674 2418 753 2443; x_wconf 85' lang='lat' dir='ltr'>cum</span> <span class='ocrx_word' id='word_1_617' title='bbox 777 2406 926 2443; x_wconf 85' lang='lat' dir='ltr'>muliere</span> <span class='ocrx_word' id='word_1_618' title='bbox 949 2406 1113 2443; x_wconf 76' lang='lat' dir='ltr'>habitare</span> <span class='ocrx_word' id='word_1_619' title='bbox 1134 2407 1386 2454; x_wconf 83' lang='lat' dir='ltr'>permittimus.</span> 
     </span>
    </p>
   </div>
   <div class='ocr_carea' id='block_1_37' title="bbox 1433 2406 2343 2456">
    <p class='ocr_par' dir='ltr' id='par_1_37' title="bbox 1433 2406 2343 2456">
     <span class='ocr_line' id='line_1_74' title="bbox 1433 2406 2343 2456; baseline 0.004 -14"><span class='ocrx_word' id='word_1_620' title='bbox 1433 2406 1572 2450; x_wconf 81' lang='lat' dir='ltr'>Quodsi</span> <span class='ocrx_word' id='word_1_621' title='bbox 1602 2406 1642 2442; x_wconf 84' lang='lat' dir='ltr'>id</span> <span class='ocrx_word' id='word_1_622' title='bbox 1671 2418 1901 2455; x_wconf 84' lang='lat' dir='ltr'>nequaquam</span> <span class='ocrx_word' id='word_1_623' title='bbox 1931 2408 2137 2445; x_wconf 82' lang='lat' dir='ltr'>observasse</span> <span class='ocrx_word' id='word_1_624' title='bbox 2159 2409 2343 2456; x_wconf 83' lang='lat' dir='ltr'>probatus</span> 
     </span>
    </p>
   </div>
   <div class='ocr_carea' id='block_1_38' title="bbox 107 2450 1584 2529">
    <p class='ocr_par' dir='ltr' id='par_1_38' title="bbox 107 2450 1584 2529">
     <span class='ocr_line' id='line_1_75' title="bbox 107 2450 1584 2529; baseline 0.002 -44"><span class='ocrx_word' id='word_1_625' title='bbox 107 2450 166 2491; x_wconf 85' lang='lat' dir='ltr'>sit,</span> <span class='ocrx_word' id='word_1_626' title='bbox 190 2450 402 2529; x_wconf 43' lang='lat' dir='ltr'>episgngalu</span> <span class='ocrx_word' id='word_1_627' title='bbox 426 2451 623 2487; x_wconf 82' lang='lat' dir='ltr'>deiciatur:</span> <span class='ocrx_word' id='word_1_628' title='bbox 658 2452 736 2498; x_wconf 86' lang='lat' dir='ltr'>ipse</span> <span class='ocrx_word' id='word_1_629' title='bbox 759 2452 853 2488; x_wconf 87' lang='lat' dir='ltr'>enim</span> <span class='ocrx_word' id='word_1_630' title='bbox 876 2453 1082 2488; x_wconf 84' lang='lat' dir='ltr'>sacerdotio</span> <span class='ocrx_word' id='word_1_631' title='bbox 1105 2463 1184 2489; x_wconf 89' lang='lat' dir='ltr'>sese</span> <span class='ocrx_word' id='word_1_632' title='bbox 1206 2452 1394 2504; x_wconf 77' lang='lat' dir='ltr'>indiqnum</span> <span class='ocrx_word' id='word_1_633' title='bbox 1418 2452 1584 2489; x_wconf 83' lang='lat' dir='ltr'>ostendit.</span> 
     </span>
    </p>
   </div>
   <div class='ocr_carea' id='block_1_39' title="bbox 241 2495 275 2528">
    <p class='ocr_par' dir='ltr' id='par_1_39' title="bbox 241 2495 275 2528">
     <span class='ocr_line' id='line_1_76' title="bbox 241 2495 275 2528; baseline 0 0"><span class='ocrx_word' id='word_1_634' title='bbox 241 2495 275 2528; x_wconf 95' lang='lat' dir='ltr'>X</span> 
     </span>
    </p>
   </div>
   <div class='ocr_carea' id='block_1_40' title="bbox 348 2494 2341 2546">
    <p class='ocr_par' dir='ltr' id='par_1_40' title="bbox 348 2494 2341 2546">
     <span class='ocr_line' id='line_1_77' title="bbox 348 2494 2341 2546; baseline 0.004 -17"><span class='ocrx_word' id='word_1_635' title='bbox 348 2521 356 2529; x_wconf 85' lang='lat'><em>.</em></span> <span class='ocrx_word' id='word_1_636' title='bbox 405 2494 657 2531; x_wconf 86' lang='lat' dir='ltr'>Diaconissam</span> <span class='ocrx_word' id='word_1_637' title='bbox 688 2501 807 2533; x_wconf 86' lang='lat' dir='ltr'>autem</span> <span class='ocrx_word' id='word_1_638' title='bbox 838 2497 938 2533; x_wconf 87' lang='lat' dir='ltr'>nullo</span> <span class='ocrx_word' id='word_1_639' title='bbox 969 2497 1075 2533; x_wconf 88' lang='lat' dir='ltr'>modo</span> <span class='ocrx_word' id='word_1_640' title='bbox 1108 2508 1188 2533; x_wconf 90' lang='lat' dir='ltr'>cum</span> <span class='ocrx_word' id='word_1_641' title='bbox 1218 2508 1309 2540; x_wconf 77' lang='lat' dir='ltr'>viro,</span> <span class='ocrx_word' id='word_1_642' title='bbox 1344 2508 1394 2534; x_wconf 76' lang='lat' dir='ltr'>ex</span> <span class='ocrx_word' id='word_1_643' title='bbox 1425 2509 1497 2544; x_wconf 83' lang='lat' dir='ltr'>quo</span> <span class='ocrx_word' id='word_1_644' title='bbox 1527 2497 1740 2534; x_wconf 77' lang='lat' dir='ltr'>inhonestae</span> <span class='ocrx_word' id='word_1_645' title='bbox 1770 2498 1865 2534; x_wconf 87' lang='lat' dir='ltr'>vitae</span> <span class='ocrx_word' id='word_1_646' title='bbox 1894 2498 2053 2544; x_wconf 85' lang='lat' dir='ltr'>suspicio</span> <span class='ocrx_word' id='word_1_647' title='bbox 2089 2498 2181 2534; x_wconf 89' lang='lat' dir='ltr'>oriri</span> <span class='ocrx_word' id='word_1_648' title='bbox 2211 2500 2341 2546; x_wconf 78' lang='lat' dir='ltr'>possit,</span> 
     </span>
    </p>
   </div>
   <div class='ocr_carea' id='block_1_41' title="bbox 109 2539 2342 2590">
    <p class='ocr_par' dir='ltr' id='par_1_41' title="bbox 109 2539 2342 2590">
     <span class='ocr_line' id='line_1_78' title="bbox 109 2539 2342 2590; baseline 0.003 -16"><span class='ocrx_word' id='word_1_649' title='bbox 109 2539 272 2575; x_wconf 77' lang='lat' dir='ltr'>habitare</span> <span class='ocrx_word' id='word_1_650' title='bbox 287 2540 544 2590; x_wconf 81' lang='lat' dir='ltr'>permittimus.</span> <span class='ocrx_word' id='word_1_651' title='bbox 592 2541 634 2577; x_wconf 88' lang='lat' dir='ltr'>Si</span> <span class='ocrx_word' id='word_1_652' title='bbox 658 2545 776 2578; x_wconf 87' lang='lat' dir='ltr'>autem</span> <span class='ocrx_word' id='word_1_653' title='bbox 800 2542 889 2578; x_wconf 81' lang='lat' dir='ltr'>haec</span> <span class='ocrx_word' id='word_1_654' title='bbox 911 2553 986 2578; x_wconf 86' lang='lat' dir='ltr'>non</span> <span class='ocrx_word' id='word_1_655' title='bbox 1011 2543 1264 2585; x_wconf 84' lang='lat' dir='ltr'>observaverit,</span> <span class='ocrx_word' id='word_1_656' title='bbox 1295 2543 1467 2578; x_wconf 84' lang='lat' dir='ltr'>sacerdos</span> <span class='ocrx_word' id='word_1_657' title='bbox 1490 2543 1549 2578; x_wconf 87' lang='lat' dir='ltr'>cui</span> <span class='ocrx_word' id='word_1_658' title='bbox 1571 2542 1731 2578; x_wconf 89' lang='lat' dir='ltr'>subiecta</span> <span class='ocrx_word' id='word_1_659' title='bbox 1755 2547 1810 2579; x_wconf 85' lang='lat' dir='ltr'>est</span> <span class='ocrx_word' id='word_1_660' title='bbox 1830 2554 1909 2578; x_wconf 88' lang='lat' dir='ltr'>eam</span> <span class='ocrx_word' id='word_1_661' title='bbox 1933 2543 2137 2587; x_wconf 87' lang='lat' dir='ltr'>admoneat,</span> <span class='ocrx_word' id='word_1_662' title='bbox 2165 2546 2207 2580; x_wconf 88' lang='lat' dir='ltr'>ut</span> <span class='ocrx_word' id='word_1_663' title='bbox 2229 2545 2342 2580; x_wconf 82' lang='lat' dir='ltr'>omni-</span> 
     </span>
    </p>
   </div>
   <div class='ocr_carea' id='block_1_42' title="bbox 109 2583 988 2624">
    <p class='ocr_par' dir='ltr' id='par_1_42' title="bbox 109 2583 988 2624">
     <span class='ocr_line' id='line_1_79' title="bbox 109 2583 988 2624; baseline 0.006 -6"><span class='ocrx_word' id='word_1_664' title='bbox 109 2584 173 2619; x_wconf 89' lang='lat' dir='ltr'>bus</span> <span class='ocrx_word' id='word_1_665' title='bbox 196 2583 312 2619; x_wconf 79' lang='lat' dir='ltr'>modis</span> <span class='ocrx_word' id='word_1_666' title='bbox 337 2586 442 2620; x_wconf 87' lang='lat' dir='ltr'>talem</span> <span class='ocrx_word' id='word_1_667' title='bbox 465 2586 579 2621; x_wconf 86' lang='lat' dir='ltr'>virum</span> <span class='ocrx_word' id='word_1_668' title='bbox 610 2598 630 2622; x_wconf 91' lang='lat' dir='ltr'>e</span> <span class='ocrx_word' id='word_1_669' title='bbox 652 2587 757 2623; x_wconf 89' lang='lat' dir='ltr'>domo</span> <span class='ocrx_word' id='word_1_670' title='bbox 780 2598 848 2623; x_wconf 88' lang='lat' dir='ltr'>sua</span> <span class='ocrx_word' id='word_1_671' title='bbox 871 2587 988 2624; x_wconf 84' lang='lat' dir='ltr'>eiciat.</span> 
     </span>
    </p>
   </div>
   <div class='ocr_carea' id='block_1_43' title="bbox 108 2630 1596 2725">
    <p class='ocr_par' dir='ltr' id='par_1_43' title="bbox 108 2630 1596 2725">
     <span class='ocr_line' id='line_1_80' title="bbox 108 2630 1596 2713; baseline 0.003 -50"><span class='ocrx_word' id='word_1_672' title='bbox 108 2630 236 2664; x_wconf 88' lang='lat' dir='ltr'>mentis</span> <span class='ocrx_word' id='word_1_673' title='bbox 257 2631 333 2664; x_wconf 82' lang='lat' dir='ltr'>suis</span> <span class='ocrx_word' id='word_1_674' title='bbox 352 2631 502 2675; x_wconf 86' lang='lat' dir='ltr'>privata</span> <span class='ocrx_word' id='word_1_675' title='bbox 526 2633 746 2668; x_wconf 86' lang='lat' dir='ltr'>monasterio</span> <span class='ocrx_word' id='word_1_676' title='bbox 771 2632 950 2675; x_wconf 87' lang='lat' dir='ltr'>tradatur,</span> <span class='ocrx_word' id='word_1_677' title='bbox 975 2633 1095 2713; x_wconf 49' lang='lat' dir='ltr'>²7⁷ng</span> <span class='ocrx_word' id='word_1_678' title='bbox 1116 2644 1219 2669; x_wconf 88' lang='lat' dir='ltr'>omne</span> <span class='ocrx_word' id='word_1_679' title='bbox 1237 2634 1330 2669; x_wconf 89' lang='lat' dir='ltr'>vitae</span> <span class='ocrx_word' id='word_1_680' title='bbox 1348 2644 1437 2669; x_wconf 89' lang='lat' dir='ltr'>suae</span> <span class='ocrx_word' id='word_1_681' title='bbox 1458 2636 1596 2679; x_wconf 84' lang='lat' dir='ltr'>tempus</span> 
     </span>
     <span class='ocr_line' id='line_1_81' title="bbox 1030 2688 1573 2725; baseline 0 -12"><span class='ocrx_word' id='word_1_682' title='bbox 1030 2689 1087 2713; x_wconf 91' lang='lat' dir='ltr'>um</span> <span class='ocrx_word' id='word_1_683' title='bbox 1118 2688 1303 2713; x_wconf 86' lang='lat' dir='ltr'>numerum</span> <span class='ocrx_word' id='word_1_684' title='bbox 1332 2689 1573 2725; x_wconf 86' lang='lat' dir='ltr'>personarum</span> 
     </span>
    </p>
   </div>
   <div class='ocr_carea' id='block_1_44' title="bbox 109 2673 1001 2723">
    <p class='ocr_par' dir='ltr' id='par_1_44' title="bbox 109 2673 1001 2723">
     <span class='ocr_line' id='line_1_82' title="bbox 109 2673 1001 2723; baseline 0.004 -15"><span class='ocrx_word' id='word_1_685' title='bbox 109 2673 241 2709; x_wconf 85' lang='lat' dir='ltr'>liberos</span> <span class='ocrx_word' id='word_1_686' title='bbox 272 2673 421 2717; x_wconf 75' lang='lat' dir='ltr'>babeat,</span> <span class='ocrx_word' id='word_1_687' title='bbox 452 2675 548 2711; x_wconf 85' lang='lat' dir='ltr'>inter</span> <span class='ocrx_word' id='word_1_688' title='bbox 574 2677 694 2723; x_wconf 84' lang='lat' dir='ltr'>ipsam</span> <span class='ocrx_word' id='word_1_689' title='bbox 722 2682 759 2713; x_wconf 84' lang='lat' dir='ltr'>et</span> <span class='ocrx_word' id='word_1_690' title='bbox 787 2678 871 2713; x_wconf 88' lang='lat' dir='ltr'>illos</span> <span class='ocrx_word' id='word_1_691' title='bbox 892 2689 1001 2713; x_wconf 85' lang='lat' dir='ltr'>secun</span> 
     </span>
    </p>
   </div>
   <div class='ocr_carea' id='block_1_45' title="bbox 1036 2586 2341 2633">
    <p class='ocr_par' dir='ltr' id='par_1_45' title="bbox 1036 2586 2341 2633">
     <span class='ocr_line' id='line_1_83' title="bbox 1036 2586 2341 2633; baseline 0.002 -10"><span class='ocrx_word' id='word_1_692' title='bbox 1036 2586 1173 2631; x_wconf 82' lang='lat' dir='ltr'>Quodsi</span> <span class='ocrx_word' id='word_1_693' title='bbox 1195 2587 1234 2623; x_wconf 83' lang='lat' dir='ltr'>id</span> <span class='ocrx_word' id='word_1_694' title='bbox 1253 2588 1382 2633; x_wconf 85' lang='lat' dir='ltr'>facere</span> <span class='ocrx_word' id='word_1_695' title='bbox 1412 2588 1609 2630; x_wconf 84' lang='lat' dir='ltr'>distulerit,</span> <span class='ocrx_word' id='word_1_696' title='bbox 1640 2588 1882 2624; x_wconf 87' lang='lat' dir='ltr'>ecclesiastico</span> <span class='ocrx_word' id='word_1_697' title='bbox 1913 2588 2112 2624; x_wconf 86' lang='lat' dir='ltr'>ministerio</span> <span class='ocrx_word' id='word_1_698' title='bbox 2145 2592 2182 2624; x_wconf 89' lang='lat' dir='ltr'>et</span> <span class='ocrx_word' id='word_1_699' title='bbox 2208 2590 2341 2625; x_wconf 87' lang='lat' dir='ltr'>emolu-</span> 
     </span>
    </p>
   </div>
   <div class='ocr_carea' id='block_1_46' title="bbox 1620 2633 2342 2730">
    <p class='ocr_par' dir='ltr' id='par_1_46' title="bbox 1620 2633 2342 2730">
     <span class='ocr_line' id='line_1_84' title="bbox 1645 2633 2341 2680; baseline 0.003 -12"><span class='ocrx_word' id='word_1_700' title='bbox 1645 2637 1796 2679; x_wconf 75' lang='lat' dir='ltr'>eraqat;</span> <span class='ocrx_word' id='word_1_701' title='bbox 1818 2643 1878 2669; x_wconf 90' lang='lat' dir='ltr'>res</span> <span class='ocrx_word' id='word_1_702' title='bbox 1897 2636 2014 2669; x_wconf 87' lang='lat' dir='ltr'>autem</span> <span class='ocrx_word' id='word_1_703' title='bbox 2035 2634 2123 2676; x_wconf 84' lang='lat' dir='ltr'>eius,</span> <span class='ocrx_word' id='word_1_704' title='bbox 2145 2634 2178 2669; x_wconf 88' lang='lat' dir='ltr'>si</span> <span class='ocrx_word' id='word_1_705' title='bbox 2197 2633 2341 2680; x_wconf 86' lang='lat' dir='ltr'>quidem</span> 
     </span>
     <span class='ocr_line' id='line_1_85' title="bbox 1620 2678 2342 2730; baseline 0.004 -17"><span class='ocrx_word' id='word_1_706' title='bbox 1620 2678 1813 2721; x_wconf 84' lang='lat' dir='ltr'>ividantur,</span> <span class='ocrx_word' id='word_1_707' title='bbox 1850 2682 1889 2713; x_wconf 90' lang='lat' dir='ltr'>ut</span> <span class='ocrx_word' id='word_1_708' title='bbox 1905 2683 2053 2730; x_wconf 77' lang='lat' dir='ltr'>partem</span> <span class='ocrx_word' id='word_1_709' title='bbox 2082 2689 2176 2724; x_wconf 85' lang='lat' dir='ltr'>quae</span> <span class='ocrx_word' id='word_1_710' title='bbox 2198 2679 2342 2716; x_wconf 83' lang='lat' dir='ltr'>mulieri</span> 
     </span>
    </p>
   </div>
   <div class='ocr_carea' id='block_1_47' title="bbox 107 2719 2341 2859">
    <p class='ocr_par' dir='ltr' id='par_1_47' title="bbox 107 2719 2341 2859">
     <span class='ocr_line' id='line_1_86' title="bbox 108 2719 2341 2769; baseline 0.003 -16"><span class='ocrx_word' id='word_1_711' title='bbox 108 2719 280 2765; x_wconf 86' lang='lat' dir='ltr'>competit</span> <span class='ocrx_word' id='word_1_712' title='bbox 301 2721 558 2756; x_wconf 86' lang='lat' dir='ltr'>monasterium</span> <span class='ocrx_word' id='word_1_713' title='bbox 581 2722 660 2757; x_wconf 87' lang='lat' dir='ltr'>acci</span> <span class='ocrx_word' id='word_1_714' title='bbox 687 2722 741 2758; x_wconf 87' lang='lat' dir='ltr'>iat</span> <span class='ocrx_word' id='word_1_715' title='bbox 762 2734 912 2769; x_wconf 86' lang='lat' dir='ltr'>eamque</span> <span class='ocrx_word' id='word_1_716' title='bbox 935 2723 1014 2759; x_wconf 90' lang='lat' dir='ltr'>alat</span> <span class='ocrx_word' id='word_1_717' title='bbox 1019 2736 1035 2765; x_wconf 89' lang='lat'><em>;</em></span> <span class='ocrx_word' id='word_1_718' title='bbox 1057 2724 1115 2759; x_wconf 89' lang='lat' dir='ltr'>sin</span> <span class='ocrx_word' id='word_1_719' title='bbox 1131 2734 1204 2758; x_wconf 87' lang='lat' dir='ltr'>non</span> <span class='ocrx_word' id='word_1_720' title='bbox 1225 2722 1357 2759; x_wconf 79' lang='lat' dir='ltr'>babeat</span> <span class='ocrx_word' id='word_1_721' title='bbox 1372 2723 1514 2766; x_wconf 88' lang='lat' dir='ltr'>liberos,</span> <span class='ocrx_word' id='word_1_722' title='bbox 1540 2726 1618 2759; x_wconf 88' lang='lat' dir='ltr'>tota</span> <span class='ocrx_word' id='word_1_723' title='bbox 1641 2723 1718 2759; x_wconf 87' lang='lat' dir='ltr'>eius</span> <span class='ocrx_word' id='word_1_724' title='bbox 1734 2723 1938 2759; x_wconf 75' lang='lat' dir='ltr'>substantia</span> <span class='ocrx_word' id='word_1_725' title='bbox 1959 2727 2054 2759; x_wconf 77' lang='lat' dir='ltr'>mter</span> <span class='ocrx_word' id='word_1_726' title='bbox 2071 2724 2341 2768; x_wconf 84' lang='lat' dir='ltr'>monasterium,</span> 
     </span>
     <span class='ocr_line' id='line_1_87' title="bbox 107 2763 2300 2822; baseline 0.003 -24"><span class='ocrx_word' id='word_1_727' title='bbox 107 2764 146 2799; x_wconf 84' lang='lat' dir='ltr'>in</span> <span class='ocrx_word' id='word_1_728' title='bbox 169 2763 269 2810; x_wconf 83' lang='lat' dir='ltr'>quod</span> <span class='ocrx_word' id='word_1_729' title='bbox 290 2764 504 2808; x_wconf 81' lang='lat' dir='ltr'>immittitur,</span> <span class='ocrx_word' id='word_1_730' title='bbox 529 2769 563 2802; x_wconf 87' lang='lat' dir='ltr'>et</span> <span class='ocrx_word' id='word_1_731' title='bbox 587 2767 782 2809; x_wconf 80' lang='lat' dir='ltr'>eccesiam,</span> <span class='ocrx_word' id='word_1_732' title='bbox 807 2769 844 2803; x_wconf 87' lang='lat' dir='ltr'>in</span> <span class='ocrx_word' id='word_1_733' title='bbox 868 2779 941 2814; x_wconf 83' lang='lat' dir='ltr'>qua</span> <span class='ocrx_word' id='word_1_734' title='bbox 956 2768 1068 2815; x_wconf 84' lang='lat' dir='ltr'>prius</span> <span class='ocrx_word' id='word_1_735' title='bbox 1090 2769 1288 2804; x_wconf 84' lang='lat' dir='ltr'>constituta</span> <span class='ocrx_word' id='word_1_736' title='bbox 1309 2772 1399 2811; x_wconf 88' lang='lat' dir='ltr'>erat,</span> <span class='ocrx_word' id='word_1_737' title='bbox 1424 2779 1542 2821; x_wconf 79' lang='lat' dir='ltr'>aequa</span> <span class='ocrx_word' id='word_1_738' title='bbox 1559 2768 1732 2821; x_wconf 77' lang='lat' dir='ltr'>portione</span> <span class='ocrx_word' id='word_1_739' title='bbox 1755 2768 1948 2804; x_wconf 83' lang='lat' dir='ltr'>dividatur.</span> <span class='ocrx_word' id='word_1_740' title='bbox 2196 2813 2204 2821; x_wconf 40' lang='grc' dir='ltr'>ι</span> <span class='ocrx_word' id='word_1_741' title='bbox 2291 2813 2300 2822; x_wconf 49' lang='lat'><strong>·</strong></span> 
     </span>
     <span class='ocr_line' id='line_1_88' title="bbox 242 2808 2340 2859; baseline 0.003 -16"><span class='ocrx_word' id='word_1_742' title='bbox 242 2809 374 2845; x_wconf 91' lang='lat' dir='ltr'>XXXI.</span> <span class='ocrx_word' id='word_1_743' title='bbox 419 2808 464 2845; x_wconf 86' lang='lat' dir='ltr'>Si</span> <span class='ocrx_word' id='word_1_744' title='bbox 487 2811 578 2856; x_wconf 81' lang='lat' dir='ltr'>quis,</span> <span class='ocrx_word' id='word_1_745' title='bbox 610 2821 690 2847; x_wconf 91' lang='lat' dir='ltr'>cum</span> <span class='ocrx_word' id='word_1_746' title='bbox 712 2822 820 2848; x_wconf 86' lang='lat' dir='ltr'>sacra</span> <span class='ocrx_word' id='word_1_747' title='bbox 843 2814 1016 2859; x_wconf 82' lang='lat' dir='ltr'>mysteria</span> <span class='ocrx_word' id='word_1_748' title='bbox 1047 2813 1103 2850; x_wconf 89' lang='lat' dir='ltr'>vel</span> <span class='ocrx_word' id='word_1_749' title='bbox 1125 2813 1200 2849; x_wconf 86' lang='lat' dir='ltr'>alia</span> <span class='ocrx_word' id='word_1_750' title='bbox 1230 2816 1359 2849; x_wconf 86' lang='lat' dir='ltr'>sancta</span> <span class='ocrx_word' id='word_1_751' title='bbox 1390 2817 1590 2849; x_wconf 68' lang='lat' dir='ltr'>ministeria</span> <span class='ocrx_word' id='word_1_752' title='bbox 1614 2813 1852 2856; x_wconf 84' lang='lat' dir='ltr'>celebrantur,</span> <span class='ocrx_word' id='word_1_753' title='bbox 1883 2816 2046 2849; x_wconf 81' lang='lat' dir='ltr'>sanctam</span> <span class='ocrx_word' id='word_1_754' title='bbox 2077 2813 2263 2849; x_wconf 75' lang='lat' dir='ltr'>ecclesiam</span> <span class='ocrx_word' id='word_1_755' title='bbox 2285 2824 2340 2850; x_wconf 85' lang='lat' dir='ltr'>m-</span> 
     </span>
    </p>
   </div>
   <div class='ocr_carea' id='block_1_48' title="bbox 104 2897 1197 3665">
    <p class='ocr_par' dir='ltr' id='par_1_48' title="bbox 104 2897 1197 3655">
     <span class='ocr_line' id='line_1_89' title="bbox 177 2897 1197 2947; baseline 0.004 -16"><span class='ocrx_word' id='word_1_756' title='bbox 177 2901 194 2934; x_wconf 90' lang='lat'>1</span> <span class='ocrx_word' id='word_1_757' title='bbox 221 2897 384 2944; x_wconf 74' lang='grc' dir='ltr'><strong><em>ἐκφεύγοι</em></strong></span> <span class='ocrx_word' id='word_1_758' title='bbox 412 2900 438 2932; x_wconf 79' lang='lat' dir='ltr'><em>L</em></span> <span class='ocrx_word' id='word_1_759' title='bbox 466 2898 479 2943; x_wconf 80' lang='grc' dir='ltr'>ΙΙ</span> <span class='ocrx_word' id='word_1_760' title='bbox 502 2901 522 2934; x_wconf 92' lang='grc'>2</span> <span class='ocrx_word' id='word_1_761' title='bbox 547 2899 578 2933; x_wconf 86' lang='grc' dir='ltr'>εἰ</span> <span class='ocrx_word' id='word_1_762' title='bbox 602 2897 645 2934; x_wconf 91' lang='grc' dir='ltr'><strong><em>δέ</em></strong></span> <span class='ocrx_word' id='word_1_763' title='bbox 663 2912 717 2935; x_wconf 86' lang='grc' dir='ltr'>τις</span> <span class='ocrx_word' id='word_1_764' title='bbox 742 2902 771 2935; x_wconf 87' lang='lat' dir='ltr'><strong><em>S</em></strong></span> <span class='ocrx_word' id='word_1_765' title='bbox 787 2900 800 2941; x_wconf 89' lang='grc' dir='ltr'>ΙΙ</span> <span class='ocrx_word' id='word_1_766' title='bbox 815 2899 978 2946; x_wconf 76' lang='grc' dir='ltr'><strong><em>φυλακὴν</em></strong></span> <span class='ocrx_word' id='word_1_767' title='bbox 1000 2903 1064 2936; x_wconf 74' lang='grc' dir='ltr'>Μ“</span> <span class='ocrx_word' id='word_1_768' title='bbox 1079 2902 1092 2947; x_wconf 81' lang='grc' dir='ltr'>ΙΙ</span> <span class='ocrx_word' id='word_1_769' title='bbox 1120 2905 1139 2937; x_wconf 94' lang='grc'><strong>3</strong></span> <span class='ocrx_word' id='word_1_770' title='bbox 1161 2902 1197 2935; x_wconf 82' lang='grc' dir='ltr'>εἴ</span> 
     </span>
     <span class='ocr_line' id='line_1_90' title="bbox 107 2944 1191 2999; baseline 0.006 -21"><span class='ocrx_word' id='word_1_771' title='bbox 107 2955 160 2979; x_wconf 86' lang='grc' dir='ltr'>τις</span> <span class='ocrx_word' id='word_1_772' title='bbox 168 2945 231 2997; x_wconf 52' lang='lat' dir='ltr'>“M</span> <span class='ocrx_word' id='word_1_773' title='bbox 249 2945 262 2988; x_wconf 90' lang='grc' dir='ltr'>ΙΙ</span> <span class='ocrx_word' id='word_1_774' title='bbox 287 2946 308 2979; x_wconf 88' lang='grc'>4</span> <span class='ocrx_word' id='word_1_775' title='bbox 332 2946 526 2990; x_wconf 81' lang='grc' dir='ltr'><strong><em>ἐπαγαγεῖν</em></strong></span> <span class='ocrx_word' id='word_1_776' title='bbox 545 2947 572 2979; x_wconf 84' lang='lat' dir='ltr'><strong><em>S</em></strong></span> <span class='ocrx_word' id='word_1_777' title='bbox 589 2945 602 2990; x_wconf 81' lang='grc' dir='ltr'>ΙΙ</span> <span class='ocrx_word' id='word_1_778' title='bbox 617 2944 640 2988; x_wconf 84' lang='grc' dir='ltr'><em>ἢ</em></span> <span class='ocrx_word' id='word_1_779' title='bbox 657 2960 714 2999; x_wconf 70' lang='lat'>‘2⁷⁷²&#39;</span> <span class='ocrx_word' id='word_1_780' title='bbox 729 2959 749 2983; x_wconf 84' lang='grc' dir='ltr'><strong><em>ς</em></strong></span> <span class='ocrx_word' id='word_1_781' title='bbox 766 2947 779 2990; x_wconf 83' lang='lat' dir='ltr'>ss</span> <span class='ocrx_word' id='word_1_782' title='bbox 795 2944 868 2981; x_wconf 80' lang='grc' dir='ltr'>ἀπὸ</span> <span class='ocrx_word' id='word_1_783' title='bbox 897 2949 925 2980; x_wconf 87' lang='lat' dir='ltr'><strong><em>S</em></strong></span> <span class='ocrx_word' id='word_1_784' title='bbox 939 2947 952 2991; x_wconf 88' lang='grc' dir='ltr'>ΙΙ</span> <span class='ocrx_word' id='word_1_785' title='bbox 970 2949 989 2981; x_wconf 87' lang='grc'>5</span> <span class='ocrx_word' id='word_1_786' title='bbox 1015 2944 1090 2983; x_wconf 78' lang='grc' dir='ltr'>ἀπὸ</span> <span class='ocrx_word' id='word_1_787' title='bbox 1106 2949 1164 2981; x_wconf 87' lang='lat' dir='ltr'>SL</span> <span class='ocrx_word' id='word_1_788' title='bbox 1180 2948 1191 2984; x_wconf 89' lang='grc' dir='ltr'>ΙΙ</span> 
     </span>
     <span class='ocr_line' id='line_1_91' title="bbox 109 2988 1185 3038; baseline 0.001 -13"><span class='ocrx_word' id='word_1_789' title='bbox 109 2992 130 3025; x_wconf 89' lang='grc'><strong>6</strong></span> <span class='ocrx_word' id='word_1_790' title='bbox 155 3000 250 3023; x_wconf 85' lang='grc' dir='ltr'><strong><em>ωστε</em></strong></span> <span class='ocrx_word' id='word_1_791' title='bbox 278 2988 328 3033; x_wconf 85' lang='grc' dir='ltr'>μὴ</span> <span class='ocrx_word' id='word_1_792' title='bbox 355 2989 448 3033; x_wconf 87' lang='grc' dir='ltr'><strong><em>μετὰ</em></strong></span> <span class='ocrx_word' id='word_1_793' title='bbox 480 2990 542 3032; x_wconf 77' lang='grc' dir='ltr'>τῆς</span> <span class='ocrx_word' id='word_1_794' title='bbox 571 3002 737 3034; x_wconf 78' lang='grc' dir='ltr'><strong><em>τοιαύτης</em></strong></span> <span class='ocrx_word' id='word_1_795' title='bbox 766 2990 950 3038; x_wconf 84' lang='grc' dir='ltr'><strong><em>γυναικὸς,</em></strong></span> <span class='ocrx_word' id='word_1_796' title='bbox 983 3006 1039 3026; x_wconf 88' lang='lat' dir='ltr'>om.</span> <span class='ocrx_word' id='word_1_797' title='bbox 1065 3006 1117 3026; x_wconf 87' lang='lat' dir='ltr'>vv.</span> <span class='ocrx_word' id='word_1_798' title='bbox 1141 2991 1185 3037; x_wconf 77' lang='grc' dir='ltr'>μ“</span> 
     </span>
     <span class='ocr_line' id='line_1_92' title="bbox 107 3034 1190 3082; baseline 0.002 -14"><span class='ocrx_word' id='word_1_799' title='bbox 107 3035 217 3069; x_wconf 84' lang='grc' dir='ltr'><strong><em>οἰκεῖν</em></strong></span> <span class='ocrx_word' id='word_1_800' title='bbox 239 3054 283 3059; x_wconf 93' lang='grc'>-</span> <span class='ocrx_word' id='word_1_801' title='bbox 309 3036 328 3069; x_wconf 93' lang='grc'>8</span> <span class='ocrx_word' id='word_1_802' title='bbox 351 3034 519 3080; x_wconf 87' lang='grc' dir='ltr'><strong><em>γυναικὸς</em></strong></span> <span class='ocrx_word' id='word_1_803' title='bbox 544 3036 697 3069; x_wconf 75' lang='lat' dir='ltr'>Nomoc.‘²</span> <span class='ocrx_word' id='word_1_804' title='bbox 723 3036 736 3080; x_wconf 82' lang='grc' dir='ltr'>ΙΙ</span> <span class='ocrx_word' id='word_1_805' title='bbox 768 3039 785 3070; x_wconf 83' lang='lat'><strong>7</strong></span> <span class='ocrx_word' id='word_1_806' title='bbox 811 3037 850 3070; x_wconf 82' lang='grc' dir='ltr'>ἐκ</span> <span class='ocrx_word' id='word_1_807' title='bbox 874 3050 932 3071; x_wconf 86' lang='lat' dir='ltr'>om.</span> <span class='ocrx_word' id='word_1_808' title='bbox 957 3038 985 3071; x_wconf 91' lang='lat' dir='ltr'><strong><em>S</em></strong></span> <span class='ocrx_word' id='word_1_809' title='bbox 1010 3037 1023 3082; x_wconf 83' lang='grc' dir='ltr'>ΙΙ</span> <span class='ocrx_word' id='word_1_810' title='bbox 1053 3035 1116 3081; x_wconf 75' lang='grc' dir='ltr'>μὴ]</span> <span class='ocrx_word' id='word_1_811' title='bbox 1148 3049 1190 3070; x_wconf 88' lang='grc' dir='ltr'>ου</span> 
     </span>
     <span class='ocr_line' id='line_1_93' title="bbox 109 3077 1191 3126; baseline 0.003 -12"><span class='ocrx_word' id='word_1_812' title='bbox 109 3080 159 3114; x_wconf 76' lang='grc' dir='ltr'>ΒΓ</span> <span class='ocrx_word' id='word_1_813' title='bbox 179 3080 192 3124; x_wconf 84' lang='grc' dir='ltr'>ΙΙ</span> <span class='ocrx_word' id='word_1_814' title='bbox 217 3077 356 3126; x_wconf 84' lang='grc' dir='ltr'><strong><em>θελήσῃ</em></strong></span> <span class='ocrx_word' id='word_1_815' title='bbox 382 3081 426 3122; x_wconf 90' lang='lat' dir='ltr'>L]</span> <span class='ocrx_word' id='word_1_816' title='bbox 459 3078 609 3122; x_wconf 87' lang='grc' dir='ltr'><strong><em>θελήσοι</em></strong></span> <span class='ocrx_word' id='word_1_817' title='bbox 635 3081 743 3115; x_wconf 84' lang='lat' dir='ltr'>MBS</span> <span class='ocrx_word' id='word_1_818' title='bbox 764 3081 777 3125; x_wconf 87' lang='grc' dir='ltr'>ΙΙ</span> <span class='ocrx_word' id='word_1_819' title='bbox 804 3082 824 3115; x_wconf 91' lang='grc'>8</span> <span class='ocrx_word' id='word_1_820' title='bbox 848 3080 1016 3125; x_wconf 78' lang='grc' dir='ltr'><strong><em>τοιαύτης</em></strong></span> <span class='ocrx_word' id='word_1_821' title='bbox 1039 3083 1097 3123; x_wconf 90' lang='lat' dir='ltr'>M]</span> <span class='ocrx_word' id='word_1_822' title='bbox 1128 3083 1191 3124; x_wconf 84' lang='grc' dir='ltr'>τῆς</span> 
     </span>
     <span class='ocr_line' id='line_1_94' title="bbox 106 3123 1189 3173; baseline 0.002 -14"><span class='ocrx_word' id='word_1_823' title='bbox 106 3123 273 3168; x_wconf 86' lang='grc' dir='ltr'><strong><em>τοιαύτης</em></strong></span> <span class='ocrx_word' id='word_1_824' title='bbox 297 3125 420 3167; x_wconf 88' lang='lat' dir='ltr'>SLB,</span> <span class='ocrx_word' id='word_1_825' title='bbox 445 3137 537 3161; x_wconf 56' lang='lat' dir='ltr'>oms</span> <span class='ocrx_word' id='word_1_826' title='bbox 562 3125 575 3169; x_wconf 85' lang='grc' dir='ltr'>ΙΙ</span> <span class='ocrx_word' id='word_1_827' title='bbox 603 3127 641 3160; x_wconf 91' lang='grc'>11</span> <span class='ocrx_word' id='word_1_828' title='bbox 667 3125 711 3171; x_wconf 83' lang='grc' dir='ltr'>τῇ</span> <span class='ocrx_word' id='word_1_829' title='bbox 735 3124 907 3172; x_wconf 78' lang='grc' dir='ltr'><strong><em>βουλῇ-</em></strong></span> <span class='ocrx_word' id='word_1_830' title='bbox 928 3124 1189 3173; x_wconf 86' lang='grc' dir='ltr'><strong><em>παραδοθησό-</em></strong></span> 
     </span>
     <span class='ocr_line' id='line_1_95' title="bbox 105 3167 1190 3217; baseline 0.002 -13"><span class='ocrx_word' id='word_1_831' title='bbox 105 3183 217 3215; x_wconf 88' lang='grc' dir='ltr'><strong><em>μενον</em></strong></span> <span class='ocrx_word' id='word_1_832' title='bbox 241 3182 296 3204; x_wconf 86' lang='lat' dir='ltr'>om.</span> <span class='ocrx_word' id='word_1_833' title='bbox 310 3171 347 3204; x_wconf 92' lang='lat' dir='ltr'><em>B</em></span> <span class='ocrx_word' id='word_1_834' title='bbox 362 3170 375 3211; x_wconf 86' lang='grc' dir='ltr'>ΙΙ</span> <span class='ocrx_word' id='word_1_835' title='bbox 397 3172 436 3205; x_wconf 89' lang='grc'>13</span> <span class='ocrx_word' id='word_1_836' title='bbox 459 3167 552 3214; x_wconf 81' lang='grc' dir='ltr'><strong><em>μετὰ</em></strong></span> <span class='ocrx_word' id='word_1_837' title='bbox 571 3168 703 3213; x_wconf 81' lang='grc' dir='ltr'><strong><em>ταύτης</em></strong></span> <span class='ocrx_word' id='word_1_838' title='bbox 727 3172 913 3214; x_wconf 84' lang='lat' dir='ltr'>Splerique</span> <span class='ocrx_word' id='word_1_839' title='bbox 929 3174 941 3212; x_wconf 89' lang='grc' dir='ltr'>ΙΙ</span> <span class='ocrx_word' id='word_1_840' title='bbox 970 3175 1009 3206; x_wconf 87' lang='grc'>14</span> <span class='ocrx_word' id='word_1_841' title='bbox 1033 3171 1190 3217; x_wconf 83' lang='grc' dir='ltr'><strong><em>φυλάξας</em></strong></span> 
     </span>
     <span class='ocr_line' id='line_1_96' title="bbox 106 3211 1189 3260; baseline 0.001 -10"><span class='ocrx_word' id='word_1_842' title='bbox 106 3217 158 3249; x_wconf 81' lang='lat' dir='ltr'>B⁰</span> <span class='ocrx_word' id='word_1_843' title='bbox 174 3217 186 3260; x_wconf 82' lang='grc' dir='ltr'>ΙΙ</span> <span class='ocrx_word' id='word_1_844' title='bbox 214 3218 254 3250; x_wconf 89' lang='grc'>15</span> <span class='ocrx_word' id='word_1_845' title='bbox 269 3229 317 3260; x_wconf 82' lang='lat' dir='ltr'>sq.</span> <span class='ocrx_word' id='word_1_846' title='bbox 344 3211 452 3249; x_wconf 81' lang='grc' dir='ltr'><strong><em>αὐτὸς</em></strong></span> <span class='ocrx_word' id='word_1_847' title='bbox 474 3234 514 3240; x_wconf 96' lang='grc'>-</span> <span class='ocrx_word' id='word_1_848' title='bbox 543 3212 738 3260; x_wconf 85' lang='grc' dir='ltr'><strong><em>ἱερωσύνης</em></strong></span> <span class='ocrx_word' id='word_1_849' title='bbox 762 3227 817 3249; x_wconf 86' lang='lat' dir='ltr'>om.</span> <span class='ocrx_word' id='word_1_850' title='bbox 833 3217 861 3249; x_wconf 85' lang='lat' dir='ltr'><strong><em>S</em></strong></span> <span class='ocrx_word' id='word_1_851' title='bbox 884 3216 896 3260; x_wconf 89' lang='grc' dir='ltr'>ΙΙ</span> <span class='ocrx_word' id='word_1_852' title='bbox 921 3214 1102 3251; x_wconf 88' lang='grc' dir='ltr'><strong><em>δείκνυσιν</em></strong></span> <span class='ocrx_word' id='word_1_853' title='bbox 1126 3214 1189 3251; x_wconf 83' lang='grc' dir='ltr'><strong><em>ἇν-</em></strong></span> 
     </span>
     <span class='ocr_line' id='line_1_97' title="bbox 106 3256 1190 3308; baseline 0.001 -15"><span class='ocrx_word' id='word_1_854' title='bbox 106 3260 209 3300; x_wconf 81' lang='grc' dir='ltr'><strong><em>άξιον</em></strong></span> <span class='ocrx_word' id='word_1_855' title='bbox 223 3262 272 3295; x_wconf 68' lang='lat' dir='ltr'>B⁸</span> <span class='ocrx_word' id='word_1_856' title='bbox 289 3261 302 3304; x_wconf 85' lang='grc' dir='ltr'>ΙΙ</span> <span class='ocrx_word' id='word_1_857' title='bbox 323 3262 363 3295; x_wconf 90' lang='grc'>18</span> <span class='ocrx_word' id='word_1_858' title='bbox 385 3256 658 3306; x_wconf 80' lang='grc' dir='ltr'><strong><em>ἀναφαίνεσθαι</em></strong></span> <span class='ocrx_word' id='word_1_859' title='bbox 672 3261 754 3294; x_wconf 65' lang='lat' dir='ltr'>LE*</span> <span class='ocrx_word' id='word_1_860' title='bbox 764 3260 915 3295; x_wconf 50' lang='lat' dir='ltr'>Nomai-fl</span> <span class='ocrx_word' id='word_1_861' title='bbox 932 3261 944 3304; x_wconf 82' lang='grc' dir='ltr'>ΙΙ</span> <span class='ocrx_word' id='word_1_862' title='bbox 965 3264 1004 3295; x_wconf 97' lang='grc'>19</span> <span class='ocrx_word' id='word_1_863' title='bbox 1026 3273 1190 3308; x_wconf 82' lang='grc' dir='ltr'><strong><em>παραφυ-</em></strong></span> 
     </span>
     <span class='ocr_line' id='line_1_98' title="bbox 105 3298 1190 3352; baseline 0.001 -13"><span class='ocrx_word' id='word_1_864' title='bbox 105 3304 207 3346; x_wconf 82' lang='grc' dir='ltr'><strong><em>λάξοι</em></strong></span> <span class='ocrx_word' id='word_1_865' title='bbox 232 3306 426 3340; x_wconf 67' lang='grc' dir='ltr'>δ’Νονηοιτ.ά</span> <span class='ocrx_word' id='word_1_866' title='bbox 455 3303 601 3350; x_wconf 81' lang='grc' dir='ltr'><strong><em>φυλάξει</em></strong></span> <span class='ocrx_word' id='word_1_867' title='bbox 625 3307 676 3339; x_wconf 83' lang='lat' dir='ltr'>B⁶</span> <span class='ocrx_word' id='word_1_868' title='bbox 760 3303 850 3351; x_wconf 81' lang='grc' dir='ltr'><strong><em>λάξῃ</em></strong></span> <span class='ocrx_word' id='word_1_869' title='bbox 876 3306 927 3339; x_wconf 81' lang='lat' dir='ltr'>Bs</span> <span class='ocrx_word' id='word_1_870' title='bbox 948 3306 960 3350; x_wconf 88' lang='grc' dir='ltr'>ΙΙ</span> <span class='ocrx_word' id='word_1_871' title='bbox 986 3308 1028 3340; x_wconf 88' lang='grc'>20</span> <span class='ocrx_word' id='word_1_872' title='bbox 1052 3304 1120 3352; x_wconf 79' lang='grc' dir='ltr'>ὑφ’</span> <span class='ocrx_word' id='word_1_873' title='bbox 1146 3298 1190 3341; x_wconf 68' lang='grc' dir='ltr'><strong><em>οὗ</em></strong></span> 
     </span>
     <span class='ocr_line' id='line_1_99' title="bbox 105 3346 1189 3398; baseline 0.002 -13"><span class='ocrx_word' id='word_1_874' title='bbox 105 3351 259 3385; x_wconf 51' lang='lat' dir='ltr'>Nomai</span> <span class='ocrx_word' id='word_1_875' title='bbox 288 3350 301 3395; x_wconf 75' lang='lat' dir='ltr'>ss</span> <span class='ocrx_word' id='word_1_876' title='bbox 329 3347 444 3393; x_wconf 78' lang='grc' dir='ltr'><strong><em>αὐτὴν</em></strong></span> <span class='ocrx_word' id='word_1_877' title='bbox 467 3346 585 3384; x_wconf 80' lang='grc' dir='ltr'><strong><em>ἅπασι</em></strong></span> <span class='ocrx_word' id='word_1_878' title='bbox 607 3351 679 3391; x_wconf 86' lang='lat' dir='ltr'>(om.</span> <span class='ocrx_word' id='word_1_879' title='bbox 697 3352 769 3391; x_wconf 89' lang='grc' dir='ltr'><strong><em>ινα)</em></strong></span> <span class='ocrx_word' id='word_1_880' title='bbox 794 3351 822 3384; x_wconf 92' lang='lat' dir='ltr'><strong><em>S</em></strong></span> <span class='ocrx_word' id='word_1_881' title='bbox 843 3350 855 3394; x_wconf 87' lang='grc'>11</span> <span class='ocrx_word' id='word_1_882' title='bbox 881 3352 918 3385; x_wconf 90' lang='grc'>21</span> <span class='ocrx_word' id='word_1_883' title='bbox 947 3350 1080 3398; x_wconf 80' lang='grc' dir='ltr'><strong><em>ἐκβάλῃ</em></strong></span> <span class='ocrx_word' id='word_1_884' title='bbox 1101 3355 1189 3394; x_wconf 85' lang='lat' dir='ltr'>(ante</span> 
     </span>
     <span class='ocr_line' id='line_1_100' title="bbox 104 3393 1190 3442; baseline 0.001 -13"><span class='ocrx_word' id='word_1_885' title='bbox 104 3395 172 3430; x_wconf 87' lang='grc' dir='ltr'>τὸν</span> <span class='ocrx_word' id='word_1_886' title='bbox 187 3396 354 3430; x_wconf 74' lang='grc' dir='ltr'><strong><em>τοιοῦτον</em></strong></span> <span class='ocrx_word' id='word_1_887' title='bbox 378 3397 451 3430; x_wconf 87' lang='lat' dir='ltr'>coll.</span> <span class='ocrx_word' id='word_1_888' title='bbox 466 3396 528 3439; x_wconf 76' lang='lat'>13⁸)</span> <span class='ocrx_word' id='word_1_889' title='bbox 552 3396 643 3429; x_wconf 78' lang='lat' dir='ltr'>MB⁸</span> <span class='ocrx_word' id='word_1_890' title='bbox 669 3393 834 3439; x_wconf 80' lang='grc' dir='ltr'><strong><em>ἐκβάλλω</em></strong></span> <span class='ocrx_word' id='word_1_891' title='bbox 858 3397 885 3428; x_wconf 85' lang='lat' dir='ltr'><em>L</em></span> <span class='ocrx_word' id='word_1_892' title='bbox 916 3394 1104 3439; x_wconf 80' lang='grc' dir='ltr'><strong><em>ἐκβάλλειν</em></strong></span> <span class='ocrx_word' id='word_1_893' title='bbox 1127 3397 1156 3430; x_wconf 93' lang='lat' dir='ltr'><strong><em>S</em></strong></span> <span class='ocrx_word' id='word_1_894' title='bbox 1177 3396 1190 3442; x_wconf 78' lang='grc' dir='ltr'>ΙΙ</span> 
     </span>
     <span class='ocr_line' id='line_1_101' title="bbox 104 3438 1187 3486; baseline 0 -11"><span class='ocrx_word' id='word_1_895' title='bbox 104 3441 182 3482; x_wconf 72' lang='grc' dir='ltr'><strong><em>τοῦ]</em></strong></span> <span class='ocrx_word' id='word_1_896' title='bbox 207 3442 246 3474; x_wconf 85' lang='grc' dir='ltr'>ἐκ</span> <span class='ocrx_word' id='word_1_897' title='bbox 266 3441 330 3474; x_wconf 80' lang='grc' dir='ltr'>τοῦ</span> <span class='ocrx_word' id='word_1_898' title='bbox 350 3442 398 3474; x_wconf 77' lang='lat' dir='ltr'>B⁸</span> <span class='ocrx_word' id='word_1_899' title='bbox 416 3440 429 3485; x_wconf 83' lang='grc' dir='ltr'>ΙΙ</span> <span class='ocrx_word' id='word_1_900' title='bbox 451 3441 494 3475; x_wconf 90' lang='grc'>22</span> <span class='ocrx_word' id='word_1_901' title='bbox 517 3441 626 3475; x_wconf 81' lang='grc' dir='ltr'><strong><em>τοῦτο</em></strong></span> <span class='ocrx_word' id='word_1_902' title='bbox 651 3449 681 3475; x_wconf 87' lang='lat' dir='ltr'>et</span> <span class='ocrx_word' id='word_1_903' title='bbox 703 3439 840 3486; x_wconf 80' lang='grc' dir='ltr'><strong><em>πρᾶξαι</em></strong></span> <span class='ocrx_word' id='word_1_904' title='bbox 865 3453 923 3473; x_wconf 90' lang='lat' dir='ltr'>om.</span> <span class='ocrx_word' id='word_1_905' title='bbox 938 3443 966 3474; x_wconf 83' lang='lat' dir='ltr'><strong><em>S</em></strong></span> <span class='ocrx_word' id='word_1_906' title='bbox 981 3441 994 3480; x_wconf 86' lang='grc' dir='ltr'>ΙΙ</span> <span class='ocrx_word' id='word_1_907' title='bbox 1020 3442 1062 3475; x_wconf 91' lang='grc'>23</span> <span class='ocrx_word' id='word_1_908' title='bbox 1085 3438 1187 3475; x_wconf 81' lang='grc' dir='ltr'><strong><em>ἄλλο·</em></strong></span> 
     </span>
     <span class='ocr_line' id='line_1_102' title="bbox 105 3482 1189 3575; baseline 0 -11"><span class='ocrx_word' id='word_1_909' title='bbox 105 3488 320 3575; x_wconf 52' lang='grc' dir='ltr'><strong><em>τρωιτῖῖὲς</em></strong></span> <span class='ocrx_word' id='word_1_910' title='bbox 343 3482 920 3575; x_wconf 42' lang='lat' dir='ltr'>Bestius,</span> <span class='ocrx_word' id='word_1_911' title='bbox 937 3486 1066 3565; x_wconf 50' lang='lat' dir='ltr'>*Ji-¹¹0²?</span> <span class='ocrx_word' id='word_1_912' title='bbox 1087 3488 1189 3575; x_wconf 60' lang='lat' dir='ltr'>sc}</span> 
     </span>
     <span class='ocr_line' id='line_1_103' title="bbox 104 3543 1188 3655; baseline 0.001 -46"><span class='ocrx_word' id='word_1_913' title='bbox 104 3545 165 3655; x_wconf 59' lang='grc' dir='ltr'><strong><em>Ξές</em></strong></span> <span class='ocrx_word' id='word_1_914' title='bbox 180 3573 211 3655; x_wconf 80' lang='grc' dir='ltr'>ἰἡ</span> <span class='ocrx_word' id='word_1_915' title='bbox 234 3576 389 3630; x_wconf 43' lang='grc' dir='ltr'><strong><em>,Νοιηοαᾱ</em></strong></span> <span class='ocrx_word' id='word_1_916' title='bbox 418 3543 643 3621; x_wconf 63' lang='grc' dir='ltr'><strong><em>ΙΙρ3οφῃὸπου]’</em></strong></span> <span class='ocrx_word' id='word_1_917' title='bbox 657 3576 699 3611; x_wconf 76' lang='grc' dir='ltr'><strong><em>ἐν</em></strong></span> <span class='ocrx_word' id='word_1_918' title='bbox 718 3566 753 3620; x_wconf 63' lang='grc' dir='ltr'>εὖ</span> <span class='ocrx_word' id='word_1_919' title='bbox 773 3576 825 3610; x_wconf 83' lang='lat' dir='ltr'>B¹</span> <span class='ocrx_word' id='word_1_920' title='bbox 839 3588 870 3611; x_wconf 81' lang='grc' dir='ltr'><strong><em>υ.</em></strong></span> <span class='ocrx_word' id='word_1_921' title='bbox 883 3565 908 3610; x_wconf 70' lang='lat' dir='ltr'>L*</span> <span class='ocrx_word' id='word_1_922' title='bbox 921 3575 934 3620; x_wconf 75' lang='grc' dir='ltr'>Ι</span> <span class='ocrx_word' id='word_1_923' title='bbox 953 3577 992 3610; x_wconf 88' lang='grc'>31</span> <span class='ocrx_word' id='word_1_924' title='bbox 1018 3577 1188 3610; x_wconf 85' lang='grc' dir='ltr'><strong><em>τέτακται</em></strong></span> 
     </span>
    </p>

    <p class='ocr_par' dir='ltr' id='par_1_49' title="bbox 152 3634 300 3665">
     <span class='ocr_line' id='line_1_104' title="bbox 152 3634 300 3665; baseline 0 -10"><span class='ocrx_word' id='word_1_925' title='bbox 152 3635 176 3665; x_wconf 83' lang='lat' dir='ltr'>p</span> <span class='ocrx_word' id='word_1_926' title='bbox 191 3634 300 3665; x_wconf 74' lang='lat' dir='ltr'>enque</span> 
     </span>
    </p>
   </div>
   <div class='ocr_carea' id='block_1_49' title="bbox 1254 2901 2340 3711">
    <p class='ocr_par' dir='ltr' id='par_1_50' title="bbox 1254 2901 2340 3711">
     <span class='ocr_line' id='line_1_105' title="bbox 1330 2901 2340 2950; baseline 0 -13"><span class='ocrx_word' id='word_1_927' title='bbox 1330 2905 1346 2937; x_wconf 92' lang='lat'>1</span> <span class='ocrx_word' id='word_1_928' title='bbox 1373 2903 1590 2946; x_wconf 75' lang='lat' dir='ltr'>suspitionem</span> <span class='ocrx_word' id='word_1_929' title='bbox 1612 2922 1657 2927; x_wconf 92' lang='lat'>—</span> <span class='ocrx_word' id='word_1_930' title='bbox 1681 2905 1700 2937; x_wconf 85' lang='lat'><strong>7</strong></span> <span class='ocrx_word' id='word_1_931' title='bbox 1725 2914 1800 2937; x_wconf 90' lang='lat' dir='ltr'>cum</span> <span class='ocrx_word' id='word_1_932' title='bbox 1823 2901 1889 2949; x_wconf 81' lang='lat' dir='ltr'>mu}</span> <span class='ocrx_word' id='word_1_933' title='bbox 1915 2915 1976 2937; x_wconf 80' lang='lat' dir='ltr'>scr.</span> <span class='ocrx_word' id='word_1_934' title='bbox 1999 2902 2049 2936; x_wconf 65' lang='lat'>13²</span> <span class='ocrx_word' id='word_1_935' title='bbox 2071 2905 2104 2937; x_wconf 84' lang='lat' dir='ltr'>in</span> <span class='ocrx_word' id='word_1_936' title='bbox 2129 2916 2194 2937; x_wconf 86' lang='lat' dir='ltr'>rus.</span> <span class='ocrx_word' id='word_1_937' title='bbox 2212 2905 2233 2937; x_wconf 89' lang='lat'>4</span> <span class='ocrx_word' id='word_1_938' title='bbox 2251 2916 2304 2937; x_wconf 86' lang='grc' dir='ltr'>υυ.</span> <span class='ocrx_word' id='word_1_939' title='bbox 2327 2903 2340 2950; x_wconf 83' lang='grc' dir='ltr'>ΙΙ</span> 
     </span>
     <span class='ocr_line' id='line_1_106' title="bbox 1259 2945 2340 2990; baseline 0.001 -9"><span class='ocrx_word' id='word_1_940' title='bbox 1259 2948 1288 2981; x_wconf 87' lang='lat' dir='ltr'>si</span> <span class='ocrx_word' id='word_1_941' title='bbox 1312 2948 1387 2989; x_wconf 86' lang='lat' dir='ltr'>quis</span> <span class='ocrx_word' id='word_1_942' title='bbox 1416 2948 1541 2989; x_wconf 87' lang='lat' dir='ltr'>absque</span> <span class='ocrx_word' id='word_1_943' title='bbox 1565 2950 1675 2981; x_wconf 88' lang='lat' dir='ltr'>autem</span> <span class='ocrx_word' id='word_1_944' title='bbox 1702 2948 1762 2990; x_wconf 77' lang='lat' dir='ltr'>V2,</span> <span class='ocrx_word' id='word_1_945' title='bbox 1796 2947 1825 2981; x_wconf 90' lang='lat' dir='ltr'>si</span> <span class='ocrx_word' id='word_1_946' title='bbox 1849 2945 1925 2989; x_wconf 86' lang='lat' dir='ltr'>quis</span> <span class='ocrx_word' id='word_1_947' title='bbox 1950 2960 2079 2978; x_wconf 63' lang='lat' dir='ltr'>*unm</span> <span class='ocrx_word' id='word_1_948' title='bbox 2105 2947 2340 2983; x_wconf 83' lang='lat' dir='ltr'>obseruatione</span> 
     </span>
     <span class='ocr_line' id='line_1_107' title="bbox 1259 2991 2332 3038; baseline 0.004 -15"><span class='ocrx_word' id='word_1_949' title='bbox 1259 3003 1629 3026; x_wconf 54' lang='lat' dir='ltr'>essecestesseotesa</span> <span class='ocrx_word' id='word_1_950' title='bbox 1649 2992 1726 3036; x_wconf 70' lang='lat' dir='ltr'>17¹ss</span> <span class='ocrx_word' id='word_1_951' title='bbox 1744 2994 1763 3026; x_wconf 88' lang='grc'>2</span> <span class='ocrx_word' id='word_1_952' title='bbox 1780 2993 1990 3026; x_wconf 66' lang='grc' dir='ltr'><strong><em>οδεθῒυαὺοτθ</em></strong></span> <span class='ocrx_word' id='word_1_953' title='bbox 2009 2991 2060 3036; x_wconf 70' lang='grc' dir='ltr'>ΕΙ</span> <span class='ocrx_word' id='word_1_954' title='bbox 2086 2993 2106 3026; x_wconf 89' lang='grc'><strong>3</strong></span> <span class='ocrx_word' id='word_1_955' title='bbox 2126 3002 2185 3025; x_wconf 73' lang='lat' dir='ltr'>Sua</span> <span class='ocrx_word' id='word_1_956' title='bbox 2205 3005 2262 3026; x_wconf 87' lang='lat' dir='ltr'>om.</span> <span class='ocrx_word' id='word_1_957' title='bbox 2287 2994 2332 3038; x_wconf 68' lang='lat' dir='ltr'>V}</span> 
     </span>
     <span class='ocr_line' id='line_1_108' title="bbox 1259 3037 2295 3081; baseline -0.001 -9"><span class='ocrx_word' id='word_1_958' title='bbox 1259 3040 1278 3072; x_wconf 88' lang='lat'>5</span> <span class='ocrx_word' id='word_1_959' title='bbox 1292 3048 1352 3071; x_wconf 87' lang='lat' dir='ltr'>nec</span> <span class='ocrx_word' id='word_1_960' title='bbox 1370 3038 1417 3071; x_wconf 86' lang='lat' dir='ltr'>V¹</span> <span class='ocrx_word' id='word_1_961' title='bbox 1433 3038 1445 3079; x_wconf 85' lang='grc' dir='ltr'>ΙΙ</span> <span class='ocrx_word' id='word_1_962' title='bbox 1464 3039 1484 3072; x_wconf 87' lang='grc'><strong>6</strong></span> <span class='ocrx_word' id='word_1_963' title='bbox 1498 3048 1568 3071; x_wconf 88' lang='lat' dir='ltr'>eam</span> <span class='ocrx_word' id='word_1_964' title='bbox 1585 3037 1637 3079; x_wconf 89' lang='lat' dir='ltr'>de]</span> <span class='ocrx_word' id='word_1_965' title='bbox 1659 3037 1772 3070; x_wconf 83' lang='lat' dir='ltr'>eadem</span> <span class='ocrx_word' id='word_1_966' title='bbox 1792 3037 1839 3071; x_wconf 91' lang='lat' dir='ltr'>V¹</span> <span class='ocrx_word' id='word_1_967' title='bbox 1855 3037 1868 3081; x_wconf 77' lang='lat' dir='ltr'>ss</span> <span class='ocrx_word' id='word_1_968' title='bbox 1885 3047 1944 3070; x_wconf 86' lang='lat' dir='ltr'>suo</span> <span class='ocrx_word' id='word_1_969' title='bbox 1962 3037 2025 3070; x_wconf 88' lang='lat' dir='ltr'>VT</span> <span class='ocrx_word' id='word_1_970' title='bbox 2031 3039 2040 3058; x_wconf 92' lang='lat'>¹</span> <span class='ocrx_word' id='word_1_971' title='bbox 2066 3039 2072 3081; x_wconf 79' lang='grc' dir='ltr'>Ι</span> <span class='ocrx_word' id='word_1_972' title='bbox 2087 3038 2295 3071; x_wconf 82' lang='lat' dir='ltr'>accusatione</span> 
     </span>
     <span class='ocr_line' id='line_1_109' title="bbox 1257 3081 2339 3127; baseline 0.001 -12"><span class='ocrx_word' id='word_1_973' title='bbox 1257 3084 1408 3115; x_wconf 81' lang='lat' dir='ltr'>accusato</span> <span class='ocrx_word' id='word_1_974' title='bbox 1427 3082 1477 3117; x_wconf 83' lang='grc' dir='ltr'>Τ2</span> <span class='ocrx_word' id='word_1_975' title='bbox 1499 3082 1512 3127; x_wconf 82' lang='grc' dir='ltr'>ΙΙ</span> <span class='ocrx_word' id='word_1_976' title='bbox 1540 3084 1731 3125; x_wconf 80' lang='lat' dir='ltr'>apparente]</span> <span class='ocrx_word' id='word_1_977' title='bbox 1756 3083 1815 3115; x_wconf 83' lang='lat' dir='ltr'>aut</span> <span class='ocrx_word' id='word_1_978' title='bbox 1838 3083 2018 3125; x_wconf 79' lang='lat' dir='ltr'>apparente</span> <span class='ocrx_word' id='word_1_979' title='bbox 2037 3081 2070 3115; x_wconf 87' lang='lat' dir='ltr'><em>T</em></span> <span class='ocrx_word' id='word_1_980' title='bbox 2078 3081 2088 3102; x_wconf 93' lang='lat'><strong>¹</strong></span> <span class='ocrx_word' id='word_1_981' title='bbox 2111 3082 2124 3125; x_wconf 75' lang='grc' dir='ltr'>ΙΙ</span> <span class='ocrx_word' id='word_1_982' title='bbox 2149 3084 2169 3116; x_wconf 90' lang='grc'>9</span> <span class='ocrx_word' id='word_1_983' title='bbox 2194 3082 2295 3124; x_wconf 88' lang='lat' dir='ltr'>clero]</span> <span class='ocrx_word' id='word_1_984' title='bbox 2319 3093 2339 3117; x_wconf 77' lang='lat' dir='ltr'>a</span> 
     </span>
     <span class='ocr_line' id='line_1_110' title="bbox 1257 3126 2338 3171; baseline 0.001 -11"><span class='ocrx_word' id='word_1_985' title='bbox 1257 3127 1346 3160; x_wconf 85' lang='lat' dir='ltr'>clero</span> <span class='ocrx_word' id='word_1_986' title='bbox 1361 3126 1409 3160; x_wconf 65' lang='lat'>12³</span> <span class='ocrx_word' id='word_1_987' title='bbox 1425 3127 1438 3171; x_wconf 87' lang='grc' dir='ltr'>ΙΙ</span> <span class='ocrx_word' id='word_1_988' title='bbox 1455 3127 1629 3160; x_wconf 81' lang='lat' dir='ltr'>admoueat</span> <span class='ocrx_word' id='word_1_989' title='bbox 1651 3127 1683 3160; x_wconf 82' lang='lat' dir='ltr'><em>T</em></span> <span class='ocrx_word' id='word_1_990' title='bbox 1703 3126 1877 3159; x_wconf 83' lang='lat' dir='ltr'>admoneat</span> <span class='ocrx_word' id='word_1_991' title='bbox 1893 3126 1942 3160; x_wconf 80' lang='lat' dir='ltr'>R¹</span> <span class='ocrx_word' id='word_1_992' title='bbox 1960 3126 1972 3170; x_wconf 90' lang='grc' dir='ltr'>ΙΙ</span> <span class='ocrx_word' id='word_1_993' title='bbox 1992 3128 2032 3161; x_wconf 92' lang='grc'>10</span> <span class='ocrx_word' id='word_1_994' title='bbox 2057 3126 2245 3160; x_wconf 81' lang='lat' dir='ltr'>*tradendo</span> <span class='ocrx_word' id='word_1_995' title='bbox 2258 3129 2338 3170; x_wconf 83' lang='lat' dir='ltr'>(tra-</span> 
     </span>
     <span class='ocr_line' id='line_1_111' title="bbox 1258 3171 2338 3216; baseline 0 -11"><span class='ocrx_word' id='word_1_996' title='bbox 1258 3172 1366 3205; x_wconf 84' lang='lat' dir='ltr'>hendo</span> <span class='ocrx_word' id='word_1_997' title='bbox 1385 3172 1446 3215; x_wconf 72' lang='lat'>1²¹)</span> <span class='ocrx_word' id='word_1_998' title='bbox 1471 3173 1548 3206; x_wconf 83' lang='lat' dir='ltr'>libri</span> <span class='ocrx_word' id='word_1_999' title='bbox 1565 3173 1576 3214; x_wconf 93' lang='grc' dir='ltr'>ΙΙ</span> <span class='ocrx_word' id='word_1_1000' title='bbox 1593 3172 1765 3214; x_wconf 86' lang='lat' dir='ltr'>episcopus</span> <span class='ocrx_word' id='word_1_1001' title='bbox 1781 3171 1829 3205; x_wconf 83' lang='lat' dir='ltr'>R·</span> <span class='ocrx_word' id='word_1_1002' title='bbox 1847 3171 1859 3215; x_wconf 90' lang='grc' dir='ltr'>ΙΙ</span> <span class='ocrx_word' id='word_1_1003' title='bbox 1880 3173 1920 3206; x_wconf 89' lang='grc'>12</span> <span class='ocrx_word' id='word_1_1004' title='bbox 1937 3172 1999 3204; x_wconf 89' lang='lat' dir='ltr'>hoc</span> <span class='ocrx_word' id='word_1_1005' title='bbox 2015 3171 2175 3214; x_wconf 88' lang='lat' dir='ltr'>probetur</span> <span class='ocrx_word' id='word_1_1006' title='bbox 2188 3172 2221 3205; x_wconf 88' lang='lat' dir='ltr'><em>R</em></span> <span class='ocrx_word' id='word_1_1007' title='bbox 2237 3172 2250 3216; x_wconf 81' lang='grc' dir='ltr'>ΙΙ</span> <span class='ocrx_word' id='word_1_1008' title='bbox 2267 3172 2338 3216; x_wconf 87' lang='lat' dir='ltr'>epi-</span> 
     </span>
     <span class='ocr_line' id='line_1_112' title="bbox 1257 3215 2335 3262; baseline 0.002 -13"><span class='ocrx_word' id='word_1_1009' title='bbox 1257 3220 1426 3260; x_wconf 83' lang='lat' dir='ltr'>scopatum</span> <span class='ocrx_word' id='word_1_1010' title='bbox 1450 3216 1504 3260; x_wconf 78' lang='lat' dir='ltr'>Vss</span> <span class='ocrx_word' id='word_1_1011' title='bbox 1534 3218 1573 3251; x_wconf 83' lang='lat'>13</span> <span class='ocrx_word' id='word_1_1012' title='bbox 1597 3216 1663 3258; x_wconf 90' lang='lat' dir='ltr'>ipsi</span> <span class='ocrx_word' id='word_1_1013' title='bbox 1684 3216 1731 3250; x_wconf 86' lang='lat' dir='ltr'>V¹</span> <span class='ocrx_word' id='word_1_1014' title='bbox 1747 3215 1760 3258; x_wconf 79' lang='grc' dir='ltr'>ΙΙ</span> <span class='ocrx_word' id='word_1_1015' title='bbox 1785 3216 1939 3257; x_wconf 85' lang='lat' dir='ltr'>ostendit]</span> <span class='ocrx_word' id='word_1_1016' title='bbox 1964 3217 2111 3249; x_wconf 86' lang='lat' dir='ltr'>ostendit</span> <span class='ocrx_word' id='word_1_1017' title='bbox 2133 3227 2166 3249; x_wconf 87' lang='lat' dir='ltr'>se</span> <span class='ocrx_word' id='word_1_1018' title='bbox 2189 3218 2239 3251; x_wconf 83' lang='lat' dir='ltr'>V¹</span> <span class='ocrx_word' id='word_1_1019' title='bbox 2255 3216 2267 3262; x_wconf 92' lang='grc' dir='ltr'>ΙΙ</span> <span class='ocrx_word' id='word_1_1020' title='bbox 2295 3219 2335 3253; x_wconf 80' lang='grc'>17</span> 
     </span>
     <span class='ocr_line' id='line_1_113' title="bbox 1257 3260 2336 3305; baseline 0.001 -10"><span class='ocrx_word' id='word_1_1021' title='bbox 1257 3262 1440 3295; x_wconf 79' lang='lat' dir='ltr'>diaconissa</span> <span class='ocrx_word' id='word_1_1022' title='bbox 1462 3260 1538 3305; x_wconf 60' lang='lat'>12¹1!</span> <span class='ocrx_word' id='word_1_1023' title='bbox 1567 3263 1606 3295; x_wconf 90' lang='grc'>18</span> <span class='ocrx_word' id='word_1_1024' title='bbox 1632 3262 1802 3294; x_wconf 81' lang='lat' dir='ltr'>honestate</span> <span class='ocrx_word' id='word_1_1025' title='bbox 1824 3261 1932 3295; x_wconf 85' lang='lat' dir='ltr'>R¹T²</span> <span class='ocrx_word' id='word_1_1026' title='bbox 1967 3262 2175 3294; x_wconf 83' lang='lat' dir='ltr'>inhonestate</span> <span class='ocrx_word' id='word_1_1027' title='bbox 2196 3261 2247 3295; x_wconf 76' lang='lat' dir='ltr'>R²</span> <span class='ocrx_word' id='word_1_1028' title='bbox 2277 3263 2336 3296; x_wconf 90' lang='lat' dir='ltr'>ho-</span> 
     </span>
     <span class='ocr_line' id='line_1_114' title="bbox 1256 3305 2338 3352; baseline 0.002 -13"><span class='ocrx_word' id='word_1_1029' title='bbox 1256 3308 1347 3339; x_wconf 84' lang='lat' dir='ltr'>neste</span> <span class='ocrx_word' id='word_1_1030' title='bbox 1370 3306 1420 3339; x_wconf 82' lang='lat' dir='ltr'>R³</span> <span class='ocrx_word' id='word_1_1031' title='bbox 1431 3305 1511 3350; x_wconf 78' lang='lat' dir='ltr'>T²ss</span> <span class='ocrx_word' id='word_1_1032' title='bbox 1535 3305 1711 3348; x_wconf 86' lang='lat' dir='ltr'>suscipicio</span> <span class='ocrx_word' id='word_1_1033' title='bbox 1736 3306 1783 3339; x_wconf 89' lang='lat' dir='ltr'>R¹</span> <span class='ocrx_word' id='word_1_1034' title='bbox 1801 3306 1814 3350; x_wconf 87' lang='grc' dir='ltr'>ΙΙ</span> <span class='ocrx_word' id='word_1_1035' title='bbox 1841 3308 1881 3341; x_wconf 88' lang='grc'>19</span> <span class='ocrx_word' id='word_1_1036' title='bbox 1906 3307 1968 3339; x_wconf 88' lang='lat' dir='ltr'>hoc</span> <span class='ocrx_word' id='word_1_1037' title='bbox 1992 3307 2053 3340; x_wconf 88' lang='lat' dir='ltr'>VT</span> <span class='ocrx_word' id='word_1_1038' title='bbox 2072 3306 2084 3351; x_wconf 89' lang='grc' dir='ltr'>ΙΙ</span> <span class='ocrx_word' id='word_1_1039' title='bbox 2108 3308 2148 3341; x_wconf 89' lang='grc'>21</span> <span class='ocrx_word' id='word_1_1040' title='bbox 2175 3307 2255 3340; x_wconf 86' lang='lat' dir='ltr'>haec</span> <span class='ocrx_word' id='word_1_1041' title='bbox 2276 3307 2310 3341; x_wconf 91' lang='lat' dir='ltr'><strong><em>V</em></strong></span> <span class='ocrx_word' id='word_1_1042' title='bbox 2325 3308 2338 3352; x_wconf 78' lang='grc' dir='ltr'>ΙΙ</span> 
     </span>
     <span class='ocr_line' id='line_1_115' title="bbox 1257 3350 2336 3396; baseline -0.001 -11"><span class='ocrx_word' id='word_1_1043' title='bbox 1257 3352 1300 3385; x_wconf 88' lang='grc'>22</span> <span class='ocrx_word' id='word_1_1044' title='bbox 1317 3361 1414 3393; x_wconf 84' lang='lat' dir='ltr'>agere</span> <span class='ocrx_word' id='word_1_1045' title='bbox 1427 3369 1469 3376; x_wconf 91' lang='lat'><strong>—</strong></span> <span class='ocrx_word' id='word_1_1046' title='bbox 1483 3352 1526 3385; x_wconf 86' lang='grc'>26</span> <span class='ocrx_word' id='word_1_1047' title='bbox 1538 3351 1671 3384; x_wconf 87' lang='lat' dir='ltr'>mulieri</span> <span class='ocrx_word' id='word_1_1048' title='bbox 1688 3350 1756 3396; x_wconf 62' lang='lat' dir='ltr'>par!</span> <span class='ocrx_word' id='word_1_1049' title='bbox 1774 3364 1837 3384; x_wconf 85' lang='lat' dir='ltr'>scr.</span> <span class='ocrx_word' id='word_1_1050' title='bbox 1851 3351 1901 3384; x_wconf 77' lang='lat' dir='ltr'>R&#39;</span> <span class='ocrx_word' id='word_1_1051' title='bbox 1913 3353 1946 3385; x_wconf 88' lang='lat' dir='ltr'>in</span> <span class='ocrx_word' id='word_1_1052' title='bbox 1959 3365 2026 3385; x_wconf 74' lang='lat' dir='ltr'>ras.</span> <span class='ocrx_word' id='word_1_1053' title='bbox 2038 3353 2057 3385; x_wconf 83' lang='lat'><strong>3</strong></span> <span class='ocrx_word' id='word_1_1054' title='bbox 2071 3364 2119 3385; x_wconf 86' lang='lat' dir='ltr'>vv.</span> <span class='ocrx_word' id='word_1_1055' title='bbox 2139 3352 2151 3396; x_wconf 81' lang='grc' dir='ltr'>ΙΙ</span> <span class='ocrx_word' id='word_1_1056' title='bbox 2168 3353 2210 3386; x_wconf 83' lang='grc'>23</span> <span class='ocrx_word' id='word_1_1057' title='bbox 2224 3361 2336 3385; x_wconf 85' lang='lat' dir='ltr'>mona-</span> 
     </span>
     <span class='ocr_line' id='line_1_116' title="bbox 1256 3396 2336 3449; baseline 0.001 -20"><span class='ocrx_word' id='word_1_1058' title='bbox 1256 3396 1356 3429; x_wconf 87' lang='lat' dir='ltr'>sterio</span> <span class='ocrx_word' id='word_1_1059' title='bbox 1378 3396 1493 3439; x_wconf 76' lang='lat' dir='ltr'>RT¹H</span> <span class='ocrx_word' id='word_1_1060' title='bbox 1520 3397 1589 3429; x_wconf 88' lang='lat' dir='ltr'>uite</span> <span class='ocrx_word' id='word_1_1061' title='bbox 1613 3406 1671 3429; x_wconf 87' lang='lat' dir='ltr'>sue</span> <span class='ocrx_word' id='word_1_1062' title='bbox 1694 3396 1726 3430; x_wconf 92' lang='lat' dir='ltr'><strong><em>V</em></strong></span> <span class='ocrx_word' id='word_1_1063' title='bbox 1743 3396 1755 3440; x_wconf 91' lang='grc' dir='ltr'>ΙΙ</span> <span class='ocrx_word' id='word_1_1064' title='bbox 1779 3398 1821 3430; x_wconf 89' lang='grc'>25</span> <span class='ocrx_word' id='word_1_1065' title='bbox 1847 3396 1947 3429; x_wconf 87' lang='lat' dir='ltr'>habet</span> <span class='ocrx_word' id='word_1_1066' title='bbox 1970 3396 2003 3429; x_wconf 88' lang='lat' dir='ltr'><em>R</em></span> <span class='ocrx_word' id='word_1_1067' title='bbox 2021 3396 2034 3439; x_wconf 82' lang='grc' dir='ltr'>ΙΙ</span> <span class='ocrx_word' id='word_1_1068' title='bbox 2056 3406 2090 3429; x_wconf 88' lang='lat' dir='ltr'>se</span> <span class='ocrx_word' id='word_1_1069' title='bbox 2114 3398 2148 3429; x_wconf 90' lang='lat' dir='ltr'>et</span> <span class='ocrx_word' id='word_1_1070' title='bbox 2171 3409 2228 3430; x_wconf 87' lang='lat' dir='ltr'>om.</span> <span class='ocrx_word' id='word_1_1071' title='bbox 2252 3397 2301 3430; x_wconf 89' lang='lat' dir='ltr'>T¹</span> <span class='ocrx_word' id='word_1_1072' title='bbox 2323 3397 2336 3449; x_wconf 70' lang='lat' dir='ltr'>fl</span> 
     </span>
     <span class='ocr_line' id='line_1_117' title="bbox 1256 3440 2336 3485; baseline 0 -11"><span class='ocrx_word' id='word_1_1073' title='bbox 1256 3442 1296 3474; x_wconf 81' lang='lat'>27</span> <span class='ocrx_word' id='word_1_1074' title='bbox 1323 3440 1391 3473; x_wconf 81' lang='lat' dir='ltr'>alat</span> <span class='ocrx_word' id='word_1_1075' title='bbox 1414 3442 1512 3485; x_wconf 67' lang='lat' dir='ltr'>only]</span> <span class='ocrx_word' id='word_1_1076' title='bbox 1537 3443 1613 3483; x_wconf 84' lang='lat' dir='ltr'>agat</span> <span class='ocrx_word' id='word_1_1077' title='bbox 1638 3441 1743 3475; x_wconf 85' lang='lat' dir='ltr'>RVT</span> <span class='ocrx_word' id='word_1_1078' title='bbox 1764 3440 1776 3484; x_wconf 90' lang='grc' dir='ltr'>ΙΙ</span> <span class='ocrx_word' id='word_1_1079' title='bbox 1805 3442 1847 3475; x_wconf 85' lang='grc'>28</span> <span class='ocrx_word' id='word_1_1080' title='bbox 1871 3442 1971 3483; x_wconf 89' lang='lat' dir='ltr'>inter]</span> <span class='ocrx_word' id='word_1_1081' title='bbox 1996 3441 2032 3474; x_wconf 90' lang='lat' dir='ltr'>in</span> <span class='ocrx_word' id='word_1_1082' title='bbox 2065 3441 2147 3475; x_wconf 80' lang='lat' dir='ltr'>VT¹</span> <span class='ocrx_word' id='word_1_1083' title='bbox 2170 3441 2182 3483; x_wconf 93' lang='grc' dir='ltr'>ΙΙ</span> <span class='ocrx_word' id='word_1_1084' title='bbox 2211 3443 2253 3476; x_wconf 88' lang='grc'>29</span> <span class='ocrx_word' id='word_1_1085' title='bbox 2277 3441 2336 3475; x_wconf 77' lang='lat' dir='ltr'>ubi</span> 
     </span>
     <span class='ocr_line' id='line_1_118' title="bbox 1256 3484 2336 3538; baseline 0 -19"><span class='ocrx_word' id='word_1_1086' title='bbox 1256 3498 1314 3519; x_wconf 90' lang='lat' dir='ltr'>om.</span> <span class='ocrx_word' id='word_1_1087' title='bbox 1336 3486 1370 3519; x_wconf 89' lang='lat' dir='ltr'><strong><em>V</em></strong></span> <span class='ocrx_word' id='word_1_1088' title='bbox 1389 3484 1401 3529; x_wconf 80' lang='grc' dir='ltr'>ΙΙ</span> <span class='ocrx_word' id='word_1_1089' title='bbox 1428 3487 1622 3519; x_wconf 83' lang='lat' dir='ltr'>immittitur</span> <span class='ocrx_word' id='word_1_1090' title='bbox 1642 3487 1686 3527; x_wconf 83' lang='lat' dir='ltr'>V]</span> <span class='ocrx_word' id='word_1_1091' title='bbox 1717 3485 1865 3519; x_wconf 79' lang='lat' dir='ltr'>mittitur</span> <span class='ocrx_word' id='word_1_1092' title='bbox 1890 3487 2049 3530; x_wconf 74' lang='lat' dir='ltr'>RTvulq.</span> <span class='ocrx_word' id='word_1_1093' title='bbox 2078 3485 2090 3531; x_wconf 89' lang='grc' dir='ltr'>ΙΙ</span> <span class='ocrx_word' id='word_1_1094' title='bbox 2117 3485 2255 3519; x_wconf 79' lang='lat' dir='ltr'>ecelesia</span> <span class='ocrx_word' id='word_1_1095' title='bbox 2276 3486 2336 3538; x_wconf 72' lang='lat' dir='ltr'>Vfl</span> 
     </span>
     <span class='ocr_line' id='line_1_119' title="bbox 1255 3531 2335 3575; baseline 0 -11"><span class='ocrx_word' id='word_1_1096' title='bbox 1255 3531 1298 3565; x_wconf 90' lang='grc'>30</span> <span class='ocrx_word' id='word_1_1097' title='bbox 1322 3532 1447 3564; x_wconf 83' lang='lat' dir='ltr'>statuta</span> <span class='ocrx_word' id='word_1_1098' title='bbox 1467 3532 1500 3564; x_wconf 88' lang='lat' dir='ltr'><em>R</em></span> <span class='ocrx_word' id='word_1_1099' title='bbox 1517 3531 1529 3575; x_wconf 83' lang='grc' dir='ltr'>ΙΙ</span> <span class='ocrx_word' id='word_1_1100' title='bbox 1547 3531 1717 3564; x_wconf 85' lang='lat' dir='ltr'>diuidetur</span> <span class='ocrx_word' id='word_1_1101' title='bbox 1738 3531 1770 3564; x_wconf 87' lang='lat' dir='ltr'><em>R</em></span> <span class='ocrx_word' id='word_1_1102' title='bbox 1787 3531 1799 3575; x_wconf 86' lang='grc' dir='ltr'>ΙΙ</span> <span class='ocrx_word' id='word_1_1103' title='bbox 1817 3532 1859 3566; x_wconf 89' lang='grc'>33</span> <span class='ocrx_word' id='word_1_1104' title='bbox 1883 3533 1942 3564; x_wconf 85' lang='lat' dir='ltr'>aut</span> <span class='ocrx_word' id='word_1_1105' title='bbox 1965 3531 2033 3564; x_wconf 82' lang='lat' dir='ltr'>alia</span> <span class='ocrx_word' id='word_1_1106' title='bbox 2055 3533 2170 3564; x_wconf 79' lang='lat' dir='ltr'>sancta</span> <span class='ocrx_word' id='word_1_1107' title='bbox 2189 3532 2335 3564; x_wconf 76' lang='lat' dir='ltr'>misteria</span> 
     </span>
     <span class='ocr_line' id='line_1_120' title="bbox 1263 3575 2334 3620; baseline -0.001 -11"><span class='ocrx_word' id='word_1_1108' title='bbox 1263 3575 1311 3609; x_wconf 90' lang='lat' dir='ltr'>V¹</span> <span class='ocrx_word' id='word_1_1109' title='bbox 1325 3576 1363 3616; x_wconf 88' lang='lat' dir='ltr'>T,</span> <span class='ocrx_word' id='word_1_1110' title='bbox 1389 3576 1450 3610; x_wconf 82' lang='lat' dir='ltr'>del.</span> <span class='ocrx_word' id='word_1_1111' title='bbox 1472 3576 1533 3619; x_wconf 70' lang='lat'>17⁸,</span> <span class='ocrx_word' id='word_1_1112' title='bbox 1559 3590 1617 3611; x_wconf 86' lang='lat' dir='ltr'>om.</span> <span class='ocrx_word' id='word_1_1113' title='bbox 1632 3576 1694 3620; x_wconf 77' lang='lat' dir='ltr'>Rss</span> <span class='ocrx_word' id='word_1_1114' title='bbox 1721 3577 1765 3609; x_wconf 88' lang='grc'>34</span> <span class='ocrx_word' id='word_1_1115' title='bbox 1789 3576 1973 3609; x_wconf 83' lang='lat' dir='ltr'>celebretur</span> <span class='ocrx_word' id='word_1_1116' title='bbox 1999 3575 2054 3620; x_wconf 80' lang='grc' dir='ltr'>ΤΙΙ</span> <span class='ocrx_word' id='word_1_1117' title='bbox 2073 3576 2263 3617; x_wconf 84' lang='lat' dir='ltr'>ingrediens</span> <span class='ocrx_word' id='word_1_1118' title='bbox 2283 3584 2334 3608; x_wconf 85' lang='lat' dir='ltr'>eo-</span> 
     </span>
     <span class='ocr_line' id='line_1_121' title="bbox 1255 3619 2334 3665; baseline 0 -11"><span class='ocrx_word' id='word_1_1119' title='bbox 1255 3619 1387 3654; x_wconf 80' lang='lat' dir='ltr'>clesiam</span> <span class='ocrx_word' id='word_1_1120' title='bbox 1418 3622 1465 3663; x_wconf 93' lang='lat' dir='ltr'>V]</span> <span class='ocrx_word' id='word_1_1121' title='bbox 1498 3622 1670 3665; x_wconf 87' lang='lat' dir='ltr'>egrediens</span> <span class='ocrx_word' id='word_1_1122' title='bbox 1693 3620 1863 3655; x_wconf 85' lang='lat' dir='ltr'>ecclesiam</span> <span class='ocrx_word' id='word_1_1123' title='bbox 1890 3622 1923 3655; x_wconf 84' lang='lat' dir='ltr'><em>T</em></span> <span class='ocrx_word' id='word_1_1124' title='bbox 1955 3620 2124 3655; x_wconf 83' lang='lat' dir='ltr'>ecclesiam</span> <span class='ocrx_word' id='word_1_1125' title='bbox 2145 3620 2334 3663; x_wconf 76' lang='lat' dir='ltr'>ingrediens</span> 
     </span>
     <span class='ocr_line' id='line_1_122' title="bbox 1254 3666 1393 3711; baseline -0.007 -12"><span class='ocrx_word' id='word_1_1126' title='bbox 1254 3666 1288 3699; x_wconf 76' lang='lat' dir='ltr'><em>R</em></span> <span class='ocrx_word' id='word_1_1127' title='bbox 1309 3667 1393 3711; x_wconf 74' lang='lat' dir='ltr'>vuly.</span> 
     </span>
    </p>
   </div>
   <div class='ocr_carea' id='block_1_50' title="bbox 2059 2991 2067 3080">
    <p class='ocr_par' dir='ltr' id='par_1_51' title="bbox 2059 2991 2067 3080">
     <span class='ocr_line' id='line_1_123' title="bbox 2059 2991 2067 3080; baseline 0 774"><span class='ocrx_word' id='word_1_1128' title='bbox 2059 2991 2067 3080; x_wconf 95' lang='lat' dir='ltr'> </span> 
     </span>
    </p>
   </div>
   <div class='ocr_carea' id='block_1_51' title="bbox 2423 2645 2476 3854">
    <p class='ocr_par' dir='ltr' id='par_1_52' title="bbox 2423 2645 2476 3854">
     <span class='ocr_line' id='line_1_124' title="bbox 2423 2645 2476 3854; baseline 0 0"><span class='ocrx_word' id='word_1_1129' title='bbox 2423 2645 2476 3854; x_wconf 95' lang='lat' dir='ltr'> </span> 
     </span>
    </p>
   </div>
  </div>
 </body>
</html>
