2592 3840
296 75 403 118 Nov.
433 76 595 119 XXVII
628 79 662 119 1.
694 78 719 116 2
1361 71 1440 118 21⁰
2258 89 2319 120 DE
2349 88 2516 120 comm

294 200 395 231 μενοι
420 186 533 229 τάξιν,
565 189 625 221 καὶ
649 184 950 229 διακοσμήσαντες
974 182 1082 218 αὐτὰς
1107 181 1154 218 οἷς
1177 185 1284 231 ἐχρῆν
1309 187 1369 218 καὶ
1438 186 1581 220 tuentes
1616 184 1786 228 officium,
1819 188 2072 231 componentes
2103 195 2166 221 eas
2196 189 2239 221 ut
2261 187 2450 232 oportebat
2481 189 2518 222 et

294 231 434 275 ἑκάστῳ
463 230 587 266 δόντες
615 228 697 266 ἀντὶ
727 232 788 273 τῆς
816 228 945 274 πρώην
969 233 1201 276 προςηγορίας
1226 228 1268 262 τὸ
1291 229 1370 263 τῶν
1437 229 1629 274 unicuique
1661 230 1787 265 dantes
1823 240 1889 275 pro
1919 231 2041 275 prisca
2075 231 2315 275 appellatione
2349 232 2518 268 comitum

295 275 464 321 κομήτων
487 275 612 321 ὄνομα,
644 273 731 311 ὥςτε
760 274 825 309 τὸν
847 276 915 318 μὲν
944 273 1084 318 κόμητα
1105 272 1286 308 Γαλατίας
1308 287 1368 308 κα·
1438 285 1586 317 110111811,
1626 275 1779 310 alterum
1818 274 1959 319 quidem
1999 276 2163 311 comitem
2195 275 2358 311 Galatiae
2396 277 2519 313 vocari

296 321 443 356 λεῖσθαι
466 320 621 369 πρώτης,
644 320 711 356 τὸν
734 319 774 354 δὲ
795 317 933 363 κόμητα
949 319 1181 362 Πακατιανῆς
1200 317 1368 363 ὀνομάζει·
1463 319 1584 363 rimae,
1617 320 1768 355 alterum
1791 329 1874 354 vero
1906 320 2070 356 comitem
2094 320 2310 356 Pacatianae
2340 321 2518 357 nominari

294 367 389 401 σθαι
411 370 574 420 Φρυγίας,
598 379 650 401 πα
674 367 845 410 επομένης
869 364 1026 408 ἑκατέρῳ
1051 361 1220 405 [τούτων]
1247 361 1369 399 αὐτῶν
1404 369 1424 400 5
1438 331 1630 417 lghrxgiae,
1663 367 1833 409 sequente
1856 366 2048 411 utrumque
2074 366 2202 401 horum
2224 368 2262 401 et
2283 369 2408 402 nostro
2433 376 2515 411 cog-

295 415 354 445 καὶ
378 413 437 454 τῆς
461 414 628 457 ημετέρας
670 413 867 453 πωνυμίας.
1438 420 1591 445 nomine.

1299 499 1456 536 CAPUT
1481 500 1509 534 I.

347 560 455 591 Τοῦτο
477 556 519 600 δὴ
539 559 598 590 καὶ
618 555 708 589 κατὰ
728 554 795 597 τὴν
812 550 987 600 Ἰσαύρων
1000 553 1214 608 ,πράττομεν
1233 552 1368 600 χώραν.
1483 555 1532 589 Et
1554 555 1623 590 hoc
1643 564 1786 600 quoque
1805 554 1844 590 in
1862 554 2069 591 Isaurorum
2090 555 2227 601 agimus
2245 557 2399 602 regione.
2432 555 2519 593 Non-

294 602 336 637 οὐ
358 601 426 649 γὰρ
449 604 503 637 ἔτι
526 600 733 645 βουλόμεθα
764 598 829 633 τὸν
859 600 919 633 ἐπὶ
942 610 1075 642 ταυτης
1120 599 1287 644 ινόμενον
1310 601 1371 643 τῆς
1439 601 1534 635 enim
1564 600 1717 635 ulterius
1747 599 1909 636 volumus
1939 600 2000 645 qui
2030 600 2077 636 ad
2108 601 2202 637 hanc
2232 601 2425 638 accesserit
2451 602 2516 637 ad-

294 646 398 693 ἆρχῆς
422 645 558 682 διπλοῖς
584 646 743 690 χρῆσθαι
775 642 965 688 συμβόλοις
996 646 1056 678 καὶ
1081 612 1281 689 λζιμβάνειν
1303 646 1370 690 μὲν
1437 644 1734 680 ministrationem
1760 644 1962 690 duplicibus
1993 646 2047 681 uti
2079 645 2253 683 codicillis
2285 649 2322 682 et
2351 647 2517 692 accipere

293 697 353 727 καὶ
377 691 444 735 τὴν
466 693 527 734 τῆς
549 690 730 733 πολιτικῆς
759 686 866 734 ἀρχῆς
889 693 1138 736 προςηγορίαν,
1172 688 1370 734 λαμβάνειν
1386 693 1425 725 10
1439 689 1580 735 quidem
1593 693 1629 725 et
1641 690 1752 726 civilis
1766 690 1899 734 cinguli
1911 691 2200 736 appellationem,
2217 691 2382 737 accipere
2394 694 2515 728 autem

295 737 334 771 δὲ
367 740 427 771 καὶ
461 735 507 770 τὰ
538 737 598 778 τῆς
635 734 894 781 στρατιωτικῆς
929 733 1090 774 ἐξουσίας
1125 738 1270 779 σημεῖα,
1310 738 1370 768 καὶ
1439 737 1475 770 et
1497 734 1660 770 militaris
1683 736 1875 779 potestatis
1894 735 2056 780 insignia,
2080 738 2118 772 et
2135 747 2266 772 nomen
2287 736 2516 773 circumferre

293 781 408 827 ὄνομα
428 783 630 827 περιφέρειν
651 777 805 814 διπλοῦν
825 778 1033 826 πράγματος
1051 778 1156 814 ὄντος
1174 776 1263 821 ἑνός,
1287 777 1366 813 ἄλλ’
1438 779 1572 824 duplex
1596 789 1708 815 causa
1728 780 1902 816 existente
1926 790 2009 822 una,
2033 780 2096 816 sed
2120 781 2190 817 hoc
2210 781 2291 827 ipso
2309 792 2418 818 unam
2437 791 2516 817 esse

294 825 454 861 αὐτόθεν
475 829 562 870 μίαν
584 824 678 858 εἶναι
708 824 775 867 τὴν
798 822 909 870 ἀρχὴν
934 821 1033 868 αὐτῷ
1058 824 1224 868 τίθεμεν,
1256 822 1370 867 αὐτὴν
1437 824 1781 860 administrationem
1803 826 1899 861 hanc
1922 826 2099 871 ponimus,
2127 826 2243 871 ipsam
2266 827 2408 873 quidem
2430 837 2515 872 pro-

291 875 358 916 μὲν
375 872 601 917 προνοοῦσαν
624 870 701 903 τῶν
719 865 856 911 ὅπλων,
882 866 996 913 αὐτὴν
1020 867 1060 903 δὲ
1084 871 1162 903 τῶν
1183 867 1368 914 δημοσίων
1437 869 1615 905 videntem
1637 880 1829 914 armorum,
1852 870 1968 916 ipsam
1990 881 2073 907 vero
2090 871 2232 907 fiscalia
2251 872 2514 918 suscipientem,

291 915 660 961 ἀντιλαμβανομένην,
685 911 833 950 ἅπαντα
851 911 892 948 δὲ
911 916 1062 957 ἔχουσαν
1082 911 1146 959 ὑφ’
1168 915 1288 961 ἑαυτῇ,
1307 917 1368 948 καὶ
1383 917 1422 950 15
1437 916 1556 951 omnia
1576 917 1695 951 autem
1715 915 1907 952 habentem
1925 917 1992 952 sub
2009 926 2059 961 se,
2080 919 2117 952 et
2134 927 2206 952 uno
2223 919 2382 953 utentem
2394 916 2514 953 officio

290 963 356 1005 μιᾷ
386 963 574 1006 χρωμένην
605 959 703 1000 τάξει
734 960 933 1006 κομητιανῇ
969 971 1009 993 τε
1041 962 1366 1012 προςαγορευομένη
1437 960 1630 996 comitiano
1654 960 1880 1006 appellando,
1904 964 1941 997 et
1959 961 2194 1006 accipientem
2217 963 2427 1008 probatofia
2448 961 2514 997 mi-

290 1009 349 1040 καὶ
384 1008 595 1052 κομιζομένῃ
631 1003 677 1038 τὰ
711 1003 876 1049 σύμβολα
909 1005 972 1047 τῆς
1006 1008 1195 1048 στρατείας
1229 1006 1267 1038 ἐκ
1303 1017 1365 1039 του
1434 1005 1533 1040 litiae
1555 1015 1578 1040 a
1599 1015 1702 1041 sacro
1722 1006 1923 1041 libellorum
1946 1006 2089 1042 scrinio.
2129 1006 2211 1042 Erit
2230 1010 2350 1042 autem
2369 1010 2405 1043 et
2423 1006 2515 1044 haec

290 1052 394 1085 θείου
424 1052 502 1085 τῶν
532 1048 709 1094 λιβέλλων
740 1053 910 1097 σκρινίου.
960 1048 1085 1084 Ἔσται
1115 1046 1156 1083 δὲ
1186 1053 1247 1083 καὶ
1277 1045 1367 1093 αὗτὴ
1435 1050 1580 1087 0111111110
1604 1051 1682 1086 sine
1706 1050 1893 1096 suffragio,
1921 1055 1957 1086 et
1978 1062 2052 1088 non
2073 1052 2262 1097 praebebit
2282 1052 2515 1098 pecuniarum

290 1094 475 1131 παντελῶς
505 1095 675 1139 ἄμισθος,
707 1098 769 1129 καὶ
799 1095 841 1129 οὗ
863 1094 1012 1140 παρέξει
1042 1092 1237 1142 χρημάτων
1267 1091 1366 1128 οὐδε·
1434 1095 1547 1131 11Π11111
1572 1095 1805 1140 commodum‚
1836 1097 1900 1133 sed
1924 1100 1960 1132 et
1981 1097 2062 1142 ipsa
2083 1097 2183 1142 puris
2206 1101 2327 1133 utetur
2348 1097 2513 1133 manibus

288 1145 376 1185 μίαν
404 1138 517 1183 δόσιν,
553 1137 641 1174 ἀλλὰ
671 1143 731 1174 καὶ
763 1136 855 1183 αὐτὴ
879 1138 1059 1185 καθαραῖς
1086 1137 1257 1186 χρήσεται
1290 1142 1367 1173 ταῖς
1379 1142 1422 1176 20
1435 1140 1530 1176 sicut
1552 1144 1703 1177 ceterae.
1750 1141 1801 1176 Et
1823 1141 2003 1177 mittemus
2033 1142 2139 1177 etiam
2169 1142 2216 1177 ad
2245 1152 2325 1178 eam
2351 1152 2468 1188 nuper
2491 1152 2514 1178 a

287 1188 385 1233 χερσὶ
405 1184 574 1232 καθάπερ
598 1185 638 1219 αἱ
657 1184 791 1220 λοιπαί.
842 1186 902 1219 καὶ
931 1187 1215 1230 καταπέμψομέν
1243 1198 1284 1232 γε
1306 1188 1367 1219 καὶ
1434 1186 1538 1221 nobis
1561 1186 1739 1231 prolatam
1761 1186 1893 1230 legem,
1923 1187 2086 1223 dabimus
2113 1189 2233 1223 autem
2263 1187 2298 1223 ei
2320 1198 2364 1224 su
2390 1197 2430 1223 er
2453 1197 2512 1223 co·

288 1229 377 1277 πρὸς
401 1229 513 1274 αὐτὴν
537 1229 603 1265 τὸν
626 1233 773 1278 ἔναγχος
794 1227 885 1276 παρ’
913 1227 1014 1274 ἡμῶν
1038 1228 1285 1275 πεφοιτηκότα
1307 1229 1367 1265 νό-
1434 1231 1585 1274 dicillos‚
1619 1231 1681 1285 qui
1704 1241 1784 1266 eum
1815 1232 2071 1277 spectabilibus
2100 1232 2300 1268 inscribant
2321 1232 2359 1268 iu
2385 1232 2511 1275 icibus,

286 1286 371 1321 μον·
408 1274 573 1321 δώσομεν
605 1273 646 1309 δὲ
668 1273 759 1323 αὐτῇ
783 1275 871 1321 πρὸς
900 1278 974 1309 τοῖς
997 1272 1231 1319 κωδικίλλοις,
1262 1275 1366 1321 οἵπερ
1433 1276 1543 1311 etiam
1571 1277 1690 1312 divina
1719 1281 1914 1323 praecepta
1944 1278 2050 1321 (haec
2072 1280 2193 1313 autem
2222 1277 2391 1315 mandata
2413 1277 2512 1324 prin-

288 1319 398 1355 αὐτόν
418 1324 490 1355 τοῖς
518 1319 785 1365 σπεκταβιλίοις
804 1319 1047 1368 ἐγγράψουσιν
1066 1318 1088 1353 ἄ
1112 1333 1224 1364 χουσι,
1243 1323 1303 1354 καὶ
1321 1322 1367 1355 τὰ
1435 1321 1524 1366 cipis
1556 1324 1594 1357 et
1625 1323 1671 1356 ab
1695 1321 1850 1367 antiquis
1874 1323 2058 1358 nominata
2086 1326 2172 1359 sunt
2202 1324 2240 1358 et
2267 1333 2292 1358 a
2321 1322 2426 1359 nobis
2451 1322 2512 1358 de-

287 1367 373 1400 θεῖα
395 1365 687 1413 παραγγέλματα,
711 1367 830 1400 ταῦτα
854 1364 898 1409 δὴ
928 1364 975 1399 τοὶ
996 1378 1088 1409 μαν
1125 1363 1211 1400 άτα
1234 1378 1365 1412 πριν-
1379 1368 1421 1401 25
1434 1378 1506 1402 nuo
1538 1367 1575 1402 in
1605 1367 1862 1412 rempublicam
1891 1367 2125 1411 introducta),
2157 1377 2205 1403 ex
2236 1367 2364 1414 quibus
2387 1368 2511 1410 discet,

286 1416 411 1446 κίπις
434 1411 532 1456 παρά
549 1424 589 1445 τε
608 1414 681 1446 τοῖς
698 1408 857 1456 ἀρχαίοις
883 1407 1134 1455 ὀνομαζόμενα
1153 1408 1245 1455 παρ’
1260 1409 1366 1455 ἡμῶν
1434 1412 1518 1457 quia
1540 1412 1795 1457 providendum
1819 1412 1853 1448 ei
1875 1413 1923 1448 sit
1944 1416 1983 1448 et
2002 1413 2178 1449 fiscalium
2202 1413 2360 1449 omnium
2382 1416 2419 1449 et
2437 1412 2511 1459 pri-

286 1471 325 1491 τε
345 1450 452 1491 αὖθις
471 1458 519 1491 εἰς
535 1456 723 1491 πολιτείαν
742 1456 1000 1499 εἰςενεχθέντα,
1021 1455 1062 1496 ἐξ
1082 1453 1137 1489 ὡν
1154 1453 1365 1500 μαθήσεται
1432 1459 1596 1492 vatorum
1627 1457 1947 1493 instrumentorum
1980 1461 2017 1494 et
2046 1458 2258 1504 disciplinae
2291 1457 2438 1494 alterius
2474 1458 2512 1493 et

286 1499 342 1537 ὅτι
366 1505 586 1547 προνοητέον
620 1500 719 1545 αὐτῷ
743 1501 948 1545 καθέστηκε
979 1503 1040 1535 καὶ
1068 1502 1147 1535 τῶν
1179 1498 1365 1546 δημοσίων
1431 1506 1473 1538 ut
1506 1502 1545 1538 in
1579 1502 1679 1538 nullo
1713 1502 1877 1538 laedatur
1912 1502 2040 1539 fiscus:
2079 1505 2116 1539 et
2150 1503 2359 1549 simpliciter
2393 1502 2511 1539 omnia

285 1545 461 1581 ἁπάντων
496 1550 555 1580 καὶ
586 1548 665 1582 τῶν
697 1545 896 1581 ἰδιωτικῶν
931 1544 1173 1590 συμβολαίων,
1209 1549 1269 1580 καὶ
1302 1547 1364 1590 τῆς
1432 1558 1525 1593 quae
1548 1551 1752 1593 competens
1785 1551 1841 1584 est
1870 1558 1953 1584 oum
1973 1548 2094 1585 facere
2119 1548 2204 1584 inde
2227 1548 2261 1584 ei
2282 1548 2374 1584 fiunt
2396 1547 2508 1584 mani·

285 1589 471 1636 εὐκοσμίας
499 1593 560 1636 τῆς
591 1591 707 1635 ἄλλης,
739 1595 799 1626 καὶ
829 1593 893 1626 τοῦ
923 1591 1017 1626 κατὰ
1046 1588 1159 1635 μηδὲν
1181 1590 1365 1636 βλαβῆναι
1376 1595 1420 1628 30
1431 1594 1536 1629 festa.

283 1637 326 1671 τὸ
344 1636 533 1682 δημόσιον·
564 1640 624 1671 καὶ
646 1635 771 1672 ἁπλῶς
794 1633 942 1672 ἅπαντα
965 1633 1034 1671 ὅσα
1063 1635 1239 1684 προςῆκόν
1262 1638 1364 1671 ἐστιν

285 1681 395 1717 αὐτὸν
418 1685 535 1718 ποιεῖν
559 1683 702 1717 ἐκεῖθεν
727 1679 827 1726 αὐτῷ
851 1681 1041 1730 γενήσεται
1066 1678 1215 1727 φανερά.

1283 1773 1440 1810 CAPUT
1465 1773 1512 1809 11.

330 1828 435 1863 Ἴστω
468 1828 506 1863 δὲ
534 1829 649 1874 μόνον
678 1830 864 1871 τοσοῦτον,
901 1827 959 1864 ὅτι
990 1833 1050 1865 καὶ
1082 1827 1188 1866 αὐτὸς
1219 1832 1261 1866 ἐν
1290 1834 1364 1865 τοῖς
1478 1830 1577 1865 Sciat
1600 1831 1721 1865 autem
1743 1829 1876 1875 solum,
1906 1829 1992 1874 quia
2013 1831 2050 1865 et
2071 1829 2149 1874 ipse
2177 1829 2273 1865 inter
2294 1839 2312 1866 s
2339 1830 2509 1867 ectabiles

284 1874 534 1921 περιβλέπτοις
553 1874 698 1921 ἄρχουσι
720 1877 902 1917 τέτακται,
927 1879 988 1910 καὶ
1007 1877 1086 1910 τῶν
1105 1878 1267 1922 ἐφέσεων
1284 1877 1364 1911 τῶν
1431 1876 1568 1911 iudices
1593 1875 1780 1911 ordinatus
1803 1877 1869 1917 est,
1898 1880 1934 1910 et
1957 1874 2216 1921 appellationes
2237 1875 2284 1911 ab
2347 1886 2368 1911 o
2391 1875 2510 1912 factas

283 1919 374 1966 παρ’
409 1922 543 1954 ἐκείνου
573 1923 776 1966 γινομένων
810 1920 850 1954 οἴ
875 1933 916 1954 τε
947 1919 1180 1962 ἐνδοξότατοι
1210 1924 1362 1968 ἔπαρχοι
1376 1924 1418 1957 35
1433 1923 1470 1957 et
1483 1920 1730 1965 gloriosissimi
1748 1920 1924 1966 praefecti
1943 1926 2126 1956 sacrorum
2141 1923 2346 1956 nostrorum
2361 1920 2510 1956 audient

282 1968 360 1999 τῶν
385 1964 492 2012 ἱερῶν
520 1963 624 2009 ἡμῶν
653 1963 894 2012 ἀκροάσονται
923 1970 1163 2014 πραιτωρίων
1193 1964 1214 2001 ὅ
1243 1980 1284 2002 τε
1307 1969 1361 2001 ὲν-
1431 1966 1692 2012 praetoriorum
1715 1970 1752 2001 et
1773 1965 2051 2011 gloriosissimus
2074 1968 2197 2001 noster
2212 1969 2392 2011 quaestor,
2415 1965 2510 2001 sicut

284 2009 474 2051 δοξότατος
490 2008 594 2054 ἡμῶν
611 2015 819 2058 κοιαίστωρ,
837 2010 1008 2058 καθάπερ
1025 2009 1284 2059 αὖγουσταλίου
1302 2015 1362 2047 καὶ
1431 2011 1630 2055 augustalis
1670 2014 1706 2046 et
1738 2011 1966 2056 proconsulis
1987 2036 1989 2039 -
2006 2010 2121 2046 utrius
2146 2020 2193 2046 ue
2230 2014 2268 2046 et
2302 2013 2510 2056 praetorum

282 2053 498 2091 ἀνθυπάτου
517 2058 577 2089 καὶ
595 2052 820 2102 πραιτώρων
837 2058 952 2103 τριῶν
968 2058 1048 2091 τῶν
1063 2058 1132 2092 νῦν
1148 2055 1238 2104 παρ’
1257 2055 1362 2103 ἡμῶν
1429 2057 1537 2091 trium
1566 2066 1663 2091 nunc
1693 2065 1717 2090 a
1747 2056 1853 2092 nobis
1885 2059 2101 2092 statutorum
2154 2055 2281 2091 isidiae
2309 2059 2347 2091 et
2367 2055 2508 2102 Lycao-

283 2098 586 2146 ἐγκαταστάντων
609 2098 761 2144 Πισιδίᾳ
784 2114 824 2135 τε
854 2105 916 2136 καὶ
938 2103 1130 2147 Λυκαονία
1153 2106 1213 2136 καὶ
1238 2102 1359 2150 Θράκῃ
1427 2102 1510 2137 niae
1534 2104 1642 2146 atque
1666 2101 1844 2137 Thraciae
1873 2105 1910 2136 et
1940 2100 2079 2136 comitis
2103 2100 2272 2144 Orientis,
2303 2101 2451 2146 insuper
2472 2104 2510 2136 et

278 2188 451 2223 stratibus
478 2188 581 2224 unito
611 2192 648 2224 et
676 2200 750 2224 uno
780 2189 906 2235 officio
936 2188 1148 2230 constituto,
1178 2186 1224 2221 iis
1249 2197 1295 2222 ue
1317 2186 1372 2221 uti
1388 2197 1467 2233 par
1496 2189 1578 2222 ertu
1607 2186 1799 2222 exornatis
1828 2189 1937 2237 atque
1965 2185 2111 2232 utrique
2130 2197 2201 2233 pro
2225 2185 2355 2233 priore
2382 2183 2508 2231 appel-

281 2237 416 2272 latione
432 2236 599 2272 comitum
617 2235 762 2271 nomine
779 2235 879 2278 dato,
900 2239 943 2271 ut
961 2235 1055 2272 alter
1073 2246 1192 2272 comes
1208 2198 1373 2271 &latiae
1389 2235 1537 2282 primae
1560 2233 1821 2280 appellaretur,
1839 2234 1935 2269 alter
1952 2243 2070 2269 comes
2082 2231 2307 2268 Pacatianae
2318 2231 2507 2279 Pkryqiae

280 2283 540 2324 nominaretur,
566 2292 611 2316 ac
628 2284 828 2327 praeterea
850 2281 997 2327 utrique
1020 2292 1145 2317 eorum
1167 2286 1332 2316 nostrum
1355 2290 1502 2332 quoque
1524 2289 1726 2325 cognomen
1746 2278 1942 2314 accederet.

413 2327 441 2362 I.
488 2326 572 2362 Hoc
595 2327 708 2372 iqz'tur
731 2325 775 2361 de
795 2324 1009 2362 Isaurorum
1059 2337 1178 2372 uoque
1199 2325 1392 2372 provincia
1415 2324 1566 2371 aqimus.
1600 2323 1742 2375 ,Neque
1763 2324 1858 2375 enim
1879 2323 2037 2370 amplius
2058 2333 2139 2359 eum
2161 2322 2226 2369 qui
2248 2322 2335 2375 huic
2353 2321 2506 2358 admini-

280 2372 452 2408 strationi
475 2375 628 2418 praeest
656 2370 861 2417 duplicibus
891 2371 1027 2418 insiqni
1049 2382 1093 2406 us
1125 2371 1180 2406 uti
1210 2370 1384 2413 volumus,
1417 2373 1458 2405 ut
1489 2369 1648 2415 accipiat
1680 2372 1719 2404 et
1740 2368 1855 2405 civilis
1886 2369 2124 2420 maqistratus
2156 2366 2437 2420 appellationem
2470 2371 2509 2404 et

281 2417 448 2452 militaris
471 2416 671 2463 potestatis
698 2416 807 2462 siqua
835 2420 955 2462 atque,
987 2427 1067 2452 cum
1090 2427 1165 2451 una
1192 2427 1260 2451 rres
1287 2415 1354 2458 sit,
1386 2414 1527 2461 duplex
1558 2424 1689 2449 nomen
1709 2414 1829 2459 ferat,
1859 2413 1926 2449 sed
1939 2417 2116 2465 protinus
2144 2423 2269 2464 unum·
2284 2422 2363 2448 etus
2390 2413 2506 2459 mayn·-

280 2466 434 2497 stratum
461 2461 661 2504 reddimus,
697 2462 761 2509 qui
789 2460 882 2497 idem
914 2466 952 2496 et
979 2461 1091 2496 armis
1114 2461 1327 2508 prospiciat
1355 2463 1391 2496 et
1423 2459 1566 2495 tributis
1597 2469 1748 2505 operam
1778 2458 1840 2495 det
1870 2469 2061 2505 omniaque
2089 2457 2155 2493 sub
2185 2468 2225 2493 se
2254 2467 2334 2504 ipse
2362 2456 2505 2511 habeat,

277 2511 385 2552 atque
401 2519 474 2543 uno
495 2512 621 2544 utatur
643 2509 784 2555 officio,
809 2508 909 2554 quod
932 2510 1164 2545 comitianum
1183 2514 1332 2546 vocetur
1355 2513 1391 2544 et
1407 2507 1558 2543 militiae
1576 2507 1736 2554 insiqnia
1752 2518 1802 2543 ex
1824 2517 1933 2543 sacro
1952 2506 2155 2543 libellorum
2177 2505 2313 2543 scrinio
2332 2505 2503 2552 aocipzat.

277 2554 359 2589 Fiet
382 2559 499 2589 autem
519 2558 555 2589 et
576 2554 655 2600 ipse
679 2554 825 2588 omnino
849 2555 1025 2599 qratuito,
1048 2566 1114 2590 nec
1137 2555 1248 2591 ullam
1271 2554 1475 2601 praestabit
1489 2554 1672 2602 pecuniae
1695 2554 1945 2600 larqzlionem,
1975 2564 2096 2589 verum
2126 2553 2205 2600 ipse
2227 2564 2372 2605 quoque
2436 2554 2503 2589 eris

278 2604 399 2634 utetur
418 2599 581 2634 manibus
604 2597 905 2645 quemadmodum
928 2599 1070 2645 reliqui.
1124 2600 1179 2635 Ac
1203 2600 1383 2636 mittemus
1405 2599 1456 2635 ad
1476 2610 1557 2636 eum
1584 2599 1705 2646 ipsum
1727 2610 1800 2645 quo
1827 2610 1873 2635 ue
1896 2599 1929 2634 le
1954 2609 2009 2634 em
2040 2609 2157 2645 nuper
2185 2609 2211 2634 a
2232 2597 2336 2634 nobis
2357 2609 2377 2634 e
2402 2598 2501 2642 itam,

278 2643 440 2678 dabimus
467 2648 589 2681 ,autem
621 2644 654 2679 ei
679 2647 834 2690 praeter
862 2643 1070 2687 codicillos,
1102 2645 1164 2691 qui
1186 2657 1267 2681 eum
1299 2644 1555 2692 spectabilibus
1585 2644 1794 2696 mayistrati
1817 2654 1860 2679 us
1959 2642 2108 2686 cribent,
2132 2643 2241 2679 etiam
2263 2653 2373 2679 sacra
2421 2653 2443 2679 r
2486 2662 2500 2670 -

279 2694 395 2735 cepta,
427 2689 491 2724 illa
515 2688 658 2735 quidem
682 2699 777 2735 quae
799 2687 972 2723 mandata
993 2689 1175 2736 principis
1206 2694 1244 2726 et
1266 2689 1368 2737 apud
1392 2694 1530 2726 veteres
1552 2693 1788 2725 nominantur
1810 2693 1847 2725 et
1869 2700 1893 2724 a
1912 2688 2016 2724 nobis
2042 2688 2082 2723 in
2103 2687 2360 2735 rempublicam
2453 2699 2501 2724 uo

278 2733 486 2768 introducta
514 2738 610 2777 sunt,
642 2745 692 2769 ex
721 2733 851 2779 quibus
873 2732 988 2768 discet
1019 2744 1143 2769 curam
1174 2734 1246 2770 sibi
1274 2734 1454 2782 aqendam
1483 2745 1560 2771 esse
1591 2738 1628 2770 et
1651 2733 1882 2780 publicorum
1912 2733 2070 2769 omnium
2100 2737 2135 2769 et
2156 2733 2391 2780 privatorum
2418 2743 2502 2770 con·

279 2782 457 2813 tractuum
486 2783 519 2814 et
548 2779 711 2825 reliquae
741 2778 956 2825 disciplinae
985 2790 1073 2815 neve
1100 2779 1139 2814 in
1170 2779 1247 2815 ulla
1278 2791 1319 2815 re
1344 2781 1458 2825 fiscus
1486 2779 1673 2815 laedatur:
1707 2783 1744 2815 et
1765 2790 1812 2814 ne
1834 2777 1965 2820 multa,
1998 2777 2121 2814 omnia
2151 2787 2397 2824 quaecumque
2421 2789 2502 2815 eum

275 2834 350 2870 par:
371 2827 426 2858 est
468 2835 571 2859 acere
593 2823 677 2859 inde
698 2823 754 2859 illi
773 2823 864 2869 fient
885 2824 1091 2869 manifesta.

452 2895 460 2903 .
512 2868 624 2904 Unum
641 2880 725 2905 vero
748 2868 816 2904 boc
834 2869 927 2904 sciat
944 2879 984 2904 se
1005 2869 1124 2915 ipsum
1143 2880 1214 2915 quo
1241 2881 1286 2905 ue
1307 2870 1346 2904 in
1369 2869 1618 2916 spectabilium
1637 2869 1917 2915 maqistratuum
1939 2878 2088 2903 numero
2107 2867 2325 2919 collocatum
2339 2871 2502 2920 essa-at·
2554 2898 2556 2902 ,

279 2925 349 2959 que
367 2913 411 2947 de
429 2913 736 2960 appellationibus
758 2925 852 2960 quae
872 2913 916 2949 ab
935 2914 1018 2960 ipso
1035 2914 1128 2959 fient
1146 2918 1182 2949 et
1199 2881 1483 2966 fior-iosissimos
1496 2915 1714 2967 praefectos
1732 2924 1840 2950 sacro
1861 2916 1988 2949 nostro
2007 2917 2201 2959 praetorio
2223 2915 2259 2948 et
2267 2957 2274 2964 ⁸
2273 2912 2501 2992 ἕρποι-ωει-

278 2969 375 3038 m}-
398 2963 623 3037 {amem
636 2959 1663 3050 3⁰2⁶,2520‘Z‘0752-‘529'52'2‘W17‘2’5a‘252⁶’cffssssttt‘fsmei‘iiffssssffl
1677 2957 2502 3049 titum⁶2522'235013‘52‘00'2m2-1532023

327 3086 339 3116 1
368 3085 427 3114 καὶ
451 3079 625 3125 Samoou]
647 3087 707 3116 καὶ
731 3098 788 3117 om.
803 3096 823 3120 ς
839 3084 851 3127 ΙΙ
869 3085 889 3118 3
910 3081 1102 3117 καλεῖσθαι
1119 3080 1264 3128 πρώτης
1287 3084 1352 3124 Lc]
1422 3080 1516 3117 δάτα
1536 3085 1721 3129 πρινκίπις
1741 3078 1821 3124 ἦτοι
1839 3079 1884 3115 τὰ
1903 3078 2072 3125 βασιλικὰ
2088 3077 2295 3124 ἐντάλματα
2309 3081 2357 3115 Μ
2369 3078 2417 3114 τὰ
2434 3083 2501 3124 βα-

279 3142 337 3162 οηι.
353 3129 397 3161 M
419 3127 432 3171 ΙΙ
450 3130 468 3160 5
494 3125 635 3160 τούτων
659 3126 782 3162 αὐτῶν
806 3130 878 3162 ML
913 3129 1033 3162 horum
1056 3139 1093 3167 ςς
1125 3124 1282 3160 ’τούτων
1304 3129 1355 3161 vel
1421 3126 1540 3162 σιλικά
1558 3125 1766 3171 ἐντάλματα
1778 3127 1815 3160 Β
1831 3126 1843 3168 ΙΙ
1862 3128 1904 3162 26
1914 3140 1962 3170 sq.
1983 3127 2058 3160 τοῖς
2076 3122 2235 3172 ἀρχαίοις
2253 3145 2297 3150 -
2313 3123 2500 3160 πολιτείαν

280 3171 403 3206 αὐτῶν
417 3170 574 3206 alnmdat⁷
591 3173 777 3207 Zachariae
794 3174 807 3217 ss
824 3176 842 3207 7
865 3171 910 3216 δὴ
925 3187 983 3208 om.
997 3174 1029 3207 L
1078 3174 1119 3208 13
1139 3168 1252 3215 αὐτῷ]
1268 3173 1353 3205 hanc
1423 3186 1481 3208 om.
1495 3175 1528 3207 L
1552 3173 1565 3218 ΙΙ
1588 3175 1630 3208 28
1655 3168 1779 3206 αὐτῶν
1802 3171 1851 3205 L¹
1867 3170 1881 3215 ΙΙ
1903 3169 2118 3213 καθέστηκε]
2140 3167 2232 3205 καθ’
2246 3171 2402 3217 ἕκαστον
2425 3170 2498 3205 Ha-

280 3231 298 3254 ς
314 3218 326 3261 ΙΙ
349 3221 387 3252 15
410 3212 475 3262 ὑφ’
497 3216 605 3263 ἑαυτῇ
630 3218 778 3260 ΜΕ’(ς)]
802 3215 863 3263 ὑφ’
888 3216 1018 3260 ἑαυτὴν
1080 3216 1159 3262 13311
1184 3219 1224 3251 16
1247 3229 1353 3261 κομη-
1422 3219 1558 3252 leander
1574 3217 1588 3263 ss
1613 3220 1655 3253 29
1679 3219 1740 3251 καὶ
1762 3215 1835 3260 τῆς]
1859 3217 1920 3250 καὶ
1944 3229 2002 3250 om.
2018 3216 2053 3249 Β
2070 3215 2083 3260 ΙΙ
2106 3218 2149 3251 33
2172 3215 2348 3249 τοσοῦτον
2370 3228 2429 3250 om.
2445 3226 2466 3252 ε’
2486 3213 2502 3263 Ι

278 3263 386 3308 τιανῇ
408 3274 449 3296 τε
473 3263 591 3303 ῙᾺΒς]
615 3261 833 3306 κομητιανήν
853 3276 893 3297 τε
918 3263 1007 3297 ML²
1024 3262 1036 3307 ΙΙ
1059 3263 1353 3308 προςαγορευομέ-
1421 3264 1465 3297 35
1488 3258 1668 3309 1““ἱι’παρχοι
1691 3261 1803 3295 ΜΖιΒ
1821 3261 1834 3306 ΙΙ
1855 3262 1898 3296 36
1923 3258 2154 3301 ἐνδοξότατοι
2176 3261 2208 3295 L

278 3321 346 3349 νην
367 3308 414 3340 M
421 3308 433 3348 Ι]
455 3310 493 3341 17
518 3308 729 3353 κομιζομένη
751 3309 796 3349 Β]
821 3310 1058 3352 κομιζομένην
1082 3308 1203 3350 Μὶι(ς)
1221 3310 1234 3349 ΙΙ
1249 3316 1355 3363 στρα-
1422 3322 2493 3357 ———————-———·-

279 3353 357 3384 τιᾶς
381 3353 416 3385 Β
432 3352 444 3394 ΙΙ
468 3355 505 3386 18
531 3353 609 3385 ἔστι
632 3353 668 3385 Β
685 3352 698 3395 ΙΙ
725 3355 784 3385 καὶ
806 3350 894 3396 αὕτη
920 3355 951 3387 L
970 3353 982 3396 ΙΙ
1008 3356 1049 3387 20
1073 3348 1162 3386 ἀλλά
1183 3354 1245 3385 καὶ
1263 3350 1355 3393 αυτὴ
1467 3353 1489 3384 4
1510 3353 1719 3393 pagatianem
1746 3351 1782 3385 V
1798 3351 1811 3395 ss
1839 3354 1858 3386 5
1884 3351 1982 3393 frigio
2004 3351 2081 3384 libri
2102 3349 2116 3395 ΙΙ
2145 3352 2163 3383 7
2188 3350 2236 3383 Et
2258 3362 2317 3383 om.
2340 3349 2373 3383 T
2392 3348 2406 3394 ΙΙ
2429 3349 2499 3382 his-

280 3398 347 3438 Bc]
371 3393 450 3430 ἄλλ’
466 3393 556 3439 αὗτῆ
581 3398 692 3430 addito
706 3411 732 3430 s.
745 3410 773 3430 v.
788 3401 848 3430 καὶ
861 3399 905 3432 Μ
924 3395 1003 3432 ἀλλ’
1018 3394 1109 3440 αὐτὴ
1130 3398 1161 3432 L
1177 3397 1191 3441 ΙΙ
1208 3398 1246 3431 21
1275 3396 1353 3443 *γε]
1420 3405 1578 3428 aurorum
1598 3397 1662 3430 VT
1674 3396 1687 3440 ΙΙ
1702 3396 1830 3438 agimus
1843 3395 1969 3440 ⁰m·Vss
1986 3397 2006 3431 8
2028 3396 2099 3438 qui]
2114 3395 2197 3438 quid
2217 3395 2269 3428 V‘
2283 3393 2296 3438 11
2320 3395 2357 3428 13
2378 3393 2502 3438 ipsa-ml

278 3453 317 3473 τε
332 3442 441 3474 MLB
461 3441 472 3486 ΙΙ
489 3444 531 3475 22
545 3441 669 3486 νόμον]
685 3455 754 3476 nov.
765 3443 858 3477 VIII
868 3442 880 3487 ΙΙ
900 3445 942 3478 23
957 3440 1047 3486 aim}
1060 3444 1117 3484 Μ]
1131 3438 1233 3485 αὐτῷ’
1245 3441 1282 3475 Β
1294 3437 1354 3475 αὖ·
1420 3440 1566 3482 ipsarum
1587 3441 1618 3473 V
1630 3441 1778 3484 ipsorum
1793 3442 1876 3475 Tal.
1893 3440 1907 3485 ΙΙ
1927 3442 1967 3476 16
1986 3440 2210 3484 probatorium
2224 3440 2302 3473 libri
2316 3437 2330 3484 Ι
2349 3442 2387 3474 17
2402 3439 2495 3480 haec]

279 3488 351 3518 τοῖς
364 3487 395 3518 L
410 3488 465 3529 (cf.
480 3489 526 3519 ad
537 3489 568 3528 ς)
585 3491 596 3529 ΙΙ
615 3486 734 3533 οἶςπερ
750 3490 809 3520 καὶ
825 3486 943 3522 αὐτοῖς
958 3478 1034 3522 τοῖέ
1043 3488 1092 3522 L²
1106 3487 1119 3532 ΙΙ
1138 3489 1182 3522 24
1201 3497 1353 3522 anema·
1421 3485 1484 3517 hoo
1507 3485 1584 3518 libri
1597 3485 1609 3528 η
1630 3487 1670 3519 18
1694 3486 1912 3529 peouniorum
1932 3485 1990 3530 Vn
2010 3487 2048 3519 19
2073 3485 2142 3529 ipse
2153 3484 2247 3528 puris
2258 3484 2368 3517 utitur
2387 3485 2465 3518 libri

280 3528 406 3572 βιλιόις
432 3533 489 3571 Μ]
513 3530 763 3576 περιβλέπτοις
787 3534 857 3566 LB
874 3534 886 3576 ΙΙ
911 3530 1149 3579 ἐγγράφουσιν
1173 3533 1209 3566 Β
1232 3532 1273 3578 ἐγ
1295 3527 1354 3578 ρά-
1422 3531 1464 3564 20
1484 3529 1664 3571 mittemus]
1683 3531 1847 3563 mittimus
1861 3531 1894 3564 T
1908 3531 2061 3564 mittetur
2079 3530 2158 3565 Val.
2175 3529 2188 3574 Ι
2207 3531 2245 3564 21
2266 3529 2309 3570 ei]
2323 3529 2370 3562 eis
2389 3526 2469 3562 Val.

281 3584 399 3617 ψομεν
422 3576 470 3607 L²
499 3577 511 3616 ΙΙ
538 3575 682 3621 ἄρχουσι
706 3590 765 3610 om.
787 3579 820 3611 L
850 3577 863 3621 ss
891 3580 951 3611 καὶ
974 3576 1032 3619 τὰ]
1067 3575 1159 3611 κατὰ
1180 3574 1227 3611 τὰ
1264 3577 1298 3610 Δ*
1342 3574 1355 3620 ΙΙ
1421 3575 1464 3608 22
1487 3574 1672 3607 inscribant
1692 3575 1739 3615 V]
1762 3574 1987 3608 inscribebant
2000 3574 2057 3619 Tu
2083 3576 2125 3609 25
2149 3574 2374 3607 introductam
2403 3573 2468 3607 VT

283 3621 322 3651 25
346 3619 461 3651 ταῦτα
485 3617 529 3661 δὴ
548 3618 650 3653 τά-
670 3623 712 3655 26
731 3619 993 3674 ὀνομαζόμενα]
1018 3623 1099 3655 haec
1115 3623 1279 3655 autem—
1293 3631 1354 3654 no-
1420 3618 1520 3652 distet
1542 3619 1621 3652 libri
1647 3619 1660 3660 ΙΙ
1687 3619 1730 3652 29
1752 3619 1835 3651 fient
1857 3620 1942 3662 vulq.
1971 3618 1985 3663 ΙΙ
2015 3620 2059 3654 34
2081 3619 2212 3652 inditiis
2231 3617 2295 3663 Vll
2324 3618 2427 3651 sactu
2449 3618 2483 3651 et

282 3663 407 3695 minata
430 3667 507 3696 sunt
531 3677 550 3700 ς
573 3665 586 3708 ΙΙ
610 3663 656 3698 τὰ
679 3664 846 3709 μανδατα
871 3678 1056 3713 πρινκιπις
1078 3668 1169 3709 Lm]
1197 3664 1244 3699 τὰ
1263 3679 1353 3711 μαν-
1420 3664 1508 3697 facta
1531 3666 1579 3697 est
1606 3662 1663 3708 Vll
1696 3664 1737 3697 37
1763 3665 1796 3695 et
1818 3665 2020 3705 praetorum]
2044 3665 2078 3697 et
2100 3677 2158 3699 om.
2181 3663 2260 3707 V⁸fl
2291 3665 2333 3698 38
2356 3664 2447 3696 huno
2468 3661 2500 3695 V
