2592 3840
259 81 370 126 Nov.
398 81 539 126 XLIX
570 84 588 124 1

262 197 324 228 καὶ
348 192 440 228 κατὰ
463 197 588 238 κυρίαν
609 191 840 234 εἶςελθοῦσιν,
865 189 906 225 οὗ
926 189 998 235 μὴν
1017 191 1073 224 ἔτι
1091 189 1159 234 τὴν
1177 187 1340 237 ἀγωνίαν

262 238 487 274 ὑπειςελθεῖν
511 237 747 282 βουλομένοις,
773 236 795 279 ἢ
817 239 878 269 καὶ
901 237 941 270 ἐν
962 238 1082 280 μέσοις
1104 238 1178 270 τοῖς
1200 233 1340 283 ἀγῶσιν

263 281 522 320 ἀπολείπουσιν
546 281 669 326 αὐτήν,
703 284 763 316 καὶ
787 279 848 315 διὰ
869 282 977 315 τοῦτο
1001 281 1140 328 σμικρῷ
1162 292 1238 315 τινι
1259 280 1340 316 τοὺς

263 327 493 371 νενικηκότας
515 327 746 363 ἐλαττοῦντες
769 326 1044 371 στοχασαίμεθα
1067 322 1113 360 ἂν
1135 324 1253 360 καλῶς
1275 327 1340 360 τοῦ

264 373 509 420 προςήκοντος.
543 370 752 418 βουλόμεθα
774 370 843 418 γὰρ
866 372 932 405 τὸν
950 369 1182 418 κρατήσαντα
1205 372 1266 416 τῆς
1289 369 1338 405 δί-

264 431 341 462 κης,
372 421 404 453 εἰ
433 416 598 464 βούλοιτο
628 420 704 451 ταῖς
732 414 778 451 ἀλ
802 417 921 450 θείαις
943 416 1156 463 κυρωθῆναι
1183 414 1251 459 τὴν
1273 419 1340 463 ψῆ-

265 478 346 510 φον,
370 462 432 498 οὐκ
456 464 495 504 ἐξ
517 460 710 508 ἐπιδρομῆς
733 460 773 495 οὗ
799 464 816 495 ἐ
840 463 878 495 ἐκ
904 459 1034 508 χρόνου
1056 459 1163 504 τινός,
1192 458 1273 496 ἀλλ’
1301 461 1340 502 ἐξ

266 506 372 552 αὐτῆς
395 511 455 552 τῆς
475 510 552 543 τῶν
570 505 795 554 πραγμάτων
818 504 991 550 ἀληθείας
1013 509 1073 540 καὶ
1093 501 1339 550 ἇπολιμπανο-

265 557 373 598 μένου
395 556 459 588 τοῦ
482 553 548 596 τὴν
571 555 697 598 ἔφεσιν
720 549 945 586 ἐπιδιδόντος
969 550 1141 586 εἰςελθεῖν
1170 555 1229 585 καὶ
1254 549 1340 586 αὐτὸ

1335 74 1416 123 290

1844 89 1904 120 nn
1931 88 2006 121 1=11s
2035 88 2113 128 Qm
2141 78 2479 123 mensnmm‘un

1410 190 1489 225 dem
1513 192 1548 224 et
1568 199 1634 234 per
1657 188 1802 225 fatalem
1822 187 2079 234 ingrediuntur,
2103 197 2176 223 non
2191 190 2310 224 tamen
2328 187 2478 225 ulterius

1408 234 1702 271 examinationem
1732 234 1852 270 subire
1881 234 2019 277 volunt,
2055 236 2119 269 aut
2151 233 2257 268 etiam
2290 233 2328 268 in
2354 233 2479 270 mediis

1409 280 1661 316 certaminibus
1684 280 1887 324 relinquunt
1908 288 2006 321 eam,
2065 281 2229 323 ropterea
2259 288 2367 324 parvo
2413 289 2478 315 uo-

1408 326 1489 361 dam
1519 325 1671 361 victores
1702 325 1901 360 minuentes
1934 323 2034 360 consi
2058 323 2234 359 orabimus
2270 324 2360 359 bene
2403 325 2480 359 orte

1375 374 1393 405 5
1408 370 1502 415 quod
1525 370 1636 406 decet.
1678 370 1852 406 Volumus
1878 369 2008 405 etenim
2030 379 2111 404 eum
2133 368 2194 413 qui
2216 368 2301 404 vicit
2323 377 2480 412 causam,

1408 416 1438 451 si
1458 416 1610 451 voluerit
1640 426 1706 460 pro
1738 415 1888 450 veritate
1920 413 2056 449 firmari
2086 413 2313 456 sententiam,
2343 423 2418 449 non
2436 422 2482 448 ex

1409 460 1709 496 circumventione
1732 470 1799 496 nec
1822 470 1867 495 ex
1885 462 2044 504 tempore
2067 458 2230 504 quodam,
2254 458 2318 494 sed
2340 469 2385 494 ex
2402 457 2482 504 ipsa

1407 515 1525 541 rerum
1545 506 1694 541 veritate
1716 506 1823 541 etiam
1850 505 2035 540 deserente
2058 513 2100 539 eo
2124 503 2184 548 qui
2209 503 2482 549 appellationem

1407 550 1538 595 optulit
1569 550 1706 594 ingredi
1737 554 1772 586 et
1804 551 1875 586 hoc
1902 551 2019 595 ipsum
2048 558 2222 584 accusare
2253 551 2291 584 et
2313 557 2482 594 quaerere

266 601 380 654 τοῦτο’
396 598 615 653 μέμτψοξσθαὶι
638 600 698 651 καὶ
721 598 871 651 ζητῆσαι
898 595 964 631 τὸν
987 593 1340 641 άπολιμπανόμενον,
1357 599 1395 631 ῙΟ
1409 596 1642 637 desertorem,
1675 599 1711 631 et
1741 596 1813 631 sive
1843 595 2000 631 invenire
2030 604 2109 630 eum
2139 593 2290 630 valuerit
2319 593 2393 629 sive
2422 593 2483 628 ille

266 647 325 678 καὶ
345 646 415 678 εἰτε
432 657 547 689 ευρειν
568 656 681 676 αυτον
700 643 876 685 ἰσχυσειεν
895 642 966 676 εἴτε
986 643 1116 675 ἐκεῖνος
1137 640 1178 675 οὗ
1200 645 1340 688 φανείη,

265 689 311 724 τὰ
342 690 468 723 ἑαυτοῦ
501 686 621 722 δίκαια
653 690 775 733 φέρειν
804 687 851 721 εἰς
879 689 1001 731 μέσον,
1034 684 1171 730 δηλαδὴ
1199 688 1260 730 τῆς
1291 685 1341 721 δι-

267 738 362 768 ετίας
391 736 621 777 ἐνισταμένης
642 736 707 775 ἔτι,
739 731 827 779 πρὸς
856 733 911 776 τῷ
934 735 1064 776 πέρατι
1086 735 1221 777 μέντοι,
1253 728 1341 766 ὤςτε

266 782 330 813 ἕνα
361 778 468 822 τυχὸν
490 777 811 822 ὖπολιμπάνεσθαι
842 779 895 821 τῷ
920 777 1108 831 πράγματρ
1130 778 1245 822 μῆνα·
1281 780 1341 811 καὶ

1409 651 1482 676 ιιοιι
1501 643 1686 685 appareat,
1708 650 1792 676 suas
1812 640 2043 684 allegationes
2066 639 2241 675 deducere
2256 638 2303 674 ad
2317 638 2482 680 medium,

1434 685 1543 730 uippe
1563 685 1706 721 biennio
1727 686 1894 728 instante,
1916 685 1962 721 ad
1981 684 2088 720 finem
2104 686 2235 726 tamen,
2259 684 2312 719 ita
2330 687 2373 719 ut
2390 694 2483 719 unus

1424 734 1500 766 orte
1524 730 1680 775 supersit
1702 731 1843 775 negotio
1867 730 2016 774 mensis;
2047 731 2082 765 et
2105 730 2135 766 si
2158 729 2300 774 quidem
2323 727 2485 774 superior

1409 775 1626 829 apparuerit,
1658 776 1795 811 firmam
1818 785 1896 811 esse
1919 775 2147 816 sententiam,
2179 775 2211 810 si
2233 784 2315 810 vero
2338 773 2485 810 inferior

266 826 297 858 εἰ
319 826 386 868 μὲν
409 822 610 868 εὖδοκιμων
633 826 926 878 φανείη,,κυρίαν
948 823 1041 857 εἶναι
1064 836 1130 865 την
1153 834 1286 877 φηφον,
1311 823 1341 856 εἰ
1358 825 1394 856 15
1410 831 1507 856 elrca
1533 821 1745 863 certamina,
1778 821 1883 856 etiam
1907 830 1950 856 eo
1976 820 2035 865 qui
2058 819 2331 865 appellationem
2355 818 2485 864 optulit

267 868 307 903 δὲ
329 868 513 904 ἐλαττοῖτο
545 871 628 914 περὶ
659 879 741 902 τους
767 869 927 915 αγῶνας,
957 871 1017 901 καὶ
1040 869 1104 902 τοῦ
1127 881 1195 911 την
1217 870 1342 913 ἔφεσιν

265 913 452 949 ἐπιδόντος
480 917 540 947 καὶ
575 912 668 947 κατὰ
699 917 826 960 κυρίαν
860 911 1124 956 εἰςεληλυθότος
1155 914 1205 955 μὴ
1240 924 1341 956 προς-

265 958 469 1006 εδρεύοντος
500 958 542 993 τὸ
574 960 723 1005 πρᾶγμα
753 957 821 1001 τὴν
852 959 891 992 ἐκ
921 959 985 992 τοῦ
1009 956 1147 992 δικαίου
1169 956 1341 1000 δέχεσθαι

265 1006 400 1060 ψῇφον.
442 1006 577 1038 ἐκείνου
596 1002 707 1057 μόνον
724 1003 1008 1057 προςτιθεμένου
1030 1005 1094 1037 τοῦ
1118 1001 1186 1037 κᾶν
1208 1004 1239 1037 εἰ
1258 1016 1340 1049 κρα-

1410 870 1446 902 et
1475 866 1621 901 fatalem
1651 866 1833 909 ingressus
1864 870 1920 901 est
1950 875 2023 901 non
2046 865 2257 900 observante
2285 874 2404 900 causav
2424 873 2484 899 su-

1410 911 1539 956 scipiat
1569 921 1614 946 ex
1644 911 1722 946 iure
1746 911 1946 946 decretum:
1981 910 2043 945 illo
2070 908 2314 945 tantummodo
2344 908 2485 944 adiecto

1409 960 1467 1000 ut,
1499 957 1572 991 sive
1606 956 1767 1001 optineat
1799 966 1945 991 causam
1975 955 2007 990 is
2043 955 2103 1000 qui
2134 954 2241 989 etiam
2270 953 2371 999 prIus
2401 953 2487 989 vicit

1409 1002 1482 1037 sive
1506 1001 1603 1036 circa
1626 1011 1705 1036 eam
1732 1001 1848 1036 minor
1876 1001 2087 1043 inveniatur,
2119 1009 2293 1044 expensas
2316 999 2350 1034 ei
2370 998 2486 1034 modis

265 1062 384 1093 τησειε
412 1051 479 1103 γῆς
514 1047 609 1093 δίκης
639 1063 659 1083 0
691 1052 751 1082 καὶ
783 1061 961 1102 πρότερον
987 1047 1179 1091 νενικηκὼς
1213 1045 1280 1082 κᾶν
1310 1049 1342 1081 εἰ
1355 1048 1396 1081 20
1409 1046 1572 1082 omnibus
1595 1050 1679 1091 post
1697 1045 1947 1091 appellationis
1971 1046 2170 1090 ingressum
2193 1044 2309 1080 factas
2325 1043 2486 1080 desertor

265 1098 348 1141 περὶ
380 1094 492 1137 αυτὴν
523 1093 765 1137 ἐλαττωθείη,
801 1105 864 1128 τας
888 1093 1051 1129 δαπάνας
1075 1091 1173 1136 αὐτῷ
1195 1092 1341 1128 πάντως

265 1144 343 1174 τῶν
375 1139 467 1183 μετὰ
500 1139 568 1183 τὴν
603 1142 728 1185 ἔφεσιν
763 1137 909 1174 εἰςόδων
943 1138 1010 1173 τὸν
1039 1135 1342 1183 ἀπολελειμμένον

266 1184 402 1219 δοῦναι.
445 1186 517 1220 εἴτε
538 1183 605 1231 γὰρ
636 1183 822 1230 κρατήσειε
853 1185 914 1228 τῆς
944 1182 1043 1227 δίκης
1072 1181 1250 1229 προφάσει
1281 1185 1342 1226 τῆς

266 1228 444 1274 δαπάνης,
479 1228 564 1264 κατ’
600 1227 687 1264 αὐτὸ
716 1230 823 1264 τοῦτο
852 1226 944 1263 καθ’
971 1226 991 1263 ὅ
1012 1242 1048 1263 τι
1076 1232 1260 1272 νενίκηκεν
1284 1226 1342 1274 ὀρ-

1408 1093 1578 1136 praestet.
1634 1092 1715 1127 Sive
1745 1101 1898 1136 namque
1929 1092 2091 1136 optineat
2121 1100 2267 1126 causam
2298 1088 2487 1125 occasione

1410 1147 1658 1181 expensarum,
1682 1136 1876 1172 secundum
1895 1136 1966 1172 hoc
1988 1136 2106 1181 ipsum
2130 1135 2225 1180 quod
2247 1133 2355 1170 etiam
2377 1133 2488 1170 vincit

1411 1184 1509 1217 recte
1531 1182 1662 1217 iustum
1687 1186 1741 1217 est
1762 1182 1868 1217 etiam
1888 1191 2064 1226 expensas
2084 1180 2258 1225 accipere,
2281 1179 2355 1215 sive
2371 1178 2488 1214 minor

1411 1227 1622 1271 inveniatur,
1655 1237 1696 1262 eo
1721 1227 1816 1272 quod
1839 1226 1980 1262 omnino
2010 1226 2070 1261 ille
2093 1225 2250 1261 deseruit
2281 1227 2317 1260 et
2341 1223 2488 1268 contigit

267 1276 358 1318 θῶς,
383 1274 518 1310 δίκαιος
538 1272 584 1309 ἂν
602 1276 655 1318 εἴη
679 1278 739 1308 καὶ
758 1273 824 1318 τὴν
843 1272 1012 1318 δαπάνην
1033 1273 1169 1318 λαβεῖν,
1194 1274 1265 1307 εἴτε
1284 1276 1343 1308 καὶ
1357 1274 1398 1306 25
1412 1283 1491 1308 eum
1509 1272 1615 1307 etiam
1632 1273 1850 1308 deserentem
1865 1272 2016 1316 vincere,
2037 1281 2211 1323 expensas
2227 1270 2368 1315 quidem
2381 1279 2486 1315 prae·

268 1320 510 1363 ἐλαττωθείη,
550 1319 644 1354 διότι
675 1333 743 1367 περ
767 1317 858 1354 ὅλως
888 1322 1018 1354 ἐκεῖνος
1045 1317 1252 1365 ἀπελείφθη
1284 1321 1344 1352 καὶ

265 1370 412 1413 γέγονεν
432 1362 531 1409 αὐτῷ
548 1370 609 1399 καὶ
624 1362 915 1409 ἀπολελειμμένα)
936 1366 1090 1408 νικῆσαι,
1113 1363 1176 1398 τὰς
1195 1366 1262 1408 μὲν
1283 1361 1343 1397 δα-

267 1409 384 1446 πάνας
412 1411 665 1454 κατατιθέτω,
696 1411 758 1453 τῆς
788 1409 910 1456 ’ψήφου
942 1408 983 1444 δὲ
1012 1407 1218 1445 ἀπολαύσας
1240 1406 1343 1455 χάριν

266 1458 357 1491 ἴστω
382 1458 436 1499 τῷ
455 1456 535 1499 θεῷ
560 1459 618 1489 καὶ
642 1457 695 1499 τῷ
717 1452 872 1510 παρόντι
896 1452 997 1510 νόμῳ
1021 1451 1117 1489 οὕτω
1140 1453 1183 1489 τὸ
1204 1452 1344 1488 δίκαιον

1412 1320 1499 1360 stet,
1535 1318 1712 1353 sententia
1747 1328 1830 1353 vero
1867 1317 2010 1352 fruatur
2042 1319 2175 1362 gratias
2275 1325 2319 1350 ns
2352 1314 2419 1350 deo
2451 1315 2489 1350 et

1411 1363 1591 1407 praesenti
1625 1363 1694 1407 legi
1722 1363 1774 1398 ita
1796 1362 1968 1398 iustitiam
2001 1362 2069 1398 sibi
2094 1362 2251 1398 servanti
2273 1362 2310 1396 et
2330 1362 2487 1395 tantum-

1411 1408 1515 1443 modo
1538 1408 1575 1443 in
1598 1418 1771 1453 expensas
1796 1406 2050 1451 damnificanti,
2081 1405 2210 1452 quibus
2234 1416 2307 1442 non
2327 1405 2397 1447 lex,
2424 1403 2488 1439 sed

1411 1453 1489 1498 ipse
1508 1453 1580 1499 (se)
1603 1454 1734 1489 absens
1760 1452 2010 1489 damnificavit.
2047 1452 2086 1488 Si
2103 1461 2186 1487 vero
2210 1453 2337 1487 neuter
2360 1459 2486 1486 occur-

268 1499 367 1546 αὐτῷ
399 1500 596 1554 φυλάξαντι
630 1504 693 1555 καὶ,
720 1513 814 1545 μονη
851 1502 1076 1555 ζημιὶωσιξντι
1111 1501 1156 1547 τῇ
1186 1497 1342 1546 δαπάνῃ,
1357 1499 1398 1532 30
1411 1498 1517 1542 reris„
1549 1509 1665 1544 neque
1694 1499 1808 1534 victor
1839 1508 1954 1544 neque
1981 1498 2115 1540 victus,
2147 1497 2207 1541 qui
2230 1495 2337 1532 etiam
2359 1505 2486 1530 secun-

266 1547 359 1594 ᾑπερ
381 1544 446 1588 οὐχ
469 1560 488 1579 ο
504 1558 626 1590 νομος,
651 1545 756 1580 αυτὸς
779 1535 819 1580 δὲ
837 1546 967 1580 ἑαυτον
995 1559 1102 1580 απων
1133 1547 1342 1589 ἐζημίωσεν.

267 1593 313 1626 Εἰ
344 1595 468 1636 μέντοι
502 1589 692 1636 μηδέτερος
722 1588 950 1634 ἀπαντήσειε,
979 1589 1069 1635 μήτε
1101 1589 1120 1624 ὁ
1151 1588 1344 1633 νενικηκώς

266 1637 356 1682 μήτε
385 1634 404 1670 ὁ
427 1640 668 1680 νενικημένος,
701 1633 738 1670 ὅς
759 1650 800 1683 γε
823 1640 883 1670 καὶ
909 1635 1001 1670 κατὰ
1021 1639 1148 1680 κυρίαν
1171 1633 1343 1669 eigel-&cina

266 1683 346 1717 εἶτα
379 1679 602 1727 ἀπελείφθη,
637 1679 659 1724 ἡ
725 1682 812 1727 ἢφος
848 1682 912 1715 τοῦ
946 1681 1171 1723 νενικηκότος
1203 1683 1342 1724 μενέτω

268 1731 383 1772 κυρία.
418 1725 571 1761 πάντων
593 1727 670 1760 τῶν
790 1727 807 1735 ”

267 1775 485 1819 γραμμένων
515 1771 640 1816 νόμων
670 1775 804 1815 κυρίων
833 1770 964 1813 ὄντων,
996 1771 1073 1805 τῶν
1104 1784 1144 1805 τε
1174 1773 1235 1805 ἐπὶ
1265 1772 1343 1805 ταῖς

268 1818 510 1862 προθεσμίαις
528 1818 606 1851 τῶν
626 1830 666 1850 τε
685 1815 814 1852 ἄλλων.
851 1817 981 1851 τοῦτον
998 1815 1066 1863 γὰρ
1086 1814 1131 1859 δὴ
1145 1815 1212 1851 τὸν
1229 1813 1343 1860 νόμον

269 1863 386 1908 ῥητῶς
415 1864 476 1897 ἐπὶ
506 1865 579 1896 τοῖς
606 1860 697 1906 μετὰ
726 1861 793 1905 τὴν
822 1859 956 1896 εἴςοδον
984 1861 1050 1905 τὴν
1082 1863 1141 1896 ἐπὶ
1172 1863 1217 1908 τῇ
1240 1864 1344 1907 κυρίᾳ

1412 1544 1495 1579 dum
1530 1543 1676 1579 fatalem
1711 1545 1893 1588 ingressus
1931 1547 2057 1589 postea
2096 1541 2269 1584 deseruit,
2311 1539 2488 1576 sententia

1414 1589 1558 1624 victoris
1582 1593 1724 1624 maneat
1743 1590 1856 1632 firma,
1881 1589 2044 1625 omnibus
2067 1587 2212 1632 reliquis
2237 1596 2345 1631 super
2363 1585 2487 1630 appel-

1411 1633 1604 1670 lationibus
1636 1635 1778 1679 scriptis
1801 1634 1939 1678 legibus
1962 1633 2106 1679 (firmis)
2136 1631 2372 1668 existentibus
2392 1635 2429 1665 et
2450 1630 2488 1665 in

1411 1679 1536 1723 spatiis
1559 1682 1757 1724 temporum
1781 1681 1817 1715 et
1839 1679 1876 1714 in
1899 1679 1988 1714 aliis.
2025 1678 2129 1714 Hanc
2153 1678 2246 1713 enim
2268 1677 2381 1721 legem
2405 1685 2486 1720 spe-

732 1740 830 1761 ιπων
848 1727 926 1761 τῶν
946 1727 1007 1760 ἐπὶ
1030 1729 1107 1760 ταῖς
1126 1728 1269 1771 ἐφέσεσι
1288 1738 1342 1772 γε·
1356 1725 1398 1758 35
1412 1724 1549 1759 cialiter
1578 1735 1687 1770 super
1709 1725 1765 1760 his
1796 1725 1857 1769 qui
1878 1727 1960 1770 post
1982 1724 2179 1768 ingressum
2207 1721 2328 1758 fatalis
2350 1719 2486 1756 factum

1411 1769 1579 1805 deserunt
1600 1769 1785 1814 ponimus,
1819 1770 1906 1805 nihil
1937 1770 2086 1805 aliarum
2113 1768 2230 1813 legum
2262 1770 2328 1802 aut
2349 1770 2486 1811 tempo-

1411 1825 1490 1850 rum
1513 1815 1808 1860 appellativorum
1831 1824 1944 1860 neque
1967 1815 2182 1860 perimentes
2205 1822 2321 1858 neque
2343 1821 2486 1856 permu-

1411 1862 1546 1904 tantes,
1575 1860 1698 1896 firmas
1728 1860 1837 1905 igitur
1864 1870 1926 1896 eas
1958 1860 2065 1896 etiam
2096 1869 2161 1904 per
2190 1859 2286 1894 hanc
2312 1858 2487 1902 ponentes

265 1910 463 1954 γενομένην
483 1904 792 1951 ἀπολελειμμένοις
811 1907 974 1951 τίθεμεν,
998 1904 1102 1941 οὐδὲν
1125 1907 1202 1941 τῶν
1223 1904 1345 1940 ἄλλων
1411 1906 1535 1951 legem.

267 1953 394 1997 νόμων
409 1951 432 1996 ἢ
446 1952 588 1998 χρόνων
607 1953 685 1986 τῶν
705 1953 881 2010 εφετέκῶν
904 1951 986 1986 οὔτε
1006 1949 1237 1998 ἀναιροῦντες
1260 1949 1342 1985 οὔτε
1354 1953 1397 1985 40

267 1997 485 2043 ἀμείβοντες,
516 2001 652 2045 κυρίους
673 2011 741 2040 μεν
760 2011 825 2031 ουν
847 1995 973 2032 αὐτοὺς
997 2000 1056 2031 καὶ
1080 1995 1138 2031 διοὶ
1162 1995 1268 2031 τοῦδε
1290 2009 1342 2030 τι-

267 2047 289 2080 1
336 2044 464 2078 θέντες
491 2044 555 2078 τοῦ
583 2042 705 2086 νόμου.
764 2040 917 2077 Κάκεῖνο
947 2046 1071 2086 μέντοι
1101 2055 1131 2077 π
1153 2040 1345 2088 οςδιορίσα-

268 2090 363 2124 σθαι
387 2087 498 2123 καλὸν
521 2084 610 2123 ὥςτε
632 2089 664 2121 εἰ
685 2089 752 2133 μὲν
775 2087 811 2121 οἱ
832 2087 1052 2131 νενικηκότες
1080 2055 1255 2134 sagonam)
1278 2084 1345 2129 ἤδη

1413 2043 1435 2077 1
1481 2041 1574 2076 Illud
1598 2050 1739 2086 quoque
1759 2039 1994 2075 determinare
2017 2039 2191 2084 optimum
2211 2041 2276 2082 est,
2301 2038 2333 2074 si
2350 2037 2490 2084 quidem

1412 2086 1566 2121 victores
1602 2086 1750 2130 contigit
1784 2085 1856 2120 iam
1891 2085 2102 2120 sententiam
2140 2083 2336 2130 promereri
2367 2083 2490 2119 firmas

272 2146 2490 2159 ΝΜ

243 2170 248 2175 λ
269 2179 410 2226 quidem
440 2179 712 2225 interponerent
742 2182 775 2213 et
802 2177 915 2223 fatali
938 2176 996 2212 die
1019 2184 1272 2228 comparerent
1301 2186 1366 2211 nee
1397 2186 1480 2211 vero
1512 2182 1690 2210 certamen
1714 2174 1849 2210 diutius
1874 2174 1994 2209 subire
2016 2173 2156 2216 vellent,
2188 2173 2244 2209 vel
2262 2173 2368 2208 etiam
2392 2172 2430 2208 id
2450 2173 2489 2207 in

268 2224 385 2260 media
409 2224 469 2259 lite
489 2223 704 2265 desererent,
722 2227 925 2270 propterea
948 2222 1055 2257 etiam
1074 2224 1229 2256 mctores
1251 2219 1420 2256 nonnihil
1439 2219 1682 2256 deminuentes
1706 2220 1792 2255 bene
1815 2218 1856 2254 id
1900 2218 1973 2254 uod
1990 2217 2093 2254 decet
2109 2217 2337 2254 sectabimur.
2381 2217 2490 2253 Volu-

268 2280 346 2305 mus
369 2270 462 2304 enim
485 2279 565 2304 eum
596 2269 661 2314 qui
689 2279 836 2303 causam
866 2267 1076 2309 obtinuerit,
1108 2266 1141 2301 si
1169 2277 1209 2301 re
1238 2277 1324 2302 vera
1355 2265 1567 2317 confirmari
1594 2264 1806 2300 sententiam
1829 2275 1870 2300 ve
1885 2264 1932 2307 it,
1964 2274 2038 2299 non
2066 2274 2116 2300 ex
2137 2264 2185 2298 im
2213 2266 2272 2299 etu
2301 2273 2418 2309 neque
2440 2273 2491 2299 σω

270 2315 442 2361 temporis
463 2314 586 2360 spatio
610 2313 748 2360 elapso,
777 2313 843 2348 sed
864 2324 914 2348 ex
937 2313 1019 2359 ipsa
1042 2322 1163 2347 rerum
1187 2312 1347 2353 veritate,
1378 2317 1486 2346 etiam
1516 2310 1549 2345 si
1564 2314 1719 2356 praesto
1748 2320 1822 2345 non
1845 2310 1895 2345 sit
1923 2309 1956 2344 is
1986 2308 2049 2361 qui
2078 2319 2175 2356 appe
2189 2309 2359 2344 lationem
2381 2308 2490 2344 inter-

262 2360 402 2407 posuit,
426 2360 566 2394 intrare
590 2363 698 2404 atque
720 2358 761 2393 id
782 2359 900 2405 ipsum
923 2368 1080 2404 arquere
1102 2361 1139 2392 et
1159 2356 1377 2392 desertorem
1402 2366 1589 2402 quaerere,
1618 2358 1654 2391 et
1676 2356 1750 2390 sive
1772 2366 1852 2390 eum
1874 2354 2035 2390 invenire
2050 2355 2218 2401 potuerit
2238 2355 2312 2395 sive
2333 2352 2395 2389 ille
2416 2363 2491 2389 non

269 2410 459 2452 appareat,
484 2404 720 2450 alleqationes
742 2415 829 2439 suas
851 2403 890 2438 in
913 2403 1065 2438 medium
1082 2401 1433 2456 proferre,'seilicet
1454 2400 1608 2436 durante
1631 2401 1738 2436 etiam
1762 2400 1915 2442 biennio,
1940 2399 2039 2435 circa
2057 2399 2168 2445 finem
2191 2402 2308 2435 tamen
2327 2398 2415 2442 eius,
2437 2398 2491 2435 ita

270 2457 308 2485 ut
332 2461 425 2485 unus
453 2450 617 2495 fortasse
646 2449 776 2484 mensis
797 2448 957 2495 supersit
978 2453 1145 2494 neqotzo:
1180 2451 1216 2482 et
1237 2446 1413 2493 siquidem
1441 2446 1571 2482 bonam
1595 2456 1741 2480 eausam
1772 2444 1904 2480 babere
1926 2444 2103 2487 videatur,
2134 2444 2347 2480 sententiam
2369 2447 2490 2480 ratam

269 2507 356 2536 esse,
388 2496 423 2529 si
443 2505 526 2530 vero
549 2494 708 2539 inferior
738 2494 787 2529 sit
808 2494 847 2528 in
872 2493 944 2535 lite,
976 2493 1139 2539 quamvis
1169 2492 1233 2538 qui
1256 2504 1278 2527 a
1299 2491 1536 2539 pellationem
1558 2491 1654 2526 inter
1682 2491 1779 2526 osuit
1808 2494 1843 2526 et
1862 2489 1977 2537 fatali
2008 2488 2066 2525 die
2088 2488 2317 2525 introductus
2337 2493 2394 2524 est
2414 2499 2490 2524 non

267 2545 483 2586 perseveret,
515 2549 662 2574 causam
684 2539 861 2574 sententia
889 2538 963 2575 iuri
986 2548 1151 2584 conqrua
1174 2503 1312 2579 decidi}
1345 2536 1410 2572 illo
1436 2540 1633 2572 tantummo
1661 2546 1683 2570 o
1712 2535 1853 2571 adiecto
1877 2539 1928 2577 ut,
1960 2534 2035 2570 sive
2058 2545 2205 2570 causam
2235 2533 2398 2570 obtineat
2426 2533 2491 2580 qui

268 2586 373 2631 prius
396 2595 540 2630 quoque
562 2584 698 2619 vicerat
718 2584 791 2620 sive
813 2584 852 2618 in
876 2595 919 2619 ea
938 2583 1097 2629 inferior
1121 2582 1295 2626 discedat,
1324 2583 1507 2635 impensas
1531 2581 1677 2617 omnino
1701 2591 1833 2616 causae
1854 2579 2081 2632 introductae
2091 2583 2190 2632 post
2210 2578 2490 2626 appellationem

270 2630 433 2665 desertor
464 2630 497 2663 ei
520 2633 698 2675 praestet.
754 2628 836 2664 Sive
866 2629 959 2664 enim
990 2639 1137 2663 eausam
1169 2627 1325 2663 obtinuit
1354 2637 1598 2674 impensarum
1628 2637 1761 2668 eausa,
1791 2624 1985 2661 seeundum
2015 2624 2057 2660 td
2084 2635 2203 2671 ipsum
2233 2623 2334 2670 quod
2360 2623 2489 2659 merito

272 2675 364 2711 vicit,
389 2675 488 2709 decet
511 2685 588 2709 eum
612 2674 719 2708 etiam
735 2674 916 2719 impensas
938 2673 1113 2720 accipere,
1135 2673 1209 2708 sive
1230 2674 1268 2707 in
1290 2673 1389 2708 erior
1412 2672 1546 2715 extitit,
1570 2671 1742 2717 quoniam
1766 2670 1860 2707 alter
1883 2670 2027 2706 omnino
2050 2669 2172 2716 abfuit
2191 2669 2295 2715 eique
2313 2667 2404 2704 adeo
2427 2667 2489 2704 ab·

270 2720 363 2754 senti
387 2719 527 2754 vincere
550 2719 712 2771 commit,
736 2719 829 2753 idem
852 2719 1035 2770 impensas
1057 2718 1200 2764 quidem
1222 2673 1352 2761 solbat,

1383 2717 1560 2753 sententia
1584 2721 1702 2753 autem
1718 2716 1864 2763 potitus
1886 2715 1952 2751 deo
1976 2719 2013 2750 et
2030 2714 2217 2762 praesenti
2239 2713 2314 2760 leqi
2332 2713 2489 2760 qratiam

271 2765 413 2806 babeat,
437 2775 530 2809 quae
552 2763 605 2798 ita
629 2764 661 2798 ei
685 2774 741 2798 ms
765 2763 975 2798 custodierit
998 2767 1107 2809 atque
1129 2763 1211 2799 sola
1234 2764 1397 2809 impensa
1419 2773 1500 2798 eum
1523 2762 1738 2804 multaverit,
1763 2772 1838 2807 qua
1860 2759 2002 2807 quidem
2025 2770 2099 2795 non
2123 2759 2198 2802 lex,
2228 2758 2294 2795 sed
2314 2759 2393 2806 ipse
2412 2768 2490 2794 sese

271 2809 398 2844 absens
421 2808 594 2843 multavit.
649 2806 786 2850 Quodsi
809 2813 934 2844 neuter
957 2812 1178 2855 compareat,
1209 2819 1324 2854 neque
1347 2807 1464 2843 victor
1494 2818 1610 2888 mgue
1632 2807 1758 2850 victus,
1793 2806 1857 2852 qui
1879 2804 2021 2852 quidem
2042 2804 2156 2851 fatali
2179 2803 2238 2840 die
2259 2802 2490 2839 introductus

271 2854 399 2889 deinde
422 2858 572 2899 praesto
604 2864 678 2887 non
698 2854 825 2897 fuerit,
856 2853 1032 2888 sententia
1055 2853 1190 2889 victrix
1213 2858 1297 2889 rata
1320 2856 1475 2888 maneat.

1558 2856 1679 2887 eterae
1708 2856 1826 2887 autem
1858 2860 1980 2886 omnes
2003 2861 2097 2896 quae
2119 2848 2164 2885 de
2185 2848 2491 2896 appellationibus

270 2899 430 2950 scriptae
458 2903 542 2933 sunt
571 2897 667 2943 leqes
695 2898 824 2942 firmae
853 2899 944 2940 sint,
976 2903 1011 2933 et
1033 2909 1127 2943 quae
1157 2898 1207 2933 ad
1231 2903 1395 2945 tempora
1427 2897 1713 2977 appellationum
1742 2900 1778 2932 et
1800 2907 1894 2942 quae
1924 2894 1975 2931 ad
1997 2894 2139 2941 reliqua
2161 2897 2335 2946 spectant.
2382 2891 2490 2944 Hane

271 2955 364 2980 emm
388 2944 501 2989 leqem
525 2941 658 2977 diserte
681 2943 724 2977 de
746 2943 791 2977 iis
813 2943 967 2987 ferimus
991 2943 1054 2989 qui
1105 2948 1161 2978 ost
1184 2954 1331 2978 eausam
1360 2943 1446 2989 fata

271 3000 380 3035 quam
410 2999 460 3024 ex
486 2988 613 3023 ceteris
644 2987 782 3033 leqibus
811 2994 874 3022 aut
907 2988 1059 3035 tempori
1082 2999 1125 3022 us
1156 2988 1444 3035 appellationum
1475 2987 1532 3023 vel
1561 2987 1780 3034 abroqamus
1809 2998 1830 3023 v

272 3038 292 3070 1
338 3033 431 3069 hanc
455 3043 598 3078 quoque
615 3043 686 3078 per
710 3033 821 3078 leqem
841 3032 1032 3068 reddimus.

328 3127 349 3159 2
372 3121 598 3158 ὑπειςελθεῖν
623 3123 679 3163 Μ]
715 3120 890 3156 ὑπελθεῖν
922 3121 1111 3163 (ιπελθεῖν
1136 3125 1198 3165 La)
1232 3125 1300 3156 LI}
1336 3123 1348 3167 Η

272 3174 292 3206 3
304 3167 562 3204 ἀπολείπουσιν
576 3168 702 3201 MLBs
701 3170 731 3207 ς]
758 3165 999 3201 ἀπολιποῦσιν
1013 3168 1063 3199 13⁰
1072 3169 1143 3201 Ecl.
1166 3168 1178 3211 ss
1201 3170 1260 3200 καὶ
1278 3181 1315 3201 ez
1328 3181 1347 3204 ς

272 3218 335 3250 del.
348 3216 536 3249 Zachariae
552 3213 565 3252 ΙΙ
581 3211 697 3257 μικρῷ
720 3214 770 3246 B⁶
788 3213 800 3255 ΙΙ
823 3214 843 3245 4
865 3223 928 3245 στο
952 3211 1119 3254 ασόμεθα
1139 3214 1187 3245 B⁶
1205 3214 1217 3255 ΙΙ
1241 3216 1260 3246 5
1280 3211 1348 3254 τὴν

272 3259 375 3303 δίκην
399 3260 450 3293 Bc
484 3258 529 3306 τῇ
553 3256 634 3304 δίκῃ
658 3258 730 3291 Εοί.
764 3257 777 3301 ΙΙ
815 3259 835 3289 9
860 3225 1048 3290 έπιέόντος
1071 3258 1144 3290 Ecl.
1179 3257 1192 3301 ΙΙ
1234 3259 1273 3291 12
1303 3256 1347 3290 τὰ

271 3305 351 3348 (τὴν
364 3305 426 3345 L2)
446 3304 572 3337 ἑαυτοῦ
594 3301 666 3336 διΨ
681 3303 713 3336 L
735 3303 814 3344 (τὴν
836 3301 963 3334 ἑαυτοῦ
983 3298 1087 3343 δίκην
1106 3302 1312 3343 Ηαίοαηᾱεν)
1336 3302 1348 3346 ΙΙ

275 3356 314 3385 13
339 3351 394 3384 ἔτι
418 3363 475 3383 om.
491 3362 510 3386 ς
525 3349 537 3393 ΙΙ
566 3351 606 3389 1„4
629 3343 951 3390 ἀπολιμπάνεσθαι
965 3347 1035 3379 Ecl.
1053 3345 1065 3390 ΙΙ
1092 3349 1134 3380 20
1158 3344 1225 3388 τὴν
1245 3344 1348 3388 δίκην

272 3398 322 3431 B⁶
336 3398 395 3437 (id.
410 3397 464 3436 23)
479 3394 492 3439 ΙΙ
519 3396 558 3428 21
582 3390 734 3427 πάντων
748 3393 798 3425 B‘
813 3391 826 3436 ss
846 3394 887 3425 22
907 3388 1249 3433 ἀπολιμπανόμενον
1263 3392 1313 3424 Bc
1336 3391 1348 3431 ΙΙ

271 3444 314 3475 24
331 3437 423 3474 καθ’
447 3437 535 3473 αὐτὸ
554 3440 585 3472 L
598 3439 669 3472 Ecl.
688 3438 700 3481 ΙΙ
718 3439 816 3480 24sq.
836 3434 960 3482 ὀρθῶς
980 3438 1038 3467 καὶ
1057 3433 1201 3468 δικαίως
1221 3432 1312 3477 dag-L
1337 3437 1346 3477 Ι“

272 3489 314 3520 29
338 3485 391 3528 τῷ
413 3485 506 3527 θεῷ]
532 3484 613 3526 θεῷ
629 3485 701 3517 Ecl.
719 3483 732 3527 ΙΙ
754 3484 814 3515 καὶ
836 3482 902 3524 τῷ]
928 3481 981 3523 τῷ
1007 3494 1065 3514 om.
1079 3481 1130 3513 13⁶
1153 3480 1165 3524 ΙΙ
1189 3483 1228 3514 31
1255 3479 1346 3525 ῂπερ

272 3532 355 3571 13⁶3]
373 3530 472 3574 εἴπερ
488 3529 690 3563 MLBrEcl.
709 3532 722 3573 ΙΙ
744 3529 785 3562 32
798 3529 866 3571 μέν
880 3539 916 3560 τι
931 3527 962 3559 L
980 3525 992 3569 ΙΙ
1016 3527 1058 3559 35
1071 3526 1247 3577 ἐφέσεσινλ
1254 3527 1346 3571 ἐγγε-

271 3577 488 3621 γραμμένων
503 3576 535 3608 L
553 3575 564 3616 ss
582 3576 624 3609 36
646 3586 684 3608 τε
704 3587 761 3608 om.
777 3574 826 3606 L‘¹
845 3572 857 3616 ΙΙ
881 3573 922 3606 38
942 3571 987 3617 τῇ
1012 3583 1068 3604 om.
1084 3571 1116 3604 L
1131 3570 1144 3615 Ι]
1162 3572 1205 3604 40
1226 3583 1247 3612 η
1268 3583 1288 3611 χ
1312 3568 1346 3603 ό-

272 3607 349 3654 νὲυν
374 3634 431 3654 om.
446 3621 497 3653 13⁶
524 3620 536 3664 ΙΙ
567 3622 605 3653 41
621 3634 668 3662 sq.
695 3621 830 3663 κυρίους
853 3637 895 3641 —
919 3612 1031 3660 νόμου
1056 3629 1113 3650 om.
1134 3616 1206 3650 Ecl.
1241 3615 1254 3658 ΙΙ
1289 3583 1347 3648 διὰ

274 3678 332 3700 om.
347 3665 398 3698 L·
421 3665 433 3708 ΙΙ
462 3666 504 3698 43
530 3665 572 3705 εἰ]
596 3663 632 3697 οἱ
657 3666 705 3698 La
731 3664 743 3707 11
770 3660 807 3696 οἱ
823 3675 880 3697 om.
896 3662 970 3696 Ecl.

1497 2942 1555 2978 die
1575 2941 1818 2978 introductam
1840 2943 1994 3021 praesto
2017 2950 2092 2975 non
2113 2939 2272 2991 fuerint,
2303 2949 2369 2974 nee
2391 2946 2490 2984 quio·
2551 2950 2553 2954 ⁴

1830 2998 1850 3022 e
1891 2988 2132 3027 immutamus,
2162 2994 2268 3019 immo
2297 2986 2402 3019 ratas
2428 2990 2490 3019 eas

1110 3033 1238 3068 Verum
1261 3032 1354 3068 illud
1371 3043 1516 3079 quoque
1532 3036 1729 3079 praeterea
1752 3031 1969 3068 constituere
1991 3034 2116 3077 aptum
2135 3032 2199 3072 est,
2226 3031 2269 3064 ut
2289 3028 2323 3064 si
2347 3026 2490 3074 quidem

1461 3127 1479 3156 3
1505 3124 1646 3165 quodam
1666 3134 1771 3166 paruo
1791 3124 1824 3155 -R
1850 3122 1855 3166 Ι
1877 3124 1898 3156 4
1918 3119 2225 3153 *considerauimus
2243 3118 2345 3161 librifl
2371 3120 2392 3152 5
2411 3117 2488 3150 nin-

1414 3169 1460 3201 cit
1481 3169 1551 3202 VT
1564 3169 1577 3212 ΙΙ
1601 3171 1621 3203 9
1638 3168 1756 3201 intulit
1773 3166 1822 3200 Εὖ

1414 3214 1513 3246 etiam
1526 3214 1561 3247 R
1578 3214 1591 3258 11
1617 3216 1658 3248 15
1677 3213 1869 3253 certamina]
1895 3214 2060 3244 certamen
2077 3212 2187 3242 tamen

1413 3260 1499 3302 only.
1520 3259 1532 3301 ΙΙ
1555 3261 1597 3293 18
1622 3259 1674 3291 his
1697 3259 1756 3300 qui
1782 3258 1879 3291 etiam
1900 3257 1935 3290 V
1952 3255 2051 3288 etiam
2073 3254 2102 3287 is
2125 3254 2183 3296 qui
2206 3253 2255 3286 R·
2279 3251 2293 3297 ΙΙ
2320 3254 2363 3287 20
2385 3252 2488 3286 factu

1415 3305 1463 3336 bis
1485 3316 1547 3336 scr.
1570 3304 1619 3337 V¹
1633 3302 1646 3348 ΙΙ
1673 3305 1711 3338 21
1739 3302 1942 3337 occasionem
1962 3301 1996 3333 V
2014 3298 2027 3344 ΙΙ
2050 3301 2093 3333 22
2116 3298 2308 3339 secundum]
2331 3299 2381 3331 set
2402 3295 2451 3331 13¹
2470 3294 2485 3340 ΙΙ

2209 3209 2269 3252 Vll
2298 3209 2338 3242 16
2357 3217 2488 3241 caueam

1414 3350 1458 3382 24
1482 3349 1618 3382 omnino
1637 3349 1708 3390 ille]
1732 3348 1790 3381 ille
1811 3347 1946 3380 omnino
1968 3343 2057 3389 VT„
2080 3343 2246 3386 contingit
2266 3342 2322 3386 Vll
2347 3343 2390 3376 26
2412 3350 2486 3383 gra-
2550 3335 2554 3365 ¹·

1414 3392 1502 3425 tians
1523 3394 1574 3426 V⁰
1603 3393 1615 3438 ss
1643 3395 1685 3428 28
1709 3394 1746 3426 in
1770 3393 1876 3427 om.R
1902 3390 1915 3435 ΙΙ
1949 3392 1991 3425 29
2015 3400 2048 3422 se
2073 3402 2131 3423 om.
2157 3389 2248 3430 libri,
2275 3394 2353 3431 post
2374 3386 2488 3419 absens

1415 3439 1491 3470 add.
1505 3440 1590 3482 vuly.
1615 3438 1628 3482 ΙΙ
1655 3439 1755 3472 abens
1776 3438 1810 3472 V
1831 3437 1844 3481 ΙΙ
1873 3439 1914 3471 30
1935 3436 2101 3469 uictorum
2122 3434 2156 3467 V
2179 3433 2192 3477 Ε
2219 3434 2262 3468 33
2281 3431 2386 3465 firmis
2410 3430 2486 3464 add.

1414 3482 1647 3568 ιΟἱὲεέι-ιξνὲρρεη
1665 3484 1679 3528 [l
1702 3485 1745 3518 36
1764 3483 1909 3517 desei-int
1927 3479 1983 3525 ῘῙΙΙ
2007 3481 2050 3514 38
2071 3479 2183 3520 etiam]
2208 3480 2241 3512 et
2260 3477 2318 3522 Vll
2341 3478 2385 3511 43
2407 3484 2485 3508 oon-

1847 3168 1853 3211 Ι
1881 3168 1920 3200 14
1931 3179 1980 3209 sq.
1997 3166 2085 3198 circa
2100 3164 2282 3203 certamina
2297 3163 2436 3196 inferior
2449 3172 2488 3196 eo
2547 3174 2549 3179 ·
