2592 3840
229 84 335 129 Nov.
365 85 501 128 LXIV
534 89 567 128 1.
599 87 625 127 2
1299 79 1521 144 33377-*‚
2071 83 2131 125 'DE
2158 91 2443 127 Hom-omme

230 196 322 230 εἶναι
346 195 406 231 τὰς
429 195 564 238 κτήσεις
588 193 647 230 διὰ
670 194 737 237 τὴν
761 196 837 228 τῶν
862 192 1168 238 ἐκλαμβανόντων
1192 205 1302 235 πονη-
1372 193 1571 229 sessoribus
1594 193 1736 229 inutiles
1760 202 1838 229 esse
1866 203 1952 228 usus
1976 196 2124 239 propter
2144 204 2263 229 eorum
2287 193 2346 239 qui
2365 204 2440 230 sor-

231 246 314 287 ρίαν
338 254 377 275 τε
407 243 466 274 καὶ
490 238 704 283 ἀπληστίαν.
755 237 812 273 διὰ
837 240 952 273 ταῦτα
982 242 1106 272 τοίνυν
1128 236 1303 281 ἀθροίσας
1371 239 1509 273 tiuntur
1545 238 1738 284 nequitiam
1779 241 1816 274 et
1854 238 2049 273 avaritiam.
2104 238 2300 291 Propterea
2335 238 2442 283 igitur

231 285 359 320 αὐτοὺς
381 284 501 331 ὁριεῖς,
532 289 591 319 καὶ
615 284 655 319 οὐ
679 283 915 329 συγχωρήσεις
939 281 1110 329 ἐπήρειαν
1133 279 1304 338 οὐδεμίαν
1373 294 1591 328 congregans
1621 294 1683 319 eos
1714 283 1966 319 determinabis
1996 287 2032 318 et
2062 294 2135 319 non
2162 294 2256 319 smes
2279 283 2442 319 iniuriam

232 332 440 374 ἐπαχθῆναι
463 334 536 365 τοῖς
558 333 792 374 κεκτημένοις,
817 327 904 362 ἀλλὰ
922 327 1161 371 πανταχόθεν
1178 327 1304 363 αυτοὺς
1373 329 1482 364 ullam
1502 329 1625 364 inferri
1648 328 1925 374 possessoribus,
1953 328 2016 364 sed
2039 328 2195 374 undique
2216 339 2277 364 eos
2300 329 2443 364 illaesos

231 375 400 421 ἀβλαβεῖς
427 379 487 410 καὶ
518 374 684 420 ἀζημίους
714 372 949 419 διαφυλάξειε.
997 371 1207 417 βουλόμεθα
1236 373 1303 421 γὰρ
1342 374 1624 418 5ἰηᾱοωηθςᾳιιο
1644 374 1813 410 servabis.
1861 373 2033 409 Volumus
2057 373 2151 410 enim
2175 383 2323 419 aequam
2345 384 2442 409 men-

233 425 272 456 έν
295 422 361 465 ἴσῳ
386 422 440 464 τῷ
463 424 582 467 μέτρῳ
614 423 674 453 καὶ
705 418 750 453 τὰ
775 417 871 465 παρὰ
902 419 980 452 τῶν
1003 416 1194 454 δεσποτῶν
1217 418 1305 464 πρὸς
1374 429 1493 454 suram
1517 422 1554 454 et
1576 429 1599 454 8.
1621 419 1771 455 dominis
1795 418 1875 465 (ad)
1892 418 2104 454 hortulanos
2127 424 2163 454 et
2183 419 2228 454 ab
2246 418 2444 454 hortulanis

231 466 311 500 τοὺς
331 467 527 512 κηπουρους
549 468 608 499 καὶ
628 464 676 498 τὰ
692 462 792 509 παρὰ
811 465 889 498 τῶν
904 465 1096 510 κηπουρῶν
1120 462 1207 510 πρὸς
1225 463 1306 498 τοὺς
1372 464 1419 499 ad
1451 463 1611 500 dominos
1644 464 1737 507 fieri,
1769 475 1811 500 eo
1867 463 1938 499 uod
1968 464 2121 509 undique
2152 464 2256 500 nobis
2282 463 2444 508 aequitas

233 510 409 546 δεσπότας
431 511 618 558 γίνεσθαι,
652 508 745 544 διότι
769 508 1006 551 πανταχόθεν
1033 506 1118 553 ἡμῖν
1142 509 1305 553 ἰσότητος
1375 519 1483 544 curae
1507 510 1555 545 sit
1577 514 1615 545 et
1637 514 1678 545 ut
1701 514 1830 545 neutra
1843 476 2016 545 (iaedatur
2040 519 2136 554 pars.

232 555 328 601 μέλει
351 559 409 591 καὶ
433 557 496 590 τοῦ
520 554 715 600 μηδέτερον
739 551 948 588 ἀδικεῖσθαι
969 557 1083 601 μέρος.

1230 668 1388 704 CAPUT
1418 667 1464 702 11.

284 739 328 771 Εἰ
353 736 394 771 δέ
418 740 461 783 γε’
487 748 540 771 τις
570 738 637 783 γῆν
667 739 794 783 χέρσον
819 735 954 780 έκδοίη,
987 736 1006 771 ὁ
1039 734 1079 770 δὲ
1110 735 1223 779 αὐτὴν
1255 736 1306 776 έξ-
1324 739 1365 770 10
1437 734 1473 770 Si
1503 744 1586 770 vero
1616 734 1743 779 aliquis
1773 735 1945 771 incultam
1975 737 2107 771 terram
2135 735 2265 780 tradat,
2287 735 2360 782 (at)
2388 735 2449 771 ille

232 779 438 827 ημερώσειε,
463 781 528 816 τὸν
545 779 635 828 ὑπὲρ
658 783 720 825 τῆς
743 780 995 826 ἐξημερώσεως
1017 782 1233 826 κομίζεσθαι
1253 796 1309 824 μι-
1379 790 1457 815 eam
1476 780 1581 823 colat,
1626 790 1667 815 ro
1684 780 1824 815 cultura
1840 780 2015 826 percipiat
2028 781 2225 817 mercedem
2241 783 2278 817 et
2294 781 2447 817 existen-

232 827 330 862 σθὸν
350 831 409 861 καὶ
430 826 496 869 τὴν
515 828 579 861 τοῦ
597 826 700 861 ὄντος
723 828 763 861 ἐν
788 824 888 871 αὐτῷ
912 824 1066 870 λαχάνου
1088 825 1306 871 διατίμησιν,
1377 826 1422 860 tis
1446 825 1484 860 in
1508 834 1551 860 eo
1575 835 1596 860 0
1612 825 1681 860 eris
1705 825 2001 869 aestimationem,
2025 831 2061 861 et
2080 827 2131 861 ita
2150 826 2227 862 sine
2248 826 2311 862 lite
2333 826 2446 862 disce·

232 869 328 906 οίὲτιυ
352 886 391 906 τε
416 871 657 918 ἀπραγμόνως
681 869 894 920 ἀναχωρεῖν,
944 870 1088 916 ηδεμιᾶς
1109 870 1309 915 ἀπληστίας
1378 870 1450 912 dat,
1477 870 1576 906 nulla
1595 870 1744 905 avaritia
1763 881 1878 915 neque
1896 871 2050 916 maligna
2069 874 2147 907 arte
2166 882 2234 907 nec
2253 882 2360 916 super
2379 871 2449 907 hoc

231 917 321 961 μηδὲ
352 920 675 964 κεκακουργημένης
705 920 829 961 τέχνης
857 886 949 961 μηδιὲ
977 920 1037 952 ἐπὶ
1069 916 1188 960 τούτῳ
1215 929 1308 964 γινο-
1377 915 1562 957 facienda,
1598 915 1767 960 quatinus
1817 926 1855 951 er
1877 916 1971 951 hanc
2002 926 2139 952 sacram
2162 920 2321 952 nostram
2343 926 2448 961 prag-

231 967 353 1005 μενης,
389 964 449 996 ἴνα
485 961 545 996 διὰ
575 960 681 996 τοῦδε
711 960 817 1006 ἡμῶν
844 964 908 997 τοῦ
932 963 1036 996 θείου
1059 964 1308 1009 πραγματικοῦ
1325 965 1364 996 15
1377 961 1544 996 maticam
1575 961 1687 1005 legem
1718 964 1755 996 et
1802 965 1943 996 uturam
1973 972 2081 1006 super
2111 971 2154 996 ea
2182 961 2449 1007 dispositionem

232 1008 341 1052 νόμου
362 1010 420 1041 καὶ
439 1008 501 1050 τῆς
519 1009 688 1051 ἐσομένης
712 1006 775 1042 ἐπ’
799 1007 898 1053 αὐτῷ
922 1006 1181 1043 διατυπώσεως
1209 1006 1307 1051 παρὰ
1378 1017 1443 1051 per
1458 1010 1557 1041 tuam
1582 1005 1826 1041 celsitudinem
1849 1006 1892 1041 de
1914 1010 2032 1042 cetero
2055 1016 2260 1042 maneamus
2283 1017 2348 1052 pro
2368 1006 2449 1042 tali-

231 1055 291 1096 τῆς
326 1054 387 1095 σῆς
421 1053 591 1098 Ιι’*πέροχῆς
625 1054 690 1087 τοῦ
726 1052 852 1088 λοιποῦ
884 1057 1074 1098 μείναιμεν
1107 1050 1196 1098 ὑπὲρ
1231 1053 1309 1086 τῶν
1378 1052 1446 1098 bus
1477 1062 1549 1087 non
1572 1051 1813 1096 inquietandi,
1847 1054 1884 1087 et
1913 1062 1986 1087 non
2015 1052 2124 1087 etiam
2149 1051 2295 1097 reliquis
2318 1052 2450 1087 nostris

231 1097 409 1133 τοιούτων
433 1096 673 1140 ανενόχλητοι,
698 1101 757 1132 καὶ
775 1097 825 1143 μὴ
840 1101 918 1133 ταῖς
937 1097 1077 1132 λοιπαῖς
1096 1094 1199 1142 ἡμῶν
1219 1095 1309 1143 ὑπὲρ
1378 1108 1443 1142 pro
1465 1096 1648 1142 republica
1673 1096 1768 1132 curis
1791 1097 1882 1134 tales
1906 1096 2079 1141 quaedam
2103 1097 2255 1133 subeant
2278 1097 2449 1133 sollicitu-

232 1146 292 1187 τῆς
318 1143 499 1178 πολιτείας
524 1147 694 1189 φροντίσι
725 1147 785 1177 καὶ
816 1145 985 1178 τοιαῦταί
1006 1154 1099 1177 τινες
1123 1141 1311 1177 ὑπειςίοιεν
1378 1143 1490 1183 dines,
1517 1152 1559 1178 eo
1584 1141 1678 1187 quod
1702 1152 1775 1178 non
1795 1152 1908 1187 parva
1931 1152 2003 1178 non
2091 1141 2171 1178 ndis
2194 1152 2280 1187 pars
2307 1145 2451 1178 nostrae

232 1187 435 1235 φροντίδες,
461 1187 624 1232 διότιπερ
648 1187 733 1232 ἡμῖν
757 1186 797 1222 οὐ
820 1188 948 1235 μικρὸν
971 1186 1011 1222 οὗ
1034 1191 1125 1235 μέγα
1146 1189 1215 1231 τῆς·
1230 1184 1307 1231 ἡμε-
1324 1190 1366 1223 20
1379 1187 1596 1233 reipublicae
1636 1187 1772 1232 absque
1815 1191 1941 1233 nostra
1977 1198 2018 1223 so
2047 1187 2216 1223 'citudine
2252 1191 2325 1230 est,
2367 1186 2452 1223 dum

231 1239 334 1279 τέρας
355 1232 536 1268 πολιτείας
552 1237 656 1278 μέρος
679 1234 750 1274 ἔξω
770 1238 940 1278 μερίμνης
964 1234 1167 1276 καθέστηκε
1187 1231 1310 1267 πάντα
1380 1235 1512 1269 cuncta
1545 1233 1803 1268 circumeamus
1834 1232 1963 1268 mentis
1994 1233 2107 1269 oculis
2140 1236 2177 1268 et
2207 1232 2297 1268 nihil
2318 1232 2453 1269 incom-

232 1280 485 1325 περινοστοῦσι
514 1282 587 1313 τοῖς
616 1280 676 1322 τῆς
700 1277 862 1314 διανοίας
885 1276 1090 1325 ὀφθαλμοῖς
1120 1281 1182 1312 καὶ
1205 1275 1311 1312 οὐδὲν
1379 1278 1546 1324 positum,
1573 1277 1662 1314 nihil
1685 1278 1924 1314 inordinatum
1947 1288 2062 1324 neque
2086 1278 2232 1314 dubium
2253 1277 2453 1323 relinquere

232 1324 436 1370 ἀκόσμητον
467 1322 551 1358 οὐδὲ
574 1323 732 1358 ἄτακτον
763 1322 847 1358 οὐδὲ
870 1321 1210 1370 ἀμφισβητούμενον
1236 1320 1310 1357 δια·
1378 1323 1538 1359 velimus.
1586 1323 1837 1359 Interminabis
1858 1327 1978 1359 autem
2001 1323 2107 1359 etiam
2123 1333 2275 1369 poenam
2298 1323 2454 1369 quinque

231 1374 352 1413 με’νειν
375 1368 614 1414 βουλομένοις.
659 1366 875 1412 Ἀπειλήσεις
898 1367 939 1403 δὲ
970 1371 1030 1403 καὶ
1053 1367 1184 1411 ποινὴν
1208 1369 1310 1414 quin·
1379 1369 1552 1404 librarum
1574 1368 1654 1404 auri
1679 1373 1806 1404 contra
1830 1379 1890 1404 eos
1921 1369 1983 1414 qui
2009 1368 2054 1404 de
2077 1373 2195 1405 cetero
2226 1369 2298 1404 tale
2321 1367 2452 1414 aliquid

232 1427 302 1460 que
326 1416 496 1450 librarum
520 1415 600 1449 auri
636 1414 728 1449 κατὰ
759 1416 837 1449 τῶν
868 1415 933 1449 τοῦ
956 1413 1083 1449 λοιποῦ
1107 1412 1249 1449 τοιοῦτό
1274 1427 1310 1448 τι
1324 1417 1365 1450 25
1379 1414 1515 1460 egerint
1537 1417 1601 1449 aut
1624 1414 1682 1459 agi
1705 1414 1941 1460 permiserint.

232 1460 475 1507 πραττόντων
503 1456 524 1502 ἢ
547 1458 780 1506 πράττεσθαι
805 1473 924 1507 συγχω
948 1457 1101 1494 ούντων.
1776 1460 1779 1463 ’

279 1506 359 1541 Dat.
374 1517 451 1540 xlv.
473 1507 508 1540 k.
528 1505 633 1540 Febr.
659 1505 726 1541 GP.
747 1505 829 1551 imp.
853 1506 913 1541 dn.
953 1505 1125 1542 ustiniani
1143 1515 1203 1550 pp.
1218 1505 1309 1549 Aug.
1424 1505 1505 1540 Dat.
1516 1514 1578 1540 xv.
1593 1504 1665 1540 kal.
1676 1503 2085 1550 Feb.00nstantinopoli
2097 1503 2181 1549 imp.
2195 1503 2252 1539 dn.
2268 1502 2454 1539 Iustiniani

232 1562 314 1588 ann.
335 1551 399 1587 XI.
426 1550 582 1587 Iohanne
605 1562 636 1587 v.
654 1561 684 1586 c.
711 1561 810 1586 cons.
1280 1552 1326 1592 [a.
1342 1553 1419 1594 538]
1466 1560 1527 1596 pp.
1541 1551 1632 1594 Aug.
1646 1549 1757 1596 (anno
1770 1549 1839 1595 XI>
1850 1550 2010 1586 Iohanne
2021 1561 2054 1586 v.
2070 1560 2101 1585 c.
2118 1548 2275 1586 consule.

288 1656 361 1688 cap.
373 1643 417 1677 Il
438 1645 481 1676 ιἠ.
505 1648 561 1684 (-
581 1639 787 1685 διατίμησιν
802 1643 858 1683 12)
881 1650 970 1676 extat
990 1645 1024 1677 in
1048 1643 1084 1676 B
1097 1643 1118 1676 l.
1130 1655 1158 1676 c.

232 1799 377 1840 soz-ibus
398 1797 562 1835 volumus
584 1797 732 1834 inutiles
753 1808 831 1833 esse
850 1798 1101 1844 possessiones
1116 1802 1277 1844 propter
1300 1796 1562 1833 conductorum
1585 1796 1763 1833 malitiam
1794 1801 1831 1833 et
1853 1796 2069 1834 aviditatem.
2118 1796 2322 1844 Propterea
2344 1798 2458 1846 ἱρέων

233 1846 317 1880 illos
339 1845 378 1879 in
401 1855 511 1879 unum
535 1854 670 1890 conqre
697 1847 779 1879 atos
803 1843 1001 1884 coercebis,
1033 1853 1148 1889 neque
1183 1842 1294 1878 ullam
1324 1842 1496 1878 iniuriam
1527 1843 1665 1888 inferri
1685 1842 1961 1889 possessoribus
1986 1842 2159 1890 patieris,
2190 1842 2255 1879 sed
2283 1844 2328 1880 ab
2360 1844 2458 1880 omni

227 1896 339 1938 parte
361 1900 422 1925 eos
444 1889 592 1925 illaesos
614 1854 867 1934 indimnesque
886 1887 1050 1924 tueberis.
1095 1887 1268 1923 Volumus
1290 1888 1383 1925 enim
1406 1888 1445 1923 in
1464 1887 1611 1934 aequali
1633 1898 1802 1923 mensura
1825 1898 1902 1923 esse
1919 1895 1956 1923 et
1999 1899 2068 1923 uae
2086 1899 2109 1923 a
2125 1887 2280 1924 dominis
2302 1888 2352 1924 ad
2373 1889 2457 1925 kor-

235 1936 380 1971 tulanos
400 1940 436 1970 et
481 1945 551 1969 uae
575 1933 619 1970 ab
644 1933 849 1970 hortulanis
872 1933 921 1968 ad
943 1932 1110 1968 dominos
1131 1932 1300 1975 redeunt,
1335 1933 1507 1979 quoniam
1536 1932 1695 1979 undique
1717 1932 1822 1968 nobis
1845 1944 1964 1979 aequa
1977 1937 2050 1969 itas
2072 1943 2184 1970 curae
2203 1938 2259 1969 est
2288 1938 2398 1981 atque
2418 1934 2459 1970 id

233 1983 350 2028 ipsum
374 1991 419 2015 ne
441 1946 620 2016 aiter-utra
638 1989 733 2025 pars
754 1978 890 2014 iniuria
914 1978 1114 2025 afficiatur.
2262 2012 2268 2018 ,

368 2026 414 2061 II.
462 2025 600 2068 Quodsi
632 2025 713 2070 quis
749 2029 882 2059 terram
913 2024 1086 2059 incultam
1118 2023 1310 2066 locaverit,
1348 2023 1442 2059 alter
1474 2028 1594 2059 autem
1624 2034 1702 2059 eam
1733 2022 1954 2065 excoluerit,
1985 2022 2180 2059 mercedem
2210 2035 2281 2070 pro
2313 2023 2458 2061 cultura

233 2072 385 2118 auferat
407 2075 443 2106 et
465 2070 749 2106 aestimationem
780 2068 890 2104 oletis
920 2068 1021 2115 quod
1051 2070 1089 2104 in
1113 2080 1155 2105 eo
1187 2069 1267 2104 loco
1291 2072 1361 2112 est,
1394 2073 1503 2114 atque
1534 2069 1587 2105 ita
1616 2068 1694 2104 sine
1717 2069 1864 2114 neqotio
1888 2067 2066 2111 discedat,
2095 2079 2141 2104 ne
2163 2066 2233 2105 hac
2255 2068 2398 2116 quidem
2419 2071 2458 2105 in

233 2129 274 2153 re
297 2117 372 2152 ulla
396 2115 553 2152 avaritia
582 2119 648 2150 aut
670 2114 827 2159 artificio
848 2113 1107 2160 fraudulenter
1129 2114 1341 2167 excogitato
1365 2113 1544 2149 admisso:
1574 2118 1616 2149 ut
1631 2124 1705 2160 per
1726 2112 1821 2150 Itane
1843 2118 2004 2149 nostram
2031 2124 2173 2149 sacram
2189 2115 2459 2161 praqmaticam

234 2164 346 2208 leqem
371 2166 405 2197 et
422 2165 624 2208 praecepta
647 2159 841 2196 secundum
865 2171 944 2196 eam
968 2171 991 2195 a
1011 2163 1074 2194 tua
1092 2159 1310 2195 sublimatate
1330 2159 1505 2204 facienda
1527 2159 1566 2194 in
1580 2163 1770 2206 posterum
1794 2157 1838 2194 de
1857 2158 2031 2194 eiusmodi
2050 2158 2158 2195 rebus
2174 2158 2339 2195 molestia
2356 2159 2459 2196 nulla

234 2207 455 2254 afficiamur,
481 2217 568 2242 neve
590 2205 685 2241 inter
708 2209 846 2240 ceteras
867 2209 1015 2240 nostras
1031 2215 1107 2251 pro
1131 2203 1319 2251 republica
1342 2215 1450 2240 curas
1473 2204 1587 2240 etiam>
1604 2202 1779 2239 eiusmodi
1828 2215 1896 2239 uae
1918 2214 2027 2239 curae
2049 2202 2259 2250 subrepant,
2289 2205 2459 2258 quoniam

234 2253 338 2288 nobis
361 2263 477 2297 neque
498 2262 616 2298 parva
639 2261 755 2297 neque
777 2261 912 2296 maqna
942 2249 1164 2302 reipublicae
1195 2253 1343 2285 nostrae
1363 2260 1455 2296 pars
1478 2249 1554 2285 ulla
1585 2259 1721 2296 expers
1742 2215 1999 2285 sollicitudinis
2021 2252 2083 2291 est,
2114 2249 2178 2295 qui
2203 2260 2324 2286 omma
2347 2250 2460 2286 oculis

235 2298 346 2334 animi
374 2297 636 2344 per-lustremus
670 2307 735 2332 nec
764 2295 956 2376 {unquam
986 2295 1264 2342 meompositum
1300 2299 1365 2330 aut
1394 2294 1643 2331 inordinatum
1678 2297 1744 2330 aut
1773 2293 1981 2341 ambiquum
2009 2305 2154 2330 manere
2181 2294 2339 2331 velimus.
2387 2293 2461 2331 Sed

231 2355 388 2390 poenam
405 2353 549 2388 quoque
568 2343 726 2388 quinque
746 2340 775 2375 Z'
797 2352 921 2376 rarum
946 2341 1030 2376 auri
1049 2340 1244 2377 minaberis
1259 2340 1304 2375 iis
1328 2341 1391 2386 qui
1413 2340 1452 2375 in
1463 2344 1653 2387 posterum
1676 2339 1853 2375 eiusmodi
1876 2338 1965 2386 quid
1980 2344 2095 2385 ayant
2115 2339 2172 2375 vel
2185 2340 2248 2386 aqi
2258 2340 2458 2387 patiantur.

1435 2499 1450 2532 1
1477 2507 1591 2531 eorum
1614 2497 1753 2538 Biener]
1778 2508 1832 2530 eos
1853 2498 1887 2530 V
1906 2497 1919 2541 11
1948 2498 1968 2531 3
1993 2498 2074 2531 sinis
2095 2498 2129 2532 V
2149 2498 2163 2542 ΙΙ
2187 2500 2207 2532 5
2231 2508 2373 2540 nequam
2395 2498 2429 2532 V
2458 2498 2463 2540 Ι

1386 2545 1407 2578 6
1431 2553 1451 2576 a
1474 2542 1629 2583 dominis]
1655 2542 1745 2577 adois
1766 2544 1800 2584 (ι’.
1814 2555 1840 2577 e.
1858 2542 1900 2575 ad
1917 2543 2036 2583 omnis)
2057 2543 2091 2577 V
2108 2543 2121 2587 ΙΙ
2149 2543 2191 2575 ad
2211 2543 2291 2577 add.
2305 2543 2446 2577 Bienor·⁴

1389 2590 1429 2623 10
1446 2587 1610 2621 incultam
1622 2588 1760 2630 Bienor]
1783 2588 1820 2620 in
1843 2587 1975 2620 cultura
1996 2588 2031 2621 V
2050 2587 2064 2631 ΙΙ
2089 2587 2151 2620 *at
2167 2587 2237 2629 ille]
2261 2587 2321 2621 illo
2341 2589 2376 2621 V
2390 2588 2463 2629 (ille

1386 2644 1464 2667 vero
1488 2633 1594 2674 Beck)
1625 2632 1637 2676 ΙΙ
1671 2634 1710 2668 11
1734 2643 1772 2666 oa
1803 2633 1838 2666 V
1861 2633 1873 2675 ΙΙ
1907 2634 1949 2667 14
1973 2633 2123 2666 facienda
2146 2646 2164 2666 r
2219 2632 2359 2666 satiandi
2391 2633 2426 2666 V
2451 2634 2462 2674 Η

294 2506 309 2537 1
333 2500 395 2536 τὰς
418 2499 565 2543 κτήσεις]
590 2511 669 2534 usus
692 2501 728 2542 (ι’.
745 2513 772 2535 ε.
795 2495 946 2544 χρήσεις)
968 2511 989 2537 ς
1010 2499 1025 2556 {l
1054 2501 1074 2534 3
1097 2496 1228 2545 ὁρίσεις
1251 2499 1284 2533 L
1302 2498 1320 2549 fl

238 2550 257 2582 6
282 2549 321 2581 ἐν
346 2547 450 2580 om.L
469 2546 481 2589 ΙΙ
506 2549 547 2580 10
571 2558 611 2591 γε
631 2546 690 2587 M]
715 2558 773 2581 om.
788 2545 859 2578 LB
876 2543 888 2588 ΙΙ
916 2546 956 2579 12
981 2545 1071 2590 αυτῇ
1096 2544 1161 2589 Bu
1188 2547 1229 2579 15
1253 2556 1317 2578 του

239 2593 341 2626 θείου
366 2587 469 2634 ἡμῶν
494 2593 524 2624 L
550 2591 562 2634 ΙΙ
586 2594 628 2625 -17
653 2587 757 2634 ὑπὲρ]
793 2590 882 2624 ἐπει
909 2590 960 2623 L⁰
990 2590 1003 2634 ΙΙ
1036 2591 1076 2624 18
1100 2593 1160 2623 καὶ
1187 2590 1235 2633 μὴ
1260 2591 1318 2631 M]

238 2640 296 2670 καὶ
320 2636 368 2680 μὴ
389 2639 448 2669 καὶ
473 2637 503 2669 L
529 2637 541 2679 ΙΙ
578 2638 617 2670 19
638 2631 835 2669 ὖπεισίοιεν
861 2635 1036 2679 Scrimyer]
1071 2631 1254 2669 ὑπείσοιεν
1278 2635 1326 2668 Μ

238 2682 458 2716 υπεισεῖενίι
483 2679 634 2717 (ὑπίοιεν
648 2681 847 2721 Zachariae)
865 2679 877 2724 ΙΙ
904 2681 944 2715 21
966 2683 1137 2724 μερίμνης
1152 2681 1209 2722 M]
1233 2677 1319 2723 μνὴ-
1386 2678 1510 2711 sacram
1532 2678 1570 2719 V,
1590 2690 1648 2711 om.
1662 2691 1680 2711 r
1702 2678 1715 2720 ΙΙ
1742 2679 1783 2712 15
1804 2688 1842 2711 ea
1866 2677 1973 2719 Beck]
1997 2688 2072 2711 eum
2093 2678 2146 2711 Vr
2212 2678 2253 2712 16
2276 2687 2335 2721 per
2359 2679 2461 2719 tuam]

238 2729 346 2772 nnsL
362 2728 374 2770 11
394 2728 436 2760 23
456 2723 539 2759 οὐδὲ
558 2724 727 2766 ἄτακτον]
750 2724 837 2758 nihil
854 2727 887 2766 (i.
904 2737 930 2758 e.
946 2721 1063 2766 οὗδὲν)
1087 2724 1244 2759 ἄτακτον
1268 2737 1286 2761 ς·
1306 2724 1318 2762 ΙΙ
1387 2728 1420 2756 et
1441 2725 1635 2766 perpetuam
1659 2736 1677 2756 r
1700 2722 1713 2766 ΙΙ
1740 2722 1937 2756 celsitudine
1958 2722 1993 2756 V
2006 2722 2019 2767 ΙΙ
2045 2724 2085 2756 17
2109 2722 2288 2764 inquietati
2301 2722 2429 2756 Bienor
2451 2723 2457 2766 Ι

241 2775 284 2807 24
307 2774 415 2807 πέντε
447 2769 582 2816 λιτρῶν
607 2773 751 2815 χρυσίου
776 2771 807 2803 L
840 2769 853 2813 ΙΙ
881 2771 922 2804 27
948 2781 1021 2803 xur.
1046 2771 1079 2803 k.
1104 2770 1216 2811 Febr]
1248 2766 1318 2814 πρὸ
1389 2769 1430 2803 18
1454 2767 1548 2809 tales]
1579 2767 1656 2800 talis
1679 2770 1727 2801 est
1750 2781 1767 2800 r
1789 2767 1802 2811 ΙΙ
1826 2769 1868 2802 19
1891 2777 1968 2809 para
1991 2779 2049 2801 om.
2070 2767 2106 2801 V
2122 2769 2155 2801 in
2180 2768 2299 2801 lacuna
2322 2767 2343 2801 2
2368 2767 2427 2801 liu.

240 2815 289 2851 ιδ’
306 2813 496 2851 καλάνδων
519 2817 776 2861 Φεβρουαρίων
793 2816 868 2848 ΛιΙι.
889 2825 949 2847 xv.
967 2815 1034 2848 kal.
1051 2815 1148 2849 Febr.
1170 2827 1191 2852 ς
1225 2825 1318 2847 xnn.
1387 2815 1427 2847 21
1455 2815 1575 2846 cuncta
1598 2813 1734 2854 Bicner]
1766 2812 1856 2845 culta
1877 2813 1910 2845 V
1936 2811 2036 2845 cultis
2058 2824 2077 2846 r
2105 2811 2118 2856 ΙΙ
2145 2812 2382 2845 circumeamus
2401 2812 2435 2845 V

239 2864 271 2897 k.
285 2873 361 2904 aug.
377 2863 421 2895 M
440 2863 776 2907 μηνὶ-φεβρουαρίῳ
794 2861 910 2893 Theod.
932 2860 944 2900 ΙΙ
961 2860 1026 2893 ΟΡ.
1044 2861 1122 2903 imp.
1139 2860 1194 2893 dn.
1217 2860 1318 2893 Iusti·
1386 2857 1503 2899 oculis]
1528 2857 1639 2890 odoris
1662 2870 1679 2891 r
1693 2858 1706 2899 ΙΙ
1733 2858 1774 2891 23
1798 2867 1883 2900 pena
1904 2855 1962 2901 Vl}
1984 2858 2025 2891 25
2046 2859 2187 2900 egerunt
2208 2856 2255 2901 νΙΙ
2279 2857 2320 2890 27
2339 2859 2461 2891 subscr.

241 2910 342 2941 niano
373 2918 427 2951 pp.
458 2917 532 2947 aug.
559 2916 635 2938 ann.
660 2905 712 2938 XI
742 2905 899 2938 Iohannn
927 2915 979 2938 uo.
1004 2916 1106 2938 consu.
1133 2905 1176 2939 M
1196 2907 1250 2948 (cst
1276 2906 1319 2946 ς),
1387 2903 1453 2936 dat.
1477 2912 1529 2935 xv.
1562 2902 1630 2935 kal.
1663 2902 1727 2935 feb.
1760 2902 1931 2935 Constant.
1962 2902 2058 2945 impr.
2090 2901 2166 2935 «ἰδῇ.
2192 2901 2272 2935 lust.
2306 2912 2359 2944 pp.
2384 2912 2460 2945 aug.

445 2948 453 2959 ¹
1388 2947 1532 2981 Iohanni
1556 2958 1608 2980 uo.
1632 2947 1757 2980 consul.
1790 2947 1829 2989 V,
1854 2960 1912 2981 om.
1937 2958 1958 2980 r

241 2951 423 2997 βασιλείας
453 2950 700 2984 Ιουστινιανοῦ
724 2948 767 2983 τὸ
792 2947 847 2983 ια’
868 2946 1041 2983 ὑπατείας
1062 2946 1230 2983 Ἰωάννου
1242 2950 1318 2983 Aet.

241 2999 304 3032 τοῦ
330 2996 383 3032 ια’
409 2999 508 3030 ἔτους
539 2996 600 3037 τῆς
622 2993 805 3038 βασιλείας
827 2992 984 3038 ὑπατείᾳ
1006 2991 1172 3030 Ἰωάννου
1198 2996 1319 3029 ΤΙιεοά.

240 3047 374 3086 ῑυαὸεον.
397 3043 464 3075 dat.
490 3052 578 3075 cons.
603 3041 763 3074 Iohannis
786 3038 920 3083 Iulfflm)
