2592 3840
253 83 360 127 Nov.
382 83 582 127 LXXXV
613 87 638 127 3

252 193 312 228 διὰ
336 197 399 230 τοῦ
425 194 604 241 παρόντος
626 196 850 236 θεσπίζομεν
874 191 998 236 νόμου,
1033 191 1124 226 κατὰ
1148 190 1238 236 μηδε
1251 195 1328 226 clav

252 239 362 274 πόλιν
385 238 407 283 ἢ
430 239 554 295 χώραν
578 240 640 282 τῆς
667 236 838 283 ἡμετέρας
869 235 1050 271 πολιτείας
1075 239 1170 279 ἔχειν
1199 206 1329 271 ἄδειαν

252 286 334 319 τοὺς
357 283 504 320 ἰδιωτας
523 282 546 328 ἢ
566 282 691 328 ἕτερόν
709 297 792 316 τινα
811 279 910 317 ὅπλα
933 284 1051 317 ποιεῖν
1069 280 1092 325 ἢ
1110 280 1328 328 πιπράσκειν

252 328 275 373 ἢ
305 328 396 364 καθ’
422 330 564 365 οἱονοῢν
596 327 866 373 ἐμπορεύεσθαι
894 325 1045 372 τρόπον,
1077 325 1167 361 ἀλλὰ
1198 326 1329 372 μόνους

252 376 334 410 τοὺς
365 378 404 409 έν
435 377 512 409 τοῖς
543 373 716 419 φάβριξιν
751 370 1038 417 ἀναφερομένους
1071 373 1190 406 ταῦτα
1220 385 1328 407 κατα-

253 419 439 463 σκευάζειν
470 422 530 453 καὶ
562 419 771 461 εἰςκομίζειν
801 419 848 452 εἰς
879 417 922 451 τὸ
946 416 1054 451 θεῖον
1084 415 1190 461 ἡμῶν
1216 416 1327 462 ἅρμα-

252 468 394 509 μέντον.
441 467 500 498 καὶ
523 465 630 498 τοῦτο
654 463 754 508 παρὰ
785 464 849 506 τῆς
880 463 942 505 σῆς
966 459 1138 506 ὑπεροχῆς
1169 466 1229 496 καὶ
1251 464 1328 496 τῶν

252 510 345 555 μετά
369 522 408 544 σε
433 507 749 555 παραληψομένων
771 508 841 551 τὴν
856 505 968 551 ἀρχὴν
992 506 1244 553 φυλάττεσθαι
1264 507 1328 541 θε-

253 558 439 599 σπίζομεν,
463 552 720 602 ἀφοριζόντων
742 553 844 587 τινὰς
862 554 939 587 τῶν
958 548 1030 587 ὑπὸ
1055 552 1123 596 τὴν
1139 552 1207 596 σὴν
1221 551 1328 597 ὑπερ-

1322 76 1404 126 416

1366 376 1384 407 5
1399 381 1523 407 censes
1555 371 1759 407 referuntur
1791 372 1879 407 haec
1908 371 2086 407 instruere
2117 373 2154 407 et

2245 93 2307 125 nr.
2333 91 2486 139 Annia

1396 193 1619 237 praesentem
1653 190 1834 227 sancimus
1868 190 1998 236 legem,
2033 190 2070 226 in
2099 191 2198 228 nulla
2232 192 2373 228 civitate
2406 194 2470 228 aut

1398 235 1581 280 provincia
1610 240 1755 272 nostrae
1783 236 2002 281 reipublicae
2032 235 2165 272 habere
2193 236 2372 273 licentiam
2419 237 2468 272 ri-

1397 284 1498 317 vatos
1522 283 1586 316 aut
1606 281 1715 316 alium
1740 281 1940 326 quempiam
1963 291 2063 317 arma
2082 281 2202 317 facere
2233 286 2297 317 aut
2318 292 2385 319 ven
2411 292 2470 318 ere

1398 330 1461 361 aut
1481 325 1639 371 quolibet
1661 326 1813 362 mercari
1832 326 1948 368 modo,
1973 326 2035 362 sed
2052 326 2149 362 solos
2190 326 2228 362 ui
2246 327 2340 363 inter
2358 327 2468 363 fabri-

2200 371 2314 407 eferre
2342 373 2389 408 ad
2410 382 2469 408 sa-

1398 426 1498 451 crum
1528 418 1690 454 nostrum
1715 419 1982 452 armamentum.
2029 416 2079 451 Et
2101 416 2169 452 hoc
2196 426 2220 451 a
2241 421 2305 452 tua
2328 417 2470 453 celsitu-

1398 462 1479 497 dine
1510 463 1547 496 et
1577 461 1637 507 qui
1660 466 1744 506 post
1774 465 1810 496 te
1833 461 2056 507 susceperint
2088 462 2266 506 cingulum
2297 462 2470 498 custodiri

1398 506 1587 549 sancimus,
1620 506 1874 552 deputantibus
1898 507 1998 542 vobis
2021 506 2160 552 aliquos
2185 507 2469 550 cartulariorum,

1398 552 1457 595 qui
1492 551 1559 587 sub
1594 554 1659 587 tua
1693 552 1901 587 celsitudine
1935 552 1972 586 in
2003 551 2135 587 scrinio
2171 552 2354 587 constituti
2386 555 2471 587 sunt

253 613 339 643 οχην
367 599 637 644 χαρτουλαρίων
668 600 708 632 έν
736 599 789 640 τῷ
815 601 965 644 σκρινίῳ
989 601 1224 653 τεταγμένους
1251 599 1329 632 τῶν
1344 601 1384 632 10
1398 596 1666 639 fabricensium‚
1702 597 1861 641 periculo
1894 597 2048 642 quinque
2081 597 2174 632 inter
2205 607 2265 633 eos
2300 596 2470 643 priorum,

254 650 444 690 φαβρίκων
475 643 633 691 κινδύνῳ
663 645 741 677 τῶν
773 645 882 678 πέντε
910 643 989 677 τῶν
1017 644 1057 677 ἐν
1082 646 1201 677 αυτοῖς
1229 655 1327 688 πρω-

253 688 448 731 τευόντων,
480 692 518 723 εὖ
544 687 758 733 ὑπολήψεως
782 690 928 731 ἔχοντας
950 690 1010 722 καὶ
1034 686 1271 731 ἐπιτηδείους,
1295 687 1330 722 οἳ

253 733 335 768 τούς
358 747 397 768 τε
416 734 508 768 κατὰ
527 734 595 778 τὴν
610 732 808 777 εὐδαίμονα
831 730 969 776 ταύτην
992 731 1103 768 πόλιν
1125 732 1208 767 τούς
1231 747 1270 767 τε
1289 734 1329 767 ἐν

254 779 377 814 ἄλλοις
400 778 527 813 πόλεσι
550 780 611 821 τῆς
627 777 798 831 ᾖμετέρας
821 776 1003 813 πολιτείας
1025 776 1242 813 ὁπλοποιοὺς
1266 775 1329 812 οἷν-

1398 643 1527 677 bonam
1550 641 1752 686 opinionem
1775 641 1948 677 habentes
1972 645 2009 677 et
2032 646 2238 686 opor-tonos,
2265 642 2325 687 qui
2348 644 2385 677 et
2407 651 2470 678 eos

1398 686 1458 731 qui
1480 686 1519 721 in
1541 686 1609 721 hac
1632 686 1839 722 felicissima
1861 687 2002 722 civitate
2033 689 2068 722 et
2098 687 2135 722 in
2162 687 2243 722 aliis
2267 686 2469 722 civitatibus

1398 733 1542 768 nostrae
1575 731 1793 776 reipublicae
1826 741 1926 766 arma
1961 731 2099 767 faciunt
2132 732 2352 777 requirentes
2385 742 2469 778 pro-

1397 777 1545 812 hibeant
1566 776 1724 821 privatos
1747 779 1812 811 aut
1833 776 1938 812 etiam
1963 777 2052 812 alios
2075 780 2264 822 quosdam,
2296 777 2387 813 citra
2409 787 2470 813 eos

253 824 487 869 ερευνώμενοι
509 822 795 858 διακωλυσουσιν
815 821 961 857 ἰδιώτας
988 826 1047 857 καὶ
1071 824 1208 868 ἑτέρους
1228 822 1330 857 τινὰς
1345 826 1384 858 15
1399 822 1458 866 qui
1494 821 1655 866 deputati
1691 825 1775 856 sunt
1809 821 1902 857 inter
1936 821 2173 864 fabricense8‚
2217 822 2471 858 armifacturae

255 868 350 912 πλὴν
381 871 458 903 τῶν
482 869 781 915 καταλεγομένων
812 869 853 902 ἐν
874 871 952 902 ταῖς
980 867 1088 913 ἱεραῖς
1111 868 1261 913 φάβριξι
1285 868 1327 902 τὸ

254 916 317 968 τῇς
333 911 547 950 ὁπλοποιίας
563 913 881 959 μεταχειρίζεσθαι
901 914 1060 959 πρᾶγμα,
1080 917 1140 947 καὶ
1156 915 1196 947 έν
1214 913 1264 947 οἷς
1283 911 1330 946 ἂν

253 972 385 1006 ευροισι
403 959 529 994 τόποις
547 959 648 994 τινὰς
671 956 818 994 ἰδιώτας
842 959 948 993 τοῦτο
973 958 1189 1001 τολμῶντας,
1213 959 1330 992 ταῦτα

254 1002 494 1051 ἀφαιρεῖσθαι
519 1007 578 1037 καὶ
599 1005 655 1047 τῷ
672 1002 832 1048 δημοσίῳ
856 1005 1075 1051 προςκυροῦν
1100 1000 1328 1050 ἆρμαμέντῳ.

1397 876 1502 911 agere
1526 876 1688 908 causam,
1723 870 1760 901 et
1781 865 1820 901 in
1843 866 2053 910 quibuscum
2078 877 2124 903 ue
2152 867 2351 912 repererint
2380 867 2468 903 locis

1398 913 1537 957 aliquos
1560 911 1718 956 privatos
1748 911 1817 946 hoc
1840 911 2028 954 audentes,
2085 921 2149 947 aec
2171 911 2305 948 auferri
2332 915 2368 947 et
2389 911 2472 948 fisci

1399 957 1572 1002 applicari
1595 959 1824 992 armamento.
1872 957 1910 992 Si
1933 961 2053 992 autem
2076 957 2170 992 inter
2191 957 2374 1002 operarios
2396 958 2470 1002 pri-

1398 1008 1498 1038 vatos
1530 1002 1686 1036 artifices
1719 1005 1916 1046 oportunos
1946 1002 2103 1037 invenire
2129 1002 2312 1046 potuerint
2339 1002 2406 1044 his,
2439 1002 2472 1038 si

253 1051 284 1084 εἰ
316 1048 355 1084 δὲ
384 1051 425 1083 ἐν
453 1052 527 1084 τοῖς
555 1051 802 1096 ἐργαζομένοις
831 1047 993 1104 ἱδίώταις
1022 1053 1185 1091 τεχνίτας
1209 1050 1329 1090 ἐπιτη·
1345 1050 1387 1082 20
1399 1047 1532 1090 volunt,
1556 1047 1593 1081 in
1614 1046 1747 1081 militiis
1771 1048 1929 1082 statuere
1953 1050 1988 1081 et
2009 1047 2046 1082 in
2065 1046 2304 1099 descriptione
2326 1047 2472 1083 nomine.

255 1093 367 1130 δείους
400 1093 517 1141 εὑρεῖν
555 1093 757 1137 δυνηθεῖεν,
800 1105 947 1129 τουτους
982 1094 1081 1137 εἴπερ
1116 1092 1331 1138 βουληθεῖεν

254 1144 458 1186 στρατείαις
488 1139 785 1187 ἐγκαταλεγῆναι,
817 1141 858 1173 ἐν
890 1136 1082 1186 ἀπογραφῇ
1114 1138 1178 1173 τὰς
1198 1135 1330 1182 ὄνομα·

255 1189 332 1220 σίας
356 1183 479 1220 αὐτῶν
503 1188 620 1220 ποιεῖν
651 1188 710 1219 καὶ
735 1185 932 1228 ἐκπέμπειν
962 1182 1048 1227 ἡμῖν
1078 1182 1148 1226 τὴν
1172 1182 1330 1230 ἀπογρα-

255 1230 329 1276 φὴν
350 1232 429 1264 τῶν
448 1231 633 1285 τεχνιτῶν,
658 1227 745 1265 ὥςτε
770 1228 830 1264 διὰ
854 1229 959 1264 θείας
983 1225 1331 1282 ἡμῶνΙᾶντιγραφῆς

1399 1103 1521 1128 eorum
1543 1092 1662 1127 facere
1694 1095 1730 1126 et
1753 1091 1934 1127 destinare
1960 1091 2064 1127 nobis
2088 1091 2362 1137 descriptionem
2383 1092 2471 1127 arti-

1399 1138 1521 1181 ficum,
1554 1139 1595 1172 ut
1625 1146 1690 1182 per
1719 1146 1861 1172 sacrum
1892 1138 2055 1172 nostrum
2084 1137 2299 1181 rescriptum
2331 1136 2371 1173 in
2400 1136 2472 1173 inis

1400 1186 1604 1218 statuantur
1634 1181 1723 1218 locis
1758 1181 1797 1217 in
1829 1182 1957 1226 quibus
1991 1186 2077 1217 sunt
2105 1182 2271 1227 publicae
2300 1181 2471 1225 fabricae,

1401 1230 1575 1274 quatenus
1606 1227 1676 1272 ipsi
1707 1232 1896 1272 operantes
1926 1237 2028 1262 arma
2058 1229 2095 1262 et
2126 1227 2169 1262 de
2194 1226 2281 1263 fisco
2311 1236 2472 1264 annonas

256 1278 295 1309 ἐν
319 1277 464 1310 ἐκείνοις
489 1275 616 1309 αυτοὺς
638 1275 937 1309 κατατάττεσθαι
966 1277 1039 1308 τοῖς
1061 1285 1188 1308 τοποις
1211 1275 1251 1307 ἐν
1281 1273 1331 1307 οἶς
1346 1275 1387 1308 25
1400 1273 1588 1318 accipiant.
1636 1271 1714 1307 Hoc
1738 1272 1831 1307 enim
1853 1272 1951 1308 facto
1981 1276 2016 1307 et
2039 1272 2217 1308 subtiliter
2238 1273 2425 1309 observato
2449 1282 2473 1308 a

255 1322 323 1355 εἱσι
347 1319 516 1365 δημοσίαι
540 1320 726 1366 φάβρικες,
741 1315 815 1366 ‘ap'
842 1312 874 1362 ᾧ
898 1317 1056 1363 δημόσια
1078 1316 1208 1353 αὖτοὺς
1231 1320 1329 1365 ἐργα-

256 1368 421 1409 ζομένους
445 1363 542 1400 ὅπλα
566 1369 625 1400 καὶ
649 1366 712 1400 τὰς
743 1367 780 1399 ἐκ
812 1366 875 1399 τοῦ
901 1363 1071 1409 δημοσίου
1095 1363 1249 1407 σιτήσεις
1273 1377 1330 1397 κο-

255 1411 439 1455 μίζεσθαι.
487 1408 617 1464 τούτου
640 1410 708 1467 γὰρ
729 1413 918 1457 γινομένου
942 1413 1002 1443 καὶ
1022 1406 1180 1455 ἀκριβῶς
1200 1407 1331 1454 φυλατ-

1399 1318 1591 1364 praedictis
1614 1317 1776 1362 personis
1795 1317 1941 1352 licentia
1960 1317 2102 1362 penitus
2122 1317 2211 1353 nulli
2229 1317 2383 1361 dabitur,
2406 1326 2471 1353 ne-

1400 1373 1469 1409 que
1493 1363 1653 1398 civitates
1676 1362 1959 1398 inhabitantibus
1982 1362 2129 1406 privatis
2157 1372 2270 1408 neque
2293 1363 2395 1398 villas
2418 1362 2472 1398 in-

1400 1408 1599 1444 colentibus
1633 1407 1798 1450 rusticis,
1841 1407 1948 1443 armis
1982 1408 2035 1442 uti
2069 1407 2239 1443 adversus
2281 1408 2473 1444 alterutros

255 1459 406 1498 τομένου
435 1469 534 1501 παρα
561 1470 637 1490 των
661 1456 872 1502 ἔμπροσθεν
899 1457 1098 1508 εἰρημένων
1129 1453 1332 1501 προςώπων
1399 1463 1576 1497 necesque
1606 1462 1842 1498 praesumere,
1878 1456 1916 1488 et
1944 1462 1990 1488 ex
2016 1453 2086 1488 hoc
2109 1452 2282 1498 plurimos
2311 1452 2474 1489 homines

256 1499 360 1536 ἄδεια
384 1500 571 1536 παντελῶς
601 1498 721 1535 οὐδενὶ
745 1499 956 1544 δοθήσεται,
980 1510 1062 1534 ουτε
1083 1502 1157 1534 τοῖς
1179 1499 1245 1534 τὰς
1267 1498 1331 1534 πό·
1345 1502 1387 1534 30
1400 1499 1533 1540 occidi,

257 1546 326 1581 λεις
345 1547 502 1581 οἰκοῦσιν
523 1544 683 1581 ἰδιώταις
706 1545 790 1580 οὔτε
812 1548 885 1580 τοῖς
907 1545 953 1579 τὰ
977 1549 1092 1591 χωρία
1114 1546 1334 1591 γεωργοῦσιν

256 1590 440 1638 ἀγρόταις,
465 1587 590 1626 ὅπλοις
608 1591 808 1637 κεχρῆσθαι
828 1587 912 1624 κατ’
928 1587 1094 1633 ἀλλήλων
1117 1593 1175 1624 καὶ
1200 1588 1332 1636 φόνους

255 1637 405 1679 τολμᾶν,
430 1639 490 1670 καὶ
506 1636 683 1671 ἐντεῦθεν
702 1635 854 1670 πολλοὺς
873 1632 1094 1680 ἀνθρώπους
1110 1633 1333 1679 φονεύεσθαι

255 1681 339 1717 τούς
361 1695 401 1716 τε
425 1679 613 1726 δημοσίους
636 1679 870 1727 ὑστερεῖσθαι
895 1680 1039 1733 φρρους,
1070 1681 1147 1714 τῶν
1170 1680 1239 1724 τὴν
1264 1680 1333 1726 γῆν

255 1726 515 1780 γεωργούντων
536 1726 579 1761 τὸ
605 1727 672 1770 ζῆν
687 1722 1073 1780 ἀπολιμπανοντωνχῆ
1097 1723 1246 1771 δρασμῷ
1272 1723 1333 1759 διὰ
1346 1728 1388 1760 35

255 1774 277 1808 1
330 1785 399 1806 τον
423 1776 540 1818 φοβον
562 1774 770 1826 χρωμένων.
829 1772 894 1804 Δεῖ
915 1769 955 1805 δὲ
982 1781 1064 1805 τους
1086 1772 1334 1814 πεμπομένους

257 1817 357 1864 παρὰ
379 1818 443 1861 τῆς
466 1818 529 1860 σῆς
551 1818 725 1863 ὑπεροχῆς
748 1817 786 1849 ἐκ
809 1816 872 1850 τοῦ
897 1816 1079 1860 εἰρημένου
1103 1816 1180 1849 τῶν
1205 1818 1332 1894 φαβῖί-

257 1876 333 1898 κων
349 1867 509 1909 σκρινίου
523 1861 614 1906 μετὰ
629 1861 673 1897 τὸ
690 1860 850 1896 κωλῦσαι
866 1861 947 1896 τοὺς
970 1858 1117 1895 ἰδιώτας
1139 1862 1201 1903 τῆς
1223 1858 1276 1895 ὁπ
1299 1872 1332 1893 o-

1402 1544 1557 1580 cultores
1589 1543 1697 1579 vitam
1724 1543 1888 1579 amittere
1918 1546 2116 1579 metuentes
2147 1543 2232 1589 fuga
2259 1547 2406 1590 propter
2427 1543 2473 1579 ti-

1401 1599 1534 1625 morem
1556 1592 1717 1624 utuntur.

1402 1772 1421 1805 1
1470 1769 1622 1813 Oportet
1642 1777 1725 1814 ergo
1750 1777 1812 1804 eos
1836 1768 1897 1813 qui
1912 1756 2120 1812 'diriguntur
2141 1777 2165 1803 a
2188 1770 2252 1803 tua
2265 1767 2476 1804 celsitudine

1403 1825 1448 1850 ex
1478 1817 1669 1849 memorato
1705 1813 1958 1848 fabricensium
1991 1812 2123 1848 scrinio
2157 1811 2204 1847 ad
2234 1812 2475 1858 prohibendos

1403 1859 1561 1904 privatos
1597 1868 1776 1904 armorum
1811 1857 1967 1893 factione
2008 1857 2266 1893 confessionem
2299 1858 2474 1904 accipere,

1564 1498 1727 1544 publicas
1751 1508 1833 1533 vero
1857 1498 1974 1543 perire
1997 1497 2215 1542 functiones,
2247 1498 2333 1535 dum
2355 1502 2474 1534 terrae
2536 1511 2540 1515 ·

257 1954 369 1999 leqem
399 1953 592 1993 sancimus,
621 1962 666 1987 ne
697 1951 733 1984 z'n
765 1949 841 1985 ulla
873 1949 1018 1985 civitate
1049 1950 1105 1985 vel
1130 1949 1323 1996 provincia
1354 1947 1575 1995 reipublicae
1606 1952 1755 1983 nostrae
1775 1947 1935 1994 privatis
1969 1946 2025 1998 vel
2053 1945 2122 1981 alia·
2149 1945 2215 1998 ulli
2243 1946 2350 1982 liceat
2371 1958 2474 1983 arma

256 1997 434 2043 conficere
469 1996 526 2032 vel
555 1995 708 2032 vendere
743 1995 800 2030 vel
833 1994 907 2030 ullo
939 1993 1047 2030 modo
1079 1995 1326 2030 commercium
1359 2004 1482 2029 eorum
1511 1994 1658 2038 facere,
1693 1992 1759 2028 sed
1780 1992 1862 2032 ,soli
1894 1992 1960 2038 qui
1991 2002 2030 2026 m
2061 1991 2216 2036 fabrtcis
2249 1992 2474 2037 reseruntur,

257 2054 301 2079 ea
324 2041 521 2087 conficiant
549 2045 586 2077 et
615 2050 723 2076 sacro
756 2039 1038 2075 armamentario
1069 2045 1195 2075 nostro
1224 2039 1398 2085 inferant.
1445 2040 1493 2074 At
1519 2049 1563 2073 uc
1594 2037 1663 2073 hoc
1688 2041 1729 2072 ut
1758 2049 1782 2073 a
1814 2041 1878 2072 tua
1907 2035 2126 2088 sublimitate
2153 2035 2270 2083 iisque
2299 2037 2366 2083 qm·
2385 2041 2476 2085 post

260 2092 295 2124 te
318 2087 574 2133 maqistratum
597 2085 804 2132 suscepturi
831 2089 918 2120 sunt
942 2084 1150 2120 observetur
1171 2085 1364 2126 sancimus,
1395 2087 1438 2119 ut
1459 2094 1479 2118 c
1504 2082 1675 2118 artularii
1705 2083 1771 2128 qm·
1796 2081 1862 2118 sub
1895 2086 1958 2118 tua
1980 2081 2198 2117 sublimitate
2225 2087 2311 2117 sunt
2332 2081 2476 2129 aliquos

257 2132 449 2179 desiqnent
471 2132 508 2166 in
531 2132 666 2166 scrinio
689 2130 950 2176 fabricensium
975 2130 1190 2165 constitutos
1216 2129 1380 2176 periculo
1412 2129 1571 2182 quinque
1587 2129 1794 2174 primorum
1812 2127 1875 2173 qui
1896 2127 1992 2162 inter
2008 2137 2071 2178 eos
2092 2130 2195 2168 sunt,
2223 2126 2321 2162 viros
2343 2126 2476 2163 bonam

257 2177 563 2214 existimationem
595 2175 766 2212 babentes
794 2179 830 2211 et
861 2174 1023 2217 idoneos,
1055 2175 1121 2221 qui
1148 2179 1184 2210 et
1214 2185 1294 2216 eos,
1325 2174 1389 2220 qui
1411 2185 1449 2209 m
1481 2173 1550 2208 hac
1579 2172 1683 2217 felici
1710 2172 1855 2208 civitate
1884 2176 1921 2207 et
1952 2182 2014 2217 qm
2045 2181 2083 2206 m
2115 2171 2243 2207 ceteris
2273 2171 2477 2208 civitatibus

258 2227 405 2259 nostrae
427 2221 647 2268 reipublicae
671 2231 776 2256 arma
799 2220 1014 2265 conficiunt,
1044 2220 1302 2266 perquirentes
1318 2218 1540 2266 prohibeant
1561 2218 1727 2264 privatos
1757 2217 1921 2269 aliosque
1937 2220 2090 2262 praeter
2114 2226 2177 2252 eos
2206 2216 2269 2263 qui
2298 2216 2338 2252 in
2359 2217 2477 2253 sacris

256 2267 413 2314 fabricis
435 2270 664 2303 recensentur
686 2276 870 2301 <timorum
892 2265 1174 2310 fabricationem
1203 2275 1385 2306 exercere,
1417 2268 1454 2299 et
1476 2262 1758 2309 quibuscumque
1789 2262 1879 2298 locis
1900 2262 2071 2308 privatos
2101 2261 2245 2314 aliquos
2274 2261 2315 2297 id
2342 2261 2477 2298 audere

236 2345 240 2350 .
259 2314 498 2360 reppererint,
523 2311 587 2347 illa
604 2311 768 2347 adimant
790 2315 828 2346 et
842 2311 994 2357 publico
1019 2310 1301 2346 armamentario
1325 2309 1507 2345 addicant.
1554 2307 1694 2359 Quodsi
1714 2308 1809 2343 inter
1825 2307 1994 2360 privatos
2016 2317 2206 2359 operarios
2219 2306 2367 2353 possint
2388 2307 2476 2343 arti-

256 2359 343 2403 fices
374 2357 526 2393 idoneos
556 2357 734 2403 reperire,
766 2355 833 2391 hos
855 2356 889 2390 si
911 2354 1054 2401 quidem
1084 2356 1122 2390 in
1153 2355 1291 2390 militiis
1322 2353 1471 2390 inscribi
1501 2353 1629 2394 velint,
1661 2363 1699 2387 m
1723 2352 1950 2388 matriculam
1980 2362 2127 2387 nomina
2157 2362 2279 2387 eorum
2308 2351 2479 2399 rediqant

259 2403 431 2448 nobt'squc
461 2402 688 2438 matriculam
718 2401 899 2445 artificum
929 2400 1091 2443 mittant,
1123 2404 1164 2436 ut
1220 2411 1259 2436 er
1289 2410 1433 2435 sacrum
1460 2403 1622 2434 nostrum
1653 2398 1868 2444 rescriptum
1896 2397 1933 2432 in
1956 2395 2030 2431 illis
2061 2396 2149 2432 locis
2178 2400 2388 2433 statuantur
2418 2397 2479 2433 ubi

253 2448 425 2494 publicae
439 2452 524 2483 sunt
537 2446 724 2493 fabricae:
748 2446 800 2481 ita
822 2451 860 2481 ut
877 2445 1030 2492 publica
1052 2456 1155 2481 arma
1172 2411 1400 2490 lssbricantes
1423 2444 1479 2479 illi
1500 2454 1550 2479 ex
1592 2442 1708 2479 ublico
1729 2444 1836 2494 etiam
1860 2441 2260 2494 annonas-accipiant..
2288 2440 2370 2478 Hoc
2384 2442 2478 2478 enim

258 2494 293 2528 si
311 2493 381 2538 fiat
402 2499 438 2528 et
461 2492 650 2539 diligenter
679 2491 723 2527 ab
748 2491 793 2526 iis
844 2501 910 2526 aas
932 2501 1046 2536 supra
1070 2490 1231 2527 diximus
1246 2490 1420 2543 personis
1443 2494 1546 2525 custo
1574 2488 1683 2530 imur,
1718 2487 1807 2523 nulli
1829 2497 1975 2523 omnmo
2007 2486 2153 2539 licentia
2175 2485 2332 2540 dabitur,
2362 2497 2478 2534 neque

253 2537 413 2585 privatis
444 2538 507 2583 qui
530 2539 567 2572 in
591 2536 738 2572 urbibus
762 2502 927 2571 habqitant
957 2546 1072 2581 neque
1095 2534 1270 2582 ayricolis
1289 2536 1352 2581 qui
1367 2533 1528 2581 praedia
1552 2533 1694 2576 colunt,
1728 2533 1840 2568 armis
1862 2531 2035 2568 adversus
2055 2542 2095 2567 se
2116 2541 2266 2568 invicem
2285 2531 2412 2568 utendi
2440 2537 2477 2569 et

260 2582 388 2619 caedes
410 2581 662 2625 committendi,
687 2581 781 2617 unde
805 2580 907 2616 multi
930 2579 1092 2616 homines
1117 2580 1330 2616 occidantur
1353 2584 1461 2625 atque
1481 2578 1630 2626 publica
1655 2579 1790 2615 tributa
1812 2577 1994 2622 deficiant,
2018 2587 2097 2612 cum
2117 2577 2182 2622 qui
2202 2587 2332 2623 aqrum
2354 2576 2478 2614 colunt

260 2630 281 2664 1
327 2627 383 2663 vel
404 2628 477 2663 vita
500 2628 695 2672 priventur
723 2626 780 2662 vel
800 2627 932 2677 fuqam
955 2632 1115 2672 propter
1141 2630 1271 2661 metum
1289 2628 1433 2672 petant.
1550 2623 1579 2660 Ο
1607 2628 1700 2659 ortet
1723 2627 1842 2658 autem
1867 2633 1929 2658 eos
1959 2621 2023 2668 qui
2052 2632 2076 2656 a
2105 2621 2405 2674 tua-sublimitate
2427 2632 2478 2658 ex

255 2672 448 2719 praedicto
477 2672 705 2716 fabricarum
735 2671 869 2706 scrinio
898 2671 1101 2713 mittuntur,
1133 2670 1195 2706 ubi
1216 2670 1385 2717 privatos
1415 2679 1518 2705 arma
1549 2635 1676 2714 scecere
1698 2667 1987 2715 prohibuerunt,
2011 2666 2284 2713 professionem
2313 2676 2478 2714 accipere

1406 2757 1547 2790 fabrices
1561 2758 1610 2790 T¹
1627 2757 1640 2801 11
1657 2757 1827 2790 armifaote
1841 2768 1862 2788 υ
1886 2766 1977 2788 arma
1994 2755 2120 2788 fatiunt
2133 2767 2151 2788 z
2166 2756 2178 2797 11
2199 2756 2239 2789 16
2263 2754 2475 2797 quibuscum-

1406 2804 1482 2844 que]
1507 2802 1628 2844 quibus
1652 2802 1685 2835 R
1700 2802 1712 2844 11
1743 2800 1926 2844 repererint
1949 2800 2031 2841 ΒΤ]
2056 2800 2277 2843 compererint
2297 2800 2331 2833 V
2347 2810 2476 2844 compe-

1407 2847 1527 2881 rierint
1545 2860 1566 2879 υ
1590 2847 1775 2889 comperiat
1797 2859 1814 2879 z
1830 2845 1843 2889 11
1875 2847 1912 2880 17
1937 2844 2077 2886 aliquos]
2101 2844 2168 2877 alio
2191 2854 2323 2886 quoqne
2345 2858 2362 2878 z
2377 2844 2390 2889 fl
2407 2846 2476 2889 pri·
2517 2850 2523 2857 ’

307 2764 328 2796 2
351 2757 532 2805 ἡμετέροις
555 2761 587 2793 L
610 2760 623 2805 11
649 2762 671 2794 4
692 2760 850 2803 μόνονΙῤ
875 2759 888 2802 11
912 2762 929 2792 ’ἶ
955 2761 1014 2791 καὶ
1035 2760 1112 2792 τῶν
1150 2759 1241 2792 αἰτῶ
1266 2760 1311 2793 Μ
1327 2759 1339 2799 11

262 2810 283 2842 9
307 2803 559 2851 ἆφοριζόντων
582 2805 630 2838 Μ
646 2803 896 2847 (deputantibus
915 2803 1008 2836 vobis
1031 2805 1075 2846 ς)]
1099 2805 1284 2849 αφορίζειν
1307 2804 1338 2837 L

265 2855 303 2887 11
323 2853 539 2896 φαβρίσκων
551 2851 582 2883 L
599 2850 612 2893 11
631 2852 671 2884 15
686 2852 758 2891 καὶ]
780 2852 838 2882 aut
852 2849 950 2881 etiam
964 2849 1011 2892 ς11
1033 2851 1073 2883 16
1093 2847 1201 2892 ἱεραῖς
1222 2861 1309 2884 σπι-ς
1329 2849 1341 2889 11

263 2900 302 2932 21
319 2897 475 2937 τούτους]
494 2895 547 2927 his
564 2897 634 2935 (122.
647 2890 800 2936 τούτοις)
819 2906 838 2930 ς
854 2893 867 2937 11
891 2894 933 2927 22
954 2896 1139 2939 στρατίαις
1150 2894 1182 2927 L
1199 2894 1211 2937 11
1229 2894 1269 2927 ἐν
1282 2894 1338 2934 M]

263 2945 323 2976 καὶ
341 2942 382 2975 ἐν
398 2941 452 2977 Le
478 2941 489 2981 11
514 2941 556 2974 26
577 2936 734 2982 δημόσια
756 2952 813 2972 om.
829 2951 849 2975 ς·
864 2939 877 2982 11
895 2939 938 2972 32
955 2936 1124 2983 ἀγρόταις
1141 2939 1198 2980 Μ]
1222 2935 1339 2984 ἀγροί-

262 2997 336 3021 κοις
358 2987 391 3020 L
412 2986 425 3029 11
450 2987 494 3020 34
517 2982 597 3018 τούς
619 2997 659 3017 τε
684 2985 743 3026 Μ]
773 2982 856 3017 τοὺς
880 2980 920 3016 δὲ
943 2984 1004 3020 L:
1026 2983 1039 3028 11
1069 2985 1110 3018 35
1135 2981 1339 3026 ἀπολιμπα-

262 3029 411 3067 νόντων
433 3027 455 3072 ἢ
479 3027 641 3074 δρασμῷ]
666 3029 815 3062 amittere
838 3031 1021 3061 metuentes
1043 3027 1125 3070 fuga
1147 3040 1167 3064 ς
1185 3028 1254 3072 113Ί
1273 3041 1340 3072 φα-

263 3081 425 3122 βρίσκων
446 3076 477 3109 L

312 3169 328 3202 1
343 3167 392 3208 in]
409 3165 508 3198 etiam
520 3177 538 3197 2
555 3162 568 3208 11
583 3165 642 3195 aut
657 3162 693 3194 in
708 3162 880 3205 prouintie
893 3162 927 3194 R
944 3161 957 3205 11
974 3162 993 3194 2
1007 3161 1175 3194 licentiam
1190 3161 1308 3195 habere
1319 3175 1340 3194 υ

264 3212 435 3246 licentiam
457 3209 558 3243 habet
579 3221 597 3241 z
619 3206 632 3252 11
662 3208 682 3241 3
706 3206 806 3239 aliam
829 3220 846 3239 z
870 3205 882 3250 11
908 3207 1082 3249 quaepiam
1105 3218 1126 3238 υ
1151 3207 1163 3248 11
1191 3208 1212 3240 4
1236 3206 1338 3248 quod-

264 3258 347 3291 libet
372 3257 405 3291 Τ
413 3254 452 3301 ι11
477 3254 575 3288 modo
599 3265 692 3286 om.v
709 3251 722 3295 11
746 3251 920 3284 fabricetes
942 3251 992 3285 V¹
1017 3251 1029 3294 11
1057 3253 1076 3286 5
1098 3251 1247 3284 serantur
1279 3253 1310 3283 V
1328 3251 1340 3296 11

264 3305 327 3337 hoc
350 3316 368 3336 z
384 3302 397 3346 11
420 3301 595 3334 instituere
619 3300 652 3330 et
674 3297 848 3330 defendere
875 3297 907 3329 T
919 3296 931 3339 ΙΙ
957 3297 978 3329 6
1001 3297 1290 3329 armamentarium
1312 3297 1341 3328 V

264 3351 451 3382 armentum
471 3346 502 3379 R
528 3346 540 3388 11
569 3344 650 3377 haec
675 3341 724 3376 12²
749 3342 761 3384 11
791 3344 808 3375 7
835 3343 867 3374 et
891 3360 933 3365 —
958 3343 978 3373 9
1000 3341 1195 3374 celsitudine
1219 3354 1307 3374 om.z

264 3388 766 3477 ῗιιδῗίθερῖηῐξὲἵυδδξςωὺἰῗίἓ]
794 3398 856 3474 1ῑῖ119Ε
857 3386 994 3464 tgcgni'o
1006 3386 1339 3473 8(s‹txiifjiliixetc‘iztTl'b’lfaii’nt

266 3483 439 3517 constituti
465 3481 589 3524 Tvulq.
617 3478 629 3523 11
659 3479 700 3513 10
725 3477 934 3510 sabriceeium
958 3477 987 3509 V
1004 3477 1016 3519 11
1043 3475 1193 3519 periculo
1217 3489 1305 3509 σομε
1327 3476 1339 3520 11

266 3529 426 3571 quinque]
451 3527 574 3569 quique
602 3521 756 3558 T¹V⁶R²
790 3532 922 3565 quoque
945 3535 962 3554 z
990 3520 1003 3565 11
1030 3531 1083 3554 eos
1107 3522 1165 3563 qui
1189 3521 1338 3563 priorum

266 3574 427 3616 (priorum
449 3572 509 3605 del.
529 3570 589 3612 T2)
615 3568 672 3613 Tfl
689 3568 872 3612 primorum
891 3567 1023 3601 Cautius
1041 3566 1053 3610 ΙΙ
1072 3568 1109 3600 11
1138 3567 1196 3608 qui
1220 3568 1253 3599 et
1272 3568 1337 3608 eos]

267 3619 396 3661 quietos
417 3618 451 3651 V
468 3616 527 3659 qui
548 3626 602 3649 eos
624 3627 645 3647 υ
671 3612 684 3659 fl
717 3615 757 3648 12
781 3614 839 3655 qui
861 3613 910 3654 in]
945 3612 981 3644 in
1001 3623 1023 3644 v
1057 3613 1090 3644 et
1113 3625 1130 3644 z
1159 3609 1172 3655 11

1202 3613 1243 3646 14
1267 3613 1336 3652 aut]
1371 3638 1373 3642 Α

1407 2895 1502 2925 uatos
1512 2910 1557 2917 —-
1571 2893 1612 2926 18
1626 2892 1662 2924 Si
1682 2893 1715 2925 in
1728 2903 1793 2924 rae.
1812 2893 1826 2924 1
1842 2902 1952 2923 versus
1964 2903 2025 2923 scr.
2037 2889 2087 2922 R²
2103 2889 2116 2932 11
2140 2889 2213 2930 hoo]
2238 2890 2319 2923 haec
2340 2890 2450 2932 R(²)T

1406 2937 1577 2970 audientes
1602 2938 1687 2978 libri,
1712 2949 1794 2970 corr.
1819 2935 1903 2978 vulq.
1934 2934 1956 2981 11
1974 2935 2085 2967 afferri
2117 2933 2167 2967 V⁶
2203 2934 2333 2968 auferre
2356 2936 2441 2978 vuly.

1409 2984 1450 3017 18
1474 2982 1612 3024 aplicari
1632 2981 1742 3022 R(²)T
1768 2979 1940 3022 amplicari
1960 2992 1977 3012 z
2004 2979 2170 3023 applicare
2193 2980 2279 3023 vulq.
2299 2978 2380 3024 nain
2398 2980 2448 3014 T’

1406 3026 1555 3069 priuatos
1579 3027 1625 3068 (et
1647 3027 1705 3060 ins.
1727 3024 1790 3067 T2)
1814 3025 1981 3068 operarios
2008 3025 2041 3057 T
2065 3025 2077 3067 ΙΙ
2106 3023 2256 3066 priuatos
2280 3028 2313 3057 et
2335 3025 2478 3060 artifices

1408 3072 1457 3105 R¹
1482 3075 1515 3104 et
1538 3071 1687 3114 priuatos
1709 3069 1851 3103 artifices
1875 3067 1925 3102 Β*
1940 3068 1953 3112 11
1972 3070 2013 3103 19
2037 3069 2185 3102 inueniri
2207 3068 2261 3114 Vu
2280 3070 2339 3103 hos
2353 3071 2441 3115 vulq.
2463 3070 2477 3116 11

1408 3118 1451 3150 20
1474 3116 1595 3149 nolunt
1610 3129 1628 3149 z
1650 3115 1821 3149 noluerint
1844 3114 1974 3157 Rvuly.
1999 3114 2012 3157 11
2035 3114 2188 3146 militiam
2209 3127 2247 3147 vz
2272 3114 2285 3159 11
2314 3116 2352 3149 21
2379 3115 2477 3149 nobis

1407 3161 1671 3205 descriptionem]
1688 3162 1721 3193 et
1734 3159 1831 3192 nobis
1846 3159 2010 3192 destinare
2026 3171 2047 3191 v
2065 3158 2078 3202 11
2093 3158 2272 3192 artificium
2290 3159 2338 3193 R¹
2354 3159 2367 3204 ΙΙ
2385 3161 2427 3194 22
2438 3160 2477 3194 in

1407 3220 1466 3240 om.
1487 3206 1542 3249 Vfl
1561 3206 1602 3239 23
1617 3205 1760 3238 fabricae
1771 3205 1869 3248 vala]
1894 3203 2093 3237 fabricenses
2106 3204 2139 3237 R
2149 3204 2214 3238 sz
2236 3207 2419 3238 statuentes
2432 3205 2478 3240 T*

1406 3250 1622 3284 frabricantes
1640 3250 1673 3284 T
1678 3249 1692 3270 ²
1709 3249 1722 3293 11
1739 3251 1782 3283 24
1802 3259 1893 3282 arma
1910 3251 1953 3290 et]
1975 3259 2081 3281 armas
2098 3261 2117 3281 υ
2133 3250 2144 3291 11
2170 3251 2210 3283 25
2229 3250 2399 3293 accipiunt
2415 3250 2448 3284 T
2464 3247 2478 3316 ῃ

1406 3298 1437 3337 a]
1462 3295 1550 3337 quod
1565 3305 1585 3328 a
1603 3295 1652 3328 T¹
1669 3294 1682 3338 11
1699 3296 1741 3328 26
1754 3294 1922 3327 licentiam
1936 3294 1969 3326 R
1985 3294 1998 3337 11
2016 3295 2056 3327 27
2075 3293 2163 3327 ullas
2186 3294 2409 3328 incolentibus
2426 3295 2461 3329 R

1407 3340 1507 3374 uillas
1523 3339 1762 3373 incollentibus
1782 3352 1801 3372 v
1825 3338 1917 3372 uillis
1933 3338 2169 3372 incollentibus
2188 3339 2223 3372 V
2238 3339 2476 3373 incollentibus

1406 3384 1617 3427 (collentibus
1643 3385 1706 3427 T¹)
1731 3384 1830 3417 uillas
1859 3385 1911 3427 ΤΙΙ
1938 3385 1979 3418 28
2004 3384 2114 3425 armis]
2139 3385 2258 3417 animis
2281 3385 2327 3429 211
2351 3386 2394 3420 29
2418 3395 2477 3418 ne-

1406 3433 1535 3472 cesque]
1559 3440 1687 3463 necesse
1705 3442 1725 3463 υ
1749 3438 1843 3462 neces
1868 3429 1901 3462 T
1919 3439 1980 3462 nec
2004 3442 2071 3462 cum
2094 3431 2201 3472 spatio
2226 3442 2326 3463 vacuo
2347 3431 2369 3464 4
2394 3430 2476 3464 liae-

1407 3489 1515 3510 rarum
1539 3490 1556 3508 z
1572 3475 1584 3519 11
1603 3475 1752 3508 homines
1770 3487 1829 3508 om.
1846 3475 1877 3508 T
1891 3473 1903 3518 11
1919 3476 1962 3509 30
1979 3473 2145 3517 publicam
2169 3486 2209 3508 υτ
2225 3473 2238 3518 11
2254 3475 2399 3518 reperire
2418 3473 2478 3518 1711

1406 3522 1445 3554 31
1466 3520 1538 3554 uita
1553 3533 1573 3553 υ
1588 3522 1600 3564 11
1619 3521 1731 3563 fugam
1748 3520 1802 3564 R⁰
1811 3519 1863 3553 Va
1881 3519 1893 3562 11
1911 3521 1951 3552 37
1970 3519 2022 3560 ad]
2047 3523 2080 3552 et
2096 3519 2138 3552 ad
2159 3519 2193 3553 T
2214 3520 2226 3563 11
2249 3521 2292 3555 38
2314 3519 2476 3563 priuatos]

1407 3566 1590 3599 arcensium
1614 3566 1738 3599 scrinio
1761 3565 1802 3598 ad
1823 3564 2021 3608 proibendos
2041 3564 2191 3608 priuatos
2215 3565 2292 3599 add.
2307 3577 2324 3598 κ
2340 3564 2352 3608 11
2369 3574 2476 3597 armo-

1406 3613 1493 3653 rum]
1518 3621 1681 3644 armarum
1702 3610 1762 3651 V¹‚
1783 3622 1842 3643 om.
1864 3612 1896 3643 in
1919 3611 1979 3643 lac.
1995 3611 2012 3643 ’1
2029 3611 2107 3653 fere
2124 3610 2182 3643 litt.
2203 3621 2221 3642 v
2249 3609 2262 3653 Ι
2290 3609 2477 3643 ’sactiones

266 3666 375 3697 autem
398 3661 459 3707 Ru
477 3661 588 3702 etiam]
613 3662 645 3694 et
667 3658 734 3704 vzss
765 3661 805 3693 15
828 3658 888 3701 qui
913 3670 1000 3691 om.z
1018 3655 1268 3702 llfabricensens
1289 3657 1337 3690 V¹
1370 3648 1373 3694 1
1409 3657 1514 3690 RTvz
1537 3656 1677 3690 factores
1698 3655 1823 3700 Vvuly.
1841 3655 1854 3698 11
1871 3654 2090 3688 confessiones
2107 3666 2146 3687 vz
