2476 3854
71 87 179 130 Nov.
199 86 474 132 CXXXVIII.
505 85 728 130 CXXXIX
762 88 779 126 1

1137 79 1221 127 700

2051 96 2112 126 DE
2139 94 2298 128 USURIS

350 278 446 327 DE
481 274 727 327 USURIS
766 274 987 325 SUPER
1020 204 1305 324 Dissilglii
1340 273 1482 325 NON
1515 274 2016 325 GONPUTANDIS.

581 364 671 410 Imp.
698 363 917 400 Iustinianus
940 373 1001 408 pp.
1027 363 1120 406 Aug.
1144 362 1357 406 Hermogeni
1381 363 1549 408 magistro
1573 362 1785 399 officiorum.

201 433 495 471 Manifestissima
525 435 582 468 est
612 431 726 467 nostri
756 430 910 466 numinis
941 430 1167 473 constitutio,
1199 439 1292 474 quae
1323 440 1436 474 usque
1467 430 1514 465 ad
1546 430 1645 475 dupli
1676 429 1911 475 quantitatem
1942 429 2163 464 exactionem
2188 427 2298 464 debiti

72 481 262 516 concludit.
310 479 349 515 Si
379 478 488 523 igitur
518 477 712 513 creditores
742 476 795 511 tui
822 476 964 521 quidam
987 476 1024 510 in
1047 475 1195 520 duplum
1217 478 1445 519 acceperunt,
1469 475 1532 510 alii
1555 475 1672 511 adhuc
1696 475 1812 510 minus
1836 474 2019 510 consecuti
2043 478 2137 517 sunt,
2160 473 2199 508 hi
2222 473 2297 518 qui-

70 527 149 561 dem
181 526 242 570 qui
270 524 309 559 in
341 523 487 568 duplum
519 533 562 558 ex
593 531 783 558 usurarum
815 521 1014 566 quantitate
1044 531 1109 565 per
1138 520 1277 555 diversa
1309 525 1470 565 tempora
1501 521 1686 556 consecuti
1709 523 1813 562 sunt,
1838 520 1974 555 nullam
1993 519 2162 554 adversus
2186 521 2223 554 te
2244 518 2297 553 in-

70 571 311 615 quietudinem
334 578 535 613 proponere
559 567 815 608 concedantur,
839 566 900 602 alii
922 569 1052 609 autem,
1082 565 1112 601 si
1134 565 1242 600 simili
1264 564 1370 600 modo
1393 565 1521 610 repleti
1543 565 1687 608 fuerint,
1708 575 1751 601 eo
1773 565 1878 600 modo
1902 565 2006 600 silere
2029 564 2297 609 conpelluntur3

69 621 105 650 et
128 617 158 650 si
182 615 302 650 debita
325 623 390 649 sua
415 612 598 648 consecuti
620 612 766 654 fuerint,
797 611 1027 647 feneraticias
1048 610 1232 646 cautiones
1255 611 1473 655 recuperari,
1497 610 1552 646 vel
1575 610 1606 647 si
1628 610 1880 652 remanserint,
1905 610 1978 646 suis
2002 609 2135 645 viribus
2157 617 2297 652 vacare,

68 661 99 696 si
121 670 246 706 proces
269 668 374 696 verae
398 660 494 701 sunt,
518 658 717 704 praesentis
741 657 878 692 oraculi
895 656 1081 692 sanctione
1104 654 1338 691 decernimus.

998 715 1194 732 ἑὶἑὶἑὶ

1225 715 1375 731 *ξύ*

206 772 289 806 Νου.
313 772 454 805 CXXX
463 772 552 805 VIII
564 773 685 805 Latine
710 779 830 804 tantum
856 777 943 803 extat
959 771 992 804 in
1012 770 1202 813 Appendice
1218 770 1344 802 Iuliani
1359 775 1457 802 const.
1476 768 1671 802 CXXXIII
1682 781 1716 812 p.
1738 771 1798 803 197
1819 769 1930 802 Hiinel
1944 769 2013 812 (kp.
2026 765 2305 801 DLXXXVIII

68 814 149 850 lut*
174 817 226 860 kp.
244 817 489 851 DLXXXIX
508 817 598 851 Iul-'0
621 818 675 860 kp.
694 816 937 850 DLXXXVI
954 815 1059 858 July),
1077 834 1121 839 —-
1138 815 1227 857 Epit.
1255 815 1376 847 Theod.
1397 814 1459 848 138
1483 815 1574 856 (inde
1590 814 1622 846 L
1647 821 1676 846 et
1698 813 1734 846 B
1752 815 1806 856 23,
1823 821 1852 855 3,
1865 822 1914 848 78.
1929 821 1964 848 79
1982 815 2024 847 in.
2038 828 2082 840 =
2095 812 2247 854 B⁸T11,
2262 818 2300 846 20

64 875 99 905 p.
126 863 192 896 624
217 863 335 905 Zach.)

199 1040 658 1094 ΣῩΓΧῼΡΗΣΙΣ
701 1040 995 1094 ΠΟΙΝΗΣ
1039 972 1239 1092 ΠΕΙιζίθ
1261 1037 1411 1091 ΤΩΝ
1455 1037 1847 1092 ΑΘΕΜΙΤΩΝ
1890 1036 2168 1091 ΓΑΜῼΝ.

67 1132 127 1167 Ἑν
150 1129 305 1176 ὂνόματι
328 1132 393 1166 τοῦ
418 1129 599 1167 δεσπότου
622 1128 734 1174 Ἰησοῦ
758 1132 919 1178 Χριστοῦ
943 1130 1007 1164 τοῦ
1033 1129 1122 1164 θεοῦ
1147 1127 1254 1173 ἡμῶν
1277 1127 1526 1174 Αὐτοκράτωρ
1549 1132 1693 1176 Καῖσαρ
1713 1129 1871 1175 Φλάβιος
1891 1127 2142 1165 Ἰουστινιανὸς
2159 1128 2299 1175 Φλώρῳ

859 1174 1013 1222 (κάμητι
1037 1175 1115 1209 τῶν
1139 1175 1258 1209 θείων
1283 1173 1511 1220 πριβάτων).

2326 703 2366 735 10

203 1245 519 1291 (Προοίμιον.)
560 1243 757 1291 Ἀνήγαγεν
787 1241 874 1287 ἡμῖν
905 1241 927 1286 ἡ
961 1242 1007 1286 σὴ
1032 1239 1222 1286 ἐνδοξότης
1245 1241 1328 1276 τοὺς
1351 1239 1425 1277 ἀπὸ
1448 1240 1601 1277 Σινδύος
1624 1244 1686 1286 τῆς
1709 1240 1828 1288 κώμης
1850 1246 1911 1277 καὶ
1933 1240 2015 1277 τοὺς
2035 1239 2216 1288 Ἑβραίους
2238 1244 2300 1286 τῆς
2328 1248 2367 1280 15

67 1292 190 1337 (τῶν)
217 1294 355 1335 Τυρίων
377 1289 510 1336 γάμους
533 1288 730 1334 ἀθεμίτους
750 1287 1022 1334 συμβάλλοντας
1046 1286 1118 1323 ὑπὸ
1137 1287 1207 1331 τὴν
1223 1288 1335 1322 θείαν
1348 1284 1454 1332 ἡμῶν
1474 1288 1650 1334 γενέσθαι
1667 1286 1845 1331 διάταξιν,
1869 1291 1928 1322 καὶ
1943 1284 2028 1322 οὐδὲ
2041 1288 2110 1330 τὴν
2123 1286 2302 1333 τετάρτην

67 1340 198 1382 μοῖραν
221 1337 282 1378 τῆς
306 1332 430 1369 αὐτῶν
451 1333 595 1369 διδόναι
619 1338 822 1380 περιουσίας
842 1334 935 1368 κατὰ
958 1333 1006 1367 τὰ
1025 1336 1107 1378 περὶ
1130 1331 1260 1367 τούτου
1281 1336 1586 1379 προςτεταγμένα,
1609 1331 1677 1377 ἤδη
1703 1332 1743 1367 δὲ
1765 1337 1827 1368 καί
1846 1345 1947 1368 τινας
1971 1333 2010 1374 ἐξ
2032 1329 2157 1367 αὐτῶν
2180 1336 2302 1379 τρίτης

69 1380 206 1425 ἡλικίας
236 1381 467 1415 καθεστάναι
497 1384 557 1414 καὶ
578 1379 724 1415 παίδων
751 1380 844 1414 εἶναι
867 1381 1041 1424 πατέρας,
1072 1381 1134 1412 καὶ
1156 1375 1218 1412 διὰ
1241 1378 1350 1412 τοῦτο
1372 1378 1464 1422 μετὰ
1489 1377 1656 1424 δακρίων
1679 1378 1857 1413 ἱκετεῦσαι
1875 1378 1925 1423 μὴ
1949 1377 1997 1412 ἂν
2019 1375 2303 1423 ἀναγκασθῆναι

69 1429 137 1461 νῦν
158 1424 376 1471 ἀποπέμψαι
399 1424 462 1460 τὰς
483 1424 652 1471 γαμετάς,
677 1422 768 1459 ἀλλὰ
793 1428 853 1458 καὶ
876 1427 971 1467 ἔχειν
991 1420 1102 1458 αὐτὰς
1121 1426 1181 1457 καὶ
1203 1422 1286 1457 τοὺς
1309 1422 1348 1463 ἐξ
1369 1420 1492 1457 αὐτῶν
1514 1426 1724 1480 γενομένους
1747 1421 1770 1467 ἢ
1792 1426 2047 1470 γενησομένους
2070 1421 2202 1458 παῖδας
2225 1421 2303 1457 δια-

253 1471 263 1483 ἱ

71 1471 196 1515 δόχους
220 1473 346 1505 αυτῶν
370 1471 610 1515 καθεσταναι,
634 1474 695 1505 καὶ
717 1468 897 1515 μηδεμίαν
921 1467 1051 1503 αὐτοὺς
1069 1468 1247 1503 ἐντεῦθεν
1270 1465 1508 1513 εὐλαβεῖσθαι
1531 1481 1676 1513 ποινην.

1085 1558 1241 1595 CAPUT
1269 1559 1297 1594 I.

209 1631 433 1673 Θεσπίζομεν
464 1632 589 1663 τοίνυν
619 1626 711 1674 ὑπὲρ
741 1629 804 1672 τῆς
833 1626 1001 1670 τοιαύτης
1032 1626 1288 1674 συγχωρήσεως
1320 1623 1450 1662 αὐτοὺς
1481 1625 1610 1662 δοῦναι
1639 1624 1710 1660 ἀνὰ
1735 1624 1821 1660 δέκα
1843 1625 1966 1672 λίτρας
1988 1629 2133 1672 χρυσίου
2156 1622 2218 1660 διὰ
2241 1623 2306 1661 τὰς

72 1675 284 1720 ἔμπροσθεν
311 1675 496 1720 εἰρημένας
527 1675 661 1717 αἰτίας,
694 1670 813 1708 αὐτοῖς
842 1671 882 1707 δὲ
912 1676 971 1706 καὶ
999 1669 1114 1717 μόνον
1145 1672 1428 1719 συγχωρηθῆναι
1459 1676 1519 1706 καὶ
1539 1671 1608 1715 τὴν
1629 1674 1779 1717 μείζονα
1799 1669 1944 1715 ποινήν,
1974 1675 2034 1705 καὶ
2058 1673 2151 1714 ἶς’χειν
2175 1668 2305 1706 αὐτοὺς

207 1755 294 1788 Νου.
316 1754 512 1788 CXXXIX
537 1754 662 1788 Graece
694 1761 815 1787 tantum
847 1760 934 1787 extat
965 1754 997 1786 in
1023 1753 1074 1795 L3
1105 1754 1138 1786 in
1162 1752 1204 1785 M
1233 1753 1301 1786 eius
1321 1752 1389 1785 loco
1414 1754 1518 1786 nescio
1539 1765 1603 1796 quo
1628 1765 1736 1786 errore
1759 1753 1914 1796 repetitur
1937 1752 2083 1786 novettae
2110 1751 2313 1786 CXXXIV

72 1813 98 1833 c.
118 1802 137 1833 3
163 1800 184 1843 ξ
204 1802 221 1834 1
247 1798 373 1843 (νεαρὰ
398 1797 503 1843 ρλθ’.·
527 1797 591 1832 τὰς
613 1796 707 1831 κατὰ
731 1797 861 1842 νόμους
885 1795 1138 1841 ἑπιὸιὸομένας
1159 1795 1584 1849 ἐκκλήτους-κρίσεως).
1605 1816 1651 1822 -
1674 1798 1766 1841 Epic.
1791 1798 1911 1831 Theoti.
1938 1798 2014 1831 139.

364 1986 719 2039 REMJSSJO
752 1985 1038 2039 POENAE
1068 1918 1548 2053 ιοῖἶῦῗίΤΑΒοΜ
1581 1985 2014 2038 NUPTJARUM.

71 2077 118 2114 In
149 2077 291 2114 nomine
321 2077 459 2113 domini
482 2075 567 2113 Iesu
592 2076 726 2114 Christi
754 2076 816 2114 dei
832 2077 968 2120 nostri,
998 2076 1207 2128 Imperator
1231 2077 1537 2168 Ct⁷aesar>Flavius
1560 2076 1787 2113 lastinianus
1810 2076 1924 2113 Floro
1953 2076 2092 2123 <comiti
2117 2087 2307 2115 sacrarum

988 2133 1109 2158 rerum
1130 2133 1238 2169 priva
1256 2133 1360 2157 arum
1385 2150 1394 2159 .

207 2190 472 2237 Praefatio.
519 2190 674 2226 Rettulit
703 2190 753 2226 ad
781 2201 850 2226 nos
879 2190 1001 2237 qloria
1026 2194 1108 2232 tua,
1143 2201 1204 2226 eos
1227 2190 1293 2237 qui
1314 2190 1481 2226 habitant
1497 2201 1638 2237 paqum
1664 2189 1806 2234 Sindyn
1829 2193 1866 2226 et
1890 2189 2075 2226 Hebraeos
2096 2190 2197 2227 urbis
2221 2190 2255 2227 T
2303 2191 2312 2200 '

71 2237 207 2273 illicitis
239 2237 378 2283 nuptiis
406 2237 605 2272 contractis
635 2246 763 2271 sacrae
793 2241 943 2271 nostrae
965 2236 1217 2271 constitutioni
1242 2235 1422 2271 obnoxios
1445 2246 1531 2278 esse,
1556 2246 1671 2281 neque
1696 2240 1814 2272 tamen
1837 2234 2031 2271 secundum
2055 2247 2100 2272 ea
2121 2247 2215 2283 quae
2264 2247 2308 2272 aa

71 2284 115 2318 de
146 2294 186 2318 re
209 2292 346 2328 praece
375 2286 411 2316 ta
441 2285 544 2322 sunt,
577 2286 745 2327 quartam
766 2285 911 2328 partem
946 2280 1170 2316 substantiae
1192 2291 1282 2316 suae
1305 2280 1414 2323 dare,
1446 2280 1518 2315 iam
1541 2291 1624 2317 vero
1649 2282 1756 2317 etiam
1781 2280 1976 2316 nonnullos
1997 2291 2048 2316 ex
2070 2281 2117 2316 iis
2138 2282 2175 2316 in
2200 2281 2308 2318 tertia

72 2331 189 2363 aetate
212 2338 288 2363 esse
309 2327 335 2361 li
359 2337 573 2372 erorumque
589 2330 732 2372 patres,
757 2336 801 2361 ae
821 2329 1020 2376 propterea
1044 2337 1123 2361 cum
1149 2326 1308 2361 lacrimis
1330 2325 1566 2372 supplicasse,
1590 2336 1636 2362 ne
1652 2337 1748 2361 nunc
1767 2336 1904 2361 uxores
1921 2325 2100 2362 dimittere
2118 2332 2308 2373 coquntur,

71 2373 136 2408 secl
166 2377 206 2408 ut
236 2377 272 2407 ct
302 2372 484 2407 retineant
515 2382 577 2406 eas
606 2376 641 2407 et
672 2371 776 2407 liberi
805 2382 855 2407 ex
886 2371 932 2406 tis
963 2372 1045 2407 nati
1072 2376 1136 2407 aut
1165 2371 1342 2406 nascituri
1373 2381 1600 2407 successores
1633 2370 1702 2406 sibi
1738 2371 1913 2413 existant,
1952 2381 2039 2407 neve
2075 2371 2188 2407 ultam
2225 2370 2310 2409 inde

69 2429 224 2464 poenam
247 2418 492 2453 extimescant.

208 2462 237 2498 1.
283 2462 475 2498 sancimus
505 2462 558 2508 ἐφ’

560 2467 636 2504 tur,
667 2466 708 2498 ut
732 2472 808 2508 pro
838 2460 1046 2496 huiusmodi
1073 2460 1282 2496 remissione
1314 2459 1428 2497 denas
1458 2461 1515 2497 sin
1543 2461 1595 2497 uli
1624 2461 1736 2497 libras
1767 2460 1852 2498 auri
1880 2463 2036 2508 propter
2064 2471 2196 2497 causas
2225 2465 2312 2498 ante

72 2507 187 2543 dictas
214 2507 435 2554 praebeant,
466 2508 556 2553 ipsis
588 2511 707 2543 autem
738 2507 826 2542 solis
855 2506 974 2542 maior
997 2505 1062 2541 illa
1079 2516 1202 2551 poena
1225 2506 1443 2548 remittatur,
1467 2506 1516 2542 ha
1541 2510 1695 2552 eantque
1719 2513 1791 2542 tam
1812 2508 1985 2552 cont'uqes
2007 2516 2117 2552 quam
2141 2506 2206 2552 qui
2226 2505 2312 2543 inde

118 2632 139 2665 2
164 2633 251 2664 rubr.
282 2629 371 2684 ρλη’ζ
417 2633 506 2675 Περὶ
537 2628 723 2674 βασιλικῆς
754 2630 958 2674 ἑρμηνείας,
991 2631 1052 2663 καὶ
1075 2632 1158 2674 περὶ
1191 2637 1194 2659 l
1223 2633 1363 2675 pertinet
1393 2633 1449 2685 (gfi
1475 2632 1594 2665 Theod.
1624 2628 1843 2685 ὖπῗξῄρηται
1874 2627 1915 2665 δὲ
1942 2628 1987 2665 τὸ
2020 2633 2183 2684 κείμενον
2202 2631 2243 2664 ἐν
2266 2630 2312 2678 τῇ

72 2676 137 2709 τοῦ
169 2675 251 2709 τοὺς
282 2688 374 2709 κατα
403 2679 507 2720 μέρος
530 2674 863 2719 καταβαλλομένους
885 2675 1011 2710 τόκους
1032 2677 1093 2718 (ita
1115 2677 1159 2717 L,
1192 2678 1194 2708 ἕ

73 2719 156 2754 τοὺς
171 2719 503 2764 καταβαλλομένους
519 2720 642 2754 τόκους
659 2721 751 2754 κατὰ
767 2723 871 2765 μέρος
887 2721 1102 2761 cod.Theod.)
1115 2720 1158 2754 τὸ

74 2763 227 2800 διπλοῦν
242 2765 291 2808 μὴ
309 2762 543 2809 ὑπερβαίνειν
556 2764 743 2808 (Βασιλικὴ
760 2769 872 2810 κρίσις
885 2768 968 2809 περὶ
979 2765 1044 2799 τοῦ
1055 2765 1103 2799 εἰς
1116 2765 1158 2799 τὸ

74 2809 227 2845 διπλοῦν
241 2810 383 2855 ῥέοντος
396 2809 503 2844 τόκου
515 2813 591 2844 add.
602 2812 811 2853 cod-Theoti.)
820 2813 850 2844 Τ
846 2813 939 2844 heod.
950 2809 1060 2856 νεαροὶ
1074 2808 1159 2853 ρλη’.

74 2856 243 2900 ἑρμηνεία
267 2856 344 2890 πῶς
367 2853 410 2889 οἷ’
424 2854 513 2900 ὑπὲρ
537 2855 579 2889 τὸ
606 2854 799 2889 διπλάσιον
812 2854 913 2890 τόκοι
929 2853 970 2889 οὐ
988 2858 1161 2901 παρέχον-

74 2913 136 2934 ται
148 2902 187 2934 M
193 2907 203 2944 ,ξ
213 2903 232 2935 3
247 2903 316 2944 pp.]
332 2904 513 2944 perpetuus
524 2902 620 2945 Iulst’ll
629 2901 835 2942 Hermogeni
846 2902 1019 2943 magistro]
1032 2901 1161 2934 hermo-

73 2946 218 2989 geniano
247 2946 328 2980 Iul.¹'
353 2946 606 2987 ermogenianus
636 2947 723 2979 Ial.¹0
747 2946 760 2989 ss
785 2949 806 2980 4
834 2949 866 2979 et
890 2947 970 2980 Iul.²‘
988 2947 1000 2989 ΙΙ
1015 2947 1163 2979 numinis

74 2993 337 3036 A.Au9ustinus]
354 2992 501 3024 nominis
518 2992 594 3024 libri
608 2991 621 3034 ΙΙ
638 2991 847 3032 constitutio]
871 2992 948 3026 Cod.
965 2993 997 3034 4,
1010 2999 1057 3033 3⁸2,
1072 2999 1105 3026 2¹1
1122 2997 1136 3031 §
1150 2999 1162 3025 ί

73 3040 83 3080 Ι,
97 3037 203 3080 duplu
219 3036 302 3070 Iul!
317 3036 483 3080 duplicem
499 3037 581 3069 Ιιιί.υ
593 3036 605 3080 ΙΙ
617 3036 821 3069 exactionem
837 3037 873 3069 P.
884 3037 1046 3077 Pithoeus]
1063 3040 1095 3069 ot
1111 3047 1161 3069 ac-

73 3082 200 3115 tionem
225 3083 301 3116 libri
311 3081 323 3125 Η
335 3083 355 3115 5
380 3082 514 3124 quidam
530 3080 627 3115 lum
639 3080 650 3125 ΙΙ
663 3083 683 3114 6
700 3081 920 3122 quantitatem
936 3081 1032 3115 Iul.⁶⁰
1044 3081 1056 3126 ΙῙ
1068 3081 1163 3114 nulla

73 3128 154 3161 lul.¹’
165 3128 176 3170 ΙΙ
189 3129 207 3160 7
226 3130 446 3169 conpetantur
462 3127 550 3160 Iubw
565 3126 577 3170 l}
588 3126 655 3159 alio
672 3126 751 3159 ΙιιΙ.υ
766 3125 817 3170 {lsi
831 3139 889 3159 om.
902 3127 989 3160 Ial.¹¹‘
1001 3126 1013 3171 ss
1025 3127 1163 3160 fuerunt

74 3183 149 3205 eum
167 3172 264 3205 modo
283 3172 343 3206 sile
361 3172 402 3205 de
422 3182 458 3205 re
478 3171 719 3215 compellentur
734 3172 816 3204 IuI.¹¹
829 3171 841 3213 ΙΙ
852 3172 872 3205 8
888 3171 1000 3204 debita
1011 3182 1070 3205 sua
1083 3182 1162 3204 con-

73 3218 180 3251 secuti
192 3217 330 3259 suerint,
346 3216 558 3251 fenei-aticiae
571 3217 742 3249 cautiones
760 3217 948 3259 recuperari
960 3218 1160 3257 Zachariae]

74 3263 186 3296 debita
201 3263 368 3296 subsecuti
383 3263 523 3304 fuerint,
536 3261 743 3296 feneratitias
759 3261 963 3301 (feneratitia
975 3261 1069 3303 Ial.⁶)
1082 3272 1161 3294 cau-

74 3309 181 3341 tiones
193 3318 387 3351 recuperare
399 3309 646 3351 (recuperarent
657 3307 749 3348 Iutv)
763 3307 839 3340 libri
851 3306 973 3348 (debita
985 3306 1163 3340 subsecuta

74 3353 202 3386 fuerint
221 3353 422 3394 feneratitia,
447 3353 619 3386 cautiones
642 3361 836 3395 recuperare
861 3352 985 3391 Ha'nel)
1000 3351 1013 3396 ΙΙ
1030 3362 1161 3384 reman-

74 3398 154 3431 serit
177 3400 258 3432 lutv
281 3399 292 3442 ΙΙ
318 3409 480 3431 euacuare
503 3399 585 3432 Iul.²¹
609 3397 623 3443 ΙΙ
646 3399 665 3431 9
689 3397 856 3440 praesenti
879 3396 989 3439 1u1.v11
1017 3396 1161 3429 oraculis

73 3444 162 3477 Iul.¹0
179 3444 192 3487 ΙΙ
209 3444 339 3477 actione
352 3445 439 3477 lutw
463 3444 628 3476 actionem
641 3443 724 3477 Iam
747 3442 759 3486 ΙΙ
777 3441 992 3482 decernimus]
1018 3444 1050 3475 in
1069 3443 1161 3475 libris

76 3490 209 3522 additur
241 3490 390 3523 clausula
421 3488 541 3522 similis
574 3489 653 3522 huic
677 3486 915 3521 constitutioni
939 3496 1057 3528 graeca
1080 3486 1160 3519 sub-

75 3534 227 3575 sequitur
257 3545 341 3576 quae
371 3534 467 3567 iubet
496 3534 531 3566 in
565 3534 617 3566 his
646 3536 778 3567 tantum
801 3542 886 3575 quae
910 3532 1063 3565 ciuitates
1086 3542 1159 3565 mu·

75 3582 214 3612 tuantur
238 3580 424 3621 (mutantur
444 3578 555 3621 Iul.⁶¹¹)
579 3579 688 3612 locum
710 3590 777 3612 non
801 3577 922 3611 habere
946 3577 1067 3619 (locum
1091 3587 1158 3609 non

75 3623 196 3656 habere
229 3638 286 3657 0711.
312 3626 438 3666 lul.¹'“‘).
491 3624 582 3662 Quae
615 3627 783 3659 adnotatio
809 3625 855 3657 ad
876 3623 1033 3657 novellam
1062 3622 1164 3657 CLX

1227 2676 1280 2723 ρξ’
1303 2689 1412 2724 νεαρᾳ
1439 2678 1522 2721 περὶ
1545 2677 1622 2710 τῶν
1644 2689 1765 2710 τοκων
1789 2688 1866 2710 των
1889 2674 2088 2711 πολιτικων
2103 2674 2312 2722 χρημάτων)

1227 2727 1239 2765 Η
1256 2724 1297 2756 10
1322 2724 1441 2756 hiatum
1468 2723 1623 2764 indicavi,
1644 2724 1808 2756 intercidit
1823 2723 1958 2755 atterum
1977 2729 2086 2765 caput,
2107 2724 2196 2756 cuius
2213 2724 2312 2766 ar9u4

1228 2775 1362 2802 mentam
1384 2768 1527 2802 servavit
1543 2767 1664 2801 Theod.
1690 2766 1799 2801 Πᾶσα
1822 2766 1911 2800 θεία
1930 2768 1991 2800 καὶ
2012 2764 2182 2811 βασιλικὴ
2207 2765 2312 2811 ἑρμη-

1228 2815 1308 2847 νεία
1332 2811 1437 2855 ἰσχὺν
1459 2813 1529 2854 ἔχει
1551 2812 1664 2856 νόμου
1690 2813 1744 2856 (cjl
1770 2813 1872 2855 rubr.)
1896 2825 1980 2856 quae
2003 2813 2051 2846 ad
2072 2813 2312 2846 adnotationem

1230 2871 1292 2891 non
1316 2866 1399 2891 recte
1423 2860 1523 2901 refert
1537 2858 1723 2893 Zachariae
1741 2858 1755 2902 [Ι
1772 2859 1936 2902 antiquius
1960 2869 2027 2891 esse
2051 2858 2110 2891 hoc
2124 2858 2312 2901 rescriptum

1231 2916 1316 2936 anno
1349 2904 1415 2937 536
1445 2916 1483 2936 ex
1511 2915 1582 2936 nov.
1607 2903 1725 2936 XXII
1752 2916 1778 2936 c.
1805 2905 1847 2937 46
1867 2915 1922 2947 ΡΥ.
1950 2904 2001 2946 (p.
2031 2903 2105 2944 181,
2127 2904 2176 2944 24)
2206 2898 2313 2936 verbi-‘3

1229 2945 1444 2994 Ἑρμογένην
1478 2946 1546 2981 τὸν
1580 2947 1644 2990 τῆς
1679 2944 1827 2988 ἐνδόξου
1861 2947 2001 2991 μνήμης
2034 2948 2195 2991 εεᾳιιίιιινς
2239 2953 2313 2980 anta

1231 3007 1347 3027 annum
1373 2995 1438 3028 535
1470 2994 1537 3035 (cui
1569 2995 1763 3037 adscriptum
1792 3000 1839 3026 est
1861 3005 1883 3026 a
1907 2993 2051 3026 Bienero
2072 3005 2106 3036 p.
2131 2992 2207 3026 526.
2233 2992 2313 3036 533)

1231 3040 1340 3072 datum
1372 3051 1439 3072 esse
1469 3051 1508 3072 ex
1539 3038 1665 3071 novella
1685 3039 1753 3071 eius
1776 3039 1857 3071 anni
1883 3037 2011 3078 CXXI,
2035 3038 2093 3071 ubi
2113 3038 2218 3070 verbis
2241 3049 2267 3071 c.
2294 3037 2310 3071 1

1229 3085 1289 3116 καὶ
1313 3085 1459 3129 ἔναγχος
1482 3082 1586 3116 θεῖον
1611 3081 1840 3127 πορίσασθαι
1863 3079 1980 3116 τύπον
2003 3079 2079 3115 κτλ.
2098 3083 2151 3126 (p.
2172 3082 2250 3124 591,
2267 3083 2314 3124 ¹⁸)

1231 3130 1290 3162 hoc
1322 3131 1424 3172 ι’ρειιηι
1455 3129 1642 3170 rescriptum
1673 3129 1793 3170 respici
1814 3128 1957 3168 videtur,
1988 3127 2177 3160 Zachariae
2199 3128 2312 3169 efficit,

1231 3175 1288 3216 qui
1308 3175 1423 3207 varias
1446 3174 1685 3206 constitutiones
1706 3172 1834 3206 Codicis
1857 3173 1898 3206 Χ
1905 3171 2014 3206 Vkal.
2030 3173 2106 3205 Dec.
2122 3173 2187 3207 533
2213 3173 2313 3206 eidem

1230 3219 1430 3261 Hermoqeni
1450 3218 1625 3260 inscriptas
1648 3229 1715 3251 esse
1738 3225 1839 3251 monet
1854 3216 1867 3262 ss
1888 3218 1929 3251 12
1954 3219 2041 3251 rubr.
2064 3219 2152 3261 Περὶ
2176 3228 2313 3264 συγχω-

1229 3261 1364 3309 ρήσεως
1387 3259 1689 3316 ἀθεμιτογαμιῶν
1714 3262 1834 3296 Theod.
1860 3266 1872 3306 ΙΙ
1901 3263 1939 3297 13
1963 3258 2075 3304 Ἰησοῦ
2100 3276 2158 3296 om.
2182 3263 2214 3296 L
2271 3263 2313 3297 14

1229 3308 1628 3351 κόμητι-πριβατων
1665 3308 1783 3342 addidi
1816 3321 1854 3341 ex
1888 3309 1983 3341 inser.
2018 3307 2164 3342 'novellae
2199 3307 2228 3342 C
2258 3307 2282 3341 I
2287 3306 2323 3341 V

1228 3354 1284 3397 (cf.
1310 3365 1382 3386 nov.
1407 3353 1504 3392 XII)
1534 3352 1546 3395 ΙΙ
1578 3354 1618 3387 15
1649 3351 1732 3387 τοὺς
1761 3354 1918 3397 τυρίωνῖ
1937 3353 1989 3386 L‘*
2009 3352 2072 3395 τῆς
2094 3355 2230 3397 τυρίων
2253 3350 2313 3394 L',

1228 3397 1305 3431 τῶν
1320 3398 1396 3430 add.
1417 3410 1485 3430 cum
1500 3398 1695 3431 Haloamlro
1712 3399 1798 3440 vulf).

1227 3440 1410 3486 βαλόντας
1434 3443 1629 3477 Haloander
1651 3442 1664 3486 ss
1690 3439 1870 3484 διάταξιν]
1895 3456 1965 3477 που.
1991 3443 2071 3476 XII
2083 3442 2095 3487 fl
2124 3444 2163 3476 17
2191 3438 2314 3476 αὐτῶν

1228 3500 1297 3521 cum
1323 3487 1518 3521 llaloandro
1542 3489 1628 3532 vulq.
1658 3488 1671 3532 ss
1699 3491 1819 3532 τρίτης
1844 3489 2051 3528 Haloander]
2086 3485 2232 3531 πρώτης
2255 3485 2314 3532 Lss

1230 3534 1272 3568 18
1296 3531 1474 3565 ἱκετεῦσαι
1500 3534 1705 3575 Haloander]
1731 3532 1916 3566 ἱκέτευσαν
1939 3534 1970 3566 L
1993 3533 2006 3577 ΙΙ
2037 3534 2075 3567 19
2106 3533 2313 3577 γενομένους

1228 3578 1435 3618 Haloander]
1459 3579 1701 3623 γεννωμένους
1717 3579 1748 3612 L
1765 3579 1849 3623 vulq.
1867 3578 1880 3621 ss
1895 3579 2173 3624 γεννησομένοις
2196 3578 2227 3610 L
2241 3577 2254 3619 ll
2270 3578 2309 3612 21

1227 3620 1356 3658 αὐτοὺς
1380 3623 1587 3666 Haloonder]
1620 3619 1742 3657 αὐτῶν
1766 3624 1797 3658 L
1813 3627 1826 3667 ΙΙ
1845 3625 1887 3660 22
1919 3620 1960 3659 δὲ
1983 3624 2189 3664 Haloander]
2217 3618 2260 3668 δὴ
2281 3622 2312 3657 L

2325 1473 2370 1507 20

1815 3400 1827 3440 ΙΙ
1851 3400 1889 3432 16
1906 3395 2157 3442 συμβαλόντας
2170 3398 2213 3439 L,
2226 3406 2312 3440 συμ-
2375 3417 2378 3419 >
