2592 3840
1184 99 1271 147 443
1770 100 1878 144 Nov.
1909 98 2133 143 LXXXIX
2165 101 2328 141 12-14

119 218 308 262 ριζομένην
336 212 430 251 καθ’
455 213 501 251 ὃν
525 214 714 262 εἰρήκαμεν
742 212 883 262 τρόπον
911 213 1098 257 παλλακὴν
1127 217 1188 248 καὶ
1256 212 1406 249 diximus
1428 211 1534 249 modo
1558 212 1792 249 concubinam
1820 213 1858 247 et
1881 219 1925 246 ex
1947 210 2010 245 illa
2038 209 2131 245 filios
2146 209 2328 262 .d⁸bi¹¹}¹¹⁸’

118 262 201 296 τοὺς
228 262 267 303 ἐξ
289 263 424 305 ἐκείνης
451 259 581 297 παῖδας
610 259 783 305 δώσομεν,
814 260 845 294 εἰ
867 263 931 294 καί
950 274 987 294 τι
1010 259 1190 306 πάρεργον
1256 258 1288 293 si
1309 259 1415 293 etiam
1437 258 1581 303 aliquod
1612 267 1703 303 opus
1735 255 1890 293 libidinis
1920 254 2018 291 ahud
2045 254 2188 297 secent,
2222 258 2328 289 etlam

119 304 249 350 ἡδονῆς
278 305 366 341 ἄλλο
395 306 596 361 ποιήσαιτο,
627 309 687 340 καὶ
709 307 817 340 τοῦτο
847 306 895 339 εἰς
924 305 993 347 τὴν
1016 302 1187 347 διαδοχὴν
1254 303 1324 338 hoc
1343 303 1389 338 ad
1405 303 1666 339 successionem
1686 302 1763 338 eius
1778 301 1968 343 introduci,
1989 300 2021 353 si
2038 304 2208 353 mortuus
2218 298 2327 334 fuerit

118 351 322 398 εἰσάγεσθαι
350 352 418 395 τὴν
441 353 562 391 αυτοῦ.
594 351 630 385 εἴ
651 363 693 396 γε
713 348 955 393 τελευτήσειεν
983 347 1185 384 ἀδιάθετος.
1254 348 1453 383 intestatus.
1501 348 1593 383 Nam
1617 348 1648 383 si
1665 357 1736 383 non
1756 347 1826 383 hoc
1845 346 2111 387 sanciverunns,
2135 345 2328 397 mqlscreta

118 397 150 430 εἰ
170 396 240 443 γὰρ
261 397 310 440 μὴ
326 397 434 431 τοῦτο
448 394 695 440 νομοθετήσω
763 422 773 438 ,
795 392 984 441 ἀδιάκριτα
1003 397 1070 439 μὲν
1086 396 1188 428 ἔσται
1222 397 1242 428 5
1255 392 1396 438 quidem
1419 397 1524 428 erunt
1548 403 1639 437 quae
1661 392 1846 444 mulierum
1869 393 1971 434 sunt,
1995 400 2102 443 quam
2123 393 2242 435 ponus
2265 393 2328 441 aut

119 439 164 476 τὰ
187 443 264 476 τῶν
282 442 474 488 γυναικῶν,
498 444 593 476 τινος
614 408 763 484 aaliz
773 438 796 483 ἢ
818 443 913 474 τίνος
936 439 1090 474 ἔλαττον
1112 440 1186 484 ἐρᾷ,
1256 447 1361 482 quam
1383 437 1500 473 minus
1523 438 1709 480 amaverit,
1740 436 1934 472 indisereta
1957 435 2098 488 quidem
2122 445 2212 480 quae
2236 434 2326 469 fiho-

118 483 309 532 ἇδιάκριτα
340 484 379 521 δὲ
408 486 455 520 τὰ
478 487 555 520 τῶν
578 483 739 520 παίδων·
777 488 837 518 καὶ
859 480 955 527 ἡμεῖς
977 482 1018 518 οὖ
1044 482 1188 528 δίδομεν
1254 492 1350 518 rum:
1386 485 1423 518 et
1453 492 1518 518 nos
1547 493 1619 518 non
1642 482 1765 517 damus
1793 480 2070 534 luxuriantlbus,
2102 480 2166 515 sed
2178 479 2326 533 ‚Pndif‘iss

118 534 191 565 τοῖς
208 528 489 578 ἀσελγαίνουσιν,
513 527 604 565 ἀλλὰ
625 533 699 564 τοῖς
721 530 949 575 σωφρονοῦσι
971 530 1040 564 τὸν
1062 529 1186 573 νόμον.
1254 529 1375 572 legem.
1421 526 1504 562 Non
1519 532 1638 562 autem
1654 527 1888 562 differentiam
1906 526 2058 562 facimus
2077 525 2121 561 de
2136 524 2230 568 filus,
2254 533 2327 577 siv-e

119 573 170 610 Οὔ
201 574 451 622 διαφερόμεθα
481 573 522 609 δὲ
551 578 634 621 περὶ
662 576 739 608 τῶν
766 572 921 616 παίδων,
953 574 1024 608 εἴτε
1046 573 1189 621 ἄρρενες
1254 571 1404 608 masculi
1435 572 1508 607 sive
1531 572 1604 606 sint
1625 572 1790 607 feminae.
1837 572 1936 607 Sicut
1964 570 2058 607 enim
2085 574 2215 606 natura
2237 569 2327 604 1111111

117 620 188 655 εἴτε
211 620 356 664 θήλειαι
378 619 648 664 καθεστήκοιεν.
694 615 809 664 ὥςπερ
830 620 900 666 γὰρ
916 616 938 662 ἡ
956 618 1060 666 φύσις
1082 616 1188 653 οὐδὲν
1202 621 1242 653 10
1255 618 1352 653 circa
1372 617 1460 652 talia
1482 620 1633 659 tractat,
1666 617 1718 652 sic
1741 627 1856 661 neque
1878 627 1944 652 nos
1967 615 2075 652 aliam
2097 616 2134 650 in
2157 614 2327 650 masculis

117 669 198 743 ἓτερὶ
217 666 273 720 ’τὰ
286 666 455 723 ’τοιαῦτα
471 663 680 744 τξέἴὲνλοὶέιεῖ,
710 661 837 743 οῧῖιευς.
846 661 930 698 οὐδὲ
956 663 1066 719 ‚jaste-
1078 662 1187 742 ἄλλοιν
1254 666 1291 698 et
1312 662 1419 698 aliam
1440 661 1479 697 10
1497 661 1637 698 feminis
1660 661 1855 698 secundum
1877 661 1947 697 hoc
1970 661 2135 707 ponimus
2157 661 2280 705 legem.

116 723 164 791 ⁶⁷³
186 723 456 799 θᾜιίνενῗέμδῖ
478 724 537 788 “Et
550 721 681 798 μέντῖιτιι
695 709 764 795 (3:21
794 723 863 800 ‘23
877 721 1186 797 ἔιὲτῗταῒὲἔέἵῖδτοῦ
1253 753 1278 789 6
1324 751 1473 804 Oportet
1492 750 1586 786 enim
1605 739 1670 803 081·
1685 760 1823 802 omnem
1842 750 2184 803 viam-subtilitatem
2205 748 2326 802 simul-

115 796 364 892 ite‘ssmmez
380 768 1186 885 {2⁰32“²05⁶2:?⁶‘330i{³‘}?effosam-²·
1201 799 1541 878 15811εὲὶῇ
1553 795 1804 876 west&
1851 806 1908 875 ἐξ
1930 794 2326 876 efflemsi&

115 886 220 924 οὐδὲν
243 887 360 924 αὐτοῖς
382 858 557 935 ὑπῖἱρχεῗν
580 859 768 924 παντῖλῶς
789 871 1011 935 βὀυλόμεθα,
1036 857 1187 933 dm&
1253 852 1343 922 ffin
1365 886 1418 922 eis
1442 852 1592 938 exis-tire
1615 885 1757 938 01110100
1780 867 1957 929 volum'us,
1986 886 2088 930 pasci
2110 851 2208 921 veroq
2220 889 2326 920 natu-

115 934 255 980 φεσθαι
278 933 318 968 δὲ
339 934 420 969 τοὺς
441 932 578 969 νόθους
601 933 702 979 παρὰ
732 935 809 969 τῶν
832 938 991 980 γνησίων
1012 934 1186 976 θεσπιζο-
1254 932 1347 967 rales
1377 941 1400 966 a
1430 931 1594 975 legitimis
1614 941 1810 972 sancimus,
1842 934 1884 966 ut
1914 930 2016 966 decet
2046 941 2108 966 eos
2132 930 2327 966 secundm

114 992 183 1024 μεν
204 978 297 1015 κατὰ
318 979 361 1014 τὸ
386 983 526 1025 πρέπον
556 993 596 1014 τε
619 982 679 1013 καὶ
702 979 793 1025 πρὸς
821 979 864 1014 τὸ
891 980 956 1023 τῆς
984 976 1107 1013 οὐσίας
1126 981 1187 1022 με’-
1254 977 1476 1012 substantiae
1497 986 1699 1012 mensuram
1720 985 1743 1011 a
1766 976 1860 1011 bono
1884 976 1958 1011 viro
1982 976 2207 1017 arbitratum,
2231 975 2327 1020 quod

114 1037 202 1068 τρον
225 1024 324 1070 παρὰ
347 1021 478 1071 ἀνδρὸς
509 1022 652 1071 ἀγαθοῦ
680 1022 981 1069 δοκιμαζόμενον,
1008 1025 1116 1059 τοῦτο
1139 1021 1185 1067 δὴ
1253 1022 1415 1057 videlicet
1446 1021 1542 1067 apud
1571 1023 1714 1057 nostras
1745 1021 1838 1073 leges
1870 1021 1934 1056 viri
1965 1021 2049 1056 boni
2072 1020 2250 1073 arbitratu
2272 1019 2325 1073 di-

116 1069 158 1103 τὸ
189 1068 289 1116 παρὰ
316 1072 390 1104 τοῖς
421 1066 603 1115 ἡμετέροις
635 1066 759 1113 νόμοις
792 1070 878 1105 boni
911 1069 982 1105 viri
1011 1069 1185 1104 arbitratu
1198 1071 1241 1103 20
1254 1068 1359 1103 citur.
1405 1066 1484 1102 Hoc
1511 1067 1590 1112 ipso
1623 1065 1865 1107 custodiendo,
1897 1066 1952 1101 vel
1981 1066 2011 1101 si
2040 1075 2225 1110 comugem
2249 1075 2326 1110 qm-

115 1112 319 1160 λεγόμενον.
364 1111 497 1149 ταύτοῦ
519 1111 650 1149 τούτου
673 1113 950 1160 φυλαττομένου,
977 1113 1047 1148 κᾶν
1069 1115 1101 1148 εἰ
1121 1127 1183 1161 γα-
1254 1112 1333 1147 dem
1349 1112 1468 1154 habet,
1491 1111 1584 1147 filios
1600 1115 1718 1147 autem
1741 1111 1921 1146 naturales
1944 1113 1981 1146 et
1995 1121 2040 1146 ex
2056 1111 2225 1147 defimcta
2240 1120 2325 1146 con-

113 1159 227 1203 μετὴν
247 1161 316 1203 μὲν
338 1160 422 1202 ἔχοι,
445 1158 576 1194 παῖδας
599 1157 639 1193 δι’
659 1157 794 1194 νόθους
814 1162 852 1194 ἐκ
870 1161 932 1203 τῆς
955 1158 1184 1205 προτελευτη-
1253 1157 1384 1193 cubinn
1412 1156 1480 1193 sibi
1501 1161 1623 1199 natos,
1654 1156 1728 1203 (ut)
1760 1158 1795 1191 et
1816 1155 1869 1191 illi
1891 1156 2035 1191 alantur
2062 1157 2109 1192 ab
2139 1156 2217 1192 eius
2243 1166 2324 1191 suc·

115 1203 227 1247 σάσης
247 1203 428 1248 παλλακῆς
444 1202 543 1248 αὐτῷ
558 1207 777 1251 γενομέναις,
793 1201 880 1239 ὥςτε
898 1203 1079 1239 κάκείνους
1096 1202 1184 1239 ἄπο-
1253 1202 1464 1239 censoribus.
1509 1202 1564 1237 De
1584 1201 1775 1247 nepotibus
1795 1201 1888 1236 enim
1904 1201 2127 1236 naturalibus
2148 1211 2239 1254 quae
2254 1202 2326 1235 iam

113 1250 315 1294 τρέφεσθαι
352 1248 451 1295 παρὰ
487 1251 564 1284 τῶν
598 1246 708 1284 αὐτοῦ
748 1247 941 1292 διαδόχων.
999 1253 1080 1294 περὶ
1113 1249 1184 1296 γὰρ
1251 1258 1274 1283 8.
1308 1248 1410 1283 nobis
1447 1248 1650 1293 specialiter
1683 1247 1790 1282 etiam
1829 1246 1873 1281 de
1906 1246 1995 1291 ipsis
2032 1246 2205 1291 disposita
2242 1247 2327 1282 sunt

114 1293 277 1347 ἐκγόνων
298 1293 433 1329 νόθων
460 1294 507 1329 τὰ
528 1292 597 1338 ἢδη
626 1291 716 1340 παρ’
742 1292 848 1339 ἡμῶν
871 1295 986 1340 ῥητῶς
1016 1297 1099 1340 περὶ
1122 1292 1183 1328 αὖ·
1197 1296 1240 1329 25
1252 1293 1447 1329 obtineant.

114 1351 193 1373 των
213 1337 475 1386 διατεταγμένα
496 1343 684 1386 κρατείτω.

120 94 420 150 emeramus
445 116 520 149 sm

1087 1461 1245 1497 CAPUT
1268 1460 1369 1498 xm.

179 1538 189 1551 '
250 1538 260 1551 ’
278 1532 332 1575 ὧν
353 1539 392 1575 δὲ
412 1541 591 1583 θεμάτων
605 1541 687 1576 τοὺς
707 1539 843 1576 νόθους
866 1539 996 1577 παῖδας
1018 1539 1184 1575 ἐκαλέσα-
1298 1541 1340 1575 In
1363 1540 1493 1585 quibus
1515 1540 1609 1574 enim
1633 1538 1776 1575 casibus
1800 1538 1982 1574 naturales
2009 1537 2101 1573 filios
2124 1537 2328 1574 vocavimus

113 1599 180 1630 μεν
203 1597 251 1620 εις
272 1587 341 1630 τὴν
364 1585 546 1629 διαδοχήν,
571 1589 631 1622 ἐπὶ
656 1585 796 1621 τούτων
813 1590 871 1621 καὶ
896 1587 998 1621 αὐτοὶ
1014 1586 1082 1630 τὴν
1097 1588 1179 1630 πρέ-
1248 1586 1295 1621 ad
1326 1585 1607 1625 successionem,
1642 1584 1680 1619 in
1710 1584 1766 1620 his
1799 1594 1941 1629 quoque
1975 1586 2012 1618 et
2042 1583 2113 1629 ipsi
2144 1583 2327 1619 decentem

113 1642 255 1666 πουσαν
276 1635 350 1666 τοῖς
372 1635 530 1677 φυσικοῖς
552 1631 736 1677 πατράσιν
770 1629 1048 1678 εὖγνωμοσύνην
1070 1635 1183 1675 τηρεῖ·
1251 1630 1475 1666 naturalibus
1506 1629 1669 1674 patribus
1702 1629 1922 1665 devotionem
1948 1632 2101 1670 servent,
2134 1629 2328 1708 eademfflss

113 1689 248 1711 τωσαν.
289 1679 349 1710 καὶ
366 1676 464 1720 αὐτῷ
478 1678 532 1719 τῷ
550 1678 670 1721 μέτρῳ
691 1668 793 1732 ᾧπερ
809 1677 845 1711 οἱ
858 1680 972 1723 γονεῖς
988 1677 1183 1724 προνοοῦσι
1197 1678 1239 1711 30
1251 1685 1418 1711 mensura
1447 1674 1542 1710 sicut
1564 1678 1730 1720 parentes
1752 1674 1976 1719 prospiciunt
1997 1673 2221 1709 naturalibus
2286 1673 2308 1682 '⁵

113 1723 191 1755 τῶν
212 1722 375 1767 φυσικῶν
397 1720 543 1757 παίδων
565 1721 658 1756 κατὰ
680 1722 749 1756 τὸν
771 1726 943 1766 ημέτερον
965 1719 1097 1766 νόμον,
1124 1724 1184 1755 καὶ
1252 1721 1446 1757 secundum
1477 1724 1637 1756 nostram
1666 1720 1794 1764 legem,
1826 1721 1864 1754 et
1891 1719 1962 1763 ipsi
1990 1718 2201 1763 parentibus
2230 1729 2326 1754 com-

82 1800 87 1803 ,
114 1764 216 1800 αὐτοὶ
238 1766 320 1801 τοὺς
332 1770 447 1813 γονεῖς
461 1765 744 1811 ἀμειβέσθωσαν
768 1768 838 1801 εἴτε
861 1768 910 1801 εἰς
928 1767 990 1800 τὰς
1014 1764 1184 1809 διαδοχὰς
1251 1768 1404 1812 pensent
1427 1765 1553 1801 sivein
1568 1764 1856 1801 successionibus
1880 1774 1945 1801 seu
1966 1763 2004 1799 in
2019 1763 2208 1808 alimentis,
2234 1764 2329 1800 sicut

113 1811 254 1890 5⁶:⁷⁸¹ss
275 1811 340 1846 τὰς
361 1808 578 1858 ἇποτροφάς,
602 1811 774 1858 καθάπερ
801 1812 863 1847 ἐπ’
891 1809 1015 1847 αὐτῶν
1038 1825 1183 1856 νενομο-
1251 1821 1360 1857 super
1383 1811 1433 1847 eis
1458 1810 1683 1847 sancivimus.

146 1868 331 1901 ιτηκαμεν.

1082 1967 1240 2005 CAPUT
1262 1967 1360 2004 XIV.

180 2043 323 2090 Ἐπειδὴ
346 2044 387 2081 δὲ
408 2049 467 2080 καὶ
482 2048 693 2092 ἔμπροσθέν
715 2050 756 2083 ἐν
778 2059 854 2082 τισι
876 2047 955 2083 τῶν
978 2045 1182 2088 διατάξεων
1194 2050 1237 2083 35
1308 2047 1484 2092 Quoniam
1507 2057 1591 2082 vero
1623 2050 1660 2083 et
1688 2046 1822 2082 dudum
1851 2047 1891 2082 in
1913 2046 2126 2092 quibusdam
2157 2048 2327 2083 constitu-

115 2093 251 2140 εῖρηται
290 2090 366 2126 δεῖν
400 2092 448 2126 εἰς
484 2090 577 2137 ἅπερ
614 2092 651 2126 οἱ
686 2096 835 2139 πατέρες
872 2091 1078 2139 δωροῦνται
1111 2095 1185 2126 τοῖς
1251 2092 1411 2128 tionibus
1431 2093 1566 2127 dictum
1581 2094 1638 2127 est
1656 2094 1823 2138 oportere
1844 2092 1882 2128 in
1899 2093 2028 2138 quibus
2052 2096 2174 2138 patres
2195 2092 2330 2128 donant

117 2246 309 2283 admodum
331 2245 490 2282 diximus
512 2247 673 2289 agnitam
696 2252 732 2282 et
753 2246 885 2283 liberos
906 2258 957 2283 ex
979 2258 1023 2283 ea
1043 2251 1232 2294 susceptos
1254 2247 1506 2289 concedemus,
1536 2247 1570 2282 si
1592 2246 1692 2293 quod
1717 2246 1819 2282 aliud
1836 2250 2031 2294 praeterea
2054 2246 2214 2283 libidinis
2235 2258 2328 2294 opus

112 2291 331 2339 protulerit,
361 2295 402 2326 ut
424 2290 462 2326 id
484 2302 627 2337 quoque
650 2291 700 2326 ad
719 2292 974 2327 successionem
997 2293 1074 2327 eius
1095 2292 1326 2336 admittatur,
1356 2293 1391 2327 si
1411 2293 1602 2327 intestatus
1621 2291 1820 2327 decesserit.
1868 2291 1951 2327 Nisi
1981 2293 2074 2327 enim
2094 2292 2162 2328 hoc
2184 2292 2327 2328 sancia-

117 2347 208 2379 mus,
242 2335 378 2371 nullum
411 2335 480 2371 erit
510 2334 699 2371 discrimen
731 2335 769 2370 in
800 2336 1022 2378 mulieribus,
1058 2347 1167 2382 quam
1197 2338 1315 2383 maqis
1344 2347 1494 2382 quamve
1524 2336 1641 2371 minus
1670 2336 1861 2378 amaverit,
1896 2336 2035 2371 nullum
2066 2336 2258 2372 discrimen
2289 2337 2327 2372 in

118 2380 260 2416 liber-is.-
279 2390 394 2426 neque
415 2390 484 2415 nos
505 2379 552 2415 iis
575 2380 638 2426 qui
662 2380 862 2423 luxuriose,
892 2380 957 2417 sed
978 2381 1040 2427 qui
1063 2387 1161 2417 caste
1182 2381 1306 2417 vivum
1329 2381 1442 2428 leqem
1465 2381 1604 2417 damus.
1652 2380 1728 2416 Nec
1752 2392 1836 2417 vero
1857 2380 2111 2427 distinquimus
2133 2382 2172 2416 in
2194 2381 2326 2424 liberis,

119 2426 194 2461 sive
216 2424 366 2460 masculi
387 2424 461 2460 sive
481 2425 642 2470 feminae
664 2425 747 2460 sint.
903 2425 1094 2461 admodum
1124 2426 1218 2461 enim
1240 2430 1375 2462 natura
1398 2426 1490 2461 nihil
1519 2426 1617 2462 circa
1638 2424 1728 2462 haec
1752 2425 1840 2462 talia
1864 2430 2080 2472 arqutatur,
2112 2426 2166 2462 ita
2194 2437 2240 2462 ne
2262 2438 2329 2462 nos

118 2471 144 2507 6
188 2469 329 2516 quedem
351 2469 460 2504 aliam
482 2469 527 2505 de
545 2469 714 2505 masculis
737 2469 847 2505 aliam
876 2469 921 2506 de
942 2471 1090 2516 feminis
1118 2469 1188 2506 hac
1216 2470 1255 2506 in
1278 2482 1319 2506 re
1341 2470 1454 2517 leqem
1498 2471 1639 2507 erirnus.

119 2525 256 2551 omnem
280 2513 486 2560 diliqentiae
507 2514 616 2550 simul
636 2520 671 2550 et
686 2515 836 2561 pietatis
858 2516 951 2551 viam
975 2516 1079 2559 inire)
1110 2515 1288 2561 leqitimos
1310 2516 1441 2552 liberos
1535 2526 1599 2551 ens
1620 2515 1728 2552 etiam
1755 2515 1942 2552 naturales
1964 2516 2172 2562 reliquerit,
2204 2516 2249 2552 ab
2274 2518 2327 2552 in-

119 2564 248 2595 testato
267 2560 312 2594 iis
327 2557 419 2593 nihil
437 2560 582 2594 omnino
603 2559 748 2605 adquiri
767 2559 941 2602 volumus,
966 2564 1083 2596 tamen
1106 2561 1160 2596 ali
1176 2560 1362 2597 naturales
1381 2572 1405 2596 a
1424 2561 1592 2608 leqitimis
1613 2561 1796 2596 sancimus
1815 2561 1871 2596 uti
1888 2560 1989 2597 decet
2008 2569 2118 2608 atque
2158 2571 2201 2597 ro
2220 2561 2327 2598 modo

116 2604 335 2650 facultatum
365 2615 388 2639 a
418 2604 496 2640 viro
528 2603 622 2639 bono
653 2604 895 2647 aestimando,
926 2605 965 2641 id
990 2605 1090 2651 quod
1119 2606 1157 2641 in
1187 2606 1324 2641 nostris
1353 2605 1490 2651 leqibus
1520 2606 1606 2641 boui
1628 2606 1691 2641 viri
1720 2606 1897 2642 arbitratu
1920 2605 2064 2642 dieitur.
2146 2611 2230 2653 tque
2258 2606 2328 2642 hoo

119 2648 211 2684 idem
230 2647 467 2691 custodiatur,
491 2648 572 2684 licet
594 2649 675 2694 quis
697 2653 734 2685 et
754 2650 941 2695 coniuqem
964 2649 1094 2686 habeat
1116 2655 1152 2686 et
1169 2650 1355 2686 naturales
1377 2650 1508 2687 liberos
1530 2662 1580 2687 ex
1600 2651 1799 2687 concubina
1822 2655 1907 2686 ante
1922 2655 2068 2687 mortua
2091 2651 2125 2687 ei
2144 2656 2264 2693 natos,
2287 2656 2329 2687 ut

118 2693 176 2729 illi
194 2704 338 2746 quoque
360 2704 383 2728 a
405 2694 670 2730 successoribus
691 2694 768 2730 eius
790 2694 946 2730 alantur.

118 2738 163 2775 de
186 2749 231 2774 us
253 2738 447 2774 constituta
470 2742 565 2774 sunt.

250 2783 348 2819 XIII.
396 2781 442 2818 In
465 2783 595 2829 quibus
616 2788 735 2819 autem
758 2784 900 2820 casibus
921 2785 1107 2820 naturales
1130 2785 1263 2821 liberos
1284 2785 1334 2820 ad
1354 2786 1612 2821 successionem
1635 2785 1857 2828 vocavimus,
1880 2787 1919 2822 in
1941 2787 1988 2823 iis
2010 2791 2046 2822 et
2067 2786 2139 2833 ipsi
2154 2786 2328 2833 patribus

117 2828 342 2864 naturalibus
363 2839 441 2864 eam
465 2839 573 2874 quam
597 2828 698 2864 decet
715 2829 823 2874 fidem
842 2835 994 2866 servent.
1041 2833 1159 2876 Atque
1180 2830 1303 2866 eadem
1326 2841 1495 2866 mensura
1519 2841 1592 2877 qua
1613 2835 1785 2877 parentes
1808 2830 1931 2867 liberis
1952 2832 2181 2867 naturalibus
2203 2842 2327 2867 secun—

117 2873 201 2908 dum
226 2872 337 2925 legem
354 2874 787 2925 ‘nos-tramprospiciunt,
819 2874 891 2921 ipsi
921 2885 1064 2922 quoque
1088 2879 1264 2922 parentes
1291 2886 1378 2911 suos
1407 2881 1680 2912 remunerentur
1709 2876 1785 2912 sive
1812 2876 1851 2911 in
1879 2877 2164 2912 successionibus
2191 2877 2266 2912 sive
2288 2877 2327 2912 in

116 2917 307 2960 alimomas,
328 2922 433 2953 siculi
456 2918 501 2953 de
521 2928 569 2953 us
589 2919 789 2954 sanximus.

249 2962 345 2998 XIV.
391 2961 567 3006 Quoniam
590 2968 708 2999 autern
738 2964 810 2999 iam
839 2968 946 3001 antea
972 2965 1011 3000 in
1033 2965 1245 3011 quibusdam
1273 2964 1588 3001 constitutionibus
1617 2965 1751 3001 dictum
1774 2969 1828 3002 est
1859 2970 2028 3014 oportere
2055 2971 2184 3014 patres
2214 2967 2253 3001 in
2281 2966 2327 3000 iis

1753 2469 1796 2506 Si
1827 2472 1910 2516 quis
1936 2481 2021 2506 vero
2048 2474 2205 2518 (oportet
2234 2472 2328 2507 enim

994 2695 1088 2731 Nam
1110 2695 1156 2731 de
1178 2696 1366 2742 nepotibus
1396 2695 1623 2731 naturalibus
1645 2695 1791 2731 valeant
1806 2706 1901 2742 quae
1925 2696 1998 2731 iam
2020 2707 2044 2731 a
2068 2696 2170 2733 nobis
2194 2696 2329 2733 diserte

150 3120 172 3152 4
182 3117 326 3172 e'i'yeLei
340 3120 416 3161 132,
426 3118 499 3164 8116
511 3123 608 3174 τίνος
621 3118 758 3174 μᾶλλον
771 3116 792 3163 ἢ
806 3124 901 3154 τίνος
914 3122 965 3157 Ες
975 3123 1030 3165 (qs.
1042 3123 1117 3163 132,
1129 3124 1184 3164 10)]

1253 3122 1325 3155 (1810
1340 3121 1405 3155 filii
1420 3134 1502 3156 corr.
1516 3121 1593 3165 13³1]
1612 3122 1756 3164 quidem]
1772 3124 1881 3155 autem
1899 3123 1990 3155 Beck
2007 3123 2019 3162 11
2036 3125 2054 3155 7
2070 3132 2129 3154 008
2146 3134 2203 3154 om.
2216 3121 2327 3164 RT¹11

118 3161 255 3206 μᾶλλον
269 3173 411 3204 ηστινος
424 3165 470 3197 Μ
484 3164 498 3208 Ι
522 3166 541 3199 8
561 3177 628 3199 τον
644 3168 770 3208 νομον]
793 3165 836 3198 τὸ
857 3164 1013 3210 νόμιμον
1039 3169 1113 3208 132,
1126 3175 1158 3202 12
1174 3169 1185 3210 ΙΙ
1217 3193 1219 3199 2
1254 3169 1273 3201 8
1291 3167 1441 3208 facimus]
1464 3167 1644 3200 metimus
1663 3168 1721 3211 V!
1736 3170 1757 3202 9
1773 3167 1928 3200 masculis
1949 3166 2006 3210 V]
2021 3167 2093 3199 siue
2108 3165 2176 3198 sint
2198 3166 2243 3205 V]
2267 3175 2324 3196 880

122 3210 164 3242 10
176 3204 281 3240 οὐδὲν
304 3220 362 3240 om·
376 3208 672 3261 Minitiopaqinae
688 3212 702 3253 fl
720 3212 759 3245 13
778 3211 823 3243 Εἰ
837 3213 962 3253 μέντοι
983 3213 1012 3244 h.
1028 3213 1048 3245 l.
1063 3225 1121 3245 om.
1136 3224 1155 3248 ς
1175 3214 1178 3251 ἔ

123 3253 165 3285 14
188 3252 280 3292 ἔχων
295 3253 360 3292 τις]
383 3252 420 3285 si
434 3253 509 3295 quis
523 3254 629 3296 igitur
647 3255 772 3289 habens
793 3267 812 3292 ς
828 3256 842 3295 fl
861 3257 901 3290 18
921 3268 961 3289 τε
975 3258 1035 3289 καὶ
1059 3270 1116 3290 om.
1133 3269 1152 3294 ς
1175 3256 1187 3301 ΙΙ

121 3297 164 3329 20
186 3295 358 3328 uoniuitra
379 3297 567 3332 arbitrawv
590 3299 647 3340 M,
682 3300 746 3332 viri
769 3300 849 3333 boni
879 3301 1044 3334 arbitratu
1069 3314 1088 3338 ς
1122 3299 1186 3335 ἀν-

121 3337 204 3384 δρὸς
222 3335 365 3384 ἇγαθοῦ
386 3338 575 3385 δοκιμᾶσιν
593 3340 794 3387 (δοκίμασιν
808 3345 867 3386 L2)
891 3347 921 3378 L
946 3342 1076 3391 ἀνδρὸς
1099 3343 1187 3392 ἀγα-

120 3384 194 3418 θοῦ
219 3381 409 3427 δοκιμασία
424 3387 499 3419 Am.
514 3386 528 3425 ΙΙ
551 3388 594 3421 22
610 3389 649 3421 ἐκ
663 3389 724 3431 τῆς
739 3388 1072 3433 προτελευτησάσης]
1097 3396 1129 3424 et
1148 3402 1187 3424 ex

121 3430 276 3462 defuncta
288 3441 307 3464 ς
323 3428 336 3471 Ι
353 3430 395 3462 25
409 3429 570 3476 ἐγγόνων
583 3433 701 3466 Theod.
715 3435 792 3466 Ath.
811 3435 823 3476 ΙΙ
838 3435 920 3478 περὶ
936 3431 1070 3476 αὐτῶν]
1087 3437 1187 3468 etiam

121 3473 261 3524 (le-ipsis
281 3485 300 3508 ς
317 3474 330 3513 Β
346 3474 388 3507 26
405 3471 674 3521 διατεταγμένα]
703 3479 778 3512 cod.
793 3481 824 3520 5,
838 3486 884 3519 27,
898 3486 929 3512 12
984 3481 1025 3514 35
1051 3481 1091 3513 ἔν
1113 3492 1187 3514 τισι

122 3530 200 3551 των
223 3514 437 3560 διατάξεων]
465 3520 542 3553 eod.
564 3524 596 3562 5,
608 3529 656 3563 29,
669 3529 695 3555 4.
720 3530 766 3564 35,
779 3530 796 3557 3

167 3608 187 3640 3
210 3606 392 3658 1118111οπ1-
408 3607 507 3651 1214
530 3609 592 3642 hoo
611 3620 679 3643 non
698 3611 791 3656 1⁷115
815 3614 894 3644 suut
917 3612 1042 3644 deLR³
1057 3613 1071 3657 Ι
1088 3615 1108 3648 6
1124 3614 1187 3646 mi-

121 3653 196 3692 nus]
217 3661 328 3684 11111108
343 3654 403 3685 aut
422 3662 522 3694 quam
545 3654 597 3687 1⁷⁰
613 3654 628 3698 Ι
642 3656 827 3690 amanei-int
848 3656 902 3699 Vfl
919 3655 1092 3691 indiscreti
1113 3659 1186 3700 qui-

1253 3213 1322 3245 sint
1345 3213 1438 3245 R¹T
1467 3213 1535 3244 sint
1557 3222 1616 3245 880
1641 3212 1690 3245 R²
1717 3213 1730 3256 fl
1760 3215 1800 3247 10
1821 3213 1921 3245 aliam
1943 3213 1979 3244 in
2003 3210 2156 3243 masculis
2179 3222 2237 3242 om.
2263 3209 2298 3242 V
2314 3209 2326 3250 Η

1255 3259 1296 3291 13
1315 3256 1512 3290 subtilitatis
1527 3257 1692 3299 simulque
1710 3258 1845 3300 pietatis
1863 3258 1995 3290 Contius
2011 3256 2023 3298 ΙΙ
2043 3257 2083 3288 15
2108 3253 2240 3295 quidem
2264 3265 2323 3286 om.

1261 3301 1316 3345 Vn
1335 3304 1376 3336 21
1393 3304 1515 3343 autem]
1539 3305 1597 3335 aut
1617 3302 1703 3344 VT’,
1727 3315 1785 3335 om.
1802 3303 1849 3335 T¹
1868 3301 1881 3344 ΙΙ
1897 3304 1930 3333 et
1951 3302 2001 3340 ex]
2028 3303 2060 3331 et
2084 3311 2141 3331 om.
2155 3299 2198 3331 al.
2217 3298 2323 3340 10οο-

1253 3347 1375 3379 oubina
1395 3347 1549 3380 defuncta
1570 3346 1626 3391 ΤΙΙ
1645 3348 1687 3380 22
1711 3349 1749 3380 ut
1774 3347 1850 3379 add.
1865 3345 1959 3378 Beck
1975 3344 1988 3386 fl
2004 3343 2138 3375 alantur
2157 3342 2204 3382 V]
2227 3341 2324 3374 alun-

1254 3394 1310 3424 tur
1333 3392 1403 3424 RT
1426 3391 1439 3435 fl
1466 3392 1513 3424 eis
1538 3392 1569 3424 T
1595 3391 1608 3434 fl
1636 3390 1905 3424 successionibus.
1951 3386 2201 3429 Deponentibus
2226 3386 2287 3437 Tn-
2312 3385 2326 3430 Ι

1254 3438 1296 3470 23
1327 3437 1427 3477 80110]
1458 3438 1569 3468 autem
1599 3436 1686 3468 enim
1710 3436 1758 3468 R¹
1787 3435 1800 3477 {1
1829 3435 1873 3467 24
1903 3432 2061 3473 disposita
2082 3431 2183 3473 vulq.]
2217 3432 2325 3472 posita

1253 3481 1384 3523 RVTn
1408 3482 1450 3514 25
1474 3481 1649 3522 optima-0
1673 3480 1705 3513 V
1727 3480 1738 3521 Ι
1763 3481 1803 3512 27
1830 3477 1928 3516 enim]
1952 3478 2062 3507 autem
2086 3475 2170 3518 vulq.
2189 3474 2203 3517 Ι
2226 3485 2325 3508 uoca-

1254 3525 1401 3558 uerimus
1421 3526 1455 3557 V
1471 3535 1628 3557 uooamus
1653 3525 1685 3557 T
1705 3523 1718 3567 Ι]
1746 3524 1787 3556 28
1811 3522 1893 3564 ipsis
1919 3521 1951 3553 T
1970 3519 1983 3562 ΙΙ
2007 3519 2217 3552 decedentem
2240 3519 2291 3552 R¹
2313 3519 2326 3563 fl

1255 3571 1297 3604 29
1321 3569 1531 3602 naturalibus
1554 3582 1613 3602 om.
1637 3569 1687 3601 R¹
1716 3567 1729 3610 ΙΙ
1756 3568 1797 3601 31
1824 3566 2012 3606 compenset
2039 3564 2090 3596 V¹
2117 3563 2131 3606 Ι
2159 3565 2201 3597 33
2226 3574 2326 3607 super

1254 3614 1301 3646 eis
1321 3615 1367 3654 V]
1392 3614 1544 3656 superius
1564 3613 1726 3655 RTvulq.
1745 3611 1758 3653 l]
1774 3609 1952 3642 sanctimus
1974 3608 2031 3651 V!
2048 3609 2091 3642 36
2114 3608 2254 3641 donauit
2276 3609 2324 3642 1³¹

1254 3659 1398 3691 donant·
1427 3658 1460 3691 T

1988 3708 2057 3742 56*
