2592 3840
214 60 322 102 Nov.
352 59 493 103 LXIX
527 64 543 102 1
1277 61 1361 108 350
1913 79 1974 111 u’r
2004 79 2150 112 oms
2179 78 2433 113 oscannum

213 168 259 223 τᾲ
285 171 435 204 τοιαῦτα
457 169 685 213 τεχνάζουσι·
718 175 777 205 καὶ
797 173 910 205 ταῦτα
934 170 1129 219 ἄνθρωποι
1153 171 1291 221 δρῶσιν
1361 175 1560 219 chinantur,
1585 178 1620 211 et
1640 176 1728 211 haec
1747 176 1905 213 homines
1924 181 2132 224 perpetrant
2149 182 2330 224 tamquam
2350 188 2431 226 per-

215 226 263 249 ως
296 212 439 259 διηνεκῆ
470 216 537 260 τὴν
567 215 719 260 δύναμιν
751 217 843 257 ἕξειν
868 214 1112 261 πιστεύοντες,
1144 222 1203 253 καὶ
1228 217 1291 254 οὐκ
1359 224 1505 264 petuam
1540 219 1705 257 virtutem
1740 222 1924 259 habituros
1959 233 1998 259 se
2029 223 2259 268 confidentes,
2293 227 2330 260 et
2360 235 2432 261 non

216 257 486 314 ffnossle'novo'w
509 262 556 296 εἰς
579 260 623 295 τὰ
648 260 762 296 πολλοὶ
789 265 848 295 καὶ
870 266 979 308 μυρία
1004 262 1161 321 παραδεί
1181 278 1291 310 ματα,
1360 265 1557 309 respiciunt
1587 267 1634 302 ad
1663 267 1774 303 multa
1806 270 1842 303 et
1865 267 1981 305 decies
2004 268 2117 306 milies
2141 270 2317 316 exempla,
2349 269 2433 315 quia

215 318 342 353 οτιπερ
366 305 435 352 ὀψὲ
459 310 518 340 καὶ
537 305 638 350 μόλις
661 309 720 340 καὶ
744 308 784 341 έν
807 307 1008 354 προςώποις
1038 322 1137 356 ευαρι
1170 308 1292 354 μήτοις
1361 320 1440 346 sero
1465 311 1608 347 tandem
1631 315 1667 347 et
1689 313 1726 348 in
1750 313 1913 358 personis
1936 314 2214 352 numerabilibus
2240 324 2285 352 ex
2307 318 2432 360 poten-

217 352 256 384 ἐκ
270 349 450 406 ’δυνατῶν
473 350 614 397 εἴδομεν
638 351 831 406 προΐιξντας
856 351 1026 389 δυνατούς
1049 358 1109 389 καὶ
1128 356 1166 390 ἐκ
1185 354 1291 392 πλου-
1329 359 1347 391 5
1362 356 1456 391 tibus
1480 355 1629 394 vidimus
1660 362 1824 403 potentes
1847 359 2052 404 procedere,
2085 370 2129 396 ex
2151 359 2319 397 divitibus
2346 359 2431 396 divi-

216 409 383 432 τουντων
414 396 672 438 πλουτοῦντας,
705 411 747 431 το
776 395 816 431 δὲ
845 399 983 434 ἐπίπαν
1012 398 1141 443 σχεδὸν
1165 402 1203 435 ἐκ
1226 402 1293 446 μὲν
1361 406 1426 444 tes,
1450 402 1487 436 in
1504 412 1608 438 omne
1627 406 1746 438 autem
1762 413 1876 449 paene
1893 414 1936 440 ex
1951 405 2157 450 potentibus
2206 408 2434 441 recesserunt

217 439 386 476 δυνατῶν
407 442 577 487 προΐασιν
598 440 776 485 ἀσθενεῖς,
796 445 835 477 ἐκ
851 442 1108 480 πλουτούντων
1129 444 1168 481 δὲ
1185 449 1292 489 πένη-
1360 447 1503 489 inanes,
1536 457 1580 483 ex
1609 447 1773 485 divitibus
1805 452 1924 493 autem
1951 460 2146 496 pauperes,
2202 461 2260 487 um
2291 452 2434 497 patrum

216 498 288 528 τες,
325 489 387 531 τῆς
418 489 495 522 τῶν
518 491 690 533 πατέρων
719 486 858 523 ἀδικίας
889 493 962 523 τοῖς
988 490 1026 531 ἐξ
1059 488 1181 526 αὐτῶν
1210 504 1292 526 κατ·
1363 491 1537 528 iniustitia
1558 493 1716 529 sobolem
1739 497 1794 530 est
1817 497 1952 539 secuta,
1983 499 2020 531 et
2041 506 2116 532 non
2139 496 2298 541 cogitant
2319 506 2344 531 n
2389 503 2449 531 uev

217 531 500 585 gnossovffoicvs·
525 536 584 567 καὶ
607 532 669 567 οὐκ
693 535 879 569 ἐννοοῦσιν
902 532 985 569 οὐδὲ
1007 535 1223 583 λογίζονται,
1248 533 1295 571 ὡς
1362 540 1549 582 reputant,
1581 540 1749 583 quoniam
1780 540 1874 585 quod
1904 540 1973 586 ipsi
2003 541 2107 585 quasi
2136 551 2201 587 pro
2232 551 2272 577 se
2301 505 2433 576 masai-

215 591 305 625 οπερ
330 575 440 633 αὐτοὶ]
457 577 574 621 δῆθεν
597 575 687 625 ὑπὲρ
712 579 853 614 ἑαυτῶν
874 582 1112 624 μηχανῶνται
1134 586 1212 617 ταῖς
1236 580 1293 616 δυ·
1309 586 1348 617 10
1363 585 1495 617 uantur
1523 584 1760 628 potestatibus
1791 589 1943 628 utentes,
1979 585 2049 623 hoc
2070 586 2195 622 forsan
2225 589 2350 623 contra
2373 596 2434 621 eos

217 622 344 679 νοζιμεσι
367 637 556 677 χρωμενοι,
581 625 688 679 τοῦτο
713 625 801 659 ἴσως
823 623 914 660 κατὰ
937 627 1016 661 τῶν
1030 630 1232 675 γινομένων
1256 628 1294 668 ἐξ
1363 627 1424 672 qui
1455 637 1499 663 ex
1531 628 1582 664 eis
1612 632 1846 674 procreantur
1870 634 1997 676 agunt,
2028 641 2100 669 non
2124 631 2248 669 eadem
2275 630 2435 678 potentia

217 670 339 747 gv‘cffw
363 682 595 749 rgga‘ewvocv,
627 683 667 704 ov
699 671 760 714 τῆς
791 668 897 715 αὐτῆς
928 673 1073 708 ἐκείνοις
1103 672 1293 709 ἐπακολου·
1363 676 1532 718 sequente
1555 674 1713 711 sobolem
1737 685 1828 721 quae
1850 676 1941 713 illos.
2187 681 2189 683 ’

248 726 352 758 ουσης
399 726 567 759 υναμεως.

1219 808 1376 846 CAPUT
1403 809 1432 845 Ι.

258 886 375 918 Ταῦτα
391 882 627 928 ἐννοήσαντες
641 884 709 920 τὸν
722 884 889 931 παρόντα
906 887 1031 922 θεῖναι
1047 887 1160 933 νόμον
1172 886 1295 933 ᾠήθη·
1410 887 1510 923 Haec
1529 887 1794 925 considerantes
1813 891 2037 935 praesentem
2054 899 2188 935 ponere
2201 890 2314 935 legem
2329 888 2435 925 aesti-

215 944 283 975 μεν
302 931 439 976 χρῆναι.
487 933 547 964 καὶ
571 931 863 980 προαγορεύομεν
883 933 973 968 πᾶσι
992 936 1065 968 τοῖς
1082 935 1122 968 ἐν
1141 937 1218 968 ’ταῖς
1234 937 1294 969 ἐπ·
1311 938 1351 969 15
1363 934 1535 968 mavimus
1559 935 1734 978 oportere.
1773 934 1824 970 Et
1846 934 2083 981 praecipimus
2107 935 2269 972 omnibus
2290 935 2328 970 in
2350 944 2434 980 pro·

218 979 353 1022 αρχίαις
377 976 546 1018 οἰκοῦσιν,
576 973 705 1011 ὁπόσοι
735 978 814 1012 τῶν
844 975 1028 1024 ἡμετέρων
1058 978 1295 1014 κατακούουσι
1363 979 1487 1014 vinciis
1503 978 1680 1014 iudicibus
1697 979 1909 1026 quicumque
1927 980 2061 1017 nostris
2075 980 2269 1017 oboediunt
2286 979 2435 1026 sceptris

217 1021 413 1064 σκήπτρων
433 1023 494 1057 ἐπὶ
513 1022 575 1065 τῆς
589 1018 747 1064 ὑπηκόου
763 1019 879 1066 πάσης
898 1025 959 1066 τῆς
979 1037 1018 1058 τε
1038 1024 1086 1058 εἷς
1101 1020 1296 1067 ἀνίσχοντα
1364 1025 1401 1059 in
1432 1024 1597 1060 universa
1628 1023 1767 1061 dicione
1802 1029 1839 1061 et
1870 1035 1962 1071 quae
1991 1025 2244 1064 ascendentem
2271 1025 2367 1061 videt
2399 1028 2437 1059 et

216 1065 416 1110 βλεποὺσης
439 1068 501 1110 τῆς
518 1079 563 1118 ’τε
587 1066 676 1114 πρὸς
699 1065 874 1115 δυόμενον
896 1065 997 1113 ἥλιον
1028 1072 1089 1113 τῆς
1111 1083 1151 1104 τε
1177 1070 1295 1104 ἑκατέ-
1365 1079 1455 1115 quae
1486 1069 1706 1105 occidentem
1737 1071 1849 1107 solem
1879 1074 1914 1107 et
1934 1081 2026 1117 quae
2055 1081 2100 1107 ex
2123 1073 2204 1107 utro
2231 1080 2276 1107 ue
2306 1073 2361 1106 est
2382 1070 2435 1106 la·

218 1111 476 1156 pmffisvstficnc,
494 1108 582 1147 ὡςτε
598 1115 752 1148 ἕκαστον
769 1111 830 1160 ἐφ’
849 1113 889 1162 ᾑς
908 1116 1079 1160 ἐπαρχίας
1100 1114 1299 1160 πλημμελεῖ
1364 1117 1450 1159 tere,
1482 1118 1523 1150 ut
1545 1115 1792 1168 unusquisque
1813 1116 1851 1152 in
1876 1127 1946 1161 qua
1969 1116 2152 1170 provincia
2176 1117 2219 1153 de
2234 1116 2244 1124 “
2272 1115 2349 1161 quit
2373 1118 2436 1151 aut

216 1156 237 1201 ἢ
258 1154 318 1203 ἐφ’
338 1156 376 1200 ἧς
398 1157 594 1203 χρημάτων
618 1155 640 1202 ἢ
665 1157 897 1205 ἐγκλημάτων
920 1157 1125 1195 ὑπεύθυνος
1139 1165 1294 1215 γίνεται,
1310 1160 1401 1197 2oin
1430 1170 1500 1206 qua
1527 1170 1759 1206 pecuniarum
1791 1164 1855 1197 aut
1880 1162 2064 1198 crimmum
2094 1171 2176 1198 reus
2207 1161 2265 1204 fit,
2296 1161 2370 1197 sive
2393 1159 2437 1196 de

217 1203 287 1237 εἴτε
319 1205 401 1249 περὶ
432 1204 494 1250 γῆς
525 1200 636 1251 ὁρίων
664 1204 735 1238 εἴτε
763 1207 846 1251 περὶ
870 1203 1080 1241 δεσποτείας
1111 1207 1182 1240 εἰτε
1213 1209 1295 1249 περὶ
1364 1209 1460 1241 terra
1484 1209 1520 1241 et
1542 1205 1587 1241 de
1606 1206 1764 1242 terminis
1788 1208 1861 1244 s'ive
1885 1208 1930 1244 de
1947 1207 2168 1253 proprietate
2192 1207 2264 1242 sive
2286 1206 2331 1242 de
2352 1215 2435 1251 pos-

217 1249 324 1293 ι·ομῆς
347 1245 369 1291 ἢ
392 1246 580 1293 ὑποθήκης
610 1245 632 1304 ἢ
662 1253 744 1295 περὶ
774 1250 896 1298 ἑτέρας
921 1248 1132 1294 οἱαςδὴποτε
1156 1264 1185 1287 π
1208 1252 1295 1298 οφά-
1365 1251 1523 1287 sessione
1539 1255 1601 1287 aut
1615 1251 1819 1297 hypotheca
1836 1253 1892 1289 vel
1908 1253 1953 1289 de
1968 1253 2128 1299 qualibet
2148 1252 2219 1288 alia
2236 1250 2435 1293 occasione,

217 1305 322 1337 σεως,
354 1295 465 1328 ἐκεῖσε
494 1298 555 1329 καὶ
585 1306 650 1330 τας
673 1291 831 1330 εὐθύνας
860 1294 1007 1340 ὑπέχειν
1035 1299 1154 1340 (τοῦτο
1179 1264 1223 1340 δὴ
1253 1295 1295 1332 τὸ
1363 1297 1436 1333 illic
1468 1297 1575 1333 etiam
1603 1297 1674 1332 iuri
1705 1297 1890 1335 subiaceat
1923 1298 2006 1341 (hoc
2037 1298 2130 1336 enim
2164 1297 2261 1343 apud
2292 1306 2437 1342 praece-

218 1343 276 1372 καὶ
301 1342 373 1374 τοῖς
405 1340 476 1387 πρὸ
500 1337 604 1384 ἡμῶν
628 1341 847 1385 νομοθέταις
870 1340 1041 1377 ποικίλως
1069 1344 1136 1387 μὲν
1159 1343 1236 1390 εἰρη
1265 1345 1296 1376 ε’·
1366 1342 1489 1379 dentes
1514 1342 1734 1386 legislatores
1757 1343 1853 1379 varie
1877 1344 2035 1390 quidem,
2065 1347 2186 1379 tamen
2215 1343 2348 1379 dictum
2371 1345 2436 1385 est,

217 1398 281 1419 νον
305 1383 346 1418 δὲ
369 1381 481 1429 ὅμως,
513 1386 544 1419 εἰ
567 1388 627 1419 καὶ
649 1385 699 1430 μὴ
722 1386 898 1435 καθαρῶς
929 1390 988 1421 καὶ
1018 1385 1065 1422 ὥς
1088 1385 1184 1433 ἡμεῖς
1208 1386 1295 1423 αυτὸ
1310 1390 1352 1423 25
1364 1388 1449 1424 licet
1470 1398 1544 1424 non
1566 1397 1655 1433 pure
1679 1391 1715 1423 et
1735 1388 1830 1424 sicut
1852 1400 1918 1426 nos
1943 1389 2032 1425 illud
2051 1387 2378 1432 consideravimus),
2401 1390 2438 1423 et

217 1428 490 1475 διενοήθημεν),
524 1428 613 1465 ἀλλὰ
635 1430 686 1477 μὴ
710 1434 830 1474 ζητεῖν
857 1430 1034 1480 ὑπερόρια
1057 1431 1295 1468 πλεονεκτεῖν.
1365 1433 1459 1469 ultra
1482 1433 1653 1469 terminos
1676 1433 1817 1479 litigare
1839 1445 1911 1471 non
1935 1438 2095 1480 quaerat.

216 1477 236 1510 1
283 1476 355 1510 εἴτε
385 1477 452 1523 γὰρ
482 1475 621 1524 μεγάλα
652 1476 698 1511 τὰ
723 1475 966 1523 ἁμαρτήματα
989 1475 1011 1522 ἢ
1034 1477 1078 1513 τά
1102 1477 1295 1526 συναλλάγ·
1364 1480 1385 1514 1
1431 1478 1512 1514 Sive
1543 1478 1637 1514 enim
1672 1489 1800 1524 magna
1834 1480 1962 1516 delicta
1993 1480 2088 1523 [sint]
2123 1480 2196 1515 sive
2230 1478 2437 1514 contractus

214 1534 314 1565 ματα
345 1522 567 1565 καθέστηκε,
599 1520 665 1569 χρὴ
697 1524 789 1557 πᾶσι
820 1523 968 1569 τρόποις
999 1521 1061 1558 ἐπ’
1094 1521 1213 1559 αὐτοῖς
1236 1527 1296 1558 καὶ
1367 1524 1577 1568 consistunt,
1602 1527 1745 1569 oportet
1768 1525 1932 1562 omnibus
1954 1525 2069 1562 modis
2092 1531 2200 1571 super
2222 1524 2274 1559 eis
2297 1525 2334 1559 et
2351 1533 2436 1559 con-

218 1565 477 1614 προςαγγελίαν
500 1567 593 1602 εἶναι
616 1570 676 1601 καὶ
697 1565 852 1616 γραφήν,
885 1570 915 1603 εἰ
939 1567 1121 1613 δεηθεῖεν,
1152 1572 1212 1603 καὶ
1243 1569 1295 1610 ἐξ·
1365 1569 1562 1606 ventionem
1585 1579 1665 1606 esse
1688 1572 1725 1606 et
1740 1571 1811 1606 scri
1838 1573 1966 1615 turam,
1988 1571 2023 1609 ,si
2045 1568 2279 1617 opusfuerit,
2303 1571 2340 1604 et
2356 1578 2437 1604 exa-

218 1615 342 1647 ἐτασιν
366 1612 563 1660 ἐπιχώριον
579 1611 638 1647 διὰ
655 1612 698 1647 τὸ
720 1612 910 1661 πρόχειρον
932 1616 1010 1649 τῶν
1031 1613 1201 1662 ἐλέγχων·
1225 1615 1296 1649 εἴτε
1309 1617 1351 1649 30
1365 1615 1596 1651 minationem
1623 1582 1876 1661 provinciassm
1906 1620 2053 1663 propter
2080 1615 2223 1651 facilem
2254 1613 2437 1660 probatio-

217 1659 277 1692 ἐπὶ
310 1660 458 1704 σμικροῦ
489 1670 543 1693 τις
566 1655 698 1703 ὁμοίως
729 1658 801 1703 πλη
827 1658 963 1704 μελοίη,
991 1662 1116 1704 μεῖζον
1138 1657 1219 1707 <ἆν>
1241 1662 1297 1695 ἔτι
1365 1671 1464 1706 nem3
1489 1660 1563 1697 sive
1585 1661 1622 1696 in
1637 1670 1748 1706 parvo
1773 1661 1948 1707 quispiam
1968 1662 2129 1698 similiter
2147 1660 2340 1706 delinquat,
2365 1659 2439 1696 sive

215 1703 259 1737 τὸ
283 1700 475 1750 ἁμάρτημα
497 1706 648 1751 γένοιτο,
681 1705 713 1738 εἰ
735 1673 828 1762 {⁴⁷⁷5}
857 1707 918 1740 ἐπὶ
945 1709 1018 1740 τοῖς
1038 1709 1188 1752 βραχέσι
1218 1707 1296 1740 τῶν
1364 1706 1478 1742 maius
1502 1706 1621 1742 adhuc
1643 1710 1831 1752 peccatum
1851 1707 1927 1751 fiat,
1952 1708 2056 1752 quale
2079 1710 2134 1743 est
2156 1705 2188 1742 si
2210 1715 2277 1741 nec
2299 1705 2338 1741 in
2352 1713 2436 1750 par-

218 1747 370 1783 δικαίων
394 1747 640 1792 ἀπολαύσειεν,
665 1747 732 1784 ἀλλ
770 1748 944 1795 ἀναμένοι
966 1751 1143 1798 γενέσθαι
1166 1764 1207 1785 τε
1230 1749 1293 1785 ἐπ’
1364 1752 1416 1787 vis
1445 1751 1523 1787 iure
1551 1752 1720 1798 potiatur,
1752 1752 1817 1788 sed
1844 1757 2009 1798 expectet
2036 1753 2157 1789 venire
2186 1750 2224 1786 in
2247 1753 2438 1786 extraneae

217 1790 419 1838 ἀλλοδαπῆς
442 1794 560 1842 χώρας
583 1796 699 1830 ἐκεῖσέ
719 1809 759 1830 τε
784 1793 896 1830 αὐτὸν
916 1795 1016 1843 ἄγειν
1040 1799 1197 1843 καὶπερὶ
1216 1795 1295 1831 τού·
1363 1800 1482 1833 terrae
1499 1797 1742 1850 provinciam,
1773 1797 1892 1843 ibique
1915 1807 1997 1834 eum
2021 1796 2209 1834 convenire
2231 1800 2268 1832 et
2291 1795 2335 1831 de
2355 1794 2438 1831 tali·

215 1852 294 1874 των
317 1837 552 1883 δικάζεσθαι,
585 1836 628 1876 ὅν
650 1854 690 1888 γε
721 1838 804 1875 οὐδὲ
834 1840 1001 1888 παρόντα
1031 1839 1116 1876 οὐδὲ
1143 1843 1204 1877 ἐπὶ
1235 1842 1296 1885 τῆς
1308 1844 1351 1877 35
1364 1842 1432 1878 bus
1456 1842 1509 1877 lin
1534 1852 1604 1886 are,
1636 1852 1739 1888 quem
1761 1853 1877 1888 neque
1899 1849 2124 1889 praesentem
2152 1850 2269 1886 neque
2291 1840 2330 1876 in
2351 1850 2437 1886 pro·

215 1884 334 1966 xaigac
369 1885 457 1921 ἴσως
493 1884 554 1921 διὰ
588 1884 655 1929 τὴν
687 1885 790 1930 ἰσχὺν
821 1885 888 1931 τὴν
919 1889 1054 1922 ἐκείνου
1089 1885 1111 1931 ἢ
1142 1885 1202 1921 διὰ
1229 1885 1296 1931 τὴν
1364 1888 1481 1924 vincia
1521 1897 1628 1924 orsan
1643 1890 1792 1934 propter
1809 1888 1974 1926 virtutem
1997 1889 2092 1926 illius
2115 1890 2179 1924 aut
2197 1886 2437 1923 infirmitatem

215 1928 262 1965 ἆσ
296 1933 415 1966 ἐνειαν
435 1930 502 1976 τὴν
519 1929 629 1966 αὑτοῦ
648 1930 843 1977 μετελθεῖν
863 1930 1017 1967 δύναται
1038 1932 1294 1981 προςηκόντως.
2175 1943 2180 1949 “

214 2097 376 2127 sescenta
400 2091 568 2138 exempla
591 2091 809 2138 respiciunt,
840 2103 866 2127 u
917 2103 937 2128 e
964 2091 1068 2128 tarde
1096 2095 1132 2128 et
1161 2103 1271 2138 aeqre
1301 2095 1412 2138 atque
1434 2092 1473 2127 in
1493 2102 1662 2139 personis
1692 2101 1785 2138 quas
1806 2091 1922 2137 facile
1948 2091 2193 2127 numeraveris
2215 2091 2250 2127 vi
2288 2101 2367 2127 mus
2389 2102 2439 2129 ex

210 2137 422 2183 potentibus
439 2141 614 2184 potentes
644 2141 680 2173 et
710 2147 760 2173 ex
790 2137 960 2174 divitibus
988 2137 1116 2173 divites
1138 2137 1313 2185 prodire,
1345 2142 1476 2173 contra
1505 2138 1544 2173 in
1571 2137 1775 2174 universum
1804 2137 1887 2183 fere
1910 2147 1960 2173 ex
1979 2135 2187 2184 potentibus
2208 2136 2357 2183 infirmi,
2388 2147 2439 2173 ex

215 2182 383 2218 divitibus
401 2193 588 2229 pauperes
608 2182 804 2230 prodeunt,
835 2194 916 2219 cum
937 2186 1085 2230 patrum
1109 2183 1287 2219 iniustitia
1305 2182 1450 2230 prolem
1480 2194 1604 2219 eorum
1625 2186 1818 2230 sequatur:
1851 2192 1968 2228 neque
1989 2181 2206 2229 intellequnt
2233 2191 2300 2219 nec
2319 2192 2438 2219 secum

215 2232 399 2275 reputant,
431 2228 532 2275 quod
552 2228 627 2276 ipsi
647 2228 784 2264 seilicet
799 2239 876 2275 pro
899 2239 939 2265 se
958 2229 1126 2276 potentia
1148 2240 1217 2264 sua
1239 2232 1380 2265 utentes
1401 2228 1668 2271 machinantur,
1698 2227 1738 2264 id
1758 2237 1836 2264 sese
1857 2227 2019 2273 fortasse
2048 2231 2178 2264 contra
2201 2226 2333 2265 liberos
2353 2238 2439 2266 suos

216 2285 336 2320 aqere,
361 2284 440 2309 cum
463 2273 548 2310 illos
570 2285 646 2310 non
669 2273 792 2310 eadem
809 2274 978 2320 potentia
999 2285 1039 2310 se
1065 2278 1184 2310 uatur.
1842 2301 1844 2303 v

350 2319 380 2363 Ι.
426 2319 497 2355 His
520 2319 759 2356 consideratis
775 2324 1007 2367 praesentem
1052 2331 1152 2367 eqem
1173 2319 1365 2366 ferendam
1387 2331 1464 2356 esse
1487 2318 1784 2356 existimavimus.
1831 2318 1884 2355 Ac
1899 2318 2149 2365 praecipimus
2172 2317 2345 2362 omnibus,
2372 2319 2445 2372 qui

215 2365 253 2399 in
269 2363 472 2411 provinciis
495 2364 670 2408 habitant,
695 2365 839 2412 quicum
865 2377 910 2402 ue
932 2365 1086 2413 sceptris
1109 2365 1245 2401 nostris
1269 2364 1464 2402 oboediunt
1484 2376 1553 2412 per
1577 2368 1690 2401 totam
1713 2363 1889 2400 dicionem
1915 2367 2079 2399 nostram
2103 2368 2182 2416 ⁵tam
2206 2374 2299 2410 quae
2322 2375 2440 2401 orien-

218 2415 285 2447 tem
309 2421 417 2456 quam
441 2422 537 2457 quae
559 2410 778 2447 occidentem
801 2422 843 2447 so
858 2422 913 2447 em
936 2414 1077 2458 spectat
1099 2421 1264 2458 quaeque
1286 2411 1332 2447 ab
1354 2415 1511 2457 utraque
1559 2414 1639 2446 arte
1658 2414 1730 2452 est,
1762 2413 1806 2446 ut
1822 2409 2070 2456 unusquisque
2095 2419 2136 2444 m
2155 2420 2229 2456 qua
2246 2409 2440 2457 provincia

216 2455 384 2492 delictum
409 2457 587 2492 commisit
614 2456 670 2492 vel
691 2456 730 2492 in
755 2467 828 2503 qua
842 2457 1084 2504 pecuniarum
1114 2456 1174 2493 vel
1193 2456 1382 2492 criminum
1405 2467 1489 2492 reus
1508 2422 1572 2502 βξ,
1601 2455 1676 2493 sive
1698 2454 1743 2491 de
1761 2454 1898 2501 finibus
1920 2465 2095 2501 aqrorum
2117 2454 2190 2491 sive
2214 2453 2258 2491 de
2280 2454 2440 2492 dominio

215 2502 289 2537 sive
313 2501 358 2537 de
408 2503 608 2538 ossessione
630 2502 704 2538 sive
727 2501 933 2549 hypotheca
963 2502 1037 2538 sive
1060 2501 1106 2538 de
1128 2502 1203 2538 alia
1228 2501 1486 2554 qualicumque
1509 2512 1632 2544 causa,
1662 2500 1738 2537 illic
1761 2501 1869 2536 etiam
1891 2499 2071 2537 rationem
2092 2499 2131 2535 in
2153 2499 2289 2536 iudicio
2311 2499 2443 2538 reddat

217 2546 268 2590 (id
291 2513 403 2592 quoe?
411 2548 517 2583 etiam
550 2547 593 2583 ab
618 2548 665 2582 iis
688 2547 751 2593 qui
782 2552 867 2583 ante
889 2558 958 2583 nos
979 2548 1135 2594 fuerunt
1163 2547 1434 2594 leqislatoribus
1466 2547 1566 2584 varie
1589 2545 1733 2594 quidem
1761 2545 1896 2582 dictum
1925 2550 2044 2581 tamen
2066 2549 2136 2597 est,
2167 2545 2235 2581 etsi
2255 2556 2329 2598 non
2343 2556 2442 2593 pure

217 2602 283 2627 nec
331 2591 604 2629 uemadmodum
628 2603 697 2628 nos
715 2603 790 2628 rem
815 2592 1145 2638 consideravimus),
1169 2603 1214 2628 ac
1236 2603 1311 2629 non
1334 2596 1444 2629 extra
1464 2592 1558 2638 fines
1572 2591 1789 2639 provinciae
1811 2590 1958 2627 meliore
1981 2590 2192 2626 condicione
2213 2594 2267 2627 uti
2286 2590 2440 2628 studeat.

216 2639 238 2673 1
321 2649 380 2672 am
407 2638 482 2674 sive
510 2649 645 2684 maqna
674 2637 751 2674 sint
780 2637 911 2674 delicta
943 2638 1002 2674 vel
1021 2642 1250 2681 contractus,
1283 2637 1448 2674 omnibus
1469 2637 1587 2674 modis
1608 2647 1733 2673 eorum
1762 2640 1799 2672 et
1824 2635 1959 2672 delatio
1989 2639 2026 2672 et
2046 2635 2252 2678 accusatio,
2284 2636 2318 2671 si
2347 2646 2442 2684 opus·

215 2683 344 2728 fuerit,
376 2687 412 2719 et
434 2683 659 2719 examinatio
679 2683 718 2718 in
733 2683 930 2735 provincia
950 2683 1127 2730 facienda
1158 2688 1213 2720 est
1231 2687 1388 2730 propter
1411 2683 1675 2730 probationum
1700 2681 2008 2733 opportunitatem
2015 2693 2030 2723 ;
2063 2680 2138 2716 sive
2161 2681 2243 2727 quis
2264 2680 2302 2716 in
2352 2691 2442 2718 arva

216 2739 258 2764 re
271 2728 439 2764 similiter
454 2728 550 2764 delin
577 2732 653 2770 τιατ,
674 2739 791 2764 maius
806 2728 914 2764 etiam
927 2733 1121 2775 peccatum
1133 2729 1214 2774 fiat,
1235 2729 1268 2764 si
1284 2731 1388 2764 actor
1406 2739 1451 2764 ne
1470 2729 1508 2763 in
1523 2727 1670 2775 exiguis
1688 2726 1831 2773 quidem
1853 2725 1961 2762 rebus
1978 2735 2059 2761 ture
2073 2725 2238 2772 fruatur,
2261 2735 2301 2762 se
2339 2726 2441 2773 peri-

218 2773 363 2809 clitetur
392 2776 428 2809 et
458 2774 495 2810 in
526 2739 683 2809 egenam
706 2773 939 2820 provinciam
970 2774 1091 2810 venire
1120 2778 1156 2809 et
1185 2773 1236 2810 ibi
1265 2773 1366 2809 illum
1395 2773 1586 2810 convenire
1616 2783 1661 2808 ac
1691 2772 1735 2808 de
1758 2771 1814 2808 his
1842 2771 2004 2824 litmaro,
2061 2781 2139 2824 uem
2161 2769 2304 2818 quidem
2326 2781 2442 2818 neque

212 2822 442 2866 praesentem
473 2830 590 2865 neque
618 2819 658 2853 in
682 2819 879 2866 provincia
903 2822 1063 2866 propter
1090 2818 1190 2855 illius
1213 2818 1419 2866 potentiam
1446 2818 1546 2863 forte
1578 2817 1635 2855 vel
1657 2821 1819 2865 propter
1849 2826 1952 2852 suam
1983 2826 2022 2852 tn
2049 2818 2229 2852 rmitatem
2258 2815 2442 2853 commode

215 2045 323 2092 idque
344 2046 492 2092 faciunt
514 2045 687 2090 homines,
714 2050 897 2093 tamquam
944 2050 1128 2094 erpetuam
1149 2046 1351 2093 potentiam
1369 2057 1409 2082 se
1424 2046 1614 2083 habituros
1633 2046 1773 2092 confisi,
1797 2057 1912 2092 neque
1931 2045 1982 2081 ad
1998 2045 2112 2082 multa
2135 2045 2200 2082 illa
2219 2044 2328 2127 at‘q‘ue
2346 2046 2437 2083 adeo

1366 2932 1426 2964 bus
1449 2932 1483 2965 R
1499 2931 1560 2973 1⁷¹]
1596 2930 1797 2964 indiuitibus
1822 2939 1833 2965 ι
1867 2941 1935 2964 non
1959 2929 2121 2963 diuitibus
2149 2929 2200 2963 1⁷³
2228 2928 2241 2974 ΙΙ
2269 2931 2289 2964 6
2313 2930 2403 2963 omni
2429 2938 2441 2965 t

264 2938 285 2969 4
310 2912 459 2980 ὄψὲγκαὶ
483 2931 595 2977 μόλις]
621 2944 692 2966 sero
715 2933 849 2966 tandem
873 2946 892 2969 ς
920 2933 933 2977 ΙΙ
965 2935 983 2967 5
1009 2932 1206 2978 προιέσθαι
1231 2933 1262 2966 L
2179 2973 2188 2981 .

1365 2978 1438 3010 offi·
1462 2977 1512 3011 V*
1535 2977 1587 3010 οιῖι
1605 2975 1654 3010 V²
1677 2975 1689 3019 Ι]
1718 2977 1738 3010 8
1762 2977 1938 3009 consecuta
1962 2975 1987 3009 ι’
2014 2975 2026 3018 ΙΙ
2050 2975 2071 3009 9
2094 2984 2189 3017 qnasi
2212 2985 2274 3018 pro
2296 2985 2330 3008 se
2350 2974 2438 3018 RV]

220 2984 237 3015 7
260 2978 416 3014 δυνατον
430 2980 474 3013 M
477 2983 494 3001 ‘¹
511 2979 524 3023 ΙΙ
543 2980 562 3013 8
583 2981 667 3020 τοῖς]
686 2978 764 3011 τῶν
782 2979 829 3012 L¹
847 2977 860 3022 ΙΙ
877 2975 1187 3011 κατακολουθοῦσι
1202 2978 1249 3011 M
1249 2981 1267 3000 ⁰

222 3029 263 3060 12
288 3028 422 3068 ἐκείνης
453 3023 528 3058 Ma,
549 3023 562 3067 ΙΙ
600 3024 746 3057 ἐκείνοις
777 3021 1104 3065 ἐπακολουθούσης]
1140 3025 1297 3064 sequente
1364 3032 1424 3065 pro
1447 3032 1481 3055 se
1504 3021 1599 3065 quasi
1622 3028 1635 3055 t
1655 3020 1668 3065 ΙΙ
1692 3021 1904 3054 machinatur
1928 3021 1952 3054 ι1
1975 3019 1988 3065 ΙΙ
2015 3022 2056 3055 10
2080 3021 2139 3053 hec
2163 3027 2175 3054 t
2237 3021 2276 3054 11
2304 3022 2356 3062 ex]
2378 3031 2440 3064 pro

218 3071 362 3105 sobolem
403 3080 465 3104 uae
485 3069 561 3103 illos
581 3081 600 3106 ς
615 3072 627 3114 Ι]
647 3070 691 3103 16
707 3068 865 3102 οἰκοῦσιν
902 3068 1070 3102 iudicibus
1092 3079 1112 3105 ς
1128 3067 1140 3112 ΙΙ
1160 3069 1200 3102 18
1225 3070 1298 3101 τοῖς
1364 3067 1412 3100 R¹
1428 3066 1442 3107 ΙΙ
1470 3068 1511 3101 12
1534 3069 1723 3110 sequentem
1745 3067 1797 3100 V⁰
1813 3065 1827 3111 ΙΙ
1854 3068 1895 3100 14
1912 3065 2173 3099 existimanimus
2240 3064 2253 3109 Ε
2279 3067 2321 3100 15
2343 3075 2439 3109 prae-

218 3130 258 3151 τε
274 3114 363 3161 πρὸς
399 3115 442 3150 ύο
449 3117 566 3168 ιμεῖνον
580 3115 611 3148 L
627 3115 639 3157 ss
657 3110 758 3156 ἥλιον
769 3121 846 3158 post
857 3117 1051 3155 ανίσχοντα
1060 3114 1127 3155 (17)
1140 3113 1213 3146 coll.
1223 3113 1275 3146 B⁶
1285 3112 1297 3155 ΙΙ
1364 3113 1510 3155 cepimus
1525 3113 1592 3146 121¹
1607 3110 1621 3156 ΙΙ
1644 3110 1828 3155 provinciis
1848 3112 1948 3155 only]
1971 3110 2164 3155 prouincias
2181 3111 2259 3145 libri
2274 3109 2287 3154 ΙΙ
2305 3111 2346 3145 16
2364 3111 2439 3154 qui-

221 3164 260 3197 21
274 3163 356 3206 περὶ
367 3161 428 3206 γῆς
441 3162 565 3203 ορίων]
579 3160 619 3192 dc
627 3161 716 3192 terra
726 3159 806 3192 etde
818 3157 997 3195 terminise
1014 3158 1027 3200 ΙΙ
1043 3161 1087 3193 24
1099 3155 1296 3192 notatione?
1364 3159 1515 3199 cumque]
1537 3158 1570 3190 et
1589 3157 1789 3200 quicumque
1805 3156 1839 3191 V
1882 3157 2016 3198 nostris]
2037 3156 2160 3190 nostris
2179 3155 2347 3189 iudicibus
2362 3156 2440 3200 12·ss

221 3208 270 3239 La
288 3206 300 3249 ΙΙ
325 3207 367 3240 25
391 3202 488 3248 ὖμεῖς
504 3204 546 3237 Μ
568 3202 580 3247 ΙΙ
608 3204 651 3237 26
670 3200 719 3246 μὴ
743 3203 877 3244 ΕΒ(ς)]
901 3201 991 3244 μὴδε
1003 3203 1050 3235 Μ
1065 3199 1156 3245 μηδὲ
1175 3204 1260 3247 vulq.
1284 3201 1297 3246 ΙΙ
1363 3203 1480 3245 septris
1491 3203 1540 3236 Ra
1549 3203 1573 3236 t*
1592 3201 1606 3246 ΙΙ
1625 3202 1715 3236 1‘1in
1727 3215 1785 3235 om.
1802 3201 1828 3236 1¹
1874 3211 1959 3244 quae
1972 3203 2005 3234 et
2016 3202 2059 3244 R,
2077 3204 2110 3234 et
2122 3214 2179 3236 om.
2192 3209 2203 3235 t
2217 3200 2230 3245 ΙΙ
2250 3202 2291 3236 18
2303 3201 2373 3235 sol·
2389 3201 2446 3281 μθ

218 3248 393 3297 ὑπερορίᾳ
423 3263 491 3283 cum
516 3250 700 3292 Scrimyero
731 3249 818 3291 vuly.
853 3247 865 3291 ΙΙ
901 3248 944 3281 30
976 3244 1144 3293 ἐλέγχων]
1178 3244 1297 3294 λόγων
1364 3251 1412 3281 est
1434 3247 1537 3281 latere
1558 3246 1637 3290 Vt²J
1672 3246 1776 3280 latere
1798 3246 1871 3281 Rt²
1906 3246 2009 3280 latere
2025 3248 2075 3280 est
2098 3246 2148 3280 12²
2169 3245 2184 3292 ΙΙ
2214 3247 2254 3282 19
2279 3249 2329 3289 ιιι]
2352 3248 2386 3280 et

219 3299 269 3331 L⁰
300 3298 312 3342 ΙΙ
340 3298 380 3330 31
408 3291 629 3339 πλημμελοίη
650 3293 740 3334 ΜΒ]
765 3290 965 3336 πλημμελεῖ
978 3293 1010 3326 L
1035 3293 1208 3335 delinquat
1228 3293 1296 3326 sive
1364 3295 1396 3326 et
1415 3295 1453 3325 ut
1471 3292 1522 3326 13²
1539 3292 1551 3336 ΙΙ
1567 3291 1729 3337 unusquis
1749 3291 1806 3337 Vfl
1822 3291 1890 3326 deli
1912 3291 1965 3326 uit
1982 3292 2020 3336 ιη
2038 3293 2079 3327 21
2101 3292 2172 3326 siue
2187 3293 2388 3336 possessione
2405 3290 2441 3337 εΙΙ

220 3344 253 3384 (ἱ.
270 3357 295 3376 e.
316 3338 519 3385 πλημμελοῖ
539 3337 599 3382 ἢῖ)
620 3351 640 3376 e
655 3338 668 3382 ΙΙ
685 3334 731 3372 ἃν
751 3339 870 3372 addidi
889 3339 900 3381 ΙΙ
927 3339 971 3372 32
994 3340 1132 3384 γίνοιτο
1149 3338 1198 3372 La
1215 3338 1228 3382 ΙΙ
1253 3338 1295 3380 εἴ]
1365 3339 1406 3372 22
1427 3337 1482 3371 uel
1507 3337 1548 3371 de
1567 3337 1614 3381 V]
1646 3337 1701 3371 nel
1725 3344 1739 3372 t
1767 3338 1826 3371 aut
1845 3338 1881 3371 R
1947 3337 1990 3372 23
2013 3337 2087 3371 iure
2111 3338 2144 3372 R
2157 3338 2184 3372 1¹
2205 3338 2218 3382 ΙΙ
2249 3339 2294 3372 24
2316 3338 2438 3379 nmen]

220 3388 318 3429 quale
342 3391 390 3420 est
412 3387 441 3419 si
465 3398 484 3423 ς
499 3385 512 3430 ΙΙ
530 3386 573 3419 33
592 3381 762 3428 ἀναμένει
777 3384 817 3417 Μ
831 3383 845 3427 ΙΙ
862 3384 904 3417 35
926 3384 987 3427 leq.
999 3380 1082 3416 οὔτε
1098 3402 1141 3408 -
1158 3380 1266 3417 οὖτεῖ
1284 3381 1296 3428 ΙΙ
1364 3385 1495 3416 tantum
1520 3384 1546 3417 ι*
1563 3382 1576 3427 ΙΙ
1601 3384 1643 3419 25
1662 3383 1761 3416 sicuti
1778 3383 1812 3416 R
1829 3382 1843 3428 ss
1866 3386 1899 3416 et
1922 3396 1980 3417 om.
1996 3382 2053 3426 VH
2070 3383 2112 3417 26
2125 3393 2191 3417 non
2208 3385 2371 3426 quaerant
2389 3382 2439 3418 V⁸

220 3435 263 3467 36
287 3431 309 3475 ἢ
332 3430 403 3474 διὰ]
425 3427 448 3474 ἢ
471 3427 530 3465 διά
552 3443 593 3477 γε
607 3430 643 3464 Β
665 3430 678 3473 ΙΙ
703 3431 745 3463 37
772 3427 881 3462 αὐτοῦ
905 3429 975 3462 LB
1365 3430 1531 3470 nequeant
1550 3428 1627 3473 V⁸ss
1654 3429 1695 3463 27
1722 3428 1825 3471 magis
1846 3428 1895 3462 V¹
1913 3428 1926 3472 11
1949 3428 2017 3461 sint
2039 3430 2157 3463 seclusi
2180 3428 2192 3473 ΙΙ
2216 3430 2259 3464 28
2283 3428 2437 3462 omnibus

224 3492 1295 3501 -——-—-—————————————-—
1363 3474 1468 3507 modis
1483 3476 1614 3516 oportet
1631 3474 1665 3508 V
1675 3473 1688 3518 ΙΙ
1703 3483 1803 3518 snper
1818 3474 1865 3507 eis
1881 3475 1926 3515 et]
1948 3476 1980 3507 et
1995 3484 2092 3517 super
2108 3474 2159 3507 his
2176 3482 2187 3509 ι
2203 3474 2216 3517 Ι]
2234 3475 2276 3509 29
2291 3484 2370 3518 opos
2387 3472 2438 3519 1¹11

279 3526 294 3557 1
322 3527 354 3555 et
377 3523 458 3556 haec
483 3521 633 3555 homines
662 3520 694 3554 V
712 3521 745 3553 in
770 3531 836 3553 ras.
865 3517 878 3563 ΙΙ
905 3521 1065 3562 perpetua
1089 3519 1215 3552 uirtute
1240 3527 1252 3553 ι
1364 3522 1396 3552 et
1420 3518 1567 3564 om.V¹ss
1586 3520 1625 3553 31
1650 3519 1719 3553 sive
1739 3518 1860 3561 maius]
1885 3519 1955 3552 sive
1974 3521 2036 3553 del.
2051 3520 2146 3553 Beck
2163 3519 2176 3562 ΙΙ
2191 3521 2234 3554 32
2258 3519 2293 3552 in
2314 3519 2436 3562 parvis]

221 3570 240 3602 2
265 3568 472 3602 habitaturos
495 3577 529 3600 se
550 3565 757 3599 considentes
779 3564 807 3599 ι’
836 3563 849 3610 Ι
878 3565 898 3598 3
921 3564 1039 3607 multa]
1071 3564 1166 3598 milia
1187 3565 1259 3598 Rt¹
1362 3575 1487 3607 paruus
1512 3565 1559 3598 12¹
1575 3564 1588 3610 ΙΙ
1614 3565 1656 3599 33
1680 3564 1829 3608 patiatur
1852 3564 1901 3597 13¹
1916 3565 1940 3598 ι’
1960 3565 1973 3607 ΙΙ
1988 3564 2055 3607 sed]
2082 3568 2135 3598 aet
2156 3565 2235 3609 V⁶fl
2264 3566 2306 3600 35
2327 3565 2436 3606 quem]

220 3614 427 3655 miliesRV]
451 3612 546 3645 milia
569 3613 678 3655 tvulq.
695 3612 707 3652 Ι]
725 3612 747 3645 4
771 3612 804 3644 et
826 3620 934 3653 nuper
955 3611 1044 3643 sonis
1070 3610 1094 3644 ι·
1141 3610 1293 3643 innume·
1362 3610 1403 3643 al.
1431 3611 1486 3652 qui
1512 3624 1537 3643 s.
1551 3624 1580 3644 v.
1594 3609 1671 3655 R²u
1688 3610 1891 3653 prouintiam
1912 3609 1973 3655 Ru
2001 3612 2043 3644 36
2067 3610 2178 3643 forsan
2203 3622 2261 3644 om.
2275 3609 2354 3654 3¹!
2377 3610 2436 3642 aut

221 3659 383 3692 rabilibus
398 3660 484 3700 libri,
498 3658 676 3700 commonly.
694 3656 707 3700 11
724 3666 763 3689 ex
775 3654 1004 3699 inpotentibus
1022 3655 1072 3689 1⁷³
1087 3663 1098 3689 t
1121 3655 1126 3699 Ι
1143 3657 1163 3690 5
1177 3655 1293 3688 diuiti·
1361 3660 1494 3699 propter
1514 3655 1737 3689 infirmitatem
1761 3662 1773 3689 t
