2476 3854
135 69 242 113 Nov.
267 69 447 113 CXXIX
479 73 586 114 1—3

131 181 192 216 ἐπὶ
215 181 277 224 τῆς
302 177 411 224 αὐτῆς
433 183 554 225 μένειν
579 177 681 226 ὀργῆς
711 179 804 213 κατὰ
833 180 911 215 τῶν
934 176 976 215 οὗ
1000 179 1211 215 νοσούντων

129 224 177 260 τὰ
209 225 463 271 παραπλήσια,
499 223 664 260 ἐνδόντες
693 237 733 258 τε
763 222 923 267 μάλιστα
953 223 1105 261 πάντων
1133 227 1210 260 ταῖς

130 273 281 317 Σεργίου
305 271 369 305 τοῦ
395 267 598 305 ὁσιωτάτου
630 270 693 312 τῆς
715 271 932 314 Καισαρέων
957 266 1212 315 μητροπόλεως

131 315 330 351 ἐπισκόπου
365 313 518 349 δικαίαις
541 314 723 358 αἰτήσεσιν
749 310 791 349 ἃς
814 311 905 360 ὑπὲρ
938 312 1060 350 αὐτῶν
1091 315 1211 359 ἐποιή-

130 373 232 404 σατο,
263 361 458 406 μαρτυρῶν
485 362 553 404 μέν
576 372 633 394 τοι
657 357 845 395 καλλίονας
869 357 997 394 αὐτοὺς
1015 363 1211 408 γεγονέναι,

129 406 196 448 τὴν
227 402 376 448 ἦσυχίαν
408 403 447 438 δὲ
478 404 546 448 τὴν
570 404 659 450 πρὸς
689 404 758 439 τὸν
783 406 908 440 ἔπειτα
935 404 1066 450 χρόνον
1089 402 1212 440 αὐτῶν

130 449 367 497 ἐγγυώμενος,
401 452 461 484 ἐπὶ
471 450 553 492 ,τὸν
577 448 746 494 παρόντα
776 450 882 486 θεῖον
905 448 1011 495 ἡμῶν
1034 449 1210 494 ἐληλύθα-

128 509 195 539 μεν
219 495 344 538 νόμον,
369 491 418 528 δι’
445 494 487 528 οὗ
511 494 737 538 θεσπίζομεν
767 493 895 530 ἄδειαν
918 496 1011 531 εἶναι
1034 498 1211 542 Σαμαρεί-

128 551 191 573 τας
223 539 354 574 λοιπὸν
384 537 538 593 γράφειν
567 537 747 583 διαθήκας
776 543 836 575 καὶ
865 541 930 575 τὰς
961 542 1066 587 σφῶν
1090 538 1212 576 αὐτῶν

1208 65 1292 115 648

2034 87 2094 118 ΒΕ
2123 86 2358 121 SAMARI'I'IS

1276 181 1315 217 in
1336 181 1424 227 ipsis
1451 190 1658 226 permanere
1691 184 1818 219 contra
1848 193 1910 220 eos
1933 184 1995 230 qui
2025 195 2098 221 non
2119 185 2158 221 in
2179 195 2246 231 pro
2271 185 2356 223 iori-

1278 227 1346 262 bus
1381 226 1568 271 languent,
1610 231 1833 273 praestantes
1868 230 2020 265 maxime
2054 230 2211 266 omnium
2273 231 2358 276 ergii

1281 271 1497 308 sanctissimi
1532 272 1813 309 caesariensium
1850 274 2011 320 episcopi
2043 275 2146 311 iustis
2206 275 2357 311 etitioni-

1280 317 1348 369 bus
1389 326 1476 361 quas
1535 327 1576 353 ro
1610 318 1660 354 eis
1694 318 1798 360 facit,
1833 319 2075 355 testimonium
2106 320 2167 366 qui
2193 330 2247 356 em
2277 330 2357 366 per-

1248 365 1266 396 5
1281 362 1434 398 bibentis
1464 371 1519 397 me
1534 362 1626 399 iores
1649 373 1710 399 eos
1734 363 1861 406 factos,
1893 364 2045 409 quietem
2067 374 2151 401 vero
2176 374 2299 401 eorum
2320 365 2358 401 in

1279 406 1402 442 futuro
1434 409 1591 452 tempore
1622 408 1870 453 promittentis,
1902 409 1948 444 ad
1971 413 2193 455 praesentem
2217 419 2358 446 sacram

1281 454 1438 487 nostram
1467 452 1625 488 venimus
1653 452 1780 498 legem,
1812 464 1878 498 per
1906 464 2009 498 quam
2039 454 2218 491 sancimus
2248 454 2357 491 licen-

1280 497 1366 532 tiam
1391 506 1470 532 esse
1494 497 1678 535 Samaritis
1700 497 1771 533 iam
1795 499 1951 535 scribere
1973 501 2188 536 testamenta
2215 502 2252 535 et
2274 509 2358 537 suas

1280 541 1444 586 proprias
1467 541 1674 587 dispensare
1698 543 1930 588 substantias,
1962 544 2057 580 sicut
2080 548 2116 580 et
2138 539 2229 580 aliae
2252 554 2356 590 prae-

129 583 275 619 διοικεῖν
299 582 438 629 miatus,
472 596 520 619 ωε
551 585 589 618 οἵ
615 598 654 619 τε
679 583 780 620 ἄλλοι
804 589 997 630 παρέχουσι
1021 583 1128 630 νόμοι
1151 583 1211 620 διά
1229 590 1267 621 10
1281 588 1366 622 bent
1387 586 1482 631 leges
1507 589 1543 622 et
1558 597 1621 632 per
1638 591 1860 632 praesentem
1883 599 1949 624 nos
1970 589 2201 634 decernimus,
2226 591 2263 625 et
2281 590 2359 626 sine

128 643 167 663 τε
198 630 263 663 τοῦ
295 628 475 675 παρόντος
507 628 721 675 διορίζομεν,
751 630 852 676 (καὶ)
875 629 1068 675 διαθηκῶν
1097 630 1211 665 τελευ-

128 675 269 708 τῶντας
292 677 398 720 χωρὶς
421 676 459 708 ἐκ
483 675 560 709 τῶν
582 677 620 716 ἐξ
644 672 844 709 ἅδιαθέτου
867 675 1098 721 καλουμένων
1122 677 1214 710 κατὰ

127 723 277 763 μιζιιησιν
308 719 611 765 κληρονομεῖσθαι
642 721 719 754 τῶν
751 719 870 756 ἄλλων
901 719 1120 766 ἀνθρώπων
1151 719 1210 755 αὐ-

127 763 226 807 τούς,
252 764 355 819 ’πλὴν
390 762 459 799 ὅσα
485 763 545 799 διὰ
569 766 633 799 τοῦ
659 765 839 821 παρόντος
863 763 961 810 ἡμεῖς
982 766 1211 812 μεθαρμόσο-

1280 631 1502 668 testamentis
1526 632 1715 669 morientes
1739 634 1784 668 ab
1806 634 1975 670 intestato
1995 637 2141 670 vocatos
2163 634 2359 671 secundum

1279 677 1511 712 imitationem
1547 677 1695 713 aliorum
1730 678 1909 714 hominum
1942 679 2090 715 heredes
2125 679 2256 716 habere
2283 689 2357 722 eos,

1278 724 1421 767 praeter
1456 731 1500 758 ea
1533 732 1624 767 quae
1657 723 1755 768 (per)
1790 726 2012 769 praesentem
2048 727 2207 761 nostram
2239 726 2356 760 trans·

1279 767 1444 812 ponimus
1467 767 1591 811 legem.
1638 767 1708 804 Sed
1738 771 1775 804 et
1806 769 2015 805 donationes
2043 769 2094 806 eis
2122 769 2358 815 permittimus

126 823 194 854 μεν
218 823 341 854 νομου.
389 814 449 844 καὶ
481 808 617 855 δωρεὰς
650 808 690 845 δὲ
713 813 832 845 αυτοῖς
863 812 1104 857 ἐπιτρέπομεν
1125 810 1209 858 γρά-
1230 812 1436 849 15scribere
1471 815 1508 848 et
1540 812 1657 858 legata
1691 812 1776 848 dare
1813 815 1850 848 et
1884 814 2046 859 accipere
2083 817 2120 850 et
2156 814 2359 850 huiusmodi

128 868 210 900 φειν
245 858 305 889 καὶ
336 854 475 902 ληγάτα
507 853 652 890 διδόναι
682 869 722 890 τε
751 859 812 890 καὶ
843 855 1044 902 λαμβάνειν
1074 860 1135 891 καὶ
1165 856 1211 890 τὰ

126 901 279 934 τοιαῦτα
304 900 564 935 συναλλάττειν
587 898 649 935 ἐπ’
674 897 795 935 ἀδείας
818 899 971 945 ἁπάσης.
1019 900 1055 936 οἱ
1073 901 1143 948 γὰρ
1167 899 1210 945 δὴ

129 942 370 979 διατίθεσθαι
407 944 602 980 δεδωκότες
638 949 698 980 καὶ
729 947 855 981 πᾶσαν
891 945 1110 981 διοικεῖσθαι
1143 946 1212 990 τὴν

127 987 255 1045 οὐισίαν
280 988 408 1025 αὐτοὺς
432 992 509 1026 πῶς
533 988 581 1025 ἂν
598 994 679 1037 περὶ
702 992 844 1037 μερικῆς
869 990 1075 1036 διοικήσεως
1098 990 1210 1035 δυςχε-

128 1048 326 1079 ραναιμενς

1280 859 1485 894 contractus
1501 857 1621 893 facere
1640 867 1720 893 cum
1735 858 1832 894 omni
1846 857 2000 894 licentia.
2040 859 2109 903 Qui
2124 859 2217 894 enim
2232 859 2359 896 testari

1280 902 1437 938 dedimus
1462 903 1512 938 eis
1541 906 1577 938 et
1599 912 1737 939 omnem
1761 903 1967 948 dispensare
1991 903 2242 948 substantiam,
2269 913 2358 951 quo-

1279 948 1384 984 modo
1408 947 1452 984 de
1475 948 1686 993 particulari
1708 947 1971 993 dispensatione
1994 948 2227 994 negabimus?

1226 1040 1268 1072 20

1129 1115 1287 1153 CAPUT
1311 1117 1357 1152 11.

184 1169 286 1214 Πλὴν
318 1167 399 1206 ἀλλ’
426 1168 467 1205 οὗ
498 1171 565 1215 τὴν
597 1169 712 1215 αὐτὴν
740 1167 964 1215 ἀποδίδομεν
994 1171 1100 1212 τάξιν
1124 1175 1211 1217 Χρι-

128 1220 286 1251 στιανοῖς
321 1228 362 1251 τε
396 1214 576 1260 διαδόχοις
610 1220 671 1251 καὶ
705 1219 965 1262 Σαμαρείταις,
1001 1215 1139 1261 πολλὴν
1173 1215 1213 1252 δὲ

128 1260 274 1295 εἰκότως
306 1264 380 1296 τοῖς
410 1262 458 1296 τὰ
482 1261 617 1296 καλλίω
640 1262 882 1307 θρησκεύουσι
910 1261 979 1305 τὴν
1008 1266 1211 1308 προνομίαν

128 1310 338 1352 παρέχομεν.
386 1303 481 1341 ὅθεν
513 1308 549 1341 εἴ
574 1318 627 1342 τις
657 1304 782 1341 αὐτῶν
813 1305 1006 1351 διαθηκῶν
1033 1306 1212 1342 τελευτῶν

1336 1173 1405 1208 Scd
1437 1177 1556 1210 tamen
1587 1184 1658 1210 non
1687 1174 1836 1210 eundem
1866 1174 2045 1212 reddimus
2075 1174 2236 1212 ordinem
2257 1174 2359 1212 curi-

1280 1218 1404 1254 stianis
1429 1222 1465 1254 et
1488 1219 1690 1260 samaritis,
1721 1220 1871 1256 multum
1893 1229 1976 1256 vero
2006 1221 2043 1256 et
2064 1220 2188 1256 merito
2213 1220 2360 1257 meliora

1280 1264 1498 1300 sectantibus
1534 1264 1755 1310 privilegium
1787 1268 2020 1310 praestamus.
2075 1264 2178 1301 Unde
2212 1265 2245 1302 si
2302 1266 2360 1302 uis

1280 1318 1402 1344 eorum
1426 1309 1502 1345 sine
1526 1310 1747 1346 testamentis
1769 1310 1942 1346 moriatur
1970 1310 2063 1347 filios
2088 1310 2135 1346 ad
2156 1310 2262 1346 deum
2311 1309 2321 1320 ’

127 1355 233 1396 χωρὶς
257 1350 292 1395 [ἢ
315 1355 387 1395 καὶ]
413 1350 544 1387 παῖδας
563 1352 610 1387 τὰ
630 1352 720 1396 πρὸς
740 1352 834 1407 θεὸν
855 1350 1084 1408 διῃρημένους
1103 1365 1211 1387 κατα-
1225 1355 1266 1388 25
1282 1357 1398 1390 cretos
1429 1354 1644 1400 relinquens,
1676 1355 1742 1391 soli
1764 1356 1988 1392 vocabuntur
2017 1355 2063 1391 ad
2086 1356 2192 1392 huius
2219 1355 2358 1392 heredi-

128 1398 243 1441 λίποι,
275 1395 383 1441 μόνοι
406 1397 655 1441 κληθήσονται
687 1409 777 1442 προς
802 1397 871 1441 τὴν
894 1410 1022 1432 τουτου
1045 1396 1211 1442 κληρονο-

126 1446 215 1486 μίαν
249 1442 286 1476 οἱ
316 1443 386 1485 τὴν
417 1439 541 1490 ὄρθὴν
575 1444 653 1477 τῶν
684 1444 921 1488 Χριστιανῶν
954 1445 1212 1489 πρεσβεύοντες

127 1491 264 1530 πίστιν,
285 1490 362 1522 τῶν
383 1486 504 1522 ἄλλων
524 1486 781 1531 ἐκκλειομένων
802 1484 883 1522 ὅσοι
903 1489 966 1531 τῆς
986 1485 1095 1532 αὐτῆς
1115 1489 1211 1532 ἕχον-

126 1546 188 1566 ται
219 1533 271 1576 τῷ
303 1531 558 1577 τελευτήσαντι
589 1533 735 1576 πλάνης.
783 1534 901 1567 ταῦτα
931 1531 974 1567 δέ
998 1547 1117 1580 φαμεν
1147 1530 1211 1568 οὐκ

1280 1401 1389 1435 tatem
1414 1400 1475 1444 qui
1497 1403 1633 1436 rectam
1655 1400 1936 1436 Christianorum
1959 1400 2114 1445 allegant
2136 1400 2254 1444 fidem,
2278 1399 2359 1437 aliis

1280 1444 1433 1481 exclusis
1469 1445 1683 1491 quicumque
1715 1446 1794 1491 ipso
1826 1445 2029 1482 detinentur
2064 1456 2134 1491 quo
2169 1445 2358 1482 defunctus

1280 1499 1411 1525 errore.
1459 1490 1560 1526 Haec
1590 1495 1710 1527 autem
1742 1491 1890 1527 dicimus
1917 1501 1990 1527 non
2019 1500 2128 1536 super
2157 1490 2239 1527 filiis
2261 1491 2358 1532 solis.

1280 1535 1342 1571 sed
1373 1535 1480 1571 etiam
1508 1536 1587 1572 aliis
1620 1537 1796 1581 cognatis,
1826 1546 1869 1572 ex
1901 1545 2125 1589 quacumque
2153 1536 2228 1572 sint
2253 1536 2359 1580 linea,

127 1579 187 1611 ἐπὶ
212 1576 359 1613 παίδων
381 1577 509 1623 μόνον,
542 1575 632 1612 ἀλλὰ
666 1581 725 1612 καὶ
755 1579 831 1612 τῶν
863 1577 985 1612 ἄλλων
1017 1579 1266 1632 συγγενρῦν,30
1279 1582 1321 1616 ut
1343 1583 1444 1616 recta
1468 1583 1647 1617 sectantes
1667 1582 1737 1618 illis
1761 1581 1822 1626 qui
1844 1592 1916 1617 non
1931 1591 2092 1627 proxima
2111 1581 2235 1617 colunt
2256 1590 2359 1628 prae·

127 1623 166 1663 έξ
186 1620 313 1658 ὁποίας
338 1621 385 1658 ἂν
408 1623 479 1658 εἶεν
500 1625 634 1671 σειρᾶς,
659 1620 748 1657 ὥςτε
770 1623 851 1658 τοὺς
870 1620 971 1668 ὀρθοὶ
990 1624 1212 1669 θρησκευόν-

127 1679 190 1702 τας
212 1669 290 1702 τῶν
312 1665 353 1702 οὖ
378 1666 614 1715 παραπλήσια
637 1666 834 1713 τιμώντων
857 1672 1076 1715 προτίμησιν
1101 1670 1210 1712 ὲζῖειν·

127 1713 221 1756 πλὴν
257 1714 288 1747 εἰ
319 1713 387 1749 τὸν
423 1712 538 1748 αὐτὸν
578 1713 712 1749 πάντες
745 1713 782 1747 οἱ
814 1713 1024 1758 καλούμενοι
1058 1713 1212 1759 βαθμὸν

128 1759 387 1813 ἐπιὶγριίφοιντο
419 1755 443 1802 ἢ
470 1762 560 1801 μίαν
590 1759 679 1805 πρὸς
709 1757 776 1793 τὸν
800 1758 930 1804 κλῆρον
959 1760 1073 1802 ἕλοιεν
1095 1759 1210 1800 τάξιν.

1279 1630 1479 1671 ponantur3
1521 1630 1642 1662 tamen
1679 1627 1711 1663 si
1745 1626 1895 1663 eundem
1934 1627 1995 1671 qui
2027 1630 2201 1663 vocantur
2236 1636 2359 1663 omnes

1279 1671 1428 1716 gradum
1462 1671 1669 1707 adscribant
1706 1674 1771 1707 aut
1806 1682 1913 1708 unam
1947 1671 1994 1707 ad
2029 1671 2260 1708 hereditatem
2293 1671 2359 1707 ha-

1281 1718 1388 1752 beant
1421 1717 1654 1753 vocationem.
1704 1717 1786 1752 Non
1817 1717 1909 1753 enim
1939 1717 1997 1752 his
2032 1717 2093 1762 qui
2126 1727 2171 1752 ex
2201 1716 2360 1761 longiore

1279 1761 1393 1805 gradu
1413 1765 1498 1798 sunt
1521 1766 1557 1798 et
1579 1772 1601 1798 a
1620 1761 1848 1798 vicinioribus
1873 1763 1932 1804 [et]
1948 1761 2085 1798 exclusi
2106 1761 2191 1798 licet
2213 1762 2362 1799 meliora

127 1802 211 1838 οὐδὲ
243 1804 313 1851 γὰρ
349 1802 392 1848 δὴ
429 1807 503 1838 τοῖς
537 1805 575 1838 ἐκ
603 1807 823 1850 μακροτέρου
855 1804 1007 1860 βαθμοῦ
1043 1808 1103 1839 καὶ
1139 1802 1211 1840 ὑπὸ
1227 1807 1268 1840 35
1281 1809 1470 1850 sectantes,
1495 1807 1620 1854 damus
1644 1807 1875 1853 privilegium.

126 1850 204 1883 τῶν
227 1850 428 1896 ἐγγυτέρων
451 1848 718 1894 ἐκκλειομένοις,
748 1847 817 1883 κᾶν
840 1850 871 1883 εἰ
894 1863 941 1884 τα
963 1848 1099 1885 καλλίω
1122 1850 1213 1895 θρη-

126 1895 297 1937 σκεύοιεν,
316 1895 386 1938 τὴν
402 1894 496 1930 κατὰ
511 1895 589 1930 τῶν
603 1896 805 1941 ἐγγυτέρων
828 1899 1046 1940 προτίμησιν
1066 1893 1214 1940 δίδομεν

126 1943 187 1973 καὶ
210 1944 424 1986 προνομίαν.

1130 1997 1290 2035 CAPUT
1313 1997 1378 2034 111.

193 2054 298 2099 Πλὴν
328 2051 410 2089 ἀλλ’
441 2052 506 2097 οὐχ
536 2050 624 2089 αῗςτε
655 2058 716 2089 καὶ
746 2053 1015 2099 ἀμεταμέλητον
1043 2054 1135 2088 εἶναι
1168 2054 1224 2089 ‘to'

1344 2054 1421 2090 Nec
1451 2056 1571 2090 tamen
1601 2056 1842 2100 paenitentiae
1872 2055 1991 2092 locum
2025 2055 2063 2092 in
2095 2065 2206 2092 causa
2236 2056 2359 2094 exclu-

126 2103 277 2147 πρᾶγμα
311 2104 383 2135 τοῖς
419 2097 706 2144 ἀποκλειομένοις
741 2102 779 2134 ἐκ
813 2099 953 2134 τούτου.
1002 2100 1032 2133 εἰ
1063 2100 1131 2145 γὰρ
1165 2097 1208 2143 δὴ
1222 2103 1265 2135 40
1281 2100 1330 2136 Sis
1360 2100 1553 2135 auferimus
1583 2110 1628 2136 ex
1651 2101 1732 2137 hoo.
1779 2101 1872 2137 Nam
1902 2101 1933 2137 si
1962 2101 2138 2137 voluerint
2169 2104 2205 2137 et
2233 2104 2362 2146 postea

120 2187 290 2228 putemus
311 2181 351 2215 in
366 2180 491 2216 eadem
506 2180 564 2215 ira
585 2190 819 2227 perseverare
841 2179 1014 2215 adversus
1037 2189 1100 2214 eos
1118 2179 1182 2225 qui
1198 2180 1289 2225 pari
1312 2178 1436 2214 morbo
1461 2180 1621 2215 uoniam
1645 2179 1769 2225 affecti
1787 2183 1883 2223 sunt,
1906 2185 2015 2225 atque
2030 2179 2188 2216 maxime
2204 2180 2360 2216 omnium

125 2226 378 2272 indulqeamus
402 2224 523 2271 Serqii
545 2225 763 2261 sanctissimi
787 2224 1074 2261 Caesariensium
1103 2223 1313 2271 metropolis
1336 2224 1499 2271 episcopi
1525 2224 1631 2260 iustis
1647 2225 1831 2271 precibus,
1863 2224 1994 2271 quibus
2020 2235 2091 2271 pro
2115 2225 2161 2261 iis
2183 2235 2272 2262 usus
2293 2229 2360 2270 est,

126 2272 261 2318 quippe
285 2271 348 2317 qui
371 2274 407 2307 et
430 2274 578 2318 testetur
601 2270 766 2307 meliores
797 2280 858 2306 eos
886 2269 1013 2315 factos
1035 2280 1113 2305 esse
1142 2273 1180 2305 et
1203 2269 1355 2315 quietem
1379 2279 1504 2305 eorum
1533 2270 1569 2305 in
1591 2270 1760 2315 futurum
1791 2273 1929 2317 tempus
1947 2270 2150 2316 promittat,
2182 2269 2233 2306 ad
2251 2280 2360 2317 prae-

126 2322 259 2352 sentem
283 2316 441 2352 divinam
465 2316 577 2362 leqem
601 2320 764 2351 nostram
788 2315 964 2358 venimus,
995 2325 1070 2361 qua
1092 2315 1290 2357 sancimus,
1322 2319 1363 2350 ut
1385 2313 1581 2350 Samaritis
1604 2315 1676 2350 iam
1699 2314 1807 2351 liceat
1835 2319 2046 2351 testamenta
2072 2314 2229 2351 scribere
2259 2318 2295 2351 et
2316 2315 2361 2352 de

127 2363 230 2398 bonis
259 2362 336 2397 suis
366 2361 569 2406 disponere,
605 2360 903 2407 quemadmodum
938 2363 973 2395 et
1002 2363 1144 2396 ceterae
1174 2359 1271 2406 leqes
1294 2360 1514 2406 permittunt
1548 2364 1583 2396 et
1610 2371 1683 2406 per
1715 2364 1945 2407 praesentem
1974 2359 2184 2402 statuimus,
2219 2363 2255 2396 et
2283 2361 2361 2397 sine

128 2412 338 2443 testamento
363 2406 547 2452 defunctis
580 2411 621 2442 ut
644 2417 693 2442 ex
715 2406 762 2441 iis
785 2405 849 2452 qui
871 2406 916 2442 ab
940 2406 1109 2441 intestato
1134 2408 1311 2441 vocantur
1340 2403 1391 2440 ad
1411 2404 1644 2441 imitationem
1668 2411 1868 2441 ceterorum
1885 2404 2082 2454 'hominum
2113 2404 2260 2441 heredes
2280 2415 2360 2441 suc-

127 2452 268 2494 cedant,
291 2452 455 2497 exceptis
478 2452 524 2486 iis
548 2462 794 2497 quaecumque
816 2460 883 2487 nos
904 2461 972 2497 per
993 2454 1218 2497 praesentem
1243 2450 1356 2531 leqem
1378 2450 1602 2486 mutabimus.
1649 2451 1702 2486 Ac
1724 2449 1942 2486 donationes
1964 2460 2108 2496 quoque
2138 2449 2184 2486 iis
2205 2449 2362 2487 scre'bere

124 2497 366 2544 permittimus
397 2496 588 2543 leqataque
618 2501 655 2532 et
683 2497 772 2532 dare
803 2499 837 2532 et
867 2496 1032 2542 accepere
1061 2500 1097 2532 et
1127 2495 1261 2531 eiusmo
1290 2496 1304 2530 i
1332 2499 1541 2531 contractus
1572 2505 1651 2530 eum
1681 2496 1779 2531 omni
1810 2495 1954 2531 licentia
1982 2495 2119 2540 facere.
2166 2493 2238 2538 Qua·
2267 2495 2362 2532 enim

128 2542 407 2577 concesserimus
436 2542 483 2576 iis
506 2542 632 2577 testari
663 2546 699 2578 et
721 2541 765 2578 de
789 2542 886 2577 omni
916 2541 1118 2577 substantia
1141 2540 1345 2587 disponere,
1378 2540 1560 2592 quomodo
1584 2541 1623 2575 in
1643 2540 1867 2586 particulari
1889 2539 2124 2586 dispositione
2193 2540 2367 2577 avemurZ

261 2587 308 2621 II.
357 2586 582 2632 Quamquam
613 2597 687 2622 non
716 2586 865 2622 eundem
897 2585 1015 2622 locum
1045 2585 1228 2622 reddimus
1254 2585 1468 2621 Christianis
1500 2585 1767 2622 successoribus
1798 2589 1833 2621 et
1854 2584 2064 2628 Samaritis,
2098 2595 2137 2621 se
2192 2595 2362 2632 maqnum

128 2632 252 2667 merito
278 2632 513 2678 privileqium
545 2632 591 2667 iis
622 2632 688 2678 qui
715 2632 865 2667 meliora
895 2634 1080 2667 sectantur
1110 2630 1348 2667 concedimus.
1403 2629 1501 2666 Unde
1523 2631 1555 2666 si
1578 2631 1660 2677 qui-s
1682 2642 1806 2667 eorum
1835 2630 1913 2666 sine
1946 2633 2156 2666 testamento
2187 2629 2363 2666 decedens

128 2677 261 2712 liberos
284 2676 384 2722 quod
406 2678 534 2712 attinet
556 2677 606 2712 ad
627 2676 687 2712 dei
709 2677 841 2712 cultum
866 2676 1113 2723 discrepantes
1134 2676 1329 2722 relinquat,
1359 2675 1434 2711 soli
1454 2675 1503 2711 ad
1525 2675 1757 2712 hereditatem
1786 2675 1864 2712 eius
1887 2675 2110 2712 vocabuntur
2141 2675 2207 2720 qui
2225 2678 2363 2712 rectam

131 2721 417 2758 Christianorum
439 2721 552 2800 lidem
574 2722 811 2768 praeferunt,
843 2721 1002 2758 exclusis
1032 2721 1161 2757 ceteris
1183 2723 1396 2767 quicumque
1426 2720 1550 2757 eodem
1581 2732 1660 2757 cum
1685 2721 1860 2767 defuncto
1883 2730 2010 2757 errore
2035 2723 2211 2756 tenentur.
2259 2718 2362 2756 Haec

129 2771 248 2802 autem
272 2776 346 2800 non
370 2766 414 2801 de
453 2766 559 2802 iberis
581 2766 715 2809 solum,
747 2767 812 2803 sed
833 2767 901 2802 reli
928 2767 983 2802 uis
1007 2777 1149 2812 quoque
1173 2767 1339 2812 coqnatis
1361 2765 1522 2810 dicimus,
1550 2777 1601 2802 ex
1624 2776 1849 2812 quacumque
1871 2765 1945 2801 sint
1968 2765 2082 2807 linea,
2112 2770 2154 2801 ut
2176 2765 2242 2811 qui
2260 2768 2362 2802 reeta

127 2815 313 2847 sectantur
332 2821 427 2856 prae
450 2812 495 2845 iis
517 2811 581 2856 qui
603 2822 677 2847 non
700 2812 831 2847 similia
856 2821 898 2847 co
916 2815 981 2847 unt
997 2813 1299 2858 praeroqativam
1322 2809 1497 2847 habeant:
1521 2811 1573 2847 ita
1593 2815 1711 2847 tamen
1733 2811 1768 2847 si
1785 2810 1934 2847 eundem
1958 2820 2079 2846 omnes
2102 2809 2166 2856 qui
2185 2813 2363 2847 vocantur

129 2856 284 2903 qradum
315 2855 386 2890 sibi
413 2853 593 2891 vindicent
625 2856 682 2892 vel
711 2867 820 2891 unum
850 2856 899 2891 ad
930 2856 1162 2893 hereditatem
1193 2856 1355 2892 ordinem
1387 2855 1552 2892 habeant.
1601 2856 1726 2903 Neque
1749 2855 1842 2892 enim
1867 2856 1912 2891 iis
1941 2856 2006 2901 qui
2026 2854 2220 2890 remotiore
2241 2853 2362 2902 qradu

128 2905 270 2981 ,ςιιητἹεί
292 2911 316 2953 a
335 2901 664 2980 pr‘qpinquioribus
687 2900 942 2944 excluduntur,
974 2902 1116 2937 etiamsi
1135 2901 1286 2938 meliora
1307 2904 1500 2943 sectentur,
1532 2906 1660 2937 contra
1683 2901 1970 2948 propinquiores
1993 2899 2295 2947 praeroqativam
2325 2902 2363 2936 et

156 2956 258 2983 mvze
284 2956 357 2980 ium
404 2956 516 2980 amus.

126 2958 152 2994 p
257 2957 331 3026 ΪῼΠΙ.
377 2989 602 3036 Quamquam
626 3001 684 3026 res
706 3001 779 3026 non
803 3002 845 3026 eo
870 2990 980 3033 valet,
1012 2995 1053 3026 ut
1075 3002 1120 3027 ne
1149 2990 1392 3037 paenitentiae
1423 2989 1565 3036 quidem
1589 2989 1692 3026 locus
1713 2989 1941 3036 relinquatur
1970 2989 2016 3025 iis
2037 2987 2102 3035 qui
2131 2986 2215 3024 hinc
2237 2988 2361 3024 exclu-

188 3086 205 3118 1
231 3083 292 3116 ἐπὶ
311 3080 374 3124 τῆς
393 3075 503 3123 αὗτῆς
521 3081 644 3123 μένειν
664 3077 770 3126 ὀργῆς
791 3082 846 3124 (cs.
865 3083 941 3122 647,
955 3084 995 3121 11)
1013 3081 1212 3123 Zachariae]

130 3130 190 3163 ἐπὶ
206 3128 268 3171 τῆς
284 3122 394 3169 αὐτῆς
408 3127 531 3169 μένειν
546 3120 655 3171 ὁρίοις
674 3127 711 3158 Μ
739 3125 774 3157 in
791 3125 873 3168 ipsis
889 3136 1081 3168 permanere
1098 3136 1127 3168 ς,
1152 3126 1212 3160 ἐπὶ

128 3177 201 3208 τοῖς
226 3169 344 3206 αὐτοῖς
366 3173 489 3215 μένειν
513 3166 623 3215 ὁρίοις
657 3183 723 3204 cum
750 3171 931 3214 Scrimyero
953 3172 1040 3212 vulq.
1065 3173 1077 3214 Ι]
1107 3172 1126 3204 3
1151 3171 1214 3213 τῆς

129 3220 347 3263 Καισαρέων
356 3214 624 3261 μητροπόλεως]
641 3215 902 3249 Caesariensium
916 3226 935 3251 ς
947 3214 959 3260 ΙΙ
972 3218 992 3249 4
1005 3213 1212 3258 ἐποιήσατο]

130 3265 210 3298 facit
227 3276 246 3300 ς
265 3264 277 3308 ΙΙ
294 3266 312 3297 5
325 3274 383 3296 τοι
400 3261 487 3295 del?
506 3262 518 3305 ss
537 3263 577 3296 10
591 3258 651 3294 διά
668 3273 707 3294 τε
721 3261 906 3294 Zachariae
920 3274 957 3294 ex
972 3262 1002 3301 ς]
1020 3257 1080 3293 διὰ
1098 3258 1138 3294 δὲ
1152 3260 1213 3304 ΜΗ

133 3313 169 3344 11
197 3311 256 3342 καὶ
281 3322 319 3342 ex
335 3320 355 3344 ς
371 3308 451 3341 add.
469 3307 656 3341 Zachariae
673 3306 686 3350 ΙΙ
713 3307 754 3340 16
778 3303 816 3339 λε
839 3305 911 3338 άτα
934 3306 977 3338 Μ
988 3305 1000 3348 ΙΙ
1029 3308 1067 3339 19
1094 3301 1212 3338 αὐτοῖς

131 3369 168 3389 ex
193 3367 212 3391 ς
235 3355 326 3387 malit
351 3354 538 3386 Zachariae
561 3353 630 3386 sine
653 3364 754 3385 causa
771 3351 784 3394 ΙΙ
833 3352 852 3384 2
876 3347 1056 3391 διαδόχοις
1080 3363 1138 3383 om.
1159 3362 1178 3386 ς
1201 3349 1212 3394 ΙΙ

131 3401 171 3434 23
195 3396 351 3439 εἰκότως]
378 3401 410 3430 et
429 3397 548 3431 merito
572 3408 592 3434 ς
608 3398 619 3439 ΙΙ
638 3398 682 3431 24
705 3393 924 3438 *διαθηκῶν
947 3393 1125 3428 τελευτῶν
1143 3407 1211 3437 χω-

131 3448 183 3490 ρὶς
206 3442 227 3487 ἢ
250 3446 310 3477 καὶ
335 3439 466 3477 παῖδας
489 3462 533 3467 -
558 3444 599 3477 25
621 3439 814 3476 καταλίποι
830 3441 886 3482 Μ,
910 3439 981 3473 sine
1005 3440 1211 3473 testamentis

130 3490 293 3523 moriatur
308 3488 394 3521 filios
409 3507 449 3512 —-
462 3488 655 3530 relinquens
671 3499 691 3524 ς
714 3484 919 3532 (τελευτήσῃ
943 3492 971 3519 et
994 3484 1025 3518 εἰ
1048 3487 1108 3518 καὶ
1128 3498 1210 3518 corr.

131 3536 345 3575 Zachariae);
371 3530 394 3575 ἢ
412 3534 473 3565 καὶ
491 3534 594 3567 delevi
610 3534 622 3576 ΙΙ
640 3534 683 3567 30
695 3532 823 3576 μόνον]
839 3530 918 3564 solis
932 3531 966 3573 (ἰ.
977 3542 1002 3564 ε.
1014 3527 1156 3574 μόνων)
1169 3542 1188 3566 ς
1201 3530 1212 3574 ΙΙ

132 3582 174 3615 34
198 3578 315 3619 τάξιν]
339 3578 544 3612 vocationem
569 3589 589 3615 ς
609 3578 622 3622 ΙΙ
647 3580 688 3613 37
713 3576 782 3620 τὴν
806 3596 848 3602 -
872 3577 1090 3620 προτίμησιν
1114 3582 1144 3609 et
1167 3576 1210 3609 38

130 3628 190 3658 καὶ
214 3639 271 3658 om.
294 3637 312 3660 ς

1342 3083 1354 3114 1
1382 3079 1578 3122 *prioribus
1602 3080 1680 3114 libri
1701 3081 1755 3123 (cfi
1775 3081 1830 3121 30)
1849 3079 1897 3122 112
1921 3079 1981 3122 leq.
2006 3075 2080 3124 (et)
2100 3078 2326 3121 praestantes?
2348 3078 2362 3124 ΙΙ

1279 3126 1301 3159 4
1325 3127 1419 3167 quas]
1444 3135 1524 3167 quas
1547 3124 1612 3157 sibi
1641 3125 1673 3158 Τ
1691 3123 1704 3168 ΙΙ
1719 3124 1798 3157 feeit
1814 3125 1908 3158 Beck
1925 3123 1938 3166 ΙΙ
1954 3126 1973 3158 5
1995 3123 2054 3166 qui
2074 3123 2166 3156 edem
2184 3122 2242 3166 ΤΙ]
2260 3125 2278 3157 7
2295 3123 2360 3157 soi-

1279 3181 1353 3203 mus
1380 3171 1413 3204 T
1432 3167 1446 3214 ΙΙ
1473 3171 1492 3204 8
1516 3169 1725 3202 samaritanis
1753 3168 1813 3212 Tss
1843 3170 1863 3203 9
1887 3168 1948 3202 alii
1968 3169 1999 3202 V
2020 3167 2033 3213 ΙΙ
2064 3170 2102 3203 11
2127 3170 2265 3202 uocatus
2288 3168 2359 3212 VT,

1281 3228 1362 3249 corr.
1376 3215 1462 3258 vuly.
1481 3213 1499 3292 q
1520 3215 1560 3248 13
1585 3224 1687 3256 eaque
1712 3215 1744 3247 T
1765 3213 1778 3258 11
1798 3223 1858 3256 per
1882 3215 1959 3247 add.
1974 3215 2061 3258 vuly.
2079 3213 2091 3257 ΙΙ
2109 3215 2362 3256 transponamus

1281 3261 1374 3293 Beck
1391 3259 1404 3303 ΙΙ
1423 3261 1464 3294 14
1501 3269 1592 3301 egem
1617 3271 1675 3292 om.
1699 3259 1754 3302 Vn
1775 3262 1815 3293 16
1840 3261 2025 3293 contractos
2048 3258 2103 3302 Vn
2125 3260 2163 3293 17
2188 3269 2285 3292 omne
2306 3258 2341 3293 V
2395 3262 2398 3268 '

1279 3305 1467 3348 dispensare
1488 3321 1533 3330 -
1555 3303 1753 3346 particulari
1781 3317 1838 3338 om.
1866 3305 1899 3338 V
1919 3305 1932 3348 ΙΙ
1964 3306 2006 3339 18
2029 3303 2305 3348 dispensationem
2427 3341 2430 3348 Ι

1279 3349 1494 3393 dispositione
1512 3349 1545 3383 Τ
1557 3352 1568 3391 ΙΙ
1587 3349 1782 3392 negauimus
1803 3349 1860 3392 Vn
1876 3351 1918 3383 22
1931 3362 1980 3392 sq.
2004 3348 2208 3383 sectantibus
2223 3347 2362 3382 meliora
2414 3367 2431 3394 g

1285 3395 1316 3428 T
1333 3398 1345 3436 ΙΙ
1376 3395 1419 3428 24
1448 3394 1490 3426 ad
1514 3395 1611 3426 deum
1634 3396 1735 3439 vulq]
1770 3395 1812 3428 ad
1836 3405 1912 3428 eum
1938 3395 1970 3428 T
2003 3394 2111 3428 adeun
2139 3393 2175 3428 V
2196 3392 2210 3438 ΙΙ
2237 3394 2279 3428 27
2303 3402 2360 3426 ex-
2425 3411 2431 3422 =

1280 3438 1364 3472 cusis
1386 3439 1443 3484 ΙΙΙ]
1466 3449 1692 3481 quaecumque
1715 3440 1776 3473 VT
1793 3439 1805 3485 ΙΙ
1833 3442 1874 3474 30
1899 3442 1990 3473 recta
2011 3441 2113 3483 vul9.]
2136 3441 2228 3472 recte
2251 3439 2329 3473 libri
2347 3436 2363 3485 ss

1277 3484 1427 3527 proxima
1450 3486 1548 3528 vulq]
1582 3485 1730 3526 proxime
1756 3485 1789 3518 T
1819 3485 2013 3528 proximant
2039 3485 2093 3519 V⁰
2135 3482 2263 3527 proxiffi
2285 3484 2308 3517 i.
2331 3494 2359 3518 c.
2419 3498 2422 3499 ⁷

1277 3530 1464 3572 proximum
1485 3529 1534 3563 Vb
1552 3529 1565 3574 ΙΙ
1581 3532 1621 3564 31
1641 3530 1782 3563 eundem
1798 3531 1896 3574 vul9.]
1922 3531 2033 3563 eadem
2055 3530 2132 3563 libri
2146 3528 2158 3572 ΙΙ
2176 3529 2218 3563 33
2242 3529 2271 3561 is
2295 3527 2328 3562 T

1277 3574 1428 3617 loguiore
1445 3575 1567 3616 gradus
1583 3577 1680 3609 eunte
1696 3574 1961 3609 aduicinioribus
1982 3574 2015 3609 V
2026 3573 2039 3619 ΙΙ
2055 3575 2099 3608 34
2118 3575 2152 3606 et
2168 3586 2226 3607 om.
2243 3573 2328 3616 vulq-

1278 3620 1320 3698 ἒὸ
1344 3620 1547 3699 seqetantibus
1570 3622 1656 3666 valq.
1682 3619 1696 3665 ΙΙ
1719 3621 1763 3655 40
1788 3630 1828 3654 ex
1851 3620 1914 3655 hoc
1934 3620 2040 3662 Beck]
2063 3620 2097 3652 et
2121 3618 2184 3651 boo
2205 3618 2239 3653 V
2264 3617 2299 3652 et
2318 3625 2358 3651 ex

1302 3676 1341 3698 oo
1408 3667 1491 3710 vuly.
