2592 3840
228 110 336 154 Nov.
367 110 491 153 XXII
522 114 575 152 20
1306 97 1384 145 160
2187 111 2248 142 nn
2275 111 2454 144 numus

1210 229 1368 266 CAPUT
1390 228 1471 264 XX.

287 301 332 335 Τὸ
366 300 404 335 δὲ
434 304 452 334 t
481 302 556 343 εξῆς
585 302 662 335 τῶν
691 299 817 347 γάμων
848 296 946 331 τέλος
976 295 995 330 ὁ
1018 294 1140 332 πάντα
1166 293 1298 341 ὁμοίως
1410 295 1590 340 Deinceps
1628 297 1748 330 autem
1784 294 2092 331 matrimoniorum
2133 295 2322 331 terminum
2357 306 2449 341 quae

230 344 389 380 διαλύων
413 315 591 389 ἐκδέχεται
616 336 785 380 θάνατος.
833 338 938 383 aava,
961 341 1032 376 εἴτε
1055 341 1211 384 θανάτῳ
1235 342 1299 376 τοῦ
1367 350 1471 377 omne
1493 340 1654 376 similiter
1671 339 1777 375 solvit
1799 342 1967 384 expectat
1978 350 2084 376 mors.
2117 340 2219 376 Unde
2241 341 2315 376 sive
2334 345 2448 376 morte

228 388 357 437 ἀνδρὸς
391 389 578 433 διαλυθείη
614 389 656 425 τὸ
690 391 908 423 συνοικέσιον
943 386 1014 420 εἴτε
1056 385 1202 434 τελευτῇ
1237 387 1299 430 τῆς
1367 386 1433 421 viri
1454 385 1613 421 solvatur
1635 384 1896 419 matrimonium
1921 385 1994 420 sive
2018 384 2089 421 fine
2112 385 2281 428 mulieris,
2307 385 2447 420 lucrum

228 435 408 482 γυναικός,
436 434 556 481 κέρδος
584 435 755 482 γίνεσθαι
779 434 833 476 τῷ
851 434 919 476 μὲν
942 429 1046 478 ἀνδρὶ
1077 429 1145 474 τὴν
1168 433 1299 479 προῖκα
1369 431 1416 466 sit
1440 430 1515 465 viro
1540 430 1681 475 quidem
1709 430 1747 464 in
1777 428 1860 464 dote
1891 430 2088 465 secundum
2113 430 2208 476 quod
2231 430 2448 475 nuptialium

230 479 319 514 κατὰ
340 479 383 515 τὸ
406 484 478 515 τοῖς
499 483 658 527 γαμικοῖς
682 477 905 524 συμβολαίοις
935 475 1189 523 περιεχόμενον
1213 475 1297 520 σύμ·
1335 480 1354 511 5
1367 476 1683 511 instrumentorum
1714 474 1917 510 continetur
1948 477 2076 520 pacto,
2117 474 2256 510 mulieri
2286 485 2368 511 vero
2403 485 2448 511 ex

230 538 365 570 φωνον,
390 527 433 568 τῆ
456 528 595 572 γυναικὶ
620 523 658 559 δὲ
681 524 747 567 τὴν
767 525 1011 579 προγαμιαίαν
1032 519 1183 567 δωρεάν,
1207 521 1299 555 καθ’·
1366 520 1519 565 nuptiali
1538 519 1741 561 donatione,
1762 519 1857 555 sicut
1878 523 1914 555 et
1933 520 1983 555 ibi
2003 520 2209 556 convenerit
2229 530 2251 555 a
2269 519 2445 565 principio

230 569 321 605 άπεο
345 568 390 604 ἂν
412 562 548 604 κάκεῖσε
571 568 708 611 δόξειεν
731 568 771 609 ἐξ
793 567 896 612 αρχῆς
919 569 993 601 τοῖς
1015 565 1298 611 συμβάλλουσιν·
1370 564 1679 601 contrahentibus:
1719 574 1792 599 non
1822 564 2053 609 prohibendis
2086 565 2227 618 quidem
2249 564 2447 610 inaequali·
2511 575 2514 578 ’

230 612 271 648 οὗ
294 603 530 659 κωλυομένων
551 617 616 658 μὲν
639 615 716 647 τῶν
740 611 879 647 ἀνίσων
901 609 994 646 κατὰ
1018 612 1060 645 τὸ
1085 610 1201 646 ποσὸν
1225 614 1298 646 ἐπι·
1368 611 1435 645 bus
1461 609 1655 645 secundum
1680 609 1916 688 quantitatem
1938 609 2190 653 oblatiombUS,
2214 609 2447 655 prohibendis

231 657 377 701 δόσεων,
398 659 632 703 κωλυομένων
648 657 688 692 δὲ
701 660 778 692 τῶν
791 654 929 691 ἀνίσων
942 655 1170 702 συμφώνων·
1190 657 1298 691 τοῦτο
1368 658 1487 690 autem
1506 653 1685 698 inaequali
1711 664 1753 689 us
1773 654 1907 699 pactis;
1932 654 2001 690 hoc
2043 655 2116 691 uod
2135 653 2351 691 fortissimus
2391 655 2447 690 ui-

230 702 319 749 ὅπερ
335 701 355 737 ὁ
374 706 441 749 μὲν
458 703 709 751 γενναιότατος
722 704 832 736 Λέων
855 703 895 735 ἐν
919 704 991 736 τοῖς
1013 702 1152 736 οἰκείοις
1175 700 1299 747 ὀρθῶς
1314 704 1354 735 10
1369 700 1449 735 dem
1471 699 1546 734 Leo
1570 699 1608 733 in
1632 698 1707 734 Suis
1733 699 1946 744 conscripsit
1967 699 2034 744 legi
2061 711 2117 743 us,
2145 710 2211 736 nos
2235 703 2356 735 autem
2404 710 2451 736 οῦ

229 751 365 795 ἔγραψε
388 750 520 794 νόμοις,
553 745 648 792 ἡμεῖς
680 746 719 782 δὲ
746 746 835 781 αὐτὸ
859 744 1135 793 παραλαβόντες
1157 748 1212 781 ἔτι
1237 758 1297 780 σα·
1368 746 1549 780 sumentes
1573 743 1691 779 adhuc
1716 744 1848 780 clarius
1874 744 2128 782 ordinavimus.
2178 745 2217 780 Si
2243 745 2337 781 enim
2359 745 2453 781 alter

230 797 402 841 φέστερον
432 792 651 838 διετάξαμεν.
706 793 753 826 Εἰ
781 790 850 838 γὰρ
881 788 901 825 ὁ
931 793 998 835 μὲν
1030 790 1172 832 πλεῖον,
1207 787 1227 824 ὁ
1259 789 1300 824 δὲ
1369 790 1513 834 quidem
1537 789 1707 834 amplius,
1738 789 1828 824 alter
1850 799 1934 824 vero
1959 790 2075 825 minus
2097 790 2136 825 in
2158 790 2261 826 lucro
2311 790 2447 826 scisca-

229 837 379 872 ἔλαττον
394 841 433 872 ἐν
445 840 497 882 τῷ
519 836 633 881 κε’ρὸει
652 834 935 882 συμφωνήσειεν,
954 834 1088 879 ἄδηλον
1100 830 1155 879 ἧν,
1172 833 1299 870 ὁποῖον
1367 838 1437 876 tur,
1465 834 1642 869 incertum
1665 836 1755 877 erat,
1779 834 1884 879 quale
1904 845 1925 870 0
1953 837 2087 871 orteret
2103 845 2183 871 esse
2199 846 2270 880 quo
2317 838 2449 877 teneat,

229 882 285 917 δεῖ
305 883 346 917 τὸ
369 884 522 928 κρατοῦν
546 883 653 924 εἶναι,
683 883 838 928 πότερον
863 880 905 916 τὸ
936 880 1061 915 πλεῖον
1084 880 1106 924 ἢ
1133 879 1176 915 τὸ
1196 879 1297 915 ἔλατ·
1367 884 1486 914 utrum
1522 879 1617 924 quod
1651 879 1733 924 plus
1768 889 1814 915 an
1849 890 1918 925 quo
1974 879 2111 924 minus,
2146 880 2369 917 dubitatione
2401 890 2446 916 ex

228 941 303 969 τον,
334 929 394 971 τῆς
420 925 717 973 ἀμφισβητήσεως
740 927 970 961 ἑκατέοωθεν
991 924 1123 971 ὁμοίως
1154 925 1298 960 ἀνιστα-
1315 928 1353 965 15
1367 929 1520 969 utroque
1544 924 1704 959 similiter
1723 924 1805 960 insu
1848 929 1939 960 ente.
1976 924 2078 961 Unde
2097 925 2200 961 nobis
2223 925 2360 970 placuit
2379 925 2445 961 im-

226 975 342 1016 μένης.
389 969 475 1006 aisn
505 970 589 1016 ἡμῖν
619 970 718 1013 ἔδοξε
748 971 810 1006 τὰς
841 959 1010 1018 ἂμετρίας
1032 968 1298 1018 ἀποστρεφομέ-
1367 969 1629 1005 moderationes
1647 970 1825 1005 aversanti
1851 980 1894 1005 us
1912 969 1959 1005 ad
1975 969 2091 1006 minus
2108 970 2330 1016 protrahere,
2349 969 2446 1023 quod

227 1028 299 1051 νοις
330 1016 418 1064 πρὸς
450 1017 491 1051 τὸ
519 1016 672 1052 ἔλαττον
702 1014 925 1051 καθελκύσαι
958 1015 1002 1050 τὸ
1031 1015 1155 1050 πλεῖον
1181 1018 1221 1050 ἐν
1244 1016 1299 1059 τῷ
1358 1015 1404 1052 -in
1423 1017 1530 1060 pacto
1554 1014 1636 1060 plus
1655 1017 1719 1057 est,
1744 1018 1781 1050 et
1803 1025 1876 1050 non
1900 1014 1970 1051 alio
1995 1015 2137 1060 quidem
2160 1015 2268 1051 licere
2291 1018 2446 1059 tertiam,

227 1061 421 1107 συμφώνῳ,
447 1059 494 1096 ὡς
516 1061 564 1106 μὴ
582 1063 637 1106 τῷ
660 1063 727 1106 μὲν
744 1062 875 1102 ἐξεῖναι
895 1065 1028 1106 τρίτον,
1053 1062 1105 1104 τῷ
1127 1059 1168 1095 δὲ
1189 1059 1298 1103 τυχὸν
1367 1060 1437 1095 alio
1473 1062 1593 1095 autem
1627 1059 1781 1095 forsitan
1812 1064 1976 1105 quartam
2006 1060 2100 1096 lucri
2130 1060 2286 1106 pacisci:
2322 1060 2385 1097 sed
2416 1062 2449 1096 si

226 1110 399 1153 τέταρτον
421 1108 485 1141 τοῦ
509 1105 648 1153 κέρδους
672 1110 898 1152 συμφωνεῖν,
930 1103 1011 1140 ἀλλ’
1036 1106 1072 1140 εἴ
1092 1119 1128 1140 τι
1153 1107 1297 1140 τοιοῦτο
1391 1104 1452 1140 uid
1482 1105 1554 1140 tale
1584 1104 1667 1145 fiat,
1704 1109 1834 1150 quarta
1867 1105 1906 1140 in
1940 1107 2093 1151 utroque
2125 1104 2374 1151 percipienda,
2412 1107 2451 1141 et

225 1154 381 1198 γένοιτο,
411 1151 469 1197 (τὸ
498 1151 690 1205 τέταρτον>
729 1149 788 1197 ἐφ’
816 1152 983 1197 ἑκατέρου
1019 1149 1296 1198 παραλαμβάνε-
1311 1153 1354 1185 20
1367 1116 1534 1195 3011100118
1559 1149 1720 1185 similiter
1743 1150 1781 1185 in
1803 1150 1985 1196 partibus,
2014 1162 2087 1187 non
2109 1153 2229 1186 tamen
2250 1150 2289 1186 in
2312 1150 2447 1187 eonsti-

227 1196 328 1237 σθαι,
353 1200 411 1230 καὶ
436 1197 557 1242 ἐφεξῆς
579 1200 711 1241 ομοίως
734 1199 794 1232 ἐπὶ
817 1197 895 1231 τῶν
915 1197 1048 1243 μερῶν,
1073 1193 1112 1230 οὗ
1137 1196 1209 1240 μὴν
1235 1197 1297 1230 ἐπὶ
1366 1199 1446 1231 tuta
1471 1205 1516 1230 ex
1539 1199 1691 1240 utroque
1715 1196 1925 1241 quantitate.

225 1242 284 1284 τῆς·
308 1244 636 1287 συμπεφωνημένης
657 1242 888 1288 ἑκατέρωθεν
912 1239 1122 1284 ποσότητος.

226 1288 246 1321 l
291 1286 482 1321 Λυθέντος
511 1290 637 1321 τοίνυν
659 1288 724 1321 τοῦ
750 1286 865 1334 γάμου
887 1285 981 1320 κατὰ
1002 1286 1065 1321 τὰς
1085 1287 1298 1333 ἔμπροσθεν
1365 1287 1387 1320 1
1441 1285 1566 1320 Soluto
1602 1285 1713 1329 igitur
1747 1286 1972 1322 matrimonio
2008 1286 2206 1322 secundum
2239 1284 2449 1331 praedictas

225 1327 363 1366 ἁπάσας
389 1329 580 1374 διαζεύξεις
608 1331 778 1377 εὔδαιμον
800 1334 868 1376 μὲν
897 1334 958 1364 καὶ
980 1329 1156 1378 μακάριον
1179 1332 1296 1366 ἑκατέ-
1366 1340 1489 1366 omnes
1510 1330 1765 1366 disiunctiones
1790 1330 1876 1366 felix
1899 1331 2040 1376 quidem
2063 1335 2100 1367 et
2118 1331 2265 1367 beatum
2282 1333 2339 1366 est
2356 1330 2448 1367 utri-

226 1390 277 1422 ρῳ
302 1377 379 1410 τῶν
403 1376 665 1422 συμβαλόντων
687 1380 809 1420 μένειν
835 1378 896 1412 ἐπὶ
914 1377 976 1419 τῆς
999 1379 1175 1423 προτέρας
1198 1373 1298 1419 εὐνῆς
1310 1379 1351 1411 25
1366 1386 1436 1420 que
1461 1375 1748 1411 contrahentium
1806 1375 1973 1412 erdurare
2002 1377 2040 1411 in
2069 1376 2180 1422 priori
2212 1375 2378 1421 coniugio
2409 1378 2451 1412 et

226 1423 285 1454 καὶ
303 1421 351 1465 μὴ
374 1420 441 1464 τὴν
467 1426 662 1468 γενομένην
689 1421 799 1469 γονὴν
822 1424 895 1456 τοῖς
923 1422 1046 1467 ἐφεξῆς
1069 1425 1298 1456 συνοικεσίοις
1365 1431 1439 1456 11011
1474 1423 1700 1465 procreatam
1740 1431 1780 1457 so
1807 1421 1898 1457 olem
1939 1422 2170 1467 sequentibus
2209 1420 2448 1456 matrimoniis

226 1466 311 1500 ἴσως
335 1465 469 1502 λυπεῖν.
515 1470 575 1500 καὶ
594 1468 629 1501 εἴ
653 1480 694 1513 γε
717 1469 825 1502 τοῦτο
849 1465 1023 1514 πράξαιεν
1052 1469 1112 1500 καὶ
1135 1468 1197 1502 ἐπὶ
1218 1468 1297 1500 τῶν
1364 1465 1516 1501 forsitan
1541 1465 1769 1502 contristare.
1816 1466 1868 1502 Et
1890 1467 1923 1502 si
1943 1467 2015 1503 hoc
2038 1466 2177 1512 egerint
2200 1470 2237 1502 et
2257 1465 2296 1502 in
2309 1465 2447 1518 priori-

226 1514 413 1558 προτέρων
436 1515 559 1546 σταῖεν
581 1509 716 1559 γάμων,
741 1513 860 1553 ἕξουσι
890 1513 957 1556 μὲν
979 1510 1025 1546 τοὶ
1049 1512 1172 1553 οἰκεῖα,
1196 1515 1296 1546 τουτ-
1365 1511 1433 1547 bus
1457 1511 1622 1547 steterint
1644 1511 1799 1556 nuptiis,
1823 1511 2008 1548 habebunt
2031 1511 2174 1558 quidem'
2196 1520 2352 1557 propna,
2375 1510 2448 1548 hoc

226 1558 302 1589 ἐστι
331 1559 461 1603 προῖκα
490 1559 557 1601 μὲν
583 1554 605 1601 ἦ
635 1555 738 1604 γυνή,
771 1560 1018 1604 προγαμιαίαν
1050 1554 1090 1590 δὲ
1113 1554 1255 1603 δωρεὰν
1277 1555 1297 1590 ὁ
1365 1560 1420 1591 est
1443 1556 1564 1592 dotem
1587 1556 1728 1601 quidem
1750 1556 1896 1597 mulier,
1921 1557 2171 1603 sponsalicium
2193 1566 2276 1592 vero
2299 1556 2446 1601 largita·

226 1597 332 1645 ἀνήρ,
365 1599 471 1635 οὐδὲν
501 1599 901 1649 πολυπραγμονούντων
931 1598 1034 1646 ἡμῶν
1062 1603 1184 1642 (τοῦτο
1207 1600 1296 1648 ὅπερ
1310 1605 1353 1637 30
1364 1606 1436 1637 tem
1459 1602 1521 1645 vir,
1547 1601 1636 1637 nihil
1653 1602 1963 1646 perscrutantibus
1986 1602 2090 1638 nobis
2115 1602 2199 1646 (hoc
2222 1600 2318 1647 quod
2337 1610 2446 1647 super

226 1647 286 1679 ἐπὶ
304 1647 381 1680 τῶν
399 1645 575 1694 δευτέρων
591 1649 667 1681 ἐστὶ
683 1646 833 1694 γάμων),
858 1644 1036 1692 λήψονται
1054 1645 1094 1680 δὲ
1116 1646 1162 1681 τὰ
1179 1646 1296 1695 κέρδη,
1366 1646 1531 1682 secundis
1555 1650 1610 1682 est
1628 1646 1787 1692 nuptiis),
1810 1647 2011 1692 percipient
2035 1650 2154 1683 autem
2176 1647 2280 1682 lucra
2298 1646 2352 1682 vir
2372 1645 2448 1692 qui-

225 1687 245 1724 ὁ
267 1692 335 1734 μὲν
357 1688 446 1738 ἀνὴρ
468 1691 515 1726 τὰ
538 1694 577 1725 ἐκ
606 1693 667 1735 τῆς
690 1691 850 1739 προικός,
883 1689 905 1735 ἦ
929 1690 969 1726 δὲ
990 1691 1080 1746 γυνη
1107 1690 1152 1727 τὰ
1175 1694 1213 1726 ἐκ
1237 1694 1298 1736 τῆς
1365 1691 1445 1727 dem
1477 1702 1521 1727 ex
1550 1691 1654 1736 dote,¹
1675 1691 1803 1727 mulier
1832 1697 1951 1728 autem
1984 1703 2029 1728 ex
2061 1695 2196 1728 antenu
2222 1690 2300 1727 tiali
2333 1690 2448 1727 dona-

227 1740 466 1791 προγαμιαίας
486 1734 628 1782 δωρεᾶς.
661 1736 720 1771 καὶ
736 1739 883 1771 ἔσονται
899 1738 1015 1771 ταῦτα
1033 1740 1152 1771 αυτοῖς
1172 1738 1294 1779 οἰκεῖα,
1363 1737 1480 1780 tione3
1514 1740 1550 1772 et
1582 1740 1688 1772 erunt
1718 1737 1808 1772 haec
1842 1737 1893 1772 eis
1923 1738 2088 1783 propria,
2126 1737 2161 1772 n'
2190 1737 2198 1744 '
2235 1745 2352 1782 paene
2377 1735 2449 1772 alia

225 1778 330 1815 οὐδεν
361 1779 488 1823 σχεδὸν
518 1783 580 1825 τῆς
609 1780 714 1826 ἄλλης
740 1780 862 1817 αὐτῶν
886 1781 1106 1828 διαφέροντα
1129 1779 1295 1826 κτήσεως.
1366 1792 1488 1817 eorum
1512 1782 1711 1818 differentia
1734 1782 1974 1827 possessione.
2021 1782 2124 1819 Unde
2147 1781 2262 1818 donec
2283 1780 2448 1825 vixerint,

227 1822 314 1860 ὥςτε
338 1828 378 1859 έν
408 1822 483 1869 ὅσῳ
507 1831 677 1875 περίεισι,
710 1828 832 1862 πᾶσαν
863 1825 989 1861 ἄδειαν
1015 1827 1156 1868 ἕξουσιν
1180 1829 1296 1862 §xeroc-
1311 1831 1353 1863 35
1366 1837 1506 1863 omnem
1523 1827 1703 1863 licentiam
1717 1827 1902 1863 habebunt
1921 1827 2146 1863 alienationis
2164 1836 2276 1871 super
2291 1826 2359 1869 his,
2377 1826 2448 1863 sic-

226 1870 337 1911 ήσεως
366 1868 427 1906 ἐπ’
451 1868 584 1913 αὐτοῖς,
614 1868 661 1906 ὠς
682 1874 744 1906 ἐπὶ
774 1876 846 1907 τοῖς
868 1870 986 1906 ἄλλοις
1008 1871 1059 1907 οἷς
1081 1873 1230 1907 οἴκοθεν
1254 1873 1294 1914 ἐξ
1362 1875 1403 1907 ut
1430 1872 1469 1907 in
1503 1872 1582 1908 aliis
1615 1882 1706 1917 quae
1738 1872 1782 1908 de
1812 1883 1879 1908 suo
1911 1873 1958 1908 ab
1993 1872 2096 1908 initio
2131 1872 2349 1908 habuerunt.
2409 1871 2450 1908 Si

225 1914 329 1961 ἀρχῆς
348 1916 457 1958 εἶχον·
483 1917 514 1950 εἰ
537 1915 577 1951 δὲ
599 1921 659 1951 καὶ
675 1915 882 1961 τελευτῷεν,
906 1916 1081 1966 πάρεστιν
1098 1914 1217 1952 αὐτοῖς
1235 1920 1295 1952 καὶ
1364 1927 1446 1952 vero
1478 1918 1586 1953 etiam
1619 1917 1827 1962 moriantur,
1860 1917 1945 1953 licet
1976 1918 2027 1953 eis
2058 1920 2096 1953 et
2124 1916 2254 1962 legatis*
2284 1920 2322 1952 et
2348 1914 2448 1953 fidei-

270 2019 341 2051 cap.
355 2009 432 2041 XX
451 2007 502 2050 §1
530 2008 550 2041 2
573 2015 603 2041 et
626 2021 698 2051 cap.
719 2010 816 2041 XXI
833 2009 890 2050 (—-
913 2005 1085 2052 ἀδελφοὺς
1107 2005 1239 2055 ἄγομεν
1266 2010 1341 2049 162,
1365 2010 1394 2050 4)
1419 2010 1538 2042 habent
1560 2009 1598 2042 B
1622 2010 1676 2051 28,
1701 2016 1750 2048 123
1775 2009 1798 2052 ξ
1814 2011 1830 2042 1
1856 2007 2050 2043 Ata-amoc
2071 2010 2197 2042 τοίνυν
2217 2033 2347 2044 ......
2365 2005 2448 2052 κτή-

225 2062 315 2085 σεως
331 2054 414 2094 (34),
438 2054 512 2086 item
535 2054 654 2097 reliqui
676 2055 792 2097 capitis
817 2061 846 2087 et
869 2067 940 2097 cap.
966 2055 1064 2086 XXI
1082 2062 1234 2097 excerpta
1255 2055 1304 2087 Β*
1326 2067 1361 2098 p.
1390 2055 1449 2087 191
1473 2054 1578 2087 Zach.

236 2159 241 2163 -
367 2140 447 2176 XX.
502 2139 582 2176 Iam
610 2152 690 2177 eum
719 2141 782 2187 qui
810 2140 978 2188 deinceps
1007 2141 1172 2187 sequitur
1199 2141 1515 2177 matrimoniorum
1540 2141 1652 2186 finem
1688 2151 1784 2187 quae
1815 2141 1937 2176 omnia
1962 2141 2112 2187 pariter
2147 2141 2314 2178 dissolvit
2350 2153 2465 2190 mors,

224 2186 389 2221 continet.
445 2185 577 2232 Itaque
606 2187 681 2221 sive
709 2190 823 2221 morte
849 2186 918 2221 viri
947 2186 1022 2222 sive
1051 2185 1151 2221 obitu
1181 2185 1342 2222 mulieris
1370 2186 1477 2222 conia
1510 2186 1578 2222 'um
1605 2185 1762 2222 solutum
1790 2185 1859 2228 sit,
1892 2185 2033 2222 lucrum
2057 2186 2130 2231 fiat
2151 2186 2284 2223 marito
2332 2187 2451 2224 uidem

223 2230 290 2266 dos
310 2230 504 2266 secundum
520 2234 671 2278 pactum
720 2230 794 2266 uod
815 2231 1038 2277 nuptialibus
1060 2231 1309 2267 instrumentis
1333 2197 1661 2278 comprez’enditur,
1685 2230 1831 2266 mulieri
1850 2235 1971 2282 autem
1995 2231 2261 2277 antenuptialis
2310 2232 2449 2276 onatio,

220 2279 332 2322 prout
353 2276 391 2310 in
415 2275 483 2311 hoo
507 2287 649 2323 quoque
672 2242 717 2312 οἵ
740 2276 845 2311 initio
876 2275 1172 2312 contrahentibus
1202 2277 1316 2312 visum
1342 2277 1398 2312 sit.
1452 2275 1552 2312 Neve
1566 2275 1839 2323 prohibeantur
1862 2275 2027 2312 dationes
2050 2276 2256 2323 quantitate
2271 2276 2451 2324 dispares,

217 2320 483 2366 prohibeantur
513 2322 678 2373 dispares
704 2321 911 2368 pactiones,
948 2321 988 2356 id
1017 2321 1117 2367 quod
1173 2321 1447 2357 enerosissimus
1476 2320 1551 2357 leo
1584 2321 1624 2356 in
1653 2321 1731 2356 suis
1760 2324 1858 2356 recte
1887 2320 2038 2367 scripsit
2067 2320 2224 2368 leqibus,
2263 2332 2332 2358 nos
2363 2333 2450 2359 vero

223 2364 267 2400 ab
291 2376 333 2401 eo
357 2377 442 2401 acce
470 2370 542 2402 tum
565 2371 672 2402 etiam
692 2366 824 2402 certius
841 2366 1098 2402 constituimus.
1164 2367 1286 2402 ienim
1306 2366 1400 2402 alter
1413 2366 1511 2412 plus,
1536 2366 1630 2402 alter
1648 2366 1767 2401 minus
1786 2365 1830 2401 de
1851 2365 1954 2401 lucro
1966 2369 2104 2412 pactus
2142 2367 2248 2410 uem,
2273 2367 2450 2403 incernam
2518 2373 2522 2376 ⁴

222 2415 320 2451 erat,
355 2422 404 2457 qu
443 2422 463 2446 e
493 2416 587 2447 esset
615 2411 714 2457 quod
744 2411 863 2447 valere
888 2414 1091 2462 oporteret,
1125 2415 1247 2463 utrum
1270 2411 1371 2457 quod
1391 2412 1477 2458 plus
1508 2423 1557 2447 an
1581 2410 1682 2457 quod
1703 2411 1823 2446 minus
1845 2415 1915 2454 est,
1945 2421 2027 2446 cum
2058 2410 2108 2446 du
2131 2410 2236 2446 itatio
2267 2411 2451 2459 utrimque
2501 2414 2504 2419 '
2530 2415 2531 2418 ’

222 2455 386 2491 similiter
405 2461 579 2492 oreretur.
626 2454 685 2491 Ita
712 2467 756 2491 ue
771 2456 886 2498 nobis,
910 2467 1046 2503 quippe
1066 2456 1129 2501 qui
1151 2455 1192 2491 id
1214 2455 1312 2502 quod
1329 2456 1475 2491 modum
1498 2455 1655 2492 excedat
1677 2466 1895 2498 aversemur,
1919 2455 2032 2492 visum
2055 2459 2111 2491 est
2132 2455 2182 2491 ad
2200 2452 2319 2492 minus
2337 2455 2450 2494 dedu-

223 2511 314 2542 cere,
346 2501 446 2546 quod
467 2500 505 2535 in
527 2506 637 2552 paeto
659 2513 684 2547 p
701 2511 745 2536 us
767 2505 839 2535 est.-
872 2506 913 2535 ut
936 2511 1010 2536 non
1033 2500 1142 2537 liceat
1163 2501 1274 2537 alteri
1296 2501 1457 2544 tertiam,
1489 2501 1598 2537 alteri
1620 2511 1704 2537 vero
1730 2504 1901 2547 quartam
1921 2501 2027 2553 f0Y²0
2050 2500 2145 2553 lucri
2164 2505 2311 2548 partem
2332 2501 2450 2555 stipu-

224 2544 313 2585 lari,
335 2544 400 2580 sed
421 2545 453 2579 si
476 2545 565 2591 quid
589 2546 659 2581 tale
681 2547 767 2588 fiat,
791 2549 925 2591 quarta
950 2546 987 2580 in
1018 2549 1174 2592 utroque
1197 2546 1413 2592 accipiatur,
1438 2557 1483 2581 ac
1506 2545 1676 2593 deinceps
1698 2545 1810 2581 simili
1832 2545 1938 2581 modo
1962 2555 2001 2580 m
2017 2544 2190 2592 partibus
2212 2556 2279 2582 nee
2301 2556 2387 2583 vero
2411 2557 2451 2583 m

224 2594 844 2686 iuffnggllillolfigli'tfflwmglicitmaonio
874 2635 1068 2670 secundum
1099 2635 1359 2672 disiunctiones
1382 2647 1476 2683 quas
1498 2647 1614 2684 supra
1646 2635 1820 2687 diximus·
1835 2645 1960 2688 omnes
1992 2635 2094 2681 felix
2115 2634 2259 2688 quidem
2282 2639 2320 2673 et
2341 2636 2449 2674 beata

225 2682 368 2723 utrique
392 2689 583 2724 cornuqum
606 2689 688 2714 sors
717 2684 773 2714 est
793 2690 832 2714 in
855 2681 986 2726 priore
1011 2684 1091 2715 toro
1116 2681 1367 2727 acquiescendi
1389 2692 1455 2717 nec
1477 2682 1581 2727 forte
1603 2680 1764 2717 subolem
1787 2679 1856 2715 sibi
1888 2683 2013 2716 natam
2035 2691 2075 2716 se
2100 2679 2266 2716 uentibus
2287 2681 2451 2718 conubiis

225 2722 473 2757 contristandi.
533 2722 582 2757 ΕΙ
610 2724 642 2758 si
664 2723 807 2770 quidem
835 2723 904 2759 hoc
948 2725 1081 2759 ecerint
1105 2730 1214 2771 atque
1234 2726 1362 2772 priore
1386 2726 1618 2762 matrimonio
1650 2726 1834 2768 steterint,
1865 2729 1903 2760 et
1924 2735 1993 2761 sua
2016 2724 2064 2761 lta
2087 2725 2213 2768 ebunt,
2244 2725 2315 2762 hoc
2337 2730 2394 2763 est
2413 2730 2451 2763 et

225 2767 342 2802 dotem
372 2767 499 2802 mulier
527 2772 564 2802 et
593 2769 873 2814 antenuptialem
930 2770 1134 2805 onationem
1165 2770 1232 2813 vir,
1268 2781 1348 2806 cum
1375 2782 1443 2807 nos
1478 2781 1711 2818 nequaquam
1742 2769 1957 2817 scrupulose
1986 2781 2062 2806 rem
2090 2774 2366 2817 perscrutemur
2397 2770 2452 2815 (id

225 2811 323 2857 quod
351 2812 396 2857 fit
427 2812 466 2846 in
495 2812 661 2863 secundis
689 2814 857 2859 nuptiis),
893 2818 930 2849 et
961 2813 1065 2849 lucra
1096 2815 1292 2867 accipient,
1323 2820 1396 2851 tam
1427 2816 1482 2852 vir
1511 2827 1606 2862 quae
1640 2826 1690 2852 ex
1720 2814 1805 2851 dote
1838 2825 1947 2861 quam
1981 2814 2111 2851 mulier
2139 2825 2235 2867 quae
2267 2826 2319 2852 ex
2349 2819 2451 2853 ante-

225 2868 274 2892 nu
303 2856 382 2892 tiali
412 2856 606 2892 donatione
637 2857 863 2893 redundant:
891 2862 1000 2903 atque
1030 2857 1119 2894 baec
1148 2860 1194 2894 its
1213 2861 1374 2906 propria
1406 2865 1514 2896 erunt
1544 2871 1611 2896 nec
1639 2860 1835 2907 quiequam
1865 2860 1949 2905 fere
1972 2871 1995 2895 a
2026 2859 2179 2906 reliquis
2200 2871 2324 2896 eorum
2346 2860 2452 2898 bonis
2515 2876 2520 2884 ·

224 2901 265 2936 di
293 2906 406 2937 erant.
470 2900 599 2947 Itaque
636 2901 749 2937 donec
783 2905 993 2949 superstites
1030 2908 1116 2939 sunt
1149 2915 1286 2939 omnem
1319 2905 1358 2939 in
1393 2906 1440 2941 iis
1471 2905 1690 2952 facultatem
1729 2904 1916 2941 alienandi
1950 2903 2148 2947 habebunt,
2188 2906 2286 2942 siout
2321 2905 2360 2941 in
2394 2915 2451 2942 re-

225 2946 335 2992 liquis
363 2957 457 2992 quae
484 2948 641 2992 propria
666 2946 711 2982 ab
740 2946 842 2982 initio
870 2946 1056 2982 habebant.
1113 2947 1250 2991 Quodsi
1273 2951 1490 2993 moriantur,
1523 2950 1607 2986 licet
1637 2950 1684 2986 iis
1715 2954 1753 2986 et
1775 2961 1844 2997 per
1871 2949 1994 2996 leqata
2023 2954 2059 2985 et
2084 2960 2154 2996 per
2171 2949 2452 2995 fideicommissa

271 3041 287 3073 1
313 3036 372 3079 Τὸ]
387 3036 486 3071 ΙΘἛ
499 3039 531 3071 in
546 3050 606 3081 mq.
622 3036 635 3079 ll
653 3035 718 3070 τὸν
732 3038 777 3069 L¹
793 3037 805 3081 ΙΙ
822 3035 938 3083 γάμον
952 3039 980 3071 L
995 3038 1008 3082 11
1027 3040 1046 3072 2
1063 3035 1211 3082 διᾶλύην
1223 3041 1268 3073 L¹
1283 3039 1296 3085 ss
1361 3042 1473 3075 minus
1488 3042 1520 3075 T
1538 3043 1720 3075 terminum
1739 3042 1811 3074 siue
1834 3041 1900 3074 fide
1919 3041 2136 3083 mulierisque
2158 3041 2194 3074 R
2210 3040 2224 3084 ΙΙ
2239 3051 2324 3083 quae
2351 3050 2451 3074 omne

225 3086 243 3117 7
257 3097 304 3127 sq.
326 3084 400 3117 τοῖς
422 3082 495 3123 (τῆς
514 3082 575 3119 L¹›
599 3079 835 3124 συμβάλουσι·
868 3080 1117 3125 κωλυωμένων
1143 3086 1211 3126 μὲν
1234 3087 1295 3118 καὶ
1362 3099 1420 3120 om.
1449 3087 1495 3119 3¹
1525 3087 1537 3130 ΙΙ
1566 3089 1585 3121 3
1610 3087 1690 3128 uiri]
1713 3086 1800 3119 mori
1824 3085 1901 3131 R¹fl
1930 3086 2008 3128 fine]
2028 3085 2130 3119 finis?
2150 3085 2210 3126 1⁷¹,
2232 3088 2334 3120 erasit
2353 3085 2406 3120 1⁷³

223 3129 302 3162 τῶν
326 3129 357 3161 L
382 3129 396 3170 u
423 3129 444 3161 9
469 3123 520 3168 δὲ]
545 3123 586 3160 δδ
608 3127 666 3158 καὶ
692 3127 723 3159 L
750 3129 762 3168 ΙΙ
792 3129 831 3159 10
854 3127 976 3168 Λέων]
1006 3128 1082 3161 Cod.
1108 3131 1139 3169 5,
1164 3137 1206 3171 1⁴,
1231 3137 1247 3163 9
1283 3129 1295 3175 ΙΙ
1362 3133 1382 3164 4
1406 3131 1442 3163 in
1466 3131 1543 3164 dote
1563 3145 1621 3165 om.
1639 3132 1687 3165 12¹
1705 3130 1719 3176 ΙΙ
1734 3131 1882 3164 seculum
1906 3131 1939 3164 R
1954 3130 1967 3176 ΙΙ
1992 3133 2013 3165 6
2037 3131 2197 3164 conuenit
2219 3130 2255 3164 R
2277 3131 2290 3174 ΙΙ
2321 3132 2339 3164 7
2366 3140 2437 3164 non

224 3171 347 3219 ὀρθῶς
370 3185 429 3206 om.
453 3184 473 3208 ς
499 3171 512 3216 fl
538 3173 578 3205 12
602 3167 825 3212 διετάξαμεν]
854 3172 930 3205 Cod.
945 3174 975 3212 5,
992 3180 1033 3212 14,
1048 3181 1080 3205 ιο
1105 3176 1146 3215 cjl
1169 3177 1200 3213 5,
1220 3182 1247 3214 3,
1258 3182 1293 3208 20
1363 3185 1447 3216 quae
1471 3175 1551 3220 R¹n
1578 3176 1823 3218 inaequalibus]
1847 3178 1887 3208 ut
1909 3175 2133 3218 qualibetR¹
2162 3175 2175 3219 {J
2202 3176 2224 3209 9
2247 3175 2346 3208 tactis
2368 3174 2405 3210 R

227 3218 305 3262 §711
333 3220 373 3251 16
396 3214 708 3261 ἀποστρεφομένης
731 3215 778 3248 L²
804 3215 816 3258 ΙΙ
848 3218 886 3249 19
909 3215 1061 3249 τοιούτω
1085 3217 1116 3250 L
1147 3217 1159 3261 ΙΙ
1187 3220 1228 3252 20
1253 3217 1294 3251 τὸ
1363 3220 1463 3261 quod]
1488 3230 1572 3262 quae
1596 3221 1677 3264 R¹11
1708 3224 1746 3256 10
1770 3224 1882 3254 autem
1906 3234 1964 3255 om.
1991 3220 2052 3264 Ru
2085 3221 2123 3254 11
2149 3220 2344 3253 ordinamus
2367 3219 2403 3254 R

168 3277 176 3281 ·
223 3265 398 3307 τέταρτον
412 3264 545 3295 inseruit
557 3262 784 3303 osenbreqqen
798 3272 865 3293 cum
879 3272 898 3296 ς
911 3263 965 3302 (cf
976 3261 1051 3298 Ιιιὶ.)
1071 3260 1084 3304 ΙΙ
1100 3263 1140 3295 21
1161 3263 1294 3306 μερῶν]
1369 3266 1406 3297 12
1430 3265 1514 3297 alter
1530 3268 1622 3307 uero]
1647 3265 1810 3300 alterutro
1824 3266 1870 3299 R*
1887 3265 1901 3311 ΙΙ
1922 3267 1962 3300 13
1987 3266 2152 3298 incertum
2164 3266 2237 3307 cet]
2261 3267 2390 3298 certum
2403 3266 2449 3290 ·—'-·

223 3305 366 3354 ἡμερῶν
390 3307 436 3340 M
443 3306 456 3351 ΙΙ
481 3303 523 3339 οὗ
544 3303 616 3350 μὴν
639 3323 683 3328 -
703 3301 900 3356 ποσότητος
923 3318 981 3337 om.
1000 3305 1031 3338 L
1061 3304 1073 3349 ΙΙ
1100 3307 1141 3339 22
1166 3317 1295 3349 συμπε-
1364 3309 1498 3350 utrique
1514 3311 1586 3352 (24)
1609 3324 1671 3344 scr.
1690 3311 1737 3344 R²
1761 3313 1794 3344 in
1819 3323 1885 3344 ras.
1899 3314 1919 3345 5
1944 3323 2089 3345 versuum
2119 3308 2133 3354 ΙΙ
2160 3311 2292 3352 oportet
2314 3310 2402 3354 vulq-
2434 3309 2451 3353 Ι

224 3349 439 3397 φωνησάσης
464 3352 521 3385 ΜἸ
538 3350 552 3396 fl
572 3352 614 3384 25
639 3347 925 3393 συμβαλλοντων
954 3350 984 3381 Β
1003 3349 1015 3390 ῃ
1039 3351 1080 3382 26
1128 3353 1296 3393 ινομένην
1368 3355 1407 3386 14
1430 3353 1517 3394 plus]
1541 3355 1683 3396 amplius
1711 3355 1774 3400 711
1808 3358 1848 3389 15
1868 3358 2012 3397 utraque
2038 3354 2103 3397 711
2129 3356 2170 3389 16
2193 3353 2450 3388 aduersantibus

226 3399 271 3431 M
281 3399 294 3441 ΙΙ
308 3395 429 3443 γονὴν]
454 3393 559 3438 εὐνὴν
583 3393 641 3429 Mb
659 3395 671 3436 ΙΙ
695 3396 737 3428 30
762 3391 868 3427 οὐδὲν
892 3394 960 3433 Bc]
984 3391 1066 3425 οὐδὲ
1134 3395 1163 3427 L
1178 3395 1191 3438 ΙΙ
1211 3398 1251 3429 32
1276 3393 1298 3438 ἡ
1365 3397 1470 3430 RVT
1488 3398 1501 3440 ΙΙ
1531 3401 1569 3431 17
1595 3399 1654 3431 alii
1678 3401 1763 3445 vuly.
1837 3402 1876 3434 18
1900 3400 1969 3433 alio
1986 3400 2032 3441 R]
2056 3399 2116 3432 alii
2145 3399 2271 3443 Vvulq.
2294 3399 2308 3444 ΙΙ
2335 3399 2448 3432 forsan

224 3440 264 3475 δὲ
282 3440 371 3488 γυνὴ
392 3442 450 3485 M]
483 3436 505 3483 ἡ
535 3438 672 3485 γαμετὴ
702 3436 743 3471 δὲ
767 3439 835 3472 LB
861 3438 874 3482 ss
905 3440 947 3471 33
975 3438 1052 3471 Post
1075 3436 1208 3472 δωοεᾶς
1230 3441 1296 3473 BL
1363 3442 1450 3485 vulq.
1480 3441 1494 3484 ΙΙ
1523 3444 1564 3476 25
1585 3445 1760 3485 perdurari
1846 3444 1859 3489 ΙΙ
1886 3446 1991 3487 priori
2023 3445 2098 3485 VT]
2121 3444 2235 3487 priore
2257 3444 2291 3477 R
2311 3445 2400 3486 vulq-

225 3490 366 3521 insarum
390 3500 460 3520 nov.
487 3485 666 3520 CXXVII
685 3491 756 3526 cap.
772 3485 791 3517 ³
819 3482 832 3527 ιι
862 3485 904 3517 35
929 3483 979 3522 ιιι
1000 3485 1059 3514 και
1084 3470 1143 3527 ιι]
1171 3486 1213 3518 36
1239 3482 1296 3526 aa]
1365 3487 1408 3519 26
1431 3491 1637 3527 prooreatam
1661 3488 1741 3533 [ιιιι
1765 3491 1806 3523 27
1832 3489 1991 3533 forsanlffi
2015 3489 2063 3522 Β·
2080 3490 2092 3530 ιι
2117 3489 2330 3522 constristare
2348 3487 2401 3522 R·

226 3527 364 3566 eliazal,
379 3532 392 3575 ΙΙ
410 3534 451 3565 3Ἰ
477 3528 703 3564 *τελευτοΐεν
714 3529 792 3562 ΜΒ
813 3525 1054 3561 τελευτείινι
1365 3531 1408 3563 28
1432 3533 1595 3564 steterunt
1617 3533 1651 3565 R
1677 3534 1689 3575 ΙΙ
1719 3535 1762 3567 29
1794 3544 1872 3566 vero
1897 3547 1954 3567 om.
1976 3535 2006 3567 R
2035 3532 2048 3578 ss
2073 3535 2116 3567 30
2149 3533 2248 3574 nihil]
2278 3533 2314 3566 in
2338 3531 2430 3566 nielli

243 3589 1287 3600 r——————-——-———-—·—-—
1365 3573 1413 3606 R¹
1445 3574 1457 3618 ΙΙ
1484 3576 1526 3608 32
1550 3579 1608 3608 aut
1629 3578 1662 3610 R
1677 3578 1689 3620 ΙΙ
1716 3578 1893 3610 danatione
1913 3577 1970 3622 711
1992 3579 2034 3612 33
2059 3578 2140 3611 liaeo
2163 3580 2262 3611 erunt
2285 3578 2318 3610 R
2335 3577 2348 3621 fl
2363 3576 2430 3610 alin

273 3624 287 3654 1
320 3623 407 3653 rubr.
432 3620 468 3652 si
491 3622 596 3652 morte
618 3619 686 3651 uiri
718 3616 774 3651 uel
803 3616 916 3649 uxoria
948 3615 1100 3649 soluatur
1128 3618 1295 3650 matrimo-
1365 3617 1406 3650 ab
1437 3618 1503 3650 alia
1525 3622 1612 3663 vulq.
1640 3620 1653 3664 ΙΙ
1684 3623 1726 3655 34
1755 3622 1856 3663 unde]
1887 3625 1965 3654 ante
1991 3622 2041 3654 13¹
2067 3621 2080 3666 ΙΙ
2118 3624 2159 3656 35
2195 3632 2308 3654 omnen
2338 3621 2387 3655 Β*
2439 3618 2446 3665 Ι

225 3666 318 3697 nium
343 3665 447 3708 qu.
466 3664 741 3706 flmatrimonium
764 3663 813 3695 R¹
832 3661 845 3705 ΙΙ
867 3662 1045 3694 terminum
1070 3662 1207 3705 anly]
1232 3667 1296 3694 ter·
1366 3665 1406 3695 37
1433 3663 1503 3695 eius
1527 3665 1559 3696 R
1574 3665 1586 3707 ῙΙ
1605 3665 1730 3706 legatas
1754 3667 1802 3698 R¹
1818 3667 1831 3709 ΙΙ
1850 3670 1883 3698 et
1906 3680 1964 3699 om.
1990 3667 2023 3700 V
