2476 3854
146 89 253 134 Nov.
275 91 457 136 CXXXI
488 96 552 136 11.
586 95 636 136 12
1215 91 1297 139 660

145 213 231 238 nove
253 199 465 249 βουλόμεθα
489 206 666 249 προνοεῖν,
700 199 788 238 ὥςτε
811 203 933 239 πάντα
955 203 1049 239 κατὰ
1068 204 1136 248 τὴν
1158 207 1223 241 τοῦ

144 246 420 291 τελευτήσαντος
438 249 611 293 βούλησιν
634 252 856 294 προβαίνειν,
879 250 910 283 εἰ
925 252 985 282 καὶ
1004 249 1051 283 τὰ
1066 247 1224 293 μάλιστα

145 291 244 338 παρὰ
275 295 352 328 τῶν
377 293 606 337 διαθεμένων
636 290 659 337 ἢ
689 295 765 327 τῶν
788 291 1058 340 δωρησαμένων
1088 292 1220 343 ἀπηγο-

169 338 260 381 εύθη
286 335 404 373 αὐτοῖς
427 340 518 380 ἔχειν
549 338 637 383 πρὸς
661 338 776 372 ταῦτά
801 352 885 374 τινα
906 343 1110 384 μετουσίαν.

144 351 169 418 g
213 385 244 417 εἰ
268 381 307 417 δὲ
328 382 365 417 οἱ
381 384 497 418 ταῦτα
520 385 670 426 ποιῆσαι
693 382 948 422 κελευσθέντες
972 381 1073 426 ἅπαξ
1095 388 1155 419 καὶ
1172 384 1225 421 δὶς
1260 385 1315 422 53
1362 386 1400 421 Si
1423 390 1541 422 autem
1566 387 1626 432 qui
1649 387 1738 423 haec
1761 388 1880 424 facere
1901 389 1990 424 iussi
2013 394 2097 425 sunt
2122 391 2230 426 semel
2253 392 2289 427 et
2311 401 2367 428 se-

145 428 243 473 παρὰ
273 429 337 462 τοῦ
367 429 646 474 μακαριωτάτου
678 430 755 463 τῶν
779 427 908 464 τόπων
938 431 1136 465 ἐπισκόπου
1165 435 1224 465 καὶ
1293 431 1407 467 cundo
1425 441 1447 467 a
1462 431 1664 468 beatissimo
1684 432 1845 469 locorum
1867 434 1988 479 episco
2016 445 2036 470 ο
2061 436 2124 471 aut
2140 435 2246 471 huius
2263 446 2368 472 oeco-

145 475 221 507 τῶν
244 472 372 507 τούτου
396 470 599 518 οἰκονόμων
623 472 682 507 διὰ
704 472 887 518 δημοσίων
911 475 1113 520 προςαίπων
1136 472 1222 511 ὑπο·
1292 476 1404 512 nomis
1439 486 1504 530 per
1538 477 1704 529 publicas
1741 489 1912 523 personas
1953 489 1974 515 a
2000 480 2125 516 moniti
2164 480 2369 518 distulerim:

144 518 367 562 μνησθέντες
390 516 630 563 ὑπέρθωνται
653 518 699 553 τὰ
719 517 1004 554 ὃιατυπωθέντα
1025 519 1223 567 πληρῶσαι,
1292 531 1383 566 quae
1415 521 1587 567 disposita
1621 525 1705 558 sunt
1732 524 1942 570 adimplere,
1977 525 2140 561 iubemus
2171 536 2233 561 eos
2263 535 2368 562 omne

145 562 331 607 κελεύομεν
361 563 506 598 τούτους
539 560 641 599 ἅπαν
669 561 789 610 κέρδος
822 563 1070 611 καταλειφθὲν
1105 563 1224 600 αὐτοῖς
1293 567 1430 602 lucrum
1453 567 1615 602 relictum
1644 567 1695 603 eis
1719 569 1764 603 ab
1789 578 1830 604 eo
1863 569 1923 615 qui
1947 570 2036 606 haec
2059 571 2240 624 praecepit
2262 571 2369 607 amit-

144 608 243 653 παρὰ
259 609 325 642 τοῦ
341 609 458 642 ταῦτα
474 607 706 643 κελεύσαντος
729 606 940 653 ἀπολλύναι,
964 610 1044 645 τοὺς
1060 608 1100 644 δὲ
1115 610 1222 645 ὸσιω-
1239 615 1279 647 10
1293 618 1375 654 tere,
1408 615 1443 647 et
1466 612 1624 647 locorum
1647 614 1833 659 episcopos
1857 625 1979 651 omnes
2002 626 2059 652 res
2083 620 2233 658 cunctis,
2265 615 2369 652 sicuti

144 652 271 687 τάτους
301 653 379 688 τῶν
402 653 531 688 τόπων
562 653 779 689 ἐπισκόπους
809 653 933 690 πάντα
957 655 1004 690 τὰ
1028 655 1224 704 πράγματα
1293 656 1424 691 dictum
1448 660 1521 700 est,
1551 657 1619 702 piis
1644 659 1761 694 causis
1791 659 2000 695 distributas
2030 671 2109 696 cum
2132 661 2308 697 fructibus
2332 665 2369 696 et

143 697 190 732 τὰ
216 697 366 742 πάσαις,
391 695 439 733 ὡς
463 699 616 744 εἴρηται,
640 702 717 733 ταῖς
740 696 925 744 εὗσεβέσιν
948 701 1076 735 αἰτίαις
1101 699 1223 748 ἀφορι-
1292 702 1488 746 augmentis
1520 702 1623 738 medii
1652 704 1820 748 temporis
1853 708 1889 740 et
1910 708 2102 742 memorato
2130 705 2231 742 lucro
2255 706 2369 742 vindi-

144 743 286 778 σθέντα
307 744 399 788 μετὰ
424 745 576 788 καρπῶν
599 747 659 778 καὶ
676 744 908 788 ἐπαυξήσεων
931 747 997 780 τοῦ
1011 749 1120 788 μέσου
1144 747 1224 792 χρό-
1292 756 1375 782 care
1403 749 1440 783 et
1470 757 1561 793 quae
1589 751 1741 784 testator
1771 749 1944 794 disposuit
1972 750 2182 796 adimplere,
2217 750 2369 787 scientes

143 802 208 822 νου
248 791 308 823 καὶ
341 790 406 823 τοῦ
442 789 754 833 μνημονευθέντος
793 788 934 834 κέρδους
972 789 1123 826 ἐκδικεῖν
1164 794 1223 825 καὶ
1292 792 1393 837 quia,
1424 792 1455 827 Si
1477 793 1711 837 neglexerint,
1742 804 1807 839 pro
1832 794 1887 830 his
1912 796 2074 831 omnibus
2106 796 2280 832 rationem
2302 796 2368 832 deo

145 831 238 878 ἅπερ
267 832 287 867 ὁ
319 831 533 878 διαθέμενος
565 832 768 870 διετύπωσε
799 836 971 881 πληροῦν,
1002 834 1142 872 εἰδότας
1177 835 1224 871 ὠς
1240 841 1279 872 15
1293 837 1505 882 persolvent.

143 879 174 912 εἰ
198 879 455 923 ῥᾳθυμήσαιεν
479 876 568 925 ὑπὲρ
593 876 735 914 τούτων
759 881 913 915 πάντων
936 880 1043 928 λόγον
1066 882 1119 925 τῷ
1144 882 1223 924 θεῷ

143 924 168 959 4
214 924 439 969 παρέξουσιν.
508 925 538 958 εἰ
560 927 685 970 μέντοι
716 922 735 959 ὁ
768 922 966 961 ὁσιώτατος
994 927 1072 962 τῶν
1096 924 1225 962 τόπων

143 970 336 1004 ἐπίσκοπος
358 968 559 1013 παραλίποι
582 984 619 1004 τι
641 971 717 1005 τῶν
741 968 828 1015 ἡμῖν
850 972 1058 1016 εἰρημένων,
1092 972 1224 1013 ἐξέστω
1293 972 1409 1017 querit
1431 972 1565 1016 aliquid
1589 971 1716 1007 horum
1740 982 1831 1017 quae
1854 982 1876 1008 a
1899 973 2002 1009 uobis
2025 973 2124 1010 dicta
2147 978 2240 1017 sunt,
2265 974 2371 1011 liceat

143 1017 203 1048 καὶ
225 1015 279 1058 τῷ
303 1012 497 1059 ὁσιωτάτῳ
523 1011 632 1049 αὐτοῦ
647 1015 892 1064 μητροπολίτῃ
916 1018 1034 1052 ταῦτα
1057 1013 1225 1052 ἀπαιτεῖν
1293 1021 1328 1053 et
1351 1016 1574 1054 sanctissimo
1598 1017 1673 1052 eius
1696 1018 1943 1062 metropolitae
1972 1019 2060 1055 haec
2082 1020 2201 1055 omnia
2231 1020 2372 1066 exigere

143 1062 203 1093 καὶ
234 1058 403 1105 πληροῦν.
450 1062 511 1094 καὶ
542 1064 655 1095 παντὶ
689 1059 729 1095 δὲ
750 1061 861 1106 ἑτέρῳ
893 1060 999 1097 ἄδεια
1029 1063 1125 1097 ἔστω
1156 1062 1225 1106 τὴν
1238 1065 1280 1099 20
1292 1065 1329 1098 et
1363 1062 1558 1108 complere,
1600 1065 1637 1098 et
1671 1063 1767 1098 omni
1801 1062 1871 1099 alio
1908 1063 2053 1100 licentia
2087 1064 2135 1100 sit
2169 1065 2371 1102 huiusmodi

143 1101 316 1149 τοιαύτην
341 1106 490 1149 ζήτησιν
513 1108 626 1140 κινεῖν
649 1109 710 1140 καὶ
733 1105 962 1150 σπουδάζειν,
994 1108 1055 1142 ἵνα
1079 1106 1226 1153 τρόποις
1292 1117 1431 1143 movere
1464 1107 1706 1161 quaestionem
1735 1110 1771 1143 et
1801 1108 1960 1154 studere,
1995 1111 2037 1146 ut
2064 1109 2178 1146 modis
2209 1110 2371 1148 omnibus

144 1145 284 1185 ἅπασιν
308 1150 348 1185 αἱ
368 1151 535 1186 τοιαῦται
559 1147 713 1196 εὐσεβεῖς
737 1153 849 1186 αἰτίαι
873 1151 1133 1198 πληρωθῶσιν.
1295 1162 1424 1189 causae
1446 1162 1528 1199 piae
1551 1153 1807 1199 compleantur.

1723 110 1784 141 DE
1811 108 2160 146 EGGLESIAS'HCIS
2187 113 2364 147 'HTULIS

1291 208 1331 241 ut
1348 205 1542 242 secundum
1565 207 1722 244 defuncti
1738 209 1955 245 voluntatem
1978 210 2143 247 universa
2187 211 2365 256 recedant,

1291 251 1374 286 licet
1397 251 1586 296 praecipue
1609 262 1631 288 a
1653 253 1885 290 testatoribus
1914 258 1978 290 aut
2001 255 2163 292 donatori
2190 267 2233 292 us
2255 257 2366 294 inter-

1290 296 1423 331 dictum
1443 297 1490 332 sit
1513 297 1562 333 εἰς
1586 297 1718 335 habere
1739 299 1785 335 ad
1807 299 1897 335 haec
1917 300 2063 346 aliquod
2086 301 2321 346 participium.

1292 927 1318 962 4
1368 926 1406 962 Si
1439 930 1557 962 autem
1592 926 1835 963 sanctissimus
1868 928 2027 964 locorum
2064 930 2253 975 episcopus
2287 929 2368 966 reli-

1136 1287 1293 1324 CAPUT
1312 1287 1394 1323 XII.

211 1365 262 1400 Εἰ
285 1363 326 1400 δὲ
347 1364 367 1400 ὁ
393 1365 611 1412 κληρονόμος
640 1365 688 1401 τὰ
717 1366 765 1402 εἰς
787 1364 943 1412 εὐσεβεῖς
972 1366 1089 1401 αἰτίας
1118 1379 1225 1402 κατα·
1361 1367 1399 1404 Si
1421 1371 1539 1404 autem
1563 1368 1667 1404 heres
1698 1377 1789 1415 quae
1813 1369 1859 1405 ad
1882 1368 1959 1414 pias
1983 1378 2111 1405 causas
2140 1369 2266 1406 relicta
2288 1371 2373 1406 sunt

143 1410 353 1457 λελειμμένα
375 1411 424 1455 μὴ
448 1410 645 1458 πληρώσει,
675 1411 791 1459 λέγων
819 1412 888 1456 τὴν
916 1410 1226 1459 καταλειφθεῖσαν
1292 1424 1365 1449 non
1388 1413 1595 1459 impleverit,
1626 1414 1747 1450 dicens
1770 1414 1930 1450 relictam
1953 1414 2021 1451 sibi
2040 1414 2277 1451 substantiam
2299 1425 2375 1451 non

145 1454 243 1500 αὐτῷ
281 1460 490 1503 περιουσίαν
523 1456 572 1502 μὴ
608 1453 728 1502 ἀρκεῖν
767 1458 814 1493 εἰς
848 1455 999 1500 ταύτας,
1039 1455 1226 1502 κελεύομεν
1239 1460 1281 1494 25
1295 1459 1460 1495 sufficere
1483 1460 1529 1494 ad
1551 1460 1638 1503 ista,
1662 1459 1900 1506 praecipimus
1923 1460 2018 1496 omni
2038 1459 2201 1495 Falcidia
2223 1463 2373 1497 vacante

144 1502 282 1537 παντὸς
316 1503 380 1536 τοῦ
418 1503 456 1536 ἐκ
496 1504 560 1537 τοῦ
595 1500 784 1548 φαλκιδίου
819 1501 960 1549 κέρδους
993 1501 1227 1546 σχολάζοντος
1294 1505 1461 1549 quicquid
1490 1505 1667 1540 invenitur
1693 1505 1731 1541 in
1761 1505 1827 1541 tali
1856 1505 2060 1541 substantia
2115 1504 2263 1542 rofieere
2290 1515 2372 1551 pro-

144 1544 370 1591 ὁσονδήποτε
401 1543 535 1594 εὑρεθῇ
564 1549 604 1582 ἐν
636 1549 680 1594 τῇ
710 1545 861 1596 τοιαύτῃ
890 1546 997 1592 οὐσίᾳ
1027 1551 1227 1594 προχωρεῖν
1294 1550 1427 1585 visione
1451 1550 1664 1586 sanctissimi
1687 1550 1846 1587 locorum
1879 1550 2040 1596 episcopi
2063 1516 2114 1586 88
2135 1559 2262 1588 causas
2293 1550 2372 1597 qui-

143 1596 298 1638 προνοίᾳ
318 1594 383 1627 τοῦ
404 1590 607 1640 ἁγιωτάτου
632 1594 708 1628 τῶν
724 1592 854 1629 τόπων
877 1592 1077 1629 ἐπισκόπου
1099 1593 1147 1628 εἰς
1162 1592 1227 1628 τὰς
1293 1594 1361 1631 bus
1387 1596 1550 1631 relictum
1573 1598 1637 1631 est.

144 1639 260 1672 αἰτίας
288 1638 336 1672 εἰς
362 1634 403 1672 ἃς
432 1637 719 1672 καταλέλειπται.

211 1741 267 1774 Ez-
289 1740 324 1774 B
345 1748 490 1783 repetunt
514 1754 538 1774 c.
552 1741 634 1775 XII
654 1740 675 1785 ξ
694 1743 711 1776 1
730 1742 892 1775 N0m00.m
904 1742 964 1775 XI
970 1742 1059 1776 Vtz‘t.
1074 1744 1105 1783 9,
1120 1750 1166 1784 27,
1198 1742 1218 1786 ξ
1232 1744 1252 1776 2
1268 1742 1446 1777 Nomai-stru
1459 1743 1558 1777 XIV
1572 1744 1616 1776 tit.
1635 1744 1665 1784 2,
1677 1750 1692 1777 1
1715 1749 1747 1777 et
1772 1744 1823 1783 10,
1840 1750 1875 1782 43
1909 1756 1962 1787 pr.
1980 1742 2002 1788 ξ
2017 1746 2033 1778 1
2050 1743 2183 1788 saepius
2205 1743 2374 1778 decurtata

145 1786 194 1819 Β*
219 1787 251 1818 Δ
268 1787 321 1827 21,
338 1793 355 1820 2
376 1798 412 1829 p.
430 1787 494 1820 218
513 1786 626 1827 Zac-li„
647 1799 701 1829 pr.
714 1805 759 1812 —
771 1786 793 1830 ξ
807 1787 826 1820 2
843 1788 887 1821 in.
905 1789 962 1829 (—
975 1788 1052 1830 661,
1067 1794 1098 1821 12
1115 1787 1355 1829 ἐκποιεῖσθαι)
1381 1789 1452 1821 Ecl.
1468 1788 1553 1821 Bas.
1570 1788 1686 1821 I—X.
1710 1806 1753 1812 —
1778 1788 1965 1822 summaria
1988 1789 2009 1832 ξ
2026 1791 2040 1823 1
2068 1790 2216 1823 exhibent
2238 1787 2372 1824 Nomoc.

144 1831 205 1864 XI
211 1831 295 1865 Vm.
311 1833 342 1873 9,
357 1838 390 1865 27
402 1844 440 1875 p.
455 1832 521 1865 560
534 1832 649 1873 Pitra,
673 1826 766 1866 Ῥοπ.
783 1834 835 1874 19,
849 1840 864 1867 7
881 1834 951 1873 (ubi
963 1834 1082 1866 citatur
1105 1832 1216 1877 νεαρὰ
1232 1831 1311 1878 ρη’),
1335 1834 1411 1867 Aah.
1435 1845 1586 1866 summam
1605 1840 1755 1877 *repetunt
1771 1834 1937 1876 paratitlo
1959 1834 2036 1867 Ath.
2051 1835 2093 1869 17
2108 1838 2162 1874 §2-
2211 1834 2373 1868 Summam

145 1876 167 1919 ξ
180 1877 200 1909 2
225 1877 321 1910 habet
342 1876 476 1910 Nomoc.
489 1877 554 1910 XI
559 1877 645 1911 Vtin.
655 1878 691 1918 2,
704 1885 718 1912 1
737 1890 773 1921 p.
786 1878 852 1912 493
867 1878 978 1918 Piera3
1005 1879 1170 1913 Theodori
1189 1891 1341 1913 summam
1366 1879 1418 1912 Bt

145 2007 322 2052 volumus-,²
346 2013 388 2045 ut
411 2010 532 2045 omnia
555 2010 748 2045 secundum
771 2010 987 2046 voluntatem
1012 2010 1180 2057 defuncti
1198 2009 1417 2057 procedant,
1450 2010 1517 2046 etsi
1539 2010 1596 2047 vel
1616 2010 1774 2046 maxime
1800 2021 1823 2046 a
1849 2008 2078 2062 testatoribus
2108 2010 2166 2047 vel
2186 2011 2374 2049 donatori-

144 2055 169 2091 3
214 2054 280 2090 bus
310 2054 408 2090 vetiti
434 2055 578 2100 fuerint
608 2054 800 2101 quicquam
832 2066 912 2091 cum
941 2056 986 2092 iis
1017 2066 1202 2091 commune
1232 2055 1375 2091 nabere.
1489 2055 1530 2091 Si
1561 2066 1644 2092 vero
1676 2056 1741 2102 qui
1769 2054 1857 2092 haec
1885 2056 2013 2102 facere
2043 2056 2136 2091 iussi
2154 2060 2240 2092 sunt
2266 2057 2376 2094 semel

145 2104 210 2135 aut
231 2099 284 2135 bis
307 2110 329 2140 a
353 2098 555 2135 beatissimo
580 2100 741 2136 locorum
765 2101 936 2148 episcopo
961 2101 1108 2147 eiusque
1129 2101 1333 2137 oeconomis
1353 2112 1421 2148 per
1434 2100 1605 2148 publicas
1618 2111 1801 2154 personas
1823 2099 1999 2136 admoniti
2021 2099 2226 2138 distulerint
2241 2103 2377 2149 exequi

145 2156 238 2191 quae
260 2148 398 2180 statuta
420 2148 522 2188 sunt,
552 2145 712 2182 iubemus
741 2156 804 2181 eos
834 2157 937 2182 omne
967 2146 1107 2182 lucrum
1139 2146 1183 2181 ab
1207 2157 1249 2182 eo
1274 2146 1337 2192 qui
1367 2145 1455 2182 haec
1485 2146 1590 2182 iussit
1619 2147 1709 2192 ipsis
1738 2146 1902 2182 relictum
1925 2146 2100 2188 amittere,
2129 2147 2375 2184 sanctissimos

145 2194 264 2226 autem
294 2190 457 2226 locorum
486 2190 676 2238 episcopos
707 2201 829 2227 omnes
856 2202 916 2227 res
947 2191 1110 2227 omnibus
1137 2191 1213 2238 piis
1236 2192 1367 2235 causis,
1399 2192 1506 2228 sicuti
1536 2191 1669 2227 dictum
1691 2195 1763 2235 est,
1794 2190 1992 2228 destinatas
2023 2201 2103 2226 cum
2123 2191 2309 2238 fructibus
2338 2195 2376 2230 et

146 2235 372 2271 incrementis
395 2236 501 2270 medii
526 2236 697 2288 temporis
719 2240 755 2272 et
777 2236 879 2272 lucro
901 2236 1008 2272 modo
1031 2241 1229 2273 memorato
1251 2236 1435 2273 vindicare
1465 2240 1502 2272 et
1525 2247 1618 2283 quae
1643 2240 1795 2273 testator
1816 2236 1943 2272 statuit
1965 2235 2125 2283 implere,
2157 2247 2236 2273 cum
2255 2237 2375 2274 sciant

145 2282 170 2317 4
215 2292 264 2324 se,
287 2280 320 2315 si
343 2280 382 2316 id
402 2280 642 2327 neqleaeermt,
673 2281 718 2318 cle
744 2280 801 2317 his
825 2282 987 2318 omnibus
1018 2282 1084 2318 deo
1114 2283 1293 2318 rationem
1322 2281 1529 2318 reddituros
1560 2293 1647 2318 esse.
1751 2281 1793 2318 Si
1823 2280 1911 2328 quid
1940 2284 2058 2317 tamen
2080 2292 2205 2318 eorum
2236 2292 2329 2329 quae
2350 2293 2375 2319 a

147 2325 250 2361 nobis
274 2325 371 2361 dicta
392 2331 477 2362 sunt
499 2326 747 2363 sanctissimus
771 2327 932 2363 locorum
956 2339 975 2363 e
1001 2327 1145 2374 iscopus
1161 2327 1460 2375 praetermiserit,
1489 2327 1597 2363 liceat
1619 2328 1724 2363 etiam
1747 2326 1974 2362 sanctissimo
1998 2326 2075 2362 eius
2097 2326 2375 2374 metropolitano

145 2382 188 2406 ea
217 2371 366 2418 exiqere
396 2376 431 2407 et
459 2373 604 2418 exequi.
651 2373 771 2419 Atque
801 2373 914 2409 cuivis
945 2384 967 2408 a
983 2373 1009 2408 ii
1028 2373 1147 2409 vliceat
1177 2372 1352 2409 eiusmodi
1381 2373 1627 2419 quaestionem
1656 2382 1797 2409 movere
1827 2375 1863 2408 et
1884 2382 2033 2418 operam
2055 2370 2161 2415 dare,
2195 2375 2238 2409 ut
2259 2371 2376 2409 modis

145 2417 308 2453 omnibus
330 2416 506 2452 eiusmodi
526 2418 613 2464 piae
636 2428 768 2454 causae
791 2418 1021 2464 expleantur.

279 2461 359 2496 XII.
408 2461 449 2498 Si
472 2473 556 2498 vero
580 2462 683 2499 lieres
705 2473 799 2509 quae
823 2463 873 2499 ad
891 2463 976 2511 pias
998 2473 1128 2499 causas
1149 2463 1277 2500 relicta
1300 2466 1386 2499 sunt
1407 2473 1482 2499 non
1505 2467 1680 2499 executus
1701 2462 1760 2505 sit,
1791 2448 1913 2498 dicens
1934 2460 2096 2498 relictam
2119 2461 2188 2498 sibi
2209 2461 2375 2499 substan-

146 2506 232 2541 tiam
255 2507 305 2542 ad
327 2507 410 2542 illas
433 2518 505 2543 non
527 2509 711 2554 sufficere,
747 2508 908 2544 iubemus
938 2509 1035 2545 omni
1066 2509 1168 2545 lucro
1198 2519 1249 2544 ex
1272 2508 1437 2544 Falcidia
1468 2511 1628 2544 cessante
1658 2511 1982 2554 quantumcumque
2011 2506 2051 2542 in
2083 2506 2151 2543 tali
2173 2506 2375 2544 substantia

146 2551 326 2588 inventum
348 2552 397 2588 sit
420 2563 510 2588 cura
533 2553 753 2590 sanctissimi
773 2553 935 2590 locorum
958 2554 1121 2602 episcopi
1138 2553 1322 2601 proficere
1343 2553 1393 2589 ad
1413 2563 1545 2590 causas
1569 2552 1618 2589 ad
1638 2563 1732 2600 quas
1754 2552 1918 2589 relictum
1941 2555 2007 2589 est.

215 2689 234 2722 3
259 2684 358 2732 παρὰ
382 2687 435 2729 τῷ
460 2684 669 2731 διαθεμένῳ
697 2682 722 2730 ἢ
744 2688 796 2730 τῷ
823 2685 1068 2732 δωρησαμένῳ
1094 2687 1146 2722 Bf
1164 2687 1177 2733 ΙΙ
1203 2683 1227 2731 ἢ

145 2732 235 2774 τῶν]
259 2729 282 2775 ἢ
305 2734 364 2765 καὶ
381 2733 603 2775 Noram-⁶⁶¹2,
618 2742 640 2775 1,
664 2730 687 2775 ἢ
702 2733 800 2777 A114
825 2729 924 2775 αὐτῷ
948 2734 1000 2767 ΒΓ
1014 2734 1026 2777 ΙΙ
1050 2733 1143 2775 ἔχειν
1168 2746 1226 2766 om.

147 2778 199 2811 B⁰
214 2777 227 2821 ΙΙ
244 2789 330 2811 τινα
350 2791 408 2810 om.
425 2778 477 2810 B!
497 2778 509 2821 ΙΙ
527 2780 546 2811 5
563 2778 715 2811 τοιαῦτα
735 2781 763 2811 S
777 2778 789 2821 ΙΙ
808 2777 1061 2813 κελευσθέντες
1077 2778 1228 2820 ποιῆσαι

147 2823 201 2856 ΒΤ
213 2822 366 2857 Νοιιιοο.α
381 2824 475 2866 2,2,11
505 2824 525 2857 6
550 2823 626 2856 τῶν
647 2820 943 2867 μακαριωτάτων
961 2825 1011 2867 A,
1045 2835 1228 2868 μακαριω-

148 2866 260 2901 τάτου
285 2880 343 2900 οηι.
358 2867 387 2900 S
402 2868 414 2910 ΙΙ
432 2866 631 2902 ἐπισκόπου
646 2868 723 2901 τῶν
739 2864 869 2902 τόπων
887 2870 914 2902 S
961 2871 979 2902 7
1003 2868 1147 2902 τούτων
1163 2870 1195 2902 A
1218 2872 1229 2909 ss

148 2909 445 2957 ὑπομνησθέντες
469 2926 526 2946 om.
539 2914 570 2946 A
587 2913 599 2956 ΙΙ
618 2915 637 2947 8
653 2909 915 2956 ὑπερτίθενται
927 2914 958 2947 A
974 2914 987 2958 ΙΙ
1004 2913 1153 2956 ποιῆσαι
1167 2914 1197 2947 A
1218 2913 1230 2956 ΙΙ

149 2960 169 2993 9
184 2957 323 2992 τούτοις
336 2958 496 2992 Νογηοε.’”
508 2958 562 2999 2,1
575 2957 591 3010 fl
610 2952 711 2991 ἅπαν
727 2956 770 2991 τὸ
787 2955 907 3002 κέρδος
923 2958 966 2991 τὸ
981 2957 1229 3004 καταλειφθὲν

149 3004 178 3037 S
199 3003 212 3048 ss
239 3006 278 3038 10
304 3001 403 3047 παρὰ
424 3002 501 3036 τῶν
524 3015 641 3036 ταυτα
665 2999 896 3045 διαθεμένων
920 3004 951 3037 A
977 3003 990 3047 ΙΙ
1012 3002 1094 3037 τοὺς
1119 3023 1160 3028 -
1189 3006 1227 3038 17

149 3047 366 3093 παρέξουσιν
389 3061 448 3081 om.
462 3046 514 3081 B!
531 3048 544 3092 [Ι
574 3049 610 3082 11
635 3047 850 3081 ἐπισκόπους
864 3048 941 3082 τῶν
957 3046 1086 3082 τόπων
1103 3049 1131 3082 S
1151 3047 1229 3082 τῶν

148 3090 374 3135 ἐπισκόπων,
399 3106 457 3126 om.
474 3090 603 3126 τόπων
628 3093 677 3125 L⁰
694 3092 707 3136 ΙΙ
728 3090 775 3126 τὰ
799 3091 996 3137 πράγματα
1020 3091 1141 3127 πάντα
1165 3094 1195 3127 A
1219 3092 1231 3138 fl

152 3141 192 3174 12
213 3138 259 3172 τὰ
285 3152 343 3172 om.
359 3139 412 3181 811
431 3133 624 3181 εὐσεβείαις
641 3136 794 3172 Nomen-‘²
804 3139 855 3176 2,1
875 3139 887 3180 ΙΙ
908 3140 947 3172 13
967 3138 1059 3182 μετὰ
1080 3139 1230 3183 καρπῶν

150 3180 376 3226 ἐπαυξὴσεως
399 3182 552 3218 Nomos-fl
567 3184 598 3223 2,
613 3190 628 3216 2
656 3182 668 3227 ΙΙ
701 3184 740 3216 15
766 3178 906 3216 εἰδότας
929 3202 972 3208 -
1004 3185 1045 3217 20
1069 3182 1231 3228 πληροῦν

151 3243 208 3263 om.
224 3232 260 3270 S,
286 3226 428 3263 εἰδότας
451 3225 501 3261 ὦς
516 3227 548 3261 εἰ
563 3225 817 3273 ῥαθυμήσαιεν
842 3241 899 3260 om.
912 3228 961 3261 Aa
979 3228 991 3271 ΙΙ
1012 3230 1050 3263 16
1075 3229 1128 3271 τῷ
1148 3227 1228 3270 θεῷ

152 3289 209 3309 οηι.
226 3276 274 3308 B‘
291 3275 303 3318 ΙΙ
324 3277 362 3308 17
380 3274 411 3307 εἰ
428 3275 554 3316 μέντοι
577 3268 611 3315 ό]
636 3272 667 3305 εἰ
682 3274 805 3315 μέντοι
820 3272 972 3306 Νοηιοο.α
989 3275 1042 3314 2‚1
1069 3270 1088 3306 ό
1106 3275 1231 3317 μέντοι

151 3321 311 3355 Nomou-1⁷²
320 3321 374 3361 2‚1
398 3319 429 3352 εἰ
447 3319 515 3363 μὲν
534 3315 553 3351 ὁ
566 3319 727 3353 Nemeam
741 3319 799 3359 2,2
815 3316 827 3361 ΙΙ
850 3319 888 3352 18
907 3316 1146 3361 παραλελίποι
1160 3319 1230 3359 (sic)

151 3365 304 3399 Nemaea
319 3366 351 3405 2,
366 3373 382 3399 2
403 3364 415 3405 ΙΙ
442 3361 541 3408 ἡμῖν]
564 3363 633 3397 νῦν
657 3364 817 3398 Nomen·
829 3363 885 3404 2,1
906 3363 918 3405 ΙΙ
947 3364 985 3396 19
1009 3365 1068 3395 καὶ
1094 3376 1150 3396 om.
1166 3364 1196 3395 L
1220 3363 1232 3406 11

151 3410 279 3451 ταῦτα]
303 3406 428 3445 πάντα
451 3410 483 3442 A
518 3410 599 3442 haee
620 3408 731 3441 omnia
754 3420 773 3445 ς
789 3407 802 3451 ΙΙ
820 3409 861 3442 20
883 3408 985 3440 ἔσται
1010 3409 1040 3440 L
1066 3407 1078 3450 ΙΙ
1105 3409 1145 3441 21
1172 3406 1232 3440 ἵνα

151 3455 299 3499 τρόποις
323 3451 473 3496 ἅπασιν]
506 3450 655 3498 τρόποις
676 3449 815 3488 ἅπασιν
838 3447 938 3487 ὅπως
961 3453 991 3485 A
1008 3451 1020 3496 ΙΙ
1048 3453 1089 3486 22
1113 3452 1231 3486 τοιαῦ-

151 3513 213 3533 ται
230 3514 287 3534 om.
303 3512 322 3537 ς
337 3499 349 3544 ΙΙ
369 3500 480 3533 αἰτίαι
494 3518 535 3524 -
551 3500 592 3533 23
606 3495 760 3544 εὐσεβεῖς
776 3512 834 3532 om.
845 3498 892 3531 M
907 3496 921 3542 ΙΙ
940 3498 981 3531 23
995 3496 1059 3530 τὰς
1072 3497 1232 3530 Νοηιος.”·

154 3547 212 3587 2,2
231 3546 242 3585 ΙΙ
259 3547 303 3580 24
324 3542 496 3590 πληρώσῃ
513 3545 541 3578 S
551 3545 708 3588 plerique,
726 3542 773 3579 B!
797 3540 1017 3587 ἐκπληρώσει
1030 3542 1209 3576 Nomoc.‹¹m
1221 3540 1232 3584 ΙΙ

155 3593 196 3624 25
221 3588 349 3624 οὐσίαν
369 3591 419 3624 B‘
433 3603 461 3623 υ.
473 3593 492 3623 l.
511 3590 523 3633 ΙΙ
541 3590 709 3635 ἐπαρκεῖν
722 3587 940 3624 ANomoc.‘²⁷'¹
955 3587 967 3630 ΙΙ
985 3586 1043 3628 εἰς]
1066 3586 1155 3632 πρὸς
1172 3587 1231 3628 ΒΕ,

156 3649 212 3669 om.
228 3636 265 3676 S,
290 3636 449 3670 N0m00.m
457 3648 509 3677 pr.
524 3636 555 3677 2,
569 3642 585 3669 2
602 3635 615 3678 l}
631 3633 776 3676 ταύτας]
802 3629 910 3667 αὐτὰς
932 3633 968 3665 Β
1003 3633 1119 3666 ταῦτα
1144 3632 1172 3666 S
1179 3644 1198 3668 ς
1220 3630 1232 3676 ΙΙ

156 3682 198 3714 26
233 3679 370 3715 παντὸς
404 3679 468 3714 τοῦ
510 3680 548 3713 ἐκ
582 3680 645 3714 τοῦ
681 3677 869 3725 φαλκιδίου
902 3674 1056 3723 κέρδους]
1094 3675 1232 3712 παντὸς

1294 2684 1582 2767 Ϊςῗιῗλῃᾷίοὲ
1594 2689 1720 2767 ’ἵέρῧς
1743 2688 1772 2722 s
1806 2686 1897 2766 miii
1921 2683 2376 2775 ramatum-1333&

1295 2735 1601 2820 εᾼιῖςςῖυὲἓτῆ
1613 2746 1692 2823 'iun
1708 2734 1979 2813 ἐέρὲσιωῖἒῖἶῶ
2003 2744 2233 2830 τῶῖτόπφν
2249 2777 2278 2810 s
2299 2742 2378 2811 1¹³3·

1295 2822 1425 2858 τόπων
1448 2819 1654 2858 ὁσιωτάτου
1673 2825 1715 2864 A,
1737 2836 1795 2857 om.
1810 2823 1859 2856 B·
1877 2822 1889 2867 ss
1904 2821 2045 2862 τόπων]
2071 2822 2283 2856 ἐπισκόπων
2306 2822 2377 2876 Noo-

1296 2874 1400 2903 moc.⁷⁷¹
1414 2871 1446 2911 2,
1459 2876 1477 2902 2
1502 2869 1514 2910 ΙΙ
1537 2867 1751 2904 ἐπισκόπων
1764 2867 1918 2903 Nomio-‘¹
1927 2880 1981 2911 pr.
1998 2869 2028 2909 2,
2042 2875 2058 2901 2
2083 2866 2097 2911 ΙΙ
2121 2866 2170 2900 εἰς
2195 2885 2237 2891 -
2261 2867 2304 2901 29
2322 2868 2375 2908 ας]

1296 2914 1343 2948 εἰς
1366 2909 1407 2948 ἃς
1431 2914 1546 2948 αἰτίας
1570 2915 1600 2948 A

1365 3048 1386 3082 2
1409 3047 1586 3091 praecipue
1614 3053 1689 3090 post
1719 3044 1935 3078 donatoribus
1967 3044 2038 3077 coll.
2067 3042 2100 3076 T
2122 3041 2136 3086 ΙΙ
2164 3053 2184 3075 a
2208 3054 2266 3076 om.
2288 3043 2342 3077 1⁷⁶
2363 3041 2377 3088 fl

1298 3094 1317 3126 3
1335 3091 1406 3125 eius
1425 3091 1476 3125 T²
1493 3091 1505 3135 ΙΙ
1524 3093 1584 3124 hoe
1600 3091 1634 3124 R
1652 3090 1665 3134 ΙΙ
1681 3091 1700 3123 5
1715 3092 1801 3123 rubr.
1818 3089 1855 3122 Si
1870 3088 2005 3122 heredes
2021 3088 2126 3130 (heres
2140 3088 2186 3130 R)
2202 3088 2290 3131 piam
2307 3088 2376 3122 dis-

1296 3137 1495 3180 positionem
1519 3135 1648 3179 inplere
1670 3134 1840 3168 noluerint
1865 3133 2026 3177 (noluerit
2050 3133 2094 3174 R)
2118 3132 2197 3166 ΒΤ
2215 3134 2247 3167 in
2271 3137 2378 3179 τηαν-φ

1298 3184 1349 3223 (ex
1360 3182 1437 3224 Iul.)
1453 3181 1466 3225 ΙΙ
1483 3180 1663 3214 seeundum
1681 3181 1714 3213 T
1722 3179 1732 3200 ¹
1748 3179 1761 3223 ΙΙ
1779 3181 1799 3213 6
1815 3179 1970 3223 episeopo
1986 3178 2228 3222 (episcoporum
2246 3178 2309 3220 13⁰)
2325 3177 2375 3212 lo-
2444 3213 2446 3218 ,

1298 3237 1413 3259 eorum
1432 3225 1537 3269 RVn
1564 3228 1581 3259 7
1607 3224 1780 3258 ammoniti
1800 3226 1832 3258 T
1857 3224 1996 3257 amoniti
2019 3222 2089 3301 R!
2115 3224 2134 3258 8
2158 3222 2295 3266 implere
2314 3222 2376 3274 V!
2442 3238 2451 3254 ,-

1298 3282 1394 3304 omne
1418 3283 1476 3305 om.
1489 3270 1522 3303 R
1539 3270 1551 3314 ΙΙ
1570 3272 1589 3304 9
1605 3270 1759 3303 relictum
1776 3269 1907 3303 luorum
1926 3270 1957 3303 T
1968 3268 1981 3313 11
2000 3279 2066 3311 quo
2109 3267 2157 3301 Τ*
2173 3268 2186 3311 ΙΙ
2206 3270 2246 3302 10
2263 3269 2376 3301 onnon

1298 3315 1461 3357 (defuncti
1485 3314 1535 3349 R³
1557 3328 1583 3349 s.
1601 3317 1642 3357 υ.)
1666 3315 1765 3348 sicuti
1788 3315 1821 3348 R
1856 3314 1957 3348 sicuti
1980 3312 2093 3347 cuncti
2124 3313 2158 3347 V
2178 3313 2191 3356 ΙΙ
2222 3313 2264 3348 14
2285 3312 2376 3355 sing-

1297 3360 1441 3394 lexerint
1467 3360 1517 3394 Τι
1535 3360 1547 3404 ΙΙ
1567 3363 1606 3395 15
1631 3360 1826 3403 prosoluent
1843 3361 1874 3393 R
1897 3358 2120 3403 persoluerint
2146 3358 2178 3391 T
2184 3357 2195 3379 ²
2213 3356 2226 3402 [Ι
2244 3359 2283 3392 17
2299 3367 2375 3391 san-

1299 3406 1520 3439 ctissimorum
1543 3406 1595 3438 1³⁶
1625 3406 1637 3449 ΙΙ
1664 3408 1706 3440 20
1731 3405 1790 3439 alii
1822 3405 2031 3448 1⁷³1‘2vu19.
2057 3403 2071 3448 ll
2097 3401 2267 3436 licentiam
2292 3401 2342 3436 Τι
2362 3400 2377 3448 Ι

1300 3452 1342 3485 22
1365 3451 1440 3493 piae
1460 3464 1518 3483 om.
1534 3451 1566 3483 R
1583 3451 1596 3494 ΙΙ
1615 3451 1831 3495 mopleantur
1849 3450 1900 3483 T¹
1918 3450 1931 3494 ΙΙ
1947 3451 1989 3484 23
2003 3451 2090 3483 rubr.
2115 3447 2153 3480 Si
2168 3447 2261 3481 heres
2276 3448 2375 3499 testa-

1300 3496 1381 3529 toris
1410 3495 1631 3529 substantiam
1662 3497 1704 3530 ad
1733 3498 1806 3540 pias
1838 3505 1951 3529 causas
1982 3505 2050 3527 non
2074 3492 2224 3527 sufficere
2256 3490 2377 3525 dixerit

1302 3541 1332 3574 R
1350 3542 1382 3574 in
1399 3553 1501 3585 rnarq.
1517 3542 1569 3583 (ex
1583 3542 1660 3581 Iul.)
1701 3542 1737 3575 Si
1760 3541 1926 3574 testatoris
1948 3538 2134 3573 substantia
2155 3537 2285 3570 dicatur
2307 3544 2374 3569 non

1299 3585 1448 3619 sufficere
1476 3586 1517 3619 ad
1544 3586 1609 3619 ista
1642 3587 1675 3620 T
1695 3589 1727 3621 in
1747 3599 1848 3639 marq.
1877 3585 1890 3630 ΙΙ
1918 3585 1967 3627 si]
2002 3585 2039 3618 Si
2063 3583 2138 3634 quis
2156 3582 2197 3634 *V
2218 3584 2231 3625 ΙΙ
2258 3581 2301 3615 24
2323 3589 2374 3614 re-

1299 3630 1379 3664 licta
1402 3631 1452 3664 R¹
1469 3631 1481 3676 11
1507 3633 1548 3665 26
1574 3632 1745 3675 quiequid]
1770 3642 1827 3674 qm
1851 3629 1932 3674 quid
1953 3631 1986 3664 R
2002 3630 2016 3675 ῃ
2035 3637 2229 3675 proumone
2250 3626 2295 3668 V]
2312 3634 2373 3670 pro

1300 3677 1444 3710 iussione
1465 3677 1635 3721 RTvulq.
