2476 3854
100 91 207 134 NOV.
238 90 422 134 CXXIII
451 94 517 135 36.
551 93 602 134 37
1174 88 1256 135 620

99 198 230 237 τόπων
262 200 462 238 ὁσιώτατος
486 204 679 237 ἐπίσκοπος
702 202 784 237 τοὺς
802 201 978 245 μοναχοὺς
999 201 1091 246 μετὰ
1108 203 1184 237 τῶν
1252 202 1441 247 episcopus
1464 203 1658 240 monachos
1689 214 1771 240 cum
1793 204 1980 241 monachis
2011 208 2048 241 et
2077 205 2225 243 seminas
2249 218 2331 244 cum

98 248 269 292 μοναχῶν
292 251 351 282 καὶ
375 247 439 282 τὰς
458 251 626 294 γυναῖκας
654 245 745 291 μετὰ
769 247 846 282 τῶν
867 249 1051 294 γυναικῶν
1074 259 1182 290 κεχω-
1250 247 1391 283 feminis
1420 257 1588 293 separare
1618 252 1654 284 et
1683 249 1721 285 in
1752 249 1831 284 aliis
1862 251 2084 287 monasteriis
2116 261 2331 298 congregare

99 296 275 337 ρισμένως
291 294 331 327 ἐν
347 292 465 327 ἄλλοις
485 296 545 326 καὶ
564 291 681 327 ἄλλοις
699 296 953 338 μοναστηρίοις
966 295 1182 340 συναγαγεῖν
1250 294 1429 338 procuret,
1460 302 1702 340 quaecumque
1727 304 1811 330 vero
1836 294 1970 331 habent
1992 297 2209 338 communia.
2238 298 2332 333 inter

99 335 345 385 φροντισάτω,
377 338 422 372 τὰ
456 336 495 371 δὲ
528 334 725 384 πράγματα
748 334 819 372 ὅσα
842 340 959 380 ἔχουσι
989 337 1092 373 κοινοὶ
1251 348 1312 374 eos
1337 337 1534 373 secundum
1565 343 1770 385 competens
1800 339 1852 375 eis
1882 340 1938 376 ius
1962 340 2126 378 dividere.
2174 342 2331 379 Feminis

99 383 188 423 ταξὺ
223 380 347 417 αὐτῶν
378 382 470 416 κατὰ
501 382 544 416 τὸ
578 381 739 427 ἁρμόζον
771 379 889 417 αὐτοῖς
921 381 1061 418 δίκαιον
1092 381 1182 418 διαι-
1217 388 1236 419 5
1250 386 1367 418 autem
1392 393 1648 430 quemcumque
1671 385 1683 419 i
1711 395 1772 421 sae
1796 385 1966 429 elegerint
1988 386 2060 422 sive
2084 387 2331 433 presbyterum

99 428 250 472 ρείσθω.
298 431 374 462 ταῖς
398 425 438 461 δὲ
459 427 624 474 γυναιξὶν
652 425 698 463 ὃν
728 425 776 462 ἂν
806 425 914 462 αὐταὶ
946 427 1183 469 ἐπιλέξωνται
1250 429 1323 464 sive
1357 428 1547 464 diaconum
1589 430 1635 465 ad
1691 430 1878 466 aciendum
1919 430 1972 466 eis
2014 441 2226 477 responsum
2267 435 2332 469 aut

99 474 170 507 εἴτε
194 472 440 518 πρεσβύτερον
469 472 539 506 εἴτε
564 472 736 508 διάκονον
767 473 815 507 εἰς
842 472 886 508 τὰ
912 476 1030 508 ποιεῖν
1061 472 1184 509 αὐταῖς
1250 476 1410 510 sanctam
1442 473 1492 510 eis
1525 475 1806 511 communionem
1838 476 2050 521 portandam
2085 477 2331 514 sanctissimus

97 518 162 552 τὰς
185 515 390 562 ἀποκρίσεις
421 514 444 561 ἢ
467 518 536 561 τὴν
560 516 670 565 ἁγίαν
695 515 819 552 αὐταῖς
841 522 1039 554 κοινωνίαν
1062 522 1184 565 φέρειν
1251 519 1441 563 episcopus
1473 518 1540 555 sub
1564 530 1633 565 quo
1663 524 1748 557 sunt
1778 520 1940 566 deputet,
1973 532 2076 567 quem
2098 525 2219 558 rectae
2248 522 2332 559 fidei

99 562 118 596 ὁ
151 559 351 597 ὁσιώτατος
387 564 579 598 ἐπίσκοπος
614 559 680 609 ὑφ’
708 559 754 598 ὅν
783 564 876 598 εἰσιν
911 560 1182 611 ἀπσκληρούτω,
1251 567 1287 599 et
1309 563 1403 599 vitae
1433 564 1549 600 bonae
1576 575 1655 601 esse
1678 566 1890 610 cognoverit.
1939 566 1978 602 Si
2000 577 2083 603 vero
2116 568 2178 613 qui
2208 568 2255 604 ab
2278 568 2331 605 eis

98 609 128 641 εἰ
150 605 267 651 ὀρθῆς
289 611 446 643 πίστεως
475 611 535 642 καὶ
558 612 640 653 βίου
664 607 775 643 καλοῦ
797 610 930 644 τοῦτον
954 609 1046 643 εἶναι
1068 613 1181 656 γνοίη.
1199 613 1239 645 10
1250 609 1385 646 electus
1410 612 1482 652 est,
1506 619 1579 646 non
1602 610 1650 646 sit
1671 610 1858 656 presbyter
1880 614 1945 647 aut
1969 612 2156 657 diaconus,
2187 612 2332 658 dignum

97 654 128 686 εἰ
153 651 191 686 δὲ
215 651 234 685 ὁ
260 648 351 697 παρ’
379 650 503 687 αὐτῶν
528 653 700 700 ἐπιλεγεὶς
729 653 779 699 μὴ
811 654 863 698 εἴη
888 653 1129 700 πρεσβύτερος
1160 653 1184 709 ἢ
1250 658 1370 690 tamen
1401 664 1482 690 eum
1512 654 1714 691 huiusmodi
1744 656 1938 692 ministerio
1975 666 1994 692 e
2019 657 2163 704 iscopus
2194 658 2331 694 iudica-

98 696 280 740 διάκονος,
316 697 420 738 ἄξιον
446 696 485 732 δὲ
515 696 626 733 αὐτὸν
656 700 720 742 τῆς
742 699 910 743 τοιαύτης
937 696 1129 747 ὑπηρεσίας
1159 713 1180 734 ο
1250 700 1349 743 verit,
1375 699 1631 736 ordinationem
1651 701 1684 736 ei
1707 701 1868 746 imponat
1890 712 1962 746 qua
1984 668 2110 747 ‹iignus
2134 712 2213 739 esse
2236 703 2332 739 vide·

97 745 290 777 ἐπίσκοπος
309 747 425 790 κρίνῃ,
449 747 673 789 χειροτονίαν
695 741 795 787 αὐτῷ
817 745 1007 787 ἐπιτιθείς,
1032 744 1071 788 ἧς
1088 743 1184 786 ἄξιος
1251 744 1358 786 bitur,
1395 749 1431 781 et
1465 745 1665 790 responsis,
1703 746 1809 782 sicuti
1843 746 1978 782 dictum
2014 751 2084 791 est,
2123 748 2332 784 monasterii

97 788 191 822 εἶναι
208 792 355 843 φανρίη,
378 791 456 823 ταῖς
472 787 717 843 ἀποξρίσεσιν,
742 788 790 824 αἱς
805 790 958 846 εἴρηται,
984 791 1049 825 τοῦ
1072 804 1182 836 μονα·
1252 789 1459 833 distribuat,
1498 790 1550 825 ita
1577 793 1697 827 tamen
1732 793 1773 826 ut
1803 800 1917 836 neque
1946 792 1998 828 sic
2025 793 2161 830 electus
2196 793 2244 829 ad
2274 803 2331 830 re-

97 837 243 880 στηρίου
268 837 494 878 απονεμέτω,
527 847 625 869 ουτω
655 837 781 879 μέντοι
814 848 874 870 ινα
903 833 995 880 μηδὲ
1025 833 1045 869 ὁ
1070 832 1185 870 οὕτως
1201 837 1239 870 15
1253 845 1387 881 sponsa
1408 834 1620 872 feminarum
1642 836 1680 872 in
1702 836 1919 874 monasterio
1943 841 2096 875 maneat.

96 880 268 925 ἐπιλεγεὶς
299 878 389 924 πρὸς
421 879 486 913 τὰς
510 876 715 926 ἀποκρίσεις
745 881 823 915 τῶν
851 882 1035 928 γυναικῶν
1066 882 1107 916 ἐν
1130 881 1186 925 τῷ

95 927 328 970 μοναστηρίῳ
351 927 469 972 μείνῃ.

1942 107 2002 137 ΒΕ
2031 106 2330 141 SANCTISSIMIS

1035 1038 1191 1075 CAPUT
1211 1038 1397 1074 XXXVII.

163 1104 218 1139 Εἴ
234 1116 288 1140 τις
312 1106 374 1140 ἐπὶ
398 1105 531 1151 αἱρέσει
553 1107 671 1154 γάμου
701 1102 726 1151 ἢ
749 1105 999 1151 παιδοποιίας,
1031 1105 1055 1151 ἢ
1077 1108 1183 1153 χάριν
1317 1107 1387 1143 Sed
1407 1109 1445 1143 et
1466 1106 1556 1142 haec
1579 1106 1760 1152 praesenti
1783 1106 1945 1144 addimus
1968 1108 2162 1145 sanctioni:
2187 1108 2220 1145 si
2239 1109 2334 1146 forte

95 1150 241 1197 προικὸς
272 1148 296 1194 ἢ
318 1153 469 1198 γαμικῆς
501 1150 637 1198 δωρεᾶς
667 1149 691 1195 ἢ
722 1149 935 1197 δωρήσηταί
962 1166 999 1188 τι
1030 1151 1055 1196 ἢ
1074 1166 1182 1188 κατα·
1251 1151 1330 1233 31118
1353 1152 1421 1188 sub
1446 1152 1654 1189 condicione
1685 1152 1892 1197 nuptiarum
1922 1152 1996 1189 sive
2018 1153 2229 1198 liberorum,
2260 1154 2334 1191 sive

95 1195 201 1243 λείψῃ
225 1198 298 1230 τοῖς
322 1194 424 1231 ἰδίοις
447 1201 575 1233 παισὶν
597 1196 620 1241 ἢ
643 1196 741 1241 ἄλλῳ
763 1196 969 1242 οἱῳδήποτε
989 1197 1183 1244 προςώπῳ,
1196 1200 1238 1234 20
1279 1198 1346 1234 otis
1376 1207 1486 1234 causa
1521 1198 1593 1233 sive
1624 1200 1708 1234 ante
1738 1198 1882 1243 nuptias
1914 1197 2115 1236 donationis
2151 1199 2335 1236 donaverit

95 1239 118 1283 ἢ
141 1241 382 1286 κληρονομίαν
413 1239 438 1285 ἧ
467 1241 626 1289 ληγάτον
658 1243 697 1284 ἐξ
728 1239 836 1288 ἀρχῆς
866 1244 1041 1289 καθαρῶς
1075 1256 1184 1278 κατα-
1253 1253 1317 1279 seu
1340 1243 1524 1287 reliquerit
1548 1242 1623 1279 suis
1646 1243 1768 1279 liberis
1799 1253 1863 1279 seu
1895 1243 1987 1279 aliae
2018 1245 2230 1290 cuicumque
2252 1255 2333 1292 per·

95 1286 291 1331 λιμπάνων
327 1285 446 1321 αὐτοῖς
481 1287 634 1335 βαρήσει
672 1285 801 1323 αὐτοὺς
830 1286 1127 1324 ὑποκαταστάσει
1162 1285 1186 1332 ἢ
1254 1297 1364 1324 sonae
1392 1288 1627 1324 hereditatem
1658 1288 1731 1325 sive
1753 1289 1926 1333 legatum,
1959 1292 2023 1325 aut
2045 1291 2092 1326 ab
2115 1290 2216 1326 initio
2244 1300 2335 1336 pure

96 1329 393 1368 ἀποκαταστάσει
425 1330 497 1367 ὑπὸ
521 1337 612 1378 μίαν
635 1335 713 1368 τῶν
738 1334 1066 1379 μνημονευθεισῶν
1094 1333 1186 1381 αἱρέ-
1253 1333 1458 1379 relinquens
1478 1334 1528 1369 eis
1545 1335 1670 1369 oneret
1684 1343 1746 1369 eos
1762 1333 2015 1370 substitutione
2035 1335 2092 1371 vel
2108 1335 2334 1372 restitutione

95 1390 200 1419 σεων,
236 1375 437 1422 κελεύομεν,
475 1379 575 1425 εἴπερ
606 1378 640 1414 οἱ
675 1382 753 1414 ταῖς
787 1377 971 1414 τοιαύταις
1007 1379 1186 1424 αἱρέσεσιν
1254 1381 1321 1416 sub
1345 1388 1417 1414 una
1440 1378 1704 1424 praedictarum
1724 1379 1982 1423 condicionum,
2005 1380 2179 1424 iubemus,
2203 1381 2236 1418 si
2252 1381 2334 1418 tali-

95 1422 325 1467 ὑποκείμενοι
355 1421 501 1469 ἄρρενες
524 1421 547 1466 ἢ
571 1423 719 1468 θήλειαι
751 1425 799 1460 εἷς
823 1423 1052 1471 μοναστήρια
1083 1423 1184 1459 εἰςέλ-
1198 1427 1239 1460 25
1253 1425 1321 1460 bus
1347 1424 1617 1460 condicionibus
1641 1424 1793 1460 subiecti
1814 1425 1965 1461 masculi
1987 1426 2043 1461 vel
2063 1426 2216 1462 feminae
2239 1426 2333 1470 [reli-

95 1468 231 1510 θωσιν,
255 1465 279 1511 ἢ
298 1467 457 1515 κληρικοὶ
480 1466 504 1512 ἢ
528 1467 759 1504 ὃιακόνισσαι
783 1468 807 1513 ἢ
829 1467 1021 1516 ἇσκήτριαι
1050 1473 1184 1516 γένων-
1253 1469 1370 1514 querit
1393 1470 1446 1506 vel
1472 1469 1674 1512 donaverit,
1707 1469 1978 1506 substitutiones
2005 1481 2089 1507 vero
2113 1472 2167 1507 vel
2189 1472 2333 1508 restitu-

94 1527 172 1556 ται,
204 1512 270 1547 τὰς
293 1513 463 1548 τοιαύτας
487 1514 637 1560 αἱρέσεις
660 1511 871 1561 ἀνισχύρους
894 1518 955 1549 καὶ
979 1511 1064 1550 ἀντὶ
1094 1530 1119 1560 μ
1145 1513 1186 1550 δὲ
1251 1515 1366 1550 tiones
1385 1515 1436 1551 eis
1451 1514 1578 1551 fecerit
1597 1514 1747 1551 adiectis
1768 1514 2036 1552 condicionibus
2053 1516 2335 1562 quibuscumque

95 1561 355 1605 γεγραμμένων
379 1559 482 1593 εἶναι.
530 1560 664 1604 ταύτης
688 1558 728 1594 δὲ
742 1562 805 1603 τῆς
828 1560 1005 1606 βοηθείας
1027 1563 1087 1594 καὶ
1103 1574 1123 1595 κ
1146 1573 1183 1604 η·
1251 1570 1295 1595 ex
1326 1560 1381 1596 his
1418 1570 1508 1605 quae
1543 1560 1707 1606 superius
1742 1562 1971 1597 enumeratae
2005 1565 2108 1607 sunt,
2143 1562 2335 1607 sancimus,

95 1607 188 1649 ρικοὶ
220 1606 281 1638 καὶ
304 1602 532 1640 διακόνισσαι
563 1606 640 1642 τῶν
665 1604 863 1650 ἐκκλησιῶν
886 1602 1182 1649 ἀπολαυέτωσαν,
1249 1615 1426 1650 personae
1456 1606 1588 1641 talibus
1622 1605 1891 1642 condicionibus
1922 1606 2106 1643 subiectae
2139 1607 2213 1644 sive
2242 1617 2334 1644 mas-

1194 1653 1237 1686 30
1251 1650 1322 1686 culi
1345 1651 1418 1686 sive
1438 1650 1602 1694 feminae]
1627 1651 1846 1687 monasteria
1868 1651 2114 1696 ingrediantur
2136 1656 2200 1688 aut
2215 1652 2336 1689 clerici

1248 1699 1314 1731 aut
1337 1696 1560 1732 diaconissae
1582 1698 1648 1732 aut
1670 1697 1844 1733 ascetriae
1866 1696 1973 1740 fiant,
1994 1697 2084 1733 tales
2108 1697 2335 1735 condiciones

1246 1741 1421 1777 invalidas
1445 1745 1480 1777 et
1502 1752 1568 1786 pro
1592 1751 1708 1822 usgue
1732 1742 1876 1786 scriptis
1900 1752 1989 1779 esse.
2035 1742 2116 1779 Hoc
2134 1745 2256 1779 autem
2278 1753 2336 1780 so-

1246 1786 1337 1822 lacio
1369 1789 1406 1823 et
1429 1787 1549 1823 clerici
1578 1789 1614 1823 et
1669 1786 1866 1823 'aconissae
1894 1787 2127 1824 ecclesiarum
2157 1788 2335 1833 frasnum,

163 1889 192 1911 e.
216 1877 410 1911 XXXVII
429 1889 468 1911 ex
491 1876 528 1910 B
553 1877 666 1920 repetit
688 1862 869 1910 Nomoffidm
882 1876 982 1911 XIV
992 1878 1038 1912 tit.
1053 1879 1123 1920 2,1.
1145 1896 1193 1904 -
1217 1879 1384 1913 Theodori
1404 1880 1608 1913 summarium
1628 1879 1738 1922 partis
1757 1879 1882 1921 prioris
1905 1879 2020 1922 repetit
2041 1879 2141 1913 schol.
2166 1879 2210 1915 Ie.

162 1934 188 1956 c.
214 1922 411 1956 XXXVII.
436 1922 650 1956 XXXVIII
669 1929 699 1955 et
721 1922 804 1955 XL.
829 1922 927 1956 XLI
945 1935 1084 1956 summas
1107 1924 1184 1958 Atta.
1209 1931 1356 1967 repetunt
1374 1924 1538 1968 paratitla
1561 1924 1637 1957 Ath.
1651 1925 1672 1958 9
1689 1928 1734 1963 §1
1753 1924 1810 1967 (cf.
1828 1924 1932 1966 252).

91 2008 315 2059 prospiciat,
345 2014 388 2047 ut
409 2010 578 2047 monachi
607 2021 687 2046 cum
709 2010 897 2047 monachis
925 2015 961 2047 et
980 2011 1143 2057 feminae
1174 2022 1254 2051 cum
1274 2013 1424 2059 feminis
1453 2014 1652 2059 separatim
1683 2013 1722 2048 in
1746 2013 1830 2049 aliis
1865 2016 1973 2060 atque
2001 2014 2084 2050 aliis
2105 2015 2336 2052 monasteriis

95 2060 311 2109 conqreyet,
342 2066 402 2092 res
426 2060 544 2092 autem
567 2066 811 2102 quascumque
835 2067 1039 2092 communes
1061 2055 1194 2093 habent
1225 2058 1321 2094 inter
1352 2069 1415 2094 eos
1445 2057 1639 2094 secundum
1670 2058 1728 2094 ius
1750 2058 1798 2094 iis
1825 2062 2028 2105 competens
2058 2058 2335 2098 distribuantur.

94 2102 253 2138 Feminis
273 2105 391 2137 autem
408 2112 666 2148 quemcumque
688 2102 792 2147 ipsae
815 2102 989 2148 eleqerint
1011 2102 1086 2138 sive
1102 2103 1355 2150 presbyterum
1377 2103 1452 2140 sive
1475 2103 1668 2139 diaconum
1692 2102 1743 2139 ad
1763 2113 1940 2150 responsa
1964 2104 2054 2151 ipsis
2073 2104 2249 2150 facienda
2271 2109 2338 2142 aut

94 2151 258 2183 sanctam
282 2147 566 2182 communionem
585 2146 846 2192 praebendam,
869 2147 1166 2193 reliqiosissimus
1188 2148 1383 2200 episcopus
1406 2149 1466 2184 cui
1482 2149 1663 2184 subiectae
1685 2152 1773 2184 sunt
1794 2148 1969 2195 designet,
1992 2150 2028 2184 si
2047 2154 2170 2187 rectae
2189 2150 2277 2196 fidei
2301 2154 2339 2188 et

95 2193 189 2229 vitae
212 2191 326 2227 bonae
348 2203 430 2227 eum
452 2203 530 2228 esse
553 2192 777 2238 coqnoverit.
824 2191 867 2227 Si
889 2202 975 2228 vero
999 2192 1063 2238 qui
1086 2193 1131 2228 ab
1154 2192 1229 2229 illis
1251 2194 1385 2229 electus
1408 2198 1463 2230 est
1485 2204 1558 2229 non
1580 2193 1629 2229 sit
1648 2193 1840 2240 presbyter
1862 2194 1919 2230 vel
1932 2193 2120 2238 diaconus,
2144 2196 2338 2243 episcopus

95 2242 215 2273 autem
238 2237 387 2283 diynum
409 2247 490 2273 eum
515 2237 580 2273 tali
603 2237 802 2274 ministerio
824 2237 977 2280 iudicet,
1009 2238 1195 2274 creatione
1218 2239 1253 2274 ei
1273 2239 1478 2285 impertita,
1512 2249 1585 2286 qua
1609 2238 1741 2284 diqnus
1769 2249 1846 2275 esse
1869 2238 2043 2282 videatur,
2075 2239 2126 2276 ad
2146 2251 2337 2288 responsa,

94 2283 204 2318 sicuti
225 2282 358 2318 dictum
382 2287 447 2325 est,
471 2282 681 2318 monasterii
703 2293 783 2319 eum
806 2282 970 2326 destinet,
990 2283 1044 2318 ita
1061 2287 1181 2319 tamen
1203 2287 1245 2320 ut
1258 2294 1304 2320 ne
1320 2286 1352 2320 is
1367 2283 1511 2330 quidem
1534 2283 1598 2330 qui
1617 2284 1671 2320 ita
1694 2283 1745 2320 ad
1759 2295 1937 2331 responsa
1958 2285 2179 2331 feminarum
2202 2285 2337 2322 electus

95 2333 149 2364 est
172 2328 211 2363 in
234 2327 454 2363 monasterio
479 2331 633 2363 maneat.

230 2373 415 2409 XXXVII.
463 2372 506 2408 Si
536 2373 619 2419 quis
649 2372 738 2419 quid
769 2383 848 2408 cum
881 2372 1094 2410 condicione
1123 2374 1335 2421 nuptiarum
1365 2374 1423 2411 vel
1442 2374 1712 2421 procreationis
1736 2374 1946 2418 liberorum,
1978 2374 2035 2411 vel
2056 2374 2153 2412 dotis
2175 2376 2233 2413 vel
2253 2379 2338 2412 ante

96 2418 245 2464 nuptias
276 2418 484 2454 donationis
513 2418 638 2464 qratia
667 2422 736 2454 aut
758 2417 948 2454 donaverit
970 2422 1036 2454 aut
1057 2418 1247 2465 reliquerit
1268 2419 1392 2455 liberis
1412 2420 1489 2455 suis
1516 2420 1573 2456 vel
1594 2419 1662 2455 alii
1683 2420 1893 2466 cuicumque
1903 2430 2109 2467 personae,
2139 2420 2213 2458 sive
2236 2420 2337 2457 llere-

97 2464 243 2499 ditatem
264 2463 319 2499 vel
343 2463 499 2509 leqatum
523 2463 568 2499 ab
592 2463 696 2499 initio
749 2474 813 2499 are
835 2463 1043 2510 relinquens
1064 2464 1111 2499 iis
1132 2464 1388 2501 substitutione
1410 2465 1468 2502 vel
1487 2465 1715 2501 restitutione
1743 2475 1823 2500 cum
1854 2475 1928 2501 una
1958 2476 2009 2502 ex
2057 2465 2231 2502 raedictis
2252 2475 2337 2502 con-

97 2509 300 2544 dicionibus
329 2519 393 2544 eos
425 2509 642 2552 oneraverit,
677 2509 715 2543 iu
739 2519 849 2550 emus,
883 2508 917 2544 si
943 2508 972 2543 ii
1003 2509 1069 2554 qui
1097 2509 1273 2546 eiusmodi
1304 2510 1575 2546 condicionibus
1604 2510 1755 2546 subiecti
1783 2513 1869 2546 sunt
1899 2512 2054 2546 mascui
2082 2515 2148 2547 aut
2175 2511 2339 2558 feminae

97 2554 319 2589 monasteria
347 2553 502 2597 intrent,
537 2557 604 2589 aut
634 2553 758 2590 clerici
789 2554 845 2590 vel
874 2554 1103 2590 diaconissae
1132 2554 1189 2590 vel
1216 2555 1394 2592 ascetriae
1421 2555 1533 2601 fiant,
1568 2555 1741 2591 eiusmodi
1775 2555 2005 2591 condiciones
2038 2556 2166 2592 irritas
2199 2561 2236 2593 et
2258 2566 2339 2610 pro

97 2609 172 2634 non
203 2599 351 2645 scriptis
381 2609 469 2635 esse.
525 2598 609 2635 Hoc
639 2603 758 2635 autem
789 2600 932 2635 auxilio
965 2599 1074 2635 etiam
1106 2599 1229 2636 clerici
1258 2604 1295 2637 et
1324 2599 1552 2637 diaconissae
1582 2600 1815 2637 ecclesiarum
1842 2601 2033 2646 fruantur,
2068 2600 2102 2637 si
2124 2611 2199 2648 per
2229 2605 2340 2638 vitam

156 2690 177 2722 3
197 2690 258 2721 καὶ
278 2686 397 2722 ἄλλοις
420 2700 475 2722 om.
489 2701 509 2726 ς
526 2689 539 2732 11
563 2691 585 2724 4
603 2688 650 2723 τὰ
666 2687 862 2736 πράγματα
883 2701 939 2723 om.
955 2700 976 2726 ς
992 2689 1005 2733 11
1029 2691 1050 2724 6
1075 2682 1184 2724 αὗται

99 2734 261 2769 Nomoc.m
286 2734 298 2776 11
323 2731 549 2774 ἐπιλέξανται
574 2735 623 2767 La
637 2735 798 2769 Nemeam
833 2733 1072 2781 ἐπιλέγωνται
1097 2735 1149 2769 ΒΤ

102 2782 120 2814 ’1
146 2776 327 2819 διάκονον]
353 2775 525 2813 διάκονον
550 2775 825 2825 ἆποκρισιάριον
841 2780 893 2813 Bt
907 2780 919 2824 11
936 2779 1086 2822 ποιῆσαι
1103 2781 1155 2814 Bt

101 2827 122 2860 9
146 2820 348 2869 ἁγιώτατος
365 2824 543 2858 Nomi-‚dm
561 2825 573 2867 11
594 2827 634 2859 10
651 2825 682 2858 εἰ
698 2845 738 2849 -
751 2825 895 2866 τοῦτον]
921 2835 1019 2867 quem
1042 2838 1062 2862 ς
1077 2828 1088 2868 11
1107 2827 1185 2861 ἐπι-

99 2872 203 2916 γνοίη
227 2869 389 2903 Nomoc.m
415 2868 427 2913 11
457 2870 494 2904 11
523 2869 554 2902 εἰ
577 2867 618 2903 δὲ
641 2890 683 2895 —-
710 2872 750 2904 15
775 2866 990 2914 ἀπονεμέτω
1015 2882 1071 2904 om.
1098 2871 1148 2905 B!
1174 2871 1186 2917 11

100 2910 209 2959 παρ’]
233 2908 301 2947 ὑπ’
315 2913 495 2948 Νονιιοε.(”’ι
514 2913 526 2958 11
553 2916 594 2958 12
619 2911 735 2948 αὐτὸν
759 2927 814 2949 om.
833 2916 863 2948 L
883 2916 894 2959 11
914 2917 953 2950 13
978 2919 1093 2960 κρίνοι
1117 2917 1186 2951 Νο-

102 2958 226 2994 monam
242 2958 255 3002 11
282 2960 323 2994 15
347 2954 367 2992 ὅ
393 2969 450 2992 om.
467 2959 503 2992 B
519 2959 531 3003 11
550 2959 652 2992 οὗτος
675 2958 727 2992 ΒΓ
741 2960 754 3003 ΙΙ
773 2962 811 2995 17
837 2962 927 3006 μένῃ
952 2959 1003 2994 B!
1019 2961 1032 3005 11
1056 2963 1095 2996 18
1121 2961 1187 2997 ἐάν

103 3015 156 3040 τις
167 3003 348 3038 Nomocstm
358 3005 390 3047 2,
402 3013 411 3038 ι
422 3016 430 3043 ;
452 3004 516 3036 Sed
529 3007 561 3036 et
574 3005 654 3037 haee
667 3005 834 3047 praesenti
846 3005 998 3039 addimus
1010 3007 1187 3050 sanctioni,

102 3050 132 3083 si
146 3050 233 3083 forte
252 3049 328 3091 quis
351 3060 371 3086 ς
385 3048 398 3093 11
418 3050 460 3083 19
481 3046 504 3091 ἢ
520 3045 722 3093 δωρήσεται
735 3050 777 3092 L,
801 3046 824 3092 ἢ
844 3063 902 3083 om.
917 3051 968 3084 B!
978 3063 999 3088 ς
1011 3052 1104 3094 (Iul.)
1121 3053 1134 3096 11
1150 3065 1187 3086 τι

1318 2693 1339 2726 2
1361 2692 1507 2734 separari
1533 2692 1585 2725 ΒΡ
1609 2691 1622 2736 11
1645 2692 1682 2725 in
1703 2691 1791 2733 aliis]
1817 2693 1850 2725 et
1873 2691 1950 2725 aliis
1973 2692 2050 2726 add.
2067 2691 2163 2726 Beck
2188 2690 2202 2736 11
2224 2693 2244 2726 3
2267 2702 2338 2726 om-

1252 2737 1362 2788 nia-T
1375 2738 1386 2779 11
1403 2738 1424 2771 4
1448 2738 1507 2779 eis]
1533 2737 1604 2771 eius
1627 2737 1679 2771 Τι
1696 2736 1708 2789 11
1726 2739 1746 2771 5
1770 2738 1829 2770 aut
1858 2736 1912 2782 ῐ711
1931 2746 2158 2779 quaecumque
2178 2737 2212 2771 T
2219 2737 2231 2758 ¹
2247 2736 2260 2789 11
2277 2737 2338 2771 eli-

1251 2783 1364 2825 germt
1383 2782 1418 2815 V
1435 2781 1571 2825 elegunt
1598 2781 1658 2826 Τ11
1682 2792 1754 2815 siue
1777 2780 1891 2826 pub·-
1916 2782 1995 2826 R¹fl
2022 2783 2044 2816 6
2067 2791 2125 2815 seu
2148 2781 2210 2826 Ru
2228 2781 2337 2816 diaco-

1252 2837 1317 2861 nus
1338 2827 1389 2860 V²
1412 2832 1425 2871 11
1454 2828 1508 2869 ad]
1532 2829 1592 2860 aut
1612 2827 1676 2861 VT
1685 2829 1692 2847 ¹
1719 2827 1732 2872 1
1762 2829 1781 2861 7
1806 2827 1879 2861 eius
1902 2827 1953 2860 132
1977 2828 1991 2871 11
2017 2826 2249 2860 communione
2276 2826 2340 2874 V}

1254 2872 1464 2916 portandam]
1488 2872 1531 2905 al.
1555 2873 1789 2916 praestandam
1811 2885 1839 2906 s.
1852 2886 1883 2905 υ.
1900 2871 1953 2905 1z²
1966 2871 1979 2917 11
1998 2873 2243 2905 sanctissimum
2267 2872 2337 2915 epi-

1254 2928 1389 2960 scopum
1413 2918 1463 2951 13¹
1483 2917 1498 2983 11
1529 2918 1549 2952 8
1565 2928 1674 2997 &itm
1687 2918 1795 3005 1Z'Tlet
1796 2927 1913 2995 {initui
1927 2916 2000 2995 4ῖιῙήΙΙ
2004 2919 2070 2995 Β121
2078 2916 2249 3005 ῃωῗιὲιοζίἰῧ
2274 2915 2337 2995 ἔσῃ

1254 2965 1298 3040 11ιὲ
1317 2963 1536 3051 Vlilalgleixiznsn
1545 3010 1593 3040 est
1615 3007 1658 3041 ad
1682 3007 1730 3040 12¹
1753 3006 1767 3051 fl
1793 3008 1835 3042 18
1859 3006 1925 3040 Sed
1948 3007 1981 3039 et
2002 3006 2147 3049 Ιίνιιις]
2171 3005 2229 3038 Set
2249 3005 2343 3041 V³T

1256 3055 1289 3086 et
1310 3052 1359 3086 V¹
1382 3052 1396 3096 11
1421 3052 1550 3085 adimus
1571 3052 1620 3085 V¹
1641 3051 1655 3095 11
1680 3053 1723 3086 20
1746 3050 1987 3094 antenuptislis
2010 3050 2142 3094 Rvuly.
2165 3050 2179 3094 η
2205 3052 2244 3085 21
2272 3051 2338 3085 alie

104 3109 162 3129 om.
178 3096 206 3128 S
218 3106 238 3132 ς
250 3095 314 3128 Iul.
332 3094 345 3138 11
362 3091 572 3139 καταλείψει
593 3095 622 3127 S
633 3107 661 3127 υ.
677 3096 708 3134 1.,
731 3094 951 3129 ΒῙΝοηιοο.’”
967 3098 1045 3138 11,1
1077 3110 1188 3131 κατα-

103 3138 211 3183 λήψει
235 3140 283 3173 Μ
293 3139 306 3185 11
329 3141 370 3174 21
396 3135 421 3182 ἢ
444 3152 503 3173 om.
518 3139 650 3176 Sclut.
669 3139 682 3183 11
699 3136 916 3183 κληρονομία
941 3142 991 3174 L⁶
1009 3141 1021 3185 11
1037 3139 1189 3187 λεγάτον

105 3185 232 3219 MLBf
242 3185 403 3219 Νοηιοο.”ι
418 3186 470 3226 11,
485 3192 499 3219 1
521 3182 672 3231 λεγάτου
686 3185 846 3218 Nomoc.m
862 3187 892 3226 2,
906 3193 918 3219 1
938 3186 950 3228 ΙΙ
966 3184 1004 3225 ἐξ
1021 3187 1143 3229 MLB]
1167 3185 1190 3230 ἢ

106 3230 143 3270 ἐξ
161 3231 189 3264 S
198 3231 288 3266 ςΙιιῖ.
307 3230 319 3274 11
335 3228 510 3274 καθαρῶς
526 3228 565 3270 ἐξ
580 3225 689 3273 ἀρχῆς
704 3229 884 3263 Nemee-“m
899 3232 952 3272 11,
965 3238 990 3272 1,
1014 3231 1189 3275 καθαρῶς

106 3287 161 3310 om.
177 3275 227 3309 B!
241 3276 253 3319 11
271 3273 573 3319 καταλιμπάνων]
596 3274 772 3317 reliquerit
789 3275 842 3308 vel
859 3275 1032 3309 donaverit
1051 3277 1114 3310 Iul.
1132 3279 1187 3321 (cs.

108 3323 153 3355 ad
170 3321 202 3362 ς)
232 3321 244 3364 11
273 3322 316 3355 22
340 3316 472 3361 αὐτοῖς]
507 3316 636 3354 αὐτοὺς
659 3319 813 3354 Nemee-‘²
828 3321 907 3361 2,1,
932 3333 990 3354 om.
1010 3321 1188 3355 Nomoc.‘¹'⁷¹

109 3369 162 3408 11,
175 3374 189 3400 1
212 3366 373 3400 Nomoc.m
381 3367 434 3408 2‚1
453 3366 465 3410 ΙΙ
482 3364 624 3411 βαρήση
646 3364 828 3399 Nemee-‘¹m
840 3366 894 3405 2‚¹
915 3365 927 3409 11
945 3366 987 3399 23
1004 3369 1093 3407 μίαν
1111 3366 1189 3400 τῶν

108 3410 332 3445 om.N0moc.⁶
349 3413 426 3452 11,1
452 3411 465 3455 11
486 3409 820 3455 μνημονευθέντων
843 3411 876 3443 L
891 3411 903 3453 11
930 3412 975 3445 24
997 3409 1044 3452 οἱ]
1068 3411 1099 3444 εἰ
1121 3412 1190 3446 Νο-

108 3461 213 3490 moe-”¹
228 3459 303 3496 11,1
323 3456 335 3498 11
354 3455 490 3501 αἵρεσιν
511 3458 561 3490 La
578 3457 590 3500 11
614 3457 656 3491 25
678 3453 923 3500 μοναστήριον
946 3455 999 3489 ΒΓ
1011 3456 1189 3490 Nomocflm

112 3504 189 3543 11,1
220 3501 232 3545 11
260 3499 429 3535 ἔλθωσιν
452 3503 525 3535 Ect.
553 3501 566 3546 11
595 3503 637 3536 26
656 3503 836 3547 γένωνται
859 3497 882 3544 ἢ
906 3497 1096 3546 ἇσκήτριαι
1120 3502 1189 3535 No-

110 3546 233 3580 moc.‘²'²²
251 3549 328 3589 11,1
347 3547 359 3585 ΙΙ
374 3548 538 3592 γένοιντο
563 3546 743 3581 Nomoe.‘¹’⁷⁸
756 3548 788 3588 2,
801 3554 814 3581 1
840 3546 853 3590 11
877 3547 918 3580 27
943 3545 1020 3587 τὰς]
1043 3549 1104 3580 καὶ
1126 3547 1190 3580 ’τὰς

110 3592 139 3625 S
156 3591 168 3635 11
182 3588 283 3635 μηδὲ]
300 3590 349 3635 μὴ
364 3594 392 3625 S
406 3592 418 3636 11
438 3594 480 3627 28
493 3591 680 3635 ταύτης-
693 3593 813 3634 621,10
826 3589 1015 3634 κελεύομεν
1032 3602 1087 3624 om.
1103 3590 1154 3625 B!
1180 3594 1191 3629 ΙΙ

110 3639 168 3668 καὶ
192 3635 353 3680 κληρικαὶ
375 3639 434 3670 καὶ
458 3634 688 3671 διακόνισσαι
712 3638 784 3671 Ecl.
831 3635 867 3670 οἱ
885 3634 1043 3682 κληρικοὶ
1069 3638 1129 3670 καὶ
1154 3634 1193 3670 ai

112 3677 340 3715 διακόνισσαι
360 3682 390 3716 S
403 3683 416 3727 11
440 3684 483 3717 29
503 3679 793 3727 ἀπολαβέτωσαν
811 3682 884 3716 ML

1255 3097 1438 3139 R²V¹T¹J
1463 3096 1523 3130 alii
1546 3095 1717 3130 R²V³T²
1737 3095 1749 3141 11
1777 3097 1819 3130 22
1844 3098 1903 3129 aut
1926 3095 2125 3140 R’Tvuqu
2150 3095 2338 3140 om.R¹Vss

1257 3143 1298 3177 23
1323 3141 1518 3183 relinquens
1547 3160 1590 3166 —
1620 3142 1663 3175 25
1686 3140 1825 3174 masculi
1848 3139 1903 3173 uel
1927 3139 2070 3173 feminae
2094 3141 2126 3174 R
2148 3141 2246 3184 vala]
2280 3152 2337 3176 om.

1265 3187 1379 3222 VTal.
1408 3186 1422 3231 Ι
1449 3186 1589 3219 honeret
1611 3187 1644 3219 R
1675 3186 1688 3229 11
1715 3187 1759 3220 24
1782 3185 1975 3219 conditione
1999 3185 2034 3218 R
2055 3185 2068 3227 1
2098 3186 2231 3220 25—30
2255 3198 2339 3230 quae

1256 3233 1441 3266 seclusimus
1464 3238 1497 3265 ut
1515 3231 1675 3275 ylo-§sema
1699 3233 1821 3265 notavit
1840 3230 1890 3264 R2
1909 3225 2033 3263 ‘vacat'
2056 3231 2218 3270 adiciens;
2246 3232 2338 3265 nimi·

1256 3289 1325 3311 rum
1346 3277 1567 3320 paraphrasis
1594 3277 1718 3320 prioris
1747 3277 1925 3310 sententiae
1953 3288 1992 3309 ex
2014 3275 2147 3309 Iuliano
2173 3276 2277 3320 petita
2304 3277 2338 3310 in

1257 3328 1433 3356 contextum
1458 3320 1620 3365 irrepsitss
1643 3322 1683 3356 27
1707 3320 1739 3354 ei
1757 3320 1857 3365 RTu
1882 3321 1925 3355 28
1949 3320 2013 3362 his]
2037 3321 2084 3354 eis
2109 3321 2142 3354 Τ
2154 3320 2167 3364 11
2192 3321 2235 3356 29
2259 3331 2337 3354 con·

1257 3365 1462 3400 dictionibus
1480 3366 1513 3400 Τ
1520 3366 1532 3387 ¹
1548 3366 1561 3411 11
1585 3367 1627 3401 30
1651 3366 1852 3399 monasteria
1869 3366 1913 3407 R]
1938 3366 2010 3399 siue
2028 3365 2230 3400 monasteria
2250 3364 2339 3400 VT¹

1258 3411 1288 3446 si
1310 3411 1511 3444 monasteria
1537 3412 1587 3446 Τ2
1655 3413 1694 3446 31
1722 3411 1868 3444 assistrie
1892 3411 1926 3444 R
1940 3410 1990 3444 ΤΒ
2021 3410 2148 3444 mistio
2173 3410 2224 3444 Τι
2255 3410 2338 3444 assi-

1258 3457 1356 3490 sterio
1376 3456 1410 3490 V
1459 3457 1503 3491 32
1526 3457 1585 3491 inu
1622 3456 1706 3490 lidus
1721 3457 1772 3490 T⁰
1789 3456 1802 3499 11
1823 3465 1932 3498 neque
1949 3455 2068 3497 R¹T¹1
2092 3465 2161 3488 non
2183 3454 2235 3489 Β*
2249 3453 2339 3490 VT·

1258 3500 1374 3546 υα19.11
1391 3512 1428 3534 so
1443 3502 1511 3535 atio
1531 3505 1642 3536 autem
1671 3500 1749 3546 T¹1
1771 3502 1813 3535 33
1838 3504 1897 3534 aut
1920 3500 2104 3534 diaconi-se
2129 3500 2163 3534 T
