2592 3840
136 95 246 146 12'11211
272 113 572 145 nffmmn'rtm
599 100 803 144 'mamm
1023 92 1026 93 ⁷
1190 96 1277 144 375
1456 90 1459 92 ’
1734 91 1738 94 ’
1987 97 2092 139 Nov.
2126 95 2302 138 LXXIV
2331 100 2355 138 4

134 211 487 261 γαλοποεπεστάτων
517 211 753 259 ι’λλουστρίων
784 209 867 246 οὐδὲ
888 211 1061 258 γίνεσθαι
1091 212 1207 246 ταῦτα
1275 210 1433 246 illustres
1464 220 1579 256 neque
1608 210 1686 246 fieri
1719 210 1808 245 haec
1835 209 1977 245 omnino
2002 207 2177 254 patimur,
2216 207 2279 242 sed
2309 209 2356 243 sit

133 245 321 294 παντελῶς
351 254 575 302 ἀνεχόμεθα,
605 256 686 292 ἀλλ’
712 259 808 292 ἔστω
840 259 988 291 πάντως
1018 259 1078 290 καὶ
1101 255 1208 302 προὶξ
1277 255 1419 291 omnino
1444 260 1482 291 et
1503 256 1568 291 dos
1592 260 1629 291 et
1652 254 1904 300 antenuptialis
1926 253 2071 290 donatio
2089 256 2124 288 et
2147 252 2219 287 alia
2237 253 2355 288 omnia

133 306 194 338 καὶ
224 306 448 349 προγαμιαία
480 301 597 349 δωρεὰ
628 306 688 337 καὶ
712 302 757 337 τὰ
780 301 871 337 ἄλλα
895 299 1018 336 πάντα
1043 298 1111 336 ὅσα
1135 304 1208 335 τοῖς
1276 310 1370 344 quae
1405 301 1611 341 honestiora
1645 301 1750 337 decet
1785 300 1939 336 nomina.
1987 298 2169 343 Quantum
2202 307 2284 333 vero
2317 298 2354 333 in

133 351 357 395 σεμνοτέροις
375 350 504 394 πρέπει
525 349 603 382 τῶν
621 346 823 393 ὀνομάτων.
842 344 962 382 ,Ὅσον
981 344 1023 380 δὲ
1040 348 1081 381 ἐν
1100 357 1206 393 στρα-
1275 345 1411 381 militiis
1436 346 1698 382 honestioribus
1732 348 1769 382 et
1804 345 1955 390 negotiis
1989 349 2025 379 et
2048 344 2191 396 omnino
2215 342 2353 396 profes·-

133 397 245 439 τείαις
267 406 308 427 τε
331 396 560 439 σεμνοτέραις
583 395 643 426 καὶ
666 394 853 440 ἐμπορίαις
874 395 935 425 καὶ
957 390 1048 426 ὅλως
1071 393 1112 426 ἐν
1131 393 1207 426 ἐπι·
1243 394 1263 425 5
1276 390 1439 427 sionibus
1464 391 1683 436 dignioribus
1708 395 1781 435 est,
1817 391 1850 426 si
1872 390 2049 427 voluerint
2071 389 2226 434 leg1t1me
2250 399 2353 424 uxori

132 436 343 481 τηδεῦσεσιν
365 436 660 485 ἀξιολογωτέραις
679 439 791 479 ἐστίν,
814 438 846 472 εἰ
860 435 1027 480 βούλοιτο
1047 440 1207 481 νομίμως
1276 436 1440 481 copulari
1463 439 1500 471 et
1523 447 1595 472 non
1614 437 1735 472 facere
1754 436 1929 482 nuptialia
1949 436 2181 478 documenta,
2205 444 2277 470 non
2302 435 2353 470 sic

131 486 272 530 γυναικὶ
296 482 487 518 συνελθεῖν
510 486 571 517 καὶ
600 483 651 527 μὴ
674 481 902 526 ποιήσασθαι
924 482 1052 529 γάμων
1076 480 1206 527 συμβό-
1277 481 1608 534 quomodocumque
1624 484 1661 517 et
1682 482 1759 518 sine
1775 482 1918 517 cautela
1934 481 2044 516 effuse
2066 484 2104 515 et
2122 481 2199 515 sine
2222 480 2353 531 proba-

133 527 226 569 λαια,
257 527 306 572 μὴ
329 524 442 562 οὕτως
464 529 541 575 εἰκῇ
562 531 622 562 καὶ
645 525 958 576 ἀπαραφυλάκτως
987 531 1047 561 καὶ
1071 529 1205 570 έκκεχυ-
1275 531 1375 562 tione
1406 527 1476 562 hoc
1498 531 1642 570 agatur:
1682 527 1745 563 sed
1767 527 1886 562 veniat
1909 526 1956 562 ad
2002 525 2156 561 uandam
2182 525 2352 561 orationis

131 577 248 618 μένως
267 576 326 607 καὶ
343 570 611 607 ἀναποδείκτως
630 574 737 607 τοῦτο
755 575 962 619 πραττέτω,
981 570 1072 607 ἀλλὰ
1091 585 1120 607 π
1168 585 1205 606 α·
1276 572 1418 608 domum
1440 574 1477 607 et
1499 572 1658 607 fateatur
1682 572 1929 608 sanctissimae
1958 572 1966 579 “
1998 572 2051 607 'us
2084 571 2258 606 ecclesiae
2290 570 2352 606 de-

131 618 295 666 γινὲσθω
311 616 400 664 πρός
414 631 499 652 τινα
517 619 596 652 τῶν
612 616 811 662 εὐκτηρίων
828 619 941 653 οἴκων
958 617 1142 652 κοινωσάσ
1176 630 1206 651 ω
1221 621 1262 652 10
1275 617 1420 660 sensori,
1444 617 1504 652 ille
1529 622 1648 652 autem
1671 618 1846 653 adhibens
1862 622 1936 653 tres
1955 619 2020 653 aut
2035 618 2207 661 quattuor
2225 615 2353 651 exinde

133 677 174 698 τε
198 665 251 707 τῷ
275 664 336 706 τῆς
356 660 556 710 ἁγιωτάτης
588 665 721 707 ἐκείνης
744 662 930 707 ἐκκλησίας
952 661 1094 707 ἐκδίκῳ,
1122 660 1142 697 6
1167 661 1208 697 δὲ
1275 662 1639 698 reverentissimorum
1665 663 1876 698 clericorum
1900 662 2168 698 attestationem
2188 661 2354 697 conficiat

131 707 359 756 παραλαβών
389 711 481 755 τρεῖς
503 707 525 751 ἢ
548 710 724 754 τέσσαρας
751 711 830 744 τῶν
849 710 962 743 ἐκεῖσε
993 707 1205 753 εὐλαβεστά-
1275 707 1533 750 declarantem,
1566 709 1650 752 quia
1674 709 1740 743 sub
1762 708 1822 743 illa
1845 708 2039 744 indictione
2062 707 2123 743 illo
2147 717 2270 742 mense
2292 707 2354 742 illa

132 767 209 788 των
240 752 282 788 κλ
305 755 419 800 ρικῶν
441 755 683 801 ἐκμαρτυρίαν
706 752 912 788 συνιστάτω
937 752 1126 796 δηλοῦσαν,
1158 749 1207 787 αἷς
1276 753 1333 788 die
1356 753 1486 788 mensis
1510 753 1571 788 illo
1592 753 1707 788 nostri
1730 754 1870 797 imperii
1893 764 1987 789 anno
2021 753 2169 789 consule
2198 753 2260 788 illo
2294 763 2351 788 ve-

131 801 192 834 έπὶ
220 800 282 842 τῆς
305 812 322 832 ε
353 799 415 842 τῆς
438 797 679 844 ἐπινεμὴσεως
709 797 815 834 τοῦδε
838 801 902 834 τοῦ
923 798 1036 842 μηνὸς
1057 798 1207 844 ἄγοντος
1274 802 1406 834 nerunt
1428 798 1526 843 apud
1550 808 1631 834 eum
1661 799 1698 834 in
1730 799 1828 834 illam
1851 799 2023 834 orationis
2054 798 2197 834 domum
2226 798 2287 834 ille
2318 802 2354 833 et

81 877 83 879 ,
130 842 244 886 τόσην
277 842 413 890 ἡμέραν
447 845 508 887 τῆς
541 844 725 889 βασιλείας
758 847 859 879 ἔτους
890 844 998 880 τόσου
1033 842 1207 880 ὑπατείας
1220 847 1262 878 15
1273 844 1335 879 illa
1359 850 1395 879 et
1420 843 1602 879 coniuncti
1626 847 1711 879 sunt
1734 844 1907 879 alterutri.
1954 845 2004 879 Et
2034 843 2239 879 huiusmodi
2269 854 2352 888 pro-

130 887 270 924 τοιᾶςδε
307 882 426 933 ἦλθον
466 888 557 936 παρ’
596 889 695 934 αὐτῷ
733 892 773 924 ἐν
806 888 902 934 τῷδε
941 891 995 933 τῷ
1029 887 1205 943 εὐκτηρίφ
1275 890 1503 925 testationem
1544 889 1575 924 si
1614 889 1755 934 quidem
1794 889 1958 934 accipere
1994 890 2120 925 volunt
2155 892 2220 924 aut
2247 890 2352 924 ambo

131 935 218 977 οἴκῳ
240 931 261 968 6
285 932 385 969 δεῖνα
415 937 476 969 καὶ
499 932 522 977 ἡ
545 933 646 969 δεῖνα
674 939 734 969 καὶ
764 935 1076 982 συνηρμόσθησαν
1101 933 1204 978 ἄλλη·
1275 935 1526 970 convenientes
1563 937 1628 969 aut
1659 935 1830 970 alteruter
1857 945 1997 977 eorum,
2033 937 2070 970 et
2092 934 2162 970 hoc
2186 937 2294 979 agant
2318 938 2354 969 et

132 978 212 1014 λοις.
259 982 320 1013 καὶ
338 979 405 1024 τὴν
427 979 600 1024 τοιαύτην
623 982 864 1028 ἐκμαρτυρίαν
895 982 927 1015 εἰ
948 983 1016 1025 μὲν
1040 979 1205 1024 ἐκλαβεῖν
1274 980 1503 1015 subscribant
1534 979 1567 1014 ei
1598 984 1634 1015 et
1662 980 1909 1015 sanctissimae
1933 980 2105 1016 ecclesiae
2129 980 2295 1015 defensor
2319 984 2354 1014 et

130 1024 323 1069 βούλονται
345 1022 367 1069 ἢ
388 1023 586 1072 ἀμφότεροι
607 1025 645 1060 οἱ
666 1025 848 1061 συνιόντες
875 1025 897 1070 ἢ
919 1029 980 1060 καὶ
1004 1028 1122 1071 ἕτερος
1145 1023 1204 1069 αὐ,-
1272 1025 1400 1071 reliqui
1423 1029 1497 1060 tres
1520 1026 1584 1059 aut
1604 1029 1911 1071 quantoscumque
1934 1026 2120 1070 voluerint,
2145 1036 2217 1061 non
2234 1029 2352 1061 tamen

129 1071 219 1112 τῶν,
253 1073 314 1105 καὶ
349 1072 466 1105 τοῦτο-
489 1074 753 1117 πραττέτωσαν
793 1074 853 1106 καὶ
891 1069 1205 1120 ὖπογραφέτωσαν
1217 1072 1260 1105 20
1272 1071 1390 1107 minus
1410 1070 1529 1112 trium,
1554 1070 1682 1106 litteris
1706 1071 1777 1107 hoc
1800 1071 2097 1116 significantibus.

130 1113 246 1163 ταύτῃ
276 1112 298 1150 ὅ
325 1129 365 1150 τε
398 1117 460 1159 τῆς
482 1115 682 1162 ἁγιωτάτης
712 1116 897 1160 ἐκκλησίας
921 1115 1059 1151 &sedam
1089 1119 1150 1150 καὶ
1170 1115 1207 1149 οἱ

131 1159 250 1195 λοιποὶ
286 1164 380 1207 τρεῖς
413 1159 435 1204 ἢ
469 1158 570 1196 ὅσους
607 1160 655 1196 ἂν
687 1161 885 1206 βουληθείη
930 1159 1007 1205 (οὐκ
1039 1160 1206 1196 ἐλάττους

130 1208 254 1250 μέντοι
284 1208 362 1241 τῶν
392 1208 520 1253 τριῶν)
544 1206 737 1253 γράμματα
769 1209 876 1242 τοῦτο
905 1211 1140 1252 σημαίνοντα.

130 1251 155 1287 2
199 1252 247 1285 Εἰ
277 1249 317 1285 δὲ
346 1255 406 1285 καὶ
433 1253 540 1286 τοῦτο
561 1252 611 1296 μὴ
642 1253 818 1300 πράξαιεν
849 1255 994 1294 ἐκεῖνοι,
1025 1249 1116 1286 ἀλλὰ
1138 1250 1204 1286 τὸν
1271 1251 1296 1286 2
1343 1250 1405 1286 Sin
1428 1261 1511 1285 vero
1536 1251 1643 1286 etiam
1672 1251 1740 1286 hoc
1770 1251 1824 1286 illi
1852 1261 1924 1287 non
1955 1252 2111 1296 egerint,
2146 1251 2207 1287 ille
2235 1256 2354 1288 tamen

130 1297 296 1331 τοιοῦτον
325 1294 573 1340 ἀποτιθέσθω
605 1295 741 1344 χάρτην
772 1295 792 1333 6
818 1299 880 1342 τῆς
906 1296 1204 1352 σεβασμιωτάτης
1217 1299 1259 1332 25
1272 1295 1379 1331 talem
1416 1301 1568 1341 reponat
1604 1297 1766 1332 chartam
1799 1297 2012 1332 venerabilis
2046 1298 2140 1332 illius
2179 1298 2354 1333 ecclesiae

131 1340 314 1386 ἐκκλησίας
334 1344 468 1383 ἐκείνης
485 1341 621 1377 ἔκδικος
639 1345 681 1377 ἐν
696 1346 770 1378 τοῖς
788 1345 850 1387 τῆς
873 1341 981 1387 αὐτῆς
1003 1341 1204 1390 αγιωτὰτης
1272 1340 1440 1377 defensor
1470 1342 1508 1376 in
1539 1341 1697 1377 eiusdem
1721 1342 1969 1377 sanctissimae
2000 1343 2175 1378 ecclesiae
2199 1343 2353 1378 archivis

132 1386 315 1430 ἐκκλησίας
336 1385 487 1433 ἀρχείοις
518 1391 716 1429 (τουτέστιν
747 1391 787 1423 ἐν
809 1390 863 1432 τῷ
888 1389 1008 1436 εὖαγεῖ
1027 1387 1203 1433 κειμηλιο-
1272 1387 1356 1429 (hoc
1388 1389 1443 1422 est
1474 1387 1536 1422 ubi
1567 1387 1785 1423 venerabilia
1807 1397 1894 1423 vasa
1927 1392 2127 1430 servantur)
2150 1387 2354 1432 praedictas

131 1430 305 1488 futanda»)
327 1432 390 1467 τὰς
417 1434 602 1479 εἰρημένας
631 1432 913 1478 ὑποσημειώσεις
941 1436 1081 1477 ἔχοντα,
1114 1431 1202 1468 ὥςτε
1273 1432 1554 1477 subscriptiones
1579 1433 1788 1475 habentem,
1822 1436 1864 1468 ut
1886 1433 2109 1469 reconditum
2134 1433 2182 1468 sit
2204 1434 2354 1468 homini-

130 1477 349 1512 αποκεῖσθαι
372 1482 445 1513 τοῖς
471 1477 682 1524 ἀνθρώποις
704 1478 772 1522 τὴν
795 1480 969 1514 ἐντεῦθεν
991 1478 1203 1526 ἀσφάλειαν,
1271 1477 1340 1512 bus
1364 1488 1408 1512 ex
1432 1478 1501 1513 hoc
1524 1479 1716 1519 munimen,
1739 1481 1775 1512 et
1798 1488 1871 1513 non
1895 1478 2000 1513 aliter
2017 1479 2179 1514 videatur
2201 1479 2355 1523 nuptiali

130 1525 190 1556 καὶ
211 1521 261 1567 μὴ
282 1521 398 1558 ἄλλως
420 1522 538 1558 δοκεῖν
558 1525 693 1572 γαμικῇ
715 1523 881 1559 διαθέσει
908 1524 1054 1559 τούτους
1078 1522 1205 1559 αὐτοὺς
1218 1526 1260 1559 30
1273 1523 1404 1558 affectu
1436 1523 1578 1558 eosdem
1608 1523 1816 1559 convenisse
1846 1523 1916 1559 nisi
1951 1523 2023 1559 tale
2059 1523 2194 1569 aliquid
2228 1527 2355 1568 agatur

79 1569 84 1574 “
130 1566 411 1611 συνεληλυθέναι
442 1567 536 1611 πλὴν
567 1570 599 1603 εἰ
621 1569 670 1614 μὴ
691 1569 834 1605 τοιοῦτό
865 1584 902 1604 τι
931 1570 1114 1616 πραχθείη
1144 1573 1205 1603 καὶ
1274 1572 1310 1603 et
1332 1568 1475 1604 omnino
1500 1579 1547 1603 ex
1570 1569 1698 1604 litteris
1725 1578 1835 1604 causa
1858 1569 2100 1605 testimonium
2119 1569 2264 1604 habeat.
2286 1569 2355 1605 His

130 1609 221 1647 ὅλως
244 1615 283 1647 ἐκ
304 1613 528 1660 γραμμάτων
550 1613 594 1649 τὸ
617 1616 766 1662 πρᾶγμα
787 1619 1013 1663 μαρτυροῖτο.
1060 1614 1205 1650 τούτων
1272 1614 1325 1648 ita
1346 1614 1456 1658 gestis
1481 1618 1517 1649 et
1532 1614 1676 1658 nuptias
1693 1615 1731 1649 et
1747 1624 1791 1649 ex
1807 1614 1859 1650 eis
1878 1614 2037 1650 sobolem
2054 1624 2135 1650 esse
2149 1614 2353 1658 legitimam.

130 1656 171 1692 δὲ
192 1654 288 1693 οὕτω
310 1662 515 1705 γενομένων
544 1662 604 1693 καὶ
636 1659 701 1694 τὸν
722 1660 840 1707 γάμον
862 1664 922 1694 καὶ
944 1661 1008 1695 τὰς
1031 1660 1070 1701 ἐξ
1094 1658 1204 1695 αὐτοῦ
1273 1659 1372 1695 Haec
1394 1662 1515 1694 autem
1539 1659 1699 1706 dicimus,
1725 1659 1787 1694 ubi
1810 1670 1883 1695 non
1904 1660 1998 1694 dotis
2016 1662 2081 1694 aut
2099 1660 2355 1705 antenuptialis

130 1702 235 1748 γονὰς
252 1704 345 1738 εἶναι
363 1709 540 1749 νομίμους.
591 1703 710 1740 Ταῦτα
730 1704 773 1739 δέ
789 1719 908 1752 φαμεν
926 1706 1024 1740 ἔνθα
1037 1704 1088 1751 μὴ
1102 1718 1204 1753 προι-
1273 1704 1475 1740 donationis
1509 1704 1553 1739 fit
1587 1705 1852 1740 documentum.
1906 1705 2030 1740 Fidem
2066 1706 2161 1740 enim
2195 1705 2234 1740 in
2269 1706 2356 1741 solis

131 1748 189 1783 κὸς
210 1745 233 1792 ἢ
255 1754 495 1796 προγαμιαίας
527 1748 662 1796 δωρεᾶς
692 1754 832 1798 γίνεται
856 1750 1087 1796 συμβόλαιον.
1136 1750 1204 1794 τὴν
1216 1752 1259 1785 35
1274 1749 1427 1785 testibus
1452 1753 1656 1794 suspectam
1681 1750 1854 1786 habentes
1877 1750 1924 1786 ad
1947 1753 2174 1796 praesentem
2195 1751 2355 1799 venimus

129 1793 198 1840 γὰρ
233 1796 271 1828 ἐκ
302 1793 428 1838 μόνων
456 1793 574 1841 μαρτύ
600 1809 653 1830 ων
686 1800 812 1831 πίστιν
845 1794 1109 1831 ὑποπτεύοντες
1143 1798 1205 1831 ἐπὶ
1273 1795 1552 1840 dispositionem.

130 1839 156 1875 3
199 1838 268 1883 τὴν
295 1841 484 1886 παροῦσαν
518 1839 578 1884 ἐλη
611 1840 744 1885 ’θαμεν
773 1839 1010 1877 διατύπωσιν.
1086 1841 1132 1876 Τὸ
1163 1840 1203 1876 δέ
1269 1840 1297 1877 8
1341 1840 1509 1885 Quisquis
1531 1843 1652 1877 autem
1676 1841 1714 1876 in
1737 1840 1880 1877 abiecta
1903 1841 2000 1885 degit
2022 1841 2106 1876 vita.
2127 1850 2260 1886 parvae
2278 1841 2356 1886 qui-

130 1881 217 1918 ὅσον
250 1886 291 1918 έν
323 1889 679 1932 καταπεφρονημένῳ
716 1885 821 1934 διαζῇ
856 1891 941 1931 βίῳ,
975 1888 1101 1932 μικρᾶς
1134 1889 1202 1931 μὲν
1271 1886 1351 1921 dem
1386 1886 1610 1922 substantiae
1646 1886 1809 1922 dominus
1846 1886 2046 1922 consistens
2089 1887 2127 1921 in
2163 1887 2356 1922 novissima

131 1929 404 1985 obatasytipm
433 1931 624 1966 καθεστὼς
654 1933 702 1966 εἰς
732 1934 886 1975 ἔσχατον
914 1931 962 1986 ἱδὲ
991 1934 1056 1967 τοῦ
1089 1930 1202 1987 δῄμου
1270 1941 1353 1967 vero
1368 1931 1463 1967 vitae
1480 1934 1583 1985 parte
1598 1932 1732 1974 iacens,
1754 1931 1888 1985 habeat
1904 1932 2011 1968 etiam
2032 1932 2068 1966 in
2085 1932 2141 1967 his
2157 1932 2350 1968 licentiam.

130 1986 500 2056 2332„?“‘2’‘2⁶2‘t⁸5.2,⁰3‚=
520 1979 1203 2069 ἶὲἔζζοὲἑῖωσῆἴτῖωῗαέπένῖᾘὲῗ
1215 1979 1258 2012 ‘³⁰
1271 1977 1676 2067 &assistas
1698 1982 1772 2058 ιῗὲἑ
1797 1978 2355 2064 ἒῗιὶἳῗῑοῗαωεῗοίἰεὲἓὲὶὲῗ

130 2061 190 2098 οὓς
217 2063 238 2099 6
269 2062 377 2109 νόμος
406 2064 615 2112 καλιγάτους
643 2066 757 2109 καλεῖ,
788 2070 976 2102 τουτέστιν
1006 2065 1201 2102 εὗτελεστέ-
1271 2078 1343 2103 11011
1366 2070 1652 2112 perscrutamur,
1689 2068 1819 2112 quibus
1852 2068 2008 2104 civilium
2033 2078 2225 2103 causarum
2254 2069 2355 2114 igno-

95 2146 100 2150 ,
131 2121 210 2155 ρους
237 2114 298 2144 καὶ
322 2109 599 2157 ἇφανεστέρους,
630 2112 960 2159 περιεργαζόμεθα,
993 2112 1044 2146 οἷς
1071 2111 1094 2155 ἡ
1124 2113 1203 2146 τῶν
1272 2112 1364 2148 ratio
1388 2113 1445 2148 est
1467 2116 1504 2148 et
1526 2113 1637 2148 solius
1662 2113 1760 2149 circa
1788 2117 1922 2149 terram
1953 2113 2173 2159 operationis
2199 2117 2236 2150 et
2259 2115 2356 2150 circa

131 2154 330 2190 πολιτικῶν
352 2154 578 2202 πραγμάτων
599 2153 749 2200 ἀμαθία·
775 2161 835 2191 καὶ
857 2156 880 2200 ἡ
903 2155 1013 2202 μόνης
1035 2159 1096 2200 τῆς
1119 2160 1202 2202 περὶ

131 2198 200 2243 τὴν
220 2201 290 2247 γῆν
312 2202 479 2247 ἐργασίας
510 2204 571 2235 καὶ
599 2205 684 2248 περὶ
713 2201 796 2236 τοὺς
821 2201 994 2247 πολέμους
1026 2203 1207 2245 ἐπιθυμία
1221 2205 1264 2237 45

132 2338 276 2370 nostros
290 2339 327 2369 et
342 2335 713 2380 maqnificentissimos
731 2335 890 2371 illustres
903 2340 988 2371 sunt
1006 2346 1050 2371 ca
1073 2347 1118 2372 ne
1134 2336 1218 2381 fieri
1268 2335 1383 2371 uidem
1401 2335 1474 2370 ullo
1495 2334 1605 2386 modo
1620 2335 1888 2387 patmum-sed
1904 2339 1981 2371 esto
2007 2337 2154 2372 omnino
2178 2342 2215 2373 et
2233 2337 2301 2373 dos
2321 2346 2358 2374 et

133 2386 218 2432 ante
232 2380 388 2459 ,ῃιιῖιίαε
409 2379 559 2433 donatio
582 2385 617 2415 et
639 2380 780 2431 reliqua
804 2380 925 2432 omnia
956 2391 1214 2433 quaecumque.
1256 2384 1359 2416 ecent
1385 2379 1595 2431 honestiora
1622 2380 1694 2432 ylla·
1718 2391 1876 2432 nomana.
1924 2380 2146 2433 Quicumque
2170 2386 2290 2434 autem
2318 2383 2380 2437 in·⁶

134 2424 272 2460 milatus
319 2424 555 2460 onesuoribus
577 2430 613 2460 et
635 2425 941 2471 neqottattontbus
964 2430 1001 2460 et
1023 2436 1167 2461 ommno
1199 2437 1238 2460 tn
1267 2425 1563 2472 professionibus
1591 2425 1820 2472 deqmorebus
1851 2430 2036 2468 versatur,
2066 2438 2098 2462 st
2130 2438 2242 2463 uxore
2270 2429 2356 2475 lequ-

71 2487 74 2490 ⁴
135 2469 218 2505 time
248 2469 311 2504 iun
344 2469 351 2476 “
379 2480 495 2516 neque
516 2470 727 2516 nuptiarum
756 2471 994 2506 instrumenta
1015 2471 1142 2515 facere
1166 2470 1265 2513 velit,
1301 2481 1346 2506 ne
1370 2475 1501 2506 temere
1529 2474 1566 2506 et
1586 2471 1663 2505 sine
1686 2470 1830 2506 cautela
1853 2476 1890 2507 et
1911 2471 2086 2508 dissolute
2108 2477 2145 2508 et
2167 2474 2246 2509 sine
2261 2485 2355 2520 pro-

132 2514 279 2549 batione
326 2525 369 2549 oc
392 2518 500 2560 aqat,
534 2514 599 2550 sed
617 2514 727 2550 adeat
749 2526 858 2550 unum
888 2526 939 2551 ex
969 2516 1142 2551 oratoriis
1172 2527 1319 2562 remque
1350 2526 1429 2550 cum
1452 2515 1703 2551 sanctissimae
1725 2515 1823 2550 illius
1847 2516 2020 2552 ecclesiae
2043 2517 2238 2563 defensore
2261 2530 2355 2555 com-

134 2559 307 2601 municet,
342 2563 450 2605 atque
471 2559 504 2594 is
526 2559 696 2595 adhibitis
721 2560 835 2595 tribus
857 2560 913 2596 vel
934 2565 1109 2607 quattuor
1130 2561 1416 2607 reliqiosissimis
1438 2560 1578 2596 clericis
1602 2560 1701 2596 illius
1730 2560 1803 2596 loci
1840 2562 2064 2598 testationem
2089 2564 2261 2608 conficiat
2283 2576 2357 2616 qua

133 2603 293 2640 declaret
316 2603 386 2640 hac
407 2604 604 2640 indictione
622 2604 692 2640 hoc
714 2616 832 2641 mense
854 2604 924 2640 hoc
946 2605 1004 2640 die
1027 2606 1157 2641 mensis
1181 2605 1249 2641 hoc
1272 2617 1370 2640 anno
1390 2607 1438 2641 im
1467 2606 1534 2641 erii
1563 2605 1633 2641 hoc
1664 2606 1813 2641 consule
1835 2606 1886 2641 ad
1914 2618 1954 2642 se
1983 2608 2021 2642 in
2053 2607 2121 2644 hoc
2152 2614 2354 2645 oratorium

132 2649 268 2685 vertisse
289 2649 390 2685 illum
411 2654 448 2685 et
469 2649 569 2685 illam
599 2655 635 2686 et
664 2650 759 2685 inter
787 2661 827 2685 se
857 2650 1048 2697 copulatos
1070 2661 1155 2686 esse.
1204 2650 1254 2686 Et
1283 2651 1418 2686 eiusmo
1445 2652 1459 2685 i
1492 2651 1715 2686 testationem
1745 2651 1923 2697 siquidem
1952 2653 2119 2699 accipere
2147 2654 2258 2690 velint
2281 2656 2356 2691 sive

132 2693 236 2729 ambo
259 2694 513 2731 contrahentes
533 2696 608 2730 sive
630 2695 739 2731 etiam
763 2696 937 2731 alteruter
960 2707 1104 2738 eorum,
1139 2695 1209 2731 hoc
1238 2701 1353 2742 aqant
1383 2697 1487 2742 eique
1509 2695 1739 2732 subscribant
1760 2702 1797 2731 et
1826 2698 2077 2734 sanctissimae
2101 2699 2273 2736 ecclesiae
2296 2700 2354 2737 de-

130 2739 261 2784 fensor
277 2743 314 2775 et
329 2739 461 2785 reliqui
481 2744 554 2775 tres
572 2740 628 2775 vel
648 2744 888 2786 quotcumque
912 2741 1065 2777 voluerit
1087 2744 1174 2783 (non
1197 2741 1315 2776 minus
1339 2746 1456 2776 tamen
1481 2752 1589 2787 quam
1614 2746 1699 2783 tres)
1724 2741 1866 2777 litteras
1888 2742 1929 2778 id
1950 2743 2070 2790 ipsum
2093 2744 2126 2779 si
2153 2745 2353 2790 nificantes.

130 2785 155 2820 2
202 2783 246 2819 Si
267 2795 350 2820 vero
373 2795 418 2820 ne
441 2784 509 2820 hoc
532 2785 674 2831 quidem
696 2785 750 2820 illi
773 2797 793 2822 e
819 2785 930 2828 erint,
957 2791 1073 2821 tamen
1097 2786 1270 2821 eiusmodi
1293 2785 1455 2822 chartam
1479 2787 1640 2833 deponat
1661 2787 1889 2823 venerandae
1911 2789 2084 2825 ecclesiae
2107 2756 2207 2826 iliius
2229 2790 2355 2836 defen-

131 2840 195 2864 sor
216 2829 255 2864 in
276 2829 433 2881 eiusdem
455 2831 702 2866 sanctissimae
723 2797 893 2866 ecclisiae
916 2830 1073 2867 archivis
1087 2830 1169 2874 (hoc
1187 2837 1241 2866 est
1263 2831 1302 2866 in
1321 2842 1427 2867 sacro
1446 2831 1527 2867 loco
1546 2832 1608 2867 ubi
1623 2843 1712 2867 vasa
1734 2836 1939 2876 servantur)
1962 2845 2056 2880 quae
2071 2835 2356 2882 subscriptiones

132 2885 224 2921 quas
246 2874 406 2910 duximus
427 2873 575 2917 habeat,
598 2879 641 2910 ut
660 2881 863 2911 reservetur
885 2875 1087 2912 hominibus
1109 2877 1286 2912 securitas
1316 2888 1410 2923 quae
1439 2877 1523 2912 incle
1552 2882 1712 2923 paratur
1741 2889 1829 2914 neve
1851 2878 1958 2914 aliter
1981 2879 2175 2915 videantur
2197 2882 2356 2927 nuptiali

131 2919 267 3000 «βάτα
295 2919 351 2954 illi
381 2919 454 2966 ipsi
483 2921 688 2956 convenisse
718 2921 788 2956 nisi
818 2921 908 2967 quid
936 2921 1113 2957 eiusmodi
1140 2922 1283 2967 factum
1314 2923 1363 2957 sit
1384 2926 1420 2957 et
1443 2933 1501 2957 res
1525 2922 1671 2958 omnino
1694 2934 1744 2958 ex
1767 2923 1898 2959 litteris
1922 2926 2161 2961 testimonium
2186 2926 2354 2972 accipiat.

169 2965 203 3000 is
224 2968 343 3000 autem
365 2965 418 3000 ita
439 2965 554 3010 factis
576 2970 612 3000 et
630 2966 780 3012 nuptiae
800 2970 838 3002 et
857 2966 982 3013 proles
1003 2978 1053 3002 ex
1075 2977 1117 3002 eo
1138 2971 1336 3013 procreata
1360 2967 1540 3013 leqitimae
1554 2968 1638 3003 sint.
1688 2967 1790 3004 Haec
1804 2979 1890 3004 vero
1908 2970 2060 3006 dicimus
2079 2970 2140 3006 ubi
2160 2971 2298 3006 nullum
2309 2971 2355 3015 fit

132 3009 227 3044 dotis
248 3013 313 3044 aut
330 3010 590 3056 antenuptialis
612 3010 820 3046 donationis
842 3012 1125 3048 instrumentum.
1175 3011 1260 3048 Cum
1281 3013 1373 3047 enim
1390 3023 1470 3048 eam
1516 3024 1586 3048 uae
1601 3024 1626 3048 a
1640 3013 1731 3049 solis
1754 3013 1902 3050 testibus
1916 3019 2131 3061 praestatur
2151 3015 2258 3060 fidem
2281 3026 2353 3061 pro

132 3054 158 3090 3
188 3058 368 3105 ‘wacta
390 3053 584 3091 habeamus
606 3055 656 3091 ad
673 3060 900 3102 praesentem
923 3057 1082 3092 venimus
1104 3057 1406 3093 constitutionem.
1519 3058 1659 3104 uisquis
1681 3062 1801 3094 autem
1824 3058 2000 3095 abiectam
2024 3060 2126 3107 deqit
2147 3061 2267 3101 vitam,
2291 3060 2355 3105 qui

134 3098 274 3143 quadem
295 3103 330 3135 et
351 3099 508 3146 eaeiquae
528 3100 750 3136 substantiae
773 3101 939 3136 dominus
968 3103 1018 3138 sit
1046 3107 1083 3137 et
1111 3102 1150 3137 in
1174 3102 1297 3146 infima
1319 3102 1435 3148 plebis
1455 3108 1564 3150 parte
1585 3107 1787 3147 censeatur,
1810 3104 1874 3140 ille
1895 3105 1935 3140 in
1964 3104 2022 3140 his
2041 3116 2184 3151 quoque
2208 3104 2352 3139 licentia

134 3146 268 3195 utatur.
312 3142 386 3179 Sed
404 3155 449 3180 ne
467 3146 621 3181 rusticos
639 3146 781 3192 quidem
796 3146 958 3183 homines
976 3158 1092 3194 neque
1110 3147 1240 3182 milites
1258 3149 1297 3182 in
1313 3149 1425 3183 armis
1445 3154 1652 3195 occupatos,
1676 3159 1770 3194 quos
1794 3149 1856 3185 lex
1873 3150 2053 3197 caliqatos
2074 3154 2190 3190 vocat,
2216 3148 2285 3183 lzoc
2300 3152 2354 3183 est

134 3187 278 3223 mlieres
299 3192 334 3223 et
357 3188 600 3233 obscur-iores,
634 3202 835 3234 moramur,
870 3192 1000 3237 quibus
1034 3192 1189 3229 civilium
1220 3203 1342 3228 rerum
1373 3193 1585 3239 iqnorantia
1615 3198 1650 3228 et
1674 3194 1790 3229 solius
1814 3205 1949 3241 operae
1984 3195 2022 3229 in
2046 3199 2165 3230 terrae
2190 3193 2287 3228 cultu
2317 3196 2354 3228 et

194 3323 215 3356 8
233 3323 302 3373 ,κᾳὶ
330 3323 573 3367 ἐκκεχυμένως]
605 3328 664 3358 καὶ
688 3339 746 3360 οη..
770 3339 789 3362 ς
817 3327 830 3370 ιι
858 3329 898 3361 15
922 3328 983 3369 τῆς
1008 3327 1207 3371 βασιλείας]
1278 3329 1331 3361 die
1350 3330 1404 3372 Vn
1425 3330 1464 3363 13
1483 3329 1591 3362 nostri
1608 3329 1669 3362 1110
1683 3329 1817 3371 imperii
1834 3330 1885 3361 Ra
1908 3328 1969 3359 ino
1992 3327 2124 3369 imperii
2148 3327 2254 3359 nostri
2271 3325 2323 3359 Β»
2340 3327 2353 3370 11

137 3370 244 3399 nostri
266 3368 397 3409 imperii
421 3380 440 3404 ς
456 3368 470 3411 fl
494 3371 536 3403 19
559 3365 682 3415 ἅτερος
705 3372 797 3405 malit
807 3372 995 3406 Zachariae
1010 3372 1023 3413 ΙΙ
1042 3375 1085 3407 24
1108 3371 1208 3415 ἀλλὰ]
1279 3375 1410 3407 uenerit
1425 3374 1505 3417 1¹²1]
1525 3376 1567 3408 14
1583 3374 1655 3415 ille]
1677 3378 1710 3406 et
1729 3374 1788 3406 ille
1801 3373 1850 3406 ΒΞ
1866 3374 1878 3415 ΙΙ
1899 3374 1938 3406 15
1952 3372 2098 3404 conuicti
2111 3371 2171 3414 Ru
2191 3373 2232 3404 17
2247 3375 2354 3413 agunt

140 3411 199 3444 ille
220 3414 330 3444 tamen
352 3423 373 3448 ς
399 3411 414 3455 l
441 3414 485 3447 33
508 3410 550 3447 δὲ
570 3427 628 3448 om.
642 3427 662 3451 ι-
691 3416 704 3458 n
737 3417 779 3450 39
802 3417 866 3450 τοῦ
891 3413 1015 3460 δήμου]
1038 3419 1128 3452 vitae
1151 3431 1171 3455 ς
1198 3420 1209 3462 ¹13
1279 3422 1312 3451 et
1334 3419 1546 3452 subscribunt
1563 3419 1595 3451 R
1610 3419 1622 3458 u
1651 3421 1692 3452 19
1717 3421 1797 3458 non]
1821 3420 1854 3450 et
1877 3427 1944 3450 non
1967 3416 2002 3448 R
2019 3416 2031 3458 n
2055 3417 2098 3449 24
2122 3418 2262 3457 egerunt
2285 3417 2318 3449 R
2339 3416 2354 3461 ι

141 3457 186 3490 42
209 3454 438 3501 “ssu‘yd‘wv‘
460 3458 506 3491 Μ
1172 3485 1174 3487 >
1279 3465 1322 3498 25
1346 3464 1446 3496 talem
1470 3466 1633 3507 reponant
1656 3464 1707 3496 R¹
1740 3466 1878 3504 reponat
1902 3461 2000 3493 talem
2034 3460 2067 3492 V
2088 3460 2101 3504 ΙΙ
2139 3461 2182 3494 28
2206 3461 2351 3493 homini-

1278 3509 1340 3541 bus
1365 3508 1589 3550 T]·omnibus
1612 3507 1711 3551 RV„
1737 3509 1778 3540 29
1803 3516 1921 3538 nomen
1943 3504 2024 3548 1⁷¹1}
2050 3506 2094 3538 33
2119 3504 2261 3538 diximus
2284 3506 2319 3538 R
2340 3505 2353 3550 ss

1278 3556 1357 3586 ante
1379 3554 1513 3596 nuptias
1533 3554 1566 3586 V
1579 3553 1591 3595 ΙΙ
1606 3554 1651 3586 34
1675 3551 1762 3584 enim
1783 3551 1845 3583 del.
1860 3549 1933 3592 13²1]
1953 3551 1994 3582 37
2018 3549 2146 3582 adiecta
2164 3550 2214 3582 Β*
2232 3550 2245 3594 fl
2260 3550 2352 3592 diget

190 3591 211 3623 2
235 3588 302 3621 alia
321 3589 428 3631 Beck]
458 3590 499 3622 ad
524 3591 599 3625 libri
619 3592 634 3634 Ι
659 3595 679 3627 5
703 3594 848 3627 voluerit
870 3596 957 3639 vulq.
980 3594 993 3638 fl
1022 3597 1043 3629 6
1067 3597 1213 3639 nuptiali
1279 3598 1314 3631 R
1337 3598 1434 3639 deget
1450 3599 1483 3631 T
1501 3597 1514 3641 ΙΙ
1543 3599 1586 3631 39
1606 3600 1698 3640 parte
1717 3595 1786 3628 uite
1801 3594 1834 3627 R
1856 3594 1869 3638 fl
1895 3596 1938 3628 40
1956 3593 2119 3635 agricolas
2138 3594 2238 3639 only]
2262 3597 2351 3637 agri-

104 3654 106 3656 >
141 3634 205 3676 R!
232 3636 250 3667 Ἰ
276 3635 375 3667 effuse
399 3636 443 3675 et]
468 3637 500 3668 et
523 3648 582 3670 οπι.
601 3636 665 3680 V}
691 3640 711 3673 8
736 3642 813 3681 agat
836 3639 951 3683 moly..
979 3642 1018 3674 11
1043 3642 1212 3675 atestatio-
1280 3642 1530 3685 oolamRVTu
1548 3644 1587 3675 41
1608 3639 1826 3682 calligatosR
1848 3639 2007 3681 coligatos
2022 3639 2055 3672 T
2061 3639 2073 3659 ¹
2098 3638 2113 3684 Ι
2138 3640 2182 3674 42
2202 3650 2270 3672 11011
2291 3654 2349 3674 om.

142 3689 217 3711 nem
236 3679 270 3712 R
293 3679 487 3713 ate-tatione
506 3681 546 3722 V,
563 3693 620 3714 om.
636 3682 668 3715 Τ
675 3683 687 3703 ¹
705 3683 718 3726 Ι
735 3684 776 3718 12
796 3684 962 3717 inditione
981 3685 1135 3729 RVT¹1
1152 3686 1213 3718 illo
1280 3687 1385 3729 υιι19.;
1411 3688 1471 3730 leq.
1496 3686 1580 3718 nos?
1606 3686 1619 3728 u
1641 3683 1831 3726 ignorantia
1853 3685 1941 3728 vulq.
