2592 3840
190 98 298 143 Nov.
328 98 455 142 XXII
485 101 551 143 44.
583 103 637 142 45

190 207 439 252 διδόσθωσαν,
464 211 495 244 εἰ
514 213 580 255 μὲν
604 209 803 245 ἐνστάσεως
826 209 878 252 εἴη
897 211 1001 255 μέρος
1024 206 1047 252 ἢ
1065 213 1256 256 πρεσβεῖον

190 258 263 297 τρῖς
294 253 523 300 κληρονόμοις
557 253 579 298 ἢ
619 252 928 290 ὑποκαταστάτοις
962 251 984 296 ἢ
1020 256 1166 289 ἐκείνοις
1200 253 1250 301 άφ

193 299 246 334 ὡν
281 301 397 334 ταῦτα
431 300 725 335 καταλέλειπται·
765 300 796 332 εἰ
830 301 956 343 μέντοι
996 299 1120 334 mortis
1156 309 1266 335 causa

192 344 327 391 δωρεά,
357 345 503 380 πάντως
531 349 604 379 τοῖς
631 342 869 391 κληρονόμοις.
923 344 971 377 Εἰ
995 341 1036 378 δὲ
1058 344 1097 385 ἐξ
1125 340 1269 387 ὁλοκλή-

192 403 255 436 ρου
286 388 378 423 κατὰ
407 389 580 433 τοιαύτην
611 391 749 435 αἵρεσιν
778 392 931 436 γραφείη
963 400 1017 423 τις
1046 388 1270 434 κληρονόμος,

147 469 150 472 ,
191 438 265 469 τοῖς
287 432 613 476 ὑποκαταστάτοις,
643 435 714 480 εἴγε
737 433 826 475 εἷεν,
858 431 880 476 ἢ
904 432 1053 468 πάντως
1079 435 1169 479 γοῦν
1198 437 1271 468 τοῖς

192 480 231 520 ἐξ
254 476 451 514 ἀδιαθέτου
480 479 568 527 πρὸς
598 479 665 513 τὸν
694 477 825 524 κλῆρον
854 477 1083 522 καλουμένοις
1104 479 1271 513 τοιαύτας

191 523 387 570 ἀσφαλείας
419 528 622 569 παρεχέτω,
658 524 717 557 ἵνα
747 520 987 565 πανταχόθεν
1022 519 1042 558 ὁ
1075 522 1182 568 νόμος
1208 526 1270 571 ἔχῃ

191 569 259 610 τὴν
282 571 418 603 οἰκείαν
440 568 656 612 τελειότητα.
702 567 797 610 πλὴν
821 568 852 601 εἰ
880 567 931 612 μὴ
960 566 1127 603 πολλάκις
1149 565 1169 603 ὁ
1193 567 1272 603 δια-

1270 93 1346 144 180

2148 112 2208 144 ΒΕ
2236 113 2413 147 NUPTIIS

1336 211 1569 246 institutionis
1593 211 1640 245 sit
1658 221 1743 255 pars
1767 214 1830 246 aut
1846 210 2011 254 legatum,
2034 210 2226 248 heredibus
2243 215 2309 248 aut
2327 213 2413 249 sub-

1339 255 1476 291 stitutis
1499 260 1564 291 aut
1586 256 1656 292 illis
1672 255 1728 301 (a)
1744 256 1873 300 quibus
1898 258 1987 291 haec
2008 256 2135 291 relicta
2157 259 2258 301 sunt;
2283 258 2315 293 si
2335 258 2414 303 qui-

1334 301 1413 335 dem
1435 302 1561 337 mortis
1586 311 1697 336 causa
1717 302 1873 344 donatio,
1898 300 1994 336 omni
2012 301 2118 336 modo
2138 302 2339 338 heredibus.
2376 302 2414 339 Si

1338 356 1420 380 vero
1446 355 1490 380 ex
1513 356 1596 381 asse
1619 347 1815 381 secundum
1845 346 1954 380 talem
1983 346 2226 382 condicionem
2256 347 2415 383 conscri-

1307 394 1326 425 5
1341 391 1446 425 batur
1469 390 1548 435 quis
1572 391 1691 432 heres,
1717 391 1938 433 substitutis,
1963 391 1992 426 si
2016 390 2158 432 fuerint,
2183 394 2248 427 aut
2270 393 2415 428 omnino

1338 435 1394 469 his
1419 437 1479 479 qui
1503 436 1549 471 ab
1573 436 1743 471 intestato
1767 436 1813 471 ad
1832 435 2066 471 hereditatem
2084 440 2268 478 vocantur,
2290 437 2415 473 huius-

1338 480 1434 515 modi
1457 481 1726 516 observationes
1748 483 1992 525 praestentur,
2027 484 2069 516 ut
2090 481 2247 525 undique
2270 482 2329 517 lex
2350 482 2415 516 ha-

1338 525 1423 560 beat
1452 526 1634 570 propriam
1690 526 1930 561 erfectionem.
1976 525 2056 561 Nisi
2086 526 2180 561 forte
2209 530 2361 562 testator
2380 530 2417 562 et

1338 570 1407 604 hoc
1431 570 1632 614 praecipiat
1682 570 1777 606 'cens
1801 570 1982 606 licentiam
2006 571 2139 606 habere
2169 581 2251 606 eum
2274 572 2335 607 cui
2357 571 2416 607 de-

191 615 346 668 {e'uevos
368 618 428 648 καὶ
448 616 555 648 τοῦτο
580 615 783 667 ἐπιτρέψειε
807 611 924 664 φήσας
944 611 1072 647 ἄδειαν
1090 616 1186 669 ἔχειν
1204 613 1271 649 τὸν
1287 617 1326 650 10
1338 614 1481 659 reliquit
1508 614 1581 650 sive
1608 624 1673 659 per
1700 615 1960 651 institutionem
1987 616 2241 660 particularem
2272 616 2347 652 sive
2371 626 2417 652 ex

192 673 222 702 ῳ
255 658 511 694 καταλέλοιπεν
541 658 563 701 ἢ
592 671 660 701 την
682 660 857 691 ἔνστασιν
887 671 955 701 την
1007 672 1128 703 ερικην
1155 672 1180 710 ῃ
1203 658 1270 702 τὴν

193 705 231 744 ἐξ
251 702 456 750 ὁλοκλήρου,
490 701 511 746 ἢ
533 703 574 737 τὸ
598 705 790 756 πρεσβεῖον
813 703 836 745 ἢ
862 701 906 737 τὸ
930 673 1227 757 φιδιεριόμιιισσον
1249 700 1272 747 ἢ

192 749 259 791 τὴν
283 754 405 784 mortls
431 759 541 783 causa
565 746 717 793 δωρεαν,
747 750 808 781 καὶ
832 746 958 791 λαβεῖν
980 762 1023 783 το
1043 740 1271 792 καταλελειμ-

191 797 301 836 μένον
313 797 371 827 καὶ
382 792 561 837 μηδεμίαν
578 790 779 837 ἀσφάλειαν
798 791 953 828 διδόναι.
985 795 1185 836 τηνικαῦτα
1203 793 1272 841 γὰρ

1338 669 1435 702 asse,
1468 662 1532 694 aut
1556 670 1620 703 per
1642 660 1798 704 legatum
1820 661 1875 695 vel
1897 660 2227 703 fideicommissum,
2256 661 2329 697 sive
2351 671 2417 706 per

1338 705 1464 739 mortis
1501 714 1613 740 causa
1644 704 1890 748 donationem,
1926 710 1963 740 et
1993 706 2157 750 accipere
2188 707 2283 750 quod
2315 707 2416 742 dere-

1339 749 1463 783 lictum
1486 751 1543 784 est
1573 751 1610 783 ct
1633 750 1765 783 nullam
1790 751 1968 784 cautelam
1992 750 2095 803 darei
2133 755 2220 786 tunc
2244 751 2337 786 enim
2360 761 2415 787 se-

1340 794 1482 837 quenda
1505 797 1560 829 est
1585 793 1743 829 defuncti
1762 795 1937 830 voluntas.
1981 795 2096 830 Studii
2116 795 2210 830 enim
2227 795 2343 831 nostri
2361 800 2417 831 est

191 837 512 890 cixokovstnqeov‘rq}
533 839 596 871 τοῦ
608 836 888 880 τελευτήσαντος
927 837 1043 892 νώμῃ.
1078 838 1270 886 περισπού-
1287 841 1326 873 15
1340 839 1588 873 defunctorum
1613 848 1825 874 conservare
1849 840 2043 875 secundum
2066 841 2179 884 legem
2203 842 2413 876 voluntates.

191 882 327 916 δαστον
355 896 422 929 γαρ
450 886 535 926 ημῖν
564 884 642 916 ἐστι
667 881 729 916 τὰς
753 885 833 917 τῶν
856 895 897 917 τε
936 896 1114 918 υτωντων
1140 883 1269 930 φυλάτ-

191 941 268 961 τειν
289 928 379 971 μετὰ
402 928 465 961 τοῦ
489 926 601 971 νόμου
624 926 819 971 βουλήσεις.

1154 995 1311 1032 CAPUT
1335 995 1447 1032 XLV.

239 1059 384 1104 Ἐπειδὴ
410 1060 451 1095 δὲ
481 1064 598 1109 μικρῷ
632 1061 798 1109 πρόσθεν
837 1063 884 1098 τὰ
913 1067 996 1108 περὶ
1024 1065 1085 1107 τῆς
1116 1062 1271 1108 φυλακῆς
1391 1063 1441 1097 Et
1464 1063 1547 1107 quia
1570 1074 1696 1108 parum
1721 1063 1843 1099 addita
1868 1064 1913 1100 de
1936 1065 2077 1100 cautela
2100 1075 2219 1101 rerum
2242 1065 2418 1101 ediximus

188 1109 266 1141 τῶν
296 1105 521 1153 πραγμάτων
553 1107 732 1154 ἐλέγομεν,
751 1112 812 1142 καὶ
842 1108 910 1151 τὴν
933 1111 1095 1143 Λέοντος
1123 1107 1271 1142 ἐπιστά-
1339 1110 1376 1143 et
1406 1108 1539 1143 Leonis
1571 1109 1733 1144 novimus
1773 1109 1875 1145 divae
1905 1110 2096 1145 memoriae
2128 1109 2418 1146 constitutionem

187 1151 288 1195 μεθα
310 1153 374 1185 τοῦ
397 1153 460 1194 τῆς
479 1149 645 1196 εὐσεβοῦς
669 1151 800 1196 λήξεως
823 1151 988 1194 διάταξιν
1011 1156 1072 1187 ἐπὶ
1095 1154 1175 1187 τῶν
1194 1151 1269 1187 δευ-
1283 1156 1325 1188 20
1339 1153 1384 1188 de
1416 1153 1583 1189 secundis
1610 1154 1763 1198 nuptiis,
1796 1155 1827 1189 si
1857 1154 1905 1189 ad
1931 1165 1993 1190 eas
2023 1155 2166 1190 veniens
2197 1156 2322 1190 mulier
2343 1165 2418 1190 non

188 1199 305 1242 τέρων
334 1196 481 1243 γάμων,
512 1198 613 1244 εἴπερ
644 1195 666 1241 ἡ
697 1199 787 1243 πρὸς
813 1197 960 1232 τούτους
991 1197 1152 1232 ἐλθοῦσα
1180 1197 1270 1244 γυνὴ
1339 1198 1456 1233 valeat
1479 1198 1565 1233 dare
1588 1198 1826 1235 fideIussionis
1848 1200 2025 1234 cautelam
2049 1200 2132 1244 quia
2150 1200 2232 1235 filiis
2250 1200 2420 1235 restituat

187 1241 236 1285 μὴ
269 1240 443 1285 δυνηθείη
474 1240 601 1276 δοῦναι
637 1243 705 1286 τὴν
737 1243 777 1283 ἐξ
816 1241 939 1296 ἐγγύης
972 1240 1172 1289 ἀσφάλειαν
1202 1242 1270 1285 τὴν
1338 1253 1413 1285 res,
1439 1243 1579 1278 tertiam
1603 1248 1741 1288 partem
1765 1246 1981 1280 centesimae
2003 1245 2204 1289 accipiens:
2239 1255 2306 1280 nos
2331 1254 2417 1280 cau-

188 1284 244 1320 ὅτι
263 1290 337 1321 τοῖς
359 1290 489 1321 παισὶν
511 1285 787 1331 ἀποκαθίστησι
816 1301 862 1322 τα
885 1287 1097 1335 πράγματα,
1128 1287 1171 1322 τὸ
1195 1292 1268 1334 τρί-
1339 1298 1415 1323 sam
1446 1287 1566 1323 adhuc
1595 1289 1720 1323 melius
1753 1289 1799 1324 ab
1832 1298 1876 1323 ea
1899 1290 2163 1334 constituimus3
2199 1290 2295 1335 quod
2325 1290 2418 1324 enim

187 1345 253 1365 τον
270 1336 374 1377 μέρος
397 1333 458 1375 τῆς
481 1333 673 1376 ἑκατοστῆς
697 1330 912 1378 λαμβάνειν,
938 1332 1034 1378 ἡμεῖς
1052 1331 1095 1367 τὸ
1119 1333 1269 1380 πρᾶγμα
1338 1343 1446 1377 super
1470 1333 1550 1377 hoc,
1575 1334 1720 1368 statutis
1746 1337 2006 1379 competentem
2036 1334 2230 1371 adiecimus
2259 1334 2416 1371 subdivi-

187 1378 242 1410 ἔτι
258 1375 402 1411 κάλλιον
421 1375 599 1422 ἐτάξαμεν
617 1381 692 1412 τοῖς
713 1375 805 1421 παρ’
829 1380 965 1421 ἐκείνης
983 1377 1026 1412 τό
1045 1391 1085 1425 γε
1105 1380 1165 1412 ἐπὶ
1188 1376 1267 1412 τού·
1282 1380 1324 1413 25
1338 1378 1484 1414 Sionem.

187 1435 241 1464 τῳ
272 1425 499 1468 τεταγμένοις
536 1422 605 1466 τὴν
634 1423 880 1469 προςὴκουσαν
911 1422 1153 1470 ἐπαγαγόντες
1182 1421 1269 1458 ὑπο-

186 1469 208 1502 l
265 1465 450 1513 διαίρεσιν.
508 1471 581 1501 Καὶ
605 1469 831 1512 θεσπίζομεν
855 1469 976 1511 (τοῦτο
1007 1465 1097 1515 ὅπερ
1135 1469 1267 1514 ἐμπρο·
1336 1470 1359 1504 1
2171 1510 2175 1519 ,

188 1511 282 1545 σθεν
312 1510 396 1556 ἡμῖν
426 1514 489 1548 ἐπί
515 1525 614 1547 τινος
643 1513 780 1559 εἴρηται
810 1511 1017 1556 διατάξεως)
1049 1514 1125 1555 ἴνα,
1157 1513 1193 1547 εἴ
1216 1524 1270 1548 τις
1338 1513 1421 1549 dam
1445 1514 1579 1549 dictum
1604 1518 1659 1549 est
1681 1515 1950 1556 constitutione)
1975 1518 2026 1558 ut,
2053 1515 2084 1550 si
2131 1515 2186 1550 uis
2211 1515 2340 1551 offerat
2361 1516 2418 1551 vel

191 1555 330 1601 ἐπιδοίη
355 1556 550 1604 πράγματα
572 1557 665 1592 κατὰ
687 1562 936 1605 προγαμιαίαν
958 1555 1118 1604 δωρεάν,
1149 1559 1180 1592 εἱ
1203 1560 1270 1601 μὲν
1338 1569 1396 1595 res
1420 1569 1485 1604 per
1508 1559 1704 1604 nuptialem
1727 1560 1966 1602 donationem,
1990 1559 2023 1595 si
2046 1559 2107 1604 qui
2131 1570 2187 1595 em
2210 1570 2333 1596 omnes
2351 1561 2416 1596 im-

187 1598 334 1636 ἅπαντα
359 1599 511 1645 ἀκίνητα
542 1601 779 1647 καθεστήκοι,
811 1606 914 1647 μένοι
936 1600 959 1647 ἡ
981 1602 1123 1638 τούτων
1148 1604 1270 1650 χρῆσις
1283 1607 1325 1639 30
1337 1604 1487 1640 mobiles
1512 1604 1729 1640 constitutae
1753 1607 1854 1648 sunt,
1884 1609 2029 1640 maneat
2058 1614 2180 1640 eorum
2209 1615 2296 1640 118118
2320 1605 2418 1650 apud

188 1646 285 1692 παρὰ
314 1648 359 1695 τῇ
390 1651 499 1693 μητρὶ
521 1647 610 1695 πρὸς
641 1647 823 1696 δευτέρους
847 1647 1006 1696 ἐλθούσῃ
1029 1646 1178 1696 γάμους,
1209 1651 1270 1682 καὶ
1338 1651 1488 1684 matrem
1512 1649 1559 1684 ad
1583 1649 1759 1684 secundas
1783 1650 1982 1685 venientem
2005 1649 2170 1694 nuptias,
2202 1656 2239 1685 et
2261 1660 2306 1686 ea
2327 1650 2418 1685 haec

188 1689 279 1735 αὕτη
297 1694 413 1726 ταῦτα
432 1692 566 1740 ἐκλέγοι
590 1697 649 1728 καὶ
665 1694 716 1738 μὴ
735 1697 963 1741 παραιτοῖτο,
986 1691 1078 1739 μηδὲ
1097 1691 1270 1737 ἀπαιτοίη
1339 1694 1448 1738 eligat
1470 1697 1506 1729 et
1529 1704 1601 1729 non
1624 1698 1783 1739 recuset,
1814 1705 1861 1730 ne
1886 1705 1932 1730 ue
1955 1694 2074 1739 exigat
2101 1694 2196 1730 filios
2219 1705 2284 1740 pro
2309 1695 2416 1730 aesti-

186 1736 267 1771 τους
302 1736 434 1772 παῖδας
467 1734 558 1785 ὑπὲρ
592 1740 654 1782 τῆς
687 1740 830 1773 τούτων
865 1736 1116 1783 ἀποτιμήσεως
1150 1737 1270 1780 τόκον,
1339 1740 1497 1774 matione
1521 1749 1642 1774 earum
1666 1750 1808 1782 usuras,
1833 1706 1896 1775 serg
1915 1740 2132 1784 diligentiam
2149 1750 2271 1775 earum
2285 1740 2418 1776 habeat

186 1779 266 1815 ἀλλ’
295 1780 497 1827 έπιμελοῖτό
522 1797 563 1818 τε
586 1781 721 1826 αὐτῶν,
745 1781 836 1818 καθ’
864 1781 953 1819 ὅσον
976 1781 995 1818 ὁ
1014 1782 1120 1829 νόμος
1139 1782 1270 1818 δίδωσι
1341 1785 1536 1819 secundum
1571 1784 1668 1830 quod
1702 1785 1762 1820 lex
1795 1784 1859 1820 dat
1893 1795 1980 1820 usus
2014 1784 2166 1820 dominis
2201 1785 2416 1828 constitutis,

186 1827 267 1861 τοὺς
294 1829 369 1871 τῆς·
384 1826 539 1872 χρήσεως
567 1827 676 1863 ὄντας
705 1833 861 1877 κυρίους,
894 1827 1067 1875 φυλάττοι
1089 1842 1130 1863 τε
1153 1831 1271 1863 ταῦτα
1284 1833 1326 1865 35
1341 1832 1530 1865 conservet
1558 1833 1679 1865 autem
1710 1830 1800 1865 haec
1833 1829 2028 1866 secundum
2057 1830 2152 1874 leges
2183 1829 2268 1865 filiis
2291 1840 2416 1875 super-

187 1872 278 1906 κατὰ
307 1871 388 1907 τοὺς
415 1871 544 1917 νόμους
573 1877 647 1908 τοῖς
670 1877 776 1909 παισὶ
800 1876 1004 1922 περιοῦσιν,
1037 1871 1060 1918 ἢ
1083 1875 1115 1908 εἰ
1137 1873 1270 1910 πάντες
1339 1875 1495 1917 stitibus‚
1521 1877 1585 1909 aut
1609 1875 1638 1910 si
1662 1885 1786 1910 omnes
1811 1875 2018 1916 moriantur,
2042 1874 2238 1910 secundum
2257 1879 2417 1910 nostram

186 1916 450 1961 τελευτήσαιεν,
482 1917 573 1953 κατὰ
601 1918 668 1954 τὸν
693 1917 798 1964 ἡμέτε
822 1932 865 1953 ον
895 1918 1010 1964 νόμον
1040 1921 1104 1954 τοῦ
1133 1922 1201 1964 μὲν
1231 1919 1270 1960 ἐξ
1338 1920 1451 1963 legem
1482 1924 1556 1954 tam
1591 1920 1669 1956 sine
1703 1920 1786 1955 filiis
1818 1931 1905 1956 casu
1937 1919 2135 1963 [moriente]
2170 1920 2278 1956 matri
2311 1930 2417 1965 quam

187 1959 357 1997 ἀπαιδίας
380 1973 467 1999 casu
490 1966 535 2011 τῇ
557 1968 684 2011 μητρί,
708 1966 771 1998 τοῦ
820 1967 838 1998 ἑ
857 1964 1070 2010 λειπομένου
1093 1968 1168 1999 τοῖς
1190 1966 1269 1998 τῶν
1339 1965 1606 2000 remanentibus
1630 1965 1783 2000 filiorum
1807 1965 1998 2001 heredibus
2023 1969 2243 2001 conservato.

186 2007 212 2042 2
269 2006 415 2043 παίδων
438 2007 667 2054 κληρονόμοις
691 2009 972 2055 φυλαττομένου.
1032 2011 1079 2044 Εἰ
1105 2008 1145 2043 δὲ
1168 2011 1269 2044 πᾶσα
1338 2010 1363 2046 2
1421 2010 1458 2045 Si
1482 2021 1566 2045 vero
1590 2011 1757 2045 universa
1781 2011 1979 2046 constituta
2001 2014 2058 2046 est
2079 2010 2173 2046 forte
2195 2010 2232 2045 in
2255 2010 2417 2056 pecuniis

187 2053 404 2096 καθεστήκοι
423 2053 532 2096 τυχὸν
550 2056 590 2088 ἐν
608 2054 786 2100 χρήμασιν
805 2055 827 2098 ἢ
845 2054 964 2090 ἄλλοις
983 2058 1138 2098 κινητοῖς
1157 2055 1268 2101 πράγ·
1282 2058 1325 2090 40
1338 2059 1403 2090 aut
1426 2056 1505 2091 aliis
1529 2056 1721 2090 mobilibus
1746 2056 1854 2091 rebus
1885 2056 2057 2100 nuptialis
2081 2055 2246 2099 donatio,
2277 2056 2419 2092 tertium

1415 1469 1466 1504 Et
1491 1469 1671 1504 sancimus
1704 1469 1786 1512 (hoc
1808 1470 1904 1514 quod
1927 1470 2063 1515 pridem
2088 1480 2111 1504 a
2132 1470 2238 1506 nobis
2267 1470 2306 1505 iu
2329 1481 2416 1516 qua-

187 2142 375 2178 heredibus
408 2144 464 2179 vel
496 2144 700 2180 substitutis
734 2145 791 2181 vel
824 2145 917 2188 illis,
958 2156 981 2180 a
1013 2145 1144 2191 quibus
1176 2144 1265 2191 haec
1296 2145 1424 2180 relicta
1456 2148 1560 2186 sunt,
1589 2148 1840 2190 praestentur,
1871 2145 1929 2179 sin
1961 2145 2091 2180 mortis
2121 2155 2233 2181 causa
2252 2145 2416 2188 donatio,

187 2189 331 2223 omnino
349 2188 546 2224 heredibus.
582 2187 720 2232 Quodsi
740 2190 822 2235 quis
841 2191 880 2224 in
899 2189 1055 2226 solidum
1074 2190 1140 2225 sub
1164 2189 1229 2225 tali
1250 2190 1463 2225 condicione
1480 2188 1584 2224 heres
1598 2189 1758 2236 scriptus
1777 2190 1836 2232 sit,
1856 2189 2070 2232 substitutis,
2090 2189 2267 2236 siquidem
2282 2190 2416 2233 ads-int,

187 2234 242 2269 vel
263 2233 318 2268 uti
344 2245 387 2268 ue
418 2234 491 2268 illis
518 2234 583 2280 qui
613 2235 658 2270 ab
688 2237 860 2271 intestato
894 2235 944 2271 ad
970 2235 1205 2271 hereditatem
1241 2238 1418 2271 vocantur
1452 2233 1630 2269 eiusmodi
1661 2234 1848 2270 cautiones
1876 2238 2062 2280 praestet,
2098 2239 2141 2270 ut
2169 2235 2330 2288 undique
2354 2235 2418 2271 lea:

186 2290 288 2313 suam
379 2284 438 2314 eat
450 2279 722 2325 perfectionem.
771 2280 854 2316 Nisi
871 2281 975 2326 forte
997 2284 1149 2316 testator
1166 2279 1236 2315 hoc
1253 2291 1400 2326 quoque
1415 2279 1624 2327 permiserit
1641 2279 1765 2315 dicens
1785 2280 1931 2315 veniam.
1945 2278 2078 2315 habere
2097 2291 2188 2322 eum,
2213 2291 2270 2316 cui
2289 2280 2346 2316 vel
2362 2282 2417 2316 in-

186 2324 406 2358 stitutionem
427 2326 501 2360 sive
521 2325 782 2370 particularem
802 2325 876 2361 sive
897 2327 935 2360 in
957 2325 1126 2367 solidum,
1151 2325 1207 2361 vel
1230 2325 1389 2371 leqatum
1413 2325 1469 2361 vel
1484 2323 1800 2369 fideicommissum
1824 2324 1879 2360 vel
1901 2325 2029 2360 mortis
2052 2335 2165 2360 causa
2184 2325 2417 2373 donationem

187 2368 345 2414 reliquit,
370 2372 405 2404 et
428 2369 590 2404 relictum
611 2370 815 2416 accipiendi
837 2382 954 2416 neque
972 2369 1085 2406 ullam
1110 2371 1312 2405 cautionem
1336 2369 1567 2417 praestandi.
1629 2369 1728 2404 Tunc
1751 2369 1843 2405 enim
1868 2369 2054 2416 sequenda
2085 2373 2140 2405 est
2166 2369 2335 2416 defuncti
2356 2381 2416 2406 vo·

188 2413 318 2448 luntas.
377 2413 472 2449 Nam
492 2415 690 2450 maximum
712 2415 816 2451 nobis
839 2415 999 2451 studium
1023 2419 1078 2451 est
1100 2415 1357 2461 defunctorum
1382 2414 1586 2450 voluntates
1610 2425 1691 2450 cum
1715 2414 1793 2461 leqe
1816 2414 2051 2451 custodiendi.

320 2458 429 2494 XLV.
489 2458 667 2501 Quoniam
688 2471 772 2496 vero
792 2461 907 2507 paulo
931 2465 1017 2496 ante
1039 2460 1085 2495 de
1108 2460 1276 2496 custodia
1296 2471 1418 2495 rerum
1443 2458 1552 2495 verba
1569 2460 1744 2504 fecimus,
1777 2463 1813 2495 et
1834 2459 1968 2495 Leonis
1983 2459 2074 2507 piae
2097 2460 2293 2496 memoriae
2315 2461 2415 2496 novi-

187 2514 266 2538 mus
298 2505 588 2540 constitutionem
618 2505 663 2539 de
692 2506 862 2541 secundis
894 2506 1034 2553 nuptiis
1064 2505 1156 2551 <qua
1179 2504 1431 2552 praecipitur>
1461 2504 1645 2540 mulierem
1669 2515 1763 2551 quae
1793 2504 1843 2540 ad
1872 2516 1936 2540 eas
1964 2505 2118 2547 venerit,
2151 2505 2187 2540 si
2212 2505 2417 2541 cautionem

186 2548 453 2592 fideiussor-iam
476 2560 515 2584 se
532 2550 670 2585 scilicet
694 2550 816 2585 liberis
838 2562 899 2586 res
921 2551 1172 2587 restituturam
1188 2554 1387 2597 praestare
1417 2550 1635 2596 nequiverit,
1661 2553 1809 2596 partem
1833 2550 1979 2585 tertiam
2001 2550 2216 2586 centesimae
2238 2550 2416 2597 accipere,

189 2603 256 2627 nos
286 2592 381 2627 hatte
411 2604 487 2628 rem
517 2594 624 2629 etiam
641 2595 785 2635 *melius
818 2596 1065 2632 ordinavimus
1095 2595 1141 2631 iis
1173 2607 1267 2642 quae
1289 2606 1363 2641 per
1390 2594 1490 2630 illam
1522 2594 1567 2630 de
1599 2594 1668 2630 hoc
1698 2595 1780 2642 ipso
1809 2595 2007 2630 constituta
2037 2598 2142 2637 sunt,
2174 2594 2307 2631 idonea
2334 2595 2417 2631 sub-

188 2639 209 2671 1
267 2637 440 2673 divisione
470 2638 605 2673 addita.
698 2641 815 2685 Atque
846 2642 1029 2676 sancimus
1060 2640 1113 2683 (id
1161 2641 1234 2676 uod
1262 2644 1370 2675 antea
1393 2651 1417 2675 a
1440 2639 1544 2674 nobis
1574 2640 1613 2674 in
1645 2639 1803 2691 quadam
1831 2639 2091 2676 constitutione
2115 2639 2253 2675 dictum
2273 2642 2342 2683 est)
2362 2644 2416 2683 ut,

189 2683 223 2716 si
249 2683 330 2727 quis
359 2693 418 2717 res
429 2690 519 2762 dper
547 2685 830 2730 antenuptialem
860 2685 1093 2721 donationem

320 2730 333 2761 t
1146 2685 1280 2728 ederit,
1317 2684 1495 2731 siquidem
1526 2695 1651 2720 omnes
1676 2684 1874 2720 immobiles
1903 2684 1995 2727 sint,
2027 2695 2152 2720 earum
2180 2685 2418 2731 ususfructus

189 2737 318 2762 manea
354 2738 427 2773 αμα

475 2733 623 2763 matrem
644 2740 738 2774 quae
762 2730 812 2765 ad
832 2731 1012 2766 secundas
1035 2742 1085 2766 nu
1114 2731 1185 2766 tias
1207 2731 1357 2773 venerit,
1382 2734 1492 2775 atque
1511 2729 1525 2763 i
1550 2740 1594 2765 sa
1613 2740 1677 2765 eas
1696 2729 1809 2775 eliqat
1825 2740 1940 2775 neque
1959 2729 2128 2776 repudiet
2143 2739 2231 2765 neve
2250 2740 2274 2764 a
2294 2729 2418 2765 liberis

187 2783 258 2818 pro
283 2782 408 2806 earum
431 2773 679 2808 aestimatione
699 2785 830 2809 usuras
852 2776 991 2821 exiqat,
1023 2786 1062 2811 se
1110 2781 1146 2811 et
1171 2787 1297 2811 curam
1321 2786 1447 2811 earum
1465 2774 1514 2809 ha
1538 2778 1610 2816 eat,
1640 2780 1755 2821 prout
1779 2774 1843 2810 lea:
1857 2774 2045 2820 praecipit
2066 2774 2114 2809 iis
2136 2774 2201 2820 qui
2219 2774 2417 2820 usufructu

183 2817 391 2862 potiantur,
424 2822 459 2852 et
482 2822 599 2852 servet
623 2829 686 2853 eas
713 2820 908 2854 secundum
932 2821 1030 2866 leqes
1060 2820 1184 2856 liberis
1214 2819 1489 2867 superstitibus,
1522 2820 1578 2855 vel
1599 2820 1632 2854 si
1656 2829 1779 2855 omnes
1801 2819 1937 2855 mortui
1962 2821 2054 2861 sint,
2085 2818 2280 2855 secundum
2303 2819 2417 2866 leqem

189 2866 353 2896 nostram
376 2862 485 2897 matri
506 2863 647 2907 quidem
667 2870 841 2908 quantum
866 2866 1034 2911 competit
1056 2877 1105 2901 eae
1129 2877 1215 2901 casu
1240 2865 1419 2907 orbitatis,
1443 2864 1512 2899 reli
1537 2875 1622 2899 uum
1643 2875 1728 2899 vero
1749 2863 1942 2900 liberorum
1962 2863 2152 2900 heredibus
2175 2869 2415 2900 conservetur.

189 2905 215 2941 2
305 2905 347 2941 Si
371 2917 454 2941 vero
481 2911 558 2941 tota
586 2913 669 2942 ante
692 2909 839 2954 nuptias
863 2909 1013 2945 donatio
1038 2912 1076 2945 in
1102 2911 1260 2957 pecunia
1283 2910 1386 2955 forte
1415 2909 1471 2945 vel
1492 2922 1514 2944 a
1530 2909 1576 2944 iis
1598 2909 1706 2945 rebus
1733 2909 1922 2944 mobilibus
1943 2910 2138 2951 consistat,
2168 2912 2285 2945 mater
2308 2909 2416 2945 tertia

238 3003 250 3032 1
277 3006 352 3042 post
372 3000 419 3042 με’
439 3008 475 3030 ος
495 2999 573 3030 add.
594 2997 664 3030 εἴτε
685 2995 981 3042 φιδεϊκόμμισσον
997 3002 1191 3034 Haloander
1207 3003 1263 3043 (cll

189 3046 312 3078 Iulian.
336 3057 362 3077 c.
381 3011 492 3083 CEX)
519 3042 543 3095 fl,
562 3045 582 3076 3
606 3041 728 3119 μόέτις
751 3043 867 3075 καῦσα
888 3045 942 3084 ιΜ,
975 3043 1142 3079 θανάτου
1166 3045 1266 3088 αἰτίᾳ

191 3091 261 3123 LB
276 3089 289 3132 ΙΙ
316 3092 334 3123 7
358 3086 422 3122 τὰς
440 3097 611 3120 τοιαυτας
689 3087 700 3129 ΙΙ
724 3089 743 3120 8
767 3088 837 3127 ἔχει
859 3089 890 3121 L
913 3090 986 3130 ἔχοι
1012 3089 1063 3123 B!
1077 3091 1089 3133 ΙΙ
1116 3092 1156 3124 12
1180 3086 1202 3133 ἢ
1222 3089 1265 3124 τὸ

191 3131 485 3179 φιδεικοωῐηίςεοη
507 3133 554 3165 Μ
569 3127 591 3185 ᾗ
612 3129 655 3164 τὸ
677 3129 926 3175 φιδικόμισσον
946 3135 987 3174 L,
1009 3148 1066 3167 om.
1081 3136 1116 3168 Β
1132 3134 1144 3179 ΙΙ
1163 3131 1266 3178 ἣτὴν

191 3180 291 3221 αἰτίᾳ
312 3177 477 3212 θανάτου
499 3177 535 3210 Β
566 3189 588 3218 η
605 3177 667 3209 τοῦ
688 3175 852 3209 θανάτου
877 3178 975 3210 αἰτία
996 3180 1026 3211 L
1042 3181 1053 3220 ss
1077 3181 1117 3213 14
1141 3178 1266 3213 δοῦναι

191 3226 259 3258 LB
278 3225 290 3265 ΙΙ
322 3227 359 3257 17
385 3223 449 3256 τοῦ
474 3235 532 3255 om.
546 3221 592 3254 B¹
611 3222 622 3264 ΙΙ
643 3223 681 3254 18
705 3234 766 3263 μικ
792 3219 834 3253 ὸν
853 3222 897 3253 L¹
917 3222 929 3265 ΙΙ
946 3220 1113 3268 πρόσθεν
1131 3223 1177 3257 τὰ
1197 3222 1266 3266 (ὅτι

190 3268 235 3302 τα
250 3269 305 3308 L2)
322 3270 393 3302 ML
401 3270 443 3309 B]
459 3267 572 3300 addita
585 3268 618 3306 (i.
629 3279 654 3299 e.
664 3276 759 3309 προσ
792 3268 891 3307 ε’ντιι)
906 3279 924 3302 ς
942 3267 954 3310 ΙΙ
976 3270 1012 3301 19
1033 3265 1266 3312 ἠπιστάμεθα

191 3315 239 3348 Bl
255 3315 267 3357 ΙΙ
287 3316 328 3348 20
351 3313 429 3354 τοῦ]
450 3309 531 3346 τοὺς
546 3312 592 3344 L'
610 3309 622 3355 ΙΙ
642 3308 817 3350 διάταξιν]
836 3313 912 3343 (Jod.
926 3315 958 3352 5,
973 3320 1000 3353 9,
1014 3322 1030 3344 0
1047 3318 1091 3351 §6
1108 3313 1120 3355 ΙΙ
1139 3316 1176 3347 21
1204 3311 1265 3360 γά-

190 3362 284 3403 μων]
311 3359 493 3392 addendum
515 3354 687 3402 λέγουσαν
706 3356 920 3396 (Zachariae)
940 3358 991 3389 vel
1006 3354 1233 3401 διορίζουσαν
1255 3359 1267 3403 ΙΙ

192 3407 234 3438 24
261 3401 469 3447 λαμβάνειν]
495 3402 659 3444 accipiens
683 3411 703 3436 ς
729 3399 741 3443 ΙΙ
773 3402 814 3433 25
839 3402 924 3440 τοῖς]
948 3401 992 3442 τῆ
1020 3402 1064 3433 L2
1089 3402 1102 3444 ΙΙ
1134 3404 1268 3446 ἐκείνης

192 3450 322 3489 L²B¹51
355 3450 501 3482 ἐκείνοις
527 3446 615 3480 ML¹
657 3446 791 3478 ἐκείνου
819 3445 867 3477 B!
890 3446 902 3487 ΙΙ
938 3444 1033 3490 τόγε]
1066 3447 1153 3487 quod
1179 3442 1266 3480 Enim

193 3496 228 3537 (ι’.
247 3508 271 3526 ε.
295 3492 338 3527 τὸ
361 3491 429 3539 γὰρ
441 3495 469 3533 t)
493 3504 512 3529 ς
529 3492 542 3533 ΙΙ
563 3491 670 3524 τοῦτο
693 3490 741 3523 L¹
765 3489 778 3531 ΙΙ
802 3492 844 3523 26
868 3487 1121 3535 ἐπαγαγόντες]
1146 3492 1266 3525 adieci-

192 3549 264 3571 mus
288 3550 307 3574 ς
334 3538 345 3581 ΙΙ
376 3541 417 3572 28
450 3534 657 3577 διατάξεως]
682 3548 751 3568 nov.
766 3534 811 3567 II
830 3536 908 3577 c.4,
933 3537 1017 3568 unde
1041 3538 1175 3578 repetita
1196 3545 1269 3570 sunt

193 3596 276 3626 quoe
289 3592 460 3625 sequuntur
476 3582 488 3636 u
508 3584 550 3616 29
571 3578 724 3622 ἐπιδοίη]
746 3579 797 3612 vel
820 3581 854 3620 (i.
870 3592 895 3613 e.
909 3574 943 3621 ἢ)
957 3581 1034 3612 odd.
1049 3591 1068 3615 ς
1083 3581 1095 3622 ΙΙ
1114 3583 1156 3613 30
1179 3584 1267 3624 μένη

194 3628 242 3660 L²
266 3631 369 3673 μείνῃ
387 3628 423 3660 Β
441 3627 453 3669 [Ι
468 3629 501 3668 η]
522 3627 553 3659 εἰ
576 3627 623 3659 L¹
651 3627 663 3666 ΙΙ
691 3628 733 3659 34
758 3620 868 3657 αὐτὸν
894 3625 937 3657 L¹
969 3624 981 3666 ΙΙ
1009 3627 1051 3657 36
1075 3627 1148 3657 τοῖς
1172 3637 1265 3670 περι-

193 3672 272 3705 οὖσι
296 3675 421 3705 παισὶν
446 3673 482 3704 Β
504 3672 516 3715 ΙΙ
545 3667 689 3705 πάντως
713 3667 954 3711 τελευτήσειεν
978 3671 1008 3702 L
1036 3670 1048 3711 Ι]
1078 3672 1118 3702 37
1144 3669 1267 3711 νόμον]

1326 3002 1399 3042 suit
1427 3000 1503 3033 Cod.
1527 3002 1559 3039 5,
1581 3006 1611 3041 9,
1632 3007 1658 3033 11
1681 3002 1737 3044 (qfi
1758 3000 1926 3044 Krueqeri
1948 3001 2073 3042 adnot.)
2091 3000 2104 3044 ΙΙ
2126 3002 2169 3034 38
2192 2998 2301 3032 κάσου
2321 2995 2414 3041 (κάσ-

1334 3055 1398 3077 σου
1412 3045 1473 3087 Bt)
1497 3044 1595 3088 LBn
1615 3046 1656 3078 39
1682 3044 1806 3079 πᾶσαν
1829 3045 1877 3078 L¹

1383 3137 1398 3169 1
1425 3135 1615 3175 heredibus]
1635 3134 1676 3166 ab
1701 3134 1878 3167 heredibus
1899 3134 2008 3179 RT¹11
2025 3134 2319 3167 substitutionibus
2330 3133 2380 3167 Βι
2403 3133 2417 3179 Ι]

1335 3182 1355 3214 2
1379 3191 1399 3212 a
1423 3181 1501 3214 add.
1514 3181 1601 3223 vuly.
1619 3178 1631 3224 ss
1649 3179 1779 3221 siquod
1792 3179 1826 3212 R
1842 3179 1855 3223 ΙΙ
1872 3181 1892 3213 3
1917 3179 2003 3212 dona
2015 3179 2064 3212 12¹
2082 3178 2095 3222 ΙΙ
2110 3179 2147 3211 Si
2163 3188 2242 3211 vero
2255 3191 2313 3212 om.
2332 3178 2380 3212 V¹

1335 3228 1354 3259 5
1379 3226 1518 3266 fuerint]
1542 3226 1675 3257 fiun-
1703 3224 1750 3257 R'
1779 3224 1792 3268 ΙΙ
1826 3227 1864 3258 10
1889 3223 2075 3265 dereliquid
2096 3224 2131 3258 V
2151 3223 2301 3264 deliquid
2323 3223 2359 3256 R

1338 3272 1374 3303 11
1402 3272 1472 3311 aut]
1498 3272 1536 3302 ut
1558 3270 1591 3303 V
1610 3269 1623 3313 Ι]
1649 3269 1718 3301 sive
1742 3281 1799 3302 om.
1814 3269 1865 3302 Β*
1894 3268 1900 3312 Ι
1932 3278 1993 3310 per
2016 3281 2075 3302 om.
2091 3269 2159 3302 ΒΤ
2183 3266 2196 3312 Ι]
2228 3270 2267 3302 14
2290 3268 2412 3301 stud..

1336 3315 1383 3347 Β*
1400 3315 1412 3358 ΙΙ
1442 3316 1480 3349 15
1506 3314 1594 3356 leges
1619 3315 1650 3348 R
1666 3313 1678 3357 ΙΙ
1707 3316 1747 3347 18
1772 3313 1863 3345 adita
1934 3314 1947 3355 ΙΙ
1973 3314 2012 3346 21
2039 3312 2270 3353 fideiussionis]
2296 3312 2413 3346 iussio-

1335 3360 1387 3391 nis
1412 3359 1486 3403 13¹1!
1505 3361 1585 3401 quia
1607 3359 1770 3402 R¹vul9.l
1795 3367 1862 3400 qua
1885 3357 2092 3402 R²VT1122
2117 3357 2264 3401 accipere
2287 3359 2375 3402 vulq.
2399 3358 2414 3399 ΙΙ

1336 3406 1377 3438 23
1401 3404 1442 3437 ab
1467 3406 1517 3446 ea]
1542 3415 1613 3438 eam
1634 3402 1710 3447 V¹fl
1737 3404 1779 3436 24
1803 3402 1864 3435 sub
1888 3401 1923 3435 R
1940 3401 1952 3445 ΙΙ
1980 3404 2022 3436 27
2048 3403 2083 3435 in
2106 3416 2164 3437 om.
2179 3404 2212 3436 R
2228 3402 2241 3447 ΙΙ
2267 3404 2310 3436 28
2333 3413 2412 3435 con-

1334 3450 1542 3483 stitutionem
1563 3449 1613 3483 Β*
1630 3447 1643 3492 ΙΙ
1658 3447 1739 3490 quid
1762 3447 1813 3480 R¹
1831 3446 1914 3489 111181
1939 3447 2000 3480 ἀεί.
2014 3447 2075 3488 13²,
2093 3461 2152 3482 om.
2168 3449 2254 3491 vuly.
2277 3446 2291 3491 ΙΙ
2317 3449 2360 3482 29
2383 3448 2413 3480 ei

1335 3495 1424 3534 quod
1447 3494 1525 3538 13¹1!
1551 3496 1595 3528 30
1618 3503 1731 3526 eorum
1754 3491 1890 3534 RTV'J
1915 3490 2049 3525 illorum
2071 3493 2122 3526 V*
2145 3503 2257 3526 eurum
2280 3493 2368 3536 ναις.
2400 3490 2414 3536 ΙΙ

1337 3539 1379 3570 32
1405 3539 1629 3572 estimationes
1640 3538 1691 3571 Β*
1709 3536 1721 3580 ΙΙ
1737 3538 1780 3571 34
1805 3538 1893 3577 usus]
1911 3537 1987 3569 usui
2007 3537 2134 3571 RVal.
2154 3536 2167 3582 ΙΙ
2183 3539 2223 3571 37
2249 3537 2413 3570 moriente

1335 3582 1452 3616 seclusi
1465 3583 1477 3624 ΙΙ
1503 3586 1608 3616 matre
1629 3582 1663 3616 V
1684 3582 1696 3625 11
1726 3583 1769 3616 38
1795 3583 1855 3626 ley.
1869 3582 2080 3615 remanenti?
2106 3582 2192 3659 flk39
2217 3583 2306 3624 voro]
2331 3592 2413 3614 uero

1336 3627 1496 3659 moriente
1508 3629 1541 3660 R
1559 3628 1571 3671 ΙΙ
1587 3627 1768 3661 constituta
1781 3628 1880 3671 only]
1905 3627 2092 3669 conscripta
2148 3627 2230 3670 VT!
2253 3629 2314 3667 est]
2334 3629 2413 3659 sunt

1346 3671 1393 3703 V¹
1417 3672 1518 3704 fuerit
1542 3674 1589 3705 V²
1608 3673 1679 3716 1140
1703 3673 1833 3705 tertiam
1857 3673 1954 3715 vulo]
1981 3674 2105 3704 tantam
2133 3671 2215 3704 RV'
