2476 3854
118 79 226 124 Nov.
251 78 435 123 CXXIII
463 81 529 123 43.
561 83 615 122 44

117 203 203 226 πων
238 194 299 225 καὶ
327 191 406 226 τῶν
436 189 643 236 οἰκονόμων
674 186 808 235 αὐτῶν,
839 185 881 225 οὗ
911 188 986 234 μὴν
1016 187 1108 224 ἀλλὰ
1143 193 1204 224 καὶ

117 237 197 271 τῶν
230 237 380 280 ἑκάστης
414 238 585 282 ἐπαρχίας
628 233 822 281 ἀρχόντων
863 238 924 269 καὶ
965 235 1044 270 τῶν
1079 231 1203 270 αὐτῶν

117 281 261 323 τάξεων
291 280 534 324 ἐκδικεῖσθαι,
564 280 648 316 τοὺς
678 279 719 315 δὲ
748 279 795 315 τοὶ
820 281 971 315 τοιαῦτα
999 279 1203 326 πλημμελή-

118 338 253 362 σαντας
275 330 335 361 καὶ
359 326 441 361 τοὺς
462 323 709 369 μετασχόντας
741 322 866 361 αὐτῶν
887 325 955 360 τὸν
977 326 1025 360 εἰς
1046 324 1204 372 κεφαλὴν

117 370 287 407 κίνδυνον
320 368 524 416 ὑπομένειν,
554 371 625 415 τὴν
655 369 696 405 δὲ
725 369 899 414 τοιαύτην
928 374 1082 418 γυναῖκα
1112 383 1202 407 παν-

118 419 229 460 ταχοῦ
254 414 520 460 ἆναζητεῖσθαι
543 419 604 450 καὶ
626 416 719 461 μετὰ
743 417 821 451 τῶν
846 414 952 450 ἰδίων
976 417 1203 463 πραγμάτων

118 464 159 497 ἐν
181 466 412 507 μοναστηρίῳ
438 460 705 506 ἐμβάλλεσθαι,
731 463 771 495 ἐν
795 453 827 504 ᾤ’
845 458 1115 507 ἀσφαλέστερον
1138 475 1200 507 φυ-

117 506 321 542 λάττεσθαι
357 505 529 550 δύναται,
564 507 625 542 ἵνα
647 506 698 551 μὴ
729 509 790 541 καὶ
814 505 927 541 πάλιν
958 508 998 541 ἐν
1022 508 1074 550 τῷ
1101 505 1201 550 αὐτῷ

118 550 313 599 ἐγκλήματι
347 549 522 598 εὑρεθείη.
570 552 602 607 ei
624 554 788 607 μέντοιγε
820 548 1036 586 διακόνισσα
1058 551 1112 595 εἴη
1143 555 1203 587 καὶ

1189 76 1273 124 624

1499 92 1560 123 DE
1579 91 1877 126 SANCTISSIMIS
1893 93 1952 125 ET
1970 93 2058 127 DEO
2077 93 2350 129 AMABILIBUS

1271 199 1339 226 nec
1354 200 1427 227 non
1450 190 1557 227 etiam
1578 191 1767 229 cuiuslibet
1789 192 1995 237 provinciae
2016 193 2153 230 iudices
2176 197 2212 230 et
2226 204 2350 232 eorum

1272 235 1399 288 offic-ia·
1414 236 1606 283 vindicari,
1637 247 1699 274 eos
1722 239 1842 273 autem
1870 238 1932 284 qui
1954 238 2043 274 talia
2066 239 2291 284 deliquerunt
2312 241 2350 277 et

1270 284 1466 326 participes
1496 291 1620 318 eorum
1650 283 1797 319 sceleris
1829 283 1983 328 capitale
2011 283 2210 329 periculum
2240 285 2349 322 susti·

1271 335 1367 370 nere,
1399 327 1506 362 talem
1529 337 1612 364 vero
1644 328 1826 364 mulierem
1855 328 1987 374 ubique
2010 329 2176 375 (quaeri)
2206 333 2243 366 et
2269 340 2351 366 cum

1239 370 1425 416 5propriis
1449 372 1556 409 rebus
1580 372 1662 419 (in)
1684 374 1900 409 monasterio
1924 375 2087 416 recondi,
2110 374 2149 410 in
2170 385 2239 419 quo
2263 385 2350 411 cau-

1270 417 1343 452 tius
1368 416 1541 453 custodiri
1562 418 1687 464 possit,
1711 422 1753 454 ut
1769 428 1841 454 non
1855 427 1982 455 rursus
2004 418 2043 454 in
2062 420 2187 456 eodem
2205 419 2351 456 crimine

1270 461 1479 507 reperiatur.
1527 462 1566 499 Si
1594 473 1676 499 vero
1713 463 1917 500 diaconissa
1949 463 2059 500 fuerit
2095 467 2131 501 et
2159 464 2253 501 filios
2284 465 2350 500 ha-

1271 506 1390 542 buerit
1421 507 1612 552 legitimos,
1651 508 1843 553 legitimam
1878 510 2017 554 partem
2053 508 2139 545 dare
2170 509 2264 546 filiis.
2312 509 2352 546 Si

1270 561 1352 588 vero
1374 551 1471 588 intra
1499 563 1612 589 unum
1642 563 1774 590 annum
1804 559 1995 599 postquam
2019 555 2249 599 cognoverint
2277 554 2351 591 tale

117 596 249 631 παῖδας
265 598 338 640 ἔχοι
355 601 534 651 νομίμους,
558 609 600 631 το
623 609 786 650 νομιμον.
803 599 908 642 μέρος
931 595 1106 632 δίδοσθαι
1129 600 1202 631 τοῖς
1216 599 1257 632 10
1270 597 1410 633 facinus
1446 597 1538 634 tales
1572 607 1630 634 res
1664 598 1735 635 iuri
1769 599 2023 635 venerabilium
2058 600 2244 636 domorum
2277 609 2351 637 non

117 645 254 677 παισίν.
302 643 334 676 εἰ
353 640 393 676 δὲ
409 644 493 676 εἱσω
517 642 598 677 ἑνὸς
622 644 787 677 ἐνιαυτου
809 642 903 687 μετὰ
922 641 966 676 τὸ
981 642 1201 689 γνωσθῆναι

115 687 159 721 τὸ
191 687 335 722 τοιοῦτο
365 689 477 732 μῦσος
507 687 554 722 τὰ
585 688 739 722 τοιαῦτα
770 686 965 734 πράγματα
996 685 1096 734 παρὰ
1123 689 1201 722 τῶν

116 730 258 779 εὖαγῶν
282 732 393 767 οἴκων
415 732 465 777 μὴ
485 731 704 776 ἐκδικηθείη,
728 731 918 777 κελεύομεν
941 733 1030 768 πᾶσι
1053 731 1202 779 τρόποις

115 776 184 811 τὸν
198 776 339 831 κόμητα
361 779 442 831 τῶν
457 777 653 825 πριβάτων
676 778 744 832 τῷ,
755 775 916 823 ἡμετέρῳ
941 782 1060 825 φίσκῳ
1083 779 1201 812 ταῦτα

1269 642 1504 687 vindicentur,
1534 642 1696 680 iubemus
1721 644 1884 681 omnibus
1908 644 2021 680 modis
2046 645 2209 681 comitem
2232 645 2350 699 priva·

1269 690 1388 723 tarum
1422 691 1546 724 nostro
1580 688 1670 725 fisco
1704 689 1771 726 has
1805 689 2008 734 assignare,
2042 689 2202 726 locorum
2232 689 2352 726 iudice

1269 732 1331 778 qui
1365 732 1561 777 neglexerit
1602 733 1747 770 easdem
1779 734 1961 771 vindicare
2003 734 2143 779 cingulo
2177 734 2350 788 prIvando

1269 781 1308 813 et
1340 778 1490 814 multam
1520 778 1554 815 V
1588 778 1761 816 librarum
1794 778 1875 816 auri
1910 789 1934 816 a
1969 779 2098 816 comite
2131 782 2352 826 privatarum

116 833 344 879 προςκρρουν,
376 835 440 857 του
464 835 541 857 των
565 823 695 858 τόπων
719 834 891 868 αρχοντος
915 825 981 859 τοῦ
1003 821 1201 878 ἆμελήσαν-
1216 825 1257 858 15
1270 822 1454 868 exigendo.

115 878 175 902 'roe
198 881 246 902 τα
270 866 365 903 αὐτὰ
389 868 588 915 πράγματα
607 866 848 912 ἐκδικηθῆναι
870 869 933 912 τῆς
956 867 1072 913 ζώνης
1095 881 1201 914 αφαι-

115 915 288 958 ρουμένον
323 915 384 948 καὶ
416 913 612 959 πρόςτιμον
635 914 663 948 ε’
686 918 830 959 χρυσίου
859 912 996 960 λιτρῶν
1032 913 1105 949 ὑπὸ
1136 914 1202 948 τοῦ

117 958 274 1002 κόμητοι·
295 960 375 994 τῶν
398 958 593 1005 πριβοίτων
616 959 926 1005 εἰςπραττομένου.

1090 1048 1246 1085 CAPUT
1269 1048 1400 1085 XLIV.

183 1106 281 1141 Πᾶσι
305 1104 345 1141 δὲ
369 1106 546 1148 καθάπαξ
576 1109 649 1160 τοῖς
681 1107 721 1141 έν
744 1106 903 1151 κοσμικῷ
935 1104 1202 1151 ἀναστρεφομέ-

1333 1105 1505 1142 Omnibus
1527 1104 1650 1151 itaque
1671 1105 1884 1150 generaliter
1905 1106 1945 1142 in
1967 1106 2145 1144 saeculari
2168 1106 2242 1144 vita
2265 1117 2351 1144 con-

115 1163 202 1196 νοις,
233 1154 294 1186 καὶ
316 1150 474 1197 μάλιστα
503 1155 577 1187 τοῖς
599 1166 647 1187 τα
671 1152 823 1206 σκηνικὰ
848 1154 1116 1197 μετερχομένοις
1139 1147 1202 1186 οἷν-
1215 1153 1259 1186 2θ
1269 1151 1496 1187 versantibus
1526 1153 1564 1187 et
1593 1153 1746 1187 maxime
1774 1151 1966 1187 theatralia
1988 1153 2237 1189 exercentibus
2266 1152 2352 1190 viris

116 1196 221 1243 δράσι
243 1209 283 1231 τε
306 1200 367 1232 καὶ
389 1197 542 1242 γυναιξί,
566 1200 627 1232 καὶ
645 1211 720 1242 μην
743 1199 804 1231 καὶ
821 1199 899 1232 ταῖς
922 1198 1204 1242 προϊσταμέναις

115 1240 386 1289 ἀπαγορεύομεν
419 1242 622 1289 κεχρῆσθαι
657 1241 813 1286 σχήματι
846 1243 1006 1287 μοναχοῦ
1036 1240 1060 1285 ἢ
1092 1254 1202 1286 μονα-

116 1292 239 1333 στρίας
267 1284 289 1330 ἢ
313 1285 506 1334 ἀσκητρίαε
529 1285 553 1331 ἢ
576 1285 781 1332 οἱῳδήποτε
804 1286 932 1332 τρόπῳ
956 1287 1064 1322 τοῦτο
1087 1289 1203 1343 μιμεῖ-

116 1333 220 1375 σθάι,
245 1334 500 1377 ἐπισταμένων
516 1332 673 1368 πάντων
690 1334 766 1368 τῶν
781 1333 1005 1378 τολμώντων
1028 1330 1052 1376 ἢ
1071 1343 1201 1378 χρησα·

1270 1206 1315 1232 ac
1338 1196 1546 1232 mulieribus
1577 1206 1645 1232 nec
1674 1206 1748 1232 non
1779 1200 1816 1232 et
1837 1198 2083 1242 prestantibus
2106 1196 2353 1235 interdicimus

1270 1242 1325 1277 uti
1349 1242 1530 1277 schemate
1562 1242 1727 1278 monachi
1758 1244 1825 1278 aut
1846 1243 2062 1280 monastriae
2092 1245 2156 1279 aut
2178 1243 2353 1279 ascetriae

1271 1290 1334 1322 aut
1357 1287 1612 1331 cuiuscumque
1634 1296 1810 1332 personae
1839 1287 1946 1324 huius
1974 1288 2124 1332 imitari,
2155 1288 2352 1324 scientibus

1271 1332 1444 1368 universis
1475 1332 1785 1377 praesumentibus
1816 1335 1880 1368 aut
1909 1333 1963 1368 uti
1991 1333 2055 1369 tali
2078 1333 2260 1369 schemate
2288 1335 2354 1370 aut

116 1378 210 1412 σθαι
233 1379 287 1422 τῷ
312 1379 467 1422 τοιούτῳ
493 1378 650 1422 σχήματι
682 1375 961 1433 ἢὶμιμήσαισθαι
984 1375 1008 1421 ἢ
1031 1377 1202 1432 ἐμπαῖξαι
1216 1379 1258 1412 25
1270 1377 1401 1413 imitari
1424 1387 1505 1413 eum
1534 1382 1598 1413 aut
1620 1377 1769 1413 illudere
1799 1377 1837 1413 in
1861 1388 2086 1423 quacumque
2108 1378 2354 1415 ecclesiastica

116 1424 164 1458 eis
199 1421 419 1467 οἱανδήποτε
450 1423 749 1467 ἐκκλησιαστικην
780 1434 1015 1466 καταστασιν,
1051 1436 1111 1458 οτι
1142 1426 1203 1457 καὶ

116 1468 325 1508 σωματικὰς
353 1473 529 1516 τιμωρίας
557 1468 827 1512 ὑποστήσονται
857 1471 918 1502 καὶ
942 1468 1064 1514 ἐξορίᾳ
1085 1480 1202 1514 παρα-

117 1513 351 1557 δοθήσονται.
406 1513 667 1560 προνοούντων
702 1514 767 1549 τοῦ
804 1514 969 1548 τοιούτου
1010 1510 1052 1548 οὗ
1085 1510 1203 1558 μόνον

116 1561 193 1594 τῶν
209 1559 302 1594 κατὰ
325 1557 444 1595 τόπον
467 1558 688 1595 ὁσιωτάτων
712 1558 928 1595 ἐπισκόπων
951 1562 1012 1593 καὶ
1031 1559 1110 1594 τῶν
1132 1555 1199 1593 ὑπ’

1271 1422 1477 1468 disciplina,
1511 1422 1596 1467 quia
1626 1425 1664 1458 et
1695 1423 1896 1469 corporalia
1925 1424 2103 1469 supplicia
2125 1424 2354 1460 sustinebunt

1271 1471 1307 1504 et
1329 1468 1435 1504 exilio
1465 1468 1737 1513 contradentur3
1773 1469 2041 1513 providentibus
2070 1468 2156 1505 huic
2179 1469 2232 1505 rei
2253 1469 2352 1505 loco-

1270 1523 1350 1549 rum
1373 1513 1550 1558 episcopis
1574 1515 1610 1548 et
1634 1514 1695 1558 qui
1718 1514 1786 1550 sub
1811 1514 1861 1549 eis
1881 1517 1964 1549 sunt
1983 1514 2133 1557 clericis,
2158 1514 2222 1551 sed
2244 1515 2353 1551 etiam

1272 1558 1432 1595 civilibus
1465 1558 1750 1604 militaribusque
1783 1559 1962 1596 iudicibus
2001 1563 2038 1596 et
2072 1569 2165 1604 quae
2198 1559 2266 1596 sub
2300 1560 2352 1596 eis

117 1602 247 1639 αὐτοὺς
269 1604 461 1658 κληρικῶν,
493 1602 586 1639 ἀλλὰ
617 1608 678 1639 καὶ
708 1606 786 1639 τῶν
809 1603 1011 1640 πολιτικῶν
1040 1606 1101 1638 καὶ
1124 1605 1203 1638 τῶν
1215 1606 1258 1640 30
1271 1606 1355 1640 sunt
1369 1603 1500 1640 officiis
1523 1606 1560 1641 et
1581 1605 1743 1641 locorum
1766 1603 2025 1642 defensoribus.
2069 1604 2212 1642 Poenas
2232 1608 2353 1642 autem

117 1661 394 1695 στρατιωτικων
417 1647 609 1696 ἀρχόντων
640 1653 700 1684 καὶ
720 1650 799 1685 τῶν
822 1646 889 1684 ὑπ’
913 1647 1043 1684 αὐτοὺς
1065 1649 1205 1690 τάξεων

116 1699 176 1729 καὶ
191 1696 269 1730 τῶν
285 1694 378 1730 κατὰ
399 1695 519 1731 τόπον
542 1693 706 1730 emitum.
759 1698 790 1729 T
786 1694 827 1730 ὰς
851 1693 891 1729 δὲ
913 1695 1040 1730 ποινὰς
1065 1694 1127 1730 τὰς
1150 1694 1203 1738 τῷ

184 1778 210 1798 c.
224 1765 361 1798 XLIV
371 1772 400 1798 et
423 1765 496 1808 epil.
522 1766 555 1798 in
581 1765 609 1798 S
632 1766 800 1799 decurtata
823 1766 939 1808 repetit
958 1765 1137 1808 Appendzzc
1159 1763 1291 1798 Nomoc.
1305 1765 1338 1797 L
1355 1765 1402 1798 tie.
1416 1776 1489 1808 cap.
1503 1765 1578 1798 eccl.
1594 1765 1633 1798 21
1651 1776 1686 1808 p.
1700 1764 1763 1799 671
1789 1763 1903 1806 VoelL,
1927 1777 1953 1798 c.
1967 1764 2065 1798 XLI
2071 1764 2168 1807 V(—
2181 1765 2223 1800 27
2237 1775 2352 1810 παρα-

117 1806 356 1852 δοθήσονται)
381 1822 419 1844 ex
443 1810 480 1843 B
503 1817 650 1854 repetunt
672 1810 722 1844 B*
744 1811 790 1843 M
811 1811 862 1852 17,
881 1818 897 1844 5
918 1822 955 1853 p.
972 1811 1037 1844 508
1061 1809 1178 1851 Zach„
1208 1809 1389 1844 Νοιηοοέῡη
1412 1810 1513 1844 XIV
1527 1811 1573 1844 eit.
1595 1810 1653 1851 11,
1673 1816 1716 1844 12.
1765 1809 1928 1844 Summam
1960 1811 2099 1844 eiusdem
2119 1812 2228 1854 partis
2258 1812 2355 1845 habet

117 1855 418 1889 Nomoc.X1Vtit.
435 1857 487 1897 11,
501 1862 551 1898 12,
575 1856 651 1900 Ath,
676 1867 828 1889 summam
851 1862 999 1899 repetunt
1018 1855 1182 1897 paratitla
1205 1854 1280 1888 Ach.
1298 1855 1340 1889 12
1359 1859 1374 1895 ξ
1390 1863 1414 1889 1.

118 1933 190 1969 loci
212 1933 406 1980 episcopos
428 1943 625 1979 eorumque
649 1942 865 1968 oeconomos
887 1942 954 1967 nec
968 1942 1043 1967 non
1055 1932 1271 1978 provinciae
1294 1931 1467 1977 cuiusque
1487 1931 1678 1977 praesides
1700 1941 1895 1976 eorumque
1918 1929 2047 1976 officia
2071 1930 2267 1975 vindicari,
2290 1943 2354 1968 eos

117 1982 236 2015 autem
265 1978 329 2024 qui
351 1978 441 2014 baec
465 1978 554 2014 talia
577 1977 820 2014 commiserint
849 1987 1045 2023 eorumque
1061 1977 1267 2023 participes
1285 1976 1451 2023 periculo
1475 1976 1607 2027 capitis
1629 1976 1760 2018 subici,
1792 1977 1898 2012 talem
1920 1986 2004 2012 vero
2032 1976 2215 2013 mulierem
2238 1977 2354 2014 ubivis

115 2023 329 2075 investigari
349 2027 384 2059 et
407 2034 487 2059 cum
510 2022 616 2059 rebus
638 2023 716 2058 suis
738 2023 777 2057 in
799 2024 1057 2058 monasterium
1081 2022 1216 2064 conici,
1248 2022 1287 2057 in
1311 2032 1384 2068 quo
1407 2031 1570 2056 securius
1593 2021 1769 2057 custodiri
1783 2021 1926 2103 fossat,
1958 2031 2004 2056 ne
2026 2022 2133 2057 etiam
2161 2022 2291 2058 iterum
2314 2023 2353 2058 in

115 2068 240 2105 eodem
274 2069 423 2106 crimine
456 2068 758 2115 deprehendatur.
803 2066 940 2110 Quodsi
975 2067 1184 2103 diaconissa
1214 2066 1264 2102 sit
1296 2072 1332 2103 et
1363 2066 1542 2112 leqitimos
1572 2066 1703 2102 liberos
1733 2065 1781 2102 Ιια

1805 2070 1881 2108 eat,
1915 2065 2076 2112 leqitima
2101 2077 2198 2113 pars
2232 2067 2354 2103 liberis

116 2114 231 2150 detur.
279 2113 324 2149 Si
344 2125 429 2150 vero
461 2114 560 2150 intra
583 2124 718 2149 annum
746 2116 835 2160 post
855 2112 1041 2158 coqnitum
1074 2112 1145 2148 tale
1167 2112 1285 2148 scelus
1307 2111 1483 2148 eiusmodi
1512 2121 1572 2147 res
1601 2122 1624 2147 a
1655 2111 1916 2148 venerabilibus
1947 2111 2111 2157 domibus
2141 2123 2215 2148 non
2238 2111 2353 2149 vindi-

116 2163 254 2202 centur,
284 2158 446 2195 iubemus
470 2159 634 2195 omnibus
656 2157 774 2194 modis
796 2158 960 2210 comitem
990 2168 1112 2209 rerum
1127 2158 1361 2204 privatarum
1391 2167 1453 2193 eas
1472 2157 1563 2202 fisco
1588 2161 1716 2209 nostro
1740 2156 1920 2208 addicere,
1951 2161 2060 2203 atque
2077 2167 2230 2210 praeses
2253 2157 2352 2210 loco-

115 2215 198 2240 rum
221 2205 287 2251 qui
299 2205 442 2241 easdem
457 2215 517 2240 res
531 2204 716 2240 vindicare
730 2202 946 2250 neclexerit,
971 2203 1117 2250 cznyulo
1133 2203 1299 2249 privetur
1321 2202 1366 2238 ab
1383 2212 1498 2248 eoque
1513 2202 1625 2237 multa
1641 2212 1801 2248 qumque
1817 2201 1990 2238 librarum
2007 2212 2089 2237 auri
2102 2213 2177 2249 per
2191 2207 2353 2239 comitem

115 2261 238 2286 rerum
251 2251 488 2330 {rivatarum
512 2250 695 2295 exiqatur.

287 2295 380 2332 LIV.
431 2294 602 2331 Omnibus
631 2305 717 2331 vero
748 2293 894 2330 omnino
925 2294 991 2340 qui
1020 2294 1057 2328 in
1087 2292 1272 2328 saeculari
1300 2292 1375 2327 vita
1405 2295 1608 2334 versantur,
1638 2295 1673 2327 et
1695 2291 1854 2327 maxime
1885 2291 1932 2327 iis
1958 2292 2023 2338 qui
2051 2302 2125 2327 rem
2151 2293 2353 2328 scaenicum

115 2345 287 2377 exercent
318 2344 354 2376 et
375 2340 463 2376 viris
493 2344 529 2376 et
552 2339 761 2375 mulieribus
791 2349 857 2375 nec
880 2349 955 2374 non
977 2338 1086 2374 etiam
1109 2337 1325 2385 prostitutis
1352 2336 1617 2379 interdicimus,
1653 2347 1699 2372 ne
1721 2336 1846 2373 babitu
1876 2336 2043 2372 monachi
2069 2341 2132 2373 aut
2155 2336 2354 2374 monachae

116 2390 183 2422 aut
213 2386 389 2422 ascetriae
420 2390 582 2428 utantur,
618 2389 683 2421 aut
713 2384 789 2420 ullo
823 2383 931 2420 modo
966 2394 1046 2419 eum
1081 2383 1275 2426 imitentur,
1313 2393 1394 2418 cum
1427 2382 1547 2418 sciant
1581 2392 1718 2424 omnes,
1755 2382 1819 2428 qui
1850 2387 1915 2417 aut
1946 2382 2012 2417 tali
2042 2382 2168 2419 babitu
2202 2384 2256 2418 uti
2289 2387 2354 2419 aut

116 2442 197 2467 eum
231 2431 368 2466 imitari
408 2435 473 2467 aut
506 2430 575 2466 ulli
608 2429 852 2466 ecclesiastico
895 2429 1009 2464 statui
1051 2428 1203 2464 illudere
1242 2427 1421 2470 audeant,
1461 2437 1501 2463 se
1534 2430 1570 2463 et
1604 2427 1773 2474 corporis
1803 2437 1946 2474 poenas
1985 2427 2167 2463 subituros
2201 2438 2278 2464 esse
2317 2432 2355 2464 et

117 2476 231 2512 exilio
257 2475 429 2512 traditum
451 2476 509 2511 iri.
557 2476 675 2522 Atque
697 2476 733 2511 ei
753 2476 806 2510 rei
827 2474 1056 2521 prospiciant
1076 2484 1149 2510 non
1173 2473 1291 2509 solum
1313 2473 1533 2508 sanctissimi
1565 2472 1738 2518 cuiusque
1767 2471 1839 2508 loci
1861 2473 2025 2519 episcopi
2049 2476 2084 2507 et
2106 2473 2172 2519 qui
2199 2473 2246 2508 iis
2267 2472 2351 2509 sub·

117 2522 199 2557 iecti
221 2526 307 2556 sunt
329 2521 469 2563 clerici,
501 2520 567 2557 sed
595 2521 702 2557 etiam
726 2519 849 2556 civiles
878 2523 914 2555 et
936 2519 1110 2556 militares
1139 2519 1378 2566 maqistratus
1408 2521 1445 2554 et
1467 2517 1597 2564 officia
1620 2517 1666 2553 iis
1687 2517 1848 2554 subiecta
1878 2521 1913 2553 et
1937 2517 2009 2553 loci
2033 2517 2206 2564 cuiusque
2228 2517 2353 2564 defen·

164 2602 184 2634 3
203 2598 399 2639 ταξεωτῶν
412 2601 484 2634 Ecl.
504 2601 516 2643 11
532 2596 794 2634 διεκδικεῒσθαι
810 2600 838 2634 S
855 2599 867 2643 11
883 2597 1132 2643 τολμήσαντας
1147 2599 1176 2632 S
1190 2597 1202 2643 11

119 2647 141 2679 4
164 2644 211 2678 εἰς
234 2643 405 2689 κεφαλὴν]
430 2645 468 2678 ἐκ
491 2646 557 2678 τοῦ
581 2643 695 2688 νόμου
715 2646 784 2678 LB
816 2643 1014 2689 κεφαλικῶς
1036 2646 1201 2690 τιμωρεῖ-

119 2689 213 2723 σθαι
237 2703 263 2723 s.
276 2703 305 2722 v.
321 2691 351 2723 L
376 2688 588 2735 (κεφαλικιῦς
611 2688 855 2736 τιμωρεῖσθαι
878 2692 950 2732 ἔχει
973 2686 992 2722 ὁ
1015 2686 1203 2735 θἐόδωρος

119 2736 281 2769 Nomoc.m
294 2737 326 2768 in
344 2739 460 2779 mary.)
479 2737 490 2777 11
515 2737 534 2769 5
559 2731 755 2780 ὑποφέρειν
779 2736 851 2769 Ecl.
869 2735 882 2779 11
907 2737 928 2770 6
953 2732 1070 2776 ἰδίων]
1096 2730 1204 2777 αὐτῆς

119 2781 149 2813 S
165 2780 178 2823 11
194 2782 212 2813 7
231 2779 278 2813 εἰς
292 2779 537 2825 μοναστήριον
552 2780 732 2814 Nomocflm
749 2780 761 2823 11
779 2782 799 2814 8
823 2782 883 2813 καὶ
907 2793 966 2813 om.
981 2780 1032 2813 Br
1045 2781 1056 2823 11
1076 2781 1096 2814 9
1121 2781 1202 2823 μέν·

118 2836 176 2859 τοι
201 2826 229 2859 S
246 2828 258 2866 11
284 2827 324 2858 10
348 2825 419 2866 ἔχει
433 2827 511 2859 Sv.
527 2827 559 2865 l.‚
581 2826 704 2859 MEcl.
721 2824 899 2859 Νοιηοσ.ῑ”’ι
915 2825 928 2868 11
946 2822 1116 2858 διδόσθω
1141 2826 1170 2859 S
1191 2825 1203 2869 11

121 2873 160 2904 11
184 2868 265 2904 ἑνὸς
288 2883 346 2903 om.
364 2871 413 2903 Βο
429 2871 440 2909 11
462 2871 502 2904 12
527 2869 639 2914 παρὰ]
663 2865 735 2904 ὑπὸ
758 2871 786 2903 S
814 2870 883 2902 iuri
903 2882 923 2906 ς
939 2870 952 2913 11
978 2872 1019 2905 13
1043 2869 1092 2913 μὴ
1111 2867 1204 2903 Ιδιεκ-

120 2912 256 2961 δικηθῇ
279 2922 354 2958 post
375 2912 571 2960 πράγματα
598 2917 638 2949 12
664 2916 734 2948 coll.
750 2915 805 2958 811
832 2917 872 2949 14
895 2914 974 2948 τῶν
996 2914 1202 2961 πριβάτων]

120 2974 147 2994 s.
172 2974 204 2994 υ.
232 2960 311 2993 τῶν
341 2956 470 2992 ἰδικιῦν
493 2961 524 2993 L
560 2960 623 3002 τῆς
653 2957 766 3001 ἰδικῆς
794 2956 899 3003 ἡμῶν
927 2963 1131 3004 περιουσίας
1154 2961 1206 2993 B!

119 3006 193 3040 Ecl.
223 3005 235 3049 11
263 3006 424 3049 υμετέρω
448 3005 493 3038 Μ
517 3005 529 3047 11
558 3007 688 3050 φίσκῳ]
724 3004 810 3046 οἴκῳ
834 3005 871 3038 Β
898 3004 911 3049 11
947 3007 988 3040 16
1017 3004 1064 3039 τοὶ
1097 3001 1202 3045 αὐτοὶ]

119 3050 166 3085 τὰ
194 3051 349 3084 τοιαῦτα
380 3049 432 3083 ΒΓ
450 3050 629 3092 Nomocffl,
669 3050 801 3083 Nomoc.
826 3050 858 3082 L
883 3052 930 3083 tit.
968 3049 980 3094 11
1008 3046 1203 3095 πράγματα

121 3109 180 3130 om.
206 3108 226 3133 ς
252 3097 264 3139 11
295 3092 480 3137 ἐκδικῆσαι
512 3097 604 3138 (post
627 3090 872 3136 ἀμελήσαντος
893 3107 922 3127 υ.
950 3097 990 3129 15
1016 3097 1100 3137 coll.)
1131 3096 1160 3128 S
1199 3094 1204 3138 1

121 3138 384 3185 ἀφαιρουμένης
404 3140 457 3175 ΒΓ
479 3141 492 3182 11
516 3142 557 3175 17
574 3138 710 3183 λιτρῶν
726 3139 827 3172 LBS
838 3141 872 3180 (ς
885 3140 976 3181 Iul.)]
1001 3138 1121 3185 λίτρας
1138 3140 1180 3174 Μ
1200 3139 1204 3185 Ι

123 3189 165 3222 18
189 3185 550 3230 εἰσπραχθησομένου
574 3185 604 3218 S
618 3186 783 3228 plerique,
809 3183 915 3217 LB‘s
934 3185 1094 3218 Νονιιοο.”ι
1119 3185 1132 3229 11
1165 3188 1203 3220 19

121 3232 295 3275 κοσμικῴ]
319 3231 482 3274 κοσμικῴ
497 3233 569 3274 βίῳ
583 3230 780 3263 Haloander
796 3242 834 3262 esc
850 3241 870 3265 ς
887 3229 899 3271 11
918 3231 959 3263 20
975 3232 1048 3263 τοῖς
1070 3244 1127 3264 om.
1145 3231 1172 3263 L
1194 3230 1205 3273 11

123 3279 166 3311 22
189 3273 212 3320 ἢ
235 3278 456 3323 μοναστρίαε
479 3275 665 3317 ΕΒςΙιιΙ]
702 3287 760 3309 om.
786 3274 864 3307 ΜΒ
892 3274 904 3317 11
935 3276 976 3309 23
1000 3272 1205 3317 οἱῳδὴποτε

121 3321 249 3366 τρόπῳ
266 3321 387 3362 τοῦτο]
405 3322 643 3363 cuiuscumque
659 3329 819 3363 personae
836 3321 870 3361 (ι’.
881 3332 906 3352 e.
923 3319 1124 3363 προςώπου)
1142 3321 1204 3352 hu·

122 3370 174 3400 ius
191 3379 210 3404 ς
226 3368 239 3411 11
257 3369 299 3401 25
317 3366 489 3410 ἐμπαῖξαι
505 3366 564 3409 εἰς]
589 3366 778 3410 ἐμπαίζειν
789 3365 839 3398 B·
857 3363 870 3408 11
887 3365 929 3398 28
945 3364 1009 3398 τοῦ
1025 3363 1203 3406 τοιού-του]

121 3412 250 3446 τούτου
272 3413 330 3448 ὃς
356 3413 368 3454 11
395 3409 438 3446 οὐ
459 3410 576 3456 μόνον
600 3424 658 3445 om.
673 3411 700 3445 S
709 3411 868 3454 plerique,
892 3420 913 3446 ς·
941 3409 954 3454 11
981 3411 1023 3444 29
1048 3406 1203 3443 ὁσιωτά-

122 3470 200 3491 των
225 3471 281 3491 om.
300 3459 326 3490 S
334 3469 353 3493 ς
369 3457 382 3500 11
404 3459 464 3490 καὶ
482 3477 526 3482 -
542 3459 585 3493 30
601 3454 781 3501 κληρικῶν
804 3467 862 3489 om.
878 3455 907 3489 S
928 3453 941 3498 11
965 3455 1008 3488 30
1033 3450 1136 3496 ἄλλα]
1161 3450 1204 3488 οὗ

121 3502 195 3557 μὴν
218 3499 309 3536 ἀλλὰ
333 3503 360 3535 S
367 3504 515 3546 plerique
533 3502 546 3547 11
561 3502 638 3536 τῶν
657 3499 945 3548 στρατιωτικῶν]
969 3499 1047 3533 τῶν
1071 3513 1129 3533 οηι.
1143 3500 1204 3533 SL

126 3550 274 3591 sortasse
290 3545 423 3582 rectius'
439 3549 628 3582 Zachariae

171 3684 186 3717 1
203 3693 271 3716 non
284 3682 384 3716 etiam
399 3692 512 3716 eorum
525 3681 743 3716 cuiuslibetR
760 3692 828 3715 non
842 3680 943 3714 unius
956 3678 1137 3713 cuiuslibet
1152 3679 1202 3723 Vss

1270 2596 1415 2630 iudicem
1432 2597 1467 2630 T
1478 2596 1491 2640 11
1508 2597 1553 2638 et]
1578 2597 1677 2629 etiam
1699 2597 1730 2631 V
1752 2596 1765 2640 11
1790 2598 1811 2630 2
1826 2596 1970 2630 iudicari
1987 2597 2020 2630 T
2029 2596 2039 2617 ¹
2056 2595 2069 2640 11
2085 2598 2195 2630 autem
2215 2609 2273 2631 om.
2289 2597 2324 2631 T
2340 2597 2353 2642 fl

1271 2643 1291 2676 3
1315 2642 1494 2675 sustinebit
1517 2642 1609 2676 R²T
1633 2641 1645 2686 11
1673 2643 1695 2676 4
1718 2652 1796 2675 vero
1820 2654 1879 2675 om.
1898 2642 1949 2675 T¹
1977 2641 1990 2686 11
2007 2641 2132 2684 ubique
2151 2641 2254 2684 VT¹]
2278 2641 2353 2676 ubi-

1271 2697 1413 2729 cumque
1437 2686 1524 2721 RT2
1534 2688 1621 2731 vuly.
1647 2686 1659 2730 11
1682 2687 1827 2729 *quaeri
1851 2688 1970 2721 addidi
1985 2687 1997 2731 11
2026 2688 2045 2720 5
2070 2688 2106 2719 in
2131 2688 2209 2722 add.
2233 2688 2290 2722 vul
2311 2711 2320 2721 .

1272 2733 1408 2766 recondi
1426 2732 1478 2766 Τ*
1491 2733 1590 2777 vulp]
1607 2731 1700 2765 reddi
1715 2732 1750 2765 R
1760 2731 1842 2766 VT²
1858 2731 1870 2776 11
1887 2734 2004 2765 cautus
2019 2731 2069 2765 R¹
2087 2732 2100 2774 11
2115 2734 2136 2766 6
2151 2731 2264 2765 eadem
2279 2701 2329 2766 ᾖ*

1272 2778 1292 2812 8
1316 2778 1501 2820 legitimam
1524 2777 1725 2822 R²Tvul9.]
1749 2779 1782 2811 et
1799 2777 1984 2820 legitimam
2002 2777 2117 2821 R¹Vfl
2142 2777 2215 2810 dari
2238 2778 2325 2821 only.
2339 2779 2352 2822 11

1272 2824 1293 2857 9
1317 2823 1402 2856 citra
1425 2823 1475 2856 12¹
1503 2822 1516 2866 11
1544 2833 1670 2855 annum
1693 2833 1798 2855 unum
1823 2823 1862 2865 T,
1897 2833 2023 2856 annum
2049 2830 2127 2866 post
2155 2822 2354 2865 cognouerit

1272 2869 1345 2902 coll.
1368 2869 1401 2901 V
1423 2867 1435 2911 11
1464 2867 1688 2910 *cognouerit
1707 2867 1772 2901 VT
1801 2868 2012 2910 cognoscitur
2035 2869 2184 2911 Rvu19.;
2222 2880 2266 2901 an
2290 2869 2351 2911 leq,

1273 2912 1444 2955 cognitum
1459 2913 1526 2946 sit?
1545 2913 1557 2957 11
1575 2915 1616 2947 10
1629 2912 1772 2954 facinus]
1786 2912 2004 2946 commisisset
2017 2926 2043 2946 s.
2053 2925 2081 2947 υ.
2093 2913 2170 2946 add.
2187 2911 2247 2954 1⁷³,
2264 2922 2352 2945 com-

1272 2959 1398 2991 misisse
1423 2960 1501 2991 add.
1513 2959 1600 3002 vulq.
1624 2958 1637 3001 11
1661 2959 1734 2990 iure
1756 2957 1879 3000 R¹T2,
1904 2971 1961 2991 om.
1977 2958 2027 2991 Τι
2045 2958 2057 3001 11
2079 2957 2237 2990 domuum
2260 2957 2330 2991 ΒΤ
2339 2956 2352 3001 11

1272 3014 1340 3036 non
1365 3016 1423 3037 om.
1436 3002 1525 3036 R2V
1544 3002 1556 3046 11
1584 3004 1623 3037 11
1650 3003 1836 3035 commitem
1856 3003 1890 3036 V
1906 3003 2021 3035 comiti
2043 3003 2074 3035 R
2108 3001 2272 3034 committi
2299 3002 2352 3035 ΤΦ

1272 3048 1421 3081 commiti
1442 3048 1473 3081 T
1479 3046 1493 3069 '³
1510 3047 1523 3091 11
1544 3048 1584 3081 12
1601 3047 1679 3080 fisco
1696 3050 1810 3080 nostro
1824 3047 1858 3080 R
1869 3048 1955 3091 only.
1973 3046 1985 3090 11
2003 3048 2073 3088 has]
2090 3047 2171 3079 haec
2183 3047 2217 3080 R
2235 3046 2247 3090 11
2262 3047 2351 3080 iudi·

1272 3103 1342 3126 cem
1362 3092 1421 3134 2⁷2,
1445 3092 1556 3125 iudice
1578 3093 1718 3126 restituit
1735 3091 1788 3125 Τ8
1803 3091 1816 3135 11
1836 3093 1876 3126 13
1900 3092 2039 3133 easdem]
2064 3102 2115 3125 res
2139 3093 2216 3125 add.
2230 3093 2316 3136 only.
2338 3091 2352 3137 11

1275 3140 1317 3173 14
1340 3137 1415 3170 auri
1436 3149 1494 3170 om.
1507 3137 1540 3170 R
1563 3136 1639 3169 auri
1657 3146 1678 3169 a
1697 3149 1755 3170 om.
1771 3137 1821 3170 T¹
1836 3136 1849 3180 11
1867 3136 2022 3170 commite
2043 3136 2098 3180 Vn
2124 3138 2164 3170 15
2189 3136 2351 3179 exigendo

1272 3184 1371 3226 only-1
1397 3181 1556 3224 exigenda
1577 3182 1640 3215 VT
1659 3181 1853 3223 exigendam
1872 3182 1904 3214 R
1920 3182 1932 3225 11
1965 3184 2005 3216 19
2029 3181 2154 3224 itaque]
2178 3181 2291 3224 itaque
2314 3182 2351 3215 in

1275 3228 1328 3261 Ta
1344 3227 1357 3271 11
1373 3226 1545 3267 saeculari]
1561 3225 1693 3259 saeculo
1709 3227 1745 3259 in
1764 3226 1796 3260 T
1802 3227 1812 3246 ¹
1831 3226 1844 3270 11
1861 3228 1901 3261 21
1919 3227 2166 3269 prostrantibus
2182 3227 2259 3261 RV
2274 3237 2350 3270 pro-

1271 3272 1431 3306 stratibus
1450 3270 1500 3305 Τ2
1516 3271 1529 3315 Ι
1546 3272 1589 3305 22
1605 3271 1658 3304 uti
1672 3272 1771 3314 vala]
1795 3275 1834 3304 ut
1850 3272 1919 3305 ΒΤ
1937 3286 1999 3303 n·
2018 3273 2062 3306 V¹
2086 3282 2147 3305 nec
2162 3282 2230 3305 non
2248 3275 2281 3305 et
2302 3270 2351 3306 V*

1272 3320 1306 3350 et
1320 3319 1359 3350 ut
1380 3316 1429 3350 V⁸
1446 3316 1458 3358 11
1473 3317 1607 3349 scemati
1624 3317 1655 3349 R
1666 3317 1713 3349 V¹
1725 3317 1757 3350 T
1768 3316 1780 3360 11
1806 3318 2005 3351 monasterie
2025 3318 2057 3351 T
2068 3317 2080 3361 11
2098 3319 2158 3351 aut
2173 3316 2303 3350 asistrie
2325 3317 2354 3350 V

1272 3365 1331 3395 aut
1353 3361 1466 3395 sistrie
1491 3362 1551 3402 ΤΞ,
1575 3374 1634 3396 om.
1649 3361 1734 3395 RT¹
1754 3360 1767 3405 11
1795 3362 1835 3395 23
1861 3363 1962 3396 huius
1983 3364 2042 3404 T¹]
2067 3363 2120 3396 ius
2142 3363 2176 3396 V
2193 3362 2246 3395 his
2263 3359 2351 3395 RT²

1271 3406 1462 3440 huiusmodi
1485 3408 1583 3451 only„
1613 3406 1677 3439 hoc
1700 3407 1880 3440 Heimbach
1909 3408 1922 3451 11
1949 3408 2100 3441 inmitari
2124 3408 2155 3441 V
2180 3405 2350 3440 immutari

1272 3453 1304 3486 R
1320 3452 1332 3495 11
1351 3453 1394 3486 24
1415 3453 1484 3492 aut]
1509 3455 1548 3485 ut
1571 3452 1619 3485 R*
1637 3452 1650 3494 11
1674 3453 1725 3484 uti
1742 3451 1814 3493 tali]
1839 3452 1875 3485 in
1892 3453 1953 3486 tali
1969 3454 2018 3487 Β*
2033 3453 2083 3486 T¹
2105 3451 2246 3485 utilitati
2265 3451 2297 3485 T
2305 3451 2315 3471 ¹
2337 3450 2350 3497 11

1272 3498 1314 3532 25
1337 3497 1490 3529 inmitari
1513 3497 1546 3530 R
1567 3497 1579 3539 11
1605 3507 1681 3530 eum
1703 3510 1762 3531 om.
1777 3498 1863 3541 vulq.
1885 3497 1898 3542 11
1923 3498 2077 3539 illudere]
2101 3497 2187 3530 illud
2211 3498 2258 3530 est
2282 3496 2315 3529 R
2337 3499 2349 3540 11

1271 3541 1451 3586 disciplina
1462 3542 1686 3575 ecclesiastica
1698 3543 1749 3576 13⁰
1760 3541 1773 3587 11
1790 3543 1832 3576 26
1846 3543 1925 3584 quia
1937 3545 1981 3585 et]
1998 3546 2031 3577 et
2045 3544 2107 3577 del.
2119 3541 2169 3576 1⁷²
2185 3541 2198 3586 11
2215 3543 2255 3575 2Ἰ
2271 3550 2348 3574 con-

1270 3587 1451 3621 traduntur
1466 3588 1500 3621 R
1517 3587 1529 3631 11
1546 3588 1626 3621 huic
1642 3588 1739 3631 vul9.]
1765 3588 1864 3621 huius
1884 3589 1962 3622 libri
1975 3587 1989 3634 11
2006 3590 2049 3623 28
2074 3587 2184 3628 etiam]
2209 3589 2243 3621 et
2265 3585 2315 3621 Τ*

1271 3634 1314 3667 29
1338 3632 1478 3666 cuilibet
1503 3633 1560 3677 Τ11
1577 3643 1662 3675 quae
1676 3633 1777 3677 only-J
1800 3633 1861 3675 qni
1882 3633 2015 3678 RVT!
2030 3635 2073 3669 30
2097 3634 2178 3667 sunt
2200 3629 2323 3666 orn-R.¹

1270 3680 1412 3719 Poenas]
1437 3680 1553 3711 Pu·-
1577 3678 1627 3713 V¹
2240 3715 2245 3718 ,
