2476 3854
164 94 366 126 EDICTUM
393 95 639 127 lus'rmmm
1219 81 1304 129 704
2068 89 2178 134 Nov.
2205 89 2340 134 CXLI
2373 93 2390 131 1

164 195 222 225 καὶ
253 194 315 235 τῆς
344 195 597 238 μακροθυμίας
628 195 692 228 τοῦ
724 192 992 238 φιλανθρώπου
1023 194 1134 236 θεοῦ,
1167 195 1227 228 ἵνα
1257 196 1306 240 μὴ
1338 196 1430 229 κατὰ
1462 196 1531 239 τὴν
1562 195 1721 241 σκληρὰν
1751 199 1811 230 καὶ
1843 193 2093 242 ἀμετανόητον
2116 196 2222 243 ἡμῶν
2244 198 2396 234 καοὸίαν

163 238 444 283 θησαυρίσωμεν
476 240 614 273 ἑαυτοῖς
643 237 756 284 ὀργὴν
788 240 827 272 ἐν
858 237 971 284 ἡμέρᾳ
1002 235 1125 285 ὀργῆς,
1157 237 1249 274 ἀλλὰ
1274 238 1413 275 πάντας
1438 242 1504 284 μὲν
1527 242 1605 275 τῶν
1628 243 1800 286 πονηρῶν
1823 241 2120 288 ἐπιτηδευμάτων
2143 247 2204 277 καὶ
2227 232 2396 290 πρᾶξεων

163 278 412 327 ἀποσχέσθαι,
443 284 600 327 μάλιστα
633 282 671 317 δὲ
694 283 776 317 τοὺς
799 285 843 329 τῇ
866 284 1010 328 μυσαρᾷ
1031 287 1090 317 καὶ
1114 284 1194 327 θεῷ
1217 288 1438 332 μεμισημένῃ
1464 284 1611 320 δικαίως
1635 283 1766 330 ἀνοσία
1790 287 1919 333 πράξει
1943 292 2208 323 συνσαπέντας·
2248 287 2396 335 λέγομεν

164 325 207 370 δὴ
230 329 298 371 τὴν
320 330 399 362 τῶν
422 326 584 374 ἀρρένων
608 327 767 374 φθοράν,
791 325 836 372 ἢν
859 327 981 363 ἀθέως
1011 327 1174 374 τολμῶσί
1197 340 1291 365 τινες
1314 329 1459 377 ἄρρενες
1488 332 1528 365 ἐν
1559 330 1683 377 ἄρρεσι
1707 331 1775 375 τὴν
1799 331 2054 376 ἀσχημοσύνην
2083 333 2395 380 κατεργαζόμενοι.

1169 453 1325 490 CAPUT
1348 454 1376 489 Ι.

292 529 408 572 Ἴσμεν
438 529 509 586 γὰρ
540 531 579 564 ἐκ
602 532 680 564 τῶν
706 531 822 565 θείων
845 532 998 576 γραφῶν
1019 528 1281 575 διδασκόμενοι,
1315 535 1425 566 ποίαν
1449 528 1468 564 ὁ
1492 532 1578 566 θεὸς
1597 531 1748 568 κόλασιν
1772 531 1917 568 δικαίαν
1940 533 2098 581 ἐπήγαγε
2120 537 2192 568 τοῖς
2215 534 2256 566 ἐν
2281 530 2394 567 Σοδό-
2442 534 2462 566 5

159 586 238 619 μοις
262 575 391 619 πρώην
414 575 578 618 οικῆσασι
602 575 663 609 διὰ
687 577 755 618 τὴν
778 580 859 620 περὶ
883 577 952 619 τὴν
966 576 1065 620 μῖξιν
1080 576 1217 620 ταύτην
1232 581 1379 621 μανίαν,
1404 573 1493 611 diste
1508 591 1532 621 μ
1549 579 1609 623 ’χρι
1624 579 1689 612 τοῦ
1707 579 1776 613 νῦν
1792 581 1932 623 ἐκείνην
1947 579 2016 623 τὴν
2030 581 2100 626 γῆν
2120 578 2289 623 ἀσβέστῳ
2309 580 2395 623 πυρί

162 620 447 664 κατακαίεσθαι,
479 621 543 654 τοῦ
569 621 660 654 θεοῦ
686 618 745 654 διὰ
770 621 899 655 τούτου
923 620 1244 667 παιδαγωγοῦντος
1267 620 1360 666 ἡμᾶς
1384 618 1472 655 ὦςτε
1495 622 1564 666 τὴν
1587 618 1742 657 ἀνοσίαν
1765 623 1903 667 ταύτην
1926 622 2224 670 ἀποστρέφεσθαι
2248 622 2394 668 πρᾶξιν.

159 665 263 707 ἴσμεν
287 663 327 698 δὲ
350 663 473 707 πάλιν,
507 664 565 699 οἷα
589 669 672 710 περὶ
695 668 773 700 τῶν
795 666 975 700 τοιούτων
997 665 1018 700 ὁ
1046 666 1143 700 θεῖος
1166 663 1368 701 ἀπόστολος
1391 665 1493 712 λέγει,
1517 666 1575 700 οἷά
1598 680 1639 702 τε
1661 667 1697 702 οἱ
1718 669 1781 712 τῆς
1803 668 1985 704 πολιτείας
2009 667 2068 704 δια
2093 667 2255 714 ορεύουσι
2277 666 2393 712 νόμοι.

159 706 246 743 ὥςτε
270 709 411 745 πάντας
434 707 592 756 ὀφείλειν
611 712 664 754 τῷ
689 712 754 745 τοῦ
779 711 870 745 θεοῦ
895 714 1130 756 προςέχοντας
1152 710 1260 757 φόβῳ
1285 709 1513 754 ἀποσχέσθαι
1538 713 1599 755 τῆς
1621 711 1789 757 τοιαύτης
1812 712 1963 759 ἀσεβοῦς
1980 717 2040 748 καὶ
2058 717 2205 749 ανοσίας
2221 725 2250 748 π
2272 712 2394 754 άξεως,

158 752 203 796 ἢν
234 751 319 788 οὐδὲ
350 757 390 789 ἐν
413 752 556 801 ἀλόγοις
579 753 880 800 ἁμαρτανομένην
905 758 1006 790 ἐστὶν
1029 754 1164 801 εὑρεῖν·
1204 760 1264 790 καὶ
1288 757 1370 791 τοὺς
1392 758 1460 800 μὲν
1482 755 1596 800 μηδὲν
1619 758 1756 793 ἑαυτοῖς
1779 757 1987 794 συνειδότας
2009 760 2177 794 τοιοῦτον
2200 771 2248 803 <pv
2284 757 2396 793 ’ττειν
2419 758 2459 790 10

158 800 302 834 ἑαυτούς
333 803 393 834 καὶ
425 802 515 846 πρὸς
546 800 614 835 τὸν
649 802 776 836 ἔπειτα
806 800 948 846 χρόνον,
980 801 1063 836 τοὶς
1094 800 1134 836 δὲ
1156 799 1224 844 ἤδη
1249 804 1500 837 συνσαπέντας
1516 802 1635 845 τούτῳ
1659 805 1713 845 τῷ
1739 803 1855 838 πάθει
1877 804 1926 848 μὴ
1949 805 2065 849 μόνον
2089 802 2307 839 παύσασθαι
2329 803 2394 837 τοῦ

158 844 295 885 λοιποῦ,
322 842 413 879 ἀλλὰ
438 849 498 879 καὶ
520 847 742 889 μετανοῆσαι
767 844 913 880 δικαίως
936 849 995 879 καὶ
1018 847 1071 889 τῷ
1096 847 1176 889 θεῷ
1202 850 1426 893 προςπεσεῖν,
1458 849 1518 880 καὶ
1550 847 1798 902 προςαγγεῖλαι
1821 850 1874 891 τῷ
1898 848 2167 894 μακαριωτάτῳ
2191 845 2394 893 πατριάρχη

156 890 226 932 τὴν
245 889 355 924 νόσον
379 894 440 924 καὶ
463 891 603 936 τρόπον
626 892 825 936 θεραπείας
847 890 984 936 λαβεῖν,
1017 894 1077 924 καὶ
1100 891 1192 927 κατὰ
1215 892 1258 926 τὸ
1282 894 1529 938 γεγραμμένον
1552 905 1695 937 καρπον
1718 894 1875 939 ἐνεγκεῖν
1896 897 2104 939 μετανοίας,
2137 894 2197 927 ἵνα
2221 891 2241 926 ὁ
2267 889 2393 938 φιλάν-

156 935 308 980 θρωπος
332 936 420 970 θεὸς
443 935 535 970 κατὰ
559 936 628 970 τὸν
651 935 811 971 πλοῦτον
833 937 911 971 τῶν
934 934 1040 970 ἰδίων
1063 937 1258 982 οἰκτιρμῶν
1281 934 1419 984 ἀξιώσῃ
1440 936 1723 983 φιλανθρωπίας
1745 941 1805 972 καὶ
1823 936 1927 983 ἡμᾶς,
1951 941 2012 972 καὶ
2036 939 2170 974 πάντες
2186 934 2393 983 εὐχαριστή-

156 991 279 1023 σωμεν
309 982 370 1015 ἐπὶ
400 982 445 1028 τῇ
475 982 552 1016 τῶν
582 982 863 1026 μετανοούντων
892 985 1070 1026 σωτηρίᾳ·
1104 981 1155 1016 οἷς
1185 985 1246 1016 καὶ
1276 983 1346 1017 νῦν
1374 981 1457 1017 τοὺς
1489 980 1664 1028 ἄρχοντας
1694 982 1906 1024 ἐπεξελθεῖν
1936 981 2172 1028 ἐκελεύσαμεν
2198 982 2267 1016 τὸν
2299 981 2394 1016 θεὸν
2420 982 2460 1016 15

156 1025 423 1060 θεοαπεύοντες
451 1026 519 1060 τὸν
549 1024 696 1061 δικαίως
727 1025 813 1072 ἡμῖν
843 1023 1086 1080 ὀργιζόμενον.
1135 1031 1194 1061 καὶ
1214 1029 1295 1062 νῦν
1322 1028 1389 1071 μὲν
1408 1027 1499 1072 πρὸς
1516 1029 1559 1061 τὸ
1584 1029 1662 1062 τῶν
1681 1027 1798 1075 ἁγίων
1821 1026 1965 1075 ἡμερῶν
1987 1031 2094 1074 σέβας
2116 1026 2255 1062 ἰδόντες
2278 1038 2394 1072 παρα·

155 1058 335 1114 καλοῦμεν
365 1071 433 1105 τὸν
464 1070 735 1118 φιλάνθρωπον
766 1071 861 1106 θεὸν
887 1070 986 1106 οὕτω
1016 1074 1239 1116 μετανοῆσαι
1272 1073 1353 1107 τοὺς
1381 1073 1434 1115 τῷ
1465 1070 1622 1116 τοιούτῳ
1646 1075 1709 1116 τῆς
1737 1071 1888 1118 ἀσεβοῦς
1918 1074 2049 1118 ταύτης
2072 1073 2236 1119 πράξεως
2258 1069 2391 1118 ἐγκυλι-

156 1116 314 1150 σθέντας
346 1115 527 1162 βορβόρῳ,
558 1114 605 1151 ὠς
634 1115 725 1162 μηδὲ
755 1118 878 1162 ἕτερον
900 1115 987 1161 ἡμῖν
1011 1116 1268 1157 ἐπεξελεύσεως
1289 1115 1450 1160 δοθῆναι
1473 1117 1612 1163 καιρόν.
1659 1118 1948 1166 προαγορεύομεν
1969 1117 2009 1153 δὲ
2031 1120 2147 1153 πᾶσιν
2170 1117 2297 1164 ἐφεξῆς
2318 1119 2391 1151 τοῖς

154 1160 300 1195 τοιοῦτό
322 1175 358 1195 τι
382 1160 589 1196 συνειδόσιν
613 1163 748 1196 ἑαυτοῖς
771 1160 1020 1207 ἡμαρτῆσθαι,
1044 1160 1093 1196 ὠς
1116 1163 1146 1196 εἰ
1168 1162 1218 1206 μὴ
1242 1166 1303 1196 καὶ
1326 1161 1530 1197 παύσονται
1554 1166 1614 1196 καὶ
1638 1163 1953 1211 προςαγγείλαντες
1972 1164 2119 1198 ἑαυτοὺς
2140 1164 2194 1206 τῷ
2210 1174 2308 1207 μακα
2332 1173 2377 1195 ιω

154 1203 256 1249 τάτῳ
289 1206 492 1252 πατριάρχη
523 1209 586 1261 τῆς
614 1208 743 1242 οἰκείας
774 1206 1054 1251 ἐπιμελήσονται
1082 1211 1261 1253 σωτηρίας
1290 1205 1382 1252 ὑπὲρ
1411 1209 1490 1242 τῶν
1512 1207 1693 1243 τοιούτων
1713 1206 1779 1243 ἀσε
1806 1210 1860 1243 ῶν
1883 1209 2054 1256 πράξεων
2076 1208 2144 1243 τὸν
2167 1207 2263 1242 θεὸν
2285 1208 2304 1240 ἐ
2325 1204 2391 1240 ιλε-
2418 1206 2460 1240 20

154 1251 299 1295 ούμενοι
327 1252 414 1285 εἴσω
442 1244 505 1295 τῆς
536 1256 639 1298 αγίας
670 1253 810 1298 ἑορτῆς,
839 1255 1050 1297 πικοοτέρας
1081 1253 1217 1287 ἑαυτοῖς
1247 1251 1419 1293 ἐπάξουσι
1448 1257 1622 1298 τιμωρίας
1650 1251 1699 1288 οὖς
1728 1251 1770 1288 ού
1796 1255 1896 1299 εμιᾶς
1926 1257 1992 1288 τοῦ
2025 1253 2153 1289 λοιποῦ
2185 1250 2394 1308 συγγνώμης

154 1295 257 1336 ἄξιοι.
306 1295 389 1330 οὐδὲ
417 1297 488 1343 γὰρ
520 1295 763 1341 ἐνδοθήσεται
793 1295 875 1331 οὐδὲ
903 1285 1175 1342 ἆμεληθήσεται
1198 1297 1220 1340 ἡ
1243 1299 1308 1332 τοῦ
1332 1298 1540 1344 πράγματος
1564 1298 1708 1342 ζήτησις
1729 1302 1790 1333 καὶ
1813 1297 2014 1343 διόρθωσις
2043 1299 2091 1333 εἰς
2113 1297 2195 1333 τοὺς
2217 1310 2268 1339 μη
2290 1307 2393 1342 προς-

155 1340 389 1388 αγγέλλοντας
421 1342 567 1377 ἑαυτοὺς
598 1343 685 1377 εἴσω
716 1344 778 1387 τῆς
810 1341 913 1389 ἁγίας
937 1343 1077 1389 ἑορτῆς,
1108 1342 1132 1385 ἢ
1149 1346 1210 1376 καὶ
1234 1344 1453 1387 ἐμμένοντας
1476 1345 1520 1390 τῇ
1545 1340 1636 1390 αὐτῇ
1662 1340 1787 1389 ἀσεβεῖ
1808 1344 1953 1390 πράξει,
1986 1345 2046 1379 ἵνα
2068 1344 2117 1388 μὴ
2141 1341 2204 1377 διὰ
2226 1343 2290 1385 τῆς
2311 1343 2393 1386 περὶ

154 1389 262 1420 τοῦτο
294 1387 477 1434 ῥᾳθυμίας
508 1384 603 1422 καθ’
630 1385 736 1431 ἡμῶν
766 1387 834 1422 τὸν
865 1387 959 1422 θεὸν
987 1391 1275 1433 παροργίσωμεν,
1307 1387 1443 1434 πρᾶξιν
1473 1390 1706 1435 παρορῶντες
1736 1386 1853 1424 οὕτως
1879 1386 1993 1434 ἀσεβῆ
2018 1392 2078 1423 καὶ
2101 1384 2394 1434 ἇπηγορευμένην

154 1435 213 1464 καὶ
244 1431 374 1475 ἱκανὴν
406 1435 519 1467 οὖσαν
549 1433 617 1468 τὸν
642 1432 790 1479 ἇγαθὸν
821 1436 1040 1480 παροργίσαι
1071 1433 1166 1467 θεὸν
1195 1433 1243 1467 εἰς
1274 1433 1343 1476 τὴν
1367 1430 1549 1468 ἁπάντων
1573 1430 1768 1469 ἀπώλειαν.
1816 1435 1886 1470 Pro
1914 1437 2046 1470 ona-tur
2067 1430 2391 1477 Constantinopoli·
2414 1430 2459 1463 25

154 1477 246 1512 tanis
277 1477 412 1512 civibus
444 1478 586 1514 nost1is.
634 1478 716 1514 Dat.
749 1478 798 1514 id.
832 1479 940 1514 Mart.
976 1478 1045 1514 ΟΡ.
1070 1478 1195 1525 (imp.)
1220 1477 1277 1514 dn.
1303 1478 1494 1515 Iustiniani
1523 1489 1584 1524 pp.
1610 1480 1700 1524 Aug.
1732 1489 1826 1516 anno
1849 1446 2003 1516 Xfixll.
2028 1481 2114 1526 post
2147 1487 2247 1514 cons.
2269 1475 2395 1513 Basilii

153 1532 207 1557 vc.
234 1532 327 1558 anno
351 1522 485 1559 XVIII.
2234 1525 2280 1566 [a.
2302 1523 2394 1563 559]

153 1678 198 1703 ne
223 1679 295 1713 per
324 1668 454 1704 durum
485 1674 521 1705 et
543 1680 566 1704 a
583 1670 813 1716 paenitentia
836 1670 992 1705 alienum
1019 1680 1084 1704 cor
1105 1673 1268 1705 nostrum
1291 1669 1364 1720 ipsi
1386 1669 1490 1706 nobis
1511 1670 1776 1706 accumulemus
1798 1670 1892 1705 iram
1915 1671 1953 1706 in
1975 1670 2034 1706 die
2055 1669 2151 1711 irae,
2183 1667 2249 1705 sed
2271 1677 2394 1704 omnes

154 1713 297 1758 quidem
327 1714 502 1760 improbis
532 1714 663 1750 studiis
693 1719 730 1751 et
755 1715 956 1751 actionibus
979 1713 1175 1756 abstinere,
1205 1724 1364 1750 maxime
1383 1724 1468 1750 vero
1491 1724 1554 1750 eos
1575 1715 1642 1760 qui
1662 1716 1700 1750 in
1722 1715 1956 1751 abominabili
1978 1719 2015 1750 et
2035 1715 2163 1750 merito
2185 1723 2301 1750 exosa
2323 1712 2391 1749 deo

153 1759 296 1794 actione
316 1760 430 1805 impia
453 1763 773 1813 computruerunt:
797 1759 977 1806 loquimur
1000 1763 1119 1795 autem
1139 1758 1184 1794 de
1205 1762 1335 1806 stupro
1358 1758 1733 1805 masculorum,·quod
1748 1759 1852 1795 multi
1874 1759 2019 1806 nefarie
2036 1759 2260 1796 committunt
2273 1767 2393 1794 mares

153 1813 233 1837 cum
256 1804 416 1839 maribus
441 1805 699 1851 turpitudinem
718 1808 983 1851 perpetrantes.

286 1849 316 1884 Ι.
363 1848 506 1885 Scimus
536 1849 629 1885 enim
659 1860 709 1885 ex
740 1850 856 1885 saeris
885 1849 1079 1901 scripturis
1109 1848 1247 1892 edocti,
1278 1848 1386 1895 quale
1416 1847 1506 1884 deus
1534 1848 1667 1884 iustum
1694 1849 1913 1895 supplicium
1944 1849 1989 1885 iis
2019 1849 2084 1895 qui
2107 1847 2274 1885 Sodomis
2306 1847 2391 1884 olim

152 1892 384 1935 habitarunt,
409 1899 570 1941 propter
599 1893 694 1929 hunc
724 1895 762 1929 in
786 1894 1042 1930 commixtione
1063 1894 1229 1939 furorem
1252 1893 1434 1935 intulerit,
1464 1893 1556 1929 adeo
1578 1898 1620 1929 ut
1642 1894 1679 1929 in
1704 1893 1799 1929 hunc
1821 1905 1935 1940 usque
1957 1894 2050 1930 diem
2073 1894 2177 1941 reqio
2199 1893 2265 1929 illa
2287 1893 2391 1929 inex-

152 1939 263 1973 tincto
286 1939 365 1984 iqni
388 1939 529 1981 ardeat,
563 1949 643 1974 cum
668 1939 756 1974 deus
776 1950 845 1986 per
868 1939 938 1975 boc
961 1949 1030 1975 nos
1052 1938 1208 1981 erudiat,
1232 1942 1283 1979 ‚ut
1303 1938 1452 1985 impiam
1470 1938 1578 1974 istam
1602 1938 1779 1975 actionem
1802 1949 2019 1976 aversemur.
2066 1938 2225 1974 Rursum
2248 1938 2391 1980 scimus,

151 1983 279 2028 qualia
302 1984 347 2019 de
369 1983 426 2019 liis
450 1984 581 2019 talibus
602 1988 751 2020 sanctus
774 1984 964 2031 apostolus
987 1984 1097 2026 dicat,
1121 1987 1157 2019 et
1179 1983 1304 2029 qualia
1325 1984 1382 2020 rei
1398 1983 1568 2030 publicae
1592 1983 1689 2029 leqes
1702 1985 1944 2030 praecipiant.
1983 1983 2116 2030 Itaque
2131 1993 2254 2019 omnes
2269 1982 2391 2019 timori

151 2028 212 2063 dei
239 2029 369 2064 intenti
398 2028 578 2065 abstinere
609 2029 738 2065 debent
765 2030 878 2076 impia
910 2035 947 2065 et
969 2030 1117 2074 nefaria
1140 2029 1295 2070 actione,
1319 2039 1414 2075 quae
1435 2038 1480 2064 ne
1503 2039 1527 2063 a
1550 2027 1666 2064 brutis
1688 2028 1831 2074 quidem
1854 2028 2071 2064 animalibus
2093 2029 2275 2066 invenitur
2296 2037 2390 2064 com-

151 2073 261 2108 missa
269 2086 284 2115 ;
314 2078 350 2109 et
381 2074 444 2120 qui
475 2074 617 2120 quidem
641 2075 776 2110 nullius
798 2074 975 2110 eiusmodi
994 2074 1049 2109 rei
1071 2073 1140 2109 sibi
1163 2073 1299 2109 conscii
1321 2077 1424 2116 sunt,
1455 2073 1494 2108 in
1515 2073 1683 2118 futurum
1707 2084 1850 2120 quoque
1874 2078 2014 2121 tempus
2035 2073 2104 2110 sibi
2125 2077 2296 2116 caveant,
2326 2072 2392 2119 qui

150 2122 269 2153 autem
293 2118 360 2154 hoc
383 2119 518 2165 affectu
541 2120 612 2155 iarn
636 2123 953 2166 computruerunt,
983 2130 1058 2155 non
1079 2119 1195 2154 solum
1218 2119 1256 2153 in
1272 2123 1464 2165 posterum
1489 2119 1533 2154 ab
1561 2127 1603 2154 eo
1626 2118 1820 2160 desistant,
1851 2118 1916 2155 sed
1946 2120 2054 2155 etiam
2078 2119 2242 2155 meritam
2261 2117 2389 2165 paeni-

151 2165 297 2199 tentiam
327 2169 443 2210 aqant
473 2168 509 2200 et
537 2164 603 2200 deo
634 2175 673 2200 se
701 2164 931 2206 submittant,
962 2169 998 2200 et
1028 2164 1232 2200 beatissimo
1254 2163 1492 2210 patriarchae
1515 2163 1677 2199 morbum
1698 2163 1910 2200 denuntient
1931 2168 1967 2200 et
1987 2163 2192 2200 sanationis
2213 2163 2391 2200 rationem

150 2209 344 2254 accipiant,
368 2213 404 2245 et
425 2209 619 2245 secundum
644 2210 682 2245 id
704 2209 805 2255 quod
825 2211 1001 2257 scriptum
1025 2213 1079 2245 est
1096 2209 1260 2254 fructum
1281 2209 1410 2254 ferant
1429 2208 1687 2254 paenitentiae,
1711 2213 1751 2244 ut
1772 2209 1927 2245 clemens
1941 2209 2029 2245 deus
2037 2219 2112 2256 pro
2131 2209 2238 2255 copia
2252 2207 2390 2244 miseri-

150 2254 298 2289 cordiae
319 2265 408 2290 suae
431 2265 499 2290 nos
521 2265 666 2301 quoque
689 2256 876 2291 clementia
899 2266 967 2290 sua
991 2254 1171 2300 eliquetur,
1206 2257 1243 2290 et
1266 2263 1388 2290 omnes
1410 2254 1444 2289 ei
1466 2253 1610 2299 qratias
1633 2263 1786 2300 aqamus
1834 2265 1877 2289 ro
1899 2265 2023 2290 eorum
2046 2254 2110 2300 qui
2126 2253 2389 2307 paenitentiam

150 2304 266 2344 aqunt
293 2299 430 2335 salute.-
469 2311 561 2345 quos
589 2311 684 2335 nunc
714 2311 860 2346 quoque
890 2300 1127 2345 maqistratus
1152 2299 1327 2345 persequi
1359 2299 1527 2334 iussimus
1552 2298 1657 2334 deum
1688 2298 1931 2343 concitantes,
1955 2299 2020 2345 qui
2042 2303 2169 2335 merito
2192 2298 2295 2335 nobis
2314 2297 2390 2333 ira-

148 2345 271 2379 scitur.
324 2344 372 2379 Et
400 2355 497 2380 nunc
528 2345 671 2391 quidem
700 2345 750 2380 ad
774 2356 963 2381 sacrorum
986 2344 1125 2379 dierum
1148 2343 1358 2390 reliqionem
1380 2343 1614 2389 respicientes
1636 2343 1828 2390 beniqnum
1851 2343 1957 2380 deum
1979 2354 2172 2390 roqamus,
2202 2346 2244 2379 ut
2267 2342 2332 2389 qui
2351 2342 2391 2377 in

151 2389 217 2423 tali
239 2389 373 2436 impiae
396 2389 503 2425 huius
525 2390 680 2426 actionis
703 2401 815 2426 coeno
839 2390 1062 2432 volutantur,
1086 2389 1139 2424 ita
1162 2389 1212 2424 ad
1229 2388 1491 2435 paenitendum
1514 2392 1683 2435 aqantm,
1714 2393 1754 2424 ut
1777 2388 1853 2424 alia
1874 2389 1929 2424 rei
1949 2388 2222 2436 persequendae
2245 2388 2389 2424 occasio

150 2434 253 2469 nobis
276 2445 350 2470 non
373 2436 445 2470 iam
467 2434 696 2481 praebeatur.
746 2436 1007 2471 Denuntiamus
1026 2440 1145 2470 autem
1170 2434 1334 2469 omnibus
1355 2433 1525 2479 deinceps
1573 2434 1611 2468 ui
1633 2433 1809 2469 eiusmodi
1831 2433 1988 2469 alicuius
2002 2433 2151 2485 peccati
2171 2433 2242 2470 sibi
2253 2432 2394 2469 conscii

148 2483 245 2520 sunt,
269 2480 340 2515 nisi
363 2486 398 2515 et
414 2491 572 2526 peccare
596 2480 768 2516 desierint
790 2485 825 2516 et
846 2491 886 2516 se
908 2481 982 2527 ipsi
1003 2479 1208 2515 beatissimo
1225 2477 1464 2525 patriarchae
1487 2478 1532 2514 de
1553 2483 1694 2514 erentes
1706 2479 1881 2526 propriae
1896 2478 2007 2514 saluti
2018 2477 2295 2526 prospexerint,
2315 2487 2389 2524 pro

149 2524 270 2570 impiis
300 2525 476 2560 eiusmodi
505 2525 708 2561 actionibus
739 2525 843 2561 deum
872 2525 971 2561 intra
1001 2528 1148 2560 sanctos
1177 2523 1254 2560 dies
1281 2524 1401 2569 festos
1426 2522 1636 2570 placantes,
1669 2523 1875 2559 acerbiores
1902 2523 1971 2560 sibi
1986 2533 2130 2570 poenas
2153 2522 2390 2559 arcessitur-os

149 2579 236 2613 esse,
260 2571 322 2615 qui
349 2581 396 2616 pe
419 2571 485 2616 qui
505 2570 606 2606 nulla
629 2571 668 2605 in
686 2575 874 2617 posterum
897 2571 1002 2607 venia
1025 2569 1128 2615 diqni
1149 2569 1236 2606 sint.
1283 2568 1410 2615 Neque
1432 2568 1527 2604 enim
1549 2569 1751 2604 remittetur
1773 2579 1890 2615 neque
1907 2571 2118 2615 neqteqetur
2134 2568 2189 2603 rei
2203 2566 2390 2619 inquisitio

148 2618 184 2647 et
206 2625 306 2649 emen
333 2617 406 2650 atio
431 2615 603 2651 adversus
626 2625 688 2651 eos
711 2617 777 2661 qui
798 2617 895 2651 intra
918 2618 1064 2650 sanctos
1086 2613 1163 2650 dies
1183 2614 1302 2659 festos
1324 2625 1364 2649 se
1386 2624 1459 2649 non
1482 2613 1687 2656 detulerint,
1710 2613 1767 2650 vel
1788 2615 1895 2649 etiam
1918 2614 1957 2649 in
1980 2612 2103 2650 eadem
2118 2612 2231 2660 impia
2245 2615 2388 2648 actione

147 2661 475 2703 perseveraverint:
506 2671 551 2695 ne
572 2671 640 2706 per
662 2661 925 2707 neqleqentiam
950 2660 1020 2696 bac
1041 2660 1080 2695 in
1103 2670 1144 2695 re
1167 2658 1392 2694 commissam
1415 2657 1520 2694 deum
1552 2662 1683 2694 contra
1713 2669 1781 2694 nos
1809 2658 2014 2702 irritemus,
2045 2658 2081 2694 si
2111 2659 2290 2694 actionem
2317 2661 2390 2692 tam

149 2703 295 2749 impiam
319 2709 354 2740 et
374 2704 596 2751 prohibitam
612 2706 949 2752 praetermittamus
968 2715 1133 2752 quaeque
1155 2703 1288 2740 idonea
1309 2704 1358 2740 sit
1381 2702 1432 2739 ad
1449 2703 1580 2740 bonum
1603 2703 1706 2739 deum
1721 2703 1760 2739 in
1776 2704 1934 2739 omnium
1944 2703 2144 2750 perniciem
2159 2700 2389 2739 irritandum.

195 2861 215 2893 2
238 2856 352 2905 ὀργῆς]
374 2864 521 2907 κρίσεως
545 2863 635 2895 malit
660 2863 847 2897 Zachariae
863 2863 876 2906 ΙΙ
893 2864 912 2895 3
934 2863 1183 2896 συσσαπέντας
1202 2862 1234 2895 L
1302 2862 1372 2896 scil.
1408 2862 1528 2895 dierum
1554 2861 1758 2904 paschalium
1789 2862 1844 2906 (cf
1874 2861 1927 2894 21.
1961 2862 2018 2901 23)
2044 2859 2057 2900 ΙΙ
2086 2856 2220 2893 εἰδότες
2244 2859 2275 2893 L
2300 2858 2315 2904 fl
2346 2861 2388 2895 18

150 2907 273 2947 (id.11)
289 2908 301 2949 ss
322 2908 341 2939 4
366 2909 410 2948 τῆ
428 2907 505 2940 τῶν
521 2904 683 2951 ἀρρένων
700 2907 826 2954 φθορᾶ
844 2909 875 2941 L
892 2909 904 2951 ΙΙ
922 2909 962 2940 ἐν
979 2921 1037 2941 om.
1057 2909 1085 2940 L
1102 2906 1114 2951 ΙΙ
1134 2908 1235 2952 ἔργα·
1302 2901 1615 2952 προσαγορεύομεν
1639 2906 1671 2939 L
1696 2905 1708 2949 ΙΙ
1741 2907 1782 2940 19
1813 2905 1846 2938 εἰ
1872 2905 1922 2949 μὴ
1953 2907 2013 2937 καὶ
2037 2905 2081 2946 L]
2109 2904 2141 2937 εἰ
2167 2906 2227 2937 καὶ
2247 2902 2298 2948 μὴ
2322 2904 2369 2938 M
2376 2903 2389 2950 ΙΙ

149 2947 292 3005 ζόμενοι
317 2951 375 2984 Ma
393 2951 406 2995 ΙΙ
423 2953 442 2985 6
467 2952 528 2984 τοῦ
554 2953 596 2992 L]
623 2965 680 2985 om.
707 2953 753 2985 M
764 2955 775 2993 ΙΙ
794 2955 810 2985 7
836 2953 964 2986 τούτου
990 2953 1047 2993 Μ]
1072 2953 1180 2985 τοῦτο
1203 2952 1234 2985 L
1303 2949 1509 2985 παύσαντες
1533 2952 1582 2984 L“
1601 2949 1766 2995 Πᾶαυτοῖς
1789 2951 1819 2983 L
1837 2950 1849 2993 ΙΙ
1867 2952 1910 2984 22
1927 2947 1998 2996 γὰρ
2015 2949 2074 2991 Μ]
2096 2940 2183 2994 γοῦν
2203 2949 2232 2982 L
2248 2949 2262 2992 fl
2278 2960 2387 2993 προσ-

147 2995 159 3040 Η
175 2998 327 3029 ανοσίαν
352 2997 409 3037 Μ]
434 2993 573 3039 ἄνομον
598 2997 628 3029 L
654 2996 666 3038 ΙΙ
697 2998 716 3030 8
739 2994 857 3040 νόμοι]
891 2999 932 3040 cf.
957 3010 1026 3031 nov.
1052 2997 1240 3030 LXXVII
1305 2995 1521 3042 αγγέλοντας
1545 2996 1617 3028 ML
1648 3000 1661 3039 11
1689 2996 1732 3029 24
1761 2995 1870 3028 τοῦτο
1894 2995 2069 3037 Scrimqer]
2093 2993 2226 3026 τοῦτον
2248 2994 2295 3027 Μ
2306 2992 2388 3028 τού-

149 3054 174 3074 c.
203 3044 216 3074 1
241 3054 295 3084 pr.
325 3041 337 3084 ΙΙ
368 3044 408 3076 10
434 3039 712 3085 ἀμαρτανομένη
737 3042 780 3075 M
805 3042 817 3085 ΙΙ
842 3043 1008 3075 τοιοῦτον
1033 3043 1092 3082 M]
1119 3038 1234 3075 τοιού·
1302 3054 1365 3075 τον
1390 3042 1422 3074 L
1447 3038 1603 3082 (τούτων
1627 3042 1708 3073 coni.
1734 3040 1932 3081 Zachariae)
1951 3038 1964 3082 ΙΙ
1981 3040 2023 3073 25
2051 3038 2227 3072 clausulam
2253 3039 2387 3073 latinam

147 3096 229 3119 τους
248 3086 293 3127 L,
319 3087 485 3119 τοιοῦτον
507 3085 691 3119 τοιούτους
714 3088 795 3119 coni.
822 3087 1008 3120 Zachariae
1026 3086 1039 3130 Ι]
1062 3085 1235 3132 φυλάττε-
1303 3099 1370 3119 una
1388 3098 1456 3120 cum
1470 3088 1590 3119 subscr.
1607 3096 1665 3117 om.
1680 3084 1712 3116 L
1729 3084 1742 3127 ΙΙ
1759 3085 1802 3118 26
1822 3083 1954 3116 οἰυίᾶιιε
1968 3083 2013 3116 Μ
2022 3083 2036 3127 fl
2052 3084 2284 3126 subscriptione
2300 3092 2390 3118 earet

149 3131 242 3164 σθαι
268 3126 396 3165 αὐτοὺς
409 3132 439 3164 L
457 3132 469 3173 ΙΙ
490 3133 528 3165 13
553 3132 809 3178 γεγραμμένον]
835 3133 877 3175 cs.
896 3132 1023 3175 Evanq.
1039 3133 1157 3164 Matth.
1173 3133 1203 3171 3,
1218 3138 1235 3165 8
1306 3131 1427 3165 ΤΙιεοᾱ.
1448 3140 1499 3173 op.
1523 3129 1580 3164 dn.
1605 3129 1684 3161 inst.
1711 3128 1753 3161 M
1764 3127 1777 3173 ΙΙ
1794 3130 1868 3171 post
1885 3126 2004 3161 basilio
2027 3138 2080 3161 uo.
2105 3137 2210 3162 conss.
2235 3128 2283 3164 Μ

147 3176 159 3221 Η
175 3176 332 3221 καρποὺς
354 3179 593 3223 συνεισεγκεῖν
612 3179 685 3220 (sic)
710 3177 742 3210 L
759 3176 772 3219 {l
792 3178 833 3210 16
856 3173 1012 3221 ἡμερῶν]
1036 3176 1158 3221 μερῶν
1173 3176 1235 3215 L¹;
