2476 3854
139 88 244 130 Nov.
266 87 397 153 CXXV
412 90 524 130 =1‹—3

137 195 320 244 πρόςοδος,
343 197 379 232 οἱ
401 196 441 232 δὲ
463 199 773 242 μνημονευθέντες
795 195 930 245 εὐαγεῖς
957 198 1047 233 οἶκοι
1070 198 1120 234 οἷς
1136 197 1213 234 δια-

136 246 306 290 φέρουσιν
329 242 365 277 οἱ
387 244 495 277 τόποι
525 242 671 277 τούτους
702 240 982 286 ἀνοικοδομῆσαι
1003 243 1052 287 μή
1084 242 1212 279 δύναν-

135 303 213 329 ται,
245 285 371 322 ἄδειαν
402 286 549 331 δίδομεν
577 291 650 322 τοῖς
680 287 824 323 τούτων
848 286 1042 331 διοικηταῖς
1072 290 1124 332 τῷ
1151 290 1214 332 τῆς

137 334 382 379 ἑμφυτεύσεως
413 331 568 375 διηνεκεῖ
598 331 727 376 δικαίῳ
759 331 942 367 ἐκδιδόναι
975 332 1056 368 τοὺς
1087 330 1215 368 αὐτοὺς

135 378 283 420 τόπους,
322 375 418 411 οὕτω
446 380 609 423 μέντοιγε
641 374 730 412 ὦςτε
759 378 828 430 τὴν
861 375 1077 423 έμφότευσιν
1107 376 1131 423 ἢ
1155 381 1215 415 ἐπὶ

136 427 239 471 τρίτῃ
263 427 370 468 μοίρᾳ
394 423 471 456 τῶν
495 427 750 469 στεγονομίων,
775 420 886 458 ἇτινα
908 425 947 457 ἐκ
970 425 1048 458 τῶν
1071 422 1215 467 οἰκημά-

135 482 213 503 των
236 467 289 502 ἔτι
312 466 487 501 ἑστώτων
511 468 695 513 συνήγετο,
720 469 759 501 ἐκ
778 473 982 514 προοιμίων
1004 470 1069 503 τοῦ
1084 470 1214 514 χρόνου

135 515 199 547 τοῦ
231 511 499 557 ἐμφυτεύματος
534 516 716 558 προϊέναι,
752 512 775 556 ἢ
808 514 907 559 εἴπερ
941 510 961 547 ό
998 514 1215 559 ἐμφυτευτὴς

135 557 333 611 βουληθείη
349 556 487 611 μᾶλλον
511 559 572 592 ἐπὶ
594 557 713 601 τούτῳ
735 559 787 601 τῷ
806 554 880 603 ὅρῳ
904 557 1029 603 λαβεῖν
1052 558 1134 594 τοὺς
1153 558 1213 593 τό-

1203 85 1286 132 580

1964 103 2025 134 nn
2051 93 2353 136 Anmnanonn'

1305 199 1484 235 raedictae
1506 209 1589 236 vero
1605 200 1822 236 venerabiles
1842 200 1978 244 domus,
2002 201 2130 246 quibus
2146 206 2355 248 competunt

1295 255 1372 287 oca,
1396 244 1485 280 haec
1509 245 1735 281 reaedificare
1757 256 1830 280 non
1851 251 2012 290 possunt,
2035 246 2213 282 licentiam
2228 247 2352 283 damus

1282 289 1368 334 ipsis
1386 290 1649 327 ordinatoribus
1666 301 1787 326 earum
1803 291 2071 336 emphyteoseos
2088 295 2260 336 perpetuo
2275 292 2353 328 iure

1283 335 1424 370 tradere
1446 335 1525 378 ipsa
1546 335 1639 378 loca,
1661 336 1713 371 ita
1727 341 1846 370 tamen
1869 340 1911 371 ut
1926 336 2028 381 emph
2069 337 2163 372 eosis
2185 337 2225 371 in
2247 337 2354 372 tertia

1251 383 1269 414 5
1283 384 1384 424 parte
1402 379 1622 424 pensionum,
1649 391 1740 424 quae
1761 391 1804 416 ex
1819 380 2030 417 habitationi
2057 391 2098 416 us
2122 381 2239 417 adhuc
2255 384 2352 416 stan-

1282 424 1379 459 tibus
1411 424 1678 469 colligebantur,
1712 436 1758 461 ex
1787 425 1968 470 principiis
1999 426 2172 471 temporis
2207 427 2352 471 emphy-

1282 474 1422 505 teoseos
1446 470 1635 514 procedat,
1666 475 1729 506 aut
1759 471 1791 506 si
1814 471 2041 516 emphyteuta
2070 470 2221 506 voluerit
2244 470 2354 516 magis

1282 515 1348 549 sub
1371 515 1440 549 isto
1463 519 1570 559 pacto
1594 515 1728 560 accipi,
1760 519 1799 550 ut
1822 515 1903 551 loca
1930 516 2093 561 primitus
2114 515 2289 560 aedificet,
2317 518 2354 552 et

1282 570 1325 594 ex
1345 559 1476 595 additis
1498 559 1571 594 illic
1591 569 1654 604 per
1669 560 1947 596 aestimationem
1973 560 2202 606 pensionibus
2225 560 2353 596 medie-

136 615 239 643 πους,
272 614 360 636 werce
383 614 562 647 προτερον
592 601 824 647 οἰκοδομῆσαι
855 606 915 637 καὶ
944 605 982 637 ἐκ
1009 605 1088 639 τῶν
1111 615 1214 657 προς·
1228 606 1268 639 10
1281 607 1392 639 tatem
1423 605 1536 649 partis
1559 604 1638 639 dari
1660 605 1852 640 venerabili
1876 605 1995 641 domui
2025 616 2048 641 a
2071 615 2142 651 qua
2163 606 2243 651 ipsa
2272 605 2355 657 loca

134 650 337 694 γινομένων
373 650 485 680 ἐκεῖσε
519 647 612 682 κατὰ
647 646 856 692 διατίμησιν
890 654 1135 704 στξγονομίων
1168 662 1211 682 το

135 689 243 735 ἥμισυ
259 695 363 738 μέρος
378 690 520 726 διδόναι
543 694 596 736 τῷ
614 689 738 739 εὖαγεῖ
749 694 836 737 οἴκῳ
854 693 893 733 ἐξ
911 706 951 727 ου
975 693 1057 728 τοὺς
1085 691 1213 728 αὐτοὺς

134 736 268 772 τόπους
291 737 485 782 λαμβάνει,
518 741 577 771 καὶ
608 739 716 771 τοῦτο
747 739 923 784 γενέσθαι
951 740 1213 785 συγχωροῦμεν,

135 783 335 836 κεχρῆσθαι
358 782 399 816 δὲ
421 782 489 816 τὸν
505 784 670 817 τοιοῦτον
691 783 914 827 έμῳυτευτὴν
937 787 997 818 καὶ
1010 787 1088 818 ταῖς
1103 786 1214 817 ἐκεῖσε

1281 650 1431 693 accepit,
1455 653 1492 684 et
1515 650 1583 684 hoc
1605 649 1682 685 fieri
1707 651 1948 692 concedimus,
1974 651 2027 686 uti
2050 661 2133 686 vero
2154 650 2355 686 huiusmodi

1280 695 1541 739 emphyteotam
1571 698 1608 729 et
1637 695 1711 731 illic
1739 695 1883 732 inventa
1905 695 1994 742 (de)
2023 695 2194 741 depositis
2218 695 2354 731 habita-

1281 740 1438 775 tionibus
1462 740 1621 775 materia.

135 831 400 873 ευρισκομέναις
420 829 458 861 ἐκ
474 829 553 862 τῶν
569 829 868 871 κατενεχθέντων
882 829 1087 874 οἰκημάτων
1103 826 1212 863 ῧλαις.
1227 830 1269 864 15

1135 963 1294 1000 CAPUT
1316 963 1363 1000 11.

203 1030 249 1063 Εί
270 1027 312 1063 δέ
331 1042 384 1064 τις
407 1029 604 1073 βουληθείη
627 1028 843 1073 οἱονδήποτε
872 1032 1018 1077 πρᾶγμα
1042 1027 1214 1075 ἀκίνητον

134 1072 292 1118 ὀνόματι
315 1074 472 1119 χρήσεως
494 1074 539 1109 λα
567 1079 620 1109 εῖν
644 1075 744 1121 παρὰ
761 1077 821 1120 τῆς
836 1074 1041 1123 ἁγιωτάτης
1061 1075 1215 1123 μεγάλης

135 1119 319 1162 ἐκκλησίας
349 1121 412 1163 τῆς
441 1124 529 1164 βασι
553 1119 625 1155 ι’δος
656 1119 795 1156 πόλεως
823 1120 847 1164 ἢ
870 1121 949 1156 ἑνὸς
980 1123 1057 1156 τῶν
1078 1135 1214 1166 μνημο-

135 1165 347 1199 νευθέντων
379 1163 522 1212 εὐαγῶν
553 1166 674 1209 οἴκων,
708 1166 759 1211 μὴ
792 1165 909 1201 ἄλλως
938 1167 1047 1201 τοῦτο
1077 1166 1215 1211 λαμβα-

1342 1031 1380 1066 Si
1401 1042 1484 1068 vero
1509 1031 1636 1077 aliquis
1659 1033 1811 1069 voluerit
1833 1032 2027 1078 quamlibet
2048 1043 2124 1068 rem
2142 1034 2358 1071 immobilem

1283 1077 1424 1113 nomine
1446 1087 1534 1112 usus
1556 1078 1721 1121 accipere
1744 1088 1768 1113 a
1790 1078 2016 1114 sanctissima
2045 1078 2179 1115 maiore
2204 1080 2358 1124 ecclesia.

1283 1122 1399 1166 regiae
1424 1122 1576 1157 civitatis
1599 1127 1663 1158 aut
1682 1123 1787 1158 unius
1811 1128 2082 1158 memoratarum
2104 1124 2357 1160 venerabilium

1284 1167 1485 1210 domorum,
1521 1178 1594 1202 non
1624 1168 1728 1203 aliter
1758 1171 1828 1203 hoc
1857 1168 2012 1214 accipiat
2047 1169 2115 1204 nisi
2145 1169 2252 1205 aliam
2273 1180 2356 1206 mox

134 1213 240 1252 νέτω,
273 1211 303 1244 εἰ
326 1210 524 1265 μὴῃὲτερον
547 1207 659 1246 εὐθὺς
682 1225 832 1267 πραγμα
856 1211 1064 1267 δεσποτείας
1086 1210 1214 1255 δικαίῳ
1229 1215 1270 1247 20
1284 1222 1358 1247 rem
1389 1212 1533 1248 dominii
1562 1213 1640 1248 iure
1670 1213 1890 1258 praebuerit,
1925 1224 1970 1248 ex
2000 1224 2070 1259 quo
2101 1214 2247 1250 eandem
2282 1225 2358 1251 rem

135 1255 302 1303 παράσχῃ
339 1269 392 1299 τῳ
429 1258 550 1303 ευαγεῖ
581 1257 668 1300 οἴκῳ
710 1257 749 1297 ἐξ
782 1270 825 1291 ου
860 1257 903 1292 τὸ
940 1256 1029 1291 αυτὸ
1068 1258 1216 1303 πρᾶγμα

135 1299 331 1345 λαμβάνει,
366 1298 550 1345 τοσαύτην
581 1303 663 1344 ἑχον
695 1300 872 1348 πρόςοδον
896 1298 1039 1346 ὁπόσην
1069 1304 1140 1345 ἔχει
1169 1301 1213 1336 τὸ

134 1348 301 1392 πρᾶγμα,
334 1342 426 1391 ὅπερ
458 1344 558 1389 αὐτῷ
583 1345 741 1390 δίδοται,
773 1350 834 1382 καὶ
862 1347 912 1392 μὴ
937 1345 1077 1382 πλείοσι
1108 1345 1214 1402 δημο-

135 1395 224 1425 σίοις
254 1390 447 1447 τελέσμασι
477 1395 736 1447 βεβαρημένον,
769 1390 864 1448 dieve,
887 1392 977 1437 μετὰ
1006 1392 1074 1435 τὴν
1102 1393 1212 1427 αυτοῦ

1284 1258 1440 1303 accepit,
1472 1260 1611 1293 tantum
1641 1257 1833 1293 habentem
1862 1258 2015 1294 reditum
2047 1264 2218 1304 quantum
2246 1261 2357 1296 habet

1283 1313 1352 1345 res,
1384 1313 1475 1347 quae
1506 1303 1540 1337 ei
1562 1302 1678 1344 datur,
1707 1311 1743 1338 et
1769 1314 1841 1339 non
1864 1303 2056 1339 maioribus
2087 1304 2166 1340 fisci
2196 1308 2355 1349 praesta-

1283 1347 1439 1383 tionibus
1463 1352 1722 1393 pragravatam,
1746 1353 1786 1384 ut
1809 1352 1890 1394 post
1912 1349 1988 1384 eius
2009 1354 2168 1394 mortem,
2190 1352 2257 1386 aut
2273 1355 2357 1396 post

1281 1398 1421 1438 tempus
1451 1393 1489 1428 in
1520 1403 1590 1437 quo
1620 1393 1716 1429 datio
1748 1404 1834 1429 usus
1865 1394 2031 1430 convenit
2061 1397 2144 1436 (non
2171 1397 2356 1432 transcen-

134 1434 315 1489 τελευτήν,
352 1451 374 1480 η
392 1478 400 1490 Ι
408 1450 501 1480 μετα
535 1451 615 1489 τον(
636 1451 769 1482 χρονον
805 1440 849 1484 ἐφ
890 1434 936 1472 ὂν
966 1435 988 1480 ἡ
1020 1435 1121 1472 δόσις
1153 1437 1214 1480 τῆς
1227 1440 1270 1473 25
1282 1438 1369 1473 dens
1392 1438 1554 1474 videlicet
1577 1438 1788 1491 accipientis
1810 1438 1932 1491 vitain)
1962 1441 2114 1483 utraque
2136 1450 2195 1475 res
2217 1440 2357 1485 integra

134 1493 290 1527 χρησεως
313 1494 483 1528 συνηρεσε
514 1482 574 1526 (μὴ
596 1486 866 1528 υπερβαίνοντα
893 1480 1028 1538 δηλαδη
1059 1482 1125 1525 τὴν
1147 1482 1213 1516 τοῦ

135 1527 383 1571 λαμβάνοντος
417 1525 529 1571 ζωὴν)
569 1527 741 1573 ἑκάτερον
775 1530 926 1573 πρᾶγμα
960 1529 1006 1563 ἐπ
1059 1524 1213 1572 ἀκεραίῳ

134 1576 194 1605 καὶ
218 1571 310 1606 κατὰ
333 1570 546 1607 δεσποτείαν
577 1576 637 1606 καὶ
659 1573 753 1608 κατὰ
775 1575 903 1621 χρῆσιν
933 1574 981 1607 εἰς
1010 1572 1078 1608 τὸν
1102 1570 1215 1607 αὐτὸν

134 1613 246 1663 εὐαγῆ
270 1617 368 1652 οἷκον
392 1616 610 1663 περιελθεῖν.

1283 1489 1318 1518 et
1340 1483 1378 1518 in
1401 1482 1594 1519 dominium
1626 1487 1661 1519 et
1691 1495 1728 1520 ιιι
1750 1494 1854 1520 usum
1882 1495 1922 1520 ιιι
1951 1484 2356 1525 eandemvenerabilem

1282 1528 1425 1564 domum
1447 1528 1639 1574 perveniat.

1124 1730 1280 1766 CAPUT
1304 1731 1368 1767 111.

196 1797 263 1831 Τὰς
285 1797 488 1841 μισθώσεις
512 1795 551 1831 δὲ
573 1797 672 1842 παρὰ
696 1798 774 1851 τῷν
793 1794 917 1832 αὐτῶν
941 1794 1083 1845 εὖαγῶν
1103 1798 1214 1832 οἴκων
1226 1800 1268 1833 30

133 1842 305 1889 γίνεσθαι
334 1844 585 1888 συγχωροῦμεν
616 1844 663 1877 εἰς
692 1841 751 1877 οὓς
782 1841 828 1877 ἂν
856 1846 929 1877 τοῖς
952 1841 1212 1878 συναλλάττου-

134 1900 194 1942 σιν
217 1887 399 1922 ἐνιαυτοὺς
431 1891 627 1941 συναρείσῃ,
655 1886 711 1932 -μὴ
749 1886 1037 1934 ὑπερβαινούσας
1076 1886 1212 1932 δηλαδὴ

132 1946 201 1967 τον
223 1935 482 1978 τριακονταετῆ
504 1946 646 1979 χρονον.

202 2036 229 2056 c.
252 2024 298 2057 II
317 2006 373 2056 Εἴ
390 2032 443 2056 τις
467 2048 475 2055 .
489 2047 497 2055 .
511 2048 519 2056 .
534 2048 541 2055 .
567 2024 662 2056 habet
683 2023 888 2067 Epanayoye
914 2025 966 2067 10,
982 2032 1010 2058 9.

1348 1797 1562 1834 Locationes
1590 1809 1673 1836 vero
1704 1800 1751 1836 ab
1781 1798 1869 1844 ipsis
1899 1799 2163 1836 venerabilibus
2192 1799 2355 1838 domibus

1280 1842 1359 1878 fieri
1387 1844 1614 1880 concedimus
1648 1845 1686 1880 in
1720 1848 2026 1890 quantoscumque
2061 1845 2356 1881 contrahentibus

1281 1898 1396 1924 annos
1419 1889 1612 1934 placuerit,
1643 1901 1716 1926 non
1738 1889 2074 1926 transcendentibus
2104 1890 2268 1927 videlicet
2290 1890 2355 1928 tri-

1279 1932 1379 1979 ginta
1400 1944 1575 1970 annorum
1596 1939 1748 1981 tempus.

195 2081 222 2102 c.
246 2069 312 2102 III
332 2069 556 2112 interpolatum
580 2069 728 2102 exhibent
751 2068 931 2102 Prot-hiron
958 2071 1011 2111 15,
1026 2078 1055 2112 5,
1078 2054 1285 2114 Epanaqbqe
1311 2071 1363 2112 10,
1381 2076 1408 2103 2.

128 2157 341 2204 praebetur,
375 2160 592 2193 memoratae
623 2161 742 2192 autem
775 2156 995 2193 venerabiles
1026 2156 1152 2193 domus
1185 2156 1235 2193 ad
1262 2168 1355 2204 quas
1388 2157 1478 2194 Ilaec
1507 2157 1589 2193 loca
1617 2158 1802 2208 pertinent
1834 2169 1879 2194 ea
1907 2157 2056 2203 reficere
2087 2168 2163 2194 non
2190 2163 2356 2206 possunt,

130 2207 344 2248 potestatem
375 2201 504 2236 damus
534 2201 887 2237 administratoribus
920 2213 1044 2238 earum
1075 2207 1255 2249 perpetuo
1286 2202 1557 2255 emphyteuseos
1587 2202 1665 2238 iure
1695 2202 1761 2238 ulla
1791 2203 1871 2239 loca
1894 2202 2057 2245 locandi,
2092 2203 2144 2239 ita
2167 2207 2285 2241 tamen
2315 2210 2358 2243 ut

132 2246 377 2294 emphyteusis
405 2246 461 2282 vel
490 2246 556 2282 sub
587 2247 694 2282 tertia
721 2252 830 2293 parte
856 2248 1091 2294 pensionum,
1127 2258 1221 2294 quae
1250 2259 1301 2284 ex
1320 2248 1496 2294 aedificiis
1526 2247 1645 2283 adhuc
1672 2249 1851 2284 stantibus
1880 2247 2153 2294 colliqebantur‚
2182 2249 2228 2286 ab
2251 2250 2355 2287 inicio

132 2298 200 2328 tem
229 2292 304 2327 oris
327 2291 601 2338 emphyteuseos
615 2292 808 2338 procedat,
840 2292 899 2328 vel
917 2293 951 2328 si
972 2292 1203 2340 emphyteuta
1226 2292 1296 2329 hae
1312 2294 1442 2339 potius
1465 2292 1676 2329 condicione
1698 2304 1742 2329 ea
1766 2293 1848 2329 loca
1871 2293 2036 2340 accipere
2058 2293 2160 2336 velit,
2191 2298 2233 2331 ut
2278 2297 2357 2332 rius

133 2303 297 2382 aedilicet
331 2342 366 2372 et
400 2348 450 2373 ex
500 2337 718 2385 >erasionibus
752 2337 826 2373 illic
859 2338 1054 2373 secundum
1090 2338 1372 2374 aestimationem
1405 2337 1576 2374 redituris
1613 2337 1797 2373 dimidiam
1824 2343 1971 2385 partem
2002 2338 2198 2375 venerabili
2281 2340 2356 2376 mui

128 2387 344 2463 phraeste‘tia
363 2393 441 2462 ‘qua
465 2348 539 2472 igal}
553 2382 801 2463 ²53⁶ast⁰⁶²lt⁹²³³
832 2384 939 2418 etiam
962 2382 1030 2419 hoe
1049 2383 1133 2429 fieri
1153 2383 1405 2430 permittimus,
1437 2383 1491 2419 uti
1513 2387 1633 2419 autem
1656 2382 1920 2430 emphyteutam
1945 2382 2051 2420 talem
2073 2383 2181 2420 etiam
2203 2386 2356 2423 materia

132 2439 143 2463 ι
168 2439 180 2462 ι
204 2438 254 2464 ex
302 2438 361 2462 zru
377 2439 408 2462 ιε
430 2439 474 2463 ae
500 2438 510 2462 ι
540 2438 606 2463 cns
629 2439 733 2463 ιηυεη
751 2439 785 2464 a.
1885 2451 1888 2454 -

266 2472 312 2508 11.
360 2473 496 2515 Quodsi
519 2473 601 2518 quis
624 2473 780 2509 voluerit
802 2473 994 2519 quamlibet
1016 2484 1092 2509 rem
1107 2473 1319 2509 immobilem
1341 2473 1576 2518 ususfructus
1591 2473 1734 2509 nomine
1753 2483 1777 2508 a
1795 2473 2023 2509 sanctissima
2044 2473 2183 2510 maiore
2204 2475 2355 2512 ecclesia

131 2518 255 2563 reqiae
278 2518 434 2553 civitatis
464 2518 520 2554 vel
541 2529 616 2552 una
639 2529 689 2554 ex
711 2518 917 2554 memoratis
940 2518 1200 2554 venerabilibus
1223 2517 1387 2554 domibus
1410 2518 1585 2564 accipere,
1616 2529 1690 2553 non
1712 2517 1819 2554 aliter
1848 2529 1927 2554 eam
1951 2518 2111 2566 accipiat
2140 2518 2213 2555 nisi
2233 2520 2355 2557 statim

133 2564 241 2598 aliam
264 2573 338 2597 rem
362 2562 556 2598 venerabili
578 2562 700 2598 domui
723 2575 746 2598 a
769 2574 843 2610 qua
866 2574 945 2599 eam
968 2574 1044 2599 rem
1067 2564 1205 2610 accepit
1228 2563 1377 2599 dominii
1402 2564 1482 2598 iure
1498 2563 1739 2608 praestiterit,
1771 2573 1865 2608 quae
1889 2567 2027 2600 tantum
2049 2563 2204 2600 reditum
2225 2563 2355 2602 habeat

133 2612 307 2653 quantum
331 2607 438 2643 babet
457 2619 526 2649 res,
550 2619 644 2653 quae
663 2608 697 2643 ei
714 2608 835 2656 datur,
859 2619 925 2644 nec
942 2608 1114 2655 pluribus
1129 2608 1291 2655 publicis
1315 2608 1456 2644 tributis
1478 2612 1634 2654 qravata
1655 2608 1719 2650 sit,
1743 2613 1784 2642 ut
1797 2612 1891 2654 post
1911 2614 2062 2644 mortem
2084 2608 2172 2660 eius,
2195 2609 2251 2646 vel
2269 2615 2357 2656 post

134 2660 272 2698 tempus
294 2653 333 2687 in
356 2652 456 2698 quod
478 2664 581 2687 usum
605 2652 689 2688 dari
705 2653 850 2700 placuit
879 2657 966 2696 (non
990 2653 1168 2689 excedens
1185 2653 1327 2704 ‚scilieet
1348 2654 1456 2689 vitam
1479 2653 1556 2688 eius
1579 2653 1642 2706 qui
1665 2653 1818 2699 accepit)
1850 2658 2006 2700 utraque
2035 2664 2095 2690 res
2115 2664 2154 2689 m
2177 2653 2354 2702 inteqrum

131 2703 167 2733 et
191 2698 343 2732 dominii
364 2702 400 2732 et
422 2698 655 2743 ususfructus
678 2698 757 2734 iure
781 2698 830 2733 ad
852 2698 1001 2734 eandem
1024 2698 1258 2735 venerabilem
1282 2698 1426 2734 domum
1442 2702 1647 2745 pervemat.

268 2742 332 2778 lll.
379 2742 596 2778 Locationes
625 2747 744 2778 autem
775 2743 820 2778 ab
847 2743 973 2779 iisdem
1003 2743 1263 2779 venerabilibus
1293 2743 1383 2779 locis
1409 2743 1494 2789 fieri
1521 2743 1760 2789 permittimus
1789 2742 1830 2779 in
1859 2746 1914 2780 tot
1943 2753 2061 2780 annos
2090 2748 2182 2790 quot
2210 2748 2354 2781 eontra-

133 2787 300 2823 bentibus
319 2787 513 2834 placuerit,
538 2793 578 2823 ut
600 2788 769 2823 nimirum
792 2799 866 2824 non
889 2788 1070 2824 excedant
1094 2794 1233 2835 tempus
1256 2789 1408 2835 triginta
1430 2798 1618 2824 annorum.

178 2901 198 2934 2
221 2898 284 2943 μὴ]
308 2894 350 2932 οὗ
367 2900 399 2932 L
418 2899 465 2943 113
490 2898 573 2933 τοὺς
595 2895 740 2933 τούτων
764 2896 944 2941 διοικητὰς
970 2901 1000 2934 L
1023 2900 1105 2943 ipsis
1123 2900 1212 2933 ordi·

133 2945 305 2978 natoribus
325 2954 438 2977 earum
455 2957 474 2980 ς
491 2945 502 2987 ΙΙ
521 2948 540 2979 5
564 2942 587 2987 ἢ
608 2958 666 2978 om.
680 2956 700 2981 ς
716 2945 728 2988 ΙΙ
746 2947 766 2978 9
790 2943 954 2990 βουληθῇ
976 2946 1084 2989 Εραη.
1102 2946 1114 2989 ΙΙ
1133 2944 1213 2979 τοὺς

131 2988 282 3031 τόπους,
307 2984 407 3029 ὥστε]
439 2994 476 3022 ιιι
499 2989 572 3022 loca
595 3001 615 3026 ς
640 2989 652 3033 ΙΙ
679 2992 719 3023 10
744 2986 1025 3032 ἀνοικοδομῆσαι
1047 2991 1094 3024 B·
1111 2991 1123 3033 ΙΙ
1140 2992 1212 3031 καὶ]

132 3032 154 3076 ἢ
179 3036 230 3069 B⁰
253 3035 266 3079 ΙΙ
294 3036 332 3069 13
358 3033 491 3068 τόπους
516 3047 573 3068 om.
604 3035 633 3068 0
651 3034 663 3078 ΙΙ
688 3034 861 3079 γίνεσθαι
889 3035 1034 3079 CEpan.
1057 3036 1068 3076 ΙΙ
1096 3037 1138 3069 14
1161 3032 1212 3076 δὲ]

135 3078 175 3114 δὲ
197 3082 257 3114 καὶ
281 3081 332 3122 L,
359 3080 407 3114 B⁸
425 3092 456 3112 υ.
471 3081 492 3113 l.
511 3080 523 3123 Ι]
545 3079 724 3120 τοιοῦτον]
747 3078 890 3113 τούτων
919 3080 947 3113 C
967 3086 979 3124 ΙΙ
1003 3079 1145 3113 ἐκεῖθεν
1169 3081 1211 3122 L,

133 3127 183 3160 Β*
206 3139 235 3159 υ.
250 3126 299 3170 Ι.Ι]
329 3127 368 3160 15
393 3126 431 3158 ἐκ
456 3137 514 3158 om.
538 3125 587 3158 B'
606 3138 635 3158 v.
650 3125 670 3157 l.
695 3124 708 3168 ΙΙ
736 3126 775 3158 16
799 3134 853 3157 τις
877 3137 935 3157 om.
953 3125 1005 3158 B⁰
1026 3126 1038 3167 Η
1064 3124 1213 3167 κινητὸν

138 3172 167 3205 C'
186 3170 199 3214 ΙΙ
226 3173 264 3205 17
290 3167 493 3214 λαμβάνειν
518 3170 568 3204 B⁶
589 3170 602 3213 ΙΙ
632 3171 675 3204 19
699 3165 841 3214 εὖαγῶν
864 3182 923 3204 om.
954 3169 1101 3212 GEpan.
1130 3171 1142 3207 ΙΙ
1169 3172 1207 3204 21

132 3215 314 3262 παράσχοι
330 3217 359 3250 C
366 3229 395 3249 v.
411 3218 443 3256 l.,
455 3215 566 3259 Epan.
586 3216 598 3258 ΙΙ
612 3213 666 3268 τῷ
685 3211 807 3259 εὖαγεῖ
821 3213 906 3256 οἴκῳ
924 3227 982 3247 om.
996 3226 1015 3250 ς
1032 3215 1044 3257 ΙΙ
1062 3216 1105 3248 22
1121 3211 1211 3249 ὁπό-

134 3273 199 3295 σον
228 3262 282 3306 Cfl
299 3263 340 3295 25
364 3258 399 3303 ἢ]
423 3257 446 3303 ἢ
469 3262 530 3294 καὶ
552 3260 588 3294 Β
606 3260 618 3303 ΙΙ
635 3255 701 3305 νφ,
721 3255 765 3292 ὃν
790 3259 833 3292 Μ
854 3258 866 3303 ΙΙ
894 3261 945 3310 27x
961 3255 1210 3313 ἆκεραίῳ,καὶ]

132 3309 192 3339 καὶ
217 3320 274 3341 om.
303 3307 332 3340 C
356 3306 368 3350 ΙΙ
397 3308 439 3341 28
465 3301 580 3339 αὐτὸν
603 3318 661 3338 om.
689 3305 718 3338 G
745 3306 757 3346 ΙΙ
785 3305 828 3338 30
852 3315 951 3347 παρα
978 3304 1056 3337 τῶν
1087 3305 1212 3337 αυτῶν

132 3352 210 3385 LB
224 3353 252 3385 C
259 3353 323 3386 Iul.
349 3357 414 3394 (πα
439 3350 462 3384 ὰ
486 3351 564 3384 τῶν
587 3350 784 3395 εἰρημένων
806 3349 923 3382 Procli.
949 3350 1085 3401 Epona->1
1118 3346 1208 3393 παρ’

134 3392 258 3430 αὐτῶν
281 3397 360 3430 τῶν
430 3409 449 3433 ς
466 3396 479 3440 11
502 3398 541 3431 31
568 3394 740 3442 γίνεσθαι
763 3407 822 3427 om.
845 3393 873 3427 G
893 3394 906 3437 ΙΙ
929 3390 1000 3435 οὒς]
1034 3404 1137 3427 οσους
1161 3395 1210 3427 Β’

133 3455 162 3475 υ.
177 3444 209 3483 Ι.,
225 3443 303 3478 BQ,-
315 3443 433 3476 Procli.
448 3444 558 3486 Epan-
573 3442 663 3483 (Iul.)
680 3439 693 3483 ΙΙ
711 3441 753 3474 32
769 3439 942 3472 ἐνιαυτοῖς
954 3439 1009 3479 M,
1022 3452 1080 3471 om.
1092 3439 1207 3472 Procli.

133 3488 242 3530 Epan.
271 3488 282 3528 Η
312 3489 488 3533 συναρέσῃ
514 3487 644 3528 Procli.]
680 3485 869 3528 συναρέσοι
893 3484 1036 3517 MLBC
1055 3484 1166 3527 Epan.
1197 3484 1208 3527 ΙΙ
1240 3481 1242 3494 “

134 3530 420 3575 ὑπερβαίνοντας
439 3533 523 3566 LB‘
534 3533 645 3576 Epan.
677 3527 986 3563 transcendentibus
1008 3530 1044 3570 (ι’.
1056 3541 1082 3562 e.
1102 3525 1207 3573 ὑπερ·

132 3578 358 3619 βαίνουσινῗ)
383 3589 402 3614 ς

1348 2901 1369 2935 2
1392 2900 1473 2933 haec
1494 2899 1568 2933 loca
1590 2901 1721 2945 Rvulq.
1749 2899 1761 2944 ΙΙ
1782 2900 1995 2934 rehedifioare
2023 2900 2116 2952 VTfl
2144 2900 2274 2944 possint
2291 2900 2327 2934 V

1281 2947 1301 2980 3
1326 2956 1440 2979 eorum
1453 2944 1546 2978 R2T
1565 2956 1677 2978 eorum
1700 2946 1736 2978 in
1759 2944 1812 2989 Vss
1830 2948 1852 2979 4
1875 2945 1919 2978 ιιῐι
1935 2945 1969 2978 R
1986 2944 1999 2988 ΙΙ
2016 2946 2036 2979 6
2055 2944 2264 2988 principibus
2285 2945 2320 2978 R

1281 2993 1300 3024 7
1317 2990 1428 3023 uoluit
1447 2990 1481 3023 V
1497 2989 1654 3023 maluerit
1673 2990 1705 3023 Τ
1746 2992 1766 3024 8
1790 2990 1923 3032 *accipi
1946 2993 1986 3022 ut
2008 2988 2093 3031 loca]
2116 2990 2259 3032 accipiat
2279 2989 2354 3024 loca

1279 3036 1349 3069 RT
1375 3034 1517 3077 accipiat
1539 3039 1579 3067 ut
1601 3035 1674 3067 loca
1744 3034 1885 3076 accipiat
1905 3034 2065 3076 (accipere
2089 3035 2196 3078 Beck)
2217 3034 2293 3069 loca
2315 3038 2354 3070 ut

1279 3081 1365 3124 vuly.
1384 3078 1397 3124 ΙΙ
1413 3082 1433 3113 9
1457 3079 1556 3112 aditis
1576 3079 1607 3113 V
1621 3079 1633 3122 ΙΙ
1648 3079 1805 3122 pensibus
1828 3078 1878 3111 R¹
1894 3078 1907 3122 ΙΙ
1926 3081 1966 3113 10
1990 3078 2068 3112 dare
2083 3079 2177 3113 Beck
2194 3079 2206 3122 ΙΙ
2225 3082 2262 3115 11
2289 3081 2352 3114 hoo

1281 3125 1314 3158 Τ
1321 3126 1420 3168 nula]
1445 3125 1525 3157 haec
1541 3123 1641 3168 RVn
1656 3124 1708 3156 uti
1733 3124 1777 3164 Τ]
1801 3126 1840 3156 ιιι
1859 3123 1909 3156 Βῑ
1938 3126 2054 3157 utatur
2077 3124 2178 3161 1⁷,R2
2192 3126 2225 3159 in
2238 3138 2352 3169 τηαν-9.,

1278 3170 1401 3234 vul-<141
1425 3179 1502 3202 vero
1526 3181 1584 3202 om.
1610 3168 1660 3201 R¹
1682 3168 1695 3212 ΙΙ
1726 3169 1767 3202 12
1791 3168 2024 3211 emphiteotam
2048 3168 2110 3211 13¹]
2144 3170 2354 3214 emphyteota

1287 3215 1379 3248 VTR
1412 3214 1424 3257 ΙΙ
1448 3214 1621 3246 inuentam
1645 3213 1679 3246 Τ
1696 3212 1709 3256 ΙΙ
1726 3212 1766 3246 de
1790 3215 1867 3246 add.
1882 3214 1969 3256 vulq.
1988 3214 2000 3257 ΙΙ
2029 3214 2069 3248 13
2093 3215 2266 3248 materiam
2290 3214 2354 3262 ΤΙΙ

1281 3260 1322 3293 16
1346 3258 1539 3300 quamlibet]
1564 3257 1664 3290 aliam
1683 3257 1865 3300 quamlibet
1885 3258 1942 3302 Vll
1962 3261 2001 3293 18
2021 3259 2114 3301 regia
2134 3259 2186 3293 V*
2203 3260 2352 3305 flmemo-

1278 3307 1425 3336 ratorum
1458 3303 1520 3346 Vll
1548 3313 1618 3335 rem
1641 3313 1716 3335 mox
1742 3303 1774 3336 Τ
1798 3302 1810 3346 ΙΙ
1839 3305 1881 3337 20
1906 3313 1946 3336 ex
1970 3314 2036 3346 qua
2050 3303 2108 3337 R'
2130 3306 2188 3346 (id.
2214 3306 2319 3349 Beck)
2339 3304 2353 3352 ΙΙ

1278 3350 1318 3383 21
1340 3352 1449 3381 tamen
1462 3348 1510 3380 Β*
1523 3348 1570 3381 Τι
1586 3348 1599 3391 ΙΙ
1617 3349 1659 3382 22
1684 3358 1720 3381 ea
1737 3348 1787 3381 R¹
1802 3348 1815 3392 ΙΙ
1834 3349 1874 3382 23
1899 3352 2150 3391 praegrauatam
2169 3362 2231 3384 scr.
2251 3350 2302 3385 V²
2317 3351 2352 3385 in

1277 3406 1344 3427 ras.
1359 3395 1377 3426 7
1401 3394 1459 3427 litt.
1476 3393 1489 3436 ΙΙ
1506 3394 1556 3433 ιιι]
1590 3396 1623 3426 et
1646 3395 1684 3425 ut
1706 3392 1741 3426 R
1758 3394 1770 3434 ΙΙ
1786 3396 1923 3426 mortem
1948 3394 2019 3427 eius
2044 3394 2077 3427 T
2096 3395 2109 3438 ΙΙ
2137 3395 2181 3429 24
2202 3395 2240 3428 in
2262 3394 2352 3437 quod

1276 3438 1371 3472 Beck
1387 3439 1400 3482 ΙΙ
1417 3438 1650 3471 transcendens
1671 3436 1736 3480 T⁶1
1759 3438 1995 3472 transcenden·
2013 3439 2068 3473 T⁰
2098 3440 2352 3474 transcmdente

1275 3483 1345 3516 ΕΤ
1362 3484 1375 3525 ΙΙ
1394 3484 1436 3517 25
1460 3484 1661 3527 accipientes
1675 3484 1752 3524 (del.
1772 3483 1833 3526 V2)
1865 3483 1935 3517 VT
1952 3483 1966 3528 fl
1991 3484 2095 3517 uitam
2112 3485 2157 3526 R]
2189 3484 2239 3518 ita
2262 3484 2352 3530 VTn

1276 3529 1319 3562 26
1340 3527 1378 3561 in
1402 3528 1514 3561 eadem
1537 3530 1570 3562 R
1604 3531 1638 3562 et
1659 3527 1696 3561 in
1717 3528 1852 3562 eandem
1874 3528 1953 3594 T¹⁹
1970 3531 2014 3563 30
2026 3531 2114 3563 rubr.
2138 3529 2351 3564 Venerabiles

1275 3573 1390 3606 domus
1405 3573 1518 3614 (huius
1532 3574 1623 3615 regie
1638 3573 1785 3607 ciuitatis
1805 3575 1883 3607 add.
1904 3574 1936 3607 T
1951 3576 1964 3616 )
1986 3573 2076 3607 ultra
2090 3573 2232 3617 triginta
2246 3585 2350 3608 annos

1274 3617 1383 3652 locare
1398 3629 1464 3651 non
1481 3629 1576 3661 posse
1591 3619 1662 3652 Tin
1675 3632 1776 3663 mary.
1794 3620 1805 3661 ΙΙ
1825 3621 1867 3654 32
1880 3618 2131 3652 transeuntibus
2143 3619 2226 3661 RV,
2241 3622 2350 3654 trans-

1274 3663 1449 3697 cendentes
1471 3663 1590 3709 Beck-ss
1609 3665 1651 3698 33
1674 3668 1803 3707 tempus
1827 3665 1934 3706 Beck]
1958 3663 2161 3708 temporibus
2185 3665 2263 3699 libri
