2592 3840
184 109 291 152 Nov.
321 108 446 151 XXII
475 111 541 151 43.
568 112 620 151 44
1263 103 1343 151 178
2151 121 2211 151 nn
2238 120 2417 153 NUP‘ms

185 223 444 267 ἐπιτρέψαντες
477 220 595 265 λῆψιν,
635 217 873 262 ἐνενοήσαμεν
909 215 957 252 ὠς
989 215 1150 265 θάτερον
1182 215 1266 262 ἡμῖν
1335 219 1620 265 perceptionem,
1654 218 1954 255 consideravimus
1987 219 2155 264 quoniam
2187 220 2414 255 alterutrum-

184 267 261 300 τῶν
287 262 511 311 πραγμάτων
535 264 816 313 παραλέλειπται
847 261 889 296 τὸ
922 261 999 297 δεῖν
1029 265 1089 296 καὶ
1111 261 1178 306 τὴν
1201 263 1266 297 τοῦ
1360 275 1406 299 ue
1436 274 1554 300 rerum
1586 274 1609 299 8.
1640 264 1743 300 nobis
1773 264 2064 309 praetermissum
2094 269 2150 300 est
2180 266 2345 310 oportere
2379 268 2416 301 et

186 314 442 354 κατοιχομένου
472 311 700 364 θεραπεῦσαι
732 304 859 353 ψυχήν.
906 306 972 342 Διὸ
1004 304 1048 350 δὴ
1080 306 1146 341 τὸν
1176 320 1267 355 παρ·
1337 275 1498 345 ἓθῐωιοῐί
1517 309 1657 345 animae
1675 308 1820 344 mederi.
1860 309 2088 355 Quapropter
2129 311 2328 345 raesentem
2350 320 2414 363 po·

186 354 278 390 ὄντα
312 355 466 399 τίθεμεν
501 365 630 399 νομον·
670 351 710 388 οὗ
744 352 812 400 γὰρ
846 350 1059 396 βουλόμεθα
1093 352 1156 387 τὰς
1187 354 1265 388 τῶν
1335 354 1452 390 nimus
1477 354 1606 399 legem;
1642 363 1715 389 non
1748 353 1840 389 enim
1872 354 2034 390 volumus
2064 354 2107 391 de
2134 353 2301 391 cientium
2326 354 2415 390 mhil

187 398 444 435 τελευτώντων
480 397 586 434 οὐδὲν
620 398 756 433 ἄτοπον
798 395 945 476 §godans
980 395 1109 441 βουλὰς
1145 394 1265 432 διαπί-
1304 403 1323 434 5
1337 399 1502 435 illicitum
1524 399 1699 434 habentes
1723 398 1924 434 voluntates
1953 399 2131 435 frustrari.
2184 399 2224 435 Si
2246 398 2339 434 enim
2362 398 2413 434 di-

187 458 303 480 πτειν.
351 446 382 479 εἰ
404 447 471 490 μὲν
493 444 561 492 γὰρ
585 443 785 490 έφάσκομεν
831 444 884 476 εῖν
907 440 975 485 τὴν
1001 445 1153 490 γυναῖκα
1176 440 1265 477 πάν·
1336 453 1498 480 ceremus
1519 446 1687 488 oportere
1714 443 1898 479 mulierem
1918 444 2062 481 omnino
2080 444 2156 480 viro
2198 443 2416 489 raecipiente

187 502 259 525 τως
281 491 346 524 τοῦ
370 486 499 535 ἀνδρὸς
523 488 757 529 ἐπιτάξαντος
786 486 836 531 μὴ
857 489 986 541 γαμεῖν
1009 487 1117 522 τοῦτο
1165 485 1267 522 υλάτ-
1337 499 1410 525 non
1433 489 1567 525 nubere
1603 488 1672 524 hoc
1697 487 1887 532 custodire,
1919 499 1985 534 pro
2010 455 2246 525 &maritmiine
2268 488 2414 525 habuis-

188 549 281 577 τειν,
313 535 404 578 εἶχεν
428 535 472 569 ἄν
496 549 531 569 τι
555 532 685 579 πικρὸν
717 532 803 567 ἴσως
832 529 851 565 ὁ
875 542 999 576 νομος·
1035 534 1104 567 νῦν
1152 534 1169 567 ἑ
1191 530 1266 567 δευ-
1337 537 1393 570 set
1427 534 1497 569 hoc
1533 533 1659 569 merito
1694 533 1771 578 lex3
1807 544 1903 570 nunc
1935 538 2070 579 autem,
2105 545 2187 570 cum
2219 533 2416 570 secundum

188 584 291 627 τέρου
326 579 514 634 προεόντος
549 580 631 620 τοῦ,
674 578 774 625 εἴπερ
808 575 1006 621 βουληθείη
1039 581 1179 625 γαμεῖν,
1218 577 1268 623 μὴ
1336 581 1481 624 praesto
1512 578 1569 621 sit,
1602 578 1639 613 id
1663 581 1719 614 est
1741 582 1792 622 ut,
1820 578 1851 614 si
1874 579 2024 615 voluerit
2055 579 2203 622 nubere,
2226 577 2332 625 <11011>
2354 588 2415 615 80-

190 624 315 669 λαβεῖν
338 638 379 659 το
404 623 736 668 καταλελειμμένον,
765 623 827 666 τῆς
856 622 904 656 εἰς
932 624 1086 664 ἔσχατον
1116 620 1269 676 ἀτοπίας
1283 627 1324 659 10
1338 624 1449 676 cipiat
1473 623 1568 668 quod
1591 622 1754 659 relictum
1785 626 1858 668 est,
1887 624 2068 661 110νὶ88Μί
2096 623 2242 661 sceleris
2268 625 2327 660 est
2354 622 2415 659 de-

190 672 266 704 ἑστὶ
296 668 468 715 περιιδεῖν
498 668 563 711 τὴν
591 667 741 714 γνώμην
774 667 838 702 τοῦ
867 666 1143 711 τελευτήσαντος
1171 665 1268 703 οὕτω
1338 678 1475 714 spicere
1507 668 1728 704 voluntatem
1758 668 1918 705 defuncti
1947 669 2000 705 ita
2029 669 2281 712 fluctuantem,
2313 670 2355 704 ut
2382 668 2417 707 ei

189 713 483 755 κινδυνεύουσαν,
517 711 604 748 dieve
629 710 869 766 ab‘tfixdoiivac
892 716 1099 770 παρρησίαν
1122 716 1183 747 καὶ
1206 726 1268 760 γα·
1338 713 1443 748 detur
1472 713 1620 748 licentia
1650 713 1807 749 nubendi
1839 715 1876 749 et
1903 714 2101 760 accipiendi
2131 713 2228 759 quod
2253 713 2417 750 relictum

189 760 342 803 μεῖσθαι
373 762 432 793 καὶ
468 756 665 801 λαμβάνειν
697 771 739 792 το
771 755 1095 802 καταλελειμμενον
1125 761 1185 793 καὶ
1208 756 1269 793 διὰ
1339 762 1394 794 est
1418 762 1453 793 et
1476 768 1541 804 per
1565 758 1683 794 omnia
1708 758 1946 795 contristandi
1968 759 2124 804 priorem
2147 758 2324 794 maritum.

191 804 343 839 πάντων
367 803 489 839 λυπεῖν
513 803 577 837 τὸν
602 802 779 849 πρότερον
804 801 1080 846 συνοικήσαντα.

1149 938 1306 974 CAPUT
1330 937 1460 974 XLIV.

234 1014 337 1051 Ὥςτε
372 1017 613 1060 θεσπίζομεν,
649 1016 686 1050 εἴ
716 1027 770 1050 τις
805 1014 978 1050 κωλύσειε
1009 1014 1077 1059 τὴν
1111 1017 1270 1063 γαμετὴν
1286 1021 1325 1052 15
1385 1016 1487 1053 Unde
1512 1016 1703 1060 sancimus,
1729 1016 1761 1053 si
1778 1017 1858 1061 quis
1874 1015 2167 1062 prohibuerit-'ad
2184 1016 2283 1052 aliud
2301 1015 2419 1052 venire

190 1067 278 1108 προς
302 1065 425 1106 ἕτερον
450 1060 573 1095 ἐλθεῖν
598 1064 832 1103 συνοικέσιον,
862 1059 884 1103 ἢ
912 1064 972 1094 καὶ
996 1059 1019 1105 ἡ
1038 1061 1179 1116 γαμετὴ
1203 1061 1270 1096 τὸν
1338 1061 1601 1097 matrimonium
1623 1072 1782 1105 uxorem,
1803 1061 1876 1097 sive
1891 1061 1998 1096 etiam
2016 1071 2109 1097 uxor
2128 1061 2292 1097 maritum
2310 1060 2417 1105 (idem

188 1106 301 1152 ἄνδρα
325 1104 472 1149 (ταύτὸν
495 1104 563 1153 γάρ
588 1107 691 1141 ἐστιν
714 1104 907 1151 ἑκάτερον),
938 1109 999 1140 καὶ
1027 1108 1120 1153 νπὲρ
1141 1105 1269 1141 τούτου
1338 1117 1492 1152 namque
1515 1110 1571 1142 est
1594 1110 1796 1151 utrumque)
1825 1110 1861 1142 et
1883 1117 1949 1153 pro
1973 1107 2043 1142 hoc
2066 1106 2202 1152 aliquid
2222 1104 2417 1152 reliquerit,

190 1167 225 1186 τι
249 1151 493 1193 καταλίποιεν,
518 1149 565 1185 ὠς
589 1153 628 1185 ἐκ
653 1149 754 1185 δυοῖν
778 1152 918 1197 αἵρεσιν
941 1153 1037 1194 ἔχειν
1056 1152 1135 1186 τῶν
1155 1163 1269 1186 συνοι-
1340 1162 1447 1187 unam
1471 1162 1515 1187 ex
1539 1152 1680 1187 duabus
1704 1151 1950 1188 condicionem
1978 1151 2111 1187 habere
2134 1150 2418 1187 contrahentium

189 1198 352 1231 κοὺντων
375 1195 439 1231 τὸν
463 1198 605 1243 ἕτερον,
638 1193 661 1240 ἢ
685 1194 773 1244 πρὸς
802 1193 919 1243 γάμον
949 1195 1075 1230 ἐλθεῖν
1098 1199 1158 1231 καὶ
1182 1194 1270 1232 ἀπο·
1339 1197 1510 1240 alterum,
1535 1199 1600 1232 aut
1622 1197 1669 1233 ad
1692 1197 1837 1243 nuptias
1859 1196 1981 1233 venire
2004 1200 2039 1233 et
2061 1195 2313 1232 abrenuntiare
2335 1205 2416 1242 per·

189 1241 375 1282 τάξασθαι
397 1243 442 1289 τῇ
467 1239 571 1286 λήψει
594 1239 632 1285 ἧ,
658 1242 758 1288 εἴπερ
782 1242 889 1275 τοῦτο
913 1239 954 1275 οὐ
978 1240 1156 1286 βούλοιτο,
1182 1240 1269 1277 ἀλλὰ
1284 1245 1326 1277 20
1340 1242 1507 1287 ceptioni,
1532 1246 1598 1278 aut
1619 1242 1650 1278 si
1670 1242 1739 1278 hoc
1758 1241 1923 1285 noluerit,
1947 1241 2011 1278 sed
2029 1241 2182 1278 honorat
2200 1241 2417 1284 defunctum,

189 1288 275 1331 τιμᾷ
316 1286 382 1321 τὸν
417 1286 698 1330 τελευτήσαντα,
739 1285 886 1321 πάντως
920 1284 1150 1329 ἀποσχέσθαι
1192 1289 1270 1322 τῶν
1339 1288 1483 1324 omnino
1508 1287 1690 1323 abstinere
1712 1287 1756 1323 de
1780 1291 1898 1323 cetero
1922 1287 2067 1332 nuptiis.

189 1335 207 1368 1
261 1333 383 1378 ἑφεξῆς
398 1330 536 1378 γάμων.
587 1330 683 1366 Ἀλλ’
706 1332 767 1366 ἵνα
785 1330 834 1376 μὴ
857 1330 900 1366 τὸ
922 1333 1069 1378 πρᾷγμα
1088 1335 1270 1379 μετέωρον
1338 1335 1358 1368 1
1415 1332 1486 1368 Sed
1510 1334 1552 1368 ut
1574 1343 1647 1368 non
1671 1338 1782 1369 causa
1804 1342 1978 1378 suspensa
2009 1332 2057 1368 sit
2086 1336 2122 1367 et
2150 1334 2234 1377 post
2256 1334 2419 1378 tempora

189 1371 210 1425 ᾗ
242 1381 300 1411 καὶ
328 1378 419 1421 μετὰ
448 1374 595 1421 χρόνους
624 1377 711 1412 ἴσως
741 1374 896 1422 μακροὺς
930 1379 1073 1411 ἐπανίοι
1108 1374 1218 1413 πάλιν
1249 1376 1271 1421 ἡ
1339 1377 1493 1414 forsitan
1525 1378 1631 1423 longa
1659 1379 1859 1413 revertatur
1889 1387 2013 1414 rursus
2038 1378 2196 1420 exactio,
2228 1380 2419 1423 propterea

189 1423 383 1469 εἴςπραξις,
417 1421 476 1456 διὰ
500 1423 607 1456 τοῦτο
631 1421 749 1456 καλῶς
780 1420 866 1466 ἡμῖν
888 1420 1012 1462 ἔδοξεν
1034 1425 1129 1465 ἔχειν
1152 1420 1271 1468 ὁρίσαι
1340 1423 1432 1459 bene
1464 1423 1569 1459 nobis
1600 1422 1715 1459 visum
1747 1426 1802 1459 est
1832 1422 1966 1458 habere
1997 1422 2231 1458 determinare
2261 1431 2417 1463 causam,

189 1467 231 1502 τὸ
255 1469 419 1523 πρᾶγμα,
453 1469 514 1502 καὶ
544 1468 630 1502 εἵσω
661 1469 729 1511 μὲν
753 1467 919 1501 ἐνιαυτοῦ
949 1466 999 1512 μὴ
1023 1467 1116 1502 εἶναι
1140 1480 1270 1503 παντε-
1284 1471 1326 1503 25
1341 1471 1378 1503 et
1400 1478 1515 1513 usque
1545 1467 1592 1504 ad
1620 1478 1755 1503 annum
1786 1467 1927 1513 quidem
1957 1477 2030 1504 non
2060 1477 2140 1503 esse
2188 1466 2304 1502 enitus
2327 1465 2417 1511 peti·

190 1512 260 1547 λιῦς
282 1516 480 1554 απαίτησιν
502 1513 566 1546 τοῦ
589 1510 921 1557 καταλελειμμένου,
946 1510 1041 1555 πλὴν
1064 1513 1096 1546 εἰ
1117 1512 1168 1558 μὴ
1191 1510 1270 1558 τρό-
1340 1513 1473 1549 tionem
1489 1513 1614 1557 relicti,
1638 1513 1708 1549 nisi
1729 1517 1849 1549 tamen
1873 1512 1999 1548 modus
2016 1511 2165 1549 sacerdo
2183 1512 2205 1520 '⁹
2227 1510 2418 1548 adveniens

190 1570 255 1593 πος
280 1555 472 1604 ἱερωσύνης
503 1555 754 1604 ἐπιγενόμενος
785 1558 935 1604 θατέρῳ
959 1558 1038 1592 τῶν
1066 1557 1271 1603 προςώπων
1338 1559 1445 1594 alteri
1467 1568 1702 1604 personarum
1726 1559 1846 1594 statim
1869 1557 2040 1603 praebeat
2062 1557 2337 1603 perceptionem,
2360 1559 2418 1592 ut-

190 1600 300 1637 εὐθύς
323 1601 401 1646 δοίη
433 1602 500 1646 τὴν
524 1602 651 1649 λῆψιν,
684 1599 731 1637 ιῦς
760 1599 824 1637 οὐκ
855 1604 910 1637 ἔτι
932 1602 1061 1650 γάμων
1087 1601 1193 1647 οὔσης
1217 1602 1270 1637 ἐλ-
1365 1606 1424 1640 ote
1447 1613 1672 1649 nequaquam
1695 1604 1901 1650 nuptiarum
1924 1603 2099 1639 existente
2122 1612 2196 1648 spe.

189 1649 214 1684 2
266 1646 379 1683 πίδος.
431 1649 477 1682 Εἰ
498 1651 624 1692 μέντοι
649 1645 864 1695 διαδραμεῖν
887 1651 1045 1692 συμβαίη
1070 1646 1136 1683 τὸν
1156 1650 1270 1683 ἑνιαυ·
1338 1615 1364 1685 g
1421 1649 1460 1685 Si
1478 1659 1561 1685 vero
1578 1648 1732 1685 transire
1756 1648 1947 1694 contigerit
1969 1648 2100 1684 annale
2119 1651 2190 1684 tem
2218 1658 2271 1691 us,
2296 1646 2419 1683 damus

190 1696 308 1728 σιαῖον
333 1691 479 1740 χρόνον,
513 1691 661 1738 δίδομεν
683 1695 750 1738 μὲν
773 1694 827 1737 τῷ
857 1690 1039 1739 προςώπῳ
1066 1691 1184 1737 τούτῳ
1211 1693 1271 1728 λα-
1284 1696 1327 1729 30
1340 1694 1482 1739 quidem
1511 1701 1688 1740 personae
1716 1694 1802 1730 huic
1831 1693 1996 1738 accipere
2034 1692 2130 1746 quod
2157 1703 2198 1728 re
2213 1693 2322 1728 ’ctum
2352 1693 2419 1735 est,

190 1742 269 1783 βεῖν
292 1738 334 1773 τὸ
357 1737 710 1783 καταλελειμμένον,·
730 1736 796 1781 οὐχ
824 1735 948 1773 ἁπλῶς
978 1736 1019 1772 δὲ
1041 1734 1124 1772 οὐδὲ
1147 1735 1270 1773 οὕτως.
1339 1750 1412 1775 non
1434 1740 1600 1776 absolute
1623 1743 1743 1775 tamen
1766 1748 1883 1784 neque
1906 1738 2125 1784 simpliclter3
2148 1737 2212 1774 sed
2231 1737 2263 1773 si
2280 1736 2419 1783 quidem

190 1782 269 1817 ἀλλ’
296 1785 327 1817 εἰ
347 1786 415 1828 μὲν
435 1782 606 1827 ἀκίνητον
630 1784 683 1827 εἴη
707 1782 749 1818 τὸ
774 1784 933 1830 πρᾶγμα,
956 1783 1006 1828 μὴ
1026 1781 1142 1818 ἄλλως
1164 1785 1272 1819 τοῦτο
1339 1785 1529 1820 immobilis
1560 1784 1670 1820 fuerit
1699 1794 1778 1829 res,
1814 1794 1886 1820 non
1918 1783 2021 1819 aliter
2055 1784 2126 1819 hoc
2155 1781 2321 1828 accipere
2349 1780 2420 1818 nisi

191 1826 388 1873 λαμβάνειν
420 1827 514 1872 πλὴν
543 1830 575 1863 εἰ
603 1827 652 1873 μὴ
685 1827 886 1873 διωμοσίαν
917 1829 1067 1863 ἕκθοιτο
1098 1832 1159 1863 καὶ
1184 1826 1270 1865 ὑπο·
1340 1830 1552 1865 iuratoriam
1576 1829 2008 1875 cautionem-exposuerit
2030 1831 2068 1864 et
2086 1827 2317 1874 supposuerit
2335 1837 2420 1864 suas

192 1874 311 1917 θήκην
342 1871 521 1909 ὑπόθοιτο
556 1873 601 1908 τὰ
635 1875 763 1909 ἑαυτοῦ
796 1872 992 1921 πράγματα
1029 1875 1151 1918 (τοῦτο
1181 1871 1273 1920 ὅπερ
1339 1885 1398 1911 res
1424 1875 1507 1919 (1100
1531 1875 1627 1921 quod
1658 1874 1769 1911 tacite
1799 1885 1844 1910 ex
1867 1874 1937 1909 hac
1965 1873 2043 1919 lege
2065 1873 2223 1916 damus),
2255 1874 2298 1908 ut
2319 1872 2353 1908 si
2373 1870 2421 1907 ad

191 1923 248 1953 καὶ
279 1921 472 1965 σιωπηρῶς
501 1922 539 1953 ἐκ
570 1917 676 1954 τοῦδε
711 1920 776 1953 τοῦ
808 1917 920 1963 νόμου
953 1916 1114 1964 δίδομεν)
1145 1917 1209 1962 ὠς,
1240 1920 1272 1954 εἰ
1285 1922 1327 1955 35
1340 1920 1517 1957 secundas
1551 1921 1688 1956 venerit
1717 1920 1881 1965 nuptias,
1916 1919 2044 1954 reddat
2076 1917 2172 1964 quod
2207 1917 2330 1953 datum
2365 1919 2421 1953 est

191 1963 278 2009 πρὸς
302 1963 469 2011 δεύτερον
492 1964 598 1999 ἔλθοι
621 1963 752 2011 γάμον,
784 1962 988 1999 ἀποδίδωσι
1010 1964 1053 1999 τὸ
1078 1962 1271 2009 δεδομένον
1340 1965 1413 2001 tale
1445 1965 1550 2010 quale
1579 1965 1760 2011 percepit,
1794 1965 1988 2000 restituens
2019 1966 2055 1999 et
2087 1973 2176 2009 quos
2210 1962 2349 2008 accepit
2382 1962 2421 1997 in

190 2010 354 2044 τοιοῦτον
371 2008 498 2044 ὁποῖον
515 2009 745 2055 παρείληφεν,
770 2006 964 2044 ἀποδιδοὺς
983 2013 1044 2044 καὶ
1062 2005 1121 2044 οὓς
1139 2008 1272 2054 ἔλαβεν
1339 2011 1456 2046 medio
1480 2010 1631 2046 fructus.
1802 2008 1811 2013 “

190 2054 216 2090 3
267 2057 307 2088 ἐν
326 2058 425 2099 μέσῳ
450 2054 617 2101 καρπούς.
676 2057 722 2089 Εἰ
741 2052 781 2089 δὲ
801 2053 950 2098 κινητὸν
973 2056 1026 2098 εἴη
1047 2053 1090 2090 τὸ
1111 2056 1271 2102 πρᾶγμα,
1339 2055 1365 2093 3
1422 2056 1460 2091 Si
1487 2066 1571 2092 vero
1602 2055 1742 2091 mobilis
1774 2055 1885 2091 fuerit
1915 2064 1993 2097 res,
2025 2054 2058 2090 si
2088 2053 2230 2099 quidem
2256 2052 2421 2090 idoneam

191 2101 221 2133 εἰ
244 2102 311 2143 μὲν
335 2097 496 2146 εὐπόρως
518 2102 592 2143 ἔχοι
620 2099 666 2135 τὰ
689 2101 749 2134 τ”ς
773 2103 977 2147 περιουσίας
1003 2100 1058 2143 τῷ
1088 2112 1118 2134 π
1140 2098 1271 2144 οςώπῳ
1340 2101 1451 2137 habet
1487 2101 1725 2137 substantiam
1770 2109 1926 2146 persona
1960 2099 2081 2135 volens
2117 2098 2300 2144 achpere,
2343 2097 2420 2134 dari

191 2146 251 2188 τῷ,
270 2144 476 2189 βουλομένῳ
501 2144 641 2190 λαβεῖν,
675 2114 848 2180 δίδοσθαι
872 2143 916 2179 τὸ
938 2144 1113 2190 καταλειφ
1148 2147 1187 2179 ὲν
1211 2148 1272 2180 ἐπὶ
1285 2149 1327 2180 40
1341 2146 1436 2191 quod
1459 2146 1623 2182 relictum
1646 2150 1701 2181 est
1725 2148 1791 2183 Sub
1816 2145 1940 2180 eadem
1964 2144 2130 2180 cautione
2153 2146 2190 2178 et
2211 2142 2337 2179 iisdem
2355 2142 2421 2190 hy-

190 2192 235 2236 τῇ
260 2187 350 2237 αὐτῇ
374 2188 554 2236 ἀσφαλείᾳ
584 2194 644 2224 καὶ
675 2194 753 2224 ταῖς
774 2188 897 2225 αὐταῖς
927 2186 1141 2233 ὑποθήκαις.
1188 2188 1268 2224 ἀλλ’
1341 2192 1516 2236 pothecis.
1584 2191 1656 2227 Sed
1693 2190 1726 2227 Si
1760 2190 1902 2236 quidem
1937 2189 2034 2225 aliud
2068 2188 2201 2234 aliquid
2238 2187 2420 2224 mobilium

186 2303 481 2349 praetermissam
511 2312 588 2337 esse
620 2301 881 2344 intelleximus,
917 2302 1052 2338 scilicet
1083 2302 1191 2338 etiam
1222 2301 1389 2348 defuncti
1420 2303 1578 2338 animam
1606 2312 1683 2337 esse
1715 2300 1936 2337 curandam(
1987 2300 2101 2344 Quam
2133 2300 2177 2336 ob
2208 2311 2285 2337 rem
2310 2312 2420 2348 prae-

191 2352 325 2383 sentem
355 2347 468 2393 leqem
498 2348 673 2392 ferimus:
707 2346 873 2382 nolumus
903 2347 996 2383 enim
1030 2346 1287 2393 defunctorum
1317 2346 1524 2383 voluntates
1549 2358 1645 2393 quae
1672 2345 1765 2382 nihil
1793 2346 1942 2382 absurdi
1968 2346 2176 2382 contineant
2205 2346 2245 2380 in
2276 2345 2421 2382 initum

193 2392 331 2427 cadere.
390 2392 484 2427 Nam
507 2391 683 2438 siquidem
707 2391 924 2434 diceremus,
956 2392 1100 2428 mulieri
1131 2392 1297 2435 omnino,
1328 2393 1361 2428 si
1390 2392 1545 2428 maritus
1574 2403 1633 2428 ne«
1649 2391 1799 2428 nuberet
1814 2391 2064 2439 praeceperit,
2096 2390 2137 2426 id
2159 2390 2420 2427 observandum

192 2448 280 2479 esse,
312 2436 460 2472 haberet
481 2438 646 2482 fortasse
669 2436 732 2473 lex
755 2436 877 2472 acerbi
900 2436 1049 2482 aliquid.
1110 2436 1191 2473 Iam
1214 2449 1299 2474 vero
1325 2448 1406 2474 cum
1429 2437 1583 2474 alterum
1602 2441 1755 2484 praesto
1779 2437 1846 2479 sit,
1878 2440 1936 2479 ut,
1958 2437 1995 2472 si
2012 2435 2155 2482 quidem
2175 2435 2307 2472 nubere
2326 2435 2421 2479 velit,

194 2493 273 2532 non·
299 2492 342 2516 ca
370 2482 423 2517 iat
452 2482 551 2527 quod
581 2481 744 2517 relictum
776 2485 848 2524 est,
884 2493 1044 2518 summae
1073 2482 1311 2518 absurditatis
1341 2486 1397 2519 est
1425 2483 1508 2530 pati
1530 2482 1751 2519 voluntatem
1781 2481 1948 2527 defuncti
1970 2483 2023 2518 ita
2045 2481 2272 2528 periclitari,
2304 2484 2345 2517 ut
2365 2480 2423 2518 illi

194 2538 297 2562 venta
320 2494 425 2561 ἀξίαν
448 2531 483 2562 et
503 2526 659 2561 nubendi
679 2531 714 2562 et
738 2526 838 2572 quod
859 2527 1023 2562 relictum
1043 2531 1098 2564 est
1119 2528 1323 2575 accipiendi
1346 2533 1382 2564 et
1398 2539 1472 2575 per
1496 2527 1617 2564 omnia
1635 2527 1801 2580 priorem
1825 2527 1993 2562 maritum
2017 2525 2192 2562 laedendi.

328 2571 457 2606 XLIV.
515 2571 574 2606 Ita
603 2583 646 2607 ue
668 2572 868 2614 sancimus,
898 2573 930 2607 si
954 2573 1036 2618 quis
1057 2572 1289 2619 prohibuerit
1310 2584 1482 2615 uxorem,
1515 2572 1571 2610 vel
1593 2576 1702 2609 ettam
1724 2582 1825 2608 uxor
1846 2573 2015 2618 maritum
2038 2570 2145 2613 (idem
2168 2571 2262 2607 enim
2285 2574 2422 2607 umm-

197 2627 265 2662 que
289 2619 353 2656 est)
386 2616 435 2650 ad
458 2627 580 2651 secun(
592 2627 651 2650 um
676 2616 882 2663 coniuqium
915 2618 1072 2654 transire
1095 2629 1211 2665 eoque
1238 2619 1383 2654 nomine
1413 2617 1503 2664 quid
1532 2617 1767 2664 reliquerint.-
1803 2620 1845 2652 ut
1866 2617 1959 2653 atter
1990 2616 2184 2662 coniuqum
2206 2627 2258 2652 ex
2279 2615 2421 2653 duobus

196 2660 402 2695 elect-ionem
427 2660 574 2702 babeat,
607 2666 647 2695 ut
670 2664 733 2696 aut
761 2661 811 2696 ad
833 2662 1098 2698 matrimonium
1132 2667 1295 2699 transeat
1325 2667 1361 2699 et
1390 2665 1447 2699 rei
1471 2662 1705 2710 accipiendae
1733 2661 1934 2704 renuntiet,
1967 2666 2033 2697 aut
2059 2660 2093 2696 si
2122 2660 2192 2697 noc
2219 2661 2330 2703 nolit,
2359 2660 2424 2697 sed

197 2707 217 2741 1
276 2704 486 2749 defunctum
507 2704 676 2748 honoret,
700 2710 741 2741 ut
765 2707 909 2742 omnino
934 2708 978 2743 ab
1000 2709 1117 2744 attero
1141 2708 1373 2744 matrimonio
1397 2708 1587 2745 abstineat.
1656 2707 1713 2743 Ne
1739 2713 1857 2743 tamen
1879 2716 1938 2742 res
1957 2707 1996 2742 in
2017 2716 2194 2753 suspenso
2216 2706 2266 2742 sit
2283 2710 2320 2742 et
2334 2710 2424 2752 post

199 2750 345 2801 tongum
367 2749 468 2793 sorte
490 2755 627 2801 tempus
658 2750 774 2786 denuo
803 2751 928 2787 redeat
958 2753 1121 2796 eaeactio,
1145 2758 1350 2806 propterea
1382 2758 1479 2790 recte
1502 2753 1607 2789 nobis
1626 2752 1758 2789 habere
1789 2751 1903 2788 visum
1931 2755 1987 2787 est
2012 2761 2087 2786 rem
2111 2749 2272 2803 definire,
2303 2750 2358 2787 ita
2379 2754 2423 2787 ut

197 2799 298 2835 antra
332 2805 466 2829 annum
524 2795 640 2829 uadem
675 2795 775 2830 nullo
806 2801 920 2842 pacto
952 2799 1098 2834 exactio
1130 2803 1179 2834 sit
1205 2800 1283 2835 eius
1315 2798 1416 2845 quod
1443 2798 1608 2834 relictum
1639 2802 1710 2840 est,
1747 2797 1818 2832 nisi
1849 2796 1952 2842 forte
1973 2795 2171 2832 sacerdotii
2193 2795 2291 2832 ratio
2315 2794 2424 2832 alteri

197 2840 222 2875 2
275 2850 458 2890 personae
481 2806 668 2874 viventem
691 2840 812 2891 εταρἱι
836 2842 1004 2887 capiendi
1027 2844 1083 2878 ius
1100 2848 1284 2890 praestet,
1320 2847 1446 2891 utpote
1477 2854 1558 2879 cum
1588 2853 1663 2879 non
1696 2842 1852 2889 amplius
1874 2852 1958 2888 spes
1987 2841 2036 2877 sit
2069 2841 2290 2888 nuptiarum.
2380 2839 2424 2877 Si

198 2895 282 2920 vero
308 2894 394 2935 anna
427 2888 564 2934 tempus
589 2889 839 2929 praeterierit,
876 2887 1104 2924 concedimus
1126 2888 1270 2935 quidem
1294 2889 1328 2925 ci
1360 2899 1552 2935 personae,
1588 2891 1630 2924 ut
1661 2887 1826 2924 relictum
1862 2887 2003 2933 capiat,
2040 2896 2258 2939 quamquam
2291 2897 2338 2922 ne
2368 2885 2423 2923 ita

198 2929 341 2976 quidem
365 2928 403 2963 zd
426 2934 600 2974 protenus
619 2929 697 2979 fiat.
758 2928 831 2965 Sed
859 2931 1036 2976 siquidem
1058 2933 1251 2969 immobilis
1273 2945 1334 2970 res
1356 2934 1420 2976 sit,
1457 2944 1531 2970 non
1560 2933 1667 2970 aliter
1690 2943 1769 2969 eam
1801 2931 1925 2978 capiat
1947 2931 2019 2967 nisi
2041 2930 2292 2967 iusiurandum
2313 2941 2421 2977 prae-

197 2975 331 3010 stiterit
358 2984 515 3024 suasque
545 2984 603 3008 res
624 2974 778 3019 pzqnori
807 2977 1041 3021 supposuerit
1062 2978 1113 3021 (td
1135 2978 1236 3025 quod
1258 2979 1366 3015 etiam
1388 2978 1496 3015 tacite
1518 2989 1568 3015 ex
1591 2977 1660 3014 hac
1684 2978 1764 3024 leqe
1784 2976 2024 3020 concedimus)
2048 2987 2099 3019 se,
2121 2975 2155 3011 si
2177 2975 2228 3012 ad
2245 2974 2424 3012 secundas

198 3019 346 3066 nuptias
369 3023 523 3069 venerit,
557 3018 656 3069 quod
684 3017 808 3053 datum
839 3025 909 3062 esc,
941 3022 1012 3057 tate
1068 3023 1151 3059 uate
1174 3024 1357 3075 acceperit
1385 3035 1462 3061 esse
1492 3023 1736 3065 reddituram,
1767 3021 1994 3058 reddituram
2022 3021 2131 3058 etiam
2158 3021 2308 3068 fructus
2331 3031 2424 3068 quos

197 3065 224 3101 8
283 3069 442 3110 tempore
473 3066 702 3098 interiacente
726 3065 942 3114 perceperit.
1064 3068 1102 3102 in
1131 3068 1273 3104 mobilis
1303 3069 1353 3104 sit
1382 3080 1459 3112 res,
1491 3070 1524 3105 si
1548 3068 1692 3116 quidem
1723 3066 1865 3103 abunde
1895 3066 2028 3103 habeat
2057 3065 2234 3102 bonorum
2250 3075 2423 3118 persona

199 3120 292 3156 quae
322 3118 453 3155 capere
477 3107 569 3150 vult,
602 3106 701 3153 quod
726 3107 889 3142 relictum
920 3114 975 3145 est
1003 3113 1067 3147 sub
1100 3113 1223 3149 eadem
1253 3114 1422 3149 cautione
1453 3117 1489 3149 et
1514 3114 1641 3149 iisdem
1672 3111 1888 3160 hypothecis
1911 3111 2025 3148 detur.
2084 3110 2203 3158 Atque
2224 3121 2256 3146 st
2280 3109 2423 3156 quidem

248 3227 262 3258 1
290 3218 530 3265 ἐνενοήσαμεν
555 3221 643 3261 ΜΒ]
668 3218 865 3263 ἐνοήσαμιν
886 3222 917 3254 L
942 3222 954 3263 ΙΙ
976 3224 995 3255 9
1017 3222 1080 3255 τοῦ
1106 3237 1163 3257 om.
1190 3226 1221 3258 L
1268 3228 1280 3270 ΙΙ
1348 3240 1406 3261 om.
1430 3227 1473 3260 V¹
1488 3227 1501 3271 ΙΙ
1520 3228 1540 3261 8
1565 3226 1735 3260 *secundo
1749 3226 1827 3260 libri
1838 3223 1852 3269 ΙΙ
1870 3226 1891 3258 9
1915 3225 1971 3265 sit]
1995 3234 2053 3257 sue
2063 3223 2114 3257 Β*
2129 3222 2142 3268 ΙΙ
2160 3223 2266 3264 *nonl
2291 3223 2379 3265 quod
2395 3223 2430 3257 V

202 3273 242 3304 18
268 3265 315 3303 ὦς
339 3281 397 3302 om.
411 3266 487 3310 B‘fl
511 3263 609 3299 δυεῖν
633 3266 700 3309 Mn
717 3265 806 3306 τῶν]
830 3264 896 3298 τὸν
919 3267 964 3298 13¹
982 3266 995 3310 ΙΙ
1023 3269 1065 3300 22
1086 3267 1162 3310 ἑξῆς
1190 3270 1233 3302 B1
1268 3272 1279 3311 Η
1348 3273 1409 3304 hoc
1425 3273 1464 3313 T,
1480 3284 1539 3305 om.
1553 3272 1684 3316 Rvulq.
1703 3271 1716 3315 ΙΙ
1734 3272 1775 3305 10
1798 3268 1949 3303 melei-im
1961 3268 2010 3302 R¹
2025 3267 2039 3312 ΙΙ
2057 3269 2116 3309 est]
2139 3270 2171 3301 et
2194 3266 2256 3313 Ru
2277 3269 2317 3302 16
2342 3278 2423 3301 uxo·

200 3317 241 3349 27
267 3311 514 3359 ἐπιγινόμενος
530 3310 610 3365 ’ΒἸΙΙ
634 3312 690 3362 28-
702 3307 761 3343 δοί
782 3311 854 3351 (sic)
877 3311 920 3364 a(
940 3311 946 3352 Ι
970 3313 1101 3362 30ομὲν
1124 3326 1182 3346 om.
1197 3315 1233 3347 B
1266 3316 1279 3356 ΙΙ
1347 3327 1416 3349 rem
1438 3317 1482 3358 V]
1508 3317 1654 3359 om.RT,
1675 3323 1751 3359 post
1772 3313 1983 3358 prohibuerit
2005 3313 2077 3347 coll.
2091 3313 2205 3357 vuly.ss
2235 3315 2272 3347 17
2294 3315 2423 3347 utrum·

201 3361 308 3393 τοῦτο
333 3357 408 3402 Blu
435 3359 474 3391 31
501 3368 564 3397 ουχ
586 3352 710 3390 απλως
731 3356 855 3398 μέντοι
879 3367 919 3388 ου
946 3357 963 3387 ὲ
987 3359 1110 3397 ουτως]
1136 3368 1203 3390 non
1223 3360 1278 3392 ab·
1347 3372 1411 3403 que
1429 3363 1623 3403 Heimbach]
1644 3361 1802 3403 utrinque
1823 3360 1902 3393 libri
1917 3357 1930 3403 ΙΙ
1945 3357 2145 3400 relinquor-it
2163 3358 2197 3391 R
2212 3358 2224 3401 ss
2247 3360 2286 3392 18
2310 3360 2422 3399 unam]

201 3406 308 3438 solute
327 3407 437 3436 tamen
462 3412 569 3443 neque
593 3400 789 3443 simpliciter
813 3412 832 3436 ς
847 3401 859 3443 n
877 3396 1011 3433 οὑτωσὶ
1033 3402 1063 3433 L
1093 3401 1105 3444 ΙΙ
1132 3404 1173 3435 33
1195 3399 1278 3437 ὑπο·
1347 3416 1422 3438 nam
1437 3406 1514 3451 1211}
1535 3408 1575 3441 19
1598 3404 1823 3450 praeceptioni
1844 3404 1924 3437 Vae.
1943 3403 1955 3446 ΙΙ
1971 3405 2014 3437 20
2033 3403 2089 3436 ned
2103 3403 2247 3436 honorat
2259 3415 2317 3438 om.
2338 3403 2390 3437 V·
2410 3401 2424 3448 ΙΙ

201 3448 322 3491 θήκην
347 3462 404 3482 om.
429 3459 466 3488 ς,
506 3449 548 3480 34
572 3442 754 3479 ὑπόθοιτο
780 3458 838 3478 om.
862 3445 906 3477 13¹
933 3444 946 3487 ΙΙ
973 3447 1014 3478 35
1039 3446 1082 3486 εἰ]
1114 3446 1161 3479 εἰς
1191 3448 1237 3481 Μ
1265 3449 1275 3492 ΙΙ
1347 3453 1388 3484 22
1410 3462 1476 3483 non
1490 3453 1572 3493 utR
1591 3450 1604 3495 ΙΙ
1620 3454 1662 3485 24
1688 3450 1820 3490 habere]
1837 3448 1952 3481 haberi
1969 3448 2098 3482 RV¹T
2116 3449 2202 3482 hano
2222 3447 2272 3482 V²
2289 3447 2423 3492 11116101·-

202 3498 244 3529 36
268 3491 452 3527 ἀποδώσει
478 3492 524 3525 B¹
542 3491 555 3535 ΙΙ
571 3494 612 3525 39
636 3492 721 3532 ἔχοι]
747 3490 846 3522 habet
869 3502 888 3525 ς
1346 3496 1468 3528 minari
1490 3497 1539 3529 V¹
1558 3495 1571 3540 ΙΙ
1588 3499 1630 3530 25
1653 3494 1876 3539 petitionesR
1891 3492 1904 3538 ΙΙ
1922 3494 1965 3527 26
1989 3495 2120 3526 tantum
2140 3493 2293 3536 RT1129
2317 3492 2423 3526 amale

205 3554 1270 3583 ÷———-—————··
1356 3539 1410 3583 Vn
1437 3543 1474 3574 31
1502 3541 1691 3574 absolutum
1717 3540 1773 3584 Vn
1797 3538 1942 3581 quidem]
1963 3538 2045 3580 quid
2068 3538 2116 3571 R¹
2136 3537 2149 3581 ΙΙ
2170 3540 2213 3572 32
2237 3539 2312 3579 hoo]
2337 3538 2423 3570 hano

250 3588 264 3618 1
291 3584 438 3626 percepti
462 3583 512 3615 Β·
534 3582 547 3625 ΙΙ
574 3582 733 3623 quoniam
756 3580 1021 3621 alterutrumque
1044 3588 1074 3613 et
1097 3583 1116 3614 2
1141 3592 1161 3613 a
1184 3583 1278 3615 nobis
1346 3585 1430 3628 vuly.
1447 3586 1459 3626 ΙΙ
1478 3587 1521 3618 33
1534 3599 1581 3629 sq.
1603 3595 1654 3619 res
1669 3595 1744 3619 suas
1762 3583 1884 3627 111138
1909 3583 2013 3617 fuerit
2035 3582 2167 3616 mobilis
2187 3582 2241 3624 Vss
2258 3582 2421 3627 ydoneum

202 3631 308 3673 suppl.
334 3629 380 3661 V2
403 3630 435 3661 in
459 3635 543 3670 spat.
568 3640 637 3660 vac.
656 3626 669 3669 ΙΙ
685 3626 893 3666 alterumque
910 3625 959 3658 R¹
984 3625 1124 3658 alterum
1146 3637 1277 3668 quoque
1346 3628 1423 3672 13¹ss
1442 3631 1484 3663 39
1507 3630 1627 3663 habeat
1650 3632 1735 3674 vulq.
1758 3629 1772 3674 ΙΙ
1800 3628 1917 3662 uolens
1942 3641 2001 3662 om.
2022 3627 2069 3662 R¹
2098 3627 2112 3672 ΙΙ
2140 3630 2184 3662 40
2207 3628 2282 3669 sub]
2307 3629 2341 3660 et
2361 3627 2422 3660 sub

203 3675 286 3718 vuly.
304 3673 316 3717 ΙΙ
335 3676 354 3707 2
380 3684 488 3705 rerum
503 3673 546 3712 lc]
562 3683 670 3704 rerum
685 3674 871 3703 nostrarum
894 3670 931 3712 V,
944 3683 1002 3704 om.
1016 3672 1100 3714 vuly.
1117 3670 1131 3714 ΙΙ
1150 3675 1169 3704 4
1191 3672 1276 3704 nihil
1354 3672 1409 3716 Vn
1428 3675 1614 3709 cautionem
1638 3675 1699 3719 Ru
1717 3674 1842 3708 hisdem
1864 3674 1974 3707 RVT
1998 3673 2011 3717 ΙΙ
2039 3676 2079 3707 41
2101 3673 2183 3715 quid
2202 3673 2236 3707 R

2580 2524 2592 2591 ἡ*
2582 2372 2592 2501 ——--
2586 2337 2592 2353 k·
