2592 3840
278 82 384 125 Nov.
408 80 532 124 XXX
563 83 587 122 2
600 104 648 110 —
663 84 688 122 4
1353 76 1435 124 226
2121 95 2182 125 nn
2209 94 2498 127 Pnooonsnnn

272 196 403 237 μασίας
426 188 448 235 ἢ
470 192 530 226 ἑτέ
551 203 591 225 ας
614 188 828 234 οἷαι-δήποτε
851 191 977 231 αἰτίας,
1008 189 1135 235 μόνων
1158 187 1230 224 ἆνὰ
1252 190 1355 236 quin·
1423 191 1486 226 bili
1509 192 1714 237 proconsuli
1738 191 1928 227 occasione
1951 191 2246 228 denominationis
2266 196 2330 229 aut
2347 193 2495 229 alterius

273 238 444 283 quaginta
459 237 524 273 soli
551 247 652 272 orum
668 232 756 282 παρ’
773 232 926 269 ἑκάστου
944 236 1022 269 τῶν
1041 233 1242 281 δεκατριῶν
1261 247 1350 279 azoa-
1420 236 1610 273 cuiuslibet
1644 246 1791 278 causae,
1825 238 1966 271 tantum
2001 237 2258 282 quinquagenis
2295 238 2418 273 solidis
2449 238 2495 274 ab

269 282 412 328 κτόρων
431 285 504 316 τοῖς
525 284 709 327 προτέροις
724 278 950 324 τριςκαίδεκα
968 284 1183 327 μαγίστερσι
1200 293 1350 325 παρεχο-
1421 292 1636 327 unoquoque
1666 282 1836 317 tredecim
1869 284 2076 317 exactorum
2111 282 2290 327 prioribus
2325 282 2495 319 tredecim

270 331 404 371 μένων.
1420 327 1595 371 magistris
1620 326 1844 372 praebendis.

1263 438 1420 475 CAPUT
1450 439 1514 475 III.

315 504 456 540 Αὐτοὺς
486 508 610 549 μέντοι
641 503 722 539 τοὺς
754 503 955 548 ἇπαιτητᾶς
985 504 1072 548 μηδ’
1099 504 1223 540 ὁτιοῦν
1251 510 1347 550 κομί·
1384 510 1404 542 5
1470 507 1573 552 Ipsos
1606 510 1725 542 autem
1756 510 1939 542 exactores
1975 506 2063 541 nihil
2097 507 2262 552 accipere
2293 508 2445 553 amplius
2472 517 2496 542 a

271 552 404 594 ζεσθαι
427 550 537 586 πλέον
555 549 659 606 ’παρὰ
683 552 761 604 τῶν
775 551 951 597 γεωργῶν
969 549 991 594 ἢ
1009 552 1088 585 τῶν
1109 547 1200 585 ὅλως
1218 549 1349 595 ὑπομε-
1417 552 1553 588 colonis
1579 556 1642 587 aut
1665 552 1808 588 omnino
1832 562 1855 587 a
1879 551 2137 587 sustinentibus
2162 562 2228 597 per
2251 562 2312 588 eos
2336 553 2508 588 exactio-⁷

269 596 412 631 νὸντων
443 592 495 630 δι’
522 597 646 629 αυτῶν
669 608 735 638 την
759 596 941 641 εἴςπραξιν
971 594 1066 639 πλὴν
1089 596 1167 630 τῶν
1191 608 1348 644 περιεχο-
1418 607 1498 632 nem
1531 597 1622 632 citra
1652 608 1759 642 quam
1794 597 1997 632 continetur
2026 597 2148 632 formis
2179 597 2328 633 Nicetae
2358 597 2494 641 magni-

269 645 392 686 μένων
422 643 494 675 τοῖς
523 640 649 675 τύποις
680 642 839 683 Νικητοῦ
873 642 937 674 τοῦ
968 642 1029 684 τῆς
1058 640 1348 687 μεγαλοπρεποῦς
1416 642 1507 678 ficae
1537 643 1728 677 memoriae
1761 645 1798 677 et
1828 652 1921 686 quae
1951 641 2098 677 definita
2129 645 2214 677 sunt
2248 642 2494 686 exactoribus3

269 685 406 730 μνήμης
429 688 488 719 καὶ
506 682 789 731 ἀφορισθεντων
808 689 882 720 τοῖς
901 683 1127 728 ἇπαιτηταῖς.
1174 686 1223 730 μὴ
1241 684 1346 720 Bova·
1416 698 1489 722 non
1512 687 1712 722 valentibus
1737 687 1787 723 eis
1811 686 1945 731 fingere
1969 687 2113 721 nomina
2145 691 2181 722 et
2203 698 2269 732 pro
2293 686 2495 722 nominibus

269 735 390 775 μένων
415 728 537 764 αὐτῶν
559 728 734 765 πλάττειν
757 727 920 775 ὀνόματα
953 734 1013 765 καὶ
1044 729 1136 777 ὑπὲρ
1166 733 1244 766 τῶν
1267 728 1348 765 ὀνο-
1363 735 1402 767 10
1415 732 1493 766 istis
1517 731 1650 766 inferre
1674 732 1805 766 damna
1829 732 2086 767 salutationum
2111 742 2222 768 causa
2249 735 2313 767 aut
2335 734 2494 767 tractau-

268 775 396 821 μάτων
418 773 561 809 τούτων
585 775 732 821 ἐπάγειν
756 777 884 820 ζημίας
905 772 1144 811 ἀσπαστικῶν
1166 789 1207 810 τε
1225 778 1347 811 ἕνεκεν
1414 777 1567 811 ticorum
1591 779 1655 811 aut
1670 776 1819 812 alterius
1845 777 2034 812 cuiuslibet
2057 777 2256 813 occasionis
2290 777 2364 812 sive
2390 776 2494 821 quasi

269 819 291 863 ἢ
314 821 578 866 τρακτευτικῶν
602 817 624 863 ἢ
647 821 767 867 ἑτέρας
796 819 1007 864 οἱαςὸήποτε
1031 820 1246 867 προφάσεως
1276 822 1349 855 εἴτε
1416 822 1462 856 ad
1498 822 1790 856 consuetudinem
1825 822 1981 865 aliquam
2016 821 2162 856 relatae*
2185 822 2258 857 sive
2293 823 2341 858 ad
2371 832 2494 867 quam-

268 867 316 900 εἰς
339 864 538 907 συνήθειάν
561 878 644 899 τινα
665 863 782 908 δῆθεν
806 864 1074 912 ἀναφερομένης
1092 866 1164 901 εἴτε
1182 866 1231 900 εἰς
1250 865 1347 900 οἷαν·
1418 876 1567 910 cumque
1581 867 1806 901 calumniam.
1838 866 1904 901 His
1918 866 2010 901 enim
2025 866 2189 901 omnibus
2205 867 2339 903 liberos
2350 870 2494 902 nostros

268 912 333 944 οῦν
358 910 537 955 ἐπήρειαν.
584 909 728 944 τούτων
758 910 827 957 γὰρ
857 909 1011 946 πάντων
1034 910 1242 957 ἐλευθέρους
1267 910 1349 945 τοὺς
1417 912 1596 947 subiectos
1630 912 1764 946 servari
1786 912 1966 946 volumus:
2003 911 2155 945 maxime
2185 921 2338 955 namque
2368 920 2429 947 eos
2452 911 2493 946 li-

267 953 453 1010 ἡμετέρους
468 953 649 990 ὑποτελεῖς
666 954 918 1000 φυλάττεσθαι
933 955 1156 1000 βουλόμεθα.
1185 953 1349 1012 μάλιστα
1365 960 1403 991 15
1416 957 1522 991 beros
1555 966 1661 991 onere
1693 956 1788 1000 quod
1823 966 1888 1000 per
1918 959 2060 1000 tempus
2095 957 2271 1000 praebent
2305 956 2494 992 tracteutis

266 999 334 1046 γὰρ
353 998 480 1033 αυτοῦς
501 999 760 1046 ἐλευθεροῦμεν
779 1002 843 1035 τοῦ
864 1002 1022 1047 πονηροῦ
1043 1014 1084 1035 τε
1103 1005 1163 1035 καὶ
1179 999 1348 1045 ολεθρίου
1416 1001 1575 1035 minuere
1607 1003 1643 1036 et
1672 1001 1768 1046 quod
1797 1001 1892 1036 circa
1915 1000 2044 1036 fiscum
2074 1006 2110 1035 et
2141 1001 2238 1036 circa
2267 1001 2416 1046 propria
2437 1000 2494 1036 fa-

268 1045 404 1088 δασμοῦ
436 1041 480 1078 ὃν
502 1048 576 1079 τοῖς
607 1045 701 1079 κατὰ
721 1045 848 1091 καιρὸν
871 1050 1088 1093 παρέχοντες
1116 1049 1349 1092 τρακτευταῖς
1407 1046 1517 1081 ciunt
1539 1046 1692 1090 pabula3
1718 1046 1781 1081 sed
1800 1046 1856 1081 vel
1876 1046 1906 1081 si
1927 1055 1997 1089 qua
2014 1045 2132 1081 forma
2153 1045 2224 1081 fuit
2242 1046 2366 1082 volens
2388 1056 2493 1092 prae-

267 1088 487 1132 ἠλαττοῦντο
521 1094 607 1136 περί
631 1103 671 1124 τε
693 1090 736 1125 τὸ
762 1089 936 1136 δημόσιον
959 1095 1046 1137 περί
1067 1103 1107 1125 τε
1130 1090 1196 1125 τὰς
1219 1091 1348 1124 οἰκείας
1417 1092 1501 1126 bere
1525 1090 1659 1136 aliquid
1688 1091 1876 1126 tracteutis
1908 1092 1973 1125 aut
1994 1090 2101 1135 longa
2125 1090 2357 1135 consuetudo,
2388 1091 2495 1127 etin-m

267 1133 490 1180 ἀποτροφάς·
535 1132 624 1169 ἀλλὰ
655 1132 722 1169 κᾶν
757 1136 794 1170 εἴ
823 1147 876 1170 τις
909 1134 1021 1171 τύπος
1056 1129 1102 1179 ἦν
1133 1134 1349 1180 βουλόμενος
1417 1136 1510 1171 hanc
1533 1136 1759 1180 perimemus.
1807 1136 1930 1181 Ipsum
1953 1135 2046 1171 enim
2077 1138 2279 1171 tracteutae
2304 1136 2494 1173 absciden-

267 1180 497 1226 παρέχεσθαί
523 1193 560 1214 τι
592 1183 666 1214 τοῖς
697 1184 929 1226 τρακτευταῖς
959 1179 982 1224 ἢ
1011 1180 1131 1229 μακρὰ
1157 1179 1347 1223 συνήθεια,
1361 1184 1404 1216 20
1417 1184 1471 1216 tes
1495 1191 1625 1216 nomen
1656 1184 1691 1215 et
1714 1191 1817 1216 omne
1840 1181 1936 1226 quod
1965 1180 2004 1215 in
2033 1190 2076 1215 eo
2101 1181 2271 1234 competit
2298 1182 2368 1217 rite
2389 1180 2495 1217 simul

266 1227 325 1258 καὶ
356 1221 494 1268 ταύτην
524 1222 752 1270 ἀναιροῦμεν.
798 1225 888 1260 αὐτὸ
919 1225 988 1273 γὰρ
1020 1224 1063 1270 δὴ
1092 1226 1134 1260 τὸ
1167 1227 1231 1260 τοῦ
1263 1239 1347 1273 τρα-
1417 1226 1624 1269 auferimus,
1644 1226 1738 1261 hanc
1760 1227 1950 1271 specialem
1969 1225 2247 1261 munificentiam
2265 1226 2398 1262 nostris
2419 1226 2492 1262 col-

267 1270 413 1303 κτευτοῦ
437 1268 660 1316 περιελόντες
681 1268 796 1315 ὄνομα
820 1274 880 1305 καὶ
904 1273 980 1305 πᾶν
1002 1270 1045 1305 τὸ
1067 1271 1116 1305 εἰς
1137 1269 1247 1305 αὐτὸν
1265 1268 1348 1314 ἄνῆ·
1417 1271 1592 1306 latoribus
1617 1271 1752 1306 dantes.
1800 1271 1839 1307 Si
1870 1271 1948 1315 quis
1980 1272 2100 1305 autem
2130 1271 2409 1316 praesumpserit
2431 1280 2493 1307 ex·

266 1328 330 1348 κον
361 1314 507 1349 εἰκότως
537 1314 872 1361 συναφαιροῦμεθα,
903 1315 1041 1360 ταύτην
1069 1314 1187 1359 ῖδικὴν
1211 1315 1348 1362 φιλοτι-
1418 1319 1581 1351 actorum
1604 1316 1703 1351 aliud
1727 1316 1916 1361 quicquam
1939 1316 2103 1369 accipere
2126 1316 2218 1350 citra
2237 1325 2329 1361 quae
2347 1315 2494 1352 definita

265 1363 353 1403 μίαν
388 1363 464 1394 τοῖς
497 1358 678 1407 ἡμετέροις
710 1358 901 1396 ὑποτελέσι
935 1359 1106 1396 διδόντες.
1153 1361 1185 1395 εἰ
1220 1359 1263 1395 δέ
1295 1371 1349 1394 τις
1417 1364 1503 1397 sunt
1525 1361 1641 1396 forma
1664 1360 1814 1396 Nicetae
1837 1361 2033 1409 beatissimi
2055 1360 2158 1403 (haec
2181 1361 2273 1396 enim
2297 1360 2375 1396 sola
2397 1361 2492 1396 acci-

266 1403 462 1451 θαρρήσειε
485 1407 563 1439 τῶν
581 1405 801 1452 πρακτόρων
823 1404 950 1454 ἕτερόν
971 1419 1009 1440 τι
1033 1405 1158 1451 λαβεῖν
1181 1404 1282 1453 παρὰ
1299 1404 1346 1439 τὰ
1361 1408 1402 1442 25
1416 1416 1503 1451 pere
1525 1406 1762 1451 permittimus
1786 1406 1862 1448 eis),
1895 1406 1987 1441 sciat
2017 1409 2054 1440 et
2075 1405 2202 1440 militia
2232 1409 2270 1441 et
2292 1406 2494 1441 substantia

267 1448 487 1494 δι’ωρισμένα
524 1451 578 1494 τῷ
618 1449 725 1494 τύπῳ
763 1452 923 1494 Νικητοῦ
962 1452 1026 1485 τοῦ
1067 1449 1347 1497 μακαριωτάτου
1416 1462 1456 1487 se
1481 1462 1647 1487 casurum
1675 1461 1752 1486 sua.

267 1496 395 1536 (ταῦτα
429 1493 497 1541 γὰρ
530 1493 625 1540 μόνα
658 1497 876 1540 κομίζεσθαι
917 1497 1170 1543 συγχωροῦμεν
1206 1492 1348 1537 αὐτοῖς),

265 1539 440 1593 ἴστωρκαὶ
463 1542 525 1583 τῆς
549 1544 738 1593 στρατείας
767 1544 828 1575 καὶ
850 1542 911 1585 τῆς
936 1538 1038 1582 ἀξίας
1066 1544 1126 1574 καὶ
1149 1538 1271 1575 οὐσίας
1295 1542 1348 1573 ἐκ-

267 1596 483 1629 πεσουμενος
505 1587 567 1629 τῆς
591 1598 710 1619 αυτου.
2459 1573 2475 1591 ’

1257 1697 1414 1733 CAPUT
1444 1698 1505 1734 IV.

310 1763 454 1807 Ἐπειδὴ
478 1763 518 1798 δὲ
540 1764 632 1799 εἰκός
655 1767 757 1799 ἐστιν
781 1767 821 1799 ἐν
844 1769 917 1800 τοῖς
939 1764 1025 1799 δέκα
1056 1769 1116 1800 καὶ
1139 1770 1235 1814 τρισὶ
1260 1765 1347 1813 πρά·
1362 1769 1404 1801 30
1464 1766 1556 1808 Quia
1578 1776 1661 1801 vero
1692 1765 1860 1810 possibile
1891 1768 1947 1800 est
1975 1765 2068 1800 inter
2097 1764 2265 1800 tredecim
2295 1764 2494 1806 exactores,

266 1822 390 1856 κτορσι
414 1807 524 1853 (διότι
547 1809 638 1844 κατὰ
663 1810 817 1855 βαθμὸν
845 1812 894 1844 εἰς
924 1809 1063 1854 ταύτην
1092 1814 1259 1858 προϊεναι
1281 1811 1349 1855 τὴν
1417 1811 1586 1856 quoniam
1616 1821 1682 1856 per
1711 1810 1859 1856 gradum
1887 1810 1935 1845 ad
1965 1810 2035 1845 hoc
2059 1809 2228 1845 accedere
2251 1808 2410 1845 officium
2431 1819 2494 1846 eos

267 1852 370 1894 τάξιν
394 1852 522 1889 αὐτοὺς
544 1855 786 1899 θεσπίζομεν)
819 1853 884 1890 οὐκ
908 1856 1001 1890 εἶναι
1025 1856 1113 1903 πρὸς
1135 1855 1178 1891 τὸ
1200 1857 1348 1904 πρᾶγμα
1418 1856 1644 1898 sancivimus,
1665 1867 1738 1891 non
1754 1866 1832 1891 esse
1851 1855 1898 1890 ad
1918 1864 2064 1890 causam
2078 1857 2330 1900 opportunum,
2351 1864 2495 1890 manere

267 1898 482 1943 ἐπιτήδειον,
511 1903 634 1943 με’νειν
663 1903 731 1945 μὲν
763 1898 863 1944 αὐτῷ
896 1904 956 1934 καὶ
987 1899 1100 1936 οὕτως
1130 1901 1197 1945 τὴν
1221 1900 1266 1936 ἐκ
1283 1902 1348 1936 τοῦ
1418 1901 1558 1946 quidem
1582 1901 1623 1936 ‘ei
1654 1901 1762 1936 etiam
1791 1900 1844 1935 sic
1875 1911 1922 1935 ex
1952 1900 2066 1945 gradu
2095 1901 2304 1944 provectum
2335 1899 2494 1943 sinimus,

267 1945 418 1988 βαθμοῦ
450 1943 625 1990 πρόςοδον
654 1947 918 1992 συγχωροῦμεν,
948 1947 1175 1991 θεσπίζομεν
1203 1945 1244 1981 δὲ
1265 1946 1349 1981 τοῦς
1417 1947 1597 1982 sancimus
1622 1949 1741 1981 autem
1763 1945 1934 1981 tredecim
1957 1944 2096 1990 priores
2121 1944 2308 1989 magistros
2330 1953 2398 1980 nec
2420 1953 2494 1980 non

268 1988 448 2036 δεκατρεῖς
465 1988 548 2024 τοὺς
567 1994 760 2036 προτέρους
778 1995 996 2037 μαγίστερας
1019 1995 1078 2025 καὶ
1101 1991 1190 2038 πρός
1207 2005 1248 2039 γε
1265 1990 1348 2026 τοῦς
1361 1995 1401 2027 35
1418 1995 1453 2026 et
1476 1994 1664 2036 sequentes
1696 1991 1806 2026 alium
1829 1991 2028 2035 quempiam
2058 1989 2258 2025 adiutorem
2280 1989 2314 2025 ei
2336 1988 2494 2025 denomi-

265 2031 348 2078 μετ’
377 2032 504 2068 αὐτοῦς
529 2033 653 2081 ἕτερόν
676 2049 759 2069 τινα
780 2035 926 2079 βοηθὸν
951 2034 1050 2080 αὐτῷ
1071 2036 1350 2084 προςονομάζειν
1419 2046 1505 2071 nare
1539 2036 1699 2081 periculo
1734 2036 1881 2080 proprio
1916 2035 1987 2081 (et)
2021 2034 2250 2070 existentium
2283 2034 2336 2070 eis
2363 2044 2494 2077 rerum,

267 2077 425 2123 κινδύνῳ
458 2080 579 2123 οἰκείῳ
609 2084 670 2113 καὶ
698 2083 777 2114 τῶν
808 2080 929 2115 ὄντων
959 2079 1080 2116 αὐτοῖς
1111 2082 1349 2129 πραγμάτων,

266 2193 525 2228 nominationis
555 2197 620 2228 aut
642 2193 738 2228 alius
769 2193 925 2229 cuiusvis
952 2203 1085 2228 causae
1106 2194 1250 2229 nomine
1266 2197 1476 2240 praestent,
1511 2192 1577 2228 sed
1597 2192 1669 2228 soli
1699 2191 1946 2239 quinquaqeni
1975 2191 2086 2227 solidi
2115 2190 2160 2227 ab
2183 2201 2402 2238 unoquoque
2424 2194 2495 2228 tre-

266 2237 380 2273 decim
402 2237 549 2274 illorum
572 2242 787 2274 exactorum
809 2238 996 2284 prioribus
1020 2238 1190 2274 tredecim
1213 2238 1400 2285 maqistris
1420 2237 1675 2290 praebeantur.

400 2283 464 2318 111.
520 2282 600 2330 Ipsi
628 2294 713 2318 vero
745 2287 939 2319 exactores
967 2283 1063 2319 nibil
1089 2283 1174 2330 quic
1200 2294 1284 2318 uam
1315 2283 1472 2330 amplius
1502 2283 1546 2318 ab
1578 2282 1718 2318 colonis
1749 2285 1815 2317 aut
1840 2281 1904 2328 qui
1924 2282 2082 2317 -omnino
2108 2292 2182 2329 per
2212 2291 2276 2317 eos
2302 2281 2496 2327 patiuntur

267 2328 495 2363 exactionem
519 2328 748 2375 percipiant,
776 2331 930 2375 praeter
953 2339 997 2364 ea
1026 2339 1121 2375 quae
1149 2294 1286 2375 fgrmis
1309 2328 1459 2364 Nicetae
1490 2327 1706 2379 maqnisicae
1728 2326 1919 2362 memoriae
1943 2327 2174 2363 continentur
2203 2329 2240 2362 et
2259 2325 2495 2363 exactoribus

268 2373 418 2417 definita
441 2379 535 2408 sunt.
583 2372 682 2409 Neve
707 2373 814 2408 liceat
835 2373 909 2408 illis
932 2375 1080 2426 nomina
1101 2374 1242 2426 [inqere
1265 2377 1301 2410 et
1316 2384 1392 2425 pro
1415 2372 1472 2408 his
1496 2372 1699 2408 nominibus
1722 2371 1856 2407 damna
1873 2372 2014 2418 inferre
2035 2372 2110 2407 sive
2131 2371 2398 2419 aspasticorum
2419 2369 2495 2408 sibe
2560 2403 2562 2405 ,

270 2418 563 2453 tracteuticorum
594 2419 719 2464 qratia
747 2419 821 2454 sive
850 2418 946 2454 alius
977 2429 1135 2455 cuiusvis
1165 2429 1298 2454 causae
1329 2429 1404 2454 seve
1435 2417 1486 2453 ad
1514 2417 1806 2453 consuetudinem
1833 2417 1938 2463 forte
1969 2416 2152 2463 quandam
2173 2414 2391 2463 referendae
2420 2415 2495 2453 sive

269 2463 318 2496 ad
339 2462 633 2509 qualemcumque
656 2463 837 2498 iniuriam.
885 2463 938 2499 Ab
964 2463 1020 2499 liis
1050 2464 1144 2499 enim
1169 2463 1332 2499 omnibus
1360 2462 1524 2499 subditos
1554 2466 1702 2498 nostros
1731 2462 1905 2497 immunes
1934 2461 2074 2497 servari
2103 2460 2278 2497 volumus.
2330 2459 2495 2497 Maxim

268 2518 353 2542 vero
378 2517 440 2541 eos
463 2507 654 2543 liberamus
683 2519 706 2542 a
737 2508 831 2543 malo
860 2512 897 2543 et
918 2508 1130 2555 pernicioso
1158 2508 1304 2551 tributo,
1335 2519 1409 2554 quo
1434 2507 1694 2544 tractatoribus
1723 2507 1787 2553 qui
1814 2517 1884 2558 pro
1911 2510 2071 2553 tempore
2098 2509 2204 2542 erant
2225 2505 2410 2558 praestito
2433 2505 2493 2542 de-

266 2551 437 2595 ficiebant
459 2555 495 2587 et
517 2552 617 2597 quod
639 2552 689 2587 ad
707 2553 837 2597 fiscum
860 2556 991 2589 attinet
1012 2557 1048 2589 et
1071 2553 1172 2600 quod
1200 2553 1250 2588 ad
1264 2553 1464 2600 proprium
1487 2553 1628 2588 victum.
1684 2551 1815 2587 Verum
1838 2551 1920 2587 licet
1951 2562 2024 2597 qua
2059 2550 2108 2587 sit
2143 2550 2256 2586 iussio
2286 2561 2381 2603 quae
2406 2549 2496 2597 quid
2556 2575 2558 2577 -

264 2595 436 2641 praeberi
460 2597 721 2632 tractatoribus
743 2597 829 2633 velit
859 2598 934 2633 sive
958 2599 1070 2645 lonqa
1093 2598 1333 2641 consuetudo,
1366 2597 1460 2633 lianc
1509 2608 1555 2633 uo
1583 2608 1629 2633 ue
1652 2596 1820 2633 tollimus.
1876 2596 1972 2631 Nam
1995 2596 2076 2642 ipso
2111 2599 2324 2631 tractatoris
2351 2596 2494 2632 nonant

268 2640 411 2675 sublato
441 2641 549 2676 etiam
578 2653 681 2676 omne
710 2642 808 2677 (uod
837 2642 887 2678 ad
918 2654 998 2678 eum
1028 2644 1189 2690 pertinet
1222 2643 1348 2679 merito
1379 2643 1474 2678 simu
1521 2646 1557 2677 to
1573 2642 1696 2684 limus,
1727 2641 1922 2688 specialem
1945 2640 2040 2676 lianc
2070 2639 2320 2676 liberalitatem
2341 2639 2495 2677 subditis

269 2684 404 2719 nostris
429 2685 632 2721 tribuentes.
726 2686 831 2722 uodsi
852 2687 934 2732 quis
957 2691 1172 2723 exactorum
1196 2688 1300 2723 aliud
1319 2687 1411 2740 quid
1436 2688 1603 2733 accipere
1626 2697 1739 2722 ausus
1760 2686 1810 2722 sit
1832 2690 1986 2732 praeter
2007 2697 2052 2721 ea
2079 2696 2174 2732 quae
2194 2685 2322 2732 forma
2345 2684 2495 2724 Nicetes
2551 2710 2553 2715 Α

269 2729 463 2781 beatissimi
486 2729 634 2783 definita
657 2734 744 2766 sunt
765 2730 870 2773 (haec
893 2733 986 2767 enim
1008 2732 1087 2768 sola
1111 2733 1262 2779 auferre
1293 2744 1346 2768 ets
1362 2732 1639 2780 permittimus),
1669 2731 1763 2767 sciat
1784 2741 1823 2766 se
1851 2735 1887 2766 et
1909 2730 2039 2766 militia
2068 2734 2106 2766 et
2127 2730 2305 2776 diqnitate
2333 2733 2370 2766 et
2390 2729 2495 2766 bonis

267 2784 344 2809 sms
363 2777 698 2861 prigcimssdbiiiam
721 2831 806 2855 vero
827 2821 911 2866 fieri
931 2821 1047 2867 facile
1065 2826 1198 2868 potest,
1230 2826 1272 2858 ut
1293 2822 1388 2859 inter
1410 2814 1579 2858 tredecim
1602 2826 1797 2858 eoeaetores
1818 2821 1919 2867 (quia
1942 2803 1984 2856 ut
2001 2819 2184 2866 qradatim
2207 2818 2258 2855 ad
2278 2818 2376 2855 hunc
2397 2819 2495 2856 ordi·-

270 2874 349 2898 nem
375 2862 582 2909 procedant
610 2864 804 2908 sancimus)
837 2865 971 2911 aliquis
1002 2866 1053 2901 ad
1079 2868 1263 2913 neqotium
1294 2878 1369 2905 non
1401 2868 1451 2903 sit
1479 2867 1644 2910 idoneus,
1667 2866 1913 2919 permittimus
1936 2864 2092 2912 quidem,
2123 2868 2165 2900 ut
2186 2865 2240 2900 sic
2269 2875 2415 2911 quoque
2436 2873 2495 2901 w*
2517 2893 2543 2906 -,

269 2919 391 2944 cessus
413 2919 462 2943 ex
485 2908 606 2953 qradu
629 2908 684 2943 illi
707 2914 867 2952 maneat,
900 2910 1081 2946 sancimus
1103 2922 1187 2947 vero
1215 2912 1384 2948 tredecim
1414 2912 1559 2959 priores
1586 2915 1794 2958 maqtstros,
1824 2914 1860 2946 et
1882 2913 2080 2957 praeterea
2111 2920 2175 2945 eos
2205 2908 2270 2955 qui
2296 2913 2385 2956 post
2411 2909 2496 2945 illos

268 2957 364 2995 sunt,
401 2952 554 2988 alterum
585 2953 764 2998 quendam
799 2954 854 2988 illi
889 2955 1091 2991 adiutorem
1125 2957 1290 3002 periculo
1323 2968 1388 2992 suo
1425 2968 1617 3002 rerumque
1651 2967 1744 3003 quae
1773 2955 1864 3003 ipsis
1894 2958 1980 2990 sunt
2015 2954 2219 2996 nominare,
2254 2954 2320 3000 qui
2348 2953 2494 3000 negotio

318 3070 330 3099 1
348 3063 475 3109 μόνων
488 3065 544 3106 Μ]
557 3062 670 3107 μόνον
684 3066 799 3106 ΕΒ(ς)
810 3066 822 3108 ;1
834 3067 1082 3108 quinquaginta
1095 3068 1277 3101 solidorum
1292 3071 1348 3110 M]
1417 3066 1508 3103 κατὰ
1529 3082 1588 3103 om.
1600 3070 1636 3102 B
1651 3068 1663 3112 11
1683 3070 1725 3102 34
1746 3064 1933 3113 πρόςοδον]
1951 3069 2145 3111 provectum
2164 3068 2201 3109 (i.
2211 3080 2237 3101 e.
2255 3062 2429 3112 πρόοδον)
2444 3074 2466 3102 e
2480 3061 2496 3111 Ι

269 3108 499 3152 πεντήκοντα
522 3108 757 3152 νομισμάτων
780 3113 923 3155 χρυσίου
944 3112 1086 3156 (χρυσοῦ
1106 3113 1190 3154 LB)
1214 3115 1262 3147 M
1267 3128 1293 3148 s.
1307 3128 1348 3156 υ.,
1418 3117 1459 3149 35
1484 3115 1660 3160 προτέρας
1684 3114 1727 3147 Μ
1749 3112 1761 3157 11
1793 3115 1835 3146 36
1860 3109 1974 3155 αὐτῷ]
1999 3108 2124 3146 αὐτῶν
2148 3112 2183 3145 Β

270 3156 367 3198 LBfl
386 3157 406 3188 2
431 3150 571 3196 ἑκάστῳ
593 3154 629 3187 Β
645 3153 656 3197 ΙΙ
677 3156 696 3188 8
722 3155 891 3196 Νικητοῦ]
917 3158 1046 3198 νικῆτα
1068 3156 1125 3190 L2.
1165 3159 1223 3191 Ad
1233 3159 1348 3202 Praef.
1418 3169 2485 3184 ———-———-—--————-—--.—-———--—

271 3202 381 3234 Praet.
396 3201 531 3233 edictum
552 3199 656 3233 XIII
675 3200 877 3240 (Zachariae
897 3196 1089 3233 Ἀνέκὸοτα
1110 3215 1145 3244 p.
1160 3203 1240 3243 271)
1264 3206 1348 3242 refe-
1469 3206 1489 3238 2
1516 3214 1613 3237 causa
1644 3204 1680 3237 V
1698 3202 1711 3247 11
1743 3205 1760 3236 5
1787 3202 1947 3235 exactoris
1978 3202 2012 3235 V
2030 3200 2043 3246 11
2074 3203 2092 3234 7
2126 3201 2250 3234 nioitae
2282 3200 2320 3241 V,
2345 3212 2402 3235 om.
2422 3199 2456 3234 T

270 3247 402 3279 rendum
411 3252 509 3289 putat
521 3244 708 3278 Zachariae
723 3242 736 3287 11
755 3245 775 3276 9
798 3242 848 3286 μὴ
872 3257 930 3277 om.
945 3245 993 3277 L*
1009 3244 1021 3289 11
1048 3247 1088 3279 10
1113 3247 1173 3278 καὶ
1197 3259 1255 3279 om.
1277 3248 1314 3280 B
1337 3248 1350 3290 11
1417 3250 1437 3282 8
1462 3251 1495 3281 et
1519 3259 1604 3290 quae
1636 3248 1682 3289 V]
1715 3257 1798 3289 quae
1822 3249 1856 3280 et
1879 3247 1966 3280 Tul.
1994 3245 2006 3288 11
2036 3246 2167 3279 difinita
2199 3246 2234 3279 V
2262 3244 2398 3278 definito
2421 3244 2456 3279 T

273 3293 309 3324 11
338 3287 554 3324 ἅπαστικῶν
568 3290 598 3321 L
620 3284 837 3322 ἀσπατικῶν
849 3288 930 3332 Βο11
957 3291 996 3323 12
1022 3285 1349 3334 ἢστρακτευτικῶν
1416 3295 1437 3326 9
1460 3293 1665 3334 nominibus]
1689 3291 1844 3325 omnibus
1865 3292 1941 3325 libri
1960 3290 1973 3335 11
2002 3292 2043 3325 10
2067 3290 2246 3323 salutationi
2272 3290 2326 3332 VR
2352 3290 2392 3324 12
2417 3289 2494 3322 *re-

270 3337 302 3369 L
321 3334 333 3376 11
354 3337 392 3369 14
414 3330 593 3368 ἁπάντων
605 3334 637 3367 L
652 3333 664 3377 11
687 3336 726 3367 16
747 3345 840 3375 πονη
865 3333 906 3366 οῦ
920 3345 960 3366 τε
973 3335 1031 3365 καὶ
1044 3329 1212 3378 ὀλεθρίου
1232 3348 1290 3369 om.
1305 3348 1323 3371 ς
1336 3336 1348 3380 11
1416 3336 1485 3369 lata
1500 3338 1533 3371 T
1548 3338 1636 3371 elata
1652 3336 1707 3381 Vn
1727 3336 1974 3380 13'oalumpnia
1990 3334 2046 3379 Vll
2069 3338 2108 3369 15
2121 3336 2233 3377 onere]
2245 3335 2372 3367 honoro
2389 3329 2496 3378 Vol-fl

274 3383 312 3415 17
339 3377 477 3424 δασμοῦ
502 3379 562 3420 L²]
592 3375 722 3421 δεσμοῦ
748 3346 874 3411 MD}
899 3378 912 3421 11
943 3374 985 3411 ὃν
1009 3380 1082 3410 τοῖς
1104 3377 1200 3418 κατὰ
1221 3379 1348 3424 καιρὸν
1421 3384 1457 3413 17
1484 3383 1636 3424 praeberi
1659 3383 1746 3426 vuly.
1764 3382 1778 3423 11
1797 3383 1836 3416 18
1861 3380 2075 3422 *tracteutisl
2095 3382 2273 3413 traeteutes
2293 3379 2327 3413 T
2351 3379 2494 3411 tram

271 3439 330 3458 om.
352 3426 382 3458 L
411 3424 424 3469 11
454 3426 677 3469 παρέχοντα*
712 3424 940 3475 (παρέχοντες
949 3422 978 3462 t)
1003 3423 1052 3455 L¹
1092 3420 1146 3455 ὡν
1178 3426 1348 3468 παρεῖχον
1416 3427 1470 3457 tae
1493 3428 1596 3469 vul9.;
1622 3427 1853 3460 tracteutis—
1875 3427 1915 3460 19
1941 3426 2028 3459 enim
2053 3438 2112 3459 om.
2135 3425 2192 3467 Vl!
2211 3426 2251 3459 19
2277 3424 2338 3467 leq.
2361 3422 2494 3466 perimi·

269 3472 344 3503 τοῖς
356 3470 404 3503 L²
427 3471 482 3513 (cf
498 3472 530 3511 ς)
547 3470 559 3512 11
580 3470 620 3503 18
644 3465 865 3511 ἠλαττουντο
889 3470 974 3511 περί
993 3479 1034 3500 τε
1056 3464 1099 3500 τὸ
1124 3465 1202 3508 (τὸν
1213 3469 1263 3508 Β)
1289 3467 1347 3510 δη·
1416 3470 1515 3502 mus?
1535 3470 1547 3514 11
1564 3474 1606 3505 23
1631 3482 1698 3513 qua
1723 3470 1780 3514 ’1711
1796 3470 1941 3503 diffinita
1962 3471 2038 3504 libri
2054 3468 2066 3514 11
2084 3471 2127 3503 24
2152 3469 2275 3502 nioitae
2296 3468 2334 3510 V,
2359 3480 2417 3501 om.
2433 3467 2466 3501 T

270 3511 400 3558 μόσιον
426 3515 547 3555 MLB]
582 3514 733 3547 minuere
756 3515 789 3546 et
809 3512 898 3555 quod
917 3514 1004 3545 circa
1022 3512 1136 3544 fiscum
1160 3531 1197 3536 -
1221 3513 1349 3545 faciunt
1416 3514 1526 3546 *haec
1552 3516 1679 3557 addidi,
1704 3526 1742 3548 ea
1766 3517 1844 3549 add.
1860 3516 1947 3560 vulq.
1968 3515 1982 3558 11
2013 3516 2056 3549 26
2081 3525 2115 3547 se
2141 3526 2198 3547 om.
2221 3512 2276 3557 1711
2301 3523 2394 3545 suam
2424 3511 2458 3546 V

270 3562 306 3599 (ι’.
321 3573 345 3592 e.
361 3558 535 3592 ἐλαττοῦν
547 3558 589 3592 τὸ
602 3561 688 3604 περί
700 3570 740 3591 τε
752 3570 784 3591 τ.
798 3555 867 3597 ἃῗ)
887 3569 907 3594 ς
924 3557 929 3599 1
957 3559 995 3590 19
1018 3552 1225 3602 ἇποτροφὰς
1238 3558 1347 3598 ΜΒς]
1417 3559 1460 3590 30
1480 3559 1579 3600 Quia]
1601 3560 1676 3597 Qua
1695 3559 1753 3603 ’711
1769 3561 1818 3593 est
1837 3560 1937 3600 inter]
1959 3561 2008 3592 est
2027 3570 2109 3592 uero
2130 3559 2167 3591 in
2190 3557 2247 3602 Vl}
2263 3559 2302 3591 31
2327 3567 2381 3590 eos
2395 3556 2479 3599 vulq-

272 3602 491 3693 ἐσίτῖἜαΙῗκὲῖ)
506 3605 634 3681 Εδυιιίῃ.
651 3607 665 3646 11
683 3605 807 3692 ΞΒὲιοῑΙὶ
825 3603 886 3682 {ip-⁸
896 3599 924 3680 ὲὶ
941 3604 1122 3687 ’ίαςῶωές
1140 3601 1152 3645 11
1170 3603 1211 3679 {S}
1237 3598 1348 3689 (Εἶῖοῦι
1416 3613 1490 3681 {lgm
1503 3604 1549 3679 tV'
1566 3616 1629 3681 ἕέἰη.
1646 3604 1706 3679 Τ111
1721 3606 1764 3639 32
1783 3605 1948 3637 sancimus
1959 3604 2046 3648 vulq.
2065 3603 2078 3648 11
2097 3605 2140 3637 35
2161 3603 2376 3636 denumerare
2389 3601 2466 3634 libri
2480 3597 2495 3643 Ι

539 3659 684 3693 εκαῖρίσ
920 3659 990 3680 ’,Οτι
1109 3658 1168 3680 neb
1193 3659 1214 3689 η
1337 3675 1339 3688 1
1485 3657 1502 3678 Θ
1543 3660 1564 3680 a
1612 3672 1620 3680 ι
1634 3661 1674 3680 vu
1690 3662 1722 3691 9·

2549 3835 2554 3840 ¹
2541 3746 2567 3827 fier—‘⁴2⁸2‘
2551 3733 2562 3740 e
2547 3667 2557 3678 ³*
2549 3636 2564 3647 w·
