2592 3840
258 103 364 146 Nov.
396 103 450 147 CI
478 117 539 159 pr.
572 108 607 146 1.
638 106 664 146 2

257 213 397 249 πόλεως
425 213 615 258 βουλευτὰς
638 214 858 248 ἐνίστασθαι
882 212 1120 258 κληρονόμους
1143 215 1264 256 (τοῦτο
1289 213 1331 258 δὴ

256 259 299 293 τὸ
325 262 384 293 καὶ
406 262 507 304 μέχρι
526 260 593 293 νῦν
609 261 819 304 ἐφιέμενον),
844 255 936 292 ἀλλὰ
960 261 1020 291 καὶ
1036 259 1072 292 εἴ
1090 270 1191 293 τινας
1205 258 1332 303 βουλῆς

257 303 463 348 ἐλευθέρους
480 301 730 346 ἐνστήσασθαι
746 302 940 347 βούλονται
955 302 1202 349 κληρονόμους,
1226 306 1333 339 τοῦτο

256 350 442 394 πράττειν,
475 351 535 382 ἐπὶ
565 349 683 391 τούτῳ
712 351 837 392 μέντοι
861 349 914 391 τῷ
939 345 1015 395 ὅρῳ
1039 345 1097 394 ἐφ’
1132 340 1204 391 (ὅτε
1233 361 1334 395 προς·

257 397 402 440 αγαγεῖν
426 395 574 428 πάντως
596 394 729 427 ἑαυτὸν
752 393 819 427 τὸν
835 392 1058 439 κληρονόμον
1074 391 1097 437 ἢ
1113 393 1196 428 τοὺς
1210 393 1333 439 κληρο-

255 438 385 481 νόμους
419 439 464 484 τῇ
487 437 695 485 βουλευτικῇ
724 437 812 486 τύχῃ
837 441 899 472 τοῦ
925 436 1199 482 διατιθεμένου,
1229 453 1332 473 τουτ-

256 486 356 516 έστιν
368 483 406 522 ἐξ
419 477 457 525 ἧς
470 486 599 517 ἐκεῖνος
616 480 790 528 ὥρμηται,
808 487 867 517 καὶ
883 483 929 517 τὰ
946 482 1156 527 βουλευτικά
1171 487 1332 527 μετιέναι

257 527 549 574 λειτουργήματα,
566 531 626 561 καὶ
642 528 710 562 τὸν
722 527 852 573 κλῆρον
865 526 1066 571 λαμβάνειν
1077 527 1332 572 ἐμποδίζοντος

255 570 405 606 οὐδενός.
448 572 679 616 ἐπιστάμενοι
695 572 762 619 γὰρ
771 573 828 627 5⁶⁶
842 574 907 607 τοῦ
924 574 1133 620 πράγματος
1148 576 1250 608 ἔσται
1267 575 1331 608 τοῦ

255 618 436 661 παρόντος
465 618 735 663 ἐπανόρθωσις,
766 631 826 652 οτι
847 632 915 651 νυν
937 621 1005 673 μὲν
1028 620 1264 674 προςτίθεται
1287 620 1331 666 τῇ
1348 621 1386 653 10
1401 628 1496 653 nunc
1538 617 1679 662 quidem
1721 618 1875 654 adicitur
1919 618 2038 654 curiae
2080 628 2125 653 ex
2162 618 2242 654 istis
2279 617 2394 654 modis
2435 617 2474 653 iu

253 661 364 708 βουλῇ
389 664 427 696 ἐκ
451 664 527 697 τῶν
551 664 729 697 τοιούτων
751 662 905 708 τρόπων
928 678 950 707 η
975 666 1015 698 ἐν
1033 675 1212 709 χρημασιν
1236 661 1326 710 ὦφέ·

254 705 341 749 λεια,
374 709 412 740 ἐκ
441 705 481 741 δὲ
499 710 562 750 τῆς
586 709 753 750 ἐσομένης
775 708 994 753 νομοθεσίας
1017 712 1077 742 καὶ
1099 707 1119 742 ὁ
1143 708 1333 753 βουλευτὴς

254 755 313 784 καὶ
330 748 351 794 ἡ
368 749 472 787 οὐσία
489 753 771 799 περιγενήσεται,
787 757 847 787 καὶ
863 750 1021 798 ἀνθ’ήσει
1036 754 1084 788 τὰ
1099 753 1333 799 βουλευτήρια

253 798 399 851 σιζὶμζισί
432 811 473 831 τε
501 799 641 833 πλείοσι
674 802 735 832 καὶ
769 798 836 832 τὰς
868 802 1073 845 περιουσίας
1106 801 1235 841 ἔχοντα
1270 799 1335 832 τὰς

254 854 385 882 αυτων,

1261 931 1418 968 CAPUT
1442 931 1471 966 I.

320 986 382 1021 διὰ
407 989 515 1022 τοῦτο
545 989 770 1033 θεσπίζομεν
802 988 930 1024 ἄδειαν
959 990 1051 1024 εἶναι
1084 992 1158 1023 τοῖς
1188 990 1227 1023 ἐκ
1256 990 1332 1023 τῶν

251 1032 516 1077 βουλευτηρίων
538 1031 804 1079 διατιθεμένως
824 1035 984 1081 χρῆσθαι
1007 1032 1239 1078 κληρονόμοις
1262 1034 1332 1068 εἴτε

252 1078 457 1121 βουλευταῖς
480 1080 542 1121 τῆς
566 1076 674 1122 αὐτῆς
697 1078 835 1114 πόλεως
854 1079 1050 1124 βούλονται
1073 1080 1196 1121 (τοῦτο
1220 1077 1263 1122 δὴ
1288 1079 1330 1112 τὸ

251 1124 316 1156 τοῦ
341 1123 467 1167 νόμου)
491 1124 562 1157 εἴτε
584 1128 656 1158 τισὶ
680 1126 758 1159 τῶν
780 1127 819 1158 ἐκ
838 1129 959 1180 γένους
983 1125 1053 1159 εἴτε
1073 1125 1151 1159 τῶν
1172 1125 1331 1166 ἔξωθεν,

252 1168 323 1202 εἴτε
352 1168 542 1213 βουλευταὶ
574 1169 645 1203 εἶεν
674 1170 746 1203 εἴτε
775 1174 835 1204 καὶ
865 1184 933 1214 μη,
965 1170 1036 1204 εἴτε
1065 1170 1113 1203 εἰς
1141 1173 1244 1215 μέρος
1267 1166 1331 1203 οὐκ
1346 1171 1386 1203 20
1401 1167 1588 1210 extraneis,
1613 1176 1677 1202 seu
1701 1167 1854 1203 curiales
1874 1168 2007 1204 fuerint
2026 1177 2091 1203 seu
2111 1177 2194 1208 non,
2217 1166 2256 1203 in
2275 1165 2474 1212 portionem

251 1212 405 1247 ἔλαττον
433 1215 510 1247 τῶν
541 1216 643 1248 ἐννέα
675 1212 831 1261 οὗγκιῶν
855 1216 926 1249 εἴτε
948 1216 995 1249 εἰς
1019 1212 1225 1260 ὁλόκληρον,
1256 1217 1331 1249 ἐπι-

251 1256 454 1303 δεδομένοις
476 1262 601 1301 μέντοι
624 1261 669 1306 τῇ
690 1259 801 1307 βουλῇ
825 1264 884 1294 καὶ
903 1261 1106 1304 ἑνουμένοις
1126 1260 1180 1302 τῷ
1199 1259 1331 1302 ταύτης

251 1304 394 1346 σώματι
424 1308 484 1338 καὶ
516 1303 717 1350 πληροῦσιν
740 1302 938 1360 ἀμέμπτως
966 1305 1013 1340 τὰ
1037 1304 1329 1351 λειτουργήματα.

251 1348 381 1383 τούτου
404 1351 622 1393 κρατοῦντος
645 1347 705 1384 ἐπ’
733 1351 858 1384 αυτῶν
880 1364 921 1384 τε
944 1354 1004 1384 καὶ
1027 1347 1175 1385 παίδων
1197 1353 1257 1383 καὶ
1278 1351 1331 1396 ἑγ-

1314 99 1398 148 488

1701 116 1763 147 DE
1790 115 2121 148 DONA'HOMBUS
2149 115 2179 147 A
2207 115 2472 148 GURIALIBUS

1401 212 1547 248 rialibus
1571 223 1643 249 non
1666 214 1783 249 solum
1813 213 1970 250 eiusdem
1999 213 2147 250 heredes
2177 214 2362 251 instituere
2387 214 2471 250 civi-

1400 258 1483 293 tatis
1507 257 1694 303 <cur-iales>
1715 259 1798 299 (hoc
1822 259 1916 303 quod
1937 259 2112 294 hactenus
2133 258 2270 294 licitum
2290 259 2384 303 fuit),
2408 258 2472 295 sed

1403 303 1509 338 etiam
1533 303 1704 347 quosdam
1723 303 1854 339 liberos
1878 313 1901 338 a
1925 303 2024 339 curia.
2043 303 2073 339 si
2093 304 2270 339 voluerint
2286 303 2473 340 instituere

1401 346 1561 391 heredes,
1585 348 1655 383 hoc
1677 358 1794 393 agere,
1818 349 1885 384 sub
1909 348 1980 385 hac
2001 348 2165 384 videlicet
2186 347 2400 391 definitione,
2431 352 2472 384 ut

1369 399 1387 430 5
1401 393 1528 428 offerat
1561 392 1675 428 modis
1711 394 1874 429 omnibus
1909 403 1949 429 se
1982 393 2084 429 heres
2115 393 2171 429 vel
2204 393 2354 430 heredes
2386 403 2472 429 con-

1400 437 1532 473 dicioni
1553 438 1673 473 curiae
1692 438 1863 480 defuncti,
1886 438 1924 473 id
1947 440 2004 474 est
2025 448 2070 474 ex
2093 448 2164 483 qua
2186 437 2245 474 ille
2262 448 2328 484 pro
2370 447 2474 519 esesfis
2582 454 2592 494 ,3

1400 485 1472 526 est,
1505 485 1541 517 et
1563 483 1715 518 curialis
1745 483 1792 518 sit
1822 483 2004 529 particeps
2032 483 2244 526 functionis,
2275 486 2331 519 et·

2179 527 2340 564 Scientee
2380 527 2474 564 enim

1399 530 1511 563 tatem
1549 527 1648 564 nullo
1683 528 1896 573 impediente
1935 528 2120 573 percipiat.

1400 572 1484 617 quia
1515 572 1604 608 haec
1635 582 1692 608 res
1720 574 1788 608 erit
1817 573 1854 608 in
1883 573 2061 619 praesenti
2085 572 2276 616 correctio,
2306 572 2474 618 quoniam

1400 662 1551 707 pecunia
1574 662 1729 704 utilitas,
1760 673 1804 699 ex
1826 663 1950 699 future.
1973 674 2055 699 vero
2078 663 2112 699 le
2136 663 2298 699 ‘slatione
2320 666 2357 698 et
2378 662 2474 699 enri-

1401 708 1468 743 alis
1492 711 1528 742 et
1552 707 1754 743 substantia
1801 708 1950 751 reficiet,
1974 712 2010 744 et
2031 707 2119 744 flore
2144 709 2173 744 it
2195 708 2296 744 curia
2313 707 2472 754 corpori-

1401 753 1468 788 bus
1492 752 1655 797 pluribus
1679 756 1715 788 et
1737 763 1780 789 su
1806 753 1957 789 stantiae
1981 753 2128 789 habebit
2151 764 2291 789 eorum:

1468 989 1659 1031 propterea
1694 987 1872 1022 sancimus
1907 987 2088 1023 licentiam
2122 997 2202 1023 esse
2234 987 2286 1022 eis
2343 986 2382 1022 ui
2410 996 2472 1022 cu-

1400 1032 1505 1067 riales
1540 1035 1642 1073 sunt,
1677 1032 1761 1067 dum
1794 1035 2009 1069 testamenta
2042 1031 2215 1075 condent,
2249 1031 2303 1066 nti
2361 1030 2473 1067 eredi-

1402 1078 1469 1112 bus
1500 1076 1574 1112 sive
1605 1077 1797 1112 curialibus
1827 1077 1983 1113 eiusdem
2012 1077 2166 1113 civitatis
2195 1075 2370 1113 voluerint
2392 1076 2475 1120 (hoc

1400 1122 1476 1167 lege
1498 1122 1736 1166 permittente)
1761 1123 1834 1158 sive
1857 1122 2069 1168 quibusdam
2093 1132 2138 1158 ex
2160 1132 2226 1158 suo
2248 1131 2379 1166 genere
2401 1121 2475 1157 sive

1401 1223 1472 1247 non
1502 1212 1619 1247 minus
1650 1222 1775 1247 novem
1806 1213 1993 1248 unciarum
2017 1213 2071 1248 vel
2094 1214 2192 1248 certe
2217 1212 2257 1247 in
2285 1211 2475 1256 integrum,

1400 1258 1568 1292 dantibus
1598 1267 1637 1292 se
1666 1261 1786 1292 tamen
1816 1258 1935 1293 curiae
1965 1262 2001 1294 et
2030 1257 2140 1293 unitis
2172 1257 2250 1293 eins
2273 1256 2417 1302 corpori
2438 1259 2476 1292 et

1400 1302 1624 1347 explentibus
1656 1302 1919 1347 inculpabiliter
1951 1303 2167 1339 functiones.
2224 1301 2303 1337 Hoc
2335 1301 2476 1338 valente

1401 1349 1495 1382 circa
1526 1357 1588 1383 eos
1618 1350 1655 1383 et
1679 1347 1776 1383 circa
1797 1348 1891 1384 filios
1915 1352 1952 1383 et
1973 1352 2123 1393 nepotes
2146 1350 2184 1384 et
2206 1346 2369 1383 residuos
2392 1356 2475 1382 suc-

251 1394 374 1440 yo‘vwv
397 1397 458 1427 καὶ
481 1396 528 1428 εἰς
548 1395 630 1429 τοὺς
654 1395 778 1441 ἐφεξῆς
802 1394 999 1438 διαδόχους,
1022 1392 1065 1430 οὐ
1087 1394 1163 1438 μὴν
1183 1394 1275 1429 κατὰ
1289 1395 1331 1428 τὸ
1345 1396 1387 1429 25
1401 1403 1580 1435 cessores,
1612 1403 1684 1428 non
1714 1396 1833 1428 tamen
1865 1394 2060 1430 secundum
2088 1392 2231 1428 modum
2259 1401 2364 1438 quem
2391 1393 2476 1428 ante
2543 1407 2550 1426 ·,

251 1441 370 1483 σχῆμα
393 1438 486 1473 καθ’
513 1435 603 1486 ὅπερ
627 1437 784 1486 ἡμικρῷ
809 1440 980 1487 πρόσθεν
996 1441 1148 1474 τεθεῖσα
1171 1438 1332 1481 διάταξις
1400 1438 1584 1483 paululum
1618 1438 1825 1474 constitutio
1857 1439 2082 1484 promulgata
2114 1438 2211 1474 circa
2245 1447 2308 1474 eos
2344 1436 2406 1482 qui
2436 1445 2476 1472 86
2519 1476 2525 1482 ,

252 1485 413 1518 ἐπὶτῶν
430 1485 575 1519 ἑαυτοὺς
590 1483 836 1520 ἐπιδιδόντων
851 1490 924 1520 τοῖς
939 1486 1201 1531 βουλευτηριόις
1217 1498 1331 1529 παρα·
1401 1484 1520 1518 curiae
1554 1483 1708 1518 offerunt
1741 1487 1974 1528 praeceperat
2011 1484 2148 1529 prolem
2182 1493 2307 1519 eorum
2363 1481 2402 1517 ui
2435 1491 2476 1517 se
2543 1487 2546 1494 ’

252 1528 432 1563 κελεύεται
455 1530 521 1573 τὴν
542 1531 654 1576 γονὴν
677 1533 756 1564 τῶν
775 1529 1040 1575 ἐπιδιδομένων
1056 1527 1120 1573 οὗχ
1144 1527 1333 1576 ὑπάγουσα
1402 1528 1608 1563 obtulerunt
1637 1528 1685 1564 ad
1714 1529 1955 1564 condicionem
1990 1539 2062 1565 non
2089 1528 2256 1571 trahens,
2384 1529 2476 1562 tam·

251 1574 351 1621 τύχῃ,
376 1572 458 1608 ἀλλ’
487 1571 603 1621 ὥςπερ
627 1577 658 1609 εἰ
680 1576 750 1619 τὴν
771 1573 884 1620 ἀρχὴν
907 1576 1101 1623 ἐτύγχανον
1124 1574 1227 1610 ὄντες
1249 1579 1332 1619 βου·
1401 1584 1506 1618 quam
1537 1573 1569 1608 Si
1591 1583 1614 1608 a
1636 1573 1813 1618 principio
1837 1574 1991 1610 fuissent
2014 1573 2199 1610 constituti
2222 1572 2394 1616 curiales,
2424 1571 2477 1607 itt

253 1617 389 1660 λευταί,
422 1618 520 1653 οὕτω
551 1624 611 1654 καὶ
641 1618 764 1655 αὐτῶν
787 1622 854 1655 σὺν
877 1623 921 1665 τῆ
945 1624 1059 1664 οἰκείᾳ
1081 1621 1170 1667 γονῇ
1193 1621 1246 1662 τῷ
1271 1622 1333 1663 τῆς
1346 1621 1387 1653 30
1399 1623 1436 1653 et
1459 1619 1546 1663 ipsis
1579 1629 1661 1653 cum
1685 1619 1832 1663 propria
1853 1620 1955 1664 prole
1986 1619 2109 1654 curiae
2138 1617 2304 1654 uniendis
2334 1619 2372 1654 et
2393 1616 2476 1652 albo
2539 1654 2542 1659 ,

251 1664 380 1708 βουλῆς
404 1665 608 1709 ἑνουμένων
632 1665 836 1709 λευκώματί
857 1658 979 1700 τίεται
1003 1667 1163 1710 σώματι·
1195 1663 1238 1699 οὗ
1261 1665 1331 1711 γὰρ
1400 1667 1435 1698 et
1459 1663 1619 1708 corpori;
1653 1673 1698 1699 ne
1723 1674 1767 1698 ue
1799 1665 1892 1699 enim
1923 1665 2112 1709 quicquam
2140 1663 2276 1707 differt,
2309 1666 2375 1698 aut
2395 1671 2476 1698 eum

253 1708 299 1742 ἅν
323 1723 359 1743 τι
391 1708 556 1755 διαφέροι
579 1709 602 1753 ἢ
623 1710 689 1745 τὸν
713 1711 805 1745 ὄντα
825 1710 1022 1755 βουλευτὴν
1045 1713 1108 1754 τῆς
1132 1708 1242 1754 αὐτῆς
1265 1711 1330 1744 πό-
1400 1709 1462 1754 qui
1484 1708 1592 1744 fuerit
1616 1709 1716 1744 curia
1730 1709 1759 1744 iS
1783 1709 1940 1745 eiusdem
1961 1709 2114 1745 civitatis
2135 1709 2290 1745 scribere
2311 1706 2475 1743 herodem

254 1753 341 1788 λεως
362 1754 502 1801 γράψαι
526 1754 749 1801 κληρονόμον
773 1753 797 1799 ἢ
818 1755 887 1790 τὸν
907 1754 1037 1790 αὐτίκα
1060 1757 1240 1800 ἐσόμενον.
1399 1758 1462 1789 aut
1485 1764 1565 1788 eum
1588 1754 1650 1799 qui
1673 1764 1754 1790 mox
1776 1754 1854 1788 erit.

1244 1832 1402 1880 CAPUT'
1422 1844 1468 1879 11.

300 1902 345 1935 Εἰ
365 1899 405 1935 δὲ
427 1905 489 1935 καί
509 1912 564 1935 τις
586 1901 757 1947 συγγενὴς
780 1900 971 1946 βουλευτὴς
1002 1899 1057 1935 ὤν
1079 1898 1103 1943 ἢ
1127 1904 1187 1934 καὶ
1219 1899 1336 1935 ἄλλως
1459 1900 1529 1935 Sed
1553 1902 1590 1934 et
1612 1899 1642 1934 si
1659 1899 1738 1944 quis
1763 1899 2048 1944 consanguineus
2073 1898 2218 1935 curialis
2241 1898 2398 1934 existens
2421 1898 2476 1934 vel

254 1948 316 1990 τῆς
334 1947 501 1989 τοιαύτης
524 1947 629 1989 τύχης
653 1945 839 1992 ἐλεύθερος
863 1949 923 1981 ἐπὶ
947 1946 1014 1980 τὸν
1037 1944 1169 1992 κλῆρον
1187 1945 1332 1980 καλοῖτο
1343 1948 1385 1980 35
1400 1945 1490 1981 alter
1513 1945 1560 1980 ab
1581 1944 1704 1979 eadem
1729 1945 1936 1980 condicione
1955 1945 2048 1980 liber
2066 1945 2112 1980 ad
2127 1943 2390 1980 successionem
2413 1953 2474 1979 cn-

319 2029 346 2048 c.
360 2016 414 2048 '‘II
434 2016 636 2048 summarium
658 2022 746 2047 extat
767 2011 861 2048 ‘Pom
883 2017 923 2049 19
948 2028 979 2047 n.
997 2016 1036 2047 31
1064 2017 1116 2056 (ex
1144 2017 1272 2049 Cuiacii
1293 1999 1453 2055 editione).

255 2104 403 2140 heredes
425 2104 612 2140 instituere
636 2103 687 2146 (id
710 2102 810 2149 quod
832 2103 939 2138 etiam
962 2114 1076 2149 usque
1096 2103 1215 2138 adhuc
1238 2114 1445 2139 concessum
1468 2108 1572 2145 erat),
1595 2103 1660 2138 sed
1676 2102 1785 2138 etiam
1803 2104 1839 2138 si
1856 2113 1948 2148 quos
1971 2113 1995 2137 a
2014 2102 2118 2137 curia
2138 2100 2272 2137 liberos
2290 2101 2478 2137 instituere

255 2149 404 2186 heredes
426 2149 546 2189 velint,
571 2149 609 2183 id
629 2149 767 2194 facere,
793 2148 862 2183 hac
887 2154 1003 2183 tamen
1027 2148 1250 2192 condicione,
1270 2153 1313 2184 ut
1334 2148 1438 2184 heres
1461 2148 1517 2184 vel
1539 2148 1688 2183 heredes
1707 2158 1785 2183 sese
1808 2148 1954 2183 omnino
1974 2147 2135 2192 offerant
2153 2145 2285 2182 curiali
2297 2146 2478 2192 fortunae

257 2195 450 2237 testatoris,
480 2194 520 2230 id
542 2197 595 2229 est
618 2205 668 2229 ex
691 2205 764 2239 qua
786 2193 846 2228 ille
867 2193 1019 2240 prodiit,
1042 2199 1076 2229 et
1100 2194 1254 2229 curialia
1284 2204 1434 2229 munera
1453 2197 1696 2239 aequantur,
1727 2193 1780 2228 ita
1808 2203 1852 2227 ue
1878 2191 2110 2228 hereditatem
2137 2190 2238 2227 nullo
2263 2189 2479 2237 impediente
2527 2205 2530 2214 ’

255 2241 411 2286 capiant.
463 2240 547 2275 Cum
574 2240 668 2274 enim
691 2238 813 2274 intelle
839 2249 943 2273 amus
972 2238 1066 2273 hanc
1088 2239 1143 2274 rei
1174 2238 1293 2284 qualis
1316 2239 1354 2274 in
1374 2239 1584 2285 praesentia
1608 2242 1662 2274 est
1680 2249 1754 2273 eme
1805 2238 1963 2274 ationem
1984 2237 2083 2283 fore,
2107 2237 2194 2283 quia
2215 2246 2313 2272 nunc
2335 2235 2478 2282 quidem
2527 2245 2531 2282 j,

254 2286 378 2321 curiae
401 2296 451 2320 ex
473 2284 648 2320 eiusmodi
669 2284 808 2319 rationi
831 2295 874 2318 us
891 2284 1110 2329 pecuniaria
1133 2284 1274 2319 utilitas
1297 2283 1455 2326 accedit,
1479 2294 1529 2319 εκ
1554 2283 1688 2336 futura
1711 2288 1830 2319 autem
1853 2282 2080 2329 leqislatione
2104 2288 2176 2317 tam
2198 2281 2348 2317 cur-salis
2369 2291 2477 2327 quam

242 2331 455 2366 ..substancia
475 2335 628 2376 praesto
652 2330 731 2370 erit,
757 2333 792 2364 et
810 2328 992 2375 florebunt
1016 2330 1140 2364 curiae
1162 2335 1198 2364 et
1221 2328 1437 2375 corporibus
1457 2328 1625 2375 plumbus
1647 2332 1682 2363 et
1705 2338 1784 2363 cum
1807 2338 1932 2363 eorum
1954 2326 2176 2363 substantias
2199 2325 2374 2363 habeant:

365 2376 394 2411 Ι.
440 2380 638 2421 propterea
662 2374 852 2416 sancimus,
878 2379 919 2409 ut
941 2375 988 2409 iis
1011 2374 1075 2420 qui
1097 2385 1147 2409 ex
1169 2375 1281 2409 curiis
1303 2375 1376 2409 sint
1398 2377 1610 2409 testamenta
1630 2373 1852 2419 facientibus
1875 2372 1981 2408 liceat
2003 2370 2193 2408 heredibus
2211 2371 2268 2407 uti
2287 2371 2362 2407 sive
2384 2370 2478 2407 curi-

255 2421 372 2457 alibus
391 2420 547 2456 eiusdem
571 2420 725 2455 civitatis
748 2419 857 2454 velint
879 2418 930 2461 (id
945 2419 1044 2465 quod
1062 2423 1296 2465 praeceptum
1320 2419 1410 2465 leqis
1433 2422 1499 2462 est)
1521 2420 1595 2454 sive
1618 2418 1830 2464 quibusdam
1848 2428 1900 2454 ex
1918 2417 2085 2464 eoqnatis
2114 2417 2188 2453 sive
2212 2427 2262 2453 ex
2281 2416 2478 2458 extraneis,
2515 2434 2517 2437 .

254 2467 328 2501 sive
352 2466 508 2501 curiales
527 2466 601 2499 sint
630 2465 703 2500 sive
726 2475 798 2499 non
819 2465 902 2506 sint,
933 2465 1007 2499 sive
1036 2464 1075 2498 in
1097 2469 1241 2510 partem
1264 2475 1389 2500 novem
1413 2465 1530 2499 unciis
1560 2474 1635 2499 non
1658 2464 1830 2499 minorem
1857 2463 1932 2498 sive
1961 2465 2000 2498 in
2031 2461 2205 2504 solidum,
2234 2464 2275 2497 ut
2303 2464 2422 2497 tamen
2439 2458 2481 2496 'ii

256 2512 380 2546 curiae
405 2511 609 2562 offerantur
631 2510 777 2555 eiusque
800 2509 949 2555 corpori
972 2510 1146 2544 uniantur
1169 2513 1204 2543 et
1225 2510 1365 2555 inteqre
1387 2520 1538 2543 munera
1560 2508 1745 2555 impleant.
1781 2509 1830 2544 At
1855 2518 1900 2543 ue
1916 2506 1986 2543 hoc
2007 2507 2106 2543 etde
2128 2507 2218 2553 ipsis
2239 2509 2278 2542 et
2298 2505 2344 2541 de
2358 2505 2482 2553 liberis
2511 2511 2513 2514 ⁴

257 2561 291 2591 et
314 2555 503 2602 nepotabus
527 2560 562 2590 et
584 2555 648 2600 qui
670 2555 838 2600 deinceps
861 2558 968 2589 erunt
989 2554 1256 2589 successoribus
1278 2554 1408 2596 valeat,
1444 2564 1560 2600 neque
1583 2564 1668 2589 vero
1700 2564 1807 2589 secun
1835 2563 1894 2588 um
1926 2563 2004 2589 eam
2025 2553 2185 2599 formam
2215 2561 2324 2598 quam
2347 2550 2481 2587 consti*-

259 2602 349 2636 tutio
371 2601 484 2647 paulo
508 2604 592 2635 ante
616 2599 694 2635 lata
717 2599 762 2634 de
784 2600 831 2634 iis
854 2600 919 2651 qui
940 2610 979 2635 se
1003 2599 1125 2634 curiae
1149 2599 1307 2644 offerant
1323 2599 1526 2645 praecipit,
1549 2599 1685 2645 quippe
1707 2609 1802 2645 quae
1821 2597 1964 2644 prolem
1986 2608 2111 2634 eorum
2133 2596 2199 2643 qui
2219 2607 2299 2632 sese
2321 2595 2486 2643 offerant,

257 2656 331 2680 non
353 2646 507 2680 subiciat
529 2644 641 2679 eidem
666 2644 881 2686 condicioni,
905 2644 970 2679 sed
993 2648 1174 2690 tamquam
1197 2644 1230 2679 si
1253 2644 1298 2679 ab
1322 2644 1425 2679 initio
1448 2644 1606 2680 curiales
1623 2644 1794 2689 fuissent,
1817 2645 1869 2679 ita
1891 2646 1928 2678 et
1949 2642 2022 2689 ipsi
2044 2653 2124 2678 cum
2143 2641 2250 2689 prole
2271 2651 2339 2677 sua
2357 2640 2480 2692 curiae

258 2696 294 2726 et
324 2690 406 2725 albo
438 2695 473 2725 et
503 2690 652 2735 corpori
683 2690 866 2724 uniantur.
914 2689 1039 2735 Neque
1068 2689 1162 2724 enim
1195 2690 1387 2734 quicquam
1419 2688 1546 2734 differt
1575 2692 1640 2724 aut
1667 2699 1747 2724 eum
1779 2688 1843 2734 qui
1873 2692 1926 2723 est
1957 2687 2107 2723 curialis
2136 2686 2294 2722 eiusdem
2323 2686 2480 2722 civitam

259 2734 421 2770 heredem
445 2734 600 2769 scribere
624 2738 688 2768 aut
711 2744 790 2769 eum
815 2734 879 2779 qui
900 2736 1022 2769 statim
1045 2734 1196 2777 futurus
1219 2738 1283 2769 est.

393 2779 438 2814 11.
489 2779 561 2814 Sed
590 2779 697 2813 etiam
728 2780 763 2813 si
792 2779 874 2824 quis
904 2783 1082 2824 coqnatus
1117 2779 1180 2823 qui
1215 2778 1365 2813 curialis
1399 2778 1448 2813 sit
1478 2778 1536 2814 vel
1562 2778 1654 2813 adeo
1684 2778 1829 2814 omnino
1861 2777 1951 2813 liber
1980 2776 2025 2812 ab
2055 2775 2229 2812 eiusmodi
2257 2774 2501 2819 condiciones

1450 2869 1470 2901 2
1487 2867 1630 2900 curiales
1647 2868 1707 2901 hoc
1724 2868 1792 2901 loco
1808 2868 1940 2908 inserui,
1963 2866 2110 2900 civitatis
2127 2865 2267 2900 curiales
2288 2873 2365 2900 ante
2384 2865 2480 2899 >huo-

1404 2912 1460 2945 des
1483 2913 1531 2954 (1)
1555 2913 1626 2946 coll.
1651 2912 1737 2956 vulq.
1756 2911 1770 2954 ΙΙ
1791 2911 1949 2944 illicitum
1971 2911 2076 2944 fuerit
2096 2911 2149 2945 Va
2169 2912 2182 2955 ss
2206 2912 2227 2945 3
2249 2910 2392 2953 quodam
2417 2906 2487 2958 ΤΙῑ

1403 2968 1423 2989 a
1444 2957 1538 2990 ouria
1561 2969 1619 2990 om.
1639 2957 1674 2990 V
1692 2956 1705 3000 ΙΙ
1734 2955 1882 2989 uoluerit
1906 2957 1939 2990 T
1961 2955 1975 3000 ΙΙ
2002 2959 2022 2990 5
2045 2958 2092 2997 se]
2115 2957 2164 2989 set
2195 2953 2261 3007 Vn
2288 2954 2492 2991 conditione-⁸

1413 3001 1507 3045 Vfl6
1526 3001 1614 3034 idem
1638 3003 1686 3033 est
1712 3000 1885 3045 Tss9hoo
1903 3011 1955 3034 res
1977 3001 2014 3039 V;
2041 3001 2101 3043 leq.
2125 3000 2188 3033 hoo
2210 3010 2259 3033 rei
2278 3000 2407 3043 (eim-0

1406 3046 1590 3091 brffyyenfl
1611 3046 1624 3090 ΙΙ
1651 3048 1692 3079 10
1717 3047 1768 3087 ex]
1793 3049 1826 3078 et
1846 3046 1880 3078 V
1898 3045 1911 3087 ΙΙ
1939 3047 1978 3080 11
2004 3044 2147 3078 curiales
2166 3045 2237 3086 VT,
2256 3057 2329 3133 σοῖν
2401 3040 2480 3131 hh!

2404 3099 2428 3132 (l

305 2871 326 2903 2
338 2868 381 2902 τὸ
399 2870 470 2909 καὶ]
483 2868 528 2901 ’τὸ
546 2882 603 2901 om.
615 2869 656 2908 L,
672 2870 731 2901 καὶ
749 2882 807 2901 om.
822 2879 841 2904 ς
859 2868 872 2904 ΙΙ
889 2870 908 2902 3
921 2867 1141 2901 ἐνίστασθαι
1154 2868 1185 2901 L
1200 2867 1212 2911 ΙΙ
1231 2870 1250 2910 Ξ
1267 2863 1334 2914 ὥρ-

258 2926 370 2959 μηται
386 2914 441 2955 Μ]
465 2908 610 2957 ὥρμητο
623 2914 665 2946 L.
701 2913 763 2955 τῆς
782 2910 922 2947 πόλεως
942 2914 1050 2946 deesse
1066 2920 1140 2946 ante
1164 2912 1202 2952 ἐξ
1226 2912 1265 2955 ἡς
1284 2927 1335 2946 su-

259 2962 404 3004 spicatur
420 2959 607 2992 Zachariae
623 2957 636 3001 R
652 2956 698 2990 τὰ
720 2955 930 3001 βουλευτικὰ
953 2959 1114 3001 μετιέναι
1136 2955 1252 2990 λειτου
1276 2955 1335 3003 γή-

259 3006 370 3049 ματα]
395 3003 530 3036 curialis
552 3004 596 3036 sit
618 3003 781 3045 particeps
805 3003 987 3036 functionis
1011 3004 1045 3043 (ἱ.
1060 3015 1085 3036 e.
1102 3002 1167 3035 τοῦ
1191 3005 1258 3045 βου
1281 3014 1335 3034 ευ-

260 3049 361 3083 τικοῦ
394 3050 555 3090 μετεῖναι
589 3046 897 3092 λειτουργήματος)
922 3059 941 3084 ς
971 3048 984 3091 ΙΙ
1010 3049 1029 3081 8
1060 3043 1235 3090 λαμβάνει
1259 3048 1290 3080 L
1332 3048 1336 3055 '

260 3098 281 3129 9
306 3092 540 3138 ἐπιστάμενος
564 3094 606 3135 L,
641 3091 874 3135 ἐπιστάμεθα
897 3093 1085 3126 Zachariae
1108 3094 1178 3125 sine
1201 3105 1302 3125 causa
1331 3057 1336 3136 Ι

260 3138 303 3173 τὸ
322 3139 470 3185 πρᾶγμα
487 3152 526 3173 ex
541 3150 561 3174 ς
576 3151 639 3171 non
656 3139 738 3171 nmle
755 3139 846 3180 effici
858 3145 952 3181 putat
963 3137 1151 3170 Zachariae
1167 3136 1179 3179 ΙΙ
1199 3138 1240 3170 12
1253 3137 1335 3171 ἑπο-

261 3187 367 3229 μένης
391 3186 566 3228 Scrimqer,
587 3185 676 3227 vuly.
693 3182 705 3221 ΙΙ
724 3181 743 3215 ὁ
767 3190 795 3216 et
817 3183 857 3216 13
874 3179 895 3224 ἡ
920 3195 978 3215 om.
995 3182 1085 3215 M⁶L
1101 3182 1114 3220 ΙΙ
1135 3183 1171 3215 17
1194 3179 1335 3224 βουλευ-

261 3231 398 3275 τηριῶν
410 3230 441 3263 L
457 3229 469 3272 ss
497 3230 538 3263 18
553 3224 673 3271 αὗτῆς]
693 3225 799 3270 ἄλλης
810 3228 856 3261 Μ
868 3227 881 3271 ΙΙ
895 3226 1004 3260 τοῦτο
1021 3223 1066 3269 δὴ
1076 3224 1118 3259 τὸ
1132 3226 1196 3259 τοῦ
1210 3224 1335 3269 νόμον]

263 3278 324 3308 hoc
347 3275 420 3316 lege
440 3274 652 3317 permittente
675 3286 694 3309 ς
710 3272 723 3316 ΙΙ
741 3275 783 3306 20
798 3271 870 3305 εἴτε
892 3271 950 3313 εἰς]
975 3270 1046 3304 εἴτε
1070 3284 1128 3304 om.
1141 3283 1160 3307 ς
1175 3272 1187 3315 ΙΙ
1207 3273 1245 3305 21
1266 3270 1337 3305 εἴτε

261 3322 308 3354 εἰς
332 3317 541 3364 ὁλόκληρον]
577 3319 630 3352 vel
652 3322 740 3351 certe
763 3319 798 3359 (i.
823 3330 849 3350 e.
872 3314 897 3359 ἧ
918 3316 997 3362 γεῖ)
1021 3317 1056 3348 in
1081 3316 1248 3365 integrum
1273 3328 1292 3351 ς
1326 3318 1337 3355 ΙΙ

263 3363 514 3409 ἐπιδεδομένης
533 3372 564 3398 et
583 3366 626 3398 22
644 3363 832 3406 ἇνουμένης
846 3363 878 3396 L
894 3363 906 3404 ΙΙ
926 3364 969 3396 24
984 3359 1123 3401 τούτου]
1147 3356 1243 3393 οὕτω
1258 3362 1307 3394 L⁰
1325 3360 1338 3406 ΙΙ

263 3409 425 3456 ἐκγόνων
443 3411 473 3443 L
490 3410 503 3453 ss
521 3411 564 3443 26
583 3409 714 3454 μικρὸν
729 3408 761 3442 L
776 3409 788 3451 ΙΙ
807 3404 978 3447 διάταξις]
1003 3419 1074 3439 που.
1089 3406 1307 3439 XXXVIII
1327 3409 1338 3445 u

264 3459 303 3490 27
331 3452 614 3500 παραδιδόντων
637 3455 668 3488 L
693 3454 705 3498 ΙΙ
730 3455 772 3488 29
796 3450 884 3507 τὺῃῃ
909 3465 967 3485 om.
991 3452 1023 3484 L
1045 3451 1058 3504 [1
1086 3450 1128 3491 εἰ]
1152 3450 1229 3503 εἰσί)
1254 3451 1304 3483 La
1326 3448 1338 3494 ΙΙ

264 3497 538 3544 30*a13w'5v(cf.
553 3503 596 3541 ς)]
622 3496 786 3533 αὖτοὶΜ
809 3496 901 3531 αυτὰ
925 3498 975 3530 Π*
1012 3497 1131 3529 αυτοὶς
1153 3500 1226 3534 (eac)
1252 3494 1338 3547 13⁰,H

265 3549 303 3580 31
332 3543 543 3589 *ἑνούμενοι
561 3546 633 3578 ML
649 3547 704 3588 (cs
723 3545 769 3578 ad
783 3544 815 3583 ς)
830 3542 843 3588 ΙΙ
860 3554 900 3576 τε
922 3544 994 3583 καὶ]
1018 3539 1098 3575 τοὺς
1123 3541 1153 3573 L
1169 3539 1183 3583 fl
1205 3541 1247 3574 32
1272 3552 1336 3573 πο-

266 3590 351 3624 λεως
375 3589 422 3623 ὠς
444 3590 584 3635 γράψαι
602 3591 633 3624 L
650 3590 663 3633 ΙΙ
680 3591 723 3624 34
747 3586 861 3622 ἄλλως
874 3588 932 3629 M]
956 3584 1061 3620 ἄλλος
1077 3586 1139 3626 Le,
1165 3586 1246 3618 idem
1260 3597 1336 3637 pro-

261 3639 355 3678 ponit
379 3637 564 3669 Zachariae
587 3637 620 3668 in
644 3636 815 3668 Addendis
835 3646 896 3666 non
918 3640 1000 3666 recte
1023 3630 1037 3675 ss
1067 3628 1252 3674 ἐλεύθερος
1275 3640 1337 3672 της

266 3679 428 3722 τοιαύτης
450 3677 555 3722 τύχης
575 3679 634 3724 Lu
654 3682 695 3714 35
719 3679 781 3721 τῆς
802 3675 980 3720 τοιαύτης]
1005 3677 1114 3709 eadem
1139 3687 1158 3712 ς

2331 3069 2340 3077 .
2355 3058 2399 3079 vu

1407 3093 1447 3125 1'1
1472 3091 1607 3125 credent
1633 3091 1666 3124 T
1684 3089 1698 3134 ΙΙ
1722 3091 1787 3130 uti]
1811 3090 1848 3122 in
1879 3089 1942 3133 Vll
1970 3091 2010 3124 18
2035 3090 2110 3130 hoo]
2134 3090 2219 3122 banc
2251 3089 2312 3134 Vl
2339 3091 2381 3124 19

1404 3135 1541 3168 busdam
1566 3135 1758 3176 Heimbaeh]
1793 3134 1916 3176 quibus
1941 3144 2033 3167 suam
2066 3134 2136 3168 VT
2165 3134 2336 3176 quibusvis
2358 3146 2399 3168 vu
2430 3135 2463 3172 μ’·
2486 3154 2493 3158 -

1406 3182 1447 3215 20
1471 3191 1528 3213 seu
1550 3180 1596 3220 V]
1619 3179 1690 3212 siue
1708 3179 1741 3213 Τ
1749 3180 1862 3223 υα19.[Ι
1889 3179 2010 3212 curiles
2031 3180 2064 3213 V
2080 3180 2092 3222 ΙΙ
2118 3190 2175 3212 seu
2198 3181 2278 3221 non]
2302 3179 2394 3221 sclusa
2452 3182 2453 3186 ’
2480 3182 2486 3200 ³

1404 3226 1441 3258 in
1456 3224 1656 3268 portionem]
1678 3224 1747 3257 sive
1767 3224 1803 3256 in
1822 3223 2009 3266 portionem
2029 3225 2117 3267 ναζο.
2133 3223 2146 3263 ΙΙ
2165 3226 2206 3260 21
2221 3224 2276 3258 uel
2292 3226 2381 3263 certe
2425 3246 2430 3254 ι
2478 3223 2486 3258 ᾧ

1403 3271 1471 3303 sive
1487 3271 1571 3313 vulq.
1586 3269 1599 3312 ΙΙ
1617 3269 1654 3302 in
1674 3269 1852 3311 integrum]
1874 3269 2041 3311 integrum
2063 3270 2097 3303 V
2114 3269 2149 3303 ιῑι
2170 3269 2207 3302 ιῐὶ
2228 3269 2283 3313 Tu
2302 3270 2345 3304 22
2494 3298 2498 3303 ⁴

1412 3315 1469 3358 Vn
1486 3318 1519 3347 et
1542 3313 1647 3347 unitis
1666 3326 1724 3347 om.
1742 3316 1775 3348 in
1795 3316 1901 3357 {spatio
1919 3327 2021 3348 vacuo
2038 3314 2094 3358 Vss
2112 3315 2155 3349 26
2171 3314 2310 3358 paulum
2328 3312 2494 3359 171801*-

1403 3359 1507 3392 stituo
1522 3360 1550 3393 T
1565 3359 1578 3402 ss
1596 3360 1637 3393 27
1651 3358 1856 3402 praeciperet
1870 3358 1964 3402 prole
1979 3370 2127 3392 meorum
2143 3360 2175 3393 V
2187 3360 2200 3404 ΙΙ
2217 3360 2260 3394 28
2271 3354 2483 3411 obtulerunt]

1404 3404 1600 3437 obtulerunt
1622 3404 1714 3437 curie
1733 3404 1786 3438 T⁰
1801 3403 1815 3447 ΙΙ
1832 3406 1874 3438 30
1898 3404 1980 3447 ipsis
1997 3405 2084 3446 libra]
2108 3404 2174 3448 ipei
2197 3405 2282 3448 υιιὶρ.
2329 3402 2481 3438 cunm*

1413 3450 1470 3492 Vll
1485 3448 1680 3491 ‘uniendisJ
1704 3449 1860 3483 ueniente
1882 3450 1966 3487 libri,
1990 3449 2080 3483 uniti
2103 3451 2188 3493 vulg.
2207 3449 2270 3494 flet
2321 3447 2462 3526 boff-

1404 3504 1442 3527 ex
1466 3493 1543 3527 aluo
1568 3495 1601 3527 V
1618 3505 1657 3528 ex
1680 3493 1778 3528 alueo
1801 3494 1836 3528 T
1847 3495 1861 3538 u
1884 3496 1922 3528 31
1951 3494 2082 3537 corpori
2103 3495 2203 3538 mala]
2227 3503 2363 3537 corpore

1403 3542 1463 3572 aut
1486 3550 1560 3572 eum
1582 3557 1627 3564 —
1651 3539 1801 3572 heredem
1826 3552 1883 3572 om.
1912 3539 1945 3573 T
1969 3539 1982 3582 ΙΙ
2010 3541 2054 3574 32
2076 3539 2179 3573 fuerit
2205 3538 2249 3580 V]
2281 3540 2331 3571 est
2351 3536 2450 3582 cuiq„
2504 3567 2505 3570 ,

1404 3584 1561 3625 eiusdem]
1585 3585 1657 3618 eius
1680 3584 1720 3618 de
1742 3584 1796 3628 Vll
1821 3586 1863 3618 35
1888 3584 1973 3617 alter
1994 3585 2068 3626 VT]
2092 3584 2190 3617 aliter
2212 3584 2297 3627 tuly.
