2592 3840
249 56 354 98 Nov.
373 55 574 100 LXXVII
596 61 617 99 1

1316 57 1401 104 382

1959 76 2019 107 m·
2047 75 2136 108 NON
2165 76 2460 110 Luxunm'run

1255 226 1411 263 CAPUT
1436 226 1464 261 1.

291 300 436 346 Ἐπειδὴ
459 301 501 336 δέ
521 314 614 337 τινες
636 300 705 336 ὑπὸ
729 303 791 345 τῆς
814 295 1019 347 διαβολικῆς
1042 306 1217 351 ἐνεργείας
1240 318 1321 340 συν-

250 346 307 389 εχό
353 361 410 382 νοι
439 351 498 380 καὶ
530 352 606 382 ταῖς
630 350 842 391 βαρυτέραις
871 345 1066 395 ἀσελγείαις
1081 349 1227 385 ἑαυτοὺς
1250 353 1321 385 ἐνέ-

249 361 363 435 βαλεν
398 397 457 426 καὶ
489 390 595 435 αὐτῆς
628 393 688 435 τῆς
724 391 864 437 φύσεως
899 390 1077 429 τάναντία
1111 395 1322 442 πράττουσι,

250 441 309 471 καὶ
338 437 476 472 τούτοις
506 438 764 484 παρεγγυῶμεν
788 436 913 482 λαβεῖν
939 438 1031 473 κατὰ
1053 440 1140 475 νοῦν
1170 441 1236 475 τὸν
1259 442 1322 475 τοῦ

252 484 339 516 θεοῦ
359 482 476 528 φόβον
499 486 557 516 καὶ
581 481 648 524 τὴν
671 481 871 526 μέλλουσαν
895 487 1014 538 κρίσιν
1040 488 1100 519 καὶ
1123 483 1324 529 ἀπέχεσθαι

249 530 326 562 τῶν
345 526 522 562 τοιούτων
542 526 762 572 διαβολικῶν
781 531 841 561 καὶ
864 525 1017 564 ἀτοπων
1037 526 1242 577 ἀσελγειῶν,
1263 532 1325 566 ἵνα

248 572 297 615 μὴ
321 572 380 607 διὰ
409 573 486 606 τῶν
508 573 686 607 τοιούτων
715 569 861 616 ἀσεβῶν
886 573 1053 620 πράξεων
1081 571 1153 611 aino
1177 578 1238 620 τῆς
1261 577 1323 612 τοῦ

250 619 339 652 θεοῦ
360 616 498 652 δικαίας
521 615 623 664 ὀργῆς
647 614 827 663 εὖρεθῶσι
851 622 911 652 καὶ
936 618 975 653 αι’
991 617 1111 655 πόλεις
1134 621 1224 665 μετὰ
1247 623 1325 656 τῶν

250 662 446 697 οἰκούντων
478 665 518 696 ἐν
542 661 665 696 αὖταῖς
689 659 942 712 ἀπολλύμεναι.
984 662 1236 720 διδασκόμεθα
1258 666 1325 714 γὰρ

1437 306 1556 358 igitur·
1567 306 1734 350 quoniam
1759 307 1901 353 quidam
1922 308 2099 344 diabolica
2118 309 2347 352 instigatione
2369 321 2464 346 com-

1392 351 1560 395 prehensi
1589 356 1626 386 et
1658 353 1872 396 gravissimis
1907 353 2056 389 luxuriis
2088 355 2298 400 semetipsos
2326 355 2466 392 inseru-

1393 400 1496 448 erunt
1520 400 1555 430 et
1576 395 1647 449 ipsi
1670 401 1821 433 naturae
1845 399 2027 434 contraria
2050 402 2170 443 agunt,
2194 406 2230 436 et
2246 400 2326 436 istis
2349 400 2466 436 iniun-

1393 450 1508 484 gimus
1531 450 1695 486 accipere
1718 443 1754 477 in
1779 444 1942 479 sensibus
1972 445 2028 480 dei
2057 444 2217 481 timorem
2249 451 2286 480 et
2307 445 2466 485 futurum

1361 490 1379 520 ὃ
1393 486 1561 521 iudicium
1597 491 1634 521 et
1667 487 1847 524 abstinere
1885 489 1931 524 ab
1969 489 2172 526 huiusmodi
2210 490 2394 526 diabolicis
2431 495 2469 525 et

1394 531 1525 582 illicitis
1548 531 1710 574 luxuriis,
1743 537 1784 568 ut
1807 544 1879 569 non
1901 544 1965 578 per
1988 534 2189 570 huiusmodi
2212 535 2341 580 impios
2364 539 2466 571 aetus

1394 577 1439 611 ab
1458 586 1512 611 ira
1535 576 1591 611 dei
1613 577 1709 612 iusta
1731 578 1957 614 inveniantur
1980 585 2016 614 et
2037 579 2196 616 civitates
2221 590 2301 616 cum
2323 580 2465 615 habita-

1394 621 1532 673 toribus
1553 631 1690 674 ‚earum
1725 628 1885 668 pereant.
1941 624 2122 660 Docemur
2156 625 2249 661 enim
2284 635 2308 660 a
2341 623 2470 661 divinis

1394 670 1591 711 scripturis,
1620 667 1704 711 quia
1727 678 1771 703 ex
1794 668 1996 705 huiusmodi
2018 670 2136 715 impiis
2159 670 2300 707 actibus
2323 675 2360 707 et
2381 669 2468 707 civi·

250 708 307 742 ὃιὰ
331 709 409 742 τῶν
427 706 541 755 ἁγίων
565 709 729 754 γραφῶν,
753 705 810 742 ὃτι
830 710 868 742 ἐκ
885 711 962 744 τῶν
979 723 1157 751 τοιούτων
1180 710 1326 756 ἀσεβῶν
1341 715 1381 747 10
1395 714 1489 747 tates
1514 722 1595 747 cum
1619 711 1820 749 hominibus
1849 714 1984 759 pariter
2005 717 2199 760 perierunt.
2229 743 2231 745 .

250 753 416 800 πράξεων
451 756 510 786 καί
545 752 664 787 πόλεις
698 756 771 787 τοῖς
806 751 1019 800 ἀνθρώποις
1054 755 1325 791 συναπώλοντο.

249 802 268 833 1
313 796 457 841 Ἐπειδὴ
490 797 532 831 δέ
560 810 673 849 τινεςη
685 797 774 845 πρὸς
807 802 878 833 τοῖς
907 801 939 833 εἰ
961 803 1101 843 ημένοις
1131 805 1191 836 καὶ
1218 801 1325 846 βλάσ-

250 858 349 897 φημα
384 843 527 889 ῥήματα
562 847 622 876 καὶ
653 855 774 891 ορκους
809 848 892 890 περὶ
929 814 1020 879 θεοῦ
1056 843 1228 890 ὀμνύουσι
1262 847 1327 882 τὸν

253 890 340 922 θεον
357 890 647 935 παροργίζοντες,
670 892 729 943 καὶ
749 888 890 924 τούτοις
913 894 1045 944 ομοίως
1067 894 1327 939 παρεγγυῶμεν

1394 806 1414 838 1
1461 802 1512 837 Et
1547 786 1715 846 quoniam
1749 803 1892 849 quidam
1926 804 1973 840 ad
2002 804 2093 841 haec
2152 815 2219 841 uae
2250 805 2401 841 diximus
2433 807 2470 841 et

1396 848 1606 893 blasphema
1628 848 1738 884 verba
1761 851 1799 883 et
1816 854 2040 885 sacramenta
2063 850 2107 886 de
2155 861 2196 886 eo
2214 850 2342 886 iurant
2364 851 2470 886 deum

1397 893 1444 928 ad
1466 893 1688 928 iracundiam
1709 899 1958 938 provocantes,
1990 898 2027 930 et
2057 895 2136 931 istis
2164 895 2378 940 iniungimus
2405 895 2470 931 ab·

249 935 477 987 ιιποσχέσέζαι
504 935 585 971 ,τῶν
607 946 786 988 τοιουτων
812 933 1041 984 βλασφημων
1064 937 1238 990 ῥηματων
1268 941 1327 971 καὶ
1344 941 1382 973 15
1398 939 1529 974 stinere
1563 938 1609 973 ab
1642 938 1847 976 huiusmodi
1876 939 2095 984 blasphemis
2130 940 2247 976 verbis
2281 945 2317 975 et
2350 940 2470 976 iurare

254 982 311 1012 ιού
348 979 501 1023 ὀμνύναι
535 977 626 1013 κατὰ
657 991 775 1025 τριχος
810 994 851 1014 τε
886 984 946 1014 καὶ
977 981 1129 1034 κεφαλης
1161 987 1220 1017 καὶ
1250 984 1328 1017 τῶν

249 1023 386 1058 τούτοις
417 1023 684 1070 παραπλησίων
708 1023 889 1069 ῥημάτων.
937 1027 969 1060 εἱ
990 1040 1059 1073 γαρ
1093 1027 1132 1061 αἱ
1155 1025 1238 1062 κατ’
1266 1025 1327 1062 ἀν-

251 1069 420 1115 θρώπων
442 1067 630 1116 γινόμεναι
653 1068 881 1115 βλασφημίαι
904 1069 1130 1115 ἀνεκδίκητοι
1153 1071 1194 1107 ού
1219 1087 1326 1107 κατα-

250 1113 501 1158 λιμπάνονται,
519 1113 643 1158 πολλῷ
664 1114 800 1158 μᾶλλον
819 1114 839 1150 ὁ
861 1116 910 1151 εἰς
930 1114 1019 1151 αὐτὸ
1037 1116 1078 1151 τὸ
1093 1118 1198 1152 θεῖον
1216 1117 1326 1162 βλασ-

250 1162 381 1214 φημῶν
395 1158 492 1213 ἄξιός
515 1162 592 1194 ἐστι
614 1165 789 1214 τιμωρίας
813 1159 1026 1205 ὑποστῆναι.
1064 1160 1124 1197 διὰ
1139 1164 1246 1197 τοῦτο
1263 1156 1328 1197 οὖν
1341 1167 1383 1199 20
1396 1165 1559 1200 omnibus
1583 1164 1788 1217 huiusmodi
1809 1165 2048 1217 praecipimus
2072 1176 2095 1200 a
2117 1175 2182 1210 pra

250 1217 388 1240 παντας
421 1216 503 1239 τους
537 1217 719 1240 τοιουτους
747 1209 998 1253 προτρέπομεν
1030 1209 1068 1241 ἐκ
1091 1209 1169 1242 τῶν
1193 1210 1326 1255 εἰρημέ-

249 1264 327 1284 νων
357 1248 673 1295 πλημμελημάτων
702 1249 933 1294 ἀποσχέσθαι
964 1255 1024 1286 καὶ
1053 1251 1119 1287 τὸν
1151 1255 1214 1288 τοῦ
1236 1254 1327 1288 θεοῦ

250 1293 368 1341 φόβον
399 1295 490 1330 κατὰ
513 1297 600 1330 νοῦν
623 1294 822 1341 λαμβάνειν
845 1301 906 1331 καὶ
929 1294 1144 1333 ἀκολουθεῖν
1171 1303 1243 1333 τοῖς
1266 1313 1328 1333 κα·

252 1343 319 1375 λῶς
342 1343 495 1386 βιοῦσιν.
537 1340 596 1375 διὰ
619 1340 687 1388 γὰρ
710 1341 756 1376 τὰ
779 1343 931 1376 τοιαῦτα
955 1342 1240 1388 πλημμελήματα
1258 1347 1328 1378 -καὶ

1397 994 1461 1028 per
1479 983 1629 1028 capillos
1652 987 1688 1018 et
1704 989 1814 1029 caput
1837 988 1874 1020 et
1895 984 1953 1020 his
1977 986 2139 1030 proxima
2161 986 2280 1021 verba.
2318 984 2357 1020 Si
2376 985 2471 1021 enim

1397 1033 1524 1064 contra
1554 1029 1715 1064 homines
1749 1029 1869 1065 factae
1899 1029 2139 1075 blasphemiae
2167 1030 2363 1075 impunitae
2398 1040 2471 1066 non

1395 1075 1485 1109 relin
1511 1077 1657 1116 uuntur,
1681 1074 1793 1110 multo
1818 1074 1927 1119 magis
1952 1075 2013 1119 qui
2035 1075 2152 1121 ipsum
2177 1075 2282 1110 deum
2302 1074 2469 1120 blasphe-

1395 1122 1470 1154 mat
1517 1119 1620 1163 ignus
1646 1123 1701 1154 est
1716 1119 1893 1165 supplicia
1914 1120 2099 1156 sustinere.
2141 1119 2470 1201 Prgsstezreadeilgii‘tgg

2241 1175 2260 1200 c
2279 1175 2309 1200 is
2401 1175 2421 1200 c

1396 1210 1575 1245 abstinere
1608 1214 1644 1244 et
1674 1210 1731 1245 dei
1762 1213 1923 1245 timorem
1955 1221 1993 1246 in
2016 1210 2123 1246 corde
2146 1211 2330 1256 percipere
2356 1214 2392 1246 et
2414 1219 2469 1246 se-

1397 1255 1457 1299 qui
1489 1265 1551 1291 eos
1581 1255 1642 1300 qui
1673 1255 1764 1291 bene
1795 1255 1929 1291 vivunt.
1985 1255 2137 1301 Propter
2166 1255 2255 1291 talia
2284 1255 2378 1290 enim
2409 1255 2470 1290 de-

1396 1301 1482 1336 licta
1505 1303 1542 1335 et
1564 1300 1677 1336 fames
1709 1304 1746 1336 et
1768 1305 1886 1336 terrae
1909 1305 2026 1336 motus
2057 1303 2093 1336 et
2122 1299 2345 1345 pestilentiae
2365 1299 2469 1344 flunt,

1397 1350 1433 1384 et
1472 1349 1662 1391 propterea
1699 1345 1930 1381 admonemus
1968 1346 2148 1381 abstinere
2186 1345 2233 1382 ab
2266 1344 2471 1382 huiusmodi

252 1386 347 1431 λιμοὶ
370 1390 431 1420 καὶ
455 1390 594 1430 σεισμοὶ
618 1390 678 1420 καὶ
703 1386 819 1441 λοιμοὶ
830 1391 1007 1441 ,γίνονται
1015 1415 1024 1431 ,
1053 1391 1114 1423 καὶ
1137 1388 1199 1423 δια
1221 1391 1328 1424 τοῦτο
1342 1391 1383 1425 25
1397 1390 1588 1436 praedictis
1609 1390 1753 1433 illicitis,
1776 1394 1819 1426 ut
1840 1402 1913 1427 non
1937 1402 2021 1427 suas
2045 1390 2198 1436 perdant
2220 1390 2370 1426 anima-8.
2406 1390 2470 1426 Sin

252 1435 496 1479 παραινοῦμεν
526 1435 598 1466 τοῖς
622 1444 794 1467 τοιούτοις
818 1434 1046 1476 αποσχέσθαι
1080 1436 1159 1469 τῶν
1193 1435 1328 1481 εἰρημέ-

253 1490 328 1511 νων
350 1475 608 1521 ἀτοπημάτων,
641 1474 730 1512 ὥςτε
752 1477 801 1521 μὴ
831 1477 893 1512 τὰς
916 1478 1040 1513 αὑτῶν
1064 1476 1240 1514 ἀπολέσαι
1262 1491 1327 1524 ψυ-

251 1522 319 1565 χάς.
367 1523 398 1556 εἰ
421 1522 490 1569 γὰρ
513 1526 572 1556 καὶ
596 1522 686 1565 μετὰ
718 1523 785 1566 τὴν
809 1522 981 1567 τοιαύτην
1005 1522 1109 1569 ἡμῶν
1131 1526 1329 1559 νουθεσίαν

251 1566 435 1615 εύρεθιῦσί
453 1579 546 1602 τινες
568 1571 642 1602 τοῖς
660 1565 778 1602 αὐτοῖς
794 1570 1021 1620 ἐπιμένοντες
1042 1568 1327 1615 πλημμελήμασι,

1363 1449 1368 1454 ·
1397 1442 1515 1471 autem
1548 1442 1584 1471 et
1607 1440 1690 1481 post
1713 1436 1915 1472 huiusmodi
1937 1440 2097 1472 nostram
2119 1436 2394 1472 admonitionem
2415 1435 2470 1470 in-

1397 1481 1584 1516 veniantur
1607 1481 1719 1526 aliqui
1736 1481 1774 1516 in
1793 1481 1926 1517 talibus
1950 1486 2200 1526 permanentes
2224 1481 2372 1524 delictis,
2395 1481 2469 1526 pri-

1397 1537 1491 1562 mum
1522 1526 1662 1570 quidem
1697 1526 1860 1571 indignos
1900 1527 2109 1572 semetipsos
2147 1526 2285 1562 faciunt
2319 1526 2375 1562 dei
2405 1526 2470 1561 mi-

1397 1571 1609 1613 sericordia,
1641 1574 1725 1617 post
1739 1572 1846 1607 -haec
1876 1576 1996 1608 autem
2029 1575 2073 1615 et,
2095 1571 2233 1617 legibus
2266 1571 2471 1608 constitutis

251 1611 363 1661 πρύτε
386 1626 428 1647 ον
450 1615 518 1656 μὲν
540 1610 705 1654 ἀναξίους
728 1613 873 1648 ἑαυτούς
895 1627 1039 1649 ποιουοι
1067 1627 1128 1658 της
1150 1617 1214 1650 τοῦ
1238 1615 1328 1650 θεοῦ
1341 1618 1383 1651 30
1397 1617 1624 1653 subiciuntur
1648 1617 1845 1653 tormentis.

227 1687 231 1692 .
252 1657 363 1704 φιλαν
396 1662 544 1705 ρωπίας,
569 1661 696 1693 ἔπειτα
716 1657 755 1693 δὲ
770 1662 830 1692 καὶ
853 1660 916 1693 τὰς
939 1662 978 1693 ἐκ
997 1661 1076 1694 τῶν
1096 1660 1221 1705 νόμων
1243 1659 1328 1696 ύπο-

252 1705 276 1740 2
321 1701 518 1746 στήσονται
547 1707 730 1749 τιμωρίας.
786 1701 1054 1751 Ἐπετρέψαμεν
1086 1704 1154 1753 γὰρ
1188 1707 1241 1750 τῷ
1274 1708 1327 1741 ἐν·

252 1747 435 1792 δοξοτάτῳ
467 1748 611 1796 ἐπάρχῳ
642 1750 702 1793 τῆς
732 1748 916 1794 βασιλίδος
940 1748 1077 1784 πόλεως
1106 1750 1187 1792 τούς
1210 1754 1329 1795 ἐπιμέ-

252 1806 379 1829 νοντας
411 1797 487 1847 ταῖς
516 1795 714 1847 εἰρημέναις
745 1792 892 1847 ἀτρποις
923 1798 983 1829 καὶ
1006 1793 1152 1840 ἀσεβέσι
1174 1794 1329 1842 πράξεσι

1397 1707 1421 1743 2
1468 1707 1720 1753 Praecepimus
1751 1707 1844 1743 enim
1866 1707 2120 1751 gloriosissimo
2148 1707 2332 1759 praefecto
2354 1706 2488 1760 τορείας

1398 1753 1552 1788 civitatis
1595 1755 1843 1798 permanentes
1878 1752 2068 1798 praedictis
2107 1753 2241 1788 illicitis
2284 1756 2321 1788 et
2354 1761 2471 1797 unpus

1396 1798 1538 1834 actibus
1563 1802 1599 1834 et
1618 1801 1702 1843 post
1724 1798 1817 1833 hanc
1840 1802 2001 1833 nostram
2023 1796 2298 1833 admonitionem
2320 1801 2358 1833 et
2374 1798 2470 1833 com·

251 1844 312 1874 καὶ
341 1854 432 1885 μετα
459 1853 596 1882 ταυτην
628 1841 731 1883 ημῶν
761 1853 828 1883 την
860 1841 1059 1875 νουθεσίαν
1087 1844 1247 1895 συνέχειν
1269 1843 1328 1876 καὶ
1341 1844 1384 1877 35
1398 1843 1618 1888 prehendere
1641 1848 1678 1879 et
1701 1843 1835 1881 ,ultimis
1859 1842 2012 1878 subdere
2035 1842 2230 1896 suppliciis,
2261 1846 2303 1878 ut
2326 1852 2398 1878 non
2423 1851 2470 1877 ex

252 1889 329 1920 ταῖς
360 1884 522 1928 ἐσχάταις
551 1883 768 1929 ὑποβάλλειν
796 1889 1003 1932 τιμωρίαις,
1035 1886 1096 1920 ἵνα
1125 1900 1174 1929 μη
1204 1888 1242 1920 ἐκ
1265 1887 1327 1921 τοῦ

252 1930 502 1978 παραβλέπων
523 1930 586 1964 τὰς
606 1928 773 1973 τοιαύτας
792 1929 969 1976 ἁμαρτίας
988 1928 1122 1978 εὑρεθῆ
1145 1934 1205 1966 καὶ
1224 1929 1245 1975 ἡ
1265 1930 1327 1967 πύ-

253 1976 303 2011 λις
326 1980 386 2011 καὶ
406 1974 427 2020 ἡ
443 1974 607 2010 πολιτεία
626 1974 686 2009 διὰ
705 1977 784 2010 τῶν
799 1975 977 2010 τοιούτων
997 1967 1143 2021 ασεβῶν
1160 1974 1329 2023 πράξεων

251 2020 472 2066 ἀδικουμένη.
521 2022 552 2055 εἰ
574 2019 641 2074 γαρ
661 2023 720 2055 καὶ
739 2019 833 2076 μετὰ
856 2020 994 2075 ταύτην
1016 2019 1121 2065 ἡμῶν
1143 2021 1212 2065 τὴν
1236 2036 1329 2069 παρ-

252 2071 391 2102 αίνεσίν
419 2078 513 2100 τινες
543 2078 623 2100 τους
652 2078 830 2101 τοιούτους
860 2070 1084 2112 ευρίσκοντες
1112 2066 1331 2114 συγκρύψου-
1345 2072 1386 2104 40

1398 1893 1605 1934 contemptu
1626 1888 1751 1924 talium
1773 1888 1976 1924 inveniatur
1997 1893 2034 1923 et
2057 1888 2184 1923 civitas
2207 1890 2245 1923 et
2267 1886 2472 1932 respublica

1396 1943 1462 1979 per
1490 1933 1557 1970 hos
1587 1933 1715 1978 impios
1744 1938 1847 1970 actus
1870 1933 1973 1968 laedi.
2022 1933 2061 1969 Si
2083 1932 2176 1968 enim
2204 1936 2242 1968 et
2271 1937 2355 1978 post
2376 1932 2472 1967 lianc

1397 1982 1556 2016 nostram
1592 1978 1793 2015 suasionem
1835 1978 1980 2027 ‘quidam
2021 1978 2113 2025 tales
2147 1978 2364 2015 invenientes
2404 1977 2472 2033 hos

385 2182 414 2218 Ι,
461 2180 639 2224 Quoniam
656 2185 775 2216 autem
795 2179 961 2216 nonnulli
984 2180 1019 2215 vi
1038 2179 1220 2217 diabolica
1238 2182 1425 2218 constricti
1447 2187 1482 2218 et
1501 2181 1738 2226 pravissimae
1758 2182 1930 2218 luxuriae
1948 2191 1989 2217 se
2006 2180 2221 2217 dediderunt
2243 2185 2279 2216 et
2296 2191 2340 2216 ea
2358 2185 2473 2226 ayunt

251 2239 344 2275 quae
366 2227 438 2274 ipsi
462 2231 618 2262 naturae
641 2226 827 2261 contraria
850 2225 934 2267 sint,
959 2224 1016 2260 his
1039 2236 1183 2277 quoque
1202 2226 1466 2270 denuntiamus,
1490 2232 1533 2263 ut
1549 2227 1609 2263 dei
1631 2227 1793 2263 timorem
1816 2230 1851 2262 ct
1866 2226 2037 2262 iudicium
2057 2226 2224 2272 futurum
2243 2225 2363 2261 animo
2379 2235 2472 2261 com-

247 2273 479 2321 prehendant
502 2277 538 2307 et
561 2270 766 2306 abstineant
788 2282 811 2306 a
834 2270 1016 2306 diabolica
1039 2270 1104 2306 illa
1128 2277 1238 2318 atque
1261 2272 1391 2308 illicita
1415 2273 1585 2315 luxuria,
1617 2283 1663 2308 ne
1680 2277 1839 2320 propter
1862 2270 2038 2308 eiusmodi
2068 2271 2200 2323 impias
2223 2271 2384 2306 actiones
2405 2281 2477 2317 per⁴
2538 2268 2546 2277 '

252 2322 382 2355 iustam
413 2318 471 2354 dei
502 2318 595 2352 iram
627 2317 768 2353 eveniat
797 2322 838 2351 ut
868 2316 970 2362 ipsae
994 2316 1156 2352 civitates
1189 2328 1269 2352 cum
1295 2316 1561 2354 habitatoribus
1591 2318 1669 2353 suis
1689 2321 1853 2364 pereant.
1900 2316 2106 2353 Edocemur
2128 2327 2221 2352 emm
2237 2327 2310 2363 per
2331 2327 2473 2352 sacram

252 2369 272 2401 1
296 2366 299 2371 ”
325 2365 543 2410 scripturam
566 2367 727 2409 propter
756 2361 933 2397 eiusmodi
963 2361 1095 2408 impias
1126 2363 1287 2398 actiones
1321 2362 1377 2399 vel
1410 2363 1518 2399 urbes
1551 2362 1660 2398 simul
1695 2373 1775 2398 cum
1810 2361 2014 2398 hominibus
2036 2362 2204 2409 periisse.
2327 2361 2473 2398 uoniam

253 2421 335 2446 vero
359 2408 525 2445 nonnulli
541 2413 695 2454 praeter
725 2418 768 2442 ea
793 2418 886 2453 quae
910 2406 1071 2443 dioeimus
1099 2408 1208 2443 etiam
1231 2408 1439 2455 blasphema
1467 2408 1576 2445 verba
1598 2413 1635 2444 et
1655 2412 1883 2445 sacramenta
1907 2418 1980 2454 per
2002 2406 2107 2443 deum
2138 2408 2262 2443 iurant
2343 2408 2351 2415 ’
2380 2407 2474 2442 iram

253 2455 486 2497 concitantes,
518 2452 574 2489 his
598 2463 743 2499 quoque
764 2452 931 2488 similiter
953 2452 1218 2496 denuntiamus,
1250 2460 1291 2490 ut
1314 2453 1520 2490 abstineant
1550 2454 1596 2490 ab
1628 2453 1805 2490 eiusmodi
1827 2452 2045 2500 blasphemis
2067 2452 2184 2489 verbis
2213 2457 2249 2488 et
2271 2463 2295 2488 a
2317 2451 2473 2488 iurando

248 2512 318 2547 per
342 2500 495 2546 capillos
517 2504 555 2535 et
577 2504 688 2544 caput
711 2502 819 2544 atque
841 2497 1019 2534 similibus
1041 2497 1171 2534 horum
1195 2499 1321 2535 verbis.
1377 2499 1471 2535 Nam
1494 2499 1527 2535 si
1550 2498 1743 2535 maledicta
1773 2498 1812 2535 in
1835 2497 1996 2541 homines
2019 2497 2152 2534 collata
2179 2508 2254 2533 non
2278 2497 2395 2533 inulta
2417 2508 2473 2534 re-

254 2547 477 2592 linquuntur,
509 2544 621 2579 multo
652 2544 770 2589 maqis
803 2544 834 2578 is
863 2543 926 2589 qui
956 2543 1075 2590 ipsum
1106 2543 1211 2580 deum
1234 2544 1459 2591 blasphemat
1483 2545 1615 2591 diqnus
1645 2550 1700 2580 est
1727 2544 1791 2591 qui
1812 2543 1993 2596 supplicio
2016 2542 2224 2579 subiciatur.
2273 2541 2473 2589 Propterea

253 2593 366 2637 v'qitur
398 2601 522 2625 omnes
552 2588 726 2624 eiusmodi
757 2588 918 2624 homines
948 2588 1138 2625 hortamur
1168 2593 1210 2625 ut
1239 2601 1263 2625 a
1290 2591 1454 2636 peccatis
1484 2601 1579 2637 quae
1602 2589 1764 2626 diximus
1786 2588 1992 2625 abstineant
2019 2592 2056 2623 et
2085 2588 2144 2624 dei
2168 2588 2330 2624 timorem
2352 2588 2473 2624 animo

255 2635 559 2682 comprehendant
588 2639 624 2670 et
653 2640 852 2679 sequantur
881 2645 944 2669 eos
974 2634 1038 2679 qui
1067 2639 1164 2670 recte
1194 2635 1327 2671 vivunt.
1383 2634 1544 2682 Propter
1575 2634 1751 2671 eiusmodi
1779 2635 1872 2671 enim
1896 2638 2053 2681 peccata
2083 2639 2120 2669 et
2146 2633 2266 2678 fames
2295 2637 2332 2670 et
2355 2638 2475 2669 terrae

255 2686 373 2717 motus
395 2685 429 2716 et
451 2685 570 2726 pestes
594 2680 774 2721 oriuntur,
799 2678 952 2724 ideoque
974 2689 1156 2715 monemus
1179 2679 1260 2715 illos
1283 2684 1325 2716 ut
1342 2680 1549 2716 abstineant
1571 2692 1595 2716 a
1615 2679 1809 2716 sceleribus
1832 2690 1926 2726 quae
1950 2678 2121 2720 diximus,
2145 2688 2190 2713 ne
2208 2687 2296 2713 suas
2311 2677 2473 2724 perdant

255 2727 403 2762 animas.
451 2724 546 2760 Nam
569 2724 602 2760 si
625 2724 688 2770 qui
710 2724 817 2760 etiam
837 2728 923 2770 post
947 2725 1052 2759 istam
1076 2723 1356 2760 admonitionem
1380 2731 1542 2762 nostram
1562 2736 1602 2761 re
1629 2725 1793 2761 eriantur
1815 2725 1854 2760 in
1869 2724 1995 2760 iisdem
2012 2724 2172 2770 peccatis
2216 2728 2471 2765 erseverantes,

255 2773 284 2807 ii
303 2773 459 2818 primum
483 2770 625 2816 quidem
649 2769 714 2811 dei*
730 2768 917 2804 clementia
940 2780 979 2805 se
997 2769 1097 2815 ipsos
1118 2769 1290 2816 indiqnos
1307 2770 1475 2812 reddunt,
1499 2770 1558 2806 dei
1609 2781 1629 2806 e
1651 2774 1771 2805 autem
1793 2769 1984 2816 suppliciis
2005 2778 2150 2820 quoque
2231 2778 2251 2803 e
2270 2767 2474 2804 constitutis

256 2819 279 2852 2
323 2816 556 2852 sube'cientur.
649 2813 906 2860 Praecepimus
937 2815 1029 2850 enim
1086 2815 1323 2851 loriosissimo
1349 2816 1545 2862 praefecto
1576 2815 1700 2861 reqiae
1730 2814 1841 2856 urbis,
1874 2819 1914 2849 ut
1943 2823 2005 2849 eos
2035 2823 2097 2858 qui
2123 2813 2161 2848 in
2184 2812 2200 2847 i
2212 2812 2321 2848 licitis
2342 2812 2416 2848 illis
2437 2817 2474 2850 et

256 2862 375 2910 impiis
404 2860 606 2896 actionibus
636 2859 744 2894 etiam
773 2864 860 2904 post
890 2858 985 2894 hanc
1016 2871 1039 2894 a
1065 2860 1296 2897 monitionem
1327 2867 1487 2897 nostram
1511 2860 1785 2907 perseveraturi
1811 2860 1900 2902 sint,
1936 2856 2243 2904 comprehendant
2270 2862 2307 2894 et
2339 2857 2474 2894 ultimis

256 2907 444 2954 suppliciis
467 2905 665 2947 subiciant,
696 2916 741 2939 ne
772 2914 822 2940 ex
853 2905 1118 2951 contemptione
1148 2905 1273 2940 talium
1295 2911 1527 2952 peccatorum
1550 2905 1691 2942 eveniat
1721 2909 1761 2939 ut
1791 2910 1828 2940 et
1850 2903 1936 2940 urbs
1965 2909 2000 2939 et
2022 2902 2225 2949 respublica
2252 2913 2321 2949 per
2342 2903 2474 2950 impias

257 2951 431 2989 eiusmodi
462 2950 623 2987 actiones
653 2949 789 2984 iniuria
821 2949 1022 2995 afficiatur.
1074 2947 1118 2985 Si
1140 2951 1203 2996 qui
1231 2951 1325 2986 enim
1347 2951 1454 2987 etiam
1480 2955 1569 2997 post
1590 2950 1684 2986 hanc
1707 2948 1997 2985 adhortationem
2030 2947 2389 2984 nostram'eiusmodi
2409 2948 2471 2985 ho-

316 3072 330 3103 1
357 3065 440 3108 ύπὸ]
470 3063 543 3100 ἀπὸ
572 3066 601 3100 C
622 3065 636 3108 ΙΙ
666 3067 686 3099 3
711 3061 818 3107 αὐτῆς
849 3065 909 3105 τῆς
933 3062 1084 3108 φύσεως]
1118 3064 1179 3106 τῆς
1203 3062 1331 3097 τούτου

259 3112 397 3160 φύσεως
410 3113 440 3146 L
459 3112 472 3155 ΙΙ
494 3113 516 3146 4
538 3108 676 3145 τούτοις
690 3111 752 3150 Le]
775 3106 920 3143 τούτους
937 3109 1010 3143 MC
1019 3111 1073 3152 (cf
1086 3122 1116 3141 υ.
1133 3111 1185 3148 14)
1201 3108 1214 3153 ΙΙ
1240 3106 1332 3142 κατὰ

259 3160 346 3194 νοῦν
370 3172 428 3192 οηι.
449 3158 477 3191 C
488 3156 500 3201 ΙΙ
528 3158 548 3190 9
572 3153 768 3190 οἰκούντων
791 3155 831 3187 έν
854 3149 987 3195 αύταῖς]
1013 3151 1252 3187 ἐνοικούντων
1272 3154 1301 3187 C
1320 3153 1332 3198 Η

262 3209 299 3240 11
316 3203 439 3240 πόλοις
453 3203 497 3236 Μ
507 3202 520 3246 ΙΙ
536 3204 609 3235 τοῖς
623 3197 836 3245 ἀνθρώποις
852 3197 1112 3232 συναπώλοντο
1129 3196 1331 3239 (συναπώλ-

260 3251 365 3286 λοντο
392 3250 448 3291 Μ)
475 3248 564 3288 ML]
600 3245 667 3280 σὺν
689 3242 908 3290 ἀνθρώπων
931 3246 1003 3285 (sic)
1035 3240 1226 3277 ἀπώλοντο
1254 3246 1282 3277 C

262 3301 303 3332 14
328 3294 475 3330 τούτους
508 3294 536 3327 C
561 3292 573 3337 ΙΙ
600 3290 731 3335 ὁμοίως
761 3303 819 3323 οηι.
845 3302 864 3327 ς
892 3290 904 3332 ΙΙ
932 3287 1223 3343 παρεγγυώμεθα
1256 3289 1286 3322 L

263 3347 302 3378 15
322 3339 523 3383 ἀπέχεσθαι
549 3339 578 3372 C
591 3337 604 3380 ΙΙ
627 3339 669 3371 16
686 3333 904 3380 ὂμνῦντοςὶ
921 3335 934 3377 ΙΙ
951 3345 1068 3378 τριχος
1087 3336 1138 3375 τε]
1162 3332 1332 3385 τρυχόστε

261 3395 295 3427 (σ
308 3401 379 3422 exv
392 3388 487 3427 corr.)
512 3385 552 3417 τὲ
574 3383 606 3416 L
629 3383 641 3427 ΙΙ
665 3384 703 3416 21
726 3383 764 3414 ἐκ
785 3382 950 3414 delendum
971 3381 1097 3413 videtur
1115 3378 1127 3422 ΙΙ
1144 3380 1187 3413 22
1211 3381 1333 3420 απόχε-

261 3435 355 3467 σθαι
379 3433 445 3467 Lo
466 3431 479 3475 ΙΙ
511 3432 553 3464 25
578 3426 686 3472 λιμοὶ]
710 3426 746 3460 οἱ
768 3423 884 3478 λοιμοὶ
911 3425 940 3459 C'
960 3425 973 3467 ΙΙ
998 3422 1135 3477 Zoippi]
1151 3422 1245 3467 λιμοὶ
1274 3426 1302 3457 C

263 3482 303 3514 26
327 3478 408 3512 τοὺς
429 3471 609 3511 τοιούτους
638 3475 667 3507 C
689 3472 701 3513 ΙΙ
733 3474 773 3507 27
800 3470 922 3504 αυτιῦν
946 3472 1002 3511 (ς)]
1039 3482 1161 3503 αυτων
1186 3469 1294 3503 MLC

261 3523 432 3558 ἀπολέσαι
446 3522 548 3560 LC'c]
566 3517 772 3553 ἀπολέσθαι
788 3518 827 3550 Μ
843 3516 856 3561 ΙΙ
880 3517 922 3550 28
939 3514 1138 3548 νουθεσίαν
1150 3515 1252 3555 Lof]
1276 3526 1333 3547 νο-

260 3570 442 3612 μοθεσίαν
455 3568 500 3600 ss!
509 3571 521 3609 ΙΙ
542 3567 584 3599 29
601 3567 672 3598 τοῖς
696 3560 824 3604 αὐτοῖς]
850 3561 973 3595 talibus
990 3563 1023 3601 (i.
1038 3574 1063 3593 e.
1083 3557 1268 3600 τοιούτοις)
1289 3558 1336 3603 ςΙ

261 3617 469 3657 ἐμμένοντες
486 3613 514 3645 C
528 3611 540 3655 ΙΙ
558 3612 599 3644 33
615 3610 831 3653 ἐμμένοντας
848 3608 877 3642 C
888 3607 900 3651 ΙΙ
917 3608 959 3641 35
972 3603 1056 3650 ἡμῖν
1069 3606 1099 3639 L
1110 3604 1123 3650 Η
1135 3605 1333 3638 νουθεσίαν

261 3661 293 3693 L
301 3660 364 3700 05]
379 3657 604 3701 νομοθεσίαν
613 3656 659 3689 M
668 3655 681 3700 ss
699 3654 870 3695 συνέχειν]
884 3654 1022 3694 ἐπέχειν
1035 3653 1063 3685 C
1075 3654 1107 3684 et
1119 3652 1331 3693 comprehen-

1400 3063 1476 3096 dere
1495 3076 1515 3101 ς
1532 3063 1545 3108 ΙΙ
1569 3065 1610 3098 37
1630 3060 1805 3108 ἁμαρτίας
1821 3076 1879 3114 om.
1893 3075 1913 3099 ς
1929 3063 1941 3102 ΙΙ
1964 3050 2007 3098 32'3
2024 3059 2084 3095 διὰ
2102 3063 2181 3096 τῶν
2194 3060 2390 3118 τοιούτων]
2414 3073 2473 3117 per

1399 3109 1459 3141 hos
1474 3121 1494 3146 ς
1511 3108 1525 3153 ΙΙ
1540 3110 1584 3143 39
1600 3111 1660 3142 καὶ
1673 3116 1701 3142 et
1717 3110 1760 3142 40
1773 3118 1854 3141 τους
1869 3121 1928 3142 om.
1946 3108 1976 3142 C
1989 3108 2002 3152 ΙΙ
2018 3110 2061 3142 40
2074 3117 2335 3153 συγκρυψουσιν
2347 3118 2474 3141 αυτους

1401 3153 1457 3196 Μ]
1480 3150 1626 3187 τούτους
1649 3150 1890 3199 συγκρύψουσι
1906 3154 1937 3186 L
1960 3152 2106 3186 τούτους
2129 3150 2361 3198 συγκρύψωσι
2378 3153 2432 3190 Ge

1446 3244 1466 3277 3
1490 3243 1553 3276 ista
1575 3243 1625 3276 1³¹
1651 3242 1664 3286 ΙΙ
1695 3245 1715 3277 5
1739 3242 1780 3275 ab
1806 3242 1927 3276 om.R¹
1957 3241 1970 3287 ΙΙ
1997 3244 2018 3276 6
2043 3244 2091 3283 ut]
2117 3244 2175 3275 aut
2195 3242 2246 3275 V¹
2277 3245 2316 3275 ut
2338 3243 2366 3275 si
2390 3243 2438 3277 R*
2461 3245 2474 3288 ΙΙ

1401 3291 1471 3331 per]
1489 3292 1622 3331 propter
1636 3289 1668 3321 R
1674 3287 1724 3321 T²
1738 3287 1751 3331 ΙΙ
1777 3290 1795 3322 7
1810 3288 1898 3320 iusta
1913 3300 1972 3321 om.
1991 3287 2039 3320 V¹
2058 3287 2071 3330 ΙΙ
2088 3287 2310 3320 inueniuntur
2322 3288 2356 3321 R
2367 3288 2443 3322 VT*

1402 3335 1421 3367 8
1446 3343 1558 3366 eorum
1583 3334 1616 3366 R
1631 3326 1722 3366 VT*
1749 3334 1761 3373 ΙΙ
1791 3333 1944 3366 docemus
1968 3333 2017 3365 Β*
2034 3333 2086 3366 V⁰
2115 3332 2127 3376 ΙΙ
2157 3334 2177 3366 9
2201 3333 2358 3375 scripturi
2378 3333 2425 3366 R¹

1406 3381 1445 3412 10
1470 3378 1623 3411 omnibus
1648 3378 1732 3411 ΒΤ*
1750 3377 1763 3422 ΙΙ
1790 3379 1830 3412 12
1855 3378 1917 3411 hoc
1938 3376 2003 3455 Rq
2027 3379 2067 3413 13
2089 3377 2290 3420 blasphemia
2314 3377 2438 3412 RVT’

1400 3426 1603 3456 sacramento
1623 3424 1676 3465 Vn
1706 3425 1744 3457 17
1759 3423 1846 3456 faeta
1867 3423 1915 3456 V¹
1940 3422 1952 3466 ΙΙ
1970 3422 1990 3455 b
2006 3424 2158 3456 asfemiae
2172 3423 2205 3456 R
2219 3422 2232 3467 ΙΙ
2251 3424 2293 3457 20
2306 3422 2471 3465 omnibus]

1400 3468 1552 3501 omnibus
1566 3468 1757 3501 hominibus
1774 3469 1897 3511 Tvulq.
1914 3467 1927 3512 ΙΙ
1944 3469 2169 3511 praecepimus
2190 3468 2253 3502 VT
2266 3469 2279 3512 ΙΙ
2296 3469 2334 3502 21
2354 3469 2474 3501 timore

1400 3514 1433 3546 1ss
1450 3514 1462 3556 ΙΙ
1481 3514 1522 3547 23
1541 3517 1573 3546 et
1587 3513 1808 3556 pestilentiae]
1834 3516 1867 3546 et
1883 3525 1939 3546 om.
1965 3514 2016 3546 V⁰
2031 3514 2043 3557 ΙΙ
2062 3514 2105 3547 30
2118 3513 2338 3546 subiicientur
2353 3513 2445 3547 Beck
2459 3510 2473 3557 Ι

1401 3560 1443 3592 32
1466 3560 1692 3602 praecepimus
1714 3559 1759 3599 V]
1792 3559 2012 3601 praecipimus
2025 3559 2187 3603 RTvulq.
2216 3558 2222 3600 Ι
2259 3559 2360 3599 enim]
2384 3558 2471 3590 enim

1400 3609 1433 3636 et
1453 3604 1540 3637 leT²
1572 3608 1604 3637 et
1624 3605 1672 3638 Τι
1689 3604 1702 3647 u
1720 3605 1761 3637 33
1786 3603 1927 3644 illicitis]
1951 3607 1984 3637 et
2007 3604 2135 3637 illicitis
2159 3604 2210 3637 R¹
2231 3605 2236 3647 Ι
2265 3606 2308 3638 34
2331 3607 2364 3636 et
2387 3604 2471 3646 pont]

1401 3653 1433 3683 et
1457 3650 1518 3683 del.
1533 3650 1583 3684 2⁷²
1600 3649 1612 3693 ΙΙ
1638 3651 1680 3684 38
1701 3648 1799 3682 talem
1818 3648 1852 3682 V
2143 3650 2146 3654 ’
2357 3670 2361 3674 -
