2592 3840
240 98 347 141 Nov.
378 98 454 141 CII
483 112 542 153 pr.
1302 93 1388 142 492
1843 109 1906 141 nn
1933 108 2233 141 uonm'ronn
2260 109 2454 142 menn

238 212 377 256 γένοιτο
402 208 522 252 πατὴρ
546 205 710 254 ἀρρένων
732 206 754 249 ἢ
778 206 940 250 θηλειῶν
963 210 1023 240 καὶ
1047 207 1179 242 ταύτας
1203 206 1315 253 ἁρμό·
1384 208 1526 252 nuptias
1557 211 1595 243 et
1615 207 1768 244 filiorum
1789 206 1936 243 effectus
1959 207 2068 243 fuerit
2090 209 2192 252 pater
2215 208 2452 244 masculorum

238 266 310 288 σειε
334 253 552 297 βουλευταῖς,
578 251 690 287 πάλιν
707 249 840 295 ὁμοίως
864 253 916 294 τῷ
938 251 1154 296 βουλευτικῷ
1174 252 1316 298 σώματι
1384 263 1447 287 seu
1471 252 1678 288 feminarum
1701 257 1738 289 et
1759 253 1825 287 has
1849 252 2077 288 coniunxerit
2099 252 2302 296 curialibus,
2326 263 2452 289 rursus

240 297 537 345 φυλαχθήσονται
568 298 615 330 τὰ
646 294 851 343 πράγματα.
899 298 930 330 εἰ
961 294 1001 330 δὲ
1022 295 1264 340 τελευτήσειεν
1294 295 1316 341 ἢ
1385 297 1544 333 similiter
1575 298 1694 333 curiae
1729 297 1871 342 corpori
1905 298 2141 333 servabuntur
2169 296 2271 342 (res).
2318 297 2452 342 Quodsi

240 348 301 378 ἐπὶ
325 343 504 388 δευτέρους
527 340 588 375 οὐκ
612 340 737 375 ἐλθὼν
759 341 892 388 γάμους
922 340 945 384 ἢ
968 340 1317 389 παιδοποιησάμενος
1384 345 1545 378 mortuus
1573 343 1684 378 fuerit
1715 342 1784 388 (et)
1818 345 1882 377 aut
1915 342 1961 377 ad
1996 342 2171 378 secundas
2205 342 2348 387 nuptias
2381 353 2452 379 non

240 391 450 436 θυγατέρας,
473 390 532 420 καὶ
556 385 690 421 ταύτας
712 384 775 429 οὐχ
797 385 964 432 ἁρμόσειε
989 386 1193 431 βουλευταῖς
1212 386 1235 431 ἢ
1258 391 1314 422 οὐ·
1350 391 1369 422 5
1383 388 1519 423 venerit
1550 391 1613 423 aut
1640 387 1732 424 filias
1765 397 1958 433 procreans
1988 397 2049 423 eas
2079 397 2152 423 non
2181 386 2368 423 sociaverit
2390 397 2451 423 cu-

240 447 299 468 σιν
333 432 356 476 ἢ
389 434 653 478 γενησομένοις,
688 433 885 475 τηνικαῦτα
919 431 958 472 ἐξ
992 429 1109 478 ὀρθοῦ
1144 430 1166 476 ἡ
1204 432 1315 477 βουλὴ
1383 432 1531 468 rialibus
1554 433 1610 468 vel
1629 433 1689 478 qui
1709 436 1792 468 sunt
1815 433 1869 468 vel
1889 432 1951 478 qui
1971 431 2080 475 fiunt,
2103 435 2190 467 tunc
2207 434 2306 468 recto
2331 431 2453 468 ordine

239 480 354 513 ταῦτα
382 478 428 511 τὰ
459 474 657 523 πράγματα
688 475 849 522 λήψεται.
897 473 980 511 οὐδὲ
1009 477 1079 523 γὰρ
1108 477 1319 521 ξενωθῆναί
1385 478 1486 513 curia
1515 478 1580 514 has
1610 488 1669 514 res
1700 478 1863 523 accipiet.
1910 477 2035 523 Neque
2058 477 2150 512 enim
2172 486 2339 522 umquam
2360 477 2453 512 lianc

240 537 327 558 ποτε
358 523 463 556 τοῦτο
494 521 536 555 τὸ
562 525 664 567 μέρος
695 523 772 555 τῶν
796 521 1037 565 βουλευτικῶν
1067 519 1248 568 εὖποριῶν
1277 536 1316 557 τε
1384 526 1522 568 partem
1552 522 1736 558 curialium
1768 533 1810 559 co
1835 523 1950 558 iarum
1985 525 2022 558 et
2050 522 2272 558 functionum
2306 521 2453 558 alienari

240 571 299 601 καὶ
314 564 628 613 λειτουργημάτων
644 568 904 612 συγχωροῦμεν,
924 565 993 601 κᾶν
1009 568 1056 602 εἰς
1072 567 1203 603 πολλὰς
1217 581 1315 613 περι-
1386 568 1626 610 concedimus,
1657 568 1712 604 vel
1735 569 1766 604 si
1786 578 1810 603 a
1855 568 2026 613 plurimas
2048 567 2233 603 redactum
2263 566 2373 603 fuerit
2393 576 2453 612 ge-

240 617 344 654 σταίη
368 613 410 646 τὸ
436 615 534 657 γένος
558 609 743 654 διαδοχάς·
780 608 868 646 ὥςτε
897 609 956 646 διὰ
979 613 1130 647 πάντων
1157 613 1221 656 τῆς
1244 626 1316 647 τοι·
1331 616 1371 648 10
1385 623 1452 649 nus
1486 613 1747 657 successiones,
1791 618 1966 658 quatenus
2000 622 2066 658 per
2101 622 2222 648 omnes
2255 612 2324 648 hac
2360 611 2454 647 linea

240 655 347 700 αύτης
370 658 485 702 σειρᾶς
508 655 697 698 κατιούσης
720 653 778 690 ἀεὶ
800 659 844 703 τῇ
862 656 972 703 βουλῇ
997 657 1067 692 εἴτε
1084 655 1134 692 δι’
1153 655 1176 691 ἀ
1202 661 1317 703 ρένων
1385 658 1621 694 descendente
1650 668 1789 703 semper
1819 658 1941 694 curiae
1970 657 2045 694 sive
2074 667 2140 703 per
2160 657 2338 693 masculos
2361 655 2453 692 filios

240 701 385 737 παίδων
419 700 623 745 βουλευτῶν
663 702 733 736 εἴτε
768 700 829 736 διὰ
864 703 1040 748 γαμβρῶν
1075 701 1172 738 ἐπιδι
1196 704 1317 737 όντων
1386 703 1571 739 curialium
1599 702 1673 739 sive
1697 713 1765 756 per
1792 713 1940 748 generos
1970 703 2096 739 dantes
2126 713 2164 738 so
2188 701 2296 738 curiis
2328 711 2454 738 novom
2479 724 2482 726 -

240 747 385 781 ἑαυτοὺς
416 750 492 781 ταῖς
514 746 658 790 βουλαῖς
688 747 731 781 τὸ
757 748 990 794 ἐνναούγκιον
1013 748 1211 790 σώζεσθαι.
1252 745 1318 782 Ὃν
1385 749 1511 784 unciae
1535 748 1654 784 salvae
1677 751 1757 783 smt.
1806 748 1917 793 Quam
1939 748 2052 792 legem
2079 748 2196 783 valere
2222 747 2384 783 volumus
2416 746 2452 782 in

240 791 284 835 δὴ
300 789 416 836 νόμον
432 795 575 837 κρατεῖν
590 790 802 836 βουλόμεθα
825 792 872 826 εἴς
891 805 930 827 τε
944 792 1013 827 τὸν
1029 793 1153 839 ἐφεξῆς
1170 789 1317 827 ἅπαντα
1386 794 1481 829 omni
1515 793 1682 838 deinceps
1714 795 1873 838 tempore
1906 796 1943 828 et
1976 793 2015 828 in
2048 792 2165 829 causis
2197 792 2316 827 adhuc
2347 791 2453 828 etiam

240 838 370 882 χρόνον
403 839 462 870 καὶ
485 839 547 871 ἐπὶ
570 838 647 871 τῶν
671 838 726 871 ἔτι
756 840 816 871 καὶ
847 838 914 871 νῦν
937 835 1148 883 ἠρτημένων
1179 841 1238 872 καὶ
1269 838 1316 882 μὴ
1332 841 1372 872 15
1386 850 1480 875 nunc
1505 838 1740 882 pendentibus
1769 841 1807 873 et
1829 847 1920 890 quae
1941 838 2077 883 potitae
2099 848 2172 873 non
2195 841 2279 872 sunt
2299 835 2454 873 iudiciali

239 883 427 962 ἷυχόντων
459 879 664 925 δικαστικῆς
692 886 840 927 κρίσεως
874 880 897 926 ἢ
925 882 1043 928 φιλίας
1073 884 1172 918 τινὸς
1203 881 1317 918 ἀπαλ-
1386 884 1563 919 sententia
1585 887 1648 918 aut
1670 882 1812 918 amicali
1834 885 2034 918 mterventu
2057 882 2352 924 [absolutionemL

263 941 284 960 α
332 939 355 960 ς.

285 941 594 1019 γῗΈπίλογος.)
653 972 702 1006 Τὰ
725 977 849 1007 τοίνυν
872 971 1112 1018 παραστάντα
1143 972 1229 1018 ἡμῖν
1258 976 1317 1007 καὶ
1448 972 1731 1019 (Epilogus.)
1782 972 1881 1017 Quae
1914 972 2021 1016 igitur
2054 971 2131 1007 visa
2160 970 2267 1007 nobis
2301 973 2386 1006 sunt
2417 973 2456 1005 et

241 1016 301 1051 διὰ
328 1015 435 1051 τοῦδε
464 1018 527 1051 τοῦ
553 1017 656 1052 θείου
680 1015 879 1062 δηλούμενα
909 1017 1022 1062 νόμου
1045 1016 1068 1062 ἡ
1093 1019 1137 1062 σὴ
1162 1017 1316 1063 ὑπεροχὴ
1385 1019 1454 1054 hac
1487 1028 1590 1054 sacra
1623 1019 1700 1062 lege
1729 1017 1928 1061 declarata,
1958 1019 2023 1052 tua
2044 1015 2254 1052 excellentia
2277 1013 2455 1051 custodire

241 1060 397 1108 φυλάξαι
431 1062 643 1105 σπευσάτω,
678 1061 837 1108 μάλιστα
866 1062 1022 1098 πάντων
1056 1065 1118 1106 τῆς
1148 1060 1178 1098 ὠ
1208 1063 1318 1098 azam
1331 1067 1373 1099 20
1385 1063 1540 1107 festinet,
1574 1063 1726 1098 maxime
1756 1063 1911 1098 omnium
1942 1061 2105 1097 utilitatis
2138 1060 2303 1106 publicae
2336 1058 2454 1105 provi·

241 1109 305 1141 τοῦ
332 1107 502 1151 δημοσίου
533 1109 656 1143 πᾶσαν
689 1108 866 1153 πρόνοιαν
893 1108 1078 1152 τιθεμένη.
1205 1111 1254 1151 at.
1279 1109 1314 1143 k.
1386 1109 1541 1144 dentiam
1563 1118 1700 1144 omnem
1723 1107 1869 1143 faciens.
1954 1107 2036 1143 Dat.
2052 1106 2124 1141 kal.
2146 1107 2238 1151 Aug.
2257 1104 2381 1151 (imp.)¹
2393 1104 2452 1140 dn.

240 1152 435 1243 ἓζίςὸαὲξ..
453 1153 654 1234 gmpozsdn.
682 1153 870 1188 Iustiniani
896 1164 956 1198 pp.
980 1154 1072 1198 Aug.
1097 1164 1192 1190 anno
1216 1154 1324 1242 XII&
1339 1153 1573 1242 53gixstiniani
1595 1165 1656 1199 pp.
1681 1154 1771 1198 Aug.
1795 1152 1925 1199 (anno)
1943 1151 2025 1187 XII.
2049 1151 2234 1194 [Belisario
2258 1161 2289 1186 v.
2313 1152 2357 1192 c.]

750 1380 804 1424 P—li
1881 1388 1945 1424 011
2179 1385 2289 1423 Auth.
2303 1383 2454 1421 XXXII.

325 1456 503 1510 ΠΕΡΙ
532 1455 1233 1576 ΤοέΡἨρΞΞΑΤῼΡΟΣ
1329 1458 1431 1507 253
1460 1459 1552 1508 DE
1587 1416 2053 1509 MODERATcRE
2086 1454 2383 1507 ARABIAE
2405 1452 2461 1504 a

239 1602 278 1638 ‘0
293 1601 403 1638 αὐτὸς
424 1602 592 1648 βασιλεὺς
609 1599 758 1649 Ἰωάννῃ
780 1601 926 1648 ἐπάρχῳ
951 1605 1188 1648 πραιτωρίων
1211 1602 1253 1637 τὸ
1270 1601 1318 1647 β’,
1571 1604 1659 1650 Imp.
1684 1603 1903 1639 lastinianus
1925 1604 2017 1648 Aug.
2041 1602 2194 1638 Iohanni
2215 1611 2276 1647 pp.

518 1645 528 1658 >
569 1647 577 1657 x
618 1645 627 1656 t·
671 1647 679 1657 ι

296 1710 623 1762 <Προοίμιον.>’
648 1714 788 1749 Πολλὰς
811 1717 878 1759 μὲν
901 1718 960 1748 καὶ
981 1715 1100 1760 ἑτέρας
1124 1712 1230 1760 ἀρχὰς
1253 1717 1315 1750 έπ-
1450 1715 1736 1761 (Praefatio.)
1781 1715 1917 1751 Multas
1948 1714 2089 1760 quidem
2120 1717 2157 1750 et
2186 1714 2277 1751 alias
2308 1713 2457 1751 admini-

241 1763 378 1806 αρχιῶν
394 1759 462 1804 ἤδη
478 1760 569 1807 πρὸς
591 1761 634 1795 τὸ
651 1763 815 1805 κρεῖττον
837 1759 1105 1804 μετεστήσαμεν
1126 1759 1319 1804 χθαμαλάς
1332 1763 1373 1796 30
1387 1761 1577 1796 strationes
1596 1761 1857 1806 provinciarum
1878 1760 1948 1796 iam
1966 1759 2012 1795 ad
2029 1759 2154 1796 melius
2174 1758 2458 1805 transposuimus

239 1819 280 1840 τε
303 1810 362 1840 καὶ
386 1803 535 1840 εὐτελεῖς
559 1805 770 1852 ἔμπροσθεν
800 1804 906 1839 οὔσας
933 1809 993 1838 καὶ
1017 1804 1107 1851 πρὸς
1129 1802 1235 1839 οὐδὲν
1259 1802 1319 1852 ἀρ·
1388 1806 1537 1841 humiles
1561 1809 1668 1850 atque
1691 1806 1776 1841 viles
1798 1805 1962 1851 primitus
1986 1805 2177 1841 existentes
2200 1808 2237 1841 et
2257 1804 2306 1841 ad
2323 1802 2458 1840 nullam

240 1849 370 1885 κούσας
392 1853 469 1886 τῶν
486 1849 661 1894 δεόντων,
685 1849 809 1894 ἐπειδὴ
831 1848 871 1884 δὲ
885 1848 982 1894 ἡμεῖς
1006 1846 1114 1884 αὐτὰς
1136 1851 1184 1885 εἰς
1204 1852 1316 1895 μείζω
1385 1851 1603 1886 sufficientes
1625 1850 1829 1893 utilitatem,
1861 1850 1945 1896 quia
1974 1860 2057 1886 vero
2087 1860 2153 1886 nos
2184 1860 2246 1886 eas
2275 1849 2323 1886 ad
2344 1849 2456 1885 maio-

288 1943 373 1977 Nov.
393 1943 462 1977 011
472 1943 529 1985 (=
539 1943 692 1975 Anthent.
702 1935 882 1983 XXXII)
906 1941 1031 1975 Graece
1047 1949 1135 1975 extat
1150 1944 1182 1975 in
1199 1943 1283 1983 ML,
1308 1954 1335 1975 c.
1357 1944 1371 1975 1
1391 1942 1466 1983 (Τῷ
1483 1939 1640 1988 παρόντι
1654 1940 1757 1985 νόμῳ
1775 1939 1953 1987 χρώμενοι
1965 1965 2065 1974 ......
2066 1941 2080 1982 )
2094 1941 2159 1975 -3
2184 1941 2218 1975 in
2241 1941 2278 1974 B
2297 1941 2330 1981 6,
2345 1947 2389 1975 15.
2411 1959 2458 1966 —

241 1989 334 2032 Epa.
360 1989 480 2038 Theod.
509 1988 588 2029 102,
616 1987 738 2020 Athan.
759 1988 791 2028 4,
808 1994 853 2020 19.
899 1986 1022 2020 Iulian.
1048 1995 1145 2021 const.
1170 1987 1283 2021 XCV.
1785 2022 1788 2024 ,

240 2099 287 2134 sit
307 2099 434 2144 factus
455 2097 697 2133 masculorum
721 2097 776 2132 vel
796 2096 1015 2142 feminarum
1039 2096 1176 2141 hasque
1200 2096 1397 2132 curialibus
1419 2097 1592 2138 iunxerit,
1615 2107 1742 2132 rursus
1760 2095 1923 2131 simililer
1943 2095 2076 2131 cunali
2091 2096 2240 2142 corpori
2261 2106 2322 2132 res
2340 2097 2459 2132 custo-

240 2144 394 2179 dientur.
443 2142 509 2177 Sin
533 2147 652 2177 autem
681 2141 876 2188 defunctus
904 2141 952 2176 sit
982 2145 1047 2176 aut
1073 2141 1240 2176 secundis
1262 2142 1400 2188 nuptiis
1431 2153 1505 2177 non
1535 2143 1733 2177 contractis
1761 2147 1827 2177 aut
1849 2141 2059 2188 procreatis
2084 2140 2232 2185 filiabus
2262 2151 2356 2187 quas
2383 2150 2459 2176 non

240 2189 404 2224 iunxerit
426 2188 624 2223 curialibus
647 2188 712 2234 qui
731 2186 787 2222 vel
807 2186 880 2221 sint
903 2186 959 2222 vel
979 2186 1101 2232 futuri
1123 2186 1206 2228 sint,
1232 2190 1316 2222 tunc
1340 2188 1441 2222 curia
1459 2187 1632 2233 protinus
1655 2198 1716 2222 eas
1738 2197 1798 2222 res
1819 2186 1982 2232 accipiet.
2029 2185 2155 2232 Neque
2173 2186 2268 2222 enim
2289 2195 2459 2232 umquam

241 2233 398 2269 alienari
426 2232 521 2268 hanc
542 2235 691 2279 partem
720 2231 912 2268 curialium
943 2232 1131 2278 copiarum
1162 2236 1199 2267 et
1227 2242 1413 2268 munerum
1438 2233 1614 2278 patimur,
1646 2232 1808 2278 quamvis
1838 2231 1887 2267 ad
1914 2230 2046 2274 multas
2074 2232 2317 2267 successiones
2344 2240 2460 2277 qenus

241 2279 450 2324 rediqatur:
485 2282 527 2313 ut
545 2289 616 2325 per
641 2288 763 2313 omnes
785 2277 855 2312 ista
879 2276 975 2311 linea
998 2276 1233 2313 descendente
1255 2288 1396 2324 semper
1419 2277 1543 2313 curiae
1564 2278 1638 2313 sive
1654 2288 1727 2324 per
1750 2276 1882 2312 liberos
1904 2276 2084 2312 masculos
2106 2275 2263 2312 curiales
2291 2275 2366 2312 sive
2418 2286 2459 2312 er

240 2335 393 2370 qeneros
416 2324 479 2370 qui
501 2334 540 2359 se
564 2323 724 2369 offerant
746 2333 871 2358 novem
894 2322 1023 2357 unciae
1045 2326 1243 2358 serventur.
1290 2322 1405 2365 Quam
1428 2322 1572 2368 quidem
1596 2322 1707 2369 leqem
1738 2326 1774 2358 et
1796 2323 1836 2357 in
1859 2332 1963 2357 omne
1985 2321 2152 2368 deinceps
2180 2324 2319 2369 tempus
2439 2331 2460 2357 e

241 2369 405 2420 nolumus
435 2373 470 2405 et
500 2368 538 2403 in
562 2368 606 2403 iis
637 2379 731 2414 quae
761 2368 956 2404 etiamnum
979 2366 1144 2413 pendent
1175 2367 1375 2413 nequedum
1404 2367 1607 2403 iudicialem
1637 2367 1850 2403 sententiam
1879 2365 1938 2403 vel
1965 2366 2151 2402 amicalem
2181 2367 2459 2403 transactionem

241 2419 490 2461 impetrarunt.

378 2458 468 2505 Epi
474 2459 488 2493 l
495 2470 516 2493 ο
557 2470 619 2494 us.
665 2458 766 2501 Quae
795 2457 908 2503 iqitur
938 2457 1045 2504 nobis·
1066 2457 1289 2503 placuerunt
1318 2462 1353 2493 et
1376 2469 1448 2504 per
1471 2457 1566 2493 hanc
1595 2467 1737 2494 sacram
1761 2455 1873 2503 leqem
1903 2455 2137 2493 declarantur
2167 2459 2232 2492 tua
2259 2454 2460 2492 sublimitas

243 2504 424 2540 custodire
445 2509 503 2539 stu
549 2508 600 2546 at,
624 2503 782 2538 omnium
804 2502 962 2538 maxime
983 2502 1134 2538 utilitati
1153 2502 1323 2549 publicae
1347 2513 1484 2538 omnem
1508 2514 1632 2538 curam
1654 2501 1836 2539 adhibens.

855 2736 958 2788 DE
987 2737 1051 2788 M
1055 2668 1478 2789 ODERAqqgizE
1508 2735 1845 2789 ARABJAE.

556 2814 657 2852 Idem
680 2816 866 2861 Λαμπείας
889 2814 1050 2852 Iohanni
1063 2818 1260 2863 praefecto
1282 2817 1471 2864 praetorio
1495 2817 1645 2858 iterum,
1678 2826 1727 2852 ex
1749 2816 1897 2852 consule
1919 2819 1954 2852 et
1974 2816 2145 2863 patricio.

335 2930 342 2936 ι
379 2883 636 2934 Praefatio.
686 2882 823 2918 Multos
847 2883 988 2929 quidem
1012 2884 1107 2919 alios
1129 2884 1365 2930 maqistratus
1387 2884 1661 2936 provinciarum
1692 2885 1764 2919 iam
1793 2885 1831 2918 in
1854 2883 1979 2919 melius
2009 2882 2240 2925 mutavimus,
2272 2882 2335 2928 qui
2354 2883 2461 2935 prius

245 2929 395 2965 hunules
418 2933 527 2974 atque
550 2927 636 2963 mles
658 2932 763 2962 erant
787 2939 902 2974 neque
925 2928 975 2963 ad
996 2929 1107 2963 ullam
1129 2939 1204 2964 rem
1220 2938 1460 2964 necessariam
1481 2928 1724 2975 suffimebant,
1747 2928 1813 2963 sed
1834 2933 2028 2975 postquam
2050 2938 2119 2964 nos
2137 2938 2200 2963 eos
2222 2927 2272 2963 ad
2289 2938 2460 2964 maiorem
2512 2952 2516 2954 -

304 3046 319 3078 1
345 3041 459 3075 ταῦτα
485 3041 515 3073 L
539 3039 550 3084 ΙΙ
578 3041 619 3073 13
644 3037 773 3071 ἑαυτὸν
797 3040 828 3072 L
844 3039 856 3083 ΙΙ
885 3041 926 3074 14
949 3042 1093 3084 κρατεῖν
1115 3042 1175 3072 καὶ
1199 3041 1262 3074 ἐπί
1282 3053 1323 3074 τε
1354 3046 1357 3105 Ι
1392 3044 1429 3076 10
1462 3043 1640 3082 quaternos
1672 3041 1707 3074 V
1729 3040 1741 3085 ss
1777 3043 1813 3074 11
1849 3040 2063 3074 descendente
2089 3040 2134 3081 T]
2176 3039 2406 3074 descendentes
2432 3041 2467 3076 V
2508 3047 2510 3051 '

244 3087 313 3123 τὸν
333 3086 457 3132 ἑφεξῆς
477 3081 626 3118 ἅπαντα
641 3082 774 3127 χρόνον
794 3082 1005 3127 βουλόμεθα
1026 3087 1170 3128 κρατεῖν
1184 3087 1256 3127 (sic)
1270 3086 1299 3118 L
1312 3086 1323 3129 ll
1388 3087 1472 3130 vuly.
1492 3085 1504 3129 ΙΙ
1519 3095 1578 3128 per
1602 3085 1774 3126 masculos]
1798 3095 1856 3127 per
1880 3098 1939 3118 om.
1954 3085 2006 3118 T*
2023 3083 2037 3129 ΙΙ
2055 3086 2095 3119 12
2118 3087 2268 3127 generos]
2291 3087 2367 3128 gr‘as
2382 3087 2417 3130 (i.
2432 3097 2459 3120 e.

248 3137 288 3168 16
312 3130 449 3178 φιλείοις
462 3132 492 3164 L
510 3130 523 3174 ΙΙ
546 3128 645 3163 τινὸς
669 3142 727 3162 om.
741 3142 760 3165 ς
777 3129 789 3172 ΙΙ
815 3132 853 3163 21
869 3132 989 3162 subscr.
1007 3143 1064 3162 om.
1078 3130 1141 3163 Iul.
1160 3129 1172 3172 ΙΙ
1189 3130 1221 3162 k.
1235 3132 1321 3172 Aug.
1354 3107 1357 3173 1
1387 3129 1546 3173 gratias?)
1568 3131 1602 3163 V
1623 3129 1636 3174 ΙΙ
1661 3131 1753 3163 curie
1779 3130 1811 3163 T
1828 3129 1843 3181 ΙΙ
1873 3132 1913 3164 15
1937 3129 2132 3172 pedentibus
2154 3129 2189 3163 V
2209 3130 2221 3174 ΙΙ
2246 3131 2373 3173 positae
2399 3130 2461 3177 ΤΙΙ
2507 3142 2510 3145 ’

245 3183 286 3221 (a.
312 3179 370 3217 M)
395 3177 461 3212 Μς
480 3176 568 3216 Am„
600 3175 686 3218 μηνὶ
716 3171 904 3219 αὐγούστω
933 3175 1050 3207 ΤΙιεοᾱ.
1082 3175 1094 3217 ΙΙ
1121 3175 1164 3208 22
1189 3175 1255 3207 ΟΡ.
1280 3194 1323 3200 -
1354 3180 1357 3223 Ι
1391 3177 1430 3210 16
1455 3174 1587 3207 amicali
1610 3175 1655 3216 V]
1679 3174 1846 3208 amicabili
1872 3175 1904 3208 Τ
1913 3173 2028 3218 υα19.ΙΙ
2053 3174 2295 3209 absolutionem
2316 3177 2350 3211 V
2365 3175 2458 3210 obeo·

245 3235 333 3257 anno
356 3222 472 3262 XIII.]
509 3231 559 3264 cp.
585 3219 638 3253 dn.
669 3221 746 3252 inst.
777 3230 831 3262 pp.
862 3229 938 3260 aug.
964 3220 1008 3251 M
1038 3217 1220 3262 βασιλείας
1241 3215 1322 3253 Ἰου-
1388 3220 1548 3253 lationem
1576 3220 1612 3252 T.
1638 3221 1766 3254 See-lusi
1780 3219 1793 3263 ΙΙ
1823 3220 1863 3254 18
1887 3219 1976 3252 iussa
2001 3220 2034 3253 T
2047 3219 2053 3263 Ι
2082 3219 2178 3253 nobis
2199 3221 2299 3265 vu19.]
2322 3231 2342 3255 a
2364 3220 2461 3256 nobi!
2518 3237 2522 3260 ς

246 3267 434 3303 στινιανοῦ
455 3265 496 3300 τὸ
516 3263 568 3312 ιγ’
583 3266 658 3298 ΔιΙι.
690 3265 763 3298 ἔτει
788 3260 841 3307 ιβ’
858 3261 1042 3307 βασιλείας
1059 3265 1248 3316 Theod.‘(cf.
1265 3267 1295 3306 ς)
1311 3265 1323 3307 Η
1389 3266 1466 3298 libri
1478 3264 1491 3308 ΙΙ
1511 3265 1552 3298 19
1577 3264 1662 3298 hanc
1683 3264 1738 3309 Vl!
1757 3266 1798 3299 20
1822 3265 2025 3307 pronintiam
2128 3264 2141 3309 ΙΙ
2165 3266 2204 3299 21
2223 3268 2343 3300 subscr.
2363 3276 2459 3310 prae·
2523 3278 2527 3281 “

247 3317 289 3349 23
302 3314 412 3357 apion.
430 3322 481 3345 uc.
499 3321 603 3344 conss.
619 3311 669 3351 M,
691 3306 863 3343 ὑπατείας
878 3305 1051 3343 Ἀπίωνος
1064 3310 1141 3342 Aeli.
1167 3312 1322 3351 υπατείᾳ
1389 3317 1454 3343 stat
1477 3322 1558 3343 unus
1581 3310 1624 3342 V:
1657 3309 1723 3342 dat.
1747 3309 1792 3342 kl.
1817 3319 1891 3351 ang.
1917 3310 2003 3342 dono
2026 3309 2117 3344 iusti.
2138 3320 2193 3354 pp.
2219 3321 2294 3353 aug.
2313 3310 2386 3344 ΧΠ
2408 3310 2459 3345 bi-

243 3356 406 3393 Ἀπίονος
427 3358 547 3391 ΤΙιεοᾰ.
572 3355 738 3388 Belisario
761 3365 809 3387 vc.
834 3365 921 3387 cons.
947 3354 996 3398 6ss
1023 3355 1064 3387 25
1089 3351 1323 3398 μοδεράτορος
1390 3354 1514 3387 lisiario
1535 3364 1586 3387 uc.
1612 3355 1778 3389 Belisarii
1794 3355 1975 3389 consulatus
1993 3356 2099 3389 videri
2111 3363 2219 3399 potest
2238 3358 2461 3400 irrepsiuooe

246 3407 340 3445 (idem
358 3405 447 3447 infra
464 3403 658 3442 constanter)
672 3399 856 3440 M‚'Tlaeod.
872 3401 947 3432 Ath.
967 3398 979 3443 ΙΙ
1002 3400 1046 3434 26
1064 3394 1236 3442 ἆρραβίας
1253 3400 1294 3432 Μ
1311 3400 1323 3443 ΙΙ
1389 3401 1620 3442 subscriptione
1643 3401 1787 3434 novellae
1815 3400 1896 3442 CII,
1928 3412 2121 3443 quamquam
2152 3402 2185 3435 in
2206 3401 2399 3436 Anthenu'co
2418 3411 2459 3436 ea

248 3452 290 3484 28
303 3450 507 3503 πατρικίων
522 3447 568 3480 L:
588 3448 687 3489 29sq.
701 3446 805 3479 verbis
818 3441 1010 3478 Πολλὰς-
1024 3441 1187 3477 δεόντων
1200 3445 1323 3478 omissis
1390 3445 1517 3478 novella
1545 3446 1610 3479 alio
1643 3446 1710 3479 loco
1733 3452 1820 3479 extat
1842 3446 1884 3485 (n.
1908 3445 2074 3488 XXXII)
2106 3453 2136 3480 et
2163 3447 2350 3490 plerumque
2378 3446 2460 3480 ium

247 3497 370 3529 initium
399 3489 538 3534 Επειδὴ
564 3489 603 3525 δὲ
626 3487 718 3535 ἡμᾶς
740 3492 774 3533 (Ι.
796 3486 903 3533 ἡμεῖς)
927 3491 1004 3523 citat
1030 3490 1150 3523 Theod.
1389 3497 1637 3534 extravagantes
1662 3492 1776 3535 leyitur
1801 3489 1814 3534 ΙΙ
1845 3491 1887 3524 24
1912 3492 2055 3524 novellas
2081 3491 2152 3525 CII
2179 3491 2282 3534 CIII,
2313 3502 2396 3534 qnae
2420 3490 2457 3525 ‚f-
2528 3496 2533 3501 '

1058 3554 1094 3557 υ
1388 3535 1578 3568 Anthentico
1602 3543 1676 3570 sunt
1699 3549 1728 3569 n.
1754 3535 1907 3570 XXXII
1926 3536 2106 3578 XXXIII,
2135 3547 2196 3570 suo
2221 3537 2288 3570 loco
2313 3537 2408 3570 hab«
2429 3533 2464 3569 V

307 3587 320 3617 1
350 3585 485 3616 affectus
513 3581 566 3625 ΤΙΙ
586 3583 604 3615 3
629 3591 680 3614 res
705 3581 780 3613 add.
796 3580 890 3614 Beck
913 3579 962 3623 114
986 3582 1019 3611 et
1042 3580 1160 3612 addidi
1174 3578 1187 3622 ΙΙ
1205 3581 1224 3612 5
1244 3589 1321 3621 pro-
1380 3581 1413 3623 s.
1429 3580 1498 3621 98¹,
1530 3582 1612 3614 inter
1635 3588 1883 3625 extravaqantes
1909 3581 1941 3613 T
1951 3583 1984 3622 s.
2009 3582 2144 3624 195'sq.
2169 3583 2210 3614 ab
2234 3581 2339 3615 altera
2362 3590 2457 3614 mm

249 3640 338 3662 creas
354 3628 412 3671 Vn
429 3629 449 3661 6
462 3627 575 3669 qui—
590 3626 648 3668 qni
661 3626 758 3669 vulq.]
784 3635 867 3667 quae
881 3635 1019 3667 —quae
1038 3624 1100 3658 VT
1111 3623 1123 3668 ΙΙ
1150 3626 1168 3657 7
1182 3625 1323 3667 accipiat
1388 3626 1543 3668 scriptas,
1568 3639 1625 3659 om.
1640 3626 1673 3659 R
1699 3626 1712 3670 ss
1742 3628 1785 3661 24
1797 3638 1844 3669 sq.
1866 3624 1904 3670 R<
1927 3626 2063 3658 111·11·
2088 3626 2160 3668 (sic)
2183 3626 2232 3659 De
2255 3625 2456 3660 moderator·

257 3674 313 3717 Vu
331 3676 350 3707 8
375 3676 407 3705 et
431 3686 489 3706 om.
511 3672 566 3715 Vl}
590 3674 669 3714 9sq.
696 3670 881 3714 *plurimos
906 3687 947 3694 -—
971 3669 1188 3703 successionis
1214 3670 1291 3703 libri
1310 3670 1323 3713 ll
1388 3669 1498 3703 arabie
1520 3670 1553 3703 V
