2592 3840
217 96 258 140 Ν
260 109 324 138 ov.
344 95 480 139 LXIV
499 110 561 151 pr.
588 99 606 139 1
1281 94 1369 142 336

2056 114 2116 144 DE
2145 114 2429 148 HORTULAMS

341 330 517 383 ΠΕΡΙ
548 329 695 382 ΤΩΝ
723 265 1161 384 {iunonem
1423 336 1515 384 DE
1550 265 1988 387 Honrunissis
2031 269 2384 388 0011511115
2383 270 2426 307 v.

1621 402 2163 455 TINOPOLITANIS.

215 473 251 509 Ὁ
275 473 380 510 αὐτὸς
410 474 574 517 βασιλεὺς
599 477 770 522 Λογγίνῳ
801 477 856 509 τῶ
888 473 1112 521 ἐνδοξοτάτῳ
1141 475 1286 525 ἐπάρχῳ
1400 478 1497 515 Idem
1520 479 1611 525 Aug.
1636 480 1796 526 Longino
1821 481 2004 526 praefecto
2028 482 2128 519 urbis
2151 482 2271 526 regiae
2289 481 2383 518 Con-

305 521 367 563 τῆς
389 518 595 564 εὐδαίμονος
618 523 677 554 καὶ
700 508 885 564 βασιλίδος
913 520 1044 565 ταύτης
1066 519 1212 559 πόλεως.
1324 527 1343 558 5

1765 527 2026 573 stantinopolis.

1400 591 1446 637 <P
1454 602 1472 626 r
1480 601 1502 626 a
1510 601 1529 626 e
1537 591 1554 626 f
1562 601 1584 626 a
1592 591 1686 636 tio.)
1730 592 1868 630 Multae
1891 594 2047 640 undique
2071 595 2234 641 querelae
2257 595 2362 630 nobis
2385 604 2429 630 ex

259 587 564 643 (Προοίμιον.)
610 586 748 622 Πολλαὶ
771 587 1009 630 πανταχόθεν
1032 586 1117 633 ἡμῖν
1138 593 1288 646 μέμψεις
2341 641 2347 647 Π

1357 639 1518 682 tempore
1547 637 1701 682 plurimo
1732 642 1857 674 contra
1881 639 2106 676 felicissimae
2133 640 2240 676 huius
2270 639 2369 675 urbis
2391 643 2430 675 et

216 636 253 667 ἐκ
283 647 413 681 χρονου
445 630 576 669 πολλοῦ
607 631 698 667 κατὰ
728 634 807 667 τῶν
838 634 900 677 τῆς
922 631 1130 678 εὐδαίμονος
1158 647 1288 678 ταυτης

216 678 352 715 πόλεως
385 682 445 712 καὶ
474 678 552 713 τῶν
583 677 688 722 αὐτῆς
711 682 941 725 προαστείων
971 680 1163 727 κηπουρῶν
1186 692 1288 727 προς·
1358 682 1433 717 eius
1465 681 1987 729 8000168001111111101111181108
2018 686 2225 722 deferuntur
2259 685 2427 721 laboran-

215 727 401 772 φέρονται,
434 721 736 766 δυςχεραινόντων
759 720 936 758 ἁπάντων
961 723 1049 771 πρὸς
1074 724 1142 769 τὴν
1165 722 1288 760 αὐτῶν
1357 727 1447 762 tium
1470 727 1626 763 omnium
1648 727 1819 765 adversus
1843 739 1967 766 eorum
1993 731 2176 767 malitiam,
2223 730 2323 775 Quae
2346 738 2428 766 vero

214 774 438 817 κακουργίαν.
479 767 522 802 τὰ
540 767 580 802 δὲ
595 767 928 816 προςαγγελλόμενα
943 769 1092 805 τοιαῦτά
1106 782 1184 806 πως
1200 772 1287 805 ἐστί.
1303 775 1343 807 10
1357 771 1565 808 deferuntur
1588 773 1791 809 huiusmodi
1814 777 1909 811 sunt.

1218 884 1373 921 CAPUT
1394 885 1421 919 Ι.

259 952 376 983 Φασὶν
400 951 439 983 ἐκ
464 950 527 983 τοῦ
552 948 776 1003 συστήματος
805 951 884 985 τῶν
908 953 1100 998 κηπουρῶν
1125 954 1185 986 καὶ
1207 950 1288 986 τοὺς
1401 952 1514 988 Aiunt
1548 963 1594 988 ex
1628 962 1776 998 corpore
1811 952 2081 989 hortulanorum
2115 957 2152 989 et
2182 954 2429 991 aestimatores

212 993 422 1038 διατιμητὰς
459 991 506 1029 ὡς
536 996 597 1029 ἐπὶ
632 1008 675 1028 το
706 992 876 1030 πλεῖστον
908 995 1019 1038 εἶναι,
1054 999 1114 1031 καὶ
1139 998 1288 1044 πρᾶγμα
1356 998 1541 1034 hortorum
1564 998 1704 1043 plerum
1727 1008 1772 1034 ue
1796 1008 1875 1034 esse
1898 1001 1935 1034 et
1956 1008 2101 1034 causam
2124 999 2204 1035 fieri
2226 1000 2428 1045 pessimam.

213 1041 402 1075 ποιεῖσθαι
434 1038 564 1074 δεινόν.
613 1037 718 1083 ἡνίκα
749 1042 816 1083 μὲν
846 1039 914 1088 γὰρ
944 1039 964 1075 ὁ
994 1043 1056 1076 τοῦ
1088 1040 1201 1085 κήπου
1233 1040 1286 1077 δε·
1356 1043 1451 1078 Dum
1471 1043 1563 1078 enim
1581 1043 1677 1079 horti
1701 1009 1862 1080 ‹ilominus
1885 1043 1982 1079 hunc
2002 1043 2112 1080 tradit
2130 1044 2321 1081 hortulano
2342 1045 2429 1081 (1011·-

212 1084 346 1128 σπότης
370 1087 501 1119 τοῦτον
525 1083 744 1131 παραδιδοίη
777 1086 830 1128 τῷ
863 1089 1031 1132 κηπουρῷ
1064 1088 1117 1130 τῷ
1141 1086 1208 1130 τὴν
1229 1091 1286 1133 μί·
1356 1088 1560 1124 ductionem
1585 1089 1771 1131 subeunti,
1803 1088 1893 1124 nihil
1914 1088 2011 1125 aliud
2042 1099 2148 1134 quam
2171 1090 2370 1134 plantatum
2392 1091 2430 1126 in

212 1131 360 1164 σθωσιν
383 1128 603 1172 ὑπελθόντι,
635 1128 740 1165 οὐδὲν
764 1132 888 1177 ἕτερον
909 1128 931 1174 ἢ
951 1131 994 1166 τὸ
1021 1135 1287 1178 πεφυτευμένον
1305 1136 1342 1168 15
1357 1144 1397 1169 eo
1422 1133 1501 1169 olus
1524 1134 1715 1170 aestimant
1749 1136 1786 1170 et
1807 1134 1912 1170 huius
1936 1134 2217 1170 aestimationem
2241 1135 2430 1180 imponunt

211 1178 251 1209 ἐν
282 1173 382 1219 αὐτῷ
414 1174 570 1218 λάχανον
600 1173 857 1220 ἀποτιμῶνται
887 1179 947 1211 καὶ
971 1176 1039 1220 τὴν
1061 1175 1188 1212 τούτου
1212 1175 1286 1212 δια·
1355 1179 1545 1224 accipienti
1572 1179 1762 1215 hortulano
1791 1189 1856 1215 seu
1885 1179 2111 1224 conductori;
2149 1190 2229 1216 cum
2259 1190 2342 1216 vero
2370 1180 2428 1216 fu-

212 1225 357 1263 τίμησιν
389 1220 564 1255 ἐπικλῶσι
593 1221 646 1264 τῷ
673 1219 744 1265 λαμ
771 1218 896 1256 άνοντι
927 1223 1096 1269 κηπουρῷ
1129 1221 1208 1266 ἦτοι
1229 1237 1286 1268 μι-
1355 1227 1458 1260 turus
1491 1227 1546 1260 est
1569 1223 1710 1260 tradere
1732 1229 1818 1270 post
1839 1224 2118 1261 transactionem
2148 1225 2318 1270 temporis
2343 1236 2429 1262 con·

211 1266 363 1313 σθωτῇ·
410 1264 560 1301 ἐπειδὰν
594 1264 635 1300 δὲ
667 1264 733 1310 μέλ
776 1281 789 1301 ι
819 1264 1063 1313 παραδιδόναι
1097 1266 1188 1312 μετὰ
1220 1267 1288 1311 τὴν
1357 1270 1496 1312 ductor,
1527 1268 1604 1305 fieri
1628 1275 1715 1306 tunc
1739 1269 1880 1315 quidem
1907 1270 1954 1306 ab
1978 1270 2029 1306 eis
2053 1271 2300 1315 scrupulosam
2322 1270 2429 1307 oleris

211 1315 413 1359 περαίωσιν
447 1312 510 1346 τοῦ
545 1310 673 1356 χρόνου
705 1309 724 1346 ὁ
756 1310 1056 1357 μισθωσάμενος,
1091 1314 1287 1357 τηνικαῦτα
1355 1314 1650 1357 aestimationem,
1682 1325 1759 1351 eam
1784 1320 1903 1351 autem
1930 1317 1968 1351 in
1991 1315 2194 1360 sextuplum
2224 1319 2288 1351 aut
2311 1316 2428 1352 multi·

211 1356 401 1391 ποιεῖσθαι
433 1358 499 1401 μὲν
533 1354 659 1391 αὐτοὺς
690 1354 821 1401 ἀκριβῆ
851 1358 915 1391 τοῦ
941 1355 1093 1401 λαχάνου
1127 1356 1287 1402 διατίμη-
1301 1361 1343 1393 20
1357 1359 1488 1404 plicem
1508 1360 1605 1403 ferri,
1629 1362 1667 1396 et
1683 1361 1716 1396 si
1735 1360 1768 1396 ei
1786 1360 2042 1406 quinquaginta
2061 1371 2250 1397 aureorum
2273 1361 2320 1397 sit
2338 1361 2428 1402 olus,

211 1414 282 1443 σιν,
312 1401 449 1444 ταύτην
480 1399 520 1435 δὲ
551 1402 598 1436 εἰς
629 1400 874 1443 ἑξαπλασίονα
906 1405 967 1436 καὶ
990 1401 1288 1438 πολλαπλασίονα
1355 1415 1427 1440 non
1458 1405 1574 1441 minus
1598 1409 1814 1449 trecentum,
1848 1405 2027 1442 interdum
2058 1410 2178 1442 autem
2208 1407 2246 1443 et
2275 1406 2429 1452 amplius

213 1450 344 1494 φέρειν,
369 1450 427 1481 καὶ
451 1447 551 1494 εἴπερ
575 1444 677 1490 αὐτῷ
697 1444 923 1490 πεντήκοντα
941 1449 1087 1495 χρυσῶν
1110 1449 1162 1492 εἴη
1182 1447 1287 1491 λάχα-
1355 1450 1425 1487 11οο
1460 1450 1651 1486 aestimari.
1698 1451 1748 1486 Et
1782 1462 1854 1487 non
1889 1461 2003 1496 usque
2041 1451 2111 1487 hoc
2146 1451 2259 1487 solum
2299 1461 2430 1487 causae

210 1506 287 1533 νον,
303 1492 367 1526 οὐκ
383 1491 536 1527 ἔλαττον
550 1496 781 1539 τριακοσίων,
798 1491 887 1527 ἔσθ’
903 1489 963 1527 ὅτε
980 1490 1020 1527 δὲ
1033 1497 1092 1528 καὶ
1105 1492 1286 1529 πλειόνων
1353 1495 1539 1531 avaritiam
1562 1500 1674 1538 stare,
1702 1496 1765 1532 sed
1797 1496 1905 1532 etiam
1928 1497 2099 1532 maiorem
2128 1497 2239 1532 multo
2271 1505 2350 1532 eam
2374 1496 2428 1532 fa-

211 1536 453 1580 διατιμᾶσθαι
476 1538 593 1572 τοῦτο.
640 1540 700 1572 καὶ
724 1534 787 1572 οὔκ
816 1537 899 1582 ἄχρι
927 1537 1055 1573 τούτου
1085 1537 1196 1584 μόνου
1220 1538 1286 1582 τὴν
1355 1551 1448 1583 cere,
1473 1541 1630 1577 dicentes
1678 1542 1738 1576 uia
1757 1546 1898 1577 stercus
1916 1541 2124 1578 immiserint
2140 1547 2259 1577 terrae
2283 1544 2321 1577 et
2340 1541 2429 1578 alios

210 1584 272 1617 τοῦ
309 1580 516 1630 πράγματος
554 1583 659 1617 ἱστᾶν
693 1579 899 1626 ἀπληστίαν
907 1610 918 1626 ,
958 1581 1049 1618 ἀλλά
1079 1587 1139 1618 καὶ
1173 1587 1285 1628 μείζω
1300 1587 1341 1620 25
1354 1586 1457 1631 quasi
1479 1586 1637 1622 habeant
1674 1587 1812 1629 abores,
1837 1592 1873 1623 et
1891 1597 1936 1622 ex
1956 1587 2026 1622 hoc
2049 1586 2239 1622 extendere
2262 1585 2300 1622 in
2316 1597 2428 1632 quan-

210 1631 327 1663 ποιεῖν
360 1627 473 1672 αὐτὴν
504 1628 594 1662 κατὰ
626 1626 735 1669 πολύ,
773 1627 976 1673 φάσκοντας
1009 1627 1055 1663 ὥς
1078 1628 1215 1673 κόπρον
1246 1643 1286 1664 τε
1353 1636 1431 1666 tum
1454 1632 1628 1667 voluerint
1650 1632 1822 1677 pretium,
1855 1635 1890 1667 et
1912 1642 1977 1677 pro
2008 1632 2257 1668 aestimatione
2278 1632 2428 1668 inserta-

210 1673 282 1707 εἴεν
301 1671 518 1717 ἐμβαλόντες
537 1675 581 1721 τῇ
602 1674 648 1720 γῇ
672 1677 734 1706 καί
753 1687 837 1707 τινα
856 1672 972 1717 δῆθεν
991 1677 1108 1716 ἔχοιεν
1131 1672 1285 1718 ἐμπονὴ-
1354 1687 1434 1711 rum
1457 1676 1581 1712 forsan
1606 1677 1774 1713 arborum
1796 1677 1867 1712 alia
1887 1681 2076 1721 augmenta
2099 1677 2229 1719 facere,
2255 1677 2338 1713 dum
2358 1677 2428 1712 uti-

208 1732 318 1763 ματα,
343 1715 540 1752 κάντεῦθεν
565 1719 721 1764 ἐξαίρειν
739 1719 787 1753 εἰς
807 1715 895 1753 ὅσον
918 1715 964 1753 ἂν
983 1718 1198 1763 βουληθεῖεν
1218 1718 1286 1762 τὴν
1355 1732 1434 1766 que,
1466 1732 1547 1757 cum
1570 1723 1796 1768 perceperint
1819 1733 1841 1758 a
1865 1722 2026 1765 dominis,
2060 1722 2159 1758 nulla
2181 1721 2264 1758 talis
2286 1722 2428 1775 penitus

209 1763 328 1807 τιμήν,
362 1767 421 1797 καὶ
453 1762 543 1811 ὑπὲρ
574 1762 824 1819 ἀποτιμησεως
855 1765 932 1798 τῶν
957 1765 1215 1810 φυτευθέντων
1240 1762 1287 1799 ὡς
1355 1767 1555 1804 aestimatio
1586 1767 1684 1803 facta
1714 1768 1771 1811 sit,
1803 1767 1867 1804 sed
1897 1768 2106 1813 plerumque
2135 1768 2174 1803 in
2203 1769 2321 1813 pactis
2343 1777 2427 1812 pro-

210 1808 302 1844 εἰκὸς
337 1807 499 1855 δένδρων
533 1810 655 1856 ἑτέρας
691 1808 852 1852 αυξήσεις
883 1810 1094 1852 ποιεῖσθαι,
1129 1814 1287 1857 καίτοιγε
1300 1814 1342 1846 30
1355 1812 1524 1849 fiteantur
1539 1813 1733 1858 hortulani,
1757 1813 1840 1859 quia
1859 1816 1896 1848 et
1914 1812 2097 1858 plantatas
2117 1816 2261 1848 servant
2278 1812 2426 1848 arbores

210 1854 317 1897 ἡνίκα
342 1853 668 1900 παραλαμβάνουσι
691 1854 791 1899 παρὰ
814 1856 892 1888 τῶν
912 1853 1103 1889 δεσποτῶν
1125 1853 1288 1899 οὐδεμιᾶς
1701 1879 1704 1882 <

208 1897 375 1942 τοιαύτης
399 1899 587 1934 παντελῶς
617 1900 718 1943 τιμῆς
742 1899 983 1947 λογιζομένης,
1017 1903 1077 1934 καὶ
1100 1902 1216 1935 ταῦτα
1240 1899 1289 1934 ὠς

210 1947 348 1980 ἐπίπαν
372 1947 411 1979 ἐν
435 1948 509 1979 τοῖς
532 1944 737 1991 συμφώνως
760 1943 1036 1992 ὁμολογούντων
1058 1947 1137 1980 τῶν
1158 1959 1286 1989 κηπου-

210 1991 298 2037 ρῶν,
326 1987 373 2025 ὠς
393 1993 452 2035 καὶ
472 1989 665 2036 φυλάξουσι
688 1990 734 2024 τὰ
754 1993 1004 2036 πεφυτευμένα
1027 1991 1106 2025 τῶν
1124 1989 1288 2036 δένδρων

265 2084 350 2117 Νου.
375 2083 510 2116 LXIV
523 2083 579 2124 (=
604 2083 754 2117 Anthent.
780 2082 909 2124 LXV)
939 2082 1065 2116 Graece
1089 2090 1176 2116 extat
1198 2084 1231 2116 in
1256 2082 1347 2125 ML,
1376 2084 1562 2127 particulae
1586 2086 1745 2128 quaedam
1769 2085 1803 2117 in
1827 2083 1864 2116 B
1889 2086 1943 2124 55,
1960 2092 2002 2118 14.
2034 2103 2076 2107 -
2109 2083 2199 2128 Epa.
2227 2082 2348 2117 Theod.
2372 2084 2429 2125 64,

208 2128 327 2162 Athan.
349 2129 403 2168 21,
417 2136 441 2162 1.
486 2128 608 2161 Iulian.
629 2134 728 2161 const.
748 2127 887 2161 LVIII.

1025 2317 1127 2369 ΒΕ
1155 2249 1616 2370 ΗΟΞῗῦΔΑΝΙΕ.

512 2398 614 2435 Idem
637 2400 823 2445 Auyuseus
846 2397 1015 2444 Lonqirzo
1037 2398 1301 2444 qloriosissimo
1322 2398 1514 2444 praefecto
1538 2397 1646 2434 huius
1666 2397 1789 2442 felicis
1811 2401 1848 2434 et
1869 2398 1995 2442 reqiae
2017 2398 2127 2435 urbis.

344 2466 604 2513 Praefatio.
654 2466 794 2503 Multae
816 2466 976 2512 undique
996 2465 1178 2512 querellae
1200 2465 1251 2501 ad
1271 2477 1340 2502 nos
1362 2477 1412 2502 ex
1431 2466 1540 2513 lonqo
1565 2470 1725 2514 tempore
1747 2465 1920 2502 adversus
1942 2466 2160 2502 hortulanos
2183 2466 2432 2548 huiuste'licts

210 2513 309 2549 urbis
332 2518 367 2548 et
388 2513 641 2549 suburbiorum
670 2513 749 2548 eius
778 2511 1007 2556 deferuntur,
1041 2522 1121 2546 cum
1145 2522 1268 2548 omnes
1298 2511 1471 2557 fraudem
1502 2522 1628 2548 eorum
1657 2513 1820 2559 qraviter
1847 2512 1986 2557 serant.
2033 2511 2133 2555 Quae
2155 2516 2274 2548 autem
2328 2512 2331 2518 “
2367 2524 2431 2548 un-

212 2559 349 2594 tiantur
386 2558 475 2593 talia
518 2569 577 2594 ere
599 2561 694 2593 sunt.

339 2585 367 2639 1’.
411 2559 547 2638 Dicusnt
566 2613 616 2638 ex
635 2602 789 2648 colleqio
810 2601 1088 2637 hortulanorum
1109 2602 1217 2638 etiam
1238 2602 1487 2638 aestimatores
1500 2601 1646 2649 plerum
1674 2613 1719 2637 ue
1738 2612 1825 2645 esse,
1846 2606 1882 2638 et
1897 2612 1971 2637 rem
1988 2601 2036 2636 im
2064 2606 2233 2637 ortunam
2249 2603 2432 2640 committi.

213 2649 298 2685 Cum
321 2648 413 2684 enim
437 2647 534 2683 horti
556 2647 723 2683 dominus
746 2657 825 2682 eum
848 2646 1043 2683 hortulano
1070 2648 1136 2692 qui
1155 2647 1253 2682 subit
1274 2647 1548 2683 conductionem
1574 2651 1633 2682 tra
1659 2647 1778 2683 iturus
1801 2651 1865 2689 est,
1896 2645 1989 2682 nihil
2048 2646 2114 2682 iud
2135 2657 2243 2692 quam
2267 2646 2370 2683 olera
2392 2647 2432 2684 in

210 2705 252 2729 eo
275 2694 383 2728 insita
407 2695 599 2728 aestimant
620 2702 816 2738 eorumque
835 2692 1118 2728 aestimationem
1134 2692 1330 2728 hortulano
1355 2692 1412 2728 vel
1427 2692 1642 2728 conductori
1689 2693 1730 2727 ui
1748 2702 1827 2727 eum
1846 2691 1980 2738 accipit
1997 2691 2210 2737 iniunqunt5
2233 2691 2295 2727 ubi
2313 2695 2430 2729 autem

209 2743 295 2786 post
318 2743 383 2774 tem
415 2749 456 2773 us
484 2742 653 2774 exactum
676 2736 877 2773 conductor
908 2748 987 2773 eum
1018 2737 1229 2773 redditurus
1250 2738 1314 2779 sit,
1347 2742 1420 2773 tum
1443 2737 1528 2773 illos
1556 2737 1653 2773 subti
1665 2748 1719 2773 em
1750 2735 1894 2783 quidem
1925 2736 2034 2771 oleris
2064 2736 2347 2772 aestimationem
2367 2737 2430 2783 fa—

211 2795 303 2826 cere,
334 2795 373 2819 se
421 2794 498 2819 eam
522 2784 560 2818 in
583 2782 704 2819 sexies
733 2786 872 2818 tantum
900 2786 935 2817 et
965 2782 1004 2817 in
1029 2782 1119 2828 plus
1141 2793 1287 2828 auqere,
1319 2786 1356 2818 et
1383 2782 1561 2828 siquidem
1591 2783 1625 2818 ei
1655 2781 1921 2829 quinquaqinta
1948 2791 2142 2832 aureorum
2165 2781 2245 2817 olus
2266 2781 2326 2824 sit,
2357 2792 2430 2818 non

211 2830 329 2864 minus
349 2828 526 2871 trecentis,
550 2827 730 2864 interdum
747 2827 855 2862 etiam
867 2826 993 2874 pluris
1015 2826 1055 2862 id
1073 2827 1272 2863 aestimare.
1321 2827 1447 2873 Neque
1470 2837 1583 2873 usque
1605 2837 1648 2863 eo
1663 2826 1780 2862 solum
1803 2827 1880 2862 eius
1901 2825 1956 2861 rei
1979 2825 2185 2862 amdetatem
2207 2826 2344 2869 sistere,
2367 2826 2432 2863 sed

211 2876 318 2911 etiam
342 2874 454 2909 multo
477 2873 648 2909 maiorem
672 2883 750 2908 eam
774 2872 932 2918 efficere,
964 2883 1044 2907 cum
1067 2871 1190 2907 dicant
1216 2872 1301 2907 illos
1324 2877 1464 2908 stereus
1487 2872 1678 2917 inqessisse
1708 2872 1787 2907 solo
1810 2875 1846 2907 et
1868 2871 2134 2907 meliorationes
2163 2870 2266 2916 forte
2287 2871 2430 2919 aliquas

204 2919 446 2967 praestitisse,
470 2926 580 2965 atque
597 2917 680 2953 inde
699 2917 738 2952 in
784 2922 934 2953 uantum
957 2917 1138 2952 voluerint
1152 2917 1315 2964 pretium
1335 2916 1522 2959 extollere,
1546 2920 1582 2952 et
1597 2927 1670 2964 pro
1687 2916 1938 2952 aestimatione
1961 2914 2132 2968 arborum
2155 2915 2323 2968 nimirum
2345 2927 2428 2952 con—

211 2967 364 3002 sitarum
395 2964 469 2999 alia
499 2967 693 3010 auqmenta
721 2973 744 2997 a
770 2962 882 3004 icere,
913 2963 1075 3008 quamvis
1106 2972 1186 2997 cum
1209 2961 1336 2997 hortos
1359 2973 1382 2998 a
1406 2961 1562 2998 dominis
1584 2961 1662 2997 acci
1689 2966 1789 2997 erent
1816 2960 1954 2997 nullum
1978 2971 2123 2997 ommno
2153 2961 2328 2997 eiusmodi
2343 2973 2429 3009 pre-

214 3012 299 3046 tium
323 3013 567 3056 computatum
591 3008 656 3050 sit,
688 3017 767 3042 cum
786 3008 1005 3054 praesertim
1035 3008 1074 3042 in
1095 3007 1215 3054 pactis
1239 3007 1456 3053 promittere
1485 3007 1630 3043 soleant
1685 3006 1846 3043 ortulum·
1878 3015 1956 3042 sese
1984 3011 2021 3042 et
2051 3006 2122 3041 iam
2151 3010 2252 3042 satas
2283 3006 2430 3044 arbores

257 3104 278 3137 2
302 3103 390 3148 Περὶ
409 3100 487 3134 τῶν
510 3099 600 3140 (τῶν
621 3112 679 3133 om.
695 3099 817 3132 Theoti.
832 3105 862 3131 et
873 3099 970 3132 index
981 3099 1070 3140 Ata.)
1094 3098 1287 3143 κηπουρῶν

213 3149 285 3183 ML
295 3149 370 3181 Am.
386 3146 519 3187 Theoti-1
539 3145 589 3178 De
603 3142 791 3177 hortulanis
805 3143 1183 3187 Constantinopolitanis
1195 3155 1215 3179 ς
1238 3144 1301 3189 De,

211 3192 400 3227 hortulanis
411 3189 802 3233 Constantinopolitanae
818 3188 964 3221 civitatis
979 3189 1043 3222 Iul.
1068 3188 1081 3232 ΙΙ
1104 3190 1124 3222 4
1141 3186 1287 3233 ἐπάρχῳ

212 3241 302 3281 Am]
326 3235 475 3283 ὑπάρχω
488 3236 560 3270 ML
586 3234 599 3272 ΙΙ
623 3236 644 3268 6
668 3230 800 3267 Πολλοὶ
825 3235 876 3268 cit.
890 3234 967 3268 Ath.
983 3234 1066 3275 cod„
1090 3230 1211 3266 Πολλὰ
1235 3235 1287 3267 cit.

215 3286 335 3319 Theod.
350 3285 418 3318 cod.
436 3282 450 3326 ΙΙ
475 3283 496 3316 9
515 3277 628 3322 αὐτὴν
640 3279 687 3314 Μ
696 3279 708 3322 ΙΙ
737 3281 776 3313 10
797 3278 948 3312 τοιαῦτα
964 3278 1041 3312 πῶς
1055 3278 1101 3311 M
1149 3280 1185 3312 11
1207 3276 1289 3311 τοὺς

214 3326 435 3373 διατιμητὰς]
453 3327 678 3360 aestimatores
695 3326 867 3357 hortorum
884 3336 903 3360 ς
919 3324 932 3367 ΙΙ
952 3326 992 3358 15
1009 3321 1094 3357 ἐπε-λ
1127 3322 1206 3357 όντι
1219 3322 1289 3366 [1²11

215 3377 258 3410 16
282 3377 322 3408 ἐν
345 3387 403 3408 om.
419 3374 448 3406 L
472 3372 477 3416 Ι
513 3374 553 3406 17
576 3367 774 3405 ἐπικαλοῦσι
786 3370 837 3403 L¹⁸
857 3368 870 3414 ΙΙ
895 3367 1079 3412 μισθωτῶ
1093 3369 1124 3401 L
1145 3367 1158 3411 ΙΙ
1186 3365 1290 3422 23,δὲ

215 3434 273 3454 om.
285 3421 315 3454 L
333 3419 346 3461 11
362 3421 405 3453 25
419 3414 470 3452 ἀπ
511 3419 633 3450 ιστίαν
645 3416 676 3449 L
690 3416 746 3457 (id.
757 3416 858 3458 infra)
875 3414 888 3459 ΙΙ
904 3415 1051 3458 μείζονα
1065 3414 1096 3446 L
1114 3412 1127 3457 u
1144 3415 1185 3446 26
1199 3413 1289 3466 avfr‘y

219 3467 247 3499 L
265 3466 277 3510 ΙΙ
293 3463 489 3509 φάσκοντες
502 3464 532 3496 L
550 3463 562 3505 ΙΙ
580 3463 621 3495 27
636 3457 851 3504 ἐμβαλόντες
867 3460 906 3501 L]
922 3456 1113 3502 βάλλοντες
1126 3458 1171 3491 M
1172 3456 1186 3478 ⁶
1204 3456 1289 3501 βαλ-

216 3509 341 3544 λοντας
357 3510 400 3543 M
401 3514 418 3531 ⁰
433 3509 445 3553 ΙΙ
464 3510 507 3543 32
523 3509 580 3540 καὶ
598 3506 715 3540 ταῦτα
732 3501 779 3539 ὠς
795 3506 943 3545 ἐπίπαν]
960 3504 1016 3537 sed
1031 3503 1227 3546 plerumque
1244 3515 1263 3539 ς
1278 3502 1290 3547 Ι]

217 3558 257 3589 33
283 3556 322 3588 ἐν
344 3557 417 3588 τοῖς
436 3555 494 3595 M]
520 3554 580 3586 ἐπὶ
604 3553 634 3585 L

264 3648 277 3679 l
306 3657 375 3677 nov.
389 3643 521 3678 LXIV
539 3644 597 3683 (=
619 3643 714 3675 Autlz.
730 3641 801 3674 LX
811 3641 855 3683 V)
880 3653 939 3673 om.
956 3640 999 3683 R,
1024 3641 1119 3673 habet
1143 3653 1159 3671 r
1174 3642 1207 3681 s.
1221 3642 1264 3672 00
1277 3637 1290 3683 ΙΙ

217 3690 258 3739 131
273 3688 368 3722 LXV
390 3689 423 3722 V
435 3689 447 3732 ΙΙ
470 3690 489 3722 2
502 3687 665 3721 ortulanis
683 3687 746 3729 Vr,
759 3694 788 3720 et
799 3687 847 3720 sic
858 3698 980 3730 semper
998 3684 1011 3729 Ι]
1032 3687 1053 3718 4
1065 3686 1159 3718 inser.
1176 3697 1234 3718 om.
1248 3687 1289 3728 rfl

1356 3099 1376 3131 6
1398 3097 1551 3139 quaerela
1573 3096 1634 3141 Vll
1663 3097 1758 3131 nobis
1775 3100 1803 3139 r]
1829 3110 1887 3131 om.
1911 3096 1970 3141 Vss
1997 3099 2016 3131 8
2031 3096 2231 3131 urbanorum
2253 3098 2316 3143 Vfl
2340 3099 2429 3132 dese-

1355 3144 1478 3175 runtur
1498 3156 1515 3175 r
1539 3142 1634 3183 (idem
1657 3143 1711 3186 10)
1738 3142 1751 3186 ΙΙ
1778 3145 1798 3178 9
1822 3142 1994 3176 11οωὶ1111111
2017 3156 2034 3175 ν
2062 3141 2075 3186 ΙΙ
2103 3153 2216 3176 eorum
2240 3145 2268 3186 r]
2293 3155 2347 3178 eos
2367 3143 2430 3187 Vn

1359 3189 1397 3222 11
1424 3187 1645 3220 estimationes
1669 3201 1686 3220 r
1700 3187 1713 3231 Ι]
1744 3189 1785 3222 12
1810 3190 1958 3220 ortorum
1981 3189 2026 3230 (et
2046 3189 2095 3221 sic
2118 3190 2311 3231 constanter)
2344 3190 2396 3224 Vr
2417 3190 2431 3235 ΙΙ

1356 3235 1389 3265 et
1410 3245 1468 3266 om.
1485 3232 1518 3264 V
1536 3232 1549 3275 11
1577 3233 1616 3265 13
1638 3232 1727 3265 hunc
1746 3232 1850 3266 tradit
1870 3233 1916 3274 V]
1941 3233 2108 3266 contradit
2127 3246 2144 3267 r
2170 3232 2183 3278 Ι]
2209 3236 2248 3269 15
2269 3235 2430 3269 extimant

1357 3285 1386 3311 et
1402 3277 1647 3310 extimationem
1664 3279 1723 3319 (id.
1740 3280 1831 3322 infra
1843 3279 1980 3321 passim)
2005 3276 2049 3323 νΙΙ
2078 3280 2117 3313 16
2141 3279 2354 3313 conductioni
2378 3294 2395 3314 r
2415 3280 2429 3323 ΙΙ

1356 3323 1490 3356 futurus
1510 3323 1569 3363 est]
1594 3322 1716 3355 futuris
1740 3337 1757 3356 r
1778 3322 1791 3366 ΙΙ
1817 3325 1858 3357 17
1880 3323 2133 3356 conductionem
2156 3338 2174 3357 r
2198 3324 2210 3368 ΙΙ
2237 3326 2278 3360 18
2302 3325 2344 3358 ab
2368 3326 2427 3367 eis]

1356 3367 1479 3401 habens
1502 3380 1519 3400 r
1549 3366 1562 3412 ΙΙ
1596 3369 1637 3402 19
1661 3378 1731 3401 eam
1753 3370 1862 3401 autem
1893 3368 1930 3400 in
1960 3368 2146 3411 sextuplum
2172 3370 2276 3412 Beck]
2310 3373 2369 3403 aut
2392 3370 2428 3403 in

1356 3412 1548 3456 sexcuplum
1574 3413 1651 3446 libri
1673 3413 1686 3456 ΙΙ
1710 3415 1779 3454 aut]
1804 3416 1837 3446 et
1857 3413 1951 3447 Beck
1974 3413 1987 3458 ss
2014 3415 2055 3447 20
2074 3415 2152 3447 ferri
2174 3415 2297 3449 Bicner
2313 3416 2427 3450 Gaetu.

1358 3459 1390 3492 d.
1405 3458 1490 3492 Νου.
1501 3471 1535 3501 ρ.
1550 3459 1628 3499 489]
1654 3458 1725 3491 fieri
1747 3459 1798 3492 Vr
1820 3458 1833 3502 ΙΙ
1855 3459 1894 3492 21
1922 3461 2103 3492 trecentum
2128 3460 2173 3502 V]
2199 3461 2354 3494 trecentis
2377 3474 2394 3494 r
2415 3461 2428 3504 ΙΙ

1359 3504 1401 3536 22
1425 3502 1531 3535 solum
1556 3505 1682 3545 causae]
1705 3503 1775 3537 solo
1798 3514 1871 3536 care
1895 3517 1913 3536 r
1938 3503 1951 3547 ΙΙ
1981 3506 2023 3538 23
2048 3505 2203 3538 auritium
2225 3506 2257 3537 V
2274 3505 2287 3550 ΙΙ
2314 3505 2371 3538 sed
2395 3509 2428 3539 et

1357 3548 1456 3580 etiam
1480 3561 1497 3581 r
1513 3548 1526 3592 ΙΙ
1554 3549 1676 3581 maiore
1708 3549 1742 3582 V
1758 3547 1772 3590 ΙΙ
1794 3550 1836 3583 24
1860 3549 2032 3582 immiserit
2056 3564 2072 3583 r
2097 3549 2110 3594 ΙΙ
2140 3551 2183 3584 25
2207 3549 2353 3583 labscens
2376 3563 2394 3584 r

1358 3594 1400 3628 26
1413 3604 1474 3636 pro
1489 3594 1727 3635 aestimatione]
1742 3595 1994 3636 pastinationem
2012 3609 2029 3628 r
2046 3594 2060 3638 ΙΙ
2075 3595 2117 3629 28
2133 3605 2206 3627 cum
2228 3595 2272 3636 V]
2293 3595 2370 3628 dum
2387 3609 2405 3629 r

1356 3639 1558 3681 perciperint
1576 3639 1618 3672 ad
1638 3646 1674 3673 os
1693 3639 1727 3680 (i.
1743 3653 1768 3673 e.
1781 3651 1892 3673 omnes
1901 3640 1931 3682 ἲ)
1951 3639 2008 3684 17]]
2025 3641 2067 3674 29
2086 3641 2189 3683 pactis
2209 3641 2253 3681 V]
2274 3640 2369 3674 factis
2385 3642 2425 3683 νΗ

1358 3685 1401 3718 30
1424 3683 1567 3717 ortolani
1588 3684 1648 3729 Vll
1673 3683 1843 3727 plantatus
1866 3686 1921 3719 Vr
1943 3684 1956 3729 ss
1981 3685 2159 3718 servabunt
2182 3686 2307 3719 Biener

1580 3762 1591 3840 1
