2476 3854
177 93 285 136 Nov.
306 94 500 137 CXLVII
532 97 567 136 1.
589 96 614 134 2

174 201 197 246 ἢ
228 201 466 248 σπορτούλων
493 202 630 247 μᾶλλον
653 199 728 236 ἀλλ’
753 201 794 236 οὑ
816 203 893 236 τῶν
917 199 1172 247 πρωτοτύπων
1193 215 1250 247 γε·

174 247 333 292 νόμενος,
360 251 419 282 καὶ
443 248 527 282 οὔτε
549 246 632 292 παρ’
659 249 808 281 ἐκείνων
831 245 915 281 οὔτε
934 246 1033 293 παρὰ
1056 247 1121 280 τοῦ
1145 244 1250 291 δημο-

173 297 252 326 σίου
276 292 402 337 λαβών
425 290 488 327 οὔκ
513 294 552 325 ἐν
575 293 687 334 καιρῷ
713 291 844 326 λοιπὸν
862 295 1040 336 μέμνηται
1055 292 1133 325 τῶν
1149 293 1251 325 ἐκτα-

172 340 250 384 γῶν
283 337 303 380 ἢ
338 338 406 380 τὴν
441 337 582 370 ἐκεῖθεν
614 334 812 379 ἀπαίτησιν
847 338 1042 383 ἐπαγαγεῖν
1070 337 1250 381 πειρᾶται.

172 380 389 416 τούναντίον
402 384 469 426 μὲν
485 376 551 416 οὖν
566 382 634 416 τὸν
651 381 819 415 τοιοῦτόν
836 395 872 416 τι
888 384 1006 416 ποιεῖν
1022 382 1250 426 ἐγχειροῦντα

172 426 222 462 ὠς
251 431 327 461 ταῖς
347 425 532 471 ἡμετέραις
556 425 820 470 λυμαινόμενον
844 425 1156 471 ἀποστρεφόμεθα
1180 424 1250 460 δω-

174 476 282 516 ρεαῖς·
321 468 409 505 dim
444 473 565 505 πᾶσαν
602 471 725 516 ἐφεξῆς
755 468 983 513 ἀπαιτήσεως
1010 471 1197 516 πρόφασιν
1227 467 1250 514 ἢ

173 521 360 562 περίνοιαν
389 513 632 560 ἆναιρεθῆναι
663 513 755 549 κατά
780 528 821 549 τε
844 517 921 550 τῶν
945 513 1134 550 ὑποτελῶν
1157 514 1250 549 κατά

172 576 211 616 τε
235 562 299 595 τοῦ
325 559 505 616 δημοσίου,
530 564 593 615 uoti²
609 563 756 605 μείζονα
773 561 1029 614 περιγενέσθαι
1045 559 1250 595 κάντεῦθεν

1236 89 1322 137 720

1873 107 1934 137 nn
1961 108 2167 148 anmoins
2193 109 2396 143 eunucis

1320 203 1512 255 commodis
1527 203 1638 247 magis
1656 205 1693 239 et
1710 213 1782 239 non
1799 204 2057 258 principalibus
2072 205 2204 252 factus,
2227 208 2264 243 et
2280 217 2395 253 neque

1318 247 1374 299 ab·
1395 257 1447 282 eis
1477 257 1591 292 neque
1618 257 1641 283 a
1671 248 1815 293 publico
1845 250 2036 294 accipiens,
2066 261 2139 287 non
2165 251 2203 287 in
2236 256 2396 298 tempore

1320 291 1446 326 deinde
1468 295 1684 328 memoratur
1707 293 1977 338 deputationum
2001 298 2064 330 aut
2086 296 2216 332 exinde
2237 297 2394 333 exactio-

1320 346 1399 371 nem
1432 336 1566 373 inferre
1599 340 1764 383 temptat;
1804 349 1825 374 e
1859 339 2038 376 contrario
2067 343 2188 376 autem
2218 351 2298 376 eum
2333 341 2396 387 qui

1286 384 1305 415 5
1319 381 1520 417 huiusmodi
1544 382 1675 427 aliquid
1700 383 1817 418 facere
1839 385 2116 437 praesumpserit
2138 389 2318 431 tamquam
2333 397 2395 423 no-

1319 425 1402 462 stris
1430 426 1636 470 pestiferum
1668 428 1870 473 repellimus
1901 429 2163 473 donationibus,
2194 436 2235 466 ut
2256 440 2395 467 omnem

1320 470 1364 506 de
1390 474 1508 506 cetero
1538 472 1758 517 repetitionis
1788 473 2013 509 occasionem
2044 479 2108 510 aut
2134 475 2262 520 [ipsum
2285 485 2394 520 quae-

1318 519 1419 550 ratur
1449 526 1542 559 quae
1571 517 1609 552 in
1641 517 1896 554 consuetudine
1918 529 1991 554 non
2014 522 2080 562 est]
2105 519 2308 564 perinoeam
2329 530 2394 556 au-

1318 560 1404 595 ferri
1427 563 1500 595 tam
1522 563 1647 597 contra
1668 562 1849 599 subiectos
1877 573 1982 607 quam
2005 566 2132 599 contra
2153 564 2335 618 publicum
2359 568 2396 600 et

172 618 456 652 anpaypoomrnv
478 609 551 640 τοῖς
574 609 756 649 ημετέροις
779 604 1001 640 υποτελέσιν.
1038 602 1098 639 ὅτι
1115 604 1154 639 δὲ
1169 604 1249 640 τού·
1265 609 1305 640 10
1318 605 1485 640 maiorem
1509 607 1714 651 praevalere
1735 611 1772 643 et
1794 617 1839 642 ex
1862 607 1931 643 hoc
1953 607 2240 655 ἀπραγμοσυνην
2263 609 2394 646 nostris

171 665 249 685 των
276 649 521 685 ἀπολαύσουσι
552 653 630 685 τῶν
659 649 808 695 δωρεῶν
834 653 894 684 καὶ
926 646 1010 684 ὅσαι
1040 653 1114 684 τοῖς
1137 650 1251 685 θείοις

171 693 277 739 ἡμῶν
308 693 500 740 πριβάτοις
524 694 546 738 ἢ
569 697 622 738 τῷ
647 696 741 738 θείῳ
765 693 869 739 ἡμῶν
893 699 1121 741 πατριμονίῳ
1146 706 1250 741 προς-

170 739 294 782 ήκουσι
325 740 475 783 κτήσεις,
506 743 565 774 καὶ
589 737 673 774 σι’·δὲ
695 741 788 773 κατὰ
811 740 983 786 γεωργῶν
1006 737 1028 782 ἢ
1044 740 1251 784 μισθωτῶν

171 786 193 828 ἢ
224 787 465 839 ἑμφυτευτῶν,
487 786 662 839 εἴςπραξις
693 783 992 840 δημρσίωνὶὖπὲρ
1014 786 1093 819 τιῦν
1116 785 1250 838 εἰρημέ-

1319 650 1499 686 subiectis.
1547 650 1659 695 Quam
1689 662 1753 697 per
1783 652 1849 687 has
1873 652 2106 697 perfruuntur
2127 653 2336 690 donationes
2358 658 2396 690 et

1320 705 1411 739 quae
1439 696 1552 731 sacris
1583 697 1716 732 nostris
1747 697 1893 741 privatis
1915 702 1979 732 aut
2002 697 2119 733 divino
2144 702 2266 735 nostro
2285 699 2394 744 patri-

1318 740 1436 776 monio
1462 745 1669 785 competunt
1690 742 1952 786 possessiones,
1982 746 2017 777 et
2046 752 2161 788 neque
2185 745 2310 779 contra
2332 753 2393 779 co-

1317 784 1420 820 lonos
1444 794 1556 830 neque
1580 790 1704 822 contra
1722 786 1899 822 locatores
1914 790 1978 822 aut
1992 789 2238 832 emphyteutas
2253 789 2394 824 exactio

170 843 248 864 νων
272 833 358 885 ημῖν
380 843 569 884 γενησεται
592 843 733 884 χρονων
757 844 779 873 η
804 844 904 876 παρα
923 831 1001 864 τῶν
1023 830 1070 863 τά
1094 827 1250 874 δημοσια
1267 833 1304 865 15
1318 829 1589 883 fiscalium-pro
1616 830 1807 875 praedictis
1831 841 1855 867 a
1876 831 1979 867 nobis
2002 831 2066 867 fiat
2087 831 2308 877 temporibus
2331 835 2396 869 aut

170 875 462 920 εἱςπραττοντων
488 890 509 918 η
540 888 638 920 παρα
669 876 746 909 τῶν
770 874 984 910 παλατίνων
1008 873 1142 916 αὐτῶν,
1173 875 1251 908 τῶν

170 922 286 954 πᾶσιν
321 917 608 966 ὡμολογημένων
641 922 729 955 ἐστι’.
786 921 904 954 rai-m
939 918 981 953 δέ
1013 933 1133 964 φαμεν
1167 922 1249 964 περὶ

169 967 245 999 τῶν
270 962 516 1010 ὀφειλομένων
545 967 598 999 ἔτι
621 968 680 998 καὶ
704 965 804 1010 παρὰ
827 967 900 999 τοῖς
923 962 1103 1009 ἡμετέροις
1127 962 1250 999 ὄντων

169 1008 392 1044 ὑποτελέσιν.
439 1011 479 1064 εἰἱ
504 1011 570 1056 γόρ
600 1023 637 1044 τι
667 1010 879 1055 φθάσαντες
911 1011 1037 1043 ἐκεῖνοι
1070 1006 1249 1044 δεδώκασι

1318 875 1363 909 ab
1387 875 1430 909 iis
1454 886 1515 919 qul
1538 875 1718 920 publicum
1742 875 1889 921 exigunt
1910 879 1973 912 aut
1995 886 2018 911 a
2036 876 2228 921 palatinisi
2253 877 2303 913 sis
2318 886 2392 913 ma·

1318 919 1587 955 nifestissimum
1610 923 1677 956 est.
1714 920 1814 956 Haec
1829 931 1911 956 vero
1931 920 2090 964 dicimus,
2115 931 2206 967 quae
2244 922 2394 958 ebentur

1317 964 1435 1000 adhuc
1458 967 1494 1000 et
1517 964 1613 1010 apud
1635 967 1777 1001 nostros
1801 969 1884 1001 sunt
1907 966 2097 1001 subiectos.
2145 966 2184 1002 Si
2211 966 2306 1002 enim
2327 967 2393 1002 ali·

1318 1010 1402 1054 quid
1434 1010 1582 1054 contigit
1611 1019 1673 1045 eos
1697 1010 1782 1046 dare
1805 1013 1841 1046 et
1863 1009 1932 1045 hoc
1954 1010 2052 1055 apud
2072 1010 2222 1047 curiales
2243 1010 2395 1047 forsitan

169 1058 228 1088 καὶ
251 1056 362 1089 τοῦτο
385 1068 485 1100 παρα
508 1054 713 1108 βουλευταῖς
736 1055 845 1097 τυχὸν
867 1052 890 1097 ἢ
909 1053 1107 1095 ταξεώταις
1122 1050 1144 1097 ἢ
1160 1051 1248 1089 ὑπο·
1262 1057 1303 1090 20
1317 1057 1380 1089 aut
1415 1054 1587 1090 officiales
1620 1058 1684 1089 aut
1702 1054 1935 1107 ‚hypodectas
1973 1058 2038 1090 aut
2074 1055 2294 1100 delegatorefl
2331 1058 2395 1092 aut

169 1098 308 1134 δέκταις
339 1097 361 1142 ἢ
386 1099 623 1147 έκλήπτορσιν
643 1114 664 1142 η
689 1103 748 1133 καὶ
772 1099 872 1146 παρὰ
895 1102 968 1133 τοῖς
991 1099 1056 1133 τὰς
1079 1100 1250 1144 ἐπαρχίας

168 1143 423 1189 τρακτεύουσιν
446 1146 575 1189 ἔμεινε,
595 1146 703 1179 τοῦτο
724 1142 764 1178 οὗ
780 1143 990 1189 συναναλαμ
1017 1143 1151 1187 άνομεν
1166 1141 1251 1178 οὐδὲ

166 1193 270 1237 μέρος
301 1188 510 1234 ποιούμεθα
539 1190 602 1232 τῆς
631 1189 813 1235 παρούσης
843 1187 949 1234 ἡμῶν
1004 1190 1131 1234 ωρεᾶς,
1164 1186 1247 1223 ἀλλ’

169 1232 458 1289 ἀποσωθήσεται
481 1233 734 1288 τῷῐδημοσίῳ·
759 1235 836 1269 τῶν
860 1231 1114 1268 ἀτοπωτάτων
1137 1230 1250 1280 ὑπάρ-

1317 1099 1414 1144 apud
1437 1099 1503 1136 hos
1528 1100 1589 1145 qui
1612 1101 1874 1144 provinciarum
1899 1103 1983 1135 sunt
2004 1100 2197 1136 numerarii
2213 1100 2394 1144 remansit,

1317 1145 1386 1179 hoc
1409 1155 1479 1180 non
1497 1145 1824 1190 comprehendimus
1841 1154 1955 1190 neque
1969 1149 2107 1190 partem
2122 1145 2275 1182 facimus
2290 1154 2395 1192 prae-

1318 1189 1429 1225 sentis
1452 1193 1596 1226 nostrae
1619 1189 1834 1234 donationis,
1858 1189 1921 1225 sed
1944 1190 2138 1226 salvabitur
2152 1190 2315 1235 publico:
2338 1190 2394 1226 in·

1318 1235 1543 1270 utilissimum
1567 1235 1817 1279 constitutum,
1848 1237 1890 1270 ut
1916 1234 2011 1279 quod
2033 1244 2055 1270 a
2078 1235 2248 1272 subiectis
2271 1235 2395 1272 datum

167 1293 231 1322 χον
255 1280 297 1315 τὸ
323 1293 422 1359 παρα
439 1281 517 1314 τῶν
532 1278 720 1316 υποτελών
736 1277 930 1324 δεδομένον
949 1278 998 1323 μὴ
1015 1279 1058 1313 τὸ
1077 1276 1251 1323 δημόσιον
1264 1281 1305 1314 25
1319 1282 1375 1316 est
1397 1290 1470 1316 non
1492 1279 1601 1316 fiscus
1625 1279 1787 1325 accipiat,
1811 1279 1875 1316 Sed
1897 1279 2079 1325 proprium
2101 1280 2240 1316 lucrum
2261 1279 2337 1317 fiat.

169 1324 303 1369 λαβεῖν,
328 1322 371 1359 ἄλ

437 1323 624 1359 ἰδιωτικὸν
649 1325 783 1370 ἑτέρων
806 1322 926 1370 κέρδος
948 1324 1136 1371 γενέσθαι.

1156 1413 1312 1450 CAPUT
1334 1413 1382 1450 II.

240 1479 374 1524 Ταύτης
399 1479 438 1515 δὲ
460 1480 567 1526 ἡμῶν
589 1482 652 1524 τῆς
675 1479 877 1526 φιλοτιμίας
900 1479 1101 1525 ἑκκλειόμεν
1122 1484 1183 1515 καὶ
1202 1479 1249 1515 τὰ

167 1524 441 1573 ὁμολογηθέντα
469 1527 579 1568 τυχὸν
611 1524 636 1569 ἢ
664 1529 724 1579 κακὶ
755 1523 1088 1571 ἀντιπεφωνημένα
1109 1527 1163 1569 τῷ
1187 1523 1249 1569 δη-

166 1575 282 1615 μοσίῳ
315 1571 415 1625 παρὰ
445 1572 679 1625 τρακτευτῶν.
695 1585 717 1614 η
739 1575 977 1625 σκρινιαρίων
1000 1568 1023 1613 ἢ
1047 1567 1248 1617 ἅρκαρίων·

1383 1480 1461 1516 Hac
1497 1490 1582 1517 vero
1621 1484 1745 1517 nostra
1780 1481 1944 1522 largitate
1977 1481 2198 1517 excludimus
2231 1483 2269 1517 et
2302 1490 2395 1527 quae

1318 1529 1425 1561 cauta
1454 1529 1539 1562 sunt
1563 1526 1715 1562 forsitan
1739 1528 1804 1562 aut
1825 1526 1995 1563 fideiussa
2017 1525 2162 1572 publico
2184 1535 2208 1561 a
2229 1536 2394 1562 numera-

1317 1571 1381 1605 riis
1417 1574 1480 1606 aut
1513 1571 1662 1607 arcariis
1693 1575 1757 1606 aut
1786 1571 1998 1616 scriniariis3
2029 1571 2116 1607 nihil
2143 1570 2237 1607 enim
2265 1571 2321 1607 his
2349 1571 2395 1606 de

166 1614 250 1650 οὐδὲ
280 1620 438 1669 γαρικαῑ
468 1627 608 1670 τουτοις
639 1627 698 1658 τηε
728 1617 806 1659 ἱσης
835 1614 1075 1660 μεταδίδομεν
1103 1614 1249 1662 δωρεᾶς,
1262 1618 1305 1651 30
1318 1625 1433 1660 aequa
1457 1615 1670 1651 conferimus
1695 1616 1896 1661 donatione,
1920 1617 2006 1663 quia
2028 1615 2137 1652 semel
2150 1615 2298 1661 propria
2311 1615 2396 1652 fecit

166 1663 247 1696 ἐπεί
272 1674 312 1707 γε
343 1658 445 1701 ἅπαξ
477 1659 687 1703 ιρκειωσατό
720 1673 760 1694 τε
791 1664 852 1693 καὶ
882 1659 1012 1703 σχεδὸν
1041 1662 1110 1703 ἔχει
1134 1662 1251 1695 ταῦτα

167 1705 282 1750 λαβὸν
311 1706 354 1740 τὸ
388 1704 572 1749 δημόσιον.
620 1707 682 1749 τῆς
706 1703 745 1739 δὲ
769 1705 872 1739 θείας
894 1705 1026 1748 ταύτης
1049 1704 1268 1751 φιλοτιμίας,

166 1751 376 1804 ἐξαιροῦμεν
399 1752 462 1796 τάξ
484 1764 524 1784 τε
548 1751 810 1796 στρατιωτικὰς
828 1753 886 1783 καὶ
908 1749 1160 1795 φοιδερατικάς
1177 1751 1248 1785 dis-

166 1805 372 1831 cusslonas·
412 1797 521 1830 αὑται
568 1795 611 1840 ὰρ
636 1793 677 1828 οὐ
704 1794 968 1840 προςάπτονται
990 1797 1059 1839 μὲν
1075 1796 1153 1829 τῶν
1168 1792 1249 1839 ἡμε·

164 1843 281 1886 τέρων
305 1839 505 1882 ὑποτελῶν,
537 1809 567 1874 δ’

164 1900 243 1920 νων
276 1883 450 1931 ἑπᾴγουσι
480 1885 558 1919 τῶν
589 1882 630 1918 οὗ
661 1882 910 1930 προςηκόντως
933 1886 971 1918 ἐκ
990 1886 1055 1919 τοῦ
1080 1882 1122 1927 δη
1151 1889 1251 1919 οσίου

165 1930 360 1975 λαβόντων
378 1927 448 1964 κᾶν
472 1931 503 1963 εἰ
525 1927 707 1975 προφάσει
731 1930 990 1976 στρατιωτικῆς
1010 1926 1033 1973 ἢ
1049 1898 1251 1975 φοιδὲρατι-

164 1977 226 2018 κῆς
260 1973 425 2018 δαπάνης
459 1977 585 2017 ἔτυχον
619 1974 818 2020 εἰληφότες,
854 1971 952 2019 ὅμως
982 1975 1114 2009 οἰκεῖον
1143 1976 1251 2009 τοῦτο

1318 1665 1354 1696 et
1375 1670 1492 1705 paene
1515 1661 1624 1697 habet
1645 1661 1736 1697 haec
1759 1661 1940 1706 accipiens
1962 1661 2084 1697 fiscus.
2122 1660 2177 1696 De
2188 1670 2293 1696 sacra
2311 1670 2395 1698 vero

1318 1705 1387 1740 hac
1410 1705 1576 1750 largitate
1598 1706 1793 1752 excipimus
1816 1709 1890 1742 tam
1911 1705 2083 1742 militares
2105 1715 2211 1758 quam
2233 1705 2395 1742 foedera„

1317 1750 1408 1785 ticas
1432 1750 1688 1796 discussiones;
1712 1751 1812 1796 ipsae
1835 1751 1927 1787 enim
1942 1761 2014 1786 non
2029 1752 2239 1795 conungunt
2253 1749 2395 1795 quidem

1318 1796 1461 1831 nostros
1498 1796 1696 1838 subiectos,
1733 1796 1865 1831 iustam
1898 1806 1980 1832 vero
2014 1795 2236 1832 exactionem
2270 1798 2396 1831 contra

560 1843 681 1873 ικαίαν
706 1837 745 1873 δὲ
768 1839 837 1882 τὴν
859 1840 1040 1885 εἴςπραξιν
1062 1837 1138 1874 κατ’
1166 1842 1250 1874 ἐκεί·
1263 1843 1306 1875 35
1318 1840 1397 1875 illos
1424 1839 1585 1875 inferunt
1615 1840 1678 1886 qui
1706 1851 1780 1876 non
1804 1843 2045 1894 competenter
2066 1840 2111 1875 de
2130 1839 2275 1885 publico
2299 1840 2394 1876 acci-

1318 1885 1432 1930 piunt,
1455 1884 1511 1920 vel
1527 1884 1592 1931 (si)
1615 1885 1803 1922 occasione
1825 1885 1986 1921 militaris
2009 1884 2065 1921 vel
2081 1884 2319 1921 foederatieae
2333 1894 2394 1920 ex-

1318 1939 1452 1975 pensae
1475 1929 1698 1975 contigerunt
1720 1930 1948 1976 accipientes,
1977 1932 2097 1967 tamen
2121 1928 2304 1975 proprium
2326 1929 2395 1966 hoc

163 2067 390 2101 exactionem
414 2065 498 2100 inde
517 2076 697 2111 peraqere
722 2070 880 2111 temptat.
929 2064 1023 2108 Quin
1046 2076 1066 2100 e
1089 2066 1273 2101 contrario
1295 2076 1375 2100 eum
1398 2066 1461 2110 qui
1486 2067 1557 2100 tale
1579 2065 1669 2111 quia
1687 2066 1816 2111 facere
1838 2064 1960 2107 audet,
1985 2069 2168 2110 tamquam
2191 2064 2395 2100 donatione·-

163 2110 229 2146 bus
259 2111 395 2145 nostris
424 2110 630 2145 nociturum
661 2120 890 2146 aversamur:
925 2115 966 2145 ut
996 2111 1111 2145 omnis
1141 2109 1310 2155 deinceps
1340 2109 1545 2146 exactionis
1568 2120 1680 2145 causa
1703 2110 1760 2146 vel
1780 2108 2001 2145 machinatio
2023 2113 2096 2145 tam
2119 2108 2293 2144 adversus
2313 2108 2396 2145 sub-

163 2156 275 2191 iectos
304 2166 413 2201 quam
444 2154 617 2190 adversus
644 2155 773 2199 fiscum
803 2156 1010 2200 auferatur,
1044 2161 1154 2201 atque
1185 2155 1302 2190 maior
1331 2154 1415 2190 inde
1445 2165 1589 2201 quoque
1618 2154 1867 2201 tranquillitas
1895 2153 2063 2189 subiectis
2092 2154 2228 2189 nostris
2249 2153 2396 2190 existat.

165 2200 234 2235 His
265 2204 386 2236 autem
411 2199 666 2235 donationibus
696 2201 804 2235 etiam
827 2200 1082 2246 possessiones
1110 2200 1192 2246 frui
1223 2209 1467 2245 quaecumque
1497 2199 1548 2235 ad
1575 2209 1683 2235 sacra
1708 2199 1858 2245 privata
1880 2203 2008 2234 nostra
2031 2202 2097 2235 aut
2116 2208 2260 2234 sacrum
2275 2198 2397 2245 patri-

162 2245 318 2280 monium
348 2250 512 2280 nostrum
540 2246 759 2291 pertineant,
792 2252 828 2280 et
858 2256 903 2281 ne
935 2248 1064 2280 contra
1095 2244 1244 2280 colonos
1274 2243 1417 2289 quidem
1449 2248 1515 2280 aut
1544 2244 1781 2280 conductores
1811 2247 1877 2280 aut
1908 2242 2157 2290 emphyteutas
2181 2242 2397 2279 tributorum

162 2291 391 2326 exactionem
410 2300 484 2336 pro
506 2289 706 2335 praedictis
729 2301 752 2325 α
772 2290 875 2326 nobis
900 2289 1120 2336 temporibus
1142 2289 1216 2325 sive
1238 2288 1283 2324 ab
1308 2289 1354 2324 iis
1376 2289 1440 2335 qui
1464 2289 1599 2325 tributa
1621 2290 1779 2335 eoeiqunt
1800 2289 1875 2325 sive
1890 2299 1914 2323 a
1926 2288 2103 2335 palatinis
2116 2298 2239 2323 eorum
2255 2287 2400 2324 institui

163 2336 270 2370 licere
301 2334 403 2381 apud
433 2345 556 2371 omnes
586 2335 625 2370 in
657 2335 828 2386 confesso
860 2339 925 2371 est.
972 2334 1075 2370 Haec
1105 2338 1224 2370 autem
1254 2333 1299 2370 de
1329 2333 1376 2369 iis
1404 2333 1556 2370 dicimus
1585 2344 1680 2380 quae
1707 2333 1827 2370 adhuc
1849 2332 2022 2375 debentur
2044 2336 2080 2369 et
2100 2331 2202 2378 apud
2218 2331 2398 2368 subiectos

163 2384 310 2415 nostros
338 2383 432 2415 sunt.
481 2379 523 2414 Si
554 2379 642 2425 quid
672 2390 766 2414 emm
796 2379 853 2415 illi
881 2383 990 2415 antea
1022 2378 1199 2415 dederunt
1229 2378 1338 2424 idque
1367 2378 1470 2425 apud
1499 2378 1657 2415 curiales
1689 2379 1791 2425 sorte
1814 2378 1870 2414 vel
1891 2377 2071 2424 officiales
2092 2377 2150 2413 vel
2170 2380 2398 2424 susceptores

163 2425 218 2460 vel
251 2429 462 2470 acceptores
497 2425 554 2460 vel
615 2425 858 2460 rovinciarum
891 2427 1107 2460 tractatores
1136 2424 1325 2465 remansit,
1361 2422 1430 2459 hoc
1460 2434 1534 2459 non
1566 2423 1900 2471 comprehendimus
1930 2431 1996 2458 nec
2024 2425 2166 2468 partem
2190 2421 2398 2468 praesentis

163 2469 370 2504 donationis
393 2472 542 2505 nostrae
563 2436 733 2515 ssscz'mus,
756 2469 822 2504 sed
839 2470 930 2514 fisco
951 2469 1237 2510 conservabitur,
1260 2479 1340 2504 cum
1364 2468 1661 2504 absurdissimum
1683 2469 1743 2511 sit,
1767 2472 1808 2505 ut
1821 2468 1855 2503 si
1870 2466 1972 2513 quod
1984 2477 2007 2502 a
2024 2466 2191 2502 subiectis
2206 2466 2329 2503 datum
2343 2468 2398 2503 est

162 2525 235 2549 non
257 2515 370 2559 fiscus
393 2515 563 2561 accipiat,
586 2514 651 2550 sed
670 2515 855 2560 privatum
878 2514 1034 2549 aliorum
1059 2514 1197 2549 lucrum
1218 2513 1297 2558 fiat.

297 2559 344 2594 ΙΙ.
392 2559 445 2595 Ab
478 2559 547 2594 hac
563 2569 648 2595 vero
673 2559 888 2595 liberalitate
910 2564 1038 2595 nostra
1061 2570 1105 2595 ea
1129 2569 1274 2605 quoque
1296 2557 1534 2600 excludimus,
1557 2567 1652 2603 quae
1674 2557 1845 2601 confessa
1864 2556 1969 2603 forte
1990 2556 2047 2607 uel
2068 2556 2176 2591 etiam
2199 2556 2396 2592 constituta

162 2607 247 2639 sunt
273 2604 363 2647 fisco
395 2615 418 2639 a
451 2604 711 2639 tractatoribus
741 2604 797 2640 vel
826 2604 1030 2640 scriniariis
1060 2603 1118 2639 vel
1139 2603 1306 2638 arcariis.
1348 2602 1475 2648 Neque
1493 2603 1588 2638 enim
1611 2601 1677 2637 hos
1699 2611 1843 2647 quoque
1865 2600 2029 2647 aequalis
2051 2599 2259 2637 donationis
2274 2601 2396 2647 parti-

162 2649 260 2694 cipes
281 2648 476 2690 reddimus,
501 2650 670 2692 quoniam
689 2649 803 2693 fiscus
824 2649 933 2685 semel
953 2649 1042 2684 haec
1064 2648 1133 2683 sibi
1156 2647 1351 2684 vindicavit
1371 2652 1408 2683 et
1423 2645 1688 2700 propemodum
1708 2649 1859 2692 accepta
1881 2644 1997 2681 habet.
2038 2644 2398 2697 Excipimusputem

162 2704 185 2727 a
208 2702 316 2727 sacra
339 2692 408 2728 hac
432 2693 647 2729 liberalitate
671 2698 706 2729 et
729 2694 902 2729 militares
921 2698 956 2729 et
977 2692 1254 2740 foederatorum
1277 2692 1541 2734 discusszones;
1565 2690 1634 2727 hae
1648 2691 1742 2726 enim
1756 2691 1936 2727 subiectos
1951 2693 2096 2726 nostros
2111 2700 2186 2726 non
2201 2693 2396 2743 atttnqunt,

161 2737 227 2772 sed
256 2738 386 2772 iustam
418 2738 591 2777 adversus
620 2738 702 2774 illos
733 2739 963 2774 exactionem
994 2738 1171 2774 inducunt
1199 2738 1263 2784 qui
1293 2748 1367 2773 non
1400 2740 1644 2783 competenter
1673 2746 1724 2772 ex
1739 2735 1890 2782 publico
1913 2738 2150 2782 acceperunt:
2172 2734 2236 2781 qui
2258 2734 2398 2771 etnamsi

159 2783 262 2828 forte
284 2782 427 2817 nomine
450 2783 619 2818 militaris
643 2787 708 2819 aut
728 2783 1004 2828 foederatorum
1027 2785 1191 2829 sumptus
1215 2782 1433 2829 acceperint,
1459 2785 1578 2817 tamen
1600 2779 1670 2816 hoc
1691 2780 1884 2827 proprium
1908 2780 2048 2816 lucrum
2069 2779 2248 2825 fecerunt.
2279 2780 2398 2825 Atque

211 2876 225 2906 1
253 2870 274 2914 ἢ
300 2886 357 2905 om.
378 2884 396 2907 ς
414 2873 426 2915 ΙΙ
444 2872 701 2916 σπορτούλλων
726 2875 766 2907 Μ
784 2877 795 2916 ss
811 2871 1080 2918 πρωτοτύπων]
1105 2885 1247 2918 πρωτο-

160 2915 290 2951 τύπων
312 2914 451 2960 μᾶλλον
474 2919 506 2951 L
522 2918 535 2956 ΙΙ
554 2920 574 2951 2
599 2915 765 2951 *οὖδὲ-
782 2916 866 2951 οὐδὲ
890 2919 962 2952 ML
979 2919 991 2961 ΙΙ
1008 2919 1085 2959 τοῦ]
1111 2917 1193 2952 τοὺς
1215 2919 1248 2951 L

161 2963 209 3008 116
233 2961 277 2995 λα
306 2960 513 3005 βανόμενον
538 2963 596 2995 M‘²
626 2962 638 3006 ΙΙ
669 2965 707 2996 10
741 2959 800 2997 ὅτι
824 2961 864 2996 δὲ
886 2961 1041 3004 τούτων]
1067 2973 1166 3005 quam
1190 2973 1249 3007 per

162 3010 196 3051 (i.
223 3021 249 3041 e.
275 2975 349 3047 διιὰ)
375 3007 435 3039 has
458 3019 477 3043 ς
498 3006 510 3051 ΙΙ
538 3008 578 3042 13
603 3010 734 3041 κτίσεις
757 3009 788 3041 L
813 3008 825 3051 ΙΙ
851 3005 873 3050 ἢ
895 3007 1115 3051 μισθωτῶν]
1140 3018 1248 3050 neque

162 3055 278 3086 contra
301 3051 462 3085 locatores
486 3064 505 3088 ς
521 3052 532 3095 ΙΙ
557 3053 594 3085 16
619 3050 855 3085 παλλατίνων
878 3054 909 3085 L
927 3053 939 3096 ΙΙ
957 3054 996 3086 21
1027 3051 1247 3095 ἐκλήμπτορ-

161 3110 234 3153 σιν,
246 3098 291 3131 Μ
302 3097 314 3140 ΙΙ
332 3098 375 3131 22
403 3093 828 3175 συναιάἐαέιβανόμενονι
844 3098 877 3175 L&
893 3097 914 3175 ὲ
935 3094 1021 3152 οὐδὲ
1043 3099 1158 3163 onnaL
1175 3097 1187 3141 ΙΙ
1205 3099 1248 3151 24

160 3154 335 3230 ἶῗῖρῖωιῖ
356 3142 403 3221 {¹}
426 3143 548 3220 ’ἕδῗῗὸν
562 3154 756 3230 εὲἷὲρεέυωῖ
769 3142 1100 3231 Λῖτέρῷἷμῖἔῗῖἷῑ
1124 3141 1167 3221 22¹³
1190 3144 1249 3219 {3}

160 3232 297 3266 arcariis
321 3234 381 3264 aut
403 3232 588 3265 scriniariis
612 3244 632 3268 ς
648 3232 660 3274 ΙΙ
678 3233 720 3266 30
745 3228 841 3272 οὐδὲ]
866 3231 953 3264 nihil
979 3233 999 3264 ι’.
1020 3244 1045 3265 e.
1070 3229 1176 3265 οὐδὲν
1200 3232 1247 3274 §fl

161 3279 221 3310 καὶ
247 3289 304 3311 om.
322 3289 342 3313 ς
356 3277 368 3322 ΙΙ
388 3278 426 3312 31
455 3280 515 3310 καὶ
539 3274 671 3319 σχεδὸν
686 3295 729 3301 -
747 3278 789 3311 33
814 3274 879 3309 τάς
902 3288 940 3309 τε
957 3288 1015 3309 om.
1033 3277 1100 3314 ΜΙΙ
1120 3278 1163 3310 32
1187 3275 1246 3309 λα-

159 3321 240 3374 βιῖὸν
265 3323 295 3355 L
327 3323 340 3365 ΙΙ
373 3324 415 3356 33
447 3323 669 3356 discussionas
694 3322 725 3355 L
761 3318 908 3354 δίσκουσ
936 3323 1064 3354 σίονασ
1088 3322 1136 3355 M
1159 3321 1172 3365 ΙΙ
1204 3323 1247 3355 34
1313 3318 1319 3363 Ι

161 3369 281 3408 αυται]
306 3367 397 3409 ipsae
421 3369 442 3401 i.
461 3381 486 3401 e.
513 3365 621 3401 αὐταὶ
636 3379 656 3403 ς
672 3366 685 3410 ΙΙ
702 3368 743 3401 37
761 3363 841 3407 κᾶν]
858 3367 918 3399 καὶ
934 3362 1001 3399 κᾶν
1018 3367 1098 3399 coni.
1115 3366 1245 3400 Zacha-

160 3414 241 3453 riae,
264 3414 371 3446 malim
396 3408 419 3454 ἢ
441 3410 522 3447 κᾶν.

209 3547 224 3580 1
251 3544 482 3590 quomodisVH
496 3547 515 3580 3
534 3545 861 3589 deputationemVZ
885 3557 967 3579 corr.
985 3544 1168 3588 vulq.{aut
1184 3555 1242 3576 om.

169 3590 223 3634 Vss
244 3593 262 3623 5
280 3593 501 3634 praesumpsit
519 3591 549 3624 T
561 3591 573 3634 ΙΙ
593 3593 613 3625 6
630 3591 811 3634 repellibus
825 3591 858 3624 T
871 3590 884 3633 fl
900 3592 919 3624 7
935 3590 1044 3632 ipsum
1058 3607 1098 3613 —
1112 3598 1179 3621 non
1194 3589 1244 3620 cst

160 3636 298 3679 ylossam
325 3638 371 3671 ad
393 3649 455 3671 voc.
473 3636 663 3680 perinoeam
680 3638 876 3681 adscriptam
892 3647 950 3670 om.
966 3635 1052 3679 vulq.
1068 3633 1082 3679 ΙΙ
1101 3635 1120 3669 8
1145 3634 1241 3676 quae]

1315 2875 1376 2906 aut
1406 2872 1517 2915 ipsum
1540 2882 1624 2914 quae
1647 2871 1700 2915 Vn
1718 2866 1958 2904 consuetudine
1980 2869 2020 2912 V]
2043 2868 2318 2903 consuetudinem
2341 2867 2397 2914 Tss

1316 2916 1510 2961 perhineam
1526 2915 1608 2961 VTu
1619 2915 1744 2949 auferri
1759 2917 1840 2957 tam]
1857 2918 1917 2949 aut
1931 2915 2063 2949 feritam
2076 2915 2110 2948 T
2119 2916 2132 2956 11
2153 2915 2194 2948 10
2211 2910 2396 2959 ἄπραγμο-

1316 2962 1442 3005 σύνην]
1472 2964 1531 2994 aut
1559 2971 1619 3004 pas
1643 2971 1730 3004 pauo
1754 2971 1792 2994 co
1814 2961 1849 2994 V
1864 2962 1923 2994 aut
1945 2969 2071 3002 papaoo
2095 2958 2129 2992 T
2152 2957 2167 3002 ΙΙ
2192 2958 2298 2991 nostri
2317 2957 2396 2991 sub-

1316 3007 1394 3040 iecti
1417 3006 1572 3048 (subiecti
1593 3005 1712 3040 scr.V²
1735 3007 1768 3039 in
1790 3017 1840 3048 sp.
1863 3005 1950 3046 vac.)
1971 3003 2020 3048 V}
2049 3005 2084 3037 11
2109 3002 2335 3046 fruunturVfl
2355 3003 2396 3037 12

1316 3051 1447 3084 diuinio
1474 3052 1506 3084 T
1521 3052 1533 3093 ΙΙ
1560 3052 1603 3085 14
1625 3049 1841 3093 emphiteotas
1865 3048 1923 3092 ΤΙΙ
1942 3050 1982 3082 15
2032 3049 2065 3080 et
2087 3048 2174 3092 ναῖς.
2194 3045 2207 3091 ΙΙ
2225 3047 2266 3082 16
2289 3046 2331 3080 ab
2354 3047 2397 3080 iis

1316 3098 1417 3140 vulffi]
1442 3095 1519 3129 aliis
1544 3096 1578 3129 V
1594 3094 1717 3136 aliquis
1741 3094 1798 3137 ΤΙΙ
1815 3103 1835 3126 a
1854 3093 1901 3134 V]
1926 3105 1985 3126 om.
2011 3093 2044 3126 T
2057 3092 2143 3135 vulq.
2162 3091 2175 3136 ΙΙ
2197 3091 2396 3125 manifestis-

1316 3141 1437 3174 simum
1458 3141 1504 3180 V]
1528 3139 1740 3173 manifestum
1765 3139 1798 3171 T
1816 3138 1901 3181 vulq.
1928 3136 1942 3181 Ι
1973 3139 2013 3171 17
2045 3139 2140 3178 quae]
2172 3137 2213 3169 de
2236 3136 2289 3170 his
2311 3145 2397 3179 quas

1316 3187 1401 3229 vulq.
1468 3186 1508 3218 19
1533 3183 1676 3225 contigit
1699 3193 1753 3215 eos
1771 3183 1872 3226 vulq]
1899 3181 2067 3224 contingit
2090 3192 2144 3215 eos
2170 3182 2202 3216 T
2220 3181 2268 3215 eis
2289 3181 2396 3215 eonti-

1314 3231 1366 3272 git
1384 3228 1426 3274 V}
1447 3230 1489 3263 20
1505 3229 1683 3272 ypothecos
1703 3226 1753 3271 Vss
1769 3229 1805 3262 21
1828 3227 1917 3270 apud
1933 3227 1994 3260 hos
2009 3228 2111 3270 vulo]
2129 3225 2170 3260 ab
2186 3226 2240 3259 his
2256 3225 2339 3271 VTn
2351 3227 2395 3260 24

1314 3273 1530 3308 constitutam
1546 3273 1607 3307 VT
1618 3274 1630 3313 ΙΙ
1648 3272 1690 3306 ab
1707 3272 1763 3316 Vll
1781 3273 1822 3306 2¹1
1848 3282 1925 3305 vero
1949 3284 2007 3305 om.
2027 3271 2083 3315 Vn
2101 3273 2144 3306 29
2162 3270 2323 3304 archariis
2339 3270 2402 3305 VT

1320 3318 1429 3361 'nihil
1449 3318 1550 3358 enim]
1574 3317 1682 3350 nichis
1700 3327 1739 3350 ex
1761 3317 1794 3351 V
1813 3316 1826 3360 ΙΙ
1855 3318 1897 3352 30
1921 3318 2038 3359 aequa]
2063 3327 2129 3359 qua
2153 3316 2186 3350 T
2205 3315 2219 3360 η
2244 3315 2396 3349 donatio-

1314 3374 1389 3396 nem
1412 3362 1469 3406 ΤΙΙ
1486 3363 1567 3395 facit
1591 3363 1623 3395 T
1641 3362 1654 3406 ΙΙ
1679 3363 1718 3396 31
1746 3372 1838 3395 sacra
1860 3362 1960 3406 vu19.]
1983 3372 2076 3395 sacro
2098 3359 2187 3405 VTu
2204 3362 2249 3395 32
2272 3359 2396 3394 milita-

1314 3407 1360 3441 ris
1380 3408 1415 3441 V
1435 3407 1448 3450 fl
1476 3406 1683 3440 federaticias
1707 3407 1741 3441 T
1758 3408 1771 3451 ΙΙ
1801 3408 1845 3441 33
1868 3407 2073 3440 discutiones
2093 3406 2128 3440 V
2145 3405 2159 3449 fl
2180 3406 2272 3448 ipsae
2293 3405 2395 3448 only-l

1312 3453 1377 3495 ipsi
1391 3452 1455 3485 VT
1467 3451 1480 3495 ΙΙ
1498 3454 1540 3486 34
1564 3455 1695 3485 nostros
1717 3464 1776 3485 om.
1795 3452 1852 3495 Vll
1868 3453 1912 3486 36
1934 3451 2015 3485 *vel
2038 3450 2069 3484 si
2092 3451 2148 3494 (cfi
2166 3451 2315 3491 721,1o)1
2340 3448 2397 3483 uel

1314 3498 1390 3531 libri
1404 3496 1417 3539 ΙΙ
1434 3497 1589 3530 militaris
1613 3498 1711 3541 υαιφ]
1735 3496 1896 3530 militaria
1917 3497 1951 3531 V
1966 3495 2127 3530 militarie
2145 3495 2178 3529 T
2189 3494 2202 3539 ΙΙ
2219 3494 2271 3528 vel
2294 3494 2350 3528 val
2372 3494 2395 3535 .]

1311 3542 1350 3575 ut
1371 3540 1434 3575 VT
1455 3541 1468 3585 ΙΙ
1497 3541 1716 3576 foederatione
1738 3542 1837 3585 vul9.]
1865 3540 2044 3575 federatica
2063 3540 2098 3575 V
2113 3538 2308 3574 federaticia
2332 3507 2371 3572 1?
2382 3537 2396 3582 11

1311 3596 1473 3630 expensae
1493 3588 1591 3630 vuly]
1614 3596 1755 3630 expensa
1774 3586 1838 3620 VT
1857 3586 1871 3631 11
1897 3587 1938 3622 37
1959 3586 2198 3628 contingerunt
2218 3584 2290 3627 VT,
2309 3595 2393 3618 corr.

1309 3633 1398 3678 ναῖς.
1414 3631 1428 3678 fl
1445 3632 1508 3666 hoc
1530 3632 1703 3676 proprium
1726 3631 1760 3666 Τ
