2476 3854
133 102 241 146 Nov.
261 102 414 147 CXLII
443 106 469 146 2
1202 99 1286 147 706
1622 116 1683 146 mi
1710 115 1768 147 ns
1796 116 1875 155 Qm
1903 115 2140 148 Eunucnos
2167 116 2362 149 nomm·

1137 234 1294 271 CAPUT
1317 234 1363 270 11.

266 301 410 339 Αὗτοὺς
441 303 480 338 δὲ
510 303 593 339 τοὺς
623 300 923 347 εὗνουχισθέντας
956 304 994 345 ἐχ
1020 304 1063 346 ἧν
1091 304 1158 347 μὲν
1181 300 1256 338 ἀπὸ
1281 301 1533 347 παλαιοτέρων
1556 301 1708 347 χρόνων,
1743 301 1839 346 πλὴν
1862 302 2048 348 κελεύομεν
2071 300 2158 339 dicre
2181 303 2263 339 τοὺς
2284 302 2359 340 ἀπὸ

130 349 194 392 τῆς
226 349 456 385 duodecimae
485 348 688 384 indictionis
717 350 782 383 τοῦ
813 350 882 383 νῦν
904 360 997 393 παρε
1022 345 1155 382 θόντος
1178 345 1306 382 κύκλου
1330 344 1630 390 εὖνουχισθέντας
1649 344 1732 392 παρ’
1757 348 1964 383 οὖτινοςοῦν
1986 351 2026 384 ἐν
2048 349 2174 384 τόποις
2196 351 2260 393 τῆς
2281 347 2361 393 ἡμε-

131 397 234 439 τέρας
264 393 444 429 πολιτείας
475 393 680 439 ἐλευθέρους
712 393 823 436 εἶναι,
857 396 917 427 καὶ
949 393 1041 427 κατὰ
1072 391 1210 436 μηδένα
1241 393 1381 438 τρόπον
1412 390 1435 435 ἢ
1460 389 1674 434 οἱονδήποτε
1698 391 1790 427 εἶδος
1814 393 2106 441 συναλλάγματος
2128 395 2175 428 εἷς
2198 392 2362 428 δουλείαν

131 438 396 481 καθέλκεσθαι,
427 437 517 483 μηδὲ
547 436 770 483 συμβόλαιον
795 435 850 472 ἐπ’
877 435 997 472 αὐτοῖς
1029 436 1199 483 ἀγοραῖον
1229 436 1252 480 ἢ
1281 435 1471 482 ἰδιόχειρον
1501 434 1595 471 καθ’
1622 436 1835 481 οἱανδήποτε
1854 438 1992 484 τρόπον
2012 438 2035 483 ἢ
2058 439 2150 474 κατὰ
2175 443 2362 483 περίνοιαν

131 484 324 530 γινόμενον
356 482 378 526 ἢ
410 487 469 518 καὶ
502 483 743 529 γενησόμενον
769 486 924 528 κρατεῖν,
948 480 1040 517 άλλά
1060 481 1150 528 μηδὲ
1171 483 1236 518 τὰς
1259 481 1447 528 λεγομένας
1471 479 1673 528 ἀνακρίσεις
1692 485 1750 519 ἐπὶ
1775 486 1848 518 τοῖς
1870 483 2044 519 τοιούτοις
2054 485 2236 539 ,γίνεσθαι
2259 495 2360 530 προς-

133 528 246 564 ώποις
270 528 292 571 ἢ
314 533 502 575 γινομένας
525 532 685 574 κρατεῖν·
726 524 815 562 ἀλλὰ
839 531 898 562 καὶ
919 526 1060 563 πάντας
1081 527 1164 563 τοὺς
1185 525 1357 562 τοιούτοις
1381 524 1650 572 συναλλάγμασι
1672 527 1715 563 τὸ
1739 527 1869 564 λοιπὸν
1891 527 2159 576 ὑπουργουντας
2181 529 2245 563 τὰς
2267 526 2359 563 ἀνω·

130 577 224 616 τέριο
255 575 438 619 εἰρημένας
469 573 657 618 κελεύομεν
688 571 892 616 ὑποστῆναι
924 570 1058 608 ποινάς.
1107 574 1137 607 εἰ
1168 575 1294 617 μέντοι
1326 570 1385 605 διὰ
1418 571 1541 606 πάθος
1570 574 1687 620 συμβῇ
1713 571 1842 608 δοῦλον
1866 571 2164 618 εὗνουχισθῆναι,
2196 572 2362 608 κάκεῖνον

130 616 318 661 κελεύομεν
350 620 413 662 τῆς
436 617 641 663 ἐλευθερίας
664 617 872 666 τυγχάνειν
912 618 947 652 οἱ
968 618 1038 665 γὰρ
1058 618 1096 659 ἐξ
1120 615 1228 663 ἀρχῆς
1246 616 1346 652 ὄντες
1369 615 1554 662 ἐλεύθεροι
1577 618 1695 652 πάθει
1720 617 1768 653 ὠς
1790 617 1881 653 sixte
1902 618 2058 663 τοιούτῳ
2082 622 2361 665 περιπίπτοντες

131 664 270 697 ἑαυτῶν
298 664 439 706 ἔχουσιν
470 663 647 707 ἐξουσίαν,
679 661 727 707 ἢν
758 659 805 697 ἂν
829 661 968 697 θέλωσι
991 663 1195 708 θεραπείαν
1219 663 1356 696 ἑαυτοῖς
1378 661 1577 708 προςάγειν.
1624 662 1707 697 τοὺς
1730 660 2032 707 εὐνουχισθέντας
2053 668 2177 699 τοίνυν
2196 661 2272 699 ἀπὸ
2296 664 2361 699 τοῦ

128 709 442 751 μνημονευθέντος
464 707 592 754 χρόνου
616 710 656 742 ἐν
679 709 724 755 τῇ
748 707 903 753 ἡμετέρᾳ
923 707 1089 751 πολιτείᾳ
1112 705 1195 753 παρ’
1222 705 1426 750 οἱῳδήποτε
1450 707 1631 751 προςούπῳ
1656 705 1766 742 ὄντας
1788 707 1976 753 κελεύομεν
1999 706 2279 752 ἀναζητηθῆναι
2302 711 2361 742 καὶ

130 752 336 798 ἐλευθέρους
367 753 460 788 εἶναι
492 752 754 798 καὶμηδέποτε
777 754 825 787 εἰς
848 751 1012 788 δουλείαν
1034 750 1179 787 τούτους
1202 752 1461 786 καθέλκεσθαι.
1509 752 1541 785 εἰ
1562 755 1686 796 μέντοι
1709 753 1937 798 θαρρήσουσί
1957 765 2050 788 τινες
2072 755 2110 795 ἐξ
2133 751 2260 788 αὗτῶν
2282 755 2361 788 τῶν

129 796 446 840 εὖνουχισθέντων
468 798 569 833 τινὰς
591 799 682 843 μετὰ
706 798 774 833 τὸν
798 798 967 844 παρόντα
990 796 1095 842 ἡμῶν
1117 799 1277 841 ἐπισχεῖν
1299 795 1423 841 νόμον,
1447 794 1595 841 δίδομεν
1619 795 1747 831 ἄδειαν
1768 801 1828 832 καὶ
1853 795 1973 833 αὐτοῖς
1986 802 2059 833 τοῖς
2076 795 2361 842 εὖνουχισθεῖσιν

131 841 178 877 ὠς
203 840 303 883 ἅπαξ
327 843 532 889 ἐλευθερίας
556 845 594 877 ἐκ
618 845 681 878 τοῦ
706 843 885 887 παρόντος
908 841 1014 887 ἡμῶν
1037 844 1180 886 τυχοῦσι
1203 839 1327 886 νόμου,
1354 842 1521 876 ἐνταῦθα
1542 843 1610 887 μὲν
1633 844 1678 889 τῇ
1702 856 1742 877 τε
1764 841 1933 887 βασιλείᾳ
1947 846 2128 886 προςιέναι
2143 845 2197 887 τῷ
2213 856 2253 877 τε
2268 841 2362 878 κατὰ

129 887 256 933 καιρὸν
277 886 470 933 ἁγιωτάτῳ
496 886 700 936 πατριάρχῃ
725 891 784 922 καὶ
805 891 878 922 τοῖς
898 886 1147 929 ἐνδοξοτάτοις
1170 883 1275 931 ἡμῶν
1298 886 1444 932 ἄρχουσι
1469 886 1749 934 προςαγγέλλειν,
1768 889 1809 922 ἐν
1829 885 1868 921 δὲ
1883 891 1960 922 ταῖς
1977 889 2161 933 ἐπαρχίαις
2180 891 2254 922 τοῖς
2268 886 2361 922 κατὰ

129 932 246 967 τόπον
273 931 485 968 ὁσιωτάτοις
517 931 726 968 ἐπισκόποις
749 937 809 967 καὶ
833 936 907 968 τοῖς
929 933 1073 968 τούτων
1097 932 1279 978 ἄρχουσιν,
1303 930 1357 978 ἐφ’
1385 933 1415 975 ᾡ
1433 936 1587 977 προνοίᾳ
1610 932 1765 968 πάντων
1787 933 1866 966 τῶν
1885 932 2069 978 ἡμετέρων
2093 931 2282 979 ἀρχόντων
2302 935 2362 967 καὶ

128 976 287 1021 κινδύνῳ
319 979 397 1013 τῶν
427 979 662 1023 πειθομένων
693 976 814 1013 αὐτοῖς
844 976 987 1018 τάξεων
1021 979 1092 1013 εἴτε
1123 981 1163 1012 ἐν
1194 976 1586 1012 Κωνσταντινουπόλει
1616 978 1688 1012 εἴτε
1719 979 1760 1011 ἐν
1792 978 1904 1023 ἑτέρῳ
1939 976 2144 1021 οἱῳδήποτε
2171 977 2278 1021 τόπῳ
2300 977 2364 1021 τῆς

128 1022 301 1069 ἡμετέρας
331 1022 513 1058 πολιτείας
543 1024 688 1058 τούτους
713 1021 937 1058 ἐκδικεῖσθαι
960 1026 1020 1057 καὶ
1044 1022 1296 1069 φυλάττεσθαι
1320 1022 1388 1066 τὴν
1412 1023 1450 1056 ἐκ
1473 1024 1539 1056 τοῦ
1564 1023 1744 1069 παρόντος
1767 1021 1872 1066 ἡμῶν
1895 1021 2007 1066 νόμου
2030 1002 2222 1068 διδομένην
2244 1021 2365 1056 αὐτοῖς

129 1067 349 1114 ἐλευθερίαν.
397 1067 565 1113 παριδεῖν
593 1067 663 1116 γὰρ
695 1069 825 1124 φόνους
851 1067 1043 1103 τοσούτους
1073 1070 1279 1115 γινομένους
1309 1066 1402 1101 κατὰ
1432 1066 1617 1113 πρόφασιν
1649 1068 1726 1102 τῶν
1756 1068 1802 1102 τοὶ
1834 1068 1989 1102 τοιαῦτα
2011 1067 2234 1112 τολμώντων
2255 1069 2297 1102 ἐν
2318 1067 2363 1121 τῇ

128 1110 282 1159 ἡμετέρᾳ
314 1112 478 1157 πολιτείᾳ
501 1111 668 1158 οὐδαμῶς
690 1113 908 1158 ανεχόμεθα.
957 1114 987 1147 εἰ
1010 1113 1079 1160 γὰρ
1102 1114 1282 1159 βάρβαροι
1307 1111 1525 1147 ἀκούσαντες
1547 1113 1625 1147 τῶν
1646 1109 1832 1159 ἡμετέρων
1854 1115 1937 1160 περὶ
1959 1111 2089 1148 τούτου
2112 1111 2367 1160 παραγγελιων

127 1158 261 1193 ταύτας
291 1157 485 1205 ἐφύλαξαν,
515 1160 594 1193 πῶς
625 1157 673 1193 ἂν
702 1155 799 1203 ἡμεῖς
828 1157 1122 1205 συγχωρήσαιμεν
1152 1159 1244 1202 μετὰ
1275 1155 1454 1192 τοσαύτας
1483 1158 1562 1191 τιῖν
1585 1158 1658 1203 πρὸ
1682 1156 1788 1202 ἡμῶν
1809 1156 2123 1203 βεβασιλευκότων
2145 1158 2365 1203 νομοθεσίας

128 1203 297 1238 τοιοῦτόν
321 1217 358 1238 τι
382 1200 664 1250 ἂμαρτάνεσθαι
686 1202 709 1247 ἢ
733 1201 968 1247 ἀνεκδίκητον
992 1205 1033 1238 ἐν
1056 1205 1100 1251 τῇ
1123 1201 1276 1248 ἡμετέρᾳ
1295 1201 1458 1246 πολιτείᾳ
1480 1201 1844 1246 καταλιμπάνεσθαις

263 1257 381 1304 (Ἐπί
389 1258 438 1294 λο
443 1260 549 1314 yos.)
601 1260 651 1294 Τὰ
680 1264 806 1295 τοίνυν
837 1258 1080 1305 παραστάντα
1110 1256 1196 1304 ἡμῖν
1226 1262 1286 1293 καὶ
1317 1257 1378 1293 διὰ
1400 1257 1507 1293 τοῦδε
1529 1259 1595 1294 τοῦ
1618 1259 1724 1293 θείου
1746 1260 1886 1306 γενικοῦ
1912 1257 2113 1303 δηλούμενα
2136 1256 2250 1304 νόμου
2270 1256 2292 1303 ἦ
2317 1258 2363 1303 σὴ

129 1302 319 1349 ἐνδοξότης
351 1306 518 1340 ἐνταυθά
551 1319 591 1340 τε
622 1308 683 1339 καὶ
709 1306 803 1339 κατὰ
835 1303 959 1351 χώραν
989 1305 1120 1351 πράξει
1151 1307 1211 1339 καὶ
1241 1301 1499 1350 παραφυλάξει.
1552 1303 1634 1340 Dat.
1666 1303 1745 1341 XV.
1776 1305 1813 1340 k.
1845 1305 1933 1341 Dec.
1958 1305 2115 1350 Septimo
2145 1304 2271 1350 (imp.)
2303 1305 2362 1341 dn.

129 1350 321 1386 Iustiniani
344 1360 405 1396 pp.
429 1352 520 1395 Aug.
546 1360 639 1387 anno
663 1350 816 1386 XXXII.
841 1353 924 1396 post
948 1360 1046 1387 cons.
1068 1350 1192 1386 Basilii
1214 1360 1267 1385 vc.
1293 1359 1385 1385 anno
1409 1349 1523 1386 XVII.
2212 1353 2259 1392 [a.
2284 1352 2364 1393 558]

263 1454 289 1476 c.
305 1442 349 1475 II
359 1454 389 1475 υ.
405 1444 494 1476 4-7
515 1454 667 1476 summam
691 1454 731 1476 ex
745 1442 823 1475 Ath.
842 1442 960 1476 habent
978 1441 1142 1486 paratitla
1157 1441 1233 1475 Am.
1252 1442 1294 1476 14
1309 1440 1331 1484 ξ
1343 1448 1395 1480 10;
1419 1452 1449 1474 υ.
1468 1441 1568 1484 14sq.
1593 1446 1811 1484 arqumentum
1833 1447 1977 1484 repetunt
1993 1441 2160 1485 paratitla
2173 1440 2251 1475 Aeta.
2266 1443 2282 1476 1
2303 1445 2364 1482 §8-

262 1597 309 1632 11.
357 1595 467 1650 Ipsos
496 1602 616 1632 autem
647 1601 827 1633 castratos
859 1596 1002 1632 tametsi
1028 1596 1219 1642 oportebat
1250 1596 1322 1630 iam
1343 1594 1388 1630 ab
1413 1594 1679 1643 antiquioribus
1703 1596 1932 1642 temporibus,
1955 1601 1995 1631 at
2017 1597 2140 1642 utique
2161 1595 2321 1632 iubemus
2341 1607 2366 1632 a

128 1641 340 1679 duodecima
371 1642 566 1677 indictione
594 1642 687 1688 cycli
717 1652 813 1676 nune
839 1641 1034 1687 praeteriti
1054 1651 1123 1686 per
1146 1651 1401 1686 quemcumque
1421 1640 1459 1675 in
1484 1641 1572 1675 locis
1595 1640 1650 1675 rei
1665 1640 2008 1686 publicaenostrae
2031 1645 2212 1677 castratos
2234 1640 2367 1677 liberos

129 1698 216 1729 esse,
247 1698 313 1723 nec
345 1687 420 1723 ullo
451 1686 558 1722 modo
591 1687 710 1723 ullove
759 1697 864 1722 encre
888 1689 1098 1722 contractus
1120 1685 1158 1720 in
1181 1685 1385 1721 servitutem
1408 1684 1558 1727 retrahi,
1589 1695 1655 1720 nec
1676 1685 1950 1721 instrumentum
1972 1685 2018 1721 de
2039 1685 2087 1720 iis
2101 1685 2288 1732 publicum
2311 1685 2369 1722 vel

124 1733 274 1781 privata
297 1742 406 1767 manu
438 1732 611 1777 scriptum
643 1742 713 1778 quo
768 1731 844 1766 ullo
877 1730 984 1765 modo
1016 1730 1072 1766 vel
1092 1729 1231 1775 fraude
1259 1730 1402 1775 sactum
1431 1731 1479 1765 sit
1508 1730 1722 1775 futurumve
1748 1730 1799 1765 sit
1828 1729 1958 1774 valere,
1987 1729 2052 1765 sed
2073 1741 2119 1766 ne
2140 1730 2367 1778 coqnitiones

129 1774 356 1822 (ἀνακρίσεις)
381 1777 522 1822 quidem
546 1787 641 1822 quae
664 1776 899 1824 appellantur
913 1776 951 1810 in
972 1775 1148 1811 eiusmodi
1162 1775 1335 1821 personis
1355 1774 1439 1819 fieri
1461 1779 1525 1810 aut
1545 1774 1672 1820 factas
1694 1774 1838 1810 valere:
1868 1785 1990 1810 verum
2016 1775 2125 1811 etiam
2156 1785 2278 1812 omnes
2301 1776 2369 1822 qui

128 1822 305 1857 eiusmodi
332 1820 576 1857 contractibus
603 1822 642 1856 in
669 1825 856 1868 posterum
887 1821 1120 1855 ministerium
1147 1820 1350 1866 praebeant
1377 1830 1492 1866 supra
1521 1819 1638 1855 dictas
1653 1829 1799 1871 poenas
1820 1819 1941 1855 subire
1963 1819 2134 1855 iubemus.
2182 1819 2224 1856 Si
2247 1824 2366 1856 tamen

121 1871 282 1914 propter
311 1867 471 1903 morbum
500 1866 688 1913 continqat
716 1869 757 1901 ut
784 1876 910 1902 servus
941 1867 1129 1906 castretur,
1158 1864 1260 1899 illum
1285 1874 1428 1910 quoque
1451 1863 1613 1900 iubemus
1636 1863 1801 1900 libertate
1816 1864 1956 1911 potiri:
2017 1864 2055 1899 ui
2075 1864 2170 1900 enim
2193 1865 2238 1901 ab
2260 1865 2364 1901 initio

131 1913 234 1948 liberi
263 1915 347 1947 sunt
377 1911 438 1947 ubi
467 1911 506 1946 in
538 1911 644 1947 talem
673 1911 775 1958 forte
805 1910 967 1946 morbum
998 1909 1221 1952 inciderunt,
1256 1909 1314 1944 sui
1344 1913 1558 1955 potestatem
1586 1908 1734 1951 babent,
1752 1913 1808 1944 vut
1830 1909 1928 1955 quod
1949 1919 1990 1945 ve
2005 1910 2061 1945 int
2080 1909 2150 1945 sibi
2171 1909 2366 1946 remedium

128 1956 332 1993 adhibeant.
382 1957 567 1991 castratos
596 1957 709 2002 iqitur
739 1955 823 1992 inde
851 1967 875 1991 a
906 1959 1104 1990 memorato
1133 1958 1292 2000 tempore
1316 1955 1380 1999 qui
1403 1954 1442 1989 in
1465 1965 1505 1990 re
1523 1953 1674 2000 publiea
1697 1957 1823 1989 nostra
1845 1953 1946 2000 apud
1965 1954 2261 2002 qualemcumque
2282 1965 2365 2000 per·

127 2013 255 2037 sonam
286 2005 390 2045 sunt,
420 2001 562 2047 requiri
583 2001 744 2036 iubemus
766 2005 802 2038 et
825 2000 957 2036 liberos
972 2009 1049 2035 esse
1071 2009 1187 2045 neque
1209 2009 1378 2045 umquam
1402 2009 1465 2035 eos
1488 2000 1525 2034 in
1548 1999 1753 2035 servitutem
1775 1998 1923 2035 retrahi.
1979 1999 2110 2035 Verum
2131 2000 2164 2035 si
2187 2001 2251 2046 qui
2274 2010 2367 2046 quos

128 2058 178 2083 ex
199 2047 288 2093 ipsis
311 2046 480 2082 castratis
500 2050 586 2093 post
602 2050 834 2092 praesentem
858 2045 971 2091 leqem
994 2048 1157 2080 nostram
1173 2044 1332 2079 detinere
1347 2044 1428 2079 ausi
1442 2044 1526 2086 sint,
1550 2044 1640 2090 ipsis
1653 2054 1797 2096 quoque
1812 2044 1982 2080 castratis
1995 2044 2212 2090 facultatem
2227 2044 2366 2089 damus,

128 2092 265 2138 quippe
287 2092 350 2138 qui
372 2091 481 2127 semel
504 2091 669 2127 libertate
692 2102 741 2127 ea:
763 2090 949 2137 praesenti
973 2089 1051 2136 leqe
1061 2089 1176 2136 potiti
1198 2089 1284 2131 sint,
1308 2088 1367 2124 hic
1390 2089 1531 2135 quidem
1556 2095 1628 2124 tam
1645 2092 1901 2135 imperatorem
1916 2089 2077 2125 adeundi
2089 2099 2198 2135 quam
2213 2090 2366 2126 sanctis·

126 2138 217 2172 simo
244 2147 319 2183 pro
353 2140 511 2182 tempore
537 2135 774 2182 patriarchae
807 2141 844 2171 et
870 2135 1142 2181 qloriosissimis
1170 2133 1443 2180 maqistratibus
1473 2134 1609 2169 nostris
1637 2144 1712 2169 rem
1742 2133 1942 2180 deferendi,
1971 2134 2010 2168 in
2029 2134 2230 2180 provinciis
2249 2139 2366 2171 autem

126 2181 363 2218 sanctissimis
392 2182 554 2217 locorum
585 2181 766 2228 episeopis
795 2185 831 2217 et
861 2191 986 2216 earum
1011 2178 1263 2227 praesidibus.-
1301 2182 1342 2214 ut
1362 2178 1598 2226 providentia
1622 2179 1779 2214 omnium
1804 2179 2082 2224 maqistratuum
2105 2184 2309 2215 nostrorum
2332 2186 2369 2215 et

122 2227 289 2274 periculo
315 2226 525 2273 officiorum
550 2237 644 2271 quae
666 2226 712 2261 iis
734 2225 993 2272 obtemperant,
1017 2225 1091 2261 sive
1109 2224 1421 2276 constantinopoli
1442 2225 1516 2260 sive
1540 2225 1578 2259 in
1602 2224 1676 2259 alio
1700 2222 1859 2269 quolibet
1874 2224 1955 2260 loco
1971 2223 2204 2270 reipublicae
2219 2228 2368 2260 nostrae

126 2273 182 2308 illi
212 2272 438 2307 vindicentur
467 2275 577 2317 atque
607 2271 753 2308 libertas
786 2282 836 2307 ex
856 2270 1044 2317 praesenti
1068 2269 1146 2315 leqe
1169 2272 1296 2305 nostra
1320 2270 1366 2304 its
1388 2269 1475 2304 data
1499 2272 1739 2305 conservetur.
1786 2268 1881 2304 Nam
1906 2273 1961 2304 tot
1982 2268 2110 2305 caedes
2126 2279 2199 2317 per
2221 2279 2367 2305 causam

126 2328 250 2353 eorum
281 2318 346 2363 qui
373 2317 443 2351 ista
467 2316 601 2352 audent
623 2317 662 2351 in
685 2327 726 2351 re
747 2316 896 2362 publica
920 2318 1046 2350 nostra
1070 2315 1277 2350 commissas
1300 2314 1491 2360 neqleqere
1513 2313 1614 2349 nullo
1638 2313 1746 2349 modo
1770 2314 1995 2350 sustinemus.
2042 2313 2087 2350 Si
2106 2314 2200 2350 enim
2221 2314 2368 2351 barbari

126 2363 262 2398 auditas
284 2362 420 2398 nostris
442 2361 486 2396 de
509 2360 578 2396 lzac
600 2372 641 2397 re
657 2361 871 2415 praeceptis
893 2371 937 2396 ea
960 2359 1222 2405 custodierunt,
1246 2359 1425 2405 quomodo
1449 2369 1517 2395 nos
1536 2358 1723 2405 patiamur
1743 2362 1829 2405 post
1852 2362 1907 2395 tot
1926 2359 2093 2405 priorum
2110 2360 2367 2406 imperatorum

125 2408 332 2443 sanctiones
355 2406 529 2441 eiusmodi
552 2406 693 2453 aliquid
715 2406 889 2443 committi
910 2405 965 2441 vel
987 2404 1139 2440 inultum
1162 2405 1201 2439 in
1223 2415 1264 2440 re
1281 2404 1432 2450 publica
1455 2409 1583 2440 nostra
1605 2403 1787 2450 relinqui?

262 2463 350 2510 Epi
359 2463 372 2498 l
381 2474 401 2498 ο
409 2473 502 2509 qus.
548 2461 649 2505 Quae
681 2463 794 2510 iqitur
823 2463 927 2499 nobis
951 2461 1174 2508 placuerunt
1204 2464 1240 2496 et
1266 2471 1337 2507 per
1367 2459 1463 2496 hanc
1490 2470 1635 2496 sacram
1665 2459 1870 2507 qeneralem
1901 2459 2014 2507 leqem
2043 2458 2279 2496 declarantur
2306 2463 2368 2497 tua

125 2509 246 2555 qloria
270 2515 306 2545 et
327 2508 386 2544 liic
409 2511 445 2543 et
466 2508 504 2542 in
525 2509 716 2554 provincia
738 2512 941 2555 exequetur
963 2510 1073 2552 atque
1096 2505 1308 2542 observabit.

177 2669 189 2700 1
218 2664 387 2707 Χρόνων]
420 2665 569 2699 liberiore
599 2671 762 2697 structura
793 2664 984 2707 iunqendum
1009 2660 1217 2707 ἐλευθέρους

126 2710 220 2745 εἶναι
250 2713 292 2752 (υ.
319 2712 370 2751 3):
411 2711 499 2753 quod
527 2711 653 2743 verbum
686 2710 749 2748 (vel
783 2706 1084 2753 ἐλευθεροῦσθαι)
1121 2710 1216 2741 inter-

128 2758 244 2789 cidisse
275 2767 337 2787 non
369 2762 464 2788 reete>
481 2762 600 2798 putant
623 2754 717 2787 Beck
745 2761 773 2787 et
797 2754 985 2787 Zachariae
1014 2753 1026 2795 ΙΙ
1053 2750 1135 2786 τοὺς
1158 2765 1216 2786 οηι.

126 2802 288 2836 Nomoc.''¹
305 2799 317 2842 ΙΙ
344 2800 363 2833 2
388 2799 450 2841 τῆς
474 2812 532 2832 οπι.
558 2800 589 2832 L
608 2798 620 2842 ΙΙ
643 2798 855 2831 duodecimae
878 2798 1073 2830 indictionis
1099 2798 1217 2831 Serim-

126 2848 195 2890 9er]
229 2843 550 2877 duodecimaenduae
581 2842 822 2886 έπινεμήσεως
851 2844 898 2876 M
926 2842 1069 2884 degcmia
1100 2843 1218 2876 ἐπινε-

126 2888 267 2935 ’μιήσεως
290 2890 323 2922 L
359 2886 506 2929 δεκάτης
530 2887 772 2929 ἐπινεμήσεως
797 2888 845 2921 Μ.
868 2900 893 2920 ε.
914 2900 957 2929 υ.,
983 2889 1018 2921 Β
1046 2887 1059 2929 ss
1088 2885 1217 2931 παρελ-

126 2935 260 2969 θόντος
286 2935 341 2975 M]
378 2931 601 2967 ἐπελθόντος
628 2934 694 2965 LB
730 2929 995 2971 ὑπεξελθόντος
1031 2931 1217 2976 ΝοηιοοΙηΙΙ

128 2984 147 3014 3
182 2976 205 3023 ἢ
238 2980 286 3020 B]
323 2991 381 3011 om.
414 2979 486 3012 ML
516 2979 527 3016 ΙΙ
553 2974 766 3019 οἱονδήποτε
802 2976 892 3010 εἶδος
926 2974 1218 3022 συναλλάγματος

127 3026 217 3066 MR]
237 3020 449 3066 οἷουδήποτε
474 3020 585 3055 εἴδους
609 3020 878 3067 συναλλάγματι
893 3022 1024 3066 Lvulq.
1041 3023 1053 3064 ΙΙ
1073 3026 1093 3055 4
1116 3018 1215 3055 αἰτῶ

128 3072 288 3106 Nomoc.''¹
307 3068 319 3114 ΙΙ
337 3072 356 3103 5
379 3066 574 3114 γενόμενον
598 3068 758 3101 Νονηοε.”ι
771 3068 856 3110 vulq.
875 3066 887 3109 ΙΙ
905 3068 963 3098 καὶ
990 3067 1048 3107 Μ]
1073 3079 1133 3100 om.
1146 3067 1216 3099 LB

126 3115 174 3161 11ss
198 3113 395 3161 γενομένας
418 3114 578 3147 Nomoc.m
600 3112 687 3155 vulf).
714 3111 726 3151 ΙΙ
750 3110 836 3144 τους
856 3113 930 3143 τοῖς
952 3111 1126 3144 τοιούτοις
1145 3112 1213 3145 Νο-

127 3166 231 3194 moc.'⁷¹
251 3161 298 3199 119
323 3156 368 3193 ἄν
394 3158 465 3191 ML
490 3158 662 3198 Nomoe.''']
688 3169 745 3189 om.
771 3156 807 3189 B
824 3157 836 3199 ss
862 3153 1028 3188 ἐθέλουσι
1053 3157 1214 3189 Nemean

127 3204 139 3250 ΙΙ
158 3207 197 3239 12
223 3202 481 3246 δίδομεν-13
506 3200 620 3245 νόμον
644 3215 700 3235 om.
727 3202 887 3235 Nomen„
905 3203 915 3243 ΙΙ
938 3202 977 3234 14
1002 3203 1072 3241 καὶ]
1098 3199 1120 3243 ἢ
1145 3201 1212 3234 Νο-

128 3251 259 3294 ηιοε.”Ἰ]
280 3252 319 3284 17
346 3246 587 3295 φυλάττοντες
612 3247 641 3279 L
657 3246 669 3291 ΙΙ
689 3242 878 3289 διδομένην
903 3245 945 3278 M
961 3246 1132 3287 Nomoc.’⁷']
1158 3242 1209 3279 δε-

1284 2658 1439 2705 δομένην
1462 2662 1532 2695 LB
1560 2660 1573 2705 ΙΙ
1603 2663 1644 2696 19
1675 2659 1868 2706 βάρβαροι]
1898 2666 1920 2695 ι’.
1938 2674 1964 2695 e.
1989 2661 2081 2695 Abas
2104 2663 2138 2702 i;
2161 2664 2204 2703 cll
2230 2662 2367 2707 Procop-

1286 2709 1325 2740 de
1350 2708 1430 2739 bello
1454 2707 1549 2740 Goth.
1565 2708 1598 2748 4,
1612 2713 1639 2749 3,
1661 2708 1787 2750 Euayr.
1808 2708 1879 2740 laist.
1897 2708 1970 2740 eccl.
1988 2708 2020 2748 4,
2034 2674 2102 2751 Ὦῇ
2117 2705 2370 2751 παραγγελιῶν

1285 2750 1417 2785 ταύτας
1441 2752 1514 2785 ML
1537 2752 1710 2792 Nomocfl']
1742 2748 2054 2796 παραγγελμάτων
2079 2751 2198 2785 ταῦτα
2222 2752 2258 2785 Β
2285 2753 2298 2796 11
2327 2754 2369 2788 20

1285 2794 1683 2876 ΞυγχωρήσαὶιημῖνὶᾷΒ]
1708 2797 1998 2874 σ’τιιγχωρήἷέμεν
2020 2796 2064 2829 Μ
2078 2797 2170 2874 Ξῖιιίρ.
2184 2796 2370 2876 ἒῑβεβαῦἷ

1285 2853 1463 2927 §gigig-⁶213)
1482 2882 1504 2929 ἢ
1527 2889 1588 2920 καὶ
1599 2843 1773 2939 ἐᾜοιῗατλι
1797 2842 2171 2937 ιμῖσῐτιάνεῖἴτὶῧῖηοομιιῃ
2190 2887 2232 2921 23
2248 2854 2280 2919 (711.
2292 2885 2370 2921 XV.

1285 2944 1316 2975 k.
1342 2942 1411 2977 dec.
1438 2943 1484 2975 M
1507 2942 1573 2975 dat.
1598 2944 1661 2986 Χβ
1690 2943 1726 2983 (i.
1745 2955 1771 2976 e.
1797 2933 1868 2982 Χῖ)
1904 2938 2040 2988 ἐγράφη
2071 2938 2217 2975 καλανδ.
2250 2938 2370 2986 δεκεμ-

1284 2990 1402 3033 βρίων
1417 2988 1492 3020 Atta.
1509 2989 1579 3021 cod.
1594 2989 1664 3029 (ubi
1685 2988 1852 3021 delendum
1876 2987 2027 3032 ἐγράφη)
2051 2984 2269 3030 έξεφωνήθη
2283 2989 2369 3030 μηνὶ

1286 3030 1485 3077 δεκεμβρίῳ
1518 3032 1637 3066 Theod.
1671 3031 1684 3075 ΙΙ
1717 3032 1864 3075 Septimo
1895 3032 1951 3074 (cf
1976 3043 2013 3074 p.
2039 3032 2114 3072 572,
2136 3032 2204 3073 36)]
2240 3032 2280 3065 ἐν
2315 3032 2368 3074 τῷ

1285 3078 1437 3119 σε’πτιμο
1461 3078 1535 3110 ΑίΙι.
1561 3077 1626 3109 ΟΡ.
1653 3076 1701 3109 M
1716 3079 1802 3120 vulq.
1827 3077 1897 3117 (om.
1925 3076 1959 3108 Τ
1955 3076 2059 3116 head.)
2084 3075 2096 3118 ΙΙ
2121 3076 2193 3109 ἔτει
2225 3074 2279 3119 λβ’
2308 3077 2371 3120 τῆς

1283 3120 1466 3165 βασιλείας
1487 3117 1742 3154 Ἰουστινιανοῦ
1770 3118 1861 3164 μετὰ
1894 3116 2074 3154 ὑπατείαν
2105 3118 2296 3154 Βασιλείου
2323 3121 2367 3155 τὸ

1284 3166 1329 3207 ιζ’
1356 3167 1476 3199 Τίιεοιί.
1502 3166 1557 3198 dn.
1581 3167 1658 3198 inst.
1685 3176 1740 3208 pp.
1765 3175 1839 3207 nug.
1865 3163 2004 3198 basil-ta)
2032 3175 2082 3198 ue.
2107 3176 2213 3201 conss.
2239 3167 2285 3199 Μ
2303 3168 2369 3210 βα-

1283 3208 1415 3244 σιλείας
1429 3206 1684 3244 Ἰουστινιανοῦ
1707 3209 1799 3252 μετὰ
1822 3209 1891 3252 τὴν
1915 3205 2094 3244 ὑπατείαν
2109 3208 2299 3244 Βασιλείου
2321 3211 2366 3245 τὸ

1283 3253 1328 3289 ιδ’
1354 3257 1428 3289 Aila.
1453 3257 1566 3289 omisso
1592 3256 1719 3298 imperii
1742 3267 1837 3287 anno.

2388 711 2428 744 10

2388 935 2428 968 15

2388 1160 2430 1194 20
