2592 3840
229 92 334 135 Nov.
367 93 445 136 XV
474 107 535 149 pr.
569 96 587 135 1

230 204 424 246 ποιοῦντες,
452 207 509 238 καὶ
529 205 635 238 τοῦτο
659 204 720 239 τοῦ
743 205 842 238 ἔτους
864 200 1030 237 πολλάκις
1054 203 1116 236 ἐπὶ
1139 200 1303 237 πλείοσιν

228 247 441 294 ἀνθρώποις
473 246 706 295 πράττοντες·
743 245 830 283 (ι’)’ςτε
863 250 923 281 καὶ
958 247 993 280 οἱ
1027 246 1209 287 ταξεῶται
1242 250 1303 291 καὶ

229 294 265 328 οἱ
291 296 368 328 τῶν
391 293 532 328 πόλεων
564 292 727 340 ἄρχοντες
749 296 807 326 καὶ
836 291 873 326 οἱ
901 290 1032 326 ταύτας
1063 292 1240 326 οἰκοῦντες
1262 293 1303 326 ἐν

230 338 367 393 ἐσχάτῃ,
381 336 643 385 καταφρονήσει
665 337 730 372 τὸν
760 335 902 372 ἔκδικον
932 339 1058 378 ἔχουσι.
1112 334 1161 370 Τὰ
1195 334 1235 371 δὲ
1258 335 1303 380 δὴ

230 397 461 430 πραττομενα
482 385 571 430 παρ’
595 383 712 418 αὐτοῖς
732 384 771 416 ἐν
794 382 861 425 ἴσῳ
882 385 954 415 τοῖς
973 379 1167 435 ἀπράκτοις
1190 383 1300 418 ἐστίν.
1338 386 1357 417 5
1371 382 1463 417 enim
1485 382 1738 427 imperaverint
1760 382 2024 427 provinciarum
2046 383 2202 429 iudices,
2224 396 2294 432 neq
2366 398 2450 426 uam
2479 427 2482 429 Α
2523 430 2527 437 Α

229 431 260 463 εἰ
282 442 349 476 γαρ
368 429 417 473 μὴ
434 428 641 470 έπιτσὶξαιεν
663 428 698 461 οἱ
719 429 797 461 τῶν
817 427 1197 479 ἐπαρχιῶνμρχοντες,
1220 423 1299 481 οὐδ’

228 472 273 508 (ἲν
302 473 517 518 τολμήσαιεν
550 487 632 508 τινα
668 473 798 519 πρᾶξιν
828 484 1097 524 υπομνηματων
1126 482 1299 515 συστησα-

229 519 321 553 eom
343 518 434 565 παρ’
462 519 595 553 ἑαυτοῖς
618 517 654 552 οἱ
675 516 795 553 πάντα
819 515 1043 550 δουλευοντες
1067 513 1185 551 αὐτοῖς
1207 515 1299 551 ἔκδι-
1332 552 1334 555 r

228 578 299 605 κοι,
330 568 403 599 τοῖς
430 567 577 598 ἐκείνων
600 561 747 607 νεύμασι
774 564 998 608 προςέχοντες
1026 559 1160 605 μόνοις.
1206 562 1238 596 εἰ
1262 560 1302 596 δὲ
1369 562 1451 598 dam
1481 562 1736 605 conficiantur,
1775 562 1928 607 primum
1957 564 2099 609 quidem
2127 566 2235 602 etiam
2264 567 2356 604 haec
2386 579 2447 606 ve-

229 608 271 652 δὴ
292 614 353 643 καί
374 623 456 643 τινα
480 609 670 654 πραχθείη,
692 608 839 652 πρῶτον
857 608 925 650 μὲν
947 608 1008 640 καὶ
1030 607 1147 642 ταῦτα
1167 605 1299 654 πιπρά·
1317 611 1355 642 10
1369 607 1557 651 numdant,
1582 607 1726 651 deinde,
1751 617 1832 644 oum
1854 608 1993 646 nullum
2015 610 2172 646 htbeant
2194 612 2387 656 archivum,
2408 625 2448 651 111

691 651 698 660 “
756 650 769 660 ”
890 649 905 660 ”
1285 650 1293 660 “
1369 663 1439 697 quo
1462 654 1563 697 gesta
1587 652 1747 705 apud-se
1769 656 1956 707 reponant,
1979 654 2117 700 deperit
2136 657 2231 702 quod
2249 657 2446 703 conficitur,
2511 679 2519 703 ·;

229 667 389 695 σκουσιν,
422 656 544 688 ἒπειτα
580 650 719 687 οὐδενος
750 663 852 686 οντος
882 654 1039 696 αρχείου,
1074 648 1168 686 καθ’
1196 649 1216 686 3
1254 666 1300 687 τα

227 698 456 745 πραττόμενα
480 696 569 743 παρ’
597 698 731 731 ἑαυτοῖς
753 693 990 749 ἐιποτίθεται,
1022 695 1299 752 παραπόλλυται

230 743 269 778 τὸ
293 742 550 790 πραττόμενον,
582 745 640 777 καὶ
663 739 726 776 οὐκ
749 755 795 775 αν
818 755 856 776 ευ
901 752 931 775 ις
953 753 1029 786 παρ
1073 745 1192 777 αυτοῖς
1219 756 1298 788 χρο-

1294 88 1370 135 11⁰

2027 106 2088 138 nn
2115 106 2452 150 nunnusomnus
2482 90 2506 159 'j

1370 202 1574 282 {ffiuente‘
1596 202 1635 238 in
1658 202 1823 248 pluribus
1845 202 2049 240 hominibus
2070 208 2230 249 agentes,
2253 208 2294 247 ut
2312 209 2350 244 et
2367 207 2449 251 offl-

1394 248 1401 254 ‘
1441 258 1479 282 es
1503 250 1539 283 et
1561 248 1742 284 civitatum
1771 247 1908 284 iudices
1935 250 1973 284 et
2002 248 2131 285 harum
2160 249 2384 291 habitatores
2408 252 2451 297 in
2508 255 2519 283 ἶ

1370 292 1559 328 novissimo
1582 295 1789 337 contemptu
1809 292 2031 329 defensorem
2049 294 2217 332 habeant.

1370 339 1525 381 aguntur
1551 338 1598 373 ab
1623 338 1675 373 eis
1706 337 1753 374 ad
1784 337 1900 373 instar
1929 348 2004 374 non
2033 343 2197 376 actorum
2226 345 2323 378 sunt.
2369 342 2450 381 Nisi

1370 432 1603 472 praesumunt
1626 427 1799 472 quaedam
1817 430 1919 472 gesta
1941 433 2248 466 monumentorum
2273 442 2315 468 co
2368 443 2450 470 oete

1370 472 1467 517 apud
1490 473 1698 525 semetipsos
1721 482 1785 525 ρος
1808 473 1927 509 omnia
1950 474 2143 528 servientes
2168 476 2219 512 eis
2243 476 2448 516 defensores
2511 471 2529 527 ¹⁰

1370 521 1406 552 et
1428 517 1569 553 illorum
1593 517 1742 553 nunbus
1769 517 1995 555 mtendentes
2019 519 2116 556 solis.
2164 520 2203 557 Si
2230 532 2315 558 vero
2339 533 2448 569 quao-
2503 564 2508 570 ,

1369 701 1406 732 et
1434 707 1658 742 nequaquam
1688 707 1843 734 invenies
1873 699 1972 744 apud
2001 710 2063 736 eos
2093 701 2329 747 plurimorum
2357 707 2447 740 tem·

1367 754 1493 787 porum
1536 743 1621 787 poni
1654 746 1922 780 monumentum
1955 745 2067 781 ullum
2100 747 2263 792 penitus,
2304 748 2369 784 sed
2400 749 2448 786 ad

2254 295 2354 341 Quae
2363 307 2450 336 vara
2507 329 2511 331 Α

228 803 303 823 νων
327 788 504 823 πλειόνων
527 785 718 842 ὖπρμνημα
746 798 861 820 navve
885 787 932 820 ῶς
955 784 1038 820 οὐδὲ
1060 788 1112 829 ἕν,
1143 785 1225 821 ἀλλ’
1251 788 1300 821 εἰς
1367 788 1514 824 heredes
1551 798 1674 824 eorum
1708 792 1772 824 aut
1809 789 1900 826 alias
1943 790 2189 828 successiones
2228 793 2286 828 his
2320 804 2447 831 monu·
2512 804 2513 807 ’

227 832 458 887 κληρονόμους
481 846 518 867 τε
543 846 663 866 amam
683 835 741 866 καὶ
765 830 827 865 τὰς
846 829 952 866 ἄλλας
976 829 1141 875 διαδοχὰς
1162 831 1200 866 οἱ
1219 831 1298 866 τού·
1314 836 1353 868 15
1366 833 1494 868 mentis
1519 835 1662 877 egentes
1692 837 1794 878 gesta
1839 839 2011 880 uaerunt,
2043 839 2081 872 et
2101 836 2230 873 horum
2254 849 2347 884 quae
2367 839 2446 893 qui-
2504 847 2530 874 ’,-

227 893 303 913 των
325 877 484 922 δεόμενοι
506 879 647 921 ζητοῦσι
670 876 713 911 τὰ
736 879 981 923 πεπραγμένα,
1005 879 1065 910 καὶ
1088 874 1231 912 τούτων
1253 875 1300 911 τὰ
1367 878 1446 913 dem
1469 878 1664 921 inveniunt,
1688 879 1788 915 nulla
1837 879 1881 915 de
1899 884 1984 916 sunt
1998 880 2116 926 digna,
2140 882 2211 918 alia
2233 894 2317 920 vero
2341 887 2447 921 etism
2511 902 2515 903 ⁷

225 926 292 967 μὲν
314 920 533 969 εὑρίσκουσιν
563 919 723 966 οὐδεμιᾶς
746 920 829 962 ἄξια
858 925 1013 956 πίστεως
1044 920 1152 964 ὄντα,
1183 920 1229 956 τὰ
1254 920 1300 967 ,δὲ
1366 926 1518 968 pereunt
1541 927 1577 959 et
1599 923 1638 959 in
1660 927 1800 960 tantum
1825 924 1976 969 eadunt,
2000 930 2042 961 ut
2062 927 2101 962 in
2123 927 2351 966 similitudino
2373 940 2447 966 non
2515 950 2518 952 v

226 972 284 1002 καὶ
308 967 557 1009 ἐξαπόλλυται,
589 970 648 1001 καὶ
672 965 860 1001 διαπίπτει
883 967 1057 1002 τοσοῦτον
1089 964 1137 1002 ὠς
1166 969 1206 1002 ἐν
1228 967 1298 1011 ἴσῳ
1367 972 1529 1005 actorum
1553 968 1637 1005 sint.
1672 969 1749 1006 Nos
1771 970 1881 1015 igitur
1902 971 2068 1016 quoniam
2087 971 2132 1008 de
2153 972 2334 1011 iudicibus
2353 974 2447 1011 bene
2514 982 2519 988 ’

225 1016 296 1047 τοῖς
317 1012 406 1057 μηδὲ
432 1016 632 1060 γενομένοις
655 1013 757 1046 εἶναι.
798 1007 917 1055 ’Ἡμεῖς
939 1015 1074 1054 τοίνυν,
1098 1011 1223 1056 ἐπειδὴ
1252 1012 1298 1047 τὰ
1366 1014 1606 1059 disposuimus
1630 1016 1668 1050 et
1698 1015 1850 1051 maiores
1881 1018 2080 1061 potestates
2112 1027 2235 1054 eorum
2264 1019 2304 1055 in
2331 1018 2445 1074 genti-

224 1059 300 1092 τῶν
322 1055 508 1103 ἀρχόντων
528 1051 566 1091 εὖ
589 1054 810 1101 διεθήκαμεν
829 1060 889 1090 καὶ
911 1060 1050 1101 μείζους
1073 1070 1114 1092 τε
1136 1056 1198 1092 τὰς
1221 1059 1296 1093 ἐπι·
1310 1061 1351 1093 20
1365 1060 1432 1095 bus
1456 1060 1623 1104 fecimus,
1657 1065 1693 1095 et
1722 1061 1851 1106 procul
1883 1061 1931 1097 ab
1961 1061 2014 1098 eis
2038 1064 2094 1098 est
2122 1062 2299 1109 inspectio
2321 1065 2446 1101 mvits-

224 1107 385 1150 κρατείας
408 1101 531 1137 αὐτῶν
553 1105 593 1136 ἐν
612 1106 684 1137 τοῖς
705 1102 856 1136 ἔθνεσιν
876 1101 1028 1145 ἐποιήσα
1055 1116 1105 1145 εν,
1129 1106 1190 1137 καὶ
1209 1116 1294 1149 πορ-
1365 1107 1461 1146 tum,
1485 1107 1679 1150 propterea
1703 1106 1914 1142 credidimus
1938 1110 2104 1152 oportere
2125 1107 2234 1144 etiam
2255 1109 2302 1145 de
2323 1109 2445 1146 defen·

224 1151 368 1194 ρωτέρω
390 1161 430 1195 γε
454 1145 572 1182 αὐτοῖς
595 1150 670 1181 ἐστι
699 1146 746 1181 τὰ
774 1149 835 1190 τῆς
857 1148 936 1182 τῶν
964 1147 1012 1182 πό
1054 1161 1109 1183 ων
1132 1150 1294 1194 έποψίας,
1938 1151 1947 1160 ⁰
2220 1154 2318 1190 entia
2334 1155 2444 1199 utilis,

223 1194 281 1227 διὰ
303 1195 409 1228 τοῦτο
442 1191 616 1238 ᾠήθημεν
645 1193 772 1239 χρῆναι
795 1195 854 1226 καὶ
885 1191 927 1227 τὸ
956 1194 1034 1227 τῶν
1057 1191 1211 1228 ἐκδίκων
1234 1207 1294 1228 κα·
2178 1199 2380 1245 offensores,
2409 1202 2447 1236 et

222 1237 487 1282 τιιστήσασθαι.
521 1242 661 1285 γένοιτο
680 1236 748 1284 γὰρ
772 1234 819 1272 ἂν
841 1234 936 1272 οὕτω
960 1249 1014 1272 τις
1036 1235 1191 1284 ἁρμονία
1213 1251 1293 1285 χρη·-
1363 1240 1570 1284 provinciae
1591 1251 1737 1287 praeses
1760 1241 1938 1278 videbitur
1960 1242 2105 1288 quidam
2134 1243 2242 1281 iudex
2269 1254 2352 1281 esso
2373 1255 2446 1299 po-

222 1282 304 1326 στή,
338 1284 436 1331 εἴπερ
465 1281 651 1329 ἀρχόντων
681 1280 823 1326 λάβοιεν
853 1282 956 1323 τάξιν
979 1282 1016 1318 οἱ
1043 1285 1121 1318 τῶν
1151 1283 1294 1320 πόλεων
1307 1287 1349 1320 25
1363 1285 1434 1321 tius
1473 1286 1631 1322 iudicum
1673 1288 1710 1323 et
1743 1297 1788 1323 ex
1832 1288 1901 1324 hoc
1935 1288 2120 1325 honestior
2156 1289 2445 1335 praecedentium

221 1327 368 1370 ἔκδικοι,
394 1332 453 1362 καὶ
476 1327 495 1363 ὁ
523 1330 584 1373 τῆς
610 1331 780 1375 ἐπαρχίας
802 1325 991 1375 ἡγούμενος
1014 1327 1135 1373 δοκοίη
1158 1341 1212 1364 τις
1234 1328 1293 1376 ἄρ·
1364 1341 1556 1376 apparere3
1590 1335 1724 1377 quanto
1757 1332 1851 1369 enim
1883 1333 2032 1378 quilibet
2060 1338 2204 1380 praeest
2224 1334 2444 1380 melioribus,

220 1388 295 1416 χων
314 1374 406 1408 εἶναι
425 1372 560 1418 μᾶλλον
579 1372 766 1420 ἀρχόντων
777 1376 837 1407 καί
856 1371 971 1421 ταύτῃ
991 1373 1200 1422 σεμνότερος
1215 1376 1295 1410 τῶν
1363 1379 1465 1413 tanto
1489 1377 1602 1414 maior
1623 1377 1701 1423 ipse
1723 1381 1760 1414 et
1781 1378 1965 1416 honestior
1987 1382 2052 1416 est.
2148 1392 2150 1394 '

221 1419 430 1465 s'jttneoofi‘ev
449 1419 658 1465 φαίνεσθαι.
693 1415 768 1461 ὅσῳ
791 1418 860 1465 γὰρ
883 1417 929 1452 ἄν
950 1430 1004 1453 τις
1022 1418 1122 1466 ἄρχοι
1140 1419 1296 1467 κρειττό-
2091 1424 2099 1431 ’

222 1477 308 1507 νων,
330 1463 491 1507 τοσούτῳ
514 1466 650 1508 μείζων
675 1460 779 1498 αὐτὸς
802 1466 861 1498 καὶ
884 1463 1095 1513 σεμνότερός
1117 1467 1204 1500 ἐστι.

1225 1556 1382 1593 CAPUT
1402 1557 1431 1593 Ι.

272 1626 361 1657 Τέως
389 1616 453 1657 οὖν
482 1625 593 1656 ἐκεῖνο
624 1623 772 1671 πρῶτον
802 1624 1080 1668 νομοθετητέον,
1114 1620 1202 1659 ὥστε
1229 1639 1293 1670 μη·
1307 1629 1349 1660 30
1406 1626 1551 1662 Interim
1569 1625 1657 1661 illud
1674 1626 1775 1671 prius
1792 1627 2025 1664 sanciendum
2039 1639 2078 1666 es
2123 1632 2164 1665 ut
2179 1629 2270 1667 nulli
2288 1629 2445 1670 omnium

222 1666 296 1702 δενὶ
320 1670 396 1702 τῶν
419 1667 570 1703 πάντων
603 1668 695 1702 εἶναι
727 1673 932 1716 παρρησίαν
961 1667 1029 1713 τὴν
1058 1670 1122 1705 τοῦ
1153 1668 1293 1705 ἐκδίκου
1363 1671 1411 1707 sit
1432 1671 1579 1709 licentia
1597 1671 1795 1708 defensoris
1814 1673 2074 1710 ordinationem
2114 1674 2279 1718 colina-re,
2301 1675 2367 1713 Sed
2387 1675 2444 1713 in·

220 1718 441 1761 χειροτονίαν
474 1711 733 1754 ἀπωθεῖσθαι,
767 1712 858 1747 ἀλλὰ
890 1712 1092 1759 ἀμοιβαδὸν
1129 1711 1293 1751 ἅπαντας
1362 1717 1473 1752 vicem
1503 1717 1658 1754 universi
1687 1717 1880 1755 nobiliores
1913 1719 2096 1756 civitatum
2123 1719 2344 1759 habitatores
2374 1721 2444 1758 hoc

220 1758 299 1792 τοὺς
322 1762 550 1804 σεμνοτέρους
581 1759 658 1793 τῶν
688 1757 831 1793 πόλεων
860 1758 1043 1807 οἰκήτορας
1070 1759 1208 1804 ταύτην
1232 1758 1291 1795 αὖ·
1362 1762 1596 1798 ministerium
1627 1762 1679 1798 eis
1711 1763 1946 1809 adimpleant3
1982 1764 2053 1802 hoc
2081 1766 2175 1802 enim
2197 1767 2235 1803 et
2261 1765 2443 1812 prioribus

219 1807 296 1837 ταῖς
325 1803 392 1847 τὴν
420 1802 640 1850 λειτουργίαν
671 1802 877 1850 ἐκπληροῦν.
923 1807 1030 1839 τοῦτο
1053 1804 1120 1853 γὰρ
1152 1803 1196 1849 δὴ
1224 1803 1292 1841 κάν
1360 1807 1582 1852 temporibus
1611 1808 1768 1844 valuisse
1782 1850 1785 1853 Ι
1799 1810 1836 1845 et
1864 1809 1903 1846 in
1930 1810 2115 1856 republica
2147 1813 2287 1856 gestum
2317 1810 2442 1848 didici-

219 1852 291 1882 τοῖς
313 1849 523 1895 ὲζιιπροσθεν
545 1846 683 1894 χρόνοις
706 1852 849 1895 κρατεῖν
880 1863 920 1884 τε
949 1854 1009 1884 καὶ
1032 1849 1292 1886 πολιτεύεσθαι
1305 1855 1346 1887 35
1360 1860 1473 1888 mus.'
1499 1853 1617 1895 Nulli,
1643 1863 1708 1888 nec
1732 1853 1764 1889 si
1786 1854 1982 1891 honoratus
2006 1855 2055 1891 sit
2076 1855 2442 1901 magnificentissimo·

218 1893 488 1938 μεμαθήκαμεν.
534 1891 693 1936 οὐδενός,
724 1891 805 1927 οὐδ’
838 1891 884 1928 ἂν
920 1896 951 1928 εἰ
978 1899 1208 1941 τετιμημένος
1238 1896 1292 1941 εἴη
1363 1908 1444 1933 rum
1466 1898 1659 1934 illustrium
1683 1898 1872 1944 dignitate,
1901 1900 1972 1936 hoc
1994 1899 2175 1937 declinare
2204 1901 2442 1944 eonoeffimus,

219 1941 263 1986 τῇ
288 1940 365 1973 τῶν
387 1937 781 1986 μεγαλοπρεπεστάτων
803 1938 1037 1986 ἷλλουστρίων
1060 1938 1162 1984 ἀξίᾳ,
1183 1943 1290 1976 τοῦτο
1359 1953 1426 1979 nec
1453 1943 1485 1978 si
1514 1943 1675 1979 militiam
1706 1943 1840 1980 habeat
1870 1944 2058 1982 honestam
2088 1956 2204 1992 neque
2226 1946 2259 1983 si
2279 1945 2444 1993 proferat

219 1983 444 2018 διωθεῖσθαι
466 1987 765 2030 συγχωρουμένου,
789 1981 853 2019 οὐδ
859 1983 866 1995 ⁷
886 1982 932 2019 ἂν
953 1986 986 2020 εἰ
1003 1990 1197 2033 στρατείαν
1216 1989 1291 2030 ἔχοι
1359 1988 1579 2034 privilegium
1601 1999 1707 2025 suum
1730 1999 1775 2026 ex
1798 1989 1925 2027 (livinis
1955 1990 2102 2034 formis,
2133 1991 2190 2028 vel
2221 1991 2254 2029 si
2274 2001 2441 2038 pragma·

219 2029 360 2072 σεμνήν,
384 2026 463 2063 οὐδ’
489 2027 535 2063 ἂν
557 2030 592 2063 εἴ
608 2043 644 2064 τι
665 2029 871 2076 προΐσχοιτο
890 2030 1089 2078 προνόμιον
1112 2033 1151 2066 ἐκ
1174 2032 1293 2067 θείων

219 2074 317 2118 αὐτῷ
341 2074 479 2116 τύπων,
508 2071 576 2108 κᾶν
599 2075 630 2108 εἰ
657 2078 896 2121 πραγματικαὶ
927 2074 1199 2120 καθεστήκοιεν,
1230 2091 1289 2113 πε·
1304 2082 1347 2114 40

1365 1150 1506 1185 sol-ibus
1532 1151 1758 1187 constituere.
1806 1151 1869 1187 Fit
1890 1162 1985 1188 emm
2008 1152 2061 1188 sic
2084 1163 2153 1189 con

1364 1195 1395 1230 si
1417 1195 1577 1231 iudicum
1600 1199 1744 1232 sumant
1766 1196 1924 1232 officium
1947 1197 2130 1234 civitatum

217 2164 418 2199 hominibus
434 2165 600 2210 faciant;
622 2164 714 2200 adeo
738 2170 779 2201 ut
801 2170 838 2202 et
859 2166 1064 2203 cohortales
1087 2171 1122 2203 et
1145 2168 1330 2204 civitatum
1353 2169 1592 2215 maqistratus
1614 2173 1649 2205 et
1673 2169 1868 2205 earundem
1891 2169 2035 2206 incolae
2056 2182 2196 2208 summo
2219 2171 2443 2220 contemptui

217 2210 443 2255 defensorem
467 2209 631 2245 habeant.
678 2208 778 2252 Quae
801 2222 885 2247 vero
910 2224 932 2247 a
961 2212 1011 2247 ud
1032 2223 1095 2248 eos
1119 2217 1291 2258 affantur,
1319 2214 1412 2260 pari
1435 2213 1516 2249 Ioco
1539 2218 1650 2261 atque
1672 2225 1748 2250 non
1771 2218 1856 2250 acta
1885 2218 1989 2251 sunt:
2025 2215 2098 2252 nisi
2127 2216 2222 2253 enim
2247 2217 2443 2264 praesides

227 2255 483 2291 ›rovineiarum
508 2255 774 2301 imperaverint,
799 2267 844 2292 ne
866 2268 914 2292 au
939 2257 1047 2293 ebunt
1070 2257 1213 2304 quidem
1237 2263 1321 2294 acta
1338 2258 1635 2295 documentorum
1659 2258 1761 2306 apud
1781 2270 1822 2296 se
1844 2260 2021 2308 conficere
2035 2259 2249 2308 defensores
2270 2262 2309 2298 in
2328 2263 2440 2299 omni-

214 2267 281 2335 ims
303 2300 349 2335 iis
370 2301 579 2342 servientes,
612 2311 690 2335 cum
714 2301 764 2336 ad
789 2301 935 2337 illorum
963 2306 1073 2338 nutus
1097 2302 1196 2339 solos
1214 2303 1413 2340 attendant.
1464 2303 1605 2347 Quodsi
1623 2315 1719 2351 quae
1745 2305 1855 2341 etiam
1875 2309 1960 2342 acta
1982 2305 2073 2349 sint,
2102 2307 2261 2353 primum
2283 2319 2328 2344 ea
2350 2318 2440 2355 quo-

216 2357 285 2391 que
307 2345 474 2386 vendunt,
498 2344 635 2386 deinde,
659 2356 737 2380 cum
761 2346 896 2381 nullum
921 2347 969 2382 sit
991 2347 1154 2383 archium
1177 2348 1216 2383 in
1236 2359 1309 2395 quo
1333 2360 1428 2395 quae
1446 2349 1549 2396 apud
1566 2350 1667 2397 ipsos
1689 2354 1775 2385 acta
1793 2355 1879 2386 sunt
1900 2354 2140 2398 reponantur,
2161 2352 2263 2405 perit
2283 2351 2324 2388 id
2340 2352 2441 2400 quod

216 2395 333 2425 actum
354 2394 419 2432 est,
442 2401 507 2426 nec
522 2390 623 2436 apud
641 2401 704 2426 eos
725 2392 888 2438 reperias
906 2392 1017 2427 ullum
1034 2393 1179 2429 omnino
1203 2394 1439 2430 remotiorum
1457 2399 1659 2442 temporum
1676 2394 1928 2432 documentum
1934 2408 1949 2437 ;
1970 2395 2036 2432 sed
2054 2396 2119 2443 qui
2138 2395 2197 2433 Ius
2214 2401 2320 2445 eqent
2338 2397 2441 2446 apud

217 2435 362 2470 lzeredes
381 2446 504 2470 eorum
521 2440 556 2470 et
578 2435 739 2481 reliquos
754 2447 979 2473 successores
994 2442 1077 2474 acta
1095 2438 1328 2485 conquirunt,
1350 2443 1386 2475 et
1408 2451 1535 2475 eorum
1558 2439 1635 2476 alia
1657 2440 1848 2488 reperiunt
1868 2440 1971 2477 nulla
1991 2440 2066 2486 fide
2089 2440 2214 2489 digna,
2235 2442 2311 2479 alia
2332 2443 2440 2480 otiam

218 2480 445 2526 deperiemnt
474 2485 510 2515 et
534 2480 586 2515 ita
611 2481 888 2524 interciderunt,
919 2487 959 2518 ut
989 2482 1113 2519 eodem
1144 2483 1224 2519 loco
1248 2484 1323 2520 sint
1345 2488 1455 2531 atque
1484 2496 1559 2521 non
1582 2488 1677 2521 acta.
1726 2484 1806 2521 Nos
1829 2485 1944 2533 iqitur
1967 2485 2139 2533 quoniam
2162 2486 2440 2535 maqistratuum

217 2525 376 2559 rationes
404 2525 490 2559 bene
517 2525 776 2571 disposuimus,
807 2531 842 2563 et
864 2528 1021 2563 maiores
1051 2539 1176 2564 eorum
1198 2533 1404 2576 potestates
1434 2530 1473 2565 in
1497 2530 1703 2577 provinciis
1732 2530 1935 2577 effecimus,
1967 2535 2010 2567 ut
2037 2531 2111 2567 iam
2142 2531 2290 2579 Ionqius
2317 2531 2364 2571 ab
2386 2532 2440 2570 eis

218 2569 445 2614 «Iisiunyatur
475 2570 658 2605 civitatum
688 2571 884 2617 inspectio:
907 2577 1111 2619 propterea
1138 2575 1246 2610 etiam
1274 2574 1508 2621 defensorum
1538 2587 1599 2612 res
1628 2575 1901 2612 constituendas
1930 2587 2009 2612 esse
2035 2576 2329 2614 existimavimus.
2376 2575 2440 2616 Sic

217 2614 310 2649 enim
334 2619 559 2660 opportunus
579 2615 647 2659 fiat
669 2620 880 2659 concentus,
908 2618 941 2652 si
964 2618 1241 2664 maqistratuum
1265 2619 1428 2656 ordinem
1451 2621 1635 2667 accipiant
1657 2620 1841 2657 civitatum
1865 2620 2098 2667 defensores,
2122 2626 2158 2658 et
2172 2633 2330 2670 praeses
2343 2633 2438 2671 pro·

221 2658 354 2694 vinciae
380 2659 541 2694 videatur
564 2660 839 2705 maqistratuum
867 2662 994 2708 potius
1016 2663 1251 2709 maqistratus
1274 2676 1350 2700 esse
1372 2670 1482 2711 atque
1505 2677 1549 2702 eo
1582 2665 1801 2702 honoratior
1817 2665 2031 2713 prioribus&
2061 2671 2199 2714 quanto
2224 2667 2319 2703 enim
2339 2666 2438 2716 quis·

219 2715 287 2749 que
310 2715 365 2738 am
378 2703 542 2738 ›lior-ibus
564 2704 734 2757 imperat,
761 2710 860 2741 tanto
884 2707 1002 2742 maior
1023 2707 1101 2753 ipse
1120 2712 1156 2744 et
1179 2708 1394 2746 honoratior
1417 2714 1477 2746 est.

371 2775 378 2782 .
425 2747 574 2783 Interim
598 2750 710 2794 mitur
733 2750 824 2785 illud
847 2751 1008 2797 primum
1029 2753 1262 2789 sanciendum
1285 2759 1357 2797 est,
1388 2760 1430 2791 ut
1452 2755 1585 2791 nemini
1608 2766 1658 2792 cx
1682 2755 1846 2792 omnibus
1869 2755 2075 2803 defensoris
2097 2755 2306 2794 electionem
2335 2767 2438 2795 recu-

218 2804 300 2829 sare
322 2793 438 2834 liceat,
462 2793 526 2828 scd
547 2793 697 2829 alternis
720 2794 854 2830 vicibus
871 2807 994 2832 omnes
1015 2797 1155 2832 urbium
1179 2798 1320 2835 incolae
1346 2798 1571 2837 honestiores
1595 2799 1664 2837 hoc
1688 2800 1762 2837 illis
1786 2800 2024 2838 ministerium
2043 2805 2244 2848 praestent.
2278 2800 2329 2839 Id
2345 2802 2439 2840 enim

216 2838 398 2884 prioribus
433 2849 576 2888 quoque
612 2839 828 2890 temporibus
862 2841 1017 2877 valuisse
1050 2847 1085 2878 et
1119 2843 1156 2877 in
1186 2854 1254 2879 usu
1285 2844 1404 2890 fuisse
1438 2846 1686 2893 comperimus.
1748 2845 1825 2882 Nee
1859 2846 2046 2894 cuiquam,
2087 2857 2134 2883 ne
2170 2846 2205 2883 si
2241 2846 2438 2887 illustrium

218 2883 357 2929 quidem
388 2883 819 2928 maqmficentisszmorum
847 2884 1049 2922 honoratus
1077 2888 1126 2923 sit
1159 2887 1355 2934 diminute,
1390 2890 1430 2925 id
1465 2892 1662 2938 repudiare
1689 2891 1940 2938 permittatur,
1975 2902 2042 2928 nec
2077 2891 2195 2939 maqis
2223 2891 2259 2929 si
2285 2891 2439 2929 honesta

218 2928 344 2963 militia
367 2929 548 2973 sunyatm·
570 2939 684 2974 neque
704 2929 735 2962 si
759 2930 858 2974 quod
872 2931 1106 2977 privileqium
1128 2934 1345 2979 praetendat
1368 2946 1417 2971 ex
1439 2937 1556 2972 sacris
1578 2936 1653 2984 ipsi
1673 2936 1938 2980 sanctionibus,
1973 2937 2057 2974 licet
2072 2936 2331 2985 praqmaticae
2350 2937 2437 2980 sint.

262 3043 282 3075 3
294 3039 330 3074 οἱ
340 3041 429 3080 τῶν]
442 3038 478 3073 οἱ
490 3053 548 3073 om.
562 3041 618 3073 M⁰
634 3041 646 3083 11
665 3044 684 3075 5
699 3043 783 3081 τοῖς]
797 3040 863 3083 τὴν
875 3043 925 3075 La
940 3042 953 3086 ss
972 3046 989 3077 7
1013 3040 1220 3087 τολμήσειεν
1234 3047 1264 3080 L
1275 3046 1288 3091 ΙΙ

216 3082 484 3130 ὑπομνημάτων
506 3104 549 3109 —-
578 3088 616 3119 10
641 3086 819 3130 πραχθείη
840 3099 898 3119 om.
923 3088 951 3120 L
981 3087 993 3130 ΙΙ
1025 3091 1062 3122 12
1095 3093 1288 3135 παραυτοῖς

218 3133 248 3165 L
266 3132 279 3175 ΙΙ
298 3133 337 3165 13
360 3127 491 3186 χρόνον
512 3129 569 3174 Lu
592 3133 629 3164 15
655 3131 783 3163 τοῦτον
805 3132 848 3164 L¹
868 3132 880 3173 ΙΙ
898 3134 937 3166 16
961 3131 1006 3165 τὰ
1027 3136 1121 3176 prius
1145 3148 1202 3168 om.
1223 3137 1254 3169 L

220 3179 258 3211 18
283 3173 543 3216 ἐξαπολλυνται
568 3176 597 3208 L
617 3174 628 3218 ΙΙ
645 3178 686 3208 23
711 3174 773 3227 ‘tid’
789 3176 842 3208 τῶ
868 3177 898 3209 L
915 3176 931 3229 fl
950 3179 989 3210 27
1016 3178 1104 3219 τῶν]
1128 3181 1200 3213 τοῖς
1224 3182 1254 3214 L

218 3224 259 3255 29
279 3221 454 3255 τοσοῦτον
467 3220 598 3264 -μεῖζον
612 3220 641 3253 L
659 3219 672 3263 ΙΙ
689 3222 730 3253 32
755 3217 952 3262 ἰμειβαδον
968 3223 1022 3255 Μ“
1037 3222 1051 3266 ΙΙ
1070 3225 1200 3258 36—39
1227 3226 1286 3268 [ες.

217 3263 295 3300 οὔτ’
322 3262 368 3299 ἂν
392 3284 435 3291 —
458 3261 539 3299 οὔτ’
573 3260 618 3297 ἂν
644 3284 683 3289 —-
709 3261 787 3298 οὔτ’
815 3262 880 3297 ἃνῩ
910 3265 922 3309 ΙΙ
951 3268 992 3301 38
1027 3267 1082 3300 εἰσ
1112 3273 1288 3312 στρατίαν

216 3313 286 3353 ἔχει
312 3312 357 3344 M
380 3310 413 3344 οἱ
436 3313 630 3356 στρατείαν
652 3310 722 3350 ἔχει
748 3310 778 3342 L
805 3309 817 3352 ΙΙ
848 3312 889 3343 39
921 3311 959 3343 ἐκ
983 3311 1059 3345 τῶν
1084 3311 1201 3346 θείων
1222 3315 1257 3347 Β
1275 3313 1288 3368 ll

217 3359 259 3390 40
282 3354 385 3390 τύπω
400 3357 445 3390 L¹
461 3356 473 3398 [Ι
492 3357 535 3389 40
548 3368 595 3399 sq.
621 3352 951 3399 πεφιλοτιμοιμένοι
963 3354 1079 3398 τύποι,
1097 3352 1184 3391 ἀλλὰ
1198 3371 1287 3392 κατα

217 3399 332 3434 κύκλω
358 3402 387 3435 L
417 3403 470 3443 (ff
496 3402 529 3438 ς)

266 3493 278 3523 l
314 3492 363 3531 ut]
396 3493 455 3523 aut
476 3491 526 3524 R*
555 3489 568 3532 ss
595 3491 628 3522 et
651 3502 710 3522 om.
734 3488 827 3522 RV¹
851 3498 889 3521 eo
911 3488 959 3521 V¹
985 3488 998 3533 ΙΙ
1028 3491 1047 3523 3
1083 3493 1284 3534 contemptu]

218 3539 380 3577 comptum
394 3534 471 3579 13111
489 3538 510 3570 4
534 3534 696 3567 factorum
715 3532 770 3578 Vu
788 3532 891 3566 *Nini
913 3534 1012 3574 enim]
1035 3534 1070 3567 Si
1093 3535 1180 3568 enim
1200 3539 1285 3580 libri,

218 3580 253 3612 Si
275 3581 361 3612 enim
385 3591 451 3612 non
474 3580 643 3622 Beckiusfl
661 3581 682 3613 6
706 3580 917 3622 praesument
939 3578 1013 3622 12²1}
1031 3579 1170 3620 quadam
1194 3583 1285 3619 (alte-

218 3636 285 3657 rum
308 3635 328 3656 a
351 3627 383 3658 in
407 3625 486 3666 ras.)
514 3625 543 3658 R
561 3625 573 3668 ss
588 3626 690 3667 gesta]
715 3624 838 3666 iegeata
860 3622 939 3666 13⁰ss
958 3624 978 3657 8
1001 3624 1090 3665 solis]
1115 3625 1198 3658 solet
1221 3627 1252 3660 R
1274 3626 1286 3672 ΙΙ

217 3671 237 3701 9
259 3669 338 3702 haee
361 3670 457 3702 etiam
480 3670 512 3702 V
535 3670 548 3712 u
574 3672 610 3703 11
634 3670 715 3702 iesta
733 3669 767 3703 R
791 3667 805 3713 ΙΙ
838 3670 878 3704 12
900 3667 1119 3711 plurimorum
1141 3670 1185 3712 7]
1209 3670 1282 3714 plu-

1356 3048 1475 3081 rimum
1499 3050 1569 3084 ΒΤ
1585 3049 1735 3093 plurium
1757 3051 1814 3085 vul
1835 3076 1845 3086 .
1869 3048 1883 3096 ΙΙ
1907 3051 1946 3085 13
1967 3049 2087 3092 ullum]
2107 3049 2206 3085 illum
2229 3049 2282 3085 R¹
2303 3049 2436 3087 nullum

1356 3093 1404 3125 R²
1420 3093 1432 3137 ΙΙ
1455 3096 1493 3128 14
1518 3096 1578 3128 aut
1600 3095 1642 3129 ad
1665 3095 1748 3129 alias
1766 3095 1802 3130 R
1844 3097 1879 3130 in
1902 3095 1998 3140 ras-fl
2020 3097 2059 3131 15
2082 3097 2217 3138 agentes
2239 3094 2318 3141 12¹1
2336 3105 2436 3138 quae-

1356 3141 1434 3171 runt
1459 3141 1492 3172 et
1521 3140 1653 3182 horum]
1691 3142 1754 3174 unt
1782 3140 1815 3174 'et
1845 3141 1966 3174 horum
1988 3153 2053 3176 scr.
2074 3140 2126 3179 ‚1⁷¹
2148 3142 2184 3175 in
2206 3153 2272 3175 ras.
2294 3148 2326 3174 et
2350 3148 2436 3186 spat.

1355 3195 1424 3216 vac.
1451 3182 1463 3227 Ι]
1487 3185 1620 3226 quidem
1640 3195 1724 3228 quae
1746 3184 1809 3231 7ΙΙ
1832 3187 1870 3221 17
1894 3187 1933 3219 ut
1955 3195 2016 3219 nee
2039 3186 2076 3219 in
2099 3186 2171 3221 sim.
2195 3187 2345 3220 aetorum
2367 3186 2437 3221 sint

1364 3227 1398 3260 V
1412 3227 1424 3271 ΙΙ
1443 3230 1483 3262 21
1509 3230 1673 3263 credimus
1693 3230 1826 3275 Vvulq.
1850 3228 1864 3275 ΙΙ
1887 3230 1927 3264 de
1951 3243 2010 3264 om.
2034 3229 2186 3275 R¹VT11
2204 3230 2437 3265 defensoribu-

1357 3271 1407 3304 Rss
1441 3272 1620 3308 defensoris
1641 3275 1687 3309 V¹
1721 3275 1907 3309 defensore·
1927 3274 1980 3310 1⁷²
2047 3277 2091 3310 22
2124 3275 2164 3308 flt
2190 3275 2242 3310 1⁷²
2269 3275 2304 3310 in
2327 3287 2394 3310 me.
2422 3275 2436 3320 ΙΙ

1356 3318 1398 3350 23
1421 3318 1462 3358 si]
1487 3318 1602 3352 iuditii
1622 3320 1670 3353 12¹
1697 3319 1710 3365 ΙΙ
1730 3322 1839 3354 sumat
1861 3320 1911 3354 R·
1926 3319 1940 3365 ΙΙ
1957 3320 1998 3354 de
2013 3330 2143 3354 ensores
2165 3322 2236 3362 eea]
2260 3330 2312 3354 res
2333 3322 2368 3354 et
2389 3338 2434 3347 --

1356 3361 1498 3406 defenso}
1529 3376 1558 3397 υ.
1584 3366 1622 3398 31
1650 3377 1711 3399 scr.
1736 3365 1788 3399 R²
1819 3367 1853 3400 in
1879 3377 1946 3400 ras.
1966 3367 1987 3401 3
2013 3377 2157 3400 versuum
2186 3364 2200 3410 ΙΙ
2225 3367 2270 3400 24
2300 3365 2434 3408 quidem

1363 3406 1496 3448 V²R(²)
1512 3407 1525 3449 ΙΙ
1542 3409 1630 3450 potis
1655 3410 1704 3444 7ι
1722 3408 1735 3455 ΙΙ
1751 3412 1794 3445 26
1817 3409 1976 3453 quislibet
1997 3409 2058 3454 Ru
2077 3411 2119 3445 30
2142 3410 2282 3453 Iterum,
2305 3423 2331 3445 n.
2355 3422 2386 3445 υ.
2410 3408 2432 3443 f.

1355 3451 1489 3483 interim
1513 3452 1596 3494 R(²)
1623 3453 1636 3498 ΙΙ
1665 3455 1879 3488 sanciendum
1899 3455 2092 3497 Heimbaclt]
2128 3455 2299 3489 sciendum
2323 3455 2401 3490 libri
2418 3453 2434 3501 ΙΙ

1355 3495 1442 3528 nulli
1472 3496 1599 3529 homini
1625 3498 1670 3531 sit
1697 3499 1768 3541 (silt
1790 3502 1858 3544 pr.)
1888 3500 2022 3534 silentia
2050 3499 2205 3541 (licencia
2224 3500 2277 3534 Β*
2298 3501 2331 3534 in
2355 3513 2385 3534 m
2408 3502 2431 3542 .)

1355 3540 1389 3573 R
1417 3539 1430 3584 ΙΙ
1459 3542 1500 3574 32
1534 3542 1700 3576 uniuersis
1730 3544 1953 3579 nobilioribus
1975 3545 2068 3580 RV·
2090 3543 2105 3598 fl
2130 3545 2354 3579 habitationes
2420 3545 2430 3566 ¹

1353 3584 1595 3620 habitatoribus
1619 3588 1652 3621 T
1664 3587 1677 3632 ΙΙ
1694 3590 1736 3624 33
1760 3590 1932 3624 mistorum
1955 3589 2006 3624 Ε*
2035 3589 2048 3634 Ι
2069 3600 2141 3624 ems
2166 3589 2247 3636 V'fl
2269 3592 2311 3626 37
2335 3588 2430 3627 mili·

1354 3628 1401 3662 R¹
1424 3628 1437 3673 Ι
1463 3630 1562 3663 habet
1582 3631 1638 3676 711
1654 3643 1714 3666 neo
1735 3632 1793 3679 711
1808 3636 1851 3670 38
1865 3647 1914 3681 sq.
1937 3635 2052 3671 formis
2073 3636 2144 3679 eet]
2165 3635 2230 3669 mis
2248 3653 2292 3660 —
2313 3633 2427 3670 collati

1351 3674 1458 3718 suppl.
1481 3675 1530 3709 V²
1554 3677 1586 3710 in
1607 3685 1690 3721 spat.
1715 3690 1786 3717 vac,
