2476 3854
129 74 237 119 Nov.
254 76 434 120 CXXIII
465 79 528 119 15.
561 78 611 119 16
1194 70 1278 120 606
1962 90 2023 121 nn
2051 89 2348 124 smonssrms

121 185 350 241 ἐγκαταλεγῄ,
371 187 411 221 ἐν
429 177 462 230 ᾧ
479 198 533 221 τις
549 187 763 232 τεταγμένος
782 181 824 218 οὗ
839 182 1016 220 κωλύεται
1034 183 1106 221 ἀπὸ
1123 186 1200 220 τῶν
1269 184 1468 221 clesiastico
1498 186 1613 230 gradu
1635 186 1836 232 tenebatur,
1868 187 1904 223 in
1928 199 1998 234 quo
2054 189 2108 226 uis
2132 189 2346 226 constitutus

122 231 231 277 ιερῶν
261 230 431 266 κανόνων
459 234 519 265 καὶ
549 231 626 265 τῶν
655 227 780 273 νόμων
809 229 970 276 γαμετὴν
991 227 1199 275 λαμβάνειν.
1269 239 1342 265 non
1370 230 1581 275 prohibetur
1611 231 1725 268 sacris
1756 231 1954 269 canonibus
1983 236 2021 269 et
2058 234 2179 279 egibus
2202 245 2349 271 uxorem

121 276 168 310 τὰ
192 273 284 310 αὐτὰ
310 274 349 310 δὲ
372 279 430 309 καὶ
455 278 515 310 ἐπὶ
538 278 610 309 τοῖς
633 273 750 309 ἄλλοις
773 271 887 310 ἅπασι
920 278 1088 331 μοναχοῖς
1117 287 1199 320 κρα-
1267 275 1442 319 accipere.
1489 275 1588 311 Haec
1607 280 1727 313 autem
1749 280 1785 312 et
1804 287 1848 313 su
1875 287 1914 312 er
1936 277 2015 314 aliis
2040 279 2205 315 omnibus
2222 290 2347 316 mons·

120 323 197 355 τεῒν
221 321 444 364 θεσπίζομεν
467 323 539 354 τοῖς
561 317 632 355 ἀπὸ
653 323 907 364 μοναστηρίων
923 320 971 354 εἰς
985 318 1200 363 οιονδήποτε
1269 319 1345 355 chis
1376 323 1498 355 tenere
1520 321 1718 364 sancimus,
1773 321 1810 357 ui
1862 331 1883 357 e
1901 323 2127 359 monasteriis
2157 324 2204 360 ad
2226 334 2346 370 quem·

122 364 418 409 ἐκκλησιαστικὸν
440 364 595 409 βαθμὸν
613 367 925 410 μεταφερομένοις,
957 364 989 398 εἰ
1012 368 1073 399 καὶ
1095 362 1200 410 μηὸε·
1237 367 1256 399 5
1270 364 1356 401 libet
1375 365 1658 401 ecclesiasticum
1676 376 1739 410 gra
1766 377 1823 401 um
1844 366 2118 411 transferuntur,
2139 369 2208 405 etsi
2228 370 2349 405 nullae

122 412 143 446 1
189 412 254 454 μιᾷ
280 409 367 452 τύχη
390 407 591 445 ὑπεύθυνοι
610 409 744 453 εἴησαν.
799 412 859 443 καὶ
878 410 1028 455 γενικῶς
1045 410 1202 453 νομοθε-
1270 412 1292 446 1
1338 409 1506 445 fortunae
1528 410 1683 446 subiecti
1705 411 1850 447 fuerint.
1921 411 1972 447 Et
1996 413 2209 456 generaliter
2231 413 2348 450 sanci-

121 456 185 489 τοῦ
213 468 262 496 εν,
292 445 421 498 μηδενὶ
452 455 583 495 ἐξεῖναι
614 456 655 489 ἐν
685 452 890 497 οἱῳδήποτε
921 453 1204 497 ἑκκλησιαστικῷ
1270 465 1360 496 mus,
1383 454 1472 489 nulli
1494 454 1601 491 ficere
1619 455 1657 491 in
1680 455 1838 501 quolibet
1859 456 2104 493 ecclesiastico
2127 458 2240 502 gradu
2263 469 2349 494 con·

121 469 260 544 βαέμῷ
285 500 497 533 καθεστῶτι
520 496 723 545 ἀναχωρεῖν
749 499 788 539 ἐξ
812 496 923 533 αὐτοῦ
947 502 1008 533 καὶ
1031 498 1204 543 κοσμικὸν
1271 499 1397 534 stituto
1421 499 1604 535 discedere
1627 500 1672 536 ab
1689 510 1732 537 eo
1748 504 1785 536 et
1800 501 2020 541 saecularem
2042 502 2130 545 fieri,
2154 503 2350 539 scientibus

120 546 309 590 γίνεσθαι,
334 545 589 589 ἐπισταμένων
607 546 686 579 τῶν
704 540 801 578 οὕτω
823 542 1041 585 ποιούντων,
1063 540 1123 578 ὅτι
1143 546 1203 579 καὶ
1272 544 1344 579 tale
1367 544 1501 588 aliquid
1524 544 1749 588 facientibus,
1783 546 1865 591 quia
1897 548 1934 582 et
1962 547 2063 592 quasi
2087 547 2252 593 apposito
2282 547 2350 583 sibi

121 590 183 631 τῆς
206 586 254 623 ὠς
269 588 361 623 εἰκὸς
383 590 605 634 ἐπικειμένης
630 586 749 623 αὐτοῖς
765 588 880 631 ζώνης
901 587 924 632 ἢ
940 585 1042 629 ἀξίας
1057 587 1080 632 ἢ
1096 600 1203 634 στρα-
1218 592 1259 623 10
1273 589 1415 632 cingulo
1445 590 1510 624 aut
1533 589 1703 633 dignitate
1730 594 1795 625 aut
1817 590 1942 626 militis
1966 592 2196 628 nudabuntur
2227 594 2263 627 et
2287 602 2349 628 cu-

120 637 217 667 τείας
246 631 571 680 γυμνωθήσονται,
606 637 668 668 καὶ
701 634 745 681 τῇ
777 633 986 680 βουλευτικῇ
1021 632 1110 681 τύχῃ
1141 634 1204 676 τῆς
1272 634 1353 668 riali
1370 633 1537 669 fortunae
1552 634 1720 679 propriae
1740 635 1891 671 civitatis
1909 636 2104 672 tradentur.
2143 637 2212 681 Qui
2232 640 2351 672 autem

121 676 213 712 ἰδίας
234 677 374 713 πόλεως
396 677 734 723 παραδοθήσονται.
779 679 861 713 τοὺς
881 676 922 712 δὲ
940 677 1012 724 πρὸ
1033 680 1097 713 τοῦ
1122 676 1203 723 ἡμε-
1273 680 1357 713 ante
1388 682 1547 714 nostram
1577 678 1689 722 legem
1711 680 1832 716 clerici
1863 680 2020 717 ordinati
2049 683 2134 717 sunt
2157 692 2202 717 ex
2225 681 2351 717 curiali

121 726 223 768 τέρου
246 721 360 768 νόμου
384 723 569 769 κληρικοὺς
590 723 913 769 χειροτονηθέντας
933 720 1007 758 ἀπὸ
1024 721 1201 767 βουλευτι-
1273 722 1439 765 fortuna,
1466 732 1532 768 per
1561 723 1774 760 substitutas
1804 735 1977 769 personas
2002 726 2208 771 pecuniaria
2230 726 2351 762 munis.

120 769 182 811 κῆς
210 766 316 811 τύχης
343 766 405 803 διὰ
436 767 778 804 ὑποκαταστάντων
809 768 1014 813 προςώπων
1038 768 1103 802 τὰς
1125 780 1205 813 χρη-
1275 768 1463 814 complere,
1486 777 1510 803 a
1534 768 1778 813 corporalibus
1801 771 1920 805 autem
1942 770 2073 807 liberos
2095 770 2239 808 servari.

117 812 271 856 ματικοὶς
293 812 512 857 λειτουργίας
531 812 702 858 πληροῦν,
725 810 802 849 ἀπὸ
823 810 864 847 δὲ
884 814 961 848 τῶν
985 813 1206 858 σωματικῶν
1221 815 1262 849 15

121 856 329 903 ἐλευθέρους
352 857 616 905 φυλάττεσθαι.

1101 967 1262 1007 CAPUT
1284 967 1382 1006 XVI.

184 1033 281 1072 Ἀλλ’
314 1034 400 1072 οὐδὲ
429 1036 596 1085 κληρικὸν
629 1036 842 1082 οἱουδήποτε
874 1037 1026 1091 ραθμοῦ
1057 1033 1203 1072 διδόναι
1323 1036 1393 1072 Sed
1416 1044 1532 1081 neque
1555 1035 1724 1072 clericum
1747 1036 2003 1082 cuiuscumque
2023 1038 2155 1083 gradus
2179 1038 2264 1075 dare
2286 1039 2350 1075 ali-

119 1096 156 1117 τι
179 1083 316 1126 ἐκείνῳ,
340 1079 403 1129 ὑφ’
429 1075 473 1117 οὗ
501 1085 777 1129 χειροτονεῖται,
811 1079 835 1126 ἢ
866 1081 964 1126 αλλῳ
999 1080 1204 1126 οἱῳὸήποτε
1272 1080 1357 1127 quid
1386 1081 1420 1117 ei
1449 1090 1472 1116 a
1503 1090 1573 1126 quo
1606 1081 1791 1117 ordinatur
1821 1086 1885 1118 aut
1913 1083 1974 1118 alii
2005 1084 2151 1120 cuilibet
2175 1094 2351 1130 personae

121 1125 301 1172 προςώπῳ
326 1130 590 1174 συγχωροῦμεν,
613 1127 727 1172 μόνας
752 1125 794 1162 δὲ
815 1130 985 1173 παρέχειν
1008 1126 1125 1162 αὐτὸν
1142 1127 1204 1161 τὰς
1270 1125 1525 1172 permittimus,
1561 1126 1657 1162 solas
1687 1131 1807 1163 autem
1839 1129 2014 1173 praebere
2046 1138 2128 1164 eum
2158 1134 2350 1166 consuetu-

121 1172 316 1215 συνηθείας
346 1176 420 1207 τοῖς
441 1174 495 1215 τῷ
518 1173 786 1218 χειροτονοῦντι
816 1171 1114 1217 ὖπηρετουμένοις
1143 1175 1203 1206 καὶ
1217 1173 1258 1207 20
1272 1172 1372 1207 dines
1403 1171 1458 1207 his
1490 1170 1549 1216 qui
1579 1171 1758 1207 ordinanti
1785 1172 1989 1208 ministrant
2021 1183 2064 1209 ex
2094 1175 2351 1210 consuetudine

120 1218 158 1257 ἐξ
179 1217 287 1252 ἔθους
309 1219 565 1262 κομιζομένοις,
587 1218 668 1253 ἑνὸς
687 1219 855 1253 ἐνιαυτοῦ
880 1215 1004 1262 διάρια
1025 1217 1075 1262 μὴ
1096 1214 1203 1264 ὑπερ·
1271 1216 1539 1262 accipientibus,
1570 1216 1676 1253 unius
1700 1216 1785 1252 anni
1807 1218 2045 1255 emolumenta
2071 1229 2144 1255 non
2165 1222 2350 1256 transcen-

119 1261 322 1306 βαινούσας.
359 1264 400 1297 έν
416 1261 456 1297 δὲ
470 1264 515 1310 τῇ
531 1261 717 1311 ἁγιωτάτῃ
737 1261 905 1306 ἐκκλησίᾳ
926 1264 966 1296 έν
985 1254 1202 1310 ᾗκατατάτ-
1271 1261 1406 1297 dentes.
1453 1261 1496 1296 In
1518 1264 1647 1297 sancta
1669 1271 1751 1297 vero
1776 1262 1943 1305 ecclesis,
1966 1263 2005 1299 in
2028 1273 2099 1309 qus
2121 1263 2352 1300 constituitur

119 1320 221 1342 τεται
248 1307 317 1350 τὴν
335 1308 447 1342 θείαν
470 1307 631 1353 πληροῦν
651 1307 788 1352 λειτουρ
814 1311 886 1349 ίαν,
910 1310 970 1341 καὶ
984 1305 1098 1351 μηδὲν
1115 1319 1205 1341 παν·
1273 1316 1417 1342 sacrum
1441 1307 1620 1351 complere
1642 1306 1888 1351 ministerium,
1912 1308 2012 1344 nulla
2033 1309 2176 1354 penitus
2195 1320 2260 1355 pro
2287 1309 2350 1346 riis

119 1351 229 1387 τελῶς
251 1356 325 1388 τοῖς
347 1351 448 1388 ἰδίοις
471 1352 713 1400 συγκληρικοῖς
736 1351 771 1387 δι
797 1351 881 1387 όναι
913 1349 1004 1398 ὑπὲρ
1027 1353 1090 1396 τῆς
1113 1350 1205 1387 ἰδίας
1273 1351 1482 1387 conclericis
1503 1351 1588 1387 dare
1612 1362 1676 1396 pro
1696 1361 1763 1388 sus
1778 1352 2028 1395 insinuatione,
2052 1363 2168 1399 neque
2190 1355 2237 1390 ob
2306 1364 2352 1391 nc

120 1399 331 1444 ἐμφανείας,
361 1396 454 1443 μηδὲ
484 1396 544 1432 διὰ
575 1397 714 1442 ταύτην
744 1396 813 1441 τὴν
845 1397 968 1432 αἰτίαν
997 1398 1075 1432 τῶν
1098 1395 1204 1432 ἰδίων
1215 1398 1259 1432 25
1272 1407 1418 1432 causam
1452 1396 1605 1441 propriis
1638 1397 1883 1434 emolumentis
1920 1402 1984 1434 aut
2013 1399 2092 1435 aliis
2126 1399 2352 1444 portionibus

119 1443 369 1488 παραμυθιῶν
401 1441 427 1499 ἦ
452 1444 530 1478 τῶν
554 1441 677 1478 ἄλλων
699 1443 897 1499 μεριτικῶν
918 1438 1031 1477 αὐτὸν
1051 1438 1203 1477 ἇποστε-
1270 1441 1366 1478 1111116
1415 1441 1533 1477 rivari.

119 1490 142 1524 1
188 1488 347 1532 ρεῖσθαι.
406 1487 497 1523 αλλὰ
520 1486 612 1533 μηδὲ
635 1486 826 1531 ξενοδοχον
849 1485 873 1531 ἢ
895 1487 1160 1535 πτωχοτρόφον
1180 1485 1204 1531 ἢ
1270 1489 1294 1524 1
1340 1486 1385 1523 Se
1433 1496 1547 1532 neque
1566 1485 1814 1523 xenodochum
1843 1488 1908 1522 aut
1929 1496 2160 1524 nosocomum
2185 1489 2250 1525 sut
2271 1491 2351 1535 pto-

119 1532 320 1577 νοσοκόμον
350 1529 373 1576 ἢ
406 1532 514 1568 ἄλλον
546 1531 758 1577 οἱουδήποτε
781 1529 929 1588 εὖαγοῦς
950 1533 1047 1567 οἴκου
1071 1530 1202 1576 διοικη-
1271 1532 1507 1577 chotrophum
1537 1533 1602 1567 aut
1632 1531 1741 1567 alium
1771 1531 1963 1577 quemlibet
1991 1533 2202 1569 venerabilis
2225 1533 2351 1571 domus

119 1579 188 1621 τὴν
203 1575 226 1622 ἢ
239 1576 453 1621 οἱονδήποτε
469 1577 764 1622 ἐκκλησιαστικὸν
780 1592 807 1625 φ
831 1588 988 1622 οντισμα
1002 1579 1204 1623 χειρίζοντα
1271 1577 1544 1622 gubernatorem
1574 1580 1638 1612 aut
1661 1587 1921 1622 quamcumque
1949 1577 2227 1615 ecclesiasticam
2253 1579 2350 1616 solli-

120 1621 266 1658 διδόναι
288 1637 325 1658 τι
349 1625 487 1667 ἐκείνῳ,
510 1621 577 1669 ὑφ’
594 1616 638 1658 οὗ
662 1621 805 1669 προβάλ
828 1636 923 1665 εται,
947 1619 971 1666 ἢ
995 1621 1096 1666 ἄλλῳ
1120 1622 1199 1666 οἱῳ-
1217 1624 1259 1658 30
1273 1621 1465 1658 citudinem
1487 1624 1651 1667 agentem
1677 1621 1764 1658 dare
1786 1622 1919 1668 aliquid
1940 1622 1993 1658 illi
2022 1632 2046 1658 a
2068 1633 2139 1669 quo
2164 1624 2352 1661 constitui-

120 1665 256 1710 δήποτε
279 1669 459 1714 προς-τόπῳ
485 1666 576 1714 ὑπὲρ
593 1670 656 1712 τῆς
670 1667 971 1713 έμπιστευθείσης
994 1665 1093 1711 αὐτῷ
1117 1666 1203 1701 διοι-
1271 1668 1332 1702 tur
1363 1670 1428 1703 aut
1457 1667 1519 1703 alii
1543 1666 1752 1713 cuicumque
1777 1677 1953 1712 personae
1982 1678 2048 1713 pro
2073 1669 2260 1706 commissa
2281 1669 2353 1706 sibi

119 1714 264 1755 κήσεως.
320 1710 340 1747 ὁ
366 1711 406 1747 δὲ
428 1714 529 1759 παρὰ
551 1714 667 1748 ταῦτα
691 1710 786 1759 ἅπερ
810 1711 1084 1755 διετυπώσαμεν
1107 1710 1129 1755 ἢ
1152 1710 1203 1746 δι-
1271 1712 1540 1757 gubernatione.
1587 1711 1656 1757 Qui
1678 1723 1760 1749 vero
1779 1715 1922 1758 praeter
1944 1713 2035 1749 haec
2082 1723 2151 1750 uae
2173 1714 2351 1760 disposui-

120 1756 202 1792 δοὺς
225 1756 249 1803 ἢ
270 1757 471 1803 λαμβάνων
502 1757 526 1802 ἢ
547 1762 692 1803 μεσίτης
713 1757 901 1805 γενόμενος
923 1758 986 1801 τῆς
1009 1756 1204 1804 ἱερωσύνης
1271 1767 1351 1793 mus
1373 1761 1438 1793 aut
1461 1757 1524 1794 dat
1545 1762 1608 1793 aut
1631 1757 1764 1803 accipit
1786 1761 1850 1794 aut
1872 1757 2047 1795 mediator
2091 1762 2124 1803 t,
2149 1759 2350 1797 sacerdotio

254 1847 276 1892 ἓ
301 1851 314 1882 1
341 1861 373 1882 v.
390 1849 520 1883 12—16
544 1861 694 1882 summam
718 1849 793 1882 ΑιΙι.
819 1854 964 1892 repetunt
983 1850 1145 1892 paratitla
1167 1848 1277 1883 Ath.8
1295 1852 1350 1888 §2-

182 1906 208 1927 c.
223 1894 321 1927 XVI
331 1895 388 1936 (—-
403 1896 481 1936 607,
494 1902 527 1928 15
551 1890 643 1927 ἀλλὰ
653 1895 724 1927 ’καὶ
741 1891 881 1938 μᾶλλον
901 1894 1153 1938 ἐπιτρέπομεν)
1178 1895 1269 1928 initio
1286 1895 1319 1928 in
1334 1906 1486 1928 summam
1505 1900 1667 1928 contracto
1687 1896 1866 1938 paucisque
1885 1895 2015 1929 mutatis
2034 1895 2131 1928 habet
2145 1895 2352 1941 Epanaqoye

120 1940 208 1980 8,13.
223 1947 269 1978 14;
294 1951 332 1972 ex
348 1940 385 1973 B
402 1941 555 1983 inte-orum
572 1946 670 1982 caput
686 1940 855 1983 exscripsit
871 1939 1192 1973 Nomoc.mXIVtit.
1208 1940 1239 1981 1,
1252 1946 1305 1981 24,
1325 1952 1379 1983 pr.
1405 1946 1435 1972 et
1456 1939 1479 1983 ξ
1497 1941 1514 1974 1
1541 1939 1592 1973 B‘
1613 1941 1653 1972 K
1667 1941 1720 1981 18,
1734 1947 1750 1972 5
1762 1951 1798 1982 p.
1810 1940 1877 1973 434
1888 1939 1991 1973 Zack.
2009 1958 2054 1964 —
2076 1939 2240 1974 Summam
2256 1941 2352 1976 habet

119 1985 251 2018 Nomoc.
268 1985 328 2017 XI
334 1985 423 2018 Vtit.
443 1986 463 2018 l.
479 1997 519 2027 c.,
541 1985 617 2018 Ath.
643 1997 794 2018 summam
818 1986 896 2026 607,
909 1991 982 2018 2—4
1005 1991 1151 2028 repetunt
1169 1984 1333 2026 paratitlo
1355 1983 1432 2017 Am.
1448 1985 1468 2018 2
1484 1989 1537 2023 §2-

116 2072 273 2119 qradum
297 2071 510 2119 adsumptus
531 2072 597 2115 sit,
630 2071 669 2106 in
692 2082 764 2117 quo
788 2071 870 2118 quis
892 2072 1108 2108 constitutus
1131 2082 1206 2106 non
1222 2071 1441 2119 prohibetur
1463 2082 1487 2107 a
1510 2071 1628 2107 sacris
1650 2071 1850 2108 canonibus
1880 2075 1918 2108 et
1939 2071 2079 2118 leqibus
2108 2083 2261 2109 uxorem
2284 2074 2350 2110 du-

118 2128 209 2154 cere.
256 2116 395 2153 Eadem
418 2121 538 2152 autem
564 2117 604 2152 in
627 2116 778 2162 reliquis
807 2117 915 2153 etiam
944 2117 1108 2153 omnibus
1139 2116 1328 2152 monachis
1357 2115 1477 2152 valere
1499 2117 1697 2160 sancimus,
1729 2117 1795 2169 qui
1817 2127 1841 2152 a
1863 2118 2093 2153 monasteriis
2121 2117 2172 2154 ad
2193 2119 2352 2165 qualem-

118 2165 141 2199 1
187 2173 338 2209 cumque
360 2161 639 2198 ecclesiasticum
662 2161 818 2208 qradum
844 2163 1130 2209 transferantur,
1155 2162 1296 2198 etiamsi
1318 2161 1410 2197 nulli
1434 2160 1635 2198 condicioni
1656 2161 1805 2198 subiecti
1826 2162 1978 2207 fuerint.
2058 2163 2108 2199 At
2133 2174 2178 2200 ue
2198 2174 2351 2210 θεησα-

118 2207 201 2243 liter
222 2207 415 2251 sancimus,
446 2207 581 2243 nemini
609 2207 647 2242 in
670 2206 746 2242 ullo
770 2207 1014 2243 ecclesiastico
1043 2206 1164 2253 qradu
1188 2207 1385 2243 constituto
1409 2206 1518 2254 licere
1549 2206 1594 2242 ab
1625 2218 1666 2243 eo
1689 2206 1855 2244 recedere
1883 2210 1919 2244 et
1942 2207 2071 2243 laicum
2121 2208 2195 2251 eri,
2225 2213 2267 2246 ut
2287 2210 2353 2263 qui

118 2252 188 2288 Ιιοο
216 2252 363 2298 faciant
392 2253 511 2288 sciant
543 2263 582 2288 se
612 2256 647 2288 et
677 2252 735 2287 cin
764 2251 824 2287 ulo
855 2263 929 2304 quo
958 2252 1063 2297 forte
1084 2251 1250 2298 praediti
1279 2254 1367 2288 sunt
1394 2251 1451 2287 vel
1480 2251 1658 2297 diqnitate
1690 2252 1745 2288 vel
1772 2252 1901 2288 militia
1929 2252 2128 2300 spoliatum
2157 2257 2195 2290 et
2221 2254 2353 2291 cunali

118 2297 324 2342 condicioni
355 2298 509 2333 civitatis
537 2308 626 2333 suae
654 2300 712 2332 tra
738 2298 827 2332 itum
860 2297 917 2332 iri.
965 2296 1035 2340 Qui
1058 2307 1143 2333 vero
1175 2301 1259 2333 ante
1281 2300 1445 2333 nostram
1476 2296 1588 2343 leqem
1619 2297 1744 2333 clerici
1769 2298 1888 2334 creati
1914 2301 2000 2334 sunt
2027 2308 2079 2334 ex
2109 2298 2241 2335 curiali
2267 2309 2351 2336 con-

118 2342 271 2383 dicione,
322 2354 362 2377 er
375 2343 588 2378 substitutas
638 2352 790 2378 ersonas
805 2342 1027 2389 pecuniaria
1049 2352 1200 2377 munera
1223 2341 1409 2388 impleant,
1434 2352 1458 2377 a
1474 2341 1728 2388 corporalibus
1751 2346 1870 2378 autem
1889 2342 2062 2378 immunes
2084 2343 2349 2381 custodiantur.

252 2388 286 2423 X
321 2387 350 2422 I.
397 2386 472 2423 Sed
502 2397 546 2423 ne
577 2397 597 2421 c
612 2387 746 2422 em'cum
778 2387 921 2432 quidem
953 2387 1064 2422 ullius
1094 2386 1234 2433 qradus
1264 2387 1299 2423 ei
1328 2398 1352 2423 a
1380 2397 1453 2433 quo
1484 2390 1633 2423 creatur
1665 2387 1722 2423 vel
1747 2386 1814 2423 alii
1846 2387 1915 2423 ulli
1938 2397 2124 2433 personae
2158 2388 2351 2435 quicquam

117 2433 207 2468 dare
232 2433 486 2480 permittimus,
521 2432 587 2468 sed
614 2431 715 2467 solas
746 2436 939 2478 praestare
974 2443 1055 2467 eum
1086 2431 1363 2468 consuetudines
1397 2432 1443 2467 iis
1473 2433 1539 2478 qui
1570 2432 1709 2468 creanti
1739 2431 1945 2468 ministrant
1978 2435 2016 2468 et
2043 2442 2094 2469 ex
2126 2443 2227 2469 more
2256 2433 2351 2470 acci·

116 2478 240 2524 pium,
271 2478 380 2513 unius
403 2477 492 2513 anni
514 2477 751 2512 emolumenta
781 2487 856 2513 non
880 2477 1104 2514 excedentes.
1151 2474 1198 2512 In
1220 2476 1447 2513 sanctissima
1478 2480 1598 2512 autem
1620 2476 1791 2520 ecclesia,
1823 2477 1860 2513 in
1883 2488 1957 2523 qua
1975 2477 2219 2520 constituitur,
2242 2489 2350 2515 sacro

118 2523 316 2558 ministerio
345 2523 542 2568 funqatur,
577 2532 646 2558 neu
704 2522 870 2565 uicquam
901 2523 1046 2558 omnino
1079 2521 1290 2558 conclericis
1323 2523 1400 2557 suis
1459 2532 1503 2557 ro
1531 2532 1707 2568 processu
1737 2532 1804 2558 suo
1835 2521 1912 2564 det,
1947 2532 2035 2558 neve
2067 2526 2225 2569 propter
2257 2522 2351 2560 teano

119 2570 142 2604 1
188 2577 334 2603 causam
356 2567 503 2602 solaciis
524 2566 602 2602 suis
631 2577 671 2602 ve
710 2566 794 2602 aliis
823 2567 1051 2613 portionibus
1107 2567 1254 2602 rivetur.
1366 2566 1414 2603 Se
1462 2577 1507 2602 ne
1528 2566 1766 2603 xenodochus
1796 2566 1939 2612 quidem
1968 2570 2032 2602 aut
2059 2566 2352 2615 ptochotrophus

119 2616 183 2648 aut
217 2622 434 2647 nosocomus
472 2616 536 2647 aut
566 2611 662 2646 alius
692 2611 802 2647 ullius
831 2611 1025 2658 reliqiosae
1087 2622 1190 2647 omus
1217 2611 1493 2648 administrator
1529 2611 1585 2648 vel
1614 2611 1726 2647 ullam
1756 2611 2033 2648 ecclesiasticam
2065 2622 2190 2648 curam
2219 2623 2352 2665 gerens

119 2658 312 2703 quicquam
340 2657 401 2692 det
429 2658 465 2692 ei
491 2668 515 2692 a
545 2667 617 2702 quo
642 2657 867 2703 proponitur
898 2658 955 2692 vel
982 2657 1048 2693 alii
1076 2656 1146 2692 ulli
1200 2667 1353 2693 ersonae
1381 2667 1452 2702 pro
1483 2656 1672 2692 commissa
1697 2656 1769 2692 sibi
1796 2655 2120 2692 administratione.
2166 2655 2236 2700 Qun
2265 2667 2350 2694 vero

120 2706 248 2736 contra
277 2700 366 2737 haec
389 2712 483 2747 quae
505 2701 749 2747 disposuimus
779 2705 845 2737 aut
867 2701 1008 2738 dederit
1038 2667 1198 2748 aliquus
1211 2705 1276 2737 aut
1306 2702 1488 2748 acceperit
1520 2704 1585 2736 aut
1614 2700 1792 2737 mediator
1819 2702 1946 2747 factus
1968 2701 2034 2743 sit,
2062 2700 2266 2738 sacerdotio
2297 2702 2354 2740 vel

168 2794 182 2826 1
209 2789 418 2837 ἐγκατελέγη
435 2792 467 2824 L
490 2789 689 2833 κατελέχθη
710 2792 891 2826 Nomoc.‘²m
906 2792 920 2836 11
946 2794 965 2826 2
991 2791 1117 2835 λαβεῖν
1134 2792 1203 2825 No-
1273 2794 1306 2824 et
1327 2791 1394 2824 tale
1418 2792 1451 2825 R
1487 2792 1586 2825 etiam
1609 2791 1677 2825 tale
1705 2791 1756 2825 Τ,
1773 2791 1785 2835 11
1806 2793 1839 2824 et
1862 2791 1941 2834 quia
1966 2791 2016 2824 T¹
2031 2790 2045 2835 11
2062 2801 2082 2824 a
2103 2792 2212 2834 posito
2235 2793 2312 2826 RV
2330 2803 2351 2826 a

120 2841 225 2871 meam
251 2836 300 2880 113
323 2834 370 2868 τὰ
396 2831 488 2869 αὐτὰ
510 2834 550 2868 δὲ
566 2838 609 2877 L]
631 2836 749 2869 ταῦτα
765 2833 805 2869 δὲ
821 2837 888 2874 Bc
910 2838 1028 2871 ταῦτα
1053 2834 1093 2869 δὲ
1109 2833 1202 2870 αὐτοὶ
1271 2837 1441 2879 proposito
1466 2837 1500 2870 T
1517 2835 1530 2882 11
1560 2839 1602 2871 10
1627 2839 1697 2878 aut]
1729 2847 1748 2869 a
1774 2837 1806 2870 T
1812 2836 1823 2857 ¹
1849 2836 1862 2880 11
1891 2836 2090 2878 dignitatem
2112 2838 2172 2870 sut
2193 2837 2347 2870 militiam

121 2883 167 2916 Μ
173 2882 338 2923 (idemque
351 2881 427 2921 Iul.)
444 2880 457 2924 11
475 2882 495 2914 6
518 2874 611 2923 ἦσαν
623 2881 783 2915 Nomoc.⁷n
807 2881 819 2924 11
843 2884 905 2915 καὶ
929 2894 984 2915 om.
1003 2882 1166 2916 Nemeam
1192 2880 1204 2926 11
1271 2882 1320 2914 R¹
1344 2881 1356 2926 11
1387 2883 1423 2916 11
1452 2884 1540 2915 rubr.
1569 2882 1620 2914 De
1651 2881 1704 2915 his
1734 2881 1793 2924 qui
1823 2883 1901 2914 ante
1930 2883 2079 2923 tempora
2101 2882 2349 2914 constitutionis

120 2930 141 2962 9
162 2927 251 2966 τῶν]
283 2927 343 2958 καὶ
366 2925 444 2959 τῶν
466 2925 627 2959 Nomos.m
651 2928 663 2968 11
693 2921 753 2958 ὅτι
776 2928 847 2967 καὶ]
882 2929 942 2959 καὶ
966 2922 1026 2960 ὅτι
1050 2927 1111 2970 Bt,
1146 2921 1204 2959 ὅτι
1270 2926 1385 2959 elerici
1407 2926 1488 2959 facti
1511 2929 1591 2959 sunt
1614 2927 1687 2960 Tin
1700 2939 1771 2960 mar
1795 2951 1802 2958 .
1817 2927 1868 2967 (ete
1879 2926 1958 2967 Iul.)
1976 2925 1988 2970 11
2004 2925 2083 2966 Qui]
2107 2925 2187 2967 quia
2207 2925 2257 2959 Β*
2274 2924 2288 2970 ss
2307 2928 2346 2962 13

121 2984 176 3006 om.
191 2972 222 3005 L
239 2971 252 3014 11
273 2973 309 3005 11
336 2970 380 3016 τῇ
404 2968 612 3017 βουλευτικῇ
636 2966 725 3016 τύχῃ
750 2982 770 3006 ς
794 2972 851 3016 (τῇ
865 2969 976 3017 βουλῇ
992 2972 1065 3004 Ath.
1082 2972 1201 3004 Theod.
1269 2981 1328 3013 per
1351 2984 1410 3004 om.
1425 2971 1473 3004 Β*
1490 2971 1503 3015 11
1527 2971 1688 3013 peccunia
1711 2971 1744 3004 R
1766 2939 1920 3014 ffmunia
1942 2971 2015 3011 (om.
2033 2970 2094 3009 13¹)
2119 2969 2282 3013 complere
2302 2971 2347 3013 R]

120 3018 210 3059 Iul.)]
234 3015 279 3058 τῆ
298 3013 508 3058 βουλευτικῆ
528 3013 616 3056 τύχη
641 3017 700 3047 καὶ
719 3013 820 3054 τάξει
840 3017 885 3049 Μ
908 3016 952 3058 τῆ
973 3014 1074 3055 τάξει
1099 3016 1168 3049 BL
1191 3014 1203 3060 11
1270 3016 1433 3059 complere
1449 3016 1565 3048 munis
1586 3016 1619 3049 V
1636 3025 1774 3048 munera
1791 3014 1955 3058 complere
1974 3015 2006 3047 Τ
2013 3017 2096 3057 υιι19.
2116 3013 2128 3058 11
2147 3016 2285 3048 17rubr.
2302 3015 2349 3048 Ut

123 3064 164 3097 12
184 3060 267 3095 τοὺς
283 3080 326 3084 -
344 3062 386 3094 16
403 3058 654 3105 φυλάττεσθαι
671 3071 726 3091 om.
741 3060 778 3092 B
796 3059 809 3103 11
826 3062 868 3094 14
887 3050 1202 3094 ὑποκαταστάτων
1268 3062 1389 3102 (neque
1406 3061 1484 3093 add.
1501 3061 1565 3102 Ta)
1588 3059 1702 3093 elerici
1725 3061 1798 3093 sine
1821 3059 1963 3102 pecunia
1982 3059 2065 3091 fiant
2089 3059 2164 3092 Tin
2178 3071 2281 3103 mar-9.
2297 3062 2350 3100 (ew

121 3108 167 3141 M
176 3107 189 3147 11
216 3109 258 3141 20
283 3106 343 3138 καὶ
367 3116 422 3138 om.
439 3117 459 3142 ς
477 3106 489 3148 11
512 3105 556 3139 22
580 3102 757 3146 ἐκκλησίᾳ]
780 3101 896 3146 ταύτῃ
921 3106 997 3138 add.
1011 3106 1173 3139 Namara
1191 3104 1203 3149 11
1269 3106 1347 3146 Iul.)
1365 3103 1533 3149 ueletiam
1556 3103 1692 3138 RV²T
1705 3104 1718 3147 11
1740 3104 1900 3145 cuiusque
1926 3103 2000 3136 RV
2018 3102 2031 3147 11
2056 3104 2097 3137 18
2123 3103 2154 3136 ei
2178 3117 2235 3137 om.
2249 3105 2319 3138 ΒΤ

122 3153 163 3186 23
187 3153 249 3184 καὶ
273 3162 328 3184 om.
342 3151 475 3192 ς(ΙιιΙ.),
488 3162 551 3183 non
563 3150 647 3183 male
662 3151 674 3192 11
693 3149 736 3182 26
750 3146 911 3193 μερίδων
924 3151 1085 3184 Νοηιοι.·.”ι
1104 3162 1203 3195 μερι-
1269 3149 1329 3182 alii
1353 3162 1412 3183 om.
1430 3149 1488 3192 Vss
1502 3148 1653 3189 cuilibet]
1677 3147 1836 3181 ciuilibus
1862 3147 1913 3181 T¹
1928 3147 1943 3199 11
1962 3150 2002 3182 19
2023 3149 2259 3181 committimus
2275 3149 2326 3183 Β*

120 3197 196 3230 κῶν
212 3197 262 3229 B·
274 3209 303 3230 v.
318 3197 337 3229 l.
352 3195 550 3241 (μερισμῶν
566 3194 771 3234 Haloander)
789 3194 801 3237 11
819 3191 1105 3238 ἀποστερεῖσθαι
1129 3202 1203 3228 ante
1270 3196 1312 3228 20
1336 3194 1391 3227 his
1415 3206 1474 3227 om.
1487 3194 1536 3228 R·
1552 3192 1565 3237 11
1583 3192 1835 3226 ¹’ordinantium
1852 3193 2056 3234 (ordinatum
2070 3193 2102 3226 T
2107 3193 2132 3233 ¹)
2154 3194 2348 3228 ministran-

120 3239 142 3283 ἢ
157 3242 235 3274 τῶν
251 3241 323 3274 coll.
334 3240 386 3273 B!
399 3241 409 3279 ΙΙ
429 3242 471 3274 27
488 3242 548 3273 aut
563 3248 775 3273 nosocomum
791 3242 850 3271 aut
865 3240 1147 3281 ptochotrophum
1160 3237 1203 3283 ς11
1269 3241 1318 3271 tes
1343 3239 1420 3272 libri
1441 3240 1535 3279 (sunt
1554 3239 1631 3271 add.
1646 3238 1744 3281 vuly.)
1762 3236 1776 3282 11
1793 3239 1831 3271 21
1859 3238 2081 3270 emolumento
2107 3238 2155 3272 T¹
2172 3238 2185 3282 11
2202 3239 2245 3272 22
2269 3248 2349 3272 con-

122 3289 163 3321 28
177 3284 287 3319 ἄλλον
302 3282 516 3328 οἱουὸἡποτε
532 3286 578 3318 B·
593 3284 697 3317 alium
710 3283 892 3326 quemlibet
904 3295 924 3319 ς
941 3284 954 3328 11
970 3285 1012 3318 32
1025 3281 1050 3326 ἢ
1066 3296 1122 3318 om.
1133 3284 1201 3318 No·
1269 3283 1456 3316 stituuntur
1477 3281 1528 3325 Vl
1551 3283 1593 3316 23
1615 3281 1722 3323 nulla]
1747 3285 1780 3315 et
1799 3282 1893 3316 nulla
1913 3284 1998 3327 vuly.
2016 3282 2028 3327 11
2046 3283 2192 3325 propriis
2215 3295 2273 3317 om.
2294 3281 2350 3328 1711

120 3336 225 3365 ”“”“·”’
247 3330 260 3375 ¹¹
284 3331 327 3364 ³³
350 3329 542 3375 7⁶”‘⁵“⁶”⁰‘
567 3330 648 3363 Μ’
1268 3327 1530 3406 31:3¹1?ss&oe
1542 3327 1626 3405 ²2¹3}ss
1648 3326 2082 3414 300²12⁷n33⁴⁶iin¹i½¹2⁰⁶3⁰¹223
2098 3326 2349 3417 3θῖῗῖῑίἷῖῗῆ

1970 3386 2003 3406 ΠΙ
2082 3386 2099 3405 Γ
2122 3397 2130 3405 0
2284 3396 2293 3404 ·

1190 3414 1197 3417 ’
1268 3417 1510 3450 xenodochium
1526 3419 1586 3450 aut
1601 3417 1826 3450 nosocomium
1842 3418 1908 3451 RT
1949 3417 2205 3460 ptocotrophum
2218 3417 2252 3450 R
2271 3418 2348 3460 pto-

173 3468 188 3499 1
217 3465 350 3498 tenebat
372 3464 422 3497 R¹
434 3464 466 3497 T
473 3462 485 3484 ¹
501 3462 514 3507 11
534 3464 553 3496 2
574 3463 735 3506 probetur
759 3460 815 3507 Τ11
833 3463 868 3494 et
891 3474 949 3495 om.
966 3462 998 3495 T
1011 3461 1024 3505 11
1041 3463 1060 3496 3
1085 3472 1201 3506 capere
1268 3461 1502 3505 chotrophium
1521 3461 1590 3505 T²l
1617 3463 1659 3497 28
1675 3461 1778 3495 alium
1796 3474 1854 3495 om.
1877 3462 1912 3496 V
1951 3461 2134 3504 quamlibet
2153 3461 2209 3506 Vll
2227 3462 2269 3496 29
2283 3471 2347 3503 gu-

123 3511 155 3544 T
168 3510 181 3554 11
197 3509 379 3550 monachis]
405 3511 438 3541 et
453 3508 624 3541 monachis
647 3508 695 3541 T²
714 3507 726 3551 11
747 3510 770 3542 4
793 3506 977 3549 quamlibet
1002 3507 1034 3539 R
1051 3507 1063 3550 11
1081 3510 1100 3542 5
1123 3518 1200 3549 gra·
1270 3507 1495 3540 bernstionem
1521 3507 1570 3540 T¹
1586 3507 1591 3550 1
1616 3507 1816 3550 quicumque
1843 3506 1892 3540 T¹
1910 3507 1922 3550 11
1941 3507 2194 3540 ecclesiasticam
2215 3519 2274 3539 om.
2289 3505 2348 3550 Ru

122 3555 199 3588 dum
219 3553 476 3588 ecclesiasticum
495 3554 528 3586 Τ
540 3553 552 3596 11
570 3553 792 3586 transferatur
811 3552 861 3586 V¹
883 3552 1130 3585 transferantur
1152 3552 1201 3586 1⁷³
1269 3553 1311 3586 30
1330 3551 1384 3584 illi
1400 3554 1431 3592 a]
1456 3551 1517 3584 ills,
1532 3552 1580 3585 R·
1599 3551 1613 3596 11
1637 3554 1675 3587 31
1702 3551 1946 3594 alicuicumque
1964 3553 1997 3585 R
2014 3551 2027 3596 11
2051 3551 2234 3592 commissa]
2259 3560 2346 3584 com-

121 3601 340 3633 transferetur
364 3599 411 3632 Β*
430 3598 443 3643 11
466 3599 528 3631 etsi
552 3598 646 3631 nulle
668 3599 711 3639 V]
735 3598 798 3631 etsi
820 3597 909 3630 nulli
932 3597 1019 3639 (nuli
1033 3597 1094 3638 ΗΞ)
1121 3596 1200 3630 TR²
1268 3597 1427 3639 promissa
1446 3596 1477 3629 R
1495 3596 1508 3641 11
1531 3598 1574 3631 32
1598 3597 1872 3639 gubernationem
1894 3596 1973 3642 V¹u
2000 3598 2043 3631 33
2063 3596 2101 3629 fit
2119 3595 2277 3639 R²vu19.]
2301 3594 2348 3630 sit

122 3648 154 3677 et
177 3644 284 3677 simile
304 3645 352 3677 12¹
371 3643 383 3687 11
408 3646 426 3677 7
450 3644 646 3676 constitutos
666 3643 714 3677 V¹
745 3642 948 3676 constitutus
968 3642 1017 3675 R¹
1042 3642 1054 3686 11
1079 3644 1100 3676 9
1120 3642 1197 3683 tale]
1277 3642 1344 3683 VT,
1369 3653 1424 3675 om.
1440 3641 1486 3675 13¹
