2476 3854
136 92 246 137 Nov.
271 91 387 136 CXX
417 95 442 136 6

136 203 257 239 ἄλλων
274 200 415 251 εὗαγῶν
431 203 540 238 οἴκων
557 201 744 246 διοικηταί,
768 198 851 247 παρ’
875 198 998 236 ἀὐτοῖς
1013 204 1086 236 ’τοῖς
1102 199 1211 248 ἁγιω-

134 250 256 285 τάτοις
272 247 507 296 πατριάρχαις
531 244 596 293 ὑφ’
616 248 669 281 ὠν
691 247 982 292 χειροτονοῦνται
1005 243 1028 301 ἢ
1053 245 1210 292 προβάλ-

136 294 260 330 λονται
291 293 533 339 ’ὑπομνήματα
558 293 763 333 ποιεῖσθαι,
794 294 853 324 καὶ
880 289 973 336 μεθ’
1001 290 1108 337 ὅρκου
1136 292 1212 326 τῶν

135 337 328 383 διοικητῶν
359 342 419 373 καὶ
443 341 678 372 συναινέσεως
704 337 769 371 τοῦ
793 335 956 371 πλείονος
978 341 1103 382 μέρους
1134 338 1212 371 τῶν

135 387 175 419 ἐν
200 382 318 419 αὐτοῖς
340 383 644 429 λειτουργούντων
669 381 712 416 τὸ
738 385 834 427 χρέος
856 383 1028 428 γίνεσθαι
1052 380 1212 435 φανερὸν

135 433 194 463 καὶ
218 426 278 463 ὅτι
293 426 356 463 οὐκ
381 430 457 462 ἔστι
481 426 638 462 δυνατὸν
663 429 700 460 ἐκ
721 426 927 473 πράγματος
942 428 1088 471 κινητοῦ
1104 440 1211 462 τουτο

135 473 371 516 ὃιαλυθῆνιιι“
407 473 489 507 τοὺς
521 471 560 507 δὲ
588 472 661 508 ὑπὸ
692 471 970 517 μητροπολιτῶν
1001 471 1214 508 ἐπισκόπων

134 521 478 565 χειροτονουμένους,
511 518 581 552 εἴτε
606 520 797 553 ἐπίσκοποι
825 511 919 552 ὦσιν
951 518 1020 552 εἴτε
1044 515 1212 564 ἇρχιμαν-

134 564 252 619 ὃρῐται
274 564 349 619 εἶτεν
368 560 639 610 όρφανοτρόφοι
663 563 734 597 εἴτε
757 560 1012 618 στ’τωχοτρόφοι
1042 561 1066 607 ἢ
1091 562 1213 597 ἄλλων

1199 87 1291 135 ’584

1963 105 2025 135 nn
2052 103 2354 139 strenuom
2379 86 2402 111 ·’

1277 212 1358 238 rum
1389 201 1643 246 ordinatores,
1659 201 1756 248 apud
1785 202 2027 240 sanctissimos
2057 203 2300 249 patriarchas,
2331 214 2355 240 a

1279 247 1408 291 quibus
1453 246 1662 283 ordinantur
1702 250 1765 283 aut
1802 251 2086 293 praeponuntur,
2128 251 2354 286 monumenta

1279 293 1375 335 fieri,
1409 293 1444 326 et
1473 302 1553 326 cum
1585 291 1811 328 iureiurando
1845 292 2087 330 ordinatorum
2116 298 2152 329 et
2180 304 2355 331 consensu

1280 336 1460 381 amplioris
1484 337 1597 382 partis
1625 337 1662 373 in
1686 338 1738 374 eis
1761 337 2032 374 deservientium
2061 338 2219 375 debitum
2241 339 2353 375 mani-

1248 382 1403 417 5festari
1434 386 1470 417 et
1494 382 1578 427 quia
1600 393 1672 419 non
1695 386 1749 418 est
1770 383 1940 428 possibile
1968 384 2012 419 de
2034 384 2141 420 rebus
2164 384 2354 422 mobilibus

1279 428 1375 462 istud
1395 427 1561 473 persolvi3
1587 437 1648 463 eos
1665 438 1747 464 vero
1765 428 1825 472 qui
1841 438 1863 463 a
1878 429 2112 474 metropolitis
2130 428 2354 474 ordinantur,

1282 472 1354 508 sive
1375 472 1535 517 episcopi
1557 473 1628 508 sint
1658 473 1731 509 sive
1755 474 2054 509 archimandritae
2083 474 2156 510 sive
2178 474 2355 519 orphano÷

1281 517 1403 562 trophi
1444 517 1518 553 sive
1550 518 1687 563 ptochii
1724 522 1788 554 aut
1822 519 1971 554 aliarum
2005 519 2256 555 venerabilium
2291 519 2355 555 do-

1281 573 1418 597 morum
1454 562 1691 608 ordinatores,
1731 574 1754 599 a
1780 564 1827 600 ud
1862 574 1923 600 eos
1959 564 2119 600 similiter
2153 564 2356 610 metropoli-5

134 623 276 656 svaywv
311 611 422 643 οὶκων
458 607 654 652 διοικηταί,
697 621 772 663 παρ
824 605 943 643 αὐτοῖς
977 607 1111 662 §potam
1141 610 1337 643 τοῖς-10133
1369 607 1556 660 episcopos
1587 609 1748 645 huiusmo
1777 609 1785 618 ’
1821 614 2049 645 monumenta
2081 609 2273 653 conscribi3
2309 609 2355 645 ab

132 653 411 699 μητροπολίταις
447 653 656 689 ἐπισκόποις
696 667 743 687 τα
777 654 931 688 τοιαῦτα
970 653 1213 699 υπομνήματα

132 698 369 745 συγγράφειν·
395 698 484 744 παρ’
500 700 645 732 ἐκείνοις
663 696 702 732 δὲ
716 702 790 732 τοῖς
807 700 1026 743 ἐπισκόποις,
1048 700 1174 734 οἵτινες
1190 694 1211 742 ἢ

132 745 233 789 παρὰ
257 746 492 791 πατριαρχῶν
520 743 544 786 ἢ
567 744 666 789 παρὰ
689 743 967 789 μητροπολιτῶν
999 744 1213 779 ἐπισκόπων

131 790 420 844 χειροτονοῦνται
440 792 499 823 καὶ
516 791 656 831 ἔχουσιν
681 788 754 824 ὑπὸ
770 788 839 832 τὴν
855 787 951 843 ἰὸίιξν
967 787 1213 824 δικαιοδοσίαν

1281 653 1350 688 illis
1375 663 1457 688 vero
1483 653 1671 699 ep1scopis,
1693 654 1752 699 qui
1775 657 1839 690 aut
1861 665 1883 691 a
1906 654 2117 700 patriarchis
2140 658 2204 690 aut
2226 658 2356 690 metro-

1280 698 1401 744 politis
1433 698 1609 744 episcopis
1642 700 1853 735 ordinantur
1883 704 1920 735 et
1948 700 2081 736 habent
2110 700 2176 736 sub
2210 700 2357 745 propria

1280 743 1525 779 iurisdictione
1549 747 1613 779 aut
1632 745 1847 780 monasteria
1869 746 1934 780 aut
1951 745 2097 790 ptochia
2119 749 2183 781 aut
2199 754 2357 781 xenones

1281 793 1345 824 aut
1367 789 1573 824 nosocomia
1604 792 1669 824 aut
1692 790 1780 826 alias
1803 790 2021 826 venerabiles
2045 790 2185 833 domos,
2217 790 2283 827 sub
2306 789 2355 826 si-

131 849 152 877 η
174 834 402 890 μοναστῄρια
427 832 450 878 ἢ
474 838 635 889 πτωχεῖα
667 832 877 890 ἢκξενκῶνιές
906 849 928 878 η
955 838 1167 880 νοσοκομεῖα
1191 832 1213 877 ἢ
1229 837 1267 869 15
1281 835 1397 869 milem
1429 834 1571 869 modum
1599 836 1700 880 gesta
1731 834 1824 877 fieri,
1855 834 1907 870 ita
1937 838 2055 871 tamen
2078 838 2135 879 ut,
2167 835 2240 871 sive
2261 835 2357 880 apud

132 879 257 914 ἄλλους
287 883 422 926 ευαγεῒς
453 882 582 922 οἰκους,
619 893 711 914 κατα
742 893 811 914 τον
840 893 966 924 ομοιον
995 880 1135 926 τρόπον
1165 879 1211 913 τὰ

130 921 374 969 ὑπομνήματα
389 926 579 972 γίνεσθαι·
604 922 701 959 οὕτω
716 928 898 971 μέντοιγε,
922 923 1011 960 ὦςτε
1026 926 1097 960 εἴτε
1113 925 1212 970 παρὰ

131 970 368 1016 πατριάρχαις
397 971 469 1004 εἴτε
500 970 599 1016 παρὰ
623 969 903 1016 μητροπολίταις
931 971 1002 1005 εἴτε
1031 967 1121 1016 παρ’
1149 969 1211 1004 ἆλ-

131 1015 203 1049 λοις
233 1013 445 1050 ἐπισκόποις
476 1016 522 1049 τὰ
549 1017 698 1050 τοιαῦτα
731 1014 976 1068 ὑπομνήματα
1000 1015 1210 1069 πράττεται,

1279 880 1502 924 patriarchas
1535 879 1608 915 sive
1638 880 1735 925 apud
1765 880 2008 925 metropolitas
2039 880 2110 916 sive
2141 880 2238 926 apud
2267 879 2356 916 alios

1281 925 1469 970 episcopos
1494 925 1696 960 huiusmodi
1718 929 1819 969 gesta
1842 925 1941 969 fiant,
1965 925 2100 960 nullum
2122 936 2188 970 pro
2208 924 2265 961 his
2285 925 2356 960 dis-

1280 969 1447 1015 pendium
1476 973 1540 1005 aut
1563 980 1754 1015 expensam
1777 970 1994 1006 venerabiles
2023 970 2146 1006 domos
2170 969 2355 1006 sustinere.

1281 1016 1476 1060 Propterea
1499 1015 1591 1050 enim
1615 1016 1779 1051 nolumus
1804 1015 1848 1051 de
1864 1018 1982 1052 cetero
2006 1015 2102 1061 apud
2125 1015 2260 1051 iudices
2276 1025 2355 1063 pro·

130 1059 308 1115 μηδεμίαν
332 1060 423 1106 ὑπὲρ
449 1057 574 1095 αὐτῶν
599 1063 730 1114 ζημίμν
747 1075 768 1104 η
786 1061 957 1115 δαπαὶνην
979 1063 1062 1096 τοὺς
1078 1064 1212 1108 ευαγεῖς
1226 1061 1267 1095 20
1280 1061 1474 1095 vinciarum
1506 1065 1569 1095 aut
1592 1060 1795 1097 defensores
1826 1062 1987 1097 locorum
2010 1061 2210 1096 huiusmodi
2233 1071 2356 1097 monn*

130 1108 244 1140 οἳκους
266 1106 506 1152 υφίστασθαι.
556 1104 616 1140 διὰ
634 1119 742 1140 τουτο
764 1106 831 1153 γὰρ
852 1120 892 1140 ου
913 1106 1123 1151 βουλόμεθα
1147 1108 1213 1141 τοῦ

130 1150 256 1186 λοιποῦ
281 1151 381 1197 παρὰ
405 1154 478 1185 τοῖς
502 1150 649 1198 ἄρχουσι
671 1153 747 1186 τῶν
771 1154 956 1197 ἐπαρχιῶν
979 1150 1002 1195 ἢ
1025 1155 1098 1186 τοῖς
1121 1150 1212 1186 ἐκδί-

129 1208 202 1231 κοις
232 1198 309 1231 τῶν
333 1196 463 1231 τόπων
494 1197 540 1231 τὰ
565 1198 717 1231 τοιαῦτα
745 1194 988 1242 ὑπομνήματα
1012 1196 1112 1243 παρὰ
1136 1199 1213 1231 τῶν

129 1242 462 1286 μνημονευθέντων
485 1242 689 1296 προςιόπων
709 1241 820 1289 ἤγουν
836 1243 947 1277 οἴκων
967 1242 1211 1288 πράττεσθαι,

1280 1110 1400 1141 menta
1429 1115 1452 1140 a
1483 1106 1685 1141 memoratis
1714 1106 1877 1151 personis
1912 1107 1984 1142 sive
2014 1106 2177 1142 domibus
2208 1106 2284 1151 agi,
2318 1107 2360 1142 ut

1281 1151 1417 1186 nullum
1432 1151 1655 1196 dispendium
1675 1151 1839 1187 sentiant.
1877 1151 2070 1196 Postquam
2090 1162 2173 1188 vero
2188 1151 2258 1187 ista
2273 1151 2358 1187 sub·

1282 1200 1405 1232 secuta
1430 1197 1563 1231 fuerint
1585 1196 1681 1242 apud
1704 1200 1917 1232 memoratos
1941 1196 2184 1232 sanctissimos
2207 1196 2358 1242 patriar-

1282 1242 1367 1277 chas
1410 1244 1474 1277 aut
1507 1242 1754 1287 metropolitas
1795 1246 1859 1277 aut
1898 1241 1987 1278 alios
2024 1242 2231 1287 episcopos,
2273 1246 2360 1278 tunc

130 1288 196 1340 tvnc-
214 1285 394 1332 μηδεμίαν
419 1290 551 1332 ζημίαν
575 1291 806 1334 υφίστανται.
853 1288 945 1332 μετὰ
970 1286 1010 1322 δὲ
1031 1288 1074 1322 τὸ
1100 1284 1213 1322 οὕτως
1226 1289 1267 1321 25
1281 1287 1455 1332 praedicti
1479 1287 1701 1323 ordinatores
1735 1287 1916 1323 debitricis
1939 1287 2064 1323 domus
2088 1286 2298 1323 venerabilis
2321 1287 2360 1322 in

129 1346 246 1366 ταυτα
289 1333 614 1379 παρακολουθῆσαι
658 1333 758 1379 παρὰ
803 1336 876 1367 τοῖς
909 1334 1213 1378 μνημονευθεῖσιν

129 1375 346 1424 ἁγιωτάτοις
381 1377 617 1424 πατριάρχαις
657 1377 680 1422 ἢ
715 1377 994 1426 μητροπολίταις
1034 1377 1058 1422 ἢ
1094 1377 1213 1413 ἄλλοις

130 1423 340 1458 ἐπισκόποις
371 1424 570 1467 τηνικαῦτα
601 1423 684 1458 τοὺς
707 1424 909 1469 εἰρημένους
941 1423 1122 1467 διοικητὰς
1147 1425 1211 1458 τοῦ

130 1468 384 1515 ἐποφειῖλοντος
407 1465 553 1513 εὖαγοῦς
575 1469 671 1503 οἴκου
697 1468 883 1524 ἐγγράφιως
906 1470 946 1504 ἐν
965 1467 1126 1525 ὁὶημοσίῳ
1149 1470 1212 1511 τῆς

1280 1333 1424 1377 scriptis
1456 1332 1493 1367 in
1516 1333 1660 1377 publico
1692 1332 1842 1368 civitatis
1872 1332 1952 1368 loco
1984 1335 2188 1378 proponant
2215 1342 2280 1378 per
2308 1332 2358 1368 vi-

1280 1378 1366 1422 ginti
1399 1378 1491 1420 dies,
1528 1380 1564 1413 et
1595 1378 1663 1413 isto
1698 1379 1803 1414 modo
1838 1379 2028 1414 hortentur
2056 1388 2116 1414 eos
2152 1377 2214 1423 qui
2243 1387 2360 1413 emere

1280 1423 1403 1459 volunt
1438 1423 1652 1459 immobilem
1686 1434 1779 1467 rem,
1814 1426 1856 1458 ut
1890 1424 1950 1468 qui
1984 1423 2065 1468 plus
2126 1424 2248 1459 raebet
2280 1422 2359 1458 aliis

1280 1473 1534 1513 praeponatur.
1582 1469 1647 1504 His
1677 1479 1760 1504 vero
1785 1468 1946 1504 omnibus
1977 1478 2087 1514 proce
2112 1468 2252 1504 entibus
2274 1477 2360 1504 ven-

130 1513 269 1549 πόλεως
303 1513 409 1558 τόπῳ
445 1515 665 1561 προτιθέναι
707 1517 766 1549 ἐπὶ
802 1516 936 1567 εἰκοσιν
970 1517 1116 1561 ημέρας,
1152 1517 1212 1547 καὶ
1226 1515 1266 1548 30
1280 1514 1447 1549 ditionem
1464 1514 1541 1549 fieri
1557 1514 1672 1559 pretio
1694 1515 1809 1550 modis
1826 1514 1990 1549 omnibus
2010 1523 2075 1559 pro
2093 1513 2213 1549 debito
2230 1513 2360 1556 dando,

128 1557 248 1602 τούτῳ
281 1560 334 1602 τῷ
367 1558 495 1604 τρόπῳ
527 1563 745 1606 προτρέπειν
777 1571 860 1594 τους
888 1557 1063 1606 ἀγοράσαι
1086 1558 1211 1605 βουλο-

128 1607 255 1648 μένους
283 1605 325 1638 τὸ
352 1601 525 1647 ἀκίνητον
548 1606 717 1652 πρᾶγμα,
750 1606 811 1639 ἵνα
842 1602 862 1638 ὅ
895 1605 1009 1640 πλείω
1042 1609 1212 1651 παρέχων

129 1651 207 1684 τῶν
237 1649 360 1684 ἄλλων
391 1651 613 1697 προτιμηθῇ.
661 1649 804 1684 τούτων
829 1649 868 1685 δὲ
889 1650 1042 1685 πάντων
1065 1651 1211 1696 προϊόν-

129 1708 207 1729 των
238 1695 305 1750 τὴν
329 1696 465 1740 πρᾶσιν
497 1696 669 1742 γίνεσθαι
698 1697 762 1729 τοῦ
787 1694 986 1740 τιμήματος
1016 1697 1107 1731 πᾶσι
1131 1696 1212 1740 τρό-

129 1752 210 1775 ποις
239 1742 333 1794 ευπέρ
365 1737 669 1796 τοῦἱόφλήμμτος
699 1739 898 1786 διδομένου,
932 1741 993 1775 ἵνα
1023 1742 1071 1787 μὴ
1096 1739 1213 1775 ἄλλως
1226 1743 1268 1776 35

129 1788 203 1828 ἔχοι
222 1799 247 1819 ·o
273 1783 474 1832 ἇγοραστης
499 1786 540 1819 τὸ
567 1785 733 1832 ασφαλές,
766 1788 797 1820 εἰ
819 1787 868 1831 μὴ
888 1786 935 1820 τὸ
961 1791 1098 1831 τίμημα
1121 1785 1212 1831 ὑπὲρ

130 1829 242 1865 αὐτοῦ
267 1833 332 1865 τοῦ
347 1834 466 1877 χρέους
488 1831 687 1879 καταβάλῃ,
711 1834 771 1865 καὶ
786 1832 894 1866 τοῦτο
916 1832 1030 1877 ῥητῶς
1051 1833 1210 1879 ἐγγραφῇ

1280 1563 1321 1595 ut
1335 1570 1407 1595 non
1430 1559 1534 1594 aliter
1550 1559 1683 1595 habeat
1698 1565 1838 1605 emptor
1856 1559 2098 1601 munitionem,
2121 1558 2189 1594 nisi
2207 1558 2361 1605 pretium

1280 1615 1344 1651 pro
1367 1604 1446 1650 ipso
1471 1604 1590 1641 debito
1613 1607 1847 1652 persolvatur,
1877 1608 1913 1641 et
1936 1605 2006 1642 hoo
2027 1604 2211 1642 evidenter
2232 1603 2361 1642 insofi-

198 1935 227 1956 υ.
246 1924 378 1957 29-33
403 1925 561 1957 sententia
586 1924 798 1957 adumbratur
821 1919 915 1957 Ῥοπ.
936 1925 988 1968 10,
1004 1932 1032 1965 3,
1056 1925 1113 1958 ubi
1135 1925 1253 1958 citatur
1275 1921 1387 1968 νεαρὰ
1411 1918 1487 1968 <²⁴⁸⁷-

129 2022 455 2065 administratores,
479 2022 581 2070 apud
602 2024 702 2069 ipsos
725 2025 973 2059 sanctissimos
993 2022 1228 2069 patriarchas
1251 2034 1274 2059 a
1298 2022 1427 2069 quibus
1448 2026 1619 2058 creantur
1640 2021 1697 2057 vel
1715 2022 1952 2068 desiqnantur
1974 2026 2204 2058 monumenta
2244 2033 2360 2067 acere,

128 2074 165 2103 et
179 2079 259 2103 cum
275 2068 510 2104 iureiurando
527 2068 861 2104 administratorum
886 2073 996 2115 atque
1011 2079 1188 2103 consensu
1204 2069 1354 2103 maioris
1369 2070 1490 2114 partis
1507 2078 1631 2103 eorum
1649 2069 1711 2113 qui
1727 2067 1926 2103 ministeria
1941 2067 1979 2102 in
1995 2068 2041 2102 iis
2057 2068 2191 2103 obeunt
2250 2068 2361 2104 bitum

129 2113 362 2159 manifestum
383 2114 469 2158 fieri
495 2118 531 2149 et
561 2114 660 2159 quod
688 2125 737 2150 ex
767 2114 874 2150 rebus
897 2113 1085 2149 mobilibus
1114 2113 1154 2148 id
1175 2114 1270 2149 solvi
1290 2125 1334 2149 ne
1362 2118 1466 2155 ueat,·
1504 2124 1567 2149 eos
1590 2119 1708 2148 autem
1741 2113 1803 2158 qui
1825 2124 1849 2147 a
1872 2112 2160 2159 metropolitanis
2181 2113 2362 2160 episcopis

129 2162 311 2200 creantur,
342 2159 416 2194 sive
439 2159 601 2206 episcopi
623 2159 697 2195 sint
723 2160 797 2196 sive
820 2159 1128 2195 archimandritae
1157 2159 1233 2194 sive
1257 2169 1324 2205 orp
1339 2158 1548 2204 ianotrophi
1581 2160 1654 2193 sive
1674 2157 1935 2205 ptochotrophi
1958 2157 2015 2193 vel
2036 2158 2191 2193 aliarum
2214 2168 2360 2194 venera-

129 2204 251 2238 bilium
275 2204 444 2239 domuum
468 2203 800 2247 administratores,
834 2204 935 2251 apud
957 2205 1057 2250 ipsos
1079 2203 1244 2240 similiter
1266 2204 1565 2251 metropolitanos
1596 2203 1787 2255 episcopos
1817 2203 1994 2238 eiusmodi
2024 2207 2252 2240 monumenta
2276 2213 2362 2239 con-

128 2249 307 2290 scribere;
341 2249 443 2296 apud
467 2249 550 2284 illos
573 2256 691 2285 autem
715 2251 915 2296 episcopos,
948 2250 1010 2295 qui
1033 2249 1090 2285 vel
1110 2261 1134 2284 a
1151 2249 1378 2295 patriarchis
1401 2249 1457 2285 vel
1479 2260 1502 2284 a
1526 2248 1817 2294 metropolitanis
1838 2249 1959 2294 episco
1989 2249 2020 2283 is
2042 2254 2214 2284 creantur
2237 2252 2274 2285 et
2294 2247 2361 2284 sub

129 2294 375 2330 iurisdictione
397 2306 465 2330 sua
489 2295 545 2330 vet
567 2296 787 2331 monasteria
811 2295 868 2331 vel
881 2294 1036 2341 ptochia
1060 2294 1114 2330 vel
1135 2305 1299 2330 xenones
1322 2294 1378 2330 vel
1399 2295 1606 2330 nosocomia
1629 2294 1687 2329 vel
1707 2293 1800 2328 alias
1823 2303 1953 2328 venera
1977 2293 2042 2328 iles
2065 2292 2193 2329 domus
2215 2292 2358 2335 habent,

130 2335 253 2375 eodem
276 2339 381 2375 modo
406 2345 633 2376 monumenta
650 2341 750 2386 fieri:
773 2342 824 2376 ita
847 2345 965 2376 tamen
990 2344 1029 2375 ut
1051 2340 1126 2376 sive
1144 2339 1245 2386 apud
1261 2339 1502 2386 patriarchas
1524 2340 1598 2375 sive
1619 2338 1720 2385 apud
1738 2338 2038 2384 metropolitanos
2059 2340 2134 2374 sive
2149 2338 2250 2385 apud
2267 2339 2362 2374 alios

131 2397 155 2419 e
178 2386 319 2431 iscopos
353 2385 527 2421 eiusmodi
560 2391 789 2421 monumenta
821 2386 932 2431 fiant,
978 2384 1114 2420 nullum
1148 2384 1232 2420 inde
1266 2385 1436 2420 damnum
1478 2385 1534 2420 vel
1555 2389 1735 2430 sumptum
1769 2383 1990 2419 venerabiles
2029 2383 2157 2419 domus
2197 2384 2362 2420 subeant.

131 2396 334 2476 ſsi-opterea
356 2431 448 2465 enim
464 2430 632 2466 nolumus
655 2432 693 2466 in
712 2436 901 2477 posterum
926 2430 1027 2477 apud
1047 2431 1235 2477 praesides
1252 2430 1528 2477 provinciarum
1552 2429 1610 2465 vel
1623 2429 1835 2475 defensores
1859 2429 2018 2464 locorum
2042 2428 2216 2464 eiusmodi
2237 2439 2363 2464 monu-

130 2481 250 2510 menta
274 2487 296 2510 a
318 2477 524 2511 memoratis
550 2476 722 2522 personis
750 2476 807 2512 vel
834 2476 997 2511 domibus
1020 2476 1167 2520 confici,
1199 2486 1245 2510 ne
1267 2476 1380 2510 ullum
1413 2475 1583 2510 damnum
1605 2475 1766 2510 subeant.
1815 2473 2015 2520 Postquam
2046 2477 2166 2509 autem
2197 2473 2287 2510 haec
2308 2474 2362 2510 ita

131 2526 323 2556 consecuta
338 2526 424 2556 sunt
446 2521 547 2567 apud
568 2526 786 2557 memoratos
808 2521 1056 2556 sanctissimos
1077 2520 1313 2567 patriarchas
1337 2520 1392 2556 vel
1414 2519 1714 2566 metropolitanos
1737 2518 1793 2555 vel
1811 2519 1904 2554 alios
1927 2519 2131 2565 episcopos,
2158 2523 2232 2554 tum
2252 2529 2363 2566 prae-

132 2566 219 2600 dicti
242 2566 555 2602 administratores
578 2567 761 2602 debitricis
784 2567 998 2602 venerabilis
1021 2566 1148 2601 domus
1178 2567 1216 2600 in
1239 2566 1387 2612 scriptis
1417 2565 1455 2600 in
1477 2565 1622 2612 publico
1647 2564 1803 2599 civitatis
1834 2564 1914 2599 loco
1934 2575 2006 2611 per
2029 2564 2156 2610 viqinti
2179 2564 2256 2600 dies
2275 2575 2363 2611 pro-

126 2615 290 2656 ponant,
320 2622 433 2656 eoque
456 2612 563 2646 modo
588 2611 829 2647 adhortentur
857 2623 919 2647 eos
951 2612 1015 2657 qui
1044 2613 1119 2647 rem
1142 2611 1355 2646 immobilem
1385 2622 1500 2646 emere
1530 2610 1656 2651 velint,
1688 2613 1729 2645 ut
1752 2610 1815 2655 qui
1837 2610 1923 2655 plus
1946 2609 2080 2655 offerat
2108 2609 2235 2645 ceteris
2252 2619 2364 2656 prae·

127 2661 303 2702 ponatur.
352 2657 420 2691 His
444 2662 563 2692 autem
587 2657 750 2692 omnibus
770 2657 1049 2704 procedentibus
1080 2656 1235 2692 venditio
1256 2657 1336 2702 fiat,
1369 2660 1405 2691 et
1426 2656 1584 2703 pretium
1615 2653 1779 2690 omnibus
1803 2654 1917 2689 modis
1934 2665 2009 2701 pro
2033 2654 2151 2690 debito
2176 2653 2291 2696 detur,
2323 2657 2366 2691 ut

133 2707 273 2746 emptor
301 2712 374 2736 non
403 2702 510 2736 aliter
540 2702 769 2738 securitatem
800 2702 930 2738 habeat
962 2703 1035 2737 nisi
1060 2703 1217 2749 pretium
1242 2712 1318 2749 pro
1342 2701 1423 2748 ipso
1455 2701 1573 2737 debito
1605 2700 1762 2744 solverit,
1795 2700 1902 2746 idque
1925 2700 2135 2735 nominatim
2166 2709 2246 2735 cum
2269 2700 2364 2736 iure-

147 2851 166 2859 *
191 2818 206 2849 1
229 2813 343 2849 ἄλλως
364 2816 415 2857 CH
435 2812 523 2860 παρ’
541 2813 656 2849 αὐτοῖς
678 2820 761 2858 τοῖς]
783 2818 882 2863 παρὰ
902 2820 974 2850 τοῖς
998 2819 1051 2853 Cs-
1069 2817 1081 2861 ΙΙ
1098 2820 1117 2851 2
1143 2813 1210 2863 ἀφ’

134 2861 189 2895 ῶν
213 2862 260 2904 Β,
279 2862 343 2895 Ου.
360 2862 379 2893 l.
403 2861 415 2904 ΙΙ
439 2858 461 2903 ἢ
484 2860 754 2905 προβάλλονται
780 2876 837 2895 om.
858 2864 886 2897 C
906 2863 918 2906 ΙΙ
943 2864 963 2896 6
988 2863 1027 2895 ἐκ
1051 2861 1214 2906 πράγμα-

133 2916 193 2940 τος
216 2906 360 2949 κινητοῦ
386 2919 443 2939 om.
464 2907 492 2940 C
513 2907 525 2949 ΙΙ
551 2910 568 2940 7
596 2905 809 2940 ἐπισκόπων
824 2909 1018 2941 Halounder
1042 2914 1074 2950 (a
1094 2913 1214 2940 metro-

133 2951 293 2996 politanis
317 2951 479 2994 episcopis
503 2953 592 2993 Iul.)]
629 2950 651 2994 ἢ
676 2951 888 2986 ἐπισκόπων
913 2953 959 2986 M
963 2953 1039 2986 LB
1071 2951 1214 2986 ἐπισκό-

135 3007 222 3031 πους
249 2998 291 3040 0,
317 3010 375 3029 om.
401 3008 420 3032 ς
448 2997 460 3040 ΙΙ
491 2998 510 3030 8
535 2997 624 3029 εἰσὶν
649 2998 723 3030 LB
741 2998 752 3040 ΙΙ
773 3000 809 3030 11
837 2995 1047 3031 ἐπισκόποις
1073 2999 1215 3039 Gelai]

134 3040 158 3085 ἢ
182 3039 392 3076 ἐπισκόποις
416 3042 525 3075 MLB
541 3041 553 3082 ΙΙ
582 3043 622 3075 13
649 3040 861 3076 ἐπισκόπων
882 3044 990 3084 glut]
1024 3043 1215 3077 ἐπίσκοποι

135 3088 246 3121 MLB
280 3085 302 3130 ἢ
323 3086 534 3121 ἐπισκόπων
563 3087 615 3130 Cu
642 3089 681 3121 19
706 3087 868 3128 τοιαῦτα]
896 3084 986 3120 αὐτὰ
1017 3089 1044 3121 C
1066 3088 1078 3132 ΙΙ
1103 3087 1214 3133 πράτ-

134 3132 270 3166 τεσθαι
294 3133 325 3166 L
349 3133 362 3177 ΙΙ
386 3134 428 3167 25
451 3129 631 3176 μηδεμίαν
653 3128 871 3176 ὑφίστανται
892 3131 1036 3175 βλάβην
1064 3135 1092 3167 C
1114 3134 1125 3176 ΙΙ
1151 3130 1214 3179 ὑφ-

137 3178 312 3212 ιστῶνται
328 3191 396 3212 cum
415 3178 596 3221 Scrimyero
613 3179 699 3220 vuly.
717 3179 728 3219 ΙΙ
749 3179 790 3211 28
812 3177 876 3209 τοῦ
897 3176 1148 3220 έποφείλοντος
1165 3182 1217 3214 (Ις

136 3225 264 3266 Iul.(cs.
277 3225 422 3264 585,12)]
442 3223 505 3256 τοῦ
520 3218 580 3257 ἐπ’
596 3219 750 3268 ὠφελείᾳ
767 3220 871 3255 ὄντος
884 3220 1005 3261 (ὄντας
1018 3224 1071 3265 Μ)
1087 3224 1194 3256 MLB
1206 3222 1218 3268 ΙΙ

137 3271 179 3303 29
211 3265 369 3315 εὖαγοῦς]
394 3268 458 3301 τοῦ
484 3263 627 3314 εὐαγοῦς
650 3269 681 3301 L
716 3267 780 3300 τοῦ
807 3269 934 3306 (deinde
951 3270 1088 3310 spatium
1107 3269 1218 3311 3sere

138 3317 194 3347 liu.
211 3317 360 3358 sortasse
384 3327 460 3347 casu
485 3315 641 3352 relictum)
667 3312 709 3346 M
734 3312 747 3356 ss
774 3313 879 3346 τόπω
905 3313 964 3353 τῆς
987 3311 1126 3345 πόλεως
1152 3314 1182 3346 L
1205 3314 1217 3357 ΙΙ

137 3361 180 3393 32
203 3358 317 3394 πλείω
335 3360 444 3401 CLB]
468 3358 511 3392 τὸ
536 3356 660 3393 πλεῖον
677 3358 721 3391 Μ
738 3355 847 3391 πλέον
864 3358 944 3391 Uolt.
956 3359 996 3391 87
1009 3371 1094 3401 cap„
1111 3359 1186 3391 Ath.
1206 3361 1218 3402 ΙΙ

137 3406 181 3439 34
199 3404 374 3451 γενέσθαι
399 3405 451 3449 (ΙΙΙ
478 3406 519 3438 37
545 3400 752 3449 καταβάλλῃ
779 3404 826 3444 L,
844 3404 910 3437 Cv.
928 3403 947 3435 l.

183 3497 203 3528 2
223 3498 472 3538 praeponantur
487 3495 520 3528 Τ
532 3494 545 3538 ΙΙ
563 3497 582 3529 3
606 3493 691 3535 fieri]
715 3494 823 3526 facere
839 3495 1009 3537 proposuit
1030 3494 1158 3526 [immet
1173 3495 1218 3526 od

137 3540 201 3573 Iul.
215 3542 280 3574 410
297 3547 360 3573 not.
379 3542 425 3573 dd
448 3542 518 3581 (sed
533 3541 574 3583 cs:
594 3540 672 3581 587,
685 3547 730 3573 25.
757 3539 833 3579 588,
848 3539 874 3579 1)
891 3537 904 3582 ΙΙ
928 3540 971 3579 et]
996 3541 1034 3570 ut
1059 3538 1183 3571 ΙίῘῘΤ2
1205 3538 1217 3581 ΙΙ

138 3595 333 3618 consensum
355 3585 404 3618 V¹
430 3585 442 3628 ΙΙ
466 3588 487 3619 4
511 3585 615 3627 partis
641 3584 761 3618 om.R²
787 3583 800 3627 ΙΙ
823 3583 860 3616 in
885 3584 931 3616 eis
955 3583 1217 3616 deseruicntibus

139 3630 230 3663 RV¹
255 3631 289 3662 in
307 3629 428 3663 eisdem
448 3630 670 3663 seruientibus
688 3630 877 3671 (seruientis
895 3627 957 3671 Tb)
981 3629 1014 3662 T
1027 3630 1039 3673 11
1055 3628 1215 3670 debitum]

138 3674 174 3706 in
194 3674 341 3707 debitum
362 3676 411 3708 Β*
436 3676 470 3708 id
486 3675 632 3709 debitum
648 3674 762 3718 R²Vn
789 3676 809 3708 5
834 3676 868 3707 et
890 3686 949 3708 om.
965 3675 999 3707 T
1010 3674 1023 3718 ΙΙ
1044 3673 1216 3717 possibiles

1283 2817 1331 2851 R¹
1349 2817 1361 2861 ΙΙ
1385 2818 1405 2851 6
1429 2816 1576 2859 persolui
1596 2815 1687 2848 istud
1710 2816 1742 2848 T
1761 2814 1774 2857 ΙΙ
1797 2817 1861 2856 eos]
1885 2825 1945 2858 per
1960 2825 2014 2848 eos
2037 2816 2121 2859 vuly.
2141 2816 2196 2858 (cs.
2215 2816 2261 2848 ad
2275 2816 2329 2858 10)
2352 2815 2373 2858 ΙΙ’

1283 2863 1342 2905 qui
1360 2864 1391 2903 a]
1417 2863 1496 2904 quia
1516 2862 1566 2895 V*
1584 2861 1596 2905 ΙΙ
1622 2864 1639 2895 ’7
1658 2860 1935 2904 orphanotrophii
1955 2861 1986 2894 T
2004 2860 2016 2903 ΙΙ
2042 2861 2061 2894 8
2083 2861 2153 2892 siue
2172 2859 2300 2902 ptochii
2317 2860 2363 2901 T]

1284 2922 1342 2941 om.
1356 2909 1384 2940 R.
1396 2908 1433 2950 V,
1455 2908 1522 2939 sive
1534 2906 1768 2950 ptochotrophi
1782 2907 1868 2950 vuly.
1882 2904 1894 2950 ΙΙ
1911 2908 1949 2948 1-0
1962 2903 2155 2937 huiusmodi
2166 2923 2206 2929 —-
2221 2906 2261 2939 12
2273 2905 2363 2938 ordi·

1283 2955 1409 2986 uantur
1432 2965 1493 2985 scr.
1515 2951 1567 2985 V²
1590 2953 1622 2985 in
1643 2964 1709 2984 ras.
1728 2953 1747 2985 2
1764 2963 1814 2984 υυ.
1845 2950 1857 2995 ΙΙ
1888 2950 1949 2995 leq.
1974 2947 2205 2982 conscribere?
2229 2950 2300 2990 (sed
2319 2949 2362 2993 cf.

1285 3000 1376 3037 0113)
1393 2997 1405 3041 ΙΙ
1435 2999 1472 3031 11
1499 2999 1558 3029 aut
1581 3007 1601 3029 a
1623 2997 1723 3040 wlff]
1757 2999 1816 3028 aut
1835 2994 1911 3028 RV
1928 3005 1948 3027 a
1972 2995 2005 3028 T
2026 2993 2039 3038 ΙΙ
2067 2995 2107 3028 12
2133 2993 2276 3026 habeant
2303 2992 2364 3039 ΤΙΙ

1282 3043 1452 3086 propriam
1474 3041 1557 3119 12¹1!ss
1579 3042 1619 3076 13
1640 3040 1903 3073 iurisdictionem
1927 3039 1982 3082 Vll
2007 3041 2065 3071 aut
2081 3038 2280 3071 monasteria
2303 3051 2362 3073 om.

1294 3089 1323 3122 V
1338 3090 1349 3130 u
1365 3097 1509 3120 xenonas
1580 3095 1709 3118 xenone.
1726 3086 1758 3118 T
1775 3086 1787 3127 ΙΙ
1815 3086 1857 3118 14
1873 3084 1989 3117 domus
2007 3083 2056 3116 12¹
2070 3083 2102 3117 T
2119 3083 2131 3127 ΙΙ
2159 3085 2199 3117 15
2216 3083 2362 3125 modum]

1284 3133 1460 3165 domodum
1479 3131 1532 3164 ΤΕ
1559 3130 1571 3175 ΙΙ
1596 3130 1669 3163 fieri
1685 3132 1775 3171 gesta
1791 3130 1823 3163 R
1846 3129 1913 3174 {tn‘n
1936 3129 1969 3162 R
1998 3128 2011 3173 ΙΙ
2041 3130 2078 3163 17
2105 3128 2198 3170 fiant]
2223 3129 2291 3162 sint
2313 3129 2364 3163 V⁰

1285 3178 1371 3210 fiunt
1391 3175 1440 3210 1⁷¹²
1470 3176 1482 3219 ΙΙ
1513 3177 1553 3210 18
1579 3176 1694 3208 domus
1717 3175 1809 3208 R¹T
1831 3173 1837 3219 Ι
1874 3173 2058 3207 sustineant
2086 3174 2134 3207 T²
2161 3175 2173 3218 n
2201 3176 2242 3209 19
2266 3173 2364 3208 uoln-

1285 3233 1357 3255 mus
1381 3220 1467 3255 ΙέΤ1
1486 3220 1498 3265 ΙΙ
1523 3222 1565 3254 20
1589 3219 1779 3252 huiusmodi
1804 3232 1861 3252 om.
1880 3220 1912 3253 T
1930 3219 1942 3263 11
1966 3223 2255 3253 monumentorum
2280 3218 2366 3298 ΤῚ

1287 3270 1328 3302 23
1352 3267 1439 3300 fiunt
1457 3266 1488 3299 T
1502 3265 1515 3310 ΙΙ
1530 3265 1744 3298 sanctissimis
1764 3265 1796 3298 V
1803 3264 1814 3285 ¹
1832 3264 1844 3308 ΙΙ
1862 3266 1905 3298 24
1928 3268 1988 3297 aut
2009 3264 2250 3309 metropolitas]
2275 3275 2341 3309 apu

1286 3310 1512 3354 metropolitas
1534 3310 1564 3343 V
1576 3310 1589 3354 ΙΙ
1607 3311 1648 3344 25
1666 3309 1828 3353 praedicti
1848 3309 1910 3351 T2]
1935 3311 2121 3354 praedictos
2138 3310 2280 3344 R¹VT¹
2305 3318 2364 3352 per

1285 3357 1471 3401 praedictos
1486 3355 1631 3399 R2vu19.
1648 3357 1660 3397 ΙΙ
1678 3355 1791 3388 domos
1813 3355 1859 3388 V¹
1876 3355 1888 3399 ΙΙ
1907 3357 1948 3389 26
1971 3355 2202 3399 *proponetur
2215 3354 2264 3388 Β*
2285 3365 2362 3398 pro-

1284 3404 1452 3445 ponantur
1481 3402 1606 3445 Vvuly.
1642 3403 1890 3443 praeponuntur
1916 3402 1948 3434 T
1977 3411 2028 3434 res
2050 3402 2256 3444 proponatur
2279 3399 2330 3433 Β,

1286 3449 1327 3482 27
1346 3448 1423 3488 isto]
1448 3446 1487 3479 de
1504 3446 1568 3479 isto
1585 3446 1632 3479 R·
1652 3448 1663 3489 ΙΙ
1678 3448 1789 3479 ortent
1810 3446 1859 3479 V¹
1878 3446 1889 3489 11
1906 3447 1947 3480 28
1966 3448 2024 3488 qui
2039 3446 2126 3490 plus]
2147 3444 2269 3488 quibus
2290 3444 2338 3479 V¹

1285 3492 1444 3536 praebent
1469 3492 1500 3524 R
1517 3492 1529 3535 ΙΙ
1556 3493 1597 3526 29
1621 3502 1699 3524 vero
1723 3504 1781 3525 om.
1796 3491 1829 3524 R
1851 3491 1863 3535 ΙΙ
1888 3491 2142 3535 procedentibus
2161 3491 2208 3532 T]
2231 3499 2363 3533 praeoe-

1284 3537 1440 3571 dentibus
1465 3537 1633 3581 RVvuly.
1658 3536 1670 3581 ΙΙ
1699 3538 1741 3571 30
1763 3538 1907 3580 pretium
1933 3538 1964 3570 T
1986 3537 1999 3580 ΙΙ
2028 3538 2068 3571 31
2094 3535 2213 3569 habeat
2236 3545 2285 3578 em
2311 3538 2364 3568 tor

1283 3583 1502 3615 munitionem
1529 3583 1626 3626 vuly]
1651 3581 1770 3615 habeat
1795 3585 1922 3626 emptor
1944 3581 2172 3615 uenditionem
2194 3580 2227 3614 V
2242 3580 2286 3613 ha
2310 3580 2364 3613 eat

1283 3628 1483 3661 mentionem
1518 3627 1730 3671 (emptionem
1755 3627 1817 3669 12²)
1854 3629 1981 3670 emptor
2004 3627 2039 3660 R
2080 3627 2210 3670 emptor
2242 3624 2363 3658 habeat

1284 3675 1460 3707 emtionem
1484 3674 1516 3706 T
1538 3673 1550 3717 ΙΙ
1572 3672 1650 3714 nisi]
1673 3675 1713 3705 nt
1735 3672 1763 3705 si
1783 3673 1830 3705 13¹
