2476 3854
105 84 213 129 Nov.
234 85 416 130 CXXIII
447 89 611 130 17—19
1173 84 1255 132 608

104 199 126 233 1
180 196 267 231 Τοὺς
289 195 329 231 δὲ
352 196 621 244 ἐναπογράφους
645 197 685 231 ἐν
708 198 833 231 αυταῖς
854 194 984 241 μόναις
1004 199 1083 232 ταῖς
1102 196 1186 242 κτή-

105 254 218 284 σεσιν,
249 243 288 276 ἐν
312 242 365 276 αἶς
387 243 479 276 εἰσιν
503 241 768 288 ἐναπόγραφοι,
792 239 982 296 κληρικοὺε
1003 244 1064 277 καὶ
1087 241 1187 296 παρὰ

102 284 254 333 γνώμην
286 289 362 321 τῶν
386 285 575 322 δεσποτῶν
605 286 778 333 γίνεσθαι
799 298 1063 333 συγχωρουμεν,
1095 285 1191 322 οὕτω

102 334 269 378 μέντοιγε
296 328 384 366 ὥςτε
406 330 590 376 κληρικοὺς
622 328 988 385 αὖτοὺςηγινομένους
1017 333 1085 377 τὴν
1114 334 1191 368 ἐπι-

103 379 271 421 κειμένην
294 373 414 411 αὗτοῖς
436 379 616 423 γεωργίαν
639 375 811 423 πληρουν.

1947 102 2009 134 ΒΕ
2036 101 2336 137 8ΑΝΟΤΙΒ81ΜΙ8

1253 199 1276 234 1
1319 197 1578 243 Adscripticios
1608 200 1728 234 autem
1758 198 1797 234 in
1819 198 1908 245 ipsis
1937 200 2222 246 possessionibus
2246 210 2333 247 qua-

1257 253 1335 278 rum
1358 246 1442 278 sunt
1463 243 1675 296 inscription
1707 243 1856 280 clericos
1887 248 1924 281 et
1945 247 2089 291 praeter
2118 245 2336 282 voluntatem

1261 287 1482 323 dominorum
1514 288 1592 324 fieri
1615 289 1875 342 permittimus,
1910 290 1962 326 ita
1987 292 2108 326 tamen
2143 293 2185 326 ut
2215 290 2336 327 clerici

1259 332 1349 370 facti
1370 332 1572 379 impositam
1595 333 1663 370 s1bi
1686 333 1939 379 agriculturam
1961 335 2188 381 adimpleant.

1066 489 1223 527 CAPUT
1243 489 1377 526 XVIII.

172 555 227 589 Εἴ
245 566 297 590 τις
320 551 509 602 εὗκτήριον
537 555 636 591 οἷκον
665 554 941 599 κατασκευάσει,
972 559 1033 591 καὶ
1060 555 1187 602 βουλη-

104 601 190 644 θείη
221 602 261 635 ἐν
287 597 389 643 αὐτῷ
419 600 604 650 κληρικοὺς
627 613 656 636 π
679 599 905 646 οβάλλεσθαι
927 600 951 645 ἢ
975 599 1084 637 αὐτὸς
1106 601 1130 646 ἢ
1151 601 1188 637 οἱ

103 645 229 680 τούτου
253 644 485 691 κληρονόμοι,
510 647 541 680 εἰ
563 646 628 681 τὰς
676 646 816 681 απάνας
840 643 945 681 αὐτοὶ
975 650 1049 681 τοῖς
1071 646 1187 693 κληρι-

102 693 173 724 κοῖς
203 692 391 737 χορηγοῦσι
426 694 487 725 καὶ
519 688 637 733 ἀξίους
668 691 909 737 ὄνομάσουσι,
944 692 1026 726 τοὺς
1055 689 1186 736 ὀνομα-

1322 557 1361 593 Si
1385 557 1463 602 quis
1487 557 1681 594 oratoriam
1705 559 1849 595 domum
1875 558 2103 595 fabricaverit
2126 562 2162 595 et
2184 558 2336 596 voluerit

1253 603 1290 639 in
1315 613 1359 639 ea
1383 602 1532 639 clericos
1557 603 1722 639 ordinare
1744 607 1807 639 aut
1830 605 1908 650 ipse
1931 607 1995 640 aut
2021 604 2098 640 eius
2121 604 2280 649 heredes,
2304 605 2337 640 si

1256 658 1433 694 expensas
1464 647 1534 692 ipsi
1565 648 1704 684 clericis
1738 649 1940 686 ministrant
1970 654 2007 684 et
2029 649 2155 694 dignos
2178 649 2334 685 denomi-

1257 697 1362 737 nant,
1387 692 1633 729 denominatos
1657 693 1825 730 ordinari.
1874 694 1912 730 Si
1934 704 2018 730 vero
2043 695 2105 738 qui
2128 695 2175 730 ab
2200 695 2248 730 eis
2271 693 2335 730 eli-

103 736 262 769 σθέντας
285 736 584 789 χειροτονεῖσθαι.
632 737 663 771 εἰ
687 735 727 771 δὲ
750 737 831 771 τοὺς
854 733 946 780 παρ’
966 734 1087 772 αὐτῶν
1111 739 1185 773 ἐπι·
1204 741 1244 774 10
1256 742 1388 783 guntur
1419 740 1599 782 tamquam
1628 738 1791 783 indignos
1823 739 2015 784 prohibent
2045 749 2170 775 sacrae
2192 740 2337 783 regulae

103 779 268 827 λεγέντας
304 791 354 814 ως
388 778 556 822 ἀναξίους
589 780 813 817 κωλύσουσιν
847 781 884 816 οἱ
911 781 1008 816 θεῖοι
1039 783 1188 817 κανόνες

101 825 421 870 χειροτονηθῆναι,
453 828 652 869 τηνικαῦτα
682 825 702 860 ὁ
727 828 806 861 τῶν
828 826 959 862 τόπων
989 825 1188 862 ὁσιώτατος

103 872 297 904 ἐπίσκοπος
309 868 369 904 οὓς
382 869 429 906 ἄν
442 874 572 918 νομίσῃ
589 870 776 906 καλλίονας
791 870 1064 917 προβάλλεσθαι
1080 885 1188 919 φρον-

101 917 124 951 1
170 917 311 957 τιζέτω.
361 917 587 961 Θεσπίζομεν
606 915 646 950 δὲ
664 917 749 951 τοὺς
770 913 1052 962 εὖλαβεστάτους
1071 917 1188 963 κληρι-

1258 783 1425 826 ordinari,
1450 782 1593 818 tandem
1614 784 1858 820 sanctissimus
1882 784 2070 830 episcopus
2095 793 2336 830 quoscumque

1257 828 1434 874 putaverit
1457 828 1620 863 meliores
1646 828 1801 864 ordinari
1825 833 2003 874 procuret.

1257 920 1278 954 1
1325 917 1511 953 Sancimus
1535 920 1655 953 autem
1677 917 1979 954 reverentissimos
2009 918 2156 954 clericos
2180 918 2253 955 suis
2277 928 2336 955 ec-

101 960 183 994 κοὺς
217 963 295 994 ταῖς
331 959 438 996 ἰδίαις
475 961 674 1005 ἐκκλησίαις
708 965 931 1016 παραμένειν
968 965 1029 996 καὶ
1063 964 1188 997 πᾶσαν
1203 965 1243 998 15
1258 962 1375 998 olesiis
1400 963 1591 998 observare
1622 965 1658 997 et
1680 973 1784 998 omne
1815 963 1866 999 eis
1891 967 2096 1009 competens
2119 963 2335 999 ecclesiasti-

104 1003 224 1040 αὗτοῖς
238 1004 470 1051 ἁρμόζουσαν
486 1006 782 1051 έκκλησιαστικὴν
802 1010 1001 1053 υπηρεσίαν
1015 1006 1187 1052 πληροῦν,

101 1051 210 1084 τοῦτο
233 1052 522 1095 καταζητοῦντος
553 1053 616 1086 τοῦ
641 1050 791 1095 ἑκάστης
814 1050 954 1087 πόλεως
983 1049 1187 1087 όσιωτάτου

103 1093 303 1130 ἐπισκόπου
326 1099 386 1130 καὶ
409 1097 487 1132 τῶν
513 1098 552 1131 ἐν
575 1095 716 1141 ἑκάστῳ
739 1097 881 1152 βαθμῷ
906 1095 1186 1141 ἐκκλησιαστικῷ

1258 1018 1339 1044 cum
1369 1007 1604 1043 ministerium
1633 1007 1846 1053 adimplere,
1880 1008 1950 1044 hoc
1980 1009 2183 1053 requirente
2213 1009 2336 1045 unius-

1257 1053 1430 1098 cuiusque
1454 1052 1607 1088 civitatis
1639 1053 1863 1089 sanctissimo
1889 1053 2075 1099 episcopo,
2108 1056 2145 1089 et
2166 1053 2336 1090 uniuscu-

1254 1098 1382 1143 iusque
1405 1097 1539 1134 ordinis
1563 1097 1798 1134 ecclesiastici
1827 1099 2039 1144 primatibus
2071 1108 2131 1135 eos
2163 1099 2225 1144 qui
2247 1098 2338 1136 haec

101 1138 383 1186 πρωτευόντων,
415 1145 475 1176 καὶ
506 1142 589 1177 τοὺς
618 1143 736 1176 ταῦτα
763 1156 813 1187 μη
838 1141 1188 1188 παραφυλάττοντας
1255 1153 1330 1180 non
1356 1142 1590 1179 custodierint
1615 1143 1771 1187 regulari
1794 1144 1928 1180 multae
1953 1144 2200 1181 subdenfibus.

101 1186 282 1229 κανονικῷ
306 1187 479 1232 ἐπιτιμίῳ
505 1183 801 1232 ὑποβαλλόντων.

1082 1298 1239 1336 CAPUT
1262 1299 1361 1337 XIX.

176 1366 262 1402 Τοὺς
285 1364 326 1401 δὲ
349 1368 610 1413 πρεσβυτέρους
639 1369 699 1400 καὶ
732 1364 920 1402 διακόνους
950 1370 1010 1402 καὶ
1037 1364 1188 1402 ὑποδια-

101 1412 227 1446 κόνους
249 1415 310 1446 καὶ
334 1409 572 1458 ἀναγνώστας
595 1413 655 1445 καὶ
678 1408 837 1458 ψάλτας,
861 1409 922 1447 οὓς
945 1412 1085 1449 πάντας
1108 1411 1189 1456 κλη·

103 1457 219 1512 ρικοὺς
252 1456 442 1510 καλοῦμεν,
461 1456 526 1512 ,τὰ
559 1455 756 1503 πράγματα
789 1456 837 1491 τὰ
874 1454 943 1504 ἀφ’
976 1455 1190 1500 οἱουδήποτε

1325 1366 1560 1413 Presbyteros
1583 1369 1704 1403 autem
1727 1369 1765 1404 et
1787 1367 1956 1404 diaconos
1982 1371 2019 1404 et
2041 1367 2278 1405 subdiaconos
2301 1371 2338 1405 et

1256 1412 1407 1448 lectores
1429 1415 1465 1447 et
1481 1415 1656 1455 cantores,
1681 1423 1770 1458 quos
1790 1423 1912 1449 omnes
1933 1413 2081 1449 clericos
2105 1414 2336 1459 appellamus,

1256 1466 1314 1493 res
1350 1457 1509 1502 quolibet
1544 1457 1649 1493 modo
1689 1458 1735 1494 ad
1769 1467 1891 1495 eorum
1930 1458 2123 1494 dominium
2158 1460 2338 1495 venientes

101 1514 240 1547 τροπου
264 1503 311 1536 εἰς
334 1516 403 1546 την
429 1502 553 1536 αυτῶν
576 1499 791 1536 δεσποτείαν
825 1502 1072 1548 περιελθόντα
1095 1503 1190 1545 ἔχειν
1256 1502 1389 1538 habere
1423 1503 1491 1538 sub
1522 1512 1588 1538 sua
1619 1506 1797 1548 potestate
1825 1503 2062 1549 praecipimus
2097 1503 2144 1539 ad
2175 1504 2336 1540 similitu-

102 1544 173 1582 ὑπὸ
190 1547 258 1591 τὴν
276 1545 375 1582 ἰδίαν
395 1547 561 1588 ἐξουσίαν
585 1547 855 1592 προς-τάττομεν
875 1545 968 1582 καθ’
987 1546 1187 1593 ὁμοιότητα
1202 1549 1244 1583 25
1258 1546 1374 1582 dinem
1399 1548 1633 1583 castrensium
1656 1549 1895 1593 peculiorum,
1927 1553 1963 1584 et
1986 1549 2120 1585 donare
2143 1549 2339 1585 secundum

102 1593 180 1626 τῶν
201 1592 433 1628 castrensium
455 1591 642 1638 peculiam,
675 1594 736 1625 καὶ
759 1590 962 1639 δωρεῖσθαι
989 1591 1083 1627 κατὰ
1106 1592 1189 1627 τοὺς

101 1636 233 1682 νόμους
265 1640 324 1671 καὶ
355 1634 418 1672 ἐπ’
446 1635 567 1671 αὐτοῖς
589 1634 849 1681 διατίθεσθαι,
880 1638 912 1672 εἰ
934 1641 996 1672 καὶ
1024 1634 1097 1673 ὑπὸ
1121 1637 1190 1681 τὴν

1257 1593 1352 1637 leges
1375 1595 1413 1628 et
1434 1593 1472 1628 in
1496 1593 1552 1629 his
1577 1593 1719 1636 testari,
1743 1594 1825 1630 licet
1848 1594 1917 1630 sub
1940 1597 2127 1639 parentum
2149 1594 2221 1631 sint
2237 1597 2337 1640 pote-

170 1741 197 1762 c.
211 1728 350 1762 XVIII
370 1739 425 1761 om.
441 1727 478 1761 S.
525 1727 607 1761 Post
630 1740 656 1761 c.
670 1728 810 1761 XVIII
828 1727 899 1762 BL
923 1729 1068 1762 inserunt
1090 1741 1160 1762 nov.
1182 1729 1235 1762 VI
1254 1741 1281 1762 c.
1295 1730 1315 1763 8
1339 1729 1411 1770 (ubi
1430 1729 1522 1770 vui.)-
1737 1760 1740 1763 .

169 1786 196 1807 c.
210 1774 308 1807 XIX
329 1775 424 1807 habet
445 1773 652 1817 Epanaqoqe
676 1775 708 1814 9,
726 1780 759 1812 83
784 1784 823 1807 ex
843 1773 872 1806 S
894 1775 1010 1816 repetit
1032 1774 1166 1807 Nomoc.
1180 1773 1218 1807 L⁴
1230 1774 1276 1807 tit.
1291 1774 1310 1808 3
1325 1786 1359 1817 p.
1375 1774 1439 1808 607
1462 1773 1574 1815 VoclL,
1598 1784 1636 1807 em
1651 1773 1688 1806 B
1705 1774 1884 1808 Nomoestm
1897 1775 1958 1808 XI
1963 1774 2048 1808 Vtit.
2060 1775 2131 1816 1,31
2145 1780 2176 1808 et
2189 1775 2242 1816 10,
2251 1781 2279 1808 5.
2292 1791 2339 1799 -—

102 1819 266 1853 Summam
285 1826 436 1862 praestat
460 1818 591 1851 Nomoc.
607 1818 671 1852 XI
676 1818 763 1851 Vtz't.
780 1820 862 1859 10‚5
885 1819 943 1862 (cfi
970 1820 1001 1861 1,
1022 1820 1078 1860 31),
1101 1820 1179 1852 Ath.
1203 1831 1355 1852 summam
1379 1820 1495 1862 repetit
1517 1819 1649 1853 Nomoc.
1673 1819 1706 1852 L
1732 1821 1777 1853 tit.
1801 1822 1841 1854 10
1862 1832 1897 1862 p.
1923 1821 1991 1854 614
2014 1819 2115 1854 Voell.
2139 1837 2184 1844 —
2205 1819 2336 1853 Initium

104 1865 203 1898 latine
226 1877 349 1898 versum
371 1863 598 1906 (Presbyteros
621 1883 665 1897 -.—
689 1863 910 1906 appellamus)
939 1876 978 1897 ex
1001 1864 1060 1897 LI
1081 1865 1224 1907 capitulo
1254 1865 1487 1898 constitutionis
1511 1865 1590 1898 citat
1620 1863 1799 1909 G'reyorius
1822 1865 1967 1909 Maynus
1990 1865 2025 1898 in
2049 1864 2188 1908 epistula
2211 1865 2251 1898 dc
2273 1876 2339 1908 qua

103 1910 242 1942 dioeimus
265 1911 312 1943 ad
334 1922 360 1942 c.
387 1909 482 1945 VIII.

102 2001 124 2035 1
171 1993 435 2044 Adscm'pticios
457 2001 575 2033 autem
599 1997 636 2032 in
661 1997 750 2043 ipsis
772 1997 889 2033 solum
907 1997 1213 2049 possessionibus,
1241 1998 1279 2032 in
1303 1997 1432 2043 quibus
1455 2001 1540 2033 sunt
1563 1989 1805 2049 adscripticii,
1837 1997 1944 2033 etiam
1968 2001 2096 2034 contra
2119 1997 2348 2038 voluntatem,

102 2043 328 2079 dominorum
350 2042 501 2078 clericos
520 2042 607 2087 fieri
622 2042 876 2088 permittimus,
901 2046 953 2078 tta
978 2045 1095 2077 tamen
1119 2046 1160 2078 ut
1179 2042 1302 2077 elerici
1322 2042 1420 2088 facti
1442 2042 1646 2089 impositam
1670 2043 1717 2077 iis
1740 2042 2003 2089 aqriculturam
2026 2046 2232 2079 exerceant.

236 2087 370 2124 XVIII.
417 2086 460 2123 Si
482 2088 565 2133 quis
588 2087 789 2123 oratoriam
813 2087 955 2122 domum
980 2087 1243 2132 aedificaverit,
1275 2087 1314 2122 in
1338 2097 1452 2133 eoque
1484 2087 1636 2123 clericos
1666 2089 1887 2124 constituere
1918 2088 2073 2124 voluerit
2103 2087 2161 2124 vel
2182 2087 2262 2134 ipse
2282 2087 2341 2125 vel

102 2133 250 2170 heredes
273 2133 362 2176 eius,
394 2133 427 2168 si
448 2143 527 2168 sum
556 2135 613 2168 tus
645 2132 717 2178 ipsi
748 2132 890 2168 clericis
913 2131 1122 2168 ministrant
1151 2135 1260 2177 atque
1283 2131 1415 2178 diqnos
1445 2133 1728 2175 nominaverint,
1761 2133 1827 2178 qui
1848 2133 2025 2168 nominati
2052 2135 2139 2169 sunt
2160 2135 2336 2169 creentur.

101 2178 144 2214 Si
167 2189 252 2215 vero
277 2178 341 2224 qui
363 2177 408 2213 ab
433 2178 478 2213 iis
501 2188 521 2213 e
536 2177 605 2213 ecti
624 2181 711 2213 sunt
733 2180 914 2223 tamquam
938 2176 1109 2223 indiqnos
1131 2178 1230 2212 sacri
1253 2188 1410 2213 canones
1440 2177 1560 2213 creari
1579 2176 1854 2223 prohibuerint,
1887 2182 1972 2213 tunc
1994 2177 2072 2213 eius
2094 2177 2169 2213 loci
2187 2178 2339 2213 sanctis-

102 2227 124 2261 1
171 2223 499 2275 simus-‘episcopus
523 2233 614 2268 quos
636 2222 802 2259 meliores
819 2222 1007 2268 putaverit
1029 2221 1300 2258 constituendos
1321 2225 1432 2258 curet.

1511 2221 1702 2258 Sancimus
1721 2225 1851 2266 autem,
1874 2226 1915 2258 ut
1934 2222 2201 2269 reliyiosissimi
2218 2222 2340 2258 clerici

102 2270 139 2304 in
162 2268 321 2305 ecclesus
351 2278 428 2303 suis
458 2271 630 2303 maneant
658 2271 695 2303 et
725 2278 830 2303 omne
860 2267 1138 2303 ecclesiasticum
1170 2267 1425 2309 ministerium,
1461 2267 1563 2314 quod
1591 2267 1663 2303 sibi
1692 2271 1883 2314 competat,
1914 2268 2106 2314 impleant:
2140 2271 2182 2303 ut
2211 2267 2251 2303 in
2271 2266 2340 2304 hoc

101 2313 349 2350 sanctissimus
373 2313 547 2359 cuiusque
570 2313 726 2348 civitatis
749 2313 941 2359 episcopus
964 2315 999 2347 et
1043 2312 1082 2347 ui
1104 2313 1143 2346 in
1163 2322 1307 2364 quoque
1329 2312 1575 2348 ecclesiastico
1598 2312 1719 2358 ,qradu
1735 2313 1916 2359 primates
1934 2316 2022 2348 sunt
2039 2311 2238 2358 inquirant,
2261 2322 2339 2349 eos-

103 2370 173 2406 que
196 2359 259 2405 qui
283 2358 373 2394 haec
395 2368 469 2394 non
493 2357 702 2394 custodiant
725 2358 921 2393 canonicae
945 2368 1004 2392 mu
1022 2362 1078 2392 tae
1100 2357 1288 2393 subiciant.
1756 2374 1758 2376 >

237 2403 335 2439 XIX.
383 2402 622 2450 Presbyteros
653 2405 773 2438 autem
804 2406 841 2438 et
871 2402 1046 2438 diaconos
1077 2405 1113 2438 et
1142 2401 1384 2438 subdiaconos
1416 2405 1452 2437 et
1473 2401 1626 2438 lectores
1657 2405 1693 2438 et
1715 2405 1902 2446 cantores,
1930 2411 2022 2448 quos
2046 2411 2168 2437 omnes
2191 2401 2341 2438 elericos

102 2459 284 2490 vocamus,
315 2459 374 2485 res
398 2459 492 2494 quae
515 2458 741 2493 quocumque
763 2447 870 2483 modo
894 2447 932 2482 in
956 2458 1080 2483 eorum
1103 2446 1300 2483 dominium
1321 2448 1553 2494 pervenerint
1583 2447 1621 2482 in
1640 2450 1823 2493 potestate
1854 2457 1922 2483 sua
1946 2446 2078 2483 habere
2101 2446 2262 2483 iubemus
2289 2445 2341 2482 ud

102 2493 370 2529 similitudinem
401 2493 638 2529 castrensium
661 2492 912 2539 peculiorum,
943 2496 980 2528 et
1002 2491 1143 2528 donare
1172 2503 1235 2529 eas
1257 2491 1452 2527 secundum
1484 2492 1581 2538 leqes
1611 2492 1726 2538 deque
1758 2492 1804 2527 iis
1836 2492 1979 2534 testari,
2015 2492 2156 2528 etiamsi
2178 2491 2217 2526 in
2235 2494 2338 2538 pote-

152 2586 168 2618 1
193 2582 287 2626 τρὺς]
312 2583 343 2616 εἰ
366 2584 395 2617 S
410 2583 423 2627 ΙΙ
438 2581 569 2627 μόναις
593 2595 648 2618 om.
663 2595 683 2620 ς
698 2582 710 2627 [l
728 2581 896 2625 κτήνεσιν
908 2582 1056 2617 Nomocss¹
1072 2583 1084 2627 11
1103 2584 1124 2617 2
1147 2583 1188 2617 ἐν

105 2627 170 2669 αἶς]
195 2627 248 2663 ὠν
273 2629 302 2661 S
309 2641 328 2664 ς
343 2627 356 2672 ΙΙ
384 2630 402 2661 3
426 2627 601 2673 γενέσθαι
627 2629 655 2661 S
670 2629 682 2671 ΙΙ
700 2627 964 2674 συγχωροῦμεν]
989 2624 1031 2661 οὗ
1052 2638 1187 2674 συγχω-

104 2673 237 2718 ροῦμεν
249 2673 406 2706 Nomoc.m
422 2673 435 2716 ss
452 2668 550 2706 οὕτω
563 2674 591 2707 S
603 2675 655 2715 (cf.
668 2674 785 2714 5Iul.)]
808 2669 868 2718 ἐφ’
892 2674 922 2715 ᾠ
937 2674 1087 2716 MLBS,
1102 2674 1190 2716 quod

103 2720 136 2751 si
149 2719 244 2751 malis
261 2719 406 2757 retinere,
427 2719 594 2752 delendum
615 2715 709 2751 ὥστε
732 2718 744 2762 ΙΙ
771 2721 793 2752 4
813 2720 940 2762 μέντοι
964 2718 1017 2752 ΒΓ
1038 2718 1051 2762 ΙΙ
1079 2716 1187 2760 ὥστε]

104 2759 199 2797 ὥστε
222 2764 283 2795 καὶ
306 2761 558 2796 Nomoc.dm1ul.
587 2763 599 2806 ΙΙ
626 2764 836 2807 γενομένους
859 2764 888 2796 S
904 2776 997 2806 unus,
1022 2775 1091 2797 cum
1115 2764 1188 2797 Ha-

106 2809 243 2842 loandro
261 2808 348 2851 vuly.
367 2807 380 2851 ΙΙ
404 2810 432 2848 5,
449 2805 652 2852 ἱερουργίαν
675 2806 836 2854 πληροῦν
856 2809 1014 2842 Nomen
1031 2808 1044 2853 ΙΙ
1062 2809 1188 2843 clausu-

105 2853 171 2887 lam
194 2854 300 2886 nescio
325 2865 419 2895 quam
445 2853 484 2885 de
501 2854 697 2895 capitatione
718 2856 750 2886 in
775 2860 919 2887 contextu
943 2855 1089 2888 novellae
1114 2855 1188 2887 olim

106 2898 255 2931 additam
279 2898 313 2930 in
337 2897 492 2930 Basilica
516 2910 578 2930 non
603 2910 670 2931 esse
694 2906 853 2941 receptam
872 2899 1032 2932 Balsama
1058 2900 1104 2932 ad
1119 2899 1188 2932 No·

105 2943 343 2976 moc.XIVtit.
356 2943 428 2983 1,34
439 2954 472 2984 p.
484 2942 548 2976 856
565 2942 663 2975 Voell.
679 2955 717 2975 ex
734 2944 814 2985 ipsis
828 2943 1069 2977 Nomocanonis
1082 2945 1189 2976 verbis

105 2988 189 3022 male
212 2987 382 3021 intellectis
396 2987 503 3030 finyit
531 2986 544 3029 ll
570 2988 590 3021 6
614 2985 782 3032 βουληθῇ
806 2987 857 3020 Βο
882 2987 894 3029 ΙΙ
923 2989 941 3020 7
967 2983 1087 3021 αὐτοῖς
1112 2988 1152 3020 Μ
1178 2987 1190 3032 ΙΙ

105 3030 362 3078 προβαλέσθαι
383 3031 433 3064 Βο
451 3032 500 3074 119
519 3032 710 3084 ζορηγοῦσι
728 3033 829 3072 MB‘]
853 3033 1031 3078 χορηγῶσι
1055 3033 1107 3066 B!
1132 3045 1188 3074 χο-

105 3075 494 3158 sternent
518 3074 1190 3165 &initiati''2¹30{5.²{·{2⁰'}2fL2>l

105 3164 301 3202 θειότατος
317 3166 428 3199 MLB
447 3170 459 3210 ΙΙ
478 3166 518 3199 13
532 3167 662 3211 νομίσῃ
678 3166 722 3205 Β]
743 3168 884 3208 νομίσοι
902 3167 974 3199 ML
990 3166 1003 3210 ΙΙ
1023 3169 1064 3201 17
1081 3179 1190 3200 κατα-

107 3212 298 3255 ζητοῦντος
317 3211 500 3252 ΕΒςΙιιΙ.]
525 3209 672 3244 πάντως
696 3209 887 3252 ζητοῦντος
907 3211 954 3243 M
968 3213 979 3251 ΙΙ
1008 3213 1106 3254 18sq.
1131 3213 1190 3244 καὶ

106 3277 151 3282 -
176 3254 445 3301 πρωτευόντων
469 3267 525 3289 om.
548 3255 597 3288 ΒῙ
618 3254 630 3298 ΙΙ
663 3257 702 3289 19
727 3256 786 3287 καὶ
811 3266 866 3288 om.
882 3267 901 3291 ς
926 3254 937 3298 ΙΙ
964 3257 1005 3289 20
1030 3253 1189 3299 ὑποβάλ-

106 3300 231 3336 λοντος
255 3302 306 3336 B!
331 3302 343 3340 ΙΙ
374 3302 412 3334 21
440 3302 500 3334 καὶ
523 3296 782 3334 ὑποδιακόνους
808 3311 863 3332 om.
890 3301 1016 3342 Epan.‚
1042 3300 1190 3334 Nomocst

110 3351 181 3389 1‚31
210 3347 222 3390 ΙΙ
248 3348 291 3380 22
315 3343 384 3387 οὓς]
409 3345 492 3379 τοὺς
515 3347 542 3379 S
566 3345 578 3388 ΙΙ
604 3346 644 3378 23
670 3343 728 3384 τὰ]
754 3347 813 3376 καὶ
836 3343 883 3377 τὰ
908 3346 945 3384 S,
971 3356 1025 3377 om.
1045 3346 1153 3388 Epan.
1179 3344 1192 3390 1]

107 3391 155 3425 τὰ
175 3392 257 3433 MS]
283 3403 339 3425 om.
354 3391 542 3433 LBEpan.
566 3389 578 3434 ΙΙ
604 3385 670 3434 ἀφ’
689 3385 899 3430 οἱουδήποτε
923 3386 1106 3443 (οἱδηποτε
1124 3391 1190 3423 Νο-

108 3439 228 3477 mecm)
254 3435 393 3478 τρόπου
418 3436 490 3469 ML
503 3434 662 3476 Nemone,
688 3435 842 3468 Nomocst·
864 3436 915 3474 10,
931 3436 958 3474 5]
991 3431 1059 3478 αφ’
1085 3433 1190 3467 οἰων-

109 3479 242 3523 δήποτε
263 3478 415 3525 τρόπων
439 3481 491 3514 B⁶
526 3476 592 3524 ἀφ’
619 3475 694 3525 (ἐφ’
718 3479 785 3521 ΒΓ)
816 3476 1029 3520 οἱονδήποτε
1053 3476 1191 3522 τρόπον

111 3526 326 3560 ΒῙΝοητοε.”ῑ
343 3528 411 3569 1,3ι
437 3522 639 3568 οἱῳδήποτε
655 3522 784 3571 τρόπῳ
803 3523 831 3557 S
838 3524 947 3567 Epan.
966 3523 978 3566 ΙΙ
997 3525 1039 3556 26
1055 3526 1189 3556 castra,-

109 3571 295 3613 siopenlion
321 3572 348 3605 S
382 3573 654 3615 κανστρενσίων
677 3566 878 3604 πεκουλίων
902 3568 947 3601 Μ
972 3564 1190 3610 ἰδιοκτήτων

109 3613 310 3650 πεκουλίων
327 3617 477 3659 LEpan.
509 3614 786 3660 στρατιωτικῶν
809 3610 1009 3648 πεκσυλίων
1027 3612 1064 3645 Β
1079 3614 1091 3656 ΙΙ
1115 3614 1187 3653 καὶ]

109 3656 205 3695 ὥστε
228 3657 416 3695 δύνασθαι
440 3655 569 3693 αὐτοὺς
591 3661 651 3693 καὶ
675 3658 741 3703 Bu
765 3658 847 3693 τοὺς
870 3669 925 3693 om.
944 3657 993 3691 B!
1006 3657 1018 3701 11
1044 3658 1085 3692 27
1110 3655 1188 3691 δια-

1255 2582 1437 2617 τίθεσθαι
1461 2580 1523 2617 ἐπ’
1550 2581 1668 2617 αὐτοῖς
1698 2583 1874 2618 Nomoc.dm
1900 2585 1951 2625 10,
1970 2591 1987 2617 5
2014 2582 2027 2628 fl
2057 2581 2088 2616 εἰ
2111 2584 2184 2624 καὶ]
2218 2577 2289 2616 κᾶν
2310 2583 2340 2617 S

1255 2629 1377 2672 Epora,
1402 2628 1434 2661 εἰ
1459 2639 1513 2662 om.
1530 2627 1679 2662 Nomocfi
1695 2631 1724 2670 1,
1738 2636 1770 2662 31

1301 2721 1318 2753 1
1332 2721 1421 2752 rubr.
1441 2718 1478 2751 Si
1494 2718 1706 2760 ascripticius
1723 2716 1863 2750 clericus
1880 2717 1939 2750 fiat
1965 2717 2037 2750 Tin
2051 2729 2153 2761 τηαν-9.
2170 2717 2221 2759 (ex
2232 2717 2311 2759 Iul.)
2327 2716 2339 2763 ΙΙ

1255 2763 1543 2806 Anscriptationes
1561 2763 1594 2796 Τ
1600 2762 1612 2783 ²
1643 2762 1878 2805 Inscriptionis
1899 2761 1950 2796 V¹
1973 2761 2173 2806 Inscriptios
2189 2761 2223 2795 R
2239 2761 2252 2806 fl
2268 2761 2340 2796 illis

1259 2809 1291 2842 T
1304 2808 1316 2852 ΙΙ
1333 2810 1353 2842 2
1370 2808 1527 2850 inscripti
1542 2808 1648 2841 RVT
1654 2807 1668 2828 ³
1685 2807 1698 2852 ss
1714 2809 1757 2848 et]
1783 2807 1882 2840 etiam
1901 2807 1953 2841 ΤΞ
1970 2807 1982 2851 11
2006 2808 2026 2841 6
2037 2810 2123 2840 rubr.
2141 2807 2191 2839 De
2207 2805 2337 2840 clericis

1257 2853 1418 2896 eligendis
1434 2853 1475 2886 ab
1493 2852 1738 2886 edificatoribus
1755 2852 1997 2885 uenerabilium
2013 2851 2161 2884 locorum
2177 2850 2232 2884 uel
2243 2851 2337 2885 here-

1255 2898 1353 2931 dibus
1372 2908 1484 2931 eorum
1500 2899 1532 2931 T
1541 2899 1573 2931 in
1586 2910 1688 2941 marq.
1702 2898 1752 2938 (ex
1764 2898 1841 2939 Iul.)
1857 2897 1870 2940 ΙΙ
1887 2897 2067 2939 oratoriam
2085 2896 2219 2929 domum
2231 2896 2338 2938 Beck]

1255 2943 1439 2976 oratorium
1453 2943 1585 2976 domum
1602 2941 1823 2976 Voratorium
1832 2941 2054 2983 RT(oratorii
2067 2941 2200 2974 domum
2212 2940 2316 2983 vulq.)
2325 2940 2338 2985 ΙΙ

1256 2988 1498 3021 fabricauerint
1514 2988 1546 3020 R
1563 2987 1575 3031 ΙΙ
1593 2989 1611 3021 ’1
1626 2998 1663 3020 eo
1683 2987 1716 3020 Τ
1726 2986 1739 3030 ΙΙ
1757 2986 1964 3019 ordinauerit
1987 2986 2018 3018 Τ
2025 2986 2035 3006 ¹
2054 2984 2067 3028 ΙΙ
2082 2985 2147 3027 ipsi
2170 2985 2202 3018 T
2211 2984 2220 3004 ¹
2237 2984 2250 3028 ΙΙ
2268 2984 2339 3018 cius

1256 3033 1392 3066 heredes
1411 3032 1462 3066 V²
1476 3034 1507 3066 in
1521 3044 1601 3073 ras„
1613 3031 1711 3072 vulo]
1736 3030 1871 3063 heredes
1889 3030 1960 3063 eius
1976 3029 2026 3063 13²
2037 3030 2076 3071 T,
2100 3030 2170 3062 eius
2188 3040 2243 3062 om.
2259 3029 2307 3062 12¹
2328 3031 2339 3073 ΙΙ

1258 3079 1278 3112 8
1295 3077 1361 3120 ipsi
1376 3077 1438 3118 12¹]
1463 3076 1545 3119 ipsis
1563 3075 1611 3109 13²
1621 3076 1689 3109 VT
1695 3076 1779 3118 vulq.
1800 3076 1812 3117 ΙΙ
1826 3073 2069 3107 ministrauerit
2080 3073 2150 3107 ΒΤ
2162 3074 2175 3117 ΙΙ
2191 3073 2337 3107 denomi-

1256 3124 1316 3155 nat
1329 3121 1402 3154 RV
1414 3121 1426 3164 ΙΙ
1447 3123 1484 3156 11
1503 3120 1636 3153 tandem
1658 3120 1703 3160 V]
1725 3119 1857 3152 t·decet
1874 3118 1921 3152 R¹
1946 3121 2027 3151 tuno
2044 3117 2203 3162 R²vu19.‚
2219 3130 2274 3152 om.
2289 3117 2339 3164 ΤΙΙ

1261 3168 1301 3200 12
1317 3165 1463 3199 melioris
1478 3164 1628 3198 ordinari
1645 3164 1693 3197 R¹
1717 3163 1867 3197 ordinari
1882 3163 2033 3196 meliores
2054 3163 2084 3197 V
2096 3163 2109 3207 ΙΙ
2129 3165 2266 3197 14rubr.
2288 3164 2338 3197 De

1258 3211 1387 3244 clericis
1411 3209 1630 3243 ministerium
1656 3208 1708 3241 dei
1730 3218 1797 3241 non
1821 3208 2039 3251 implentibus
2063 3209 2140 3242 Tin
2163 3221 2266 3252 marq.
2288 3209 2339 3250 (σω

1257 3256 1333 3298 Iul.)
1351 3254 1364 3299 ΙΙ
1383 3257 1422 3289 15
1447 3264 1576 3287 omnem
1600 3253 1650 3286 13¹
1666 3253 1679 3297 ss
1697 3253 1767 3286 eius
1791 3253 1823 3286 R
1840 3254 1852 3297 ΙΙ
1871 3256 2090 3297 competentes
2110 3253 2158 3286 R¹
2170 3253 2218 3287 V¹
2251 3262 2338 3286 com-

1257 3303 1407 3343 petenter
1431 3299 1509 3342 17³ss
1529 3300 1569 3333 16
1592 3297 1777 3331 misterium
1799 3298 1853 3341 Vss
1880 3301 1919 3332 17
1945 3297 2168 3331 sanctissimos
2195 3298 2248 3331 ΤΒ
2264 3298 2276 3340 ΙΙ
2297 3297 2337 3331 18

1257 3344 1384 3378 ordInis
1408 3343 1638 3376 ecclesiasticis
1659 3343 1692 3376 V
1716 3342 1947 3376 ecclesiasticis
1970 3343 2097 3376 ordinis
2120 3342 2153 3375 R
2186 3341 2338 3375 ecclesia-

1258 3389 1335 3422 stici
1354 3388 1479 3421 ordinis
1501 3389 1532 3421 Τ
1546 3388 1558 3430 ΙΙ
1578 3390 1618 3423 19
1636 3387 1866 3428 custodierint]
1892 3398 1974 3429 quos
1989 3398 2102 3421 omnes
2125 3386 2262 3420 clericos
2277 3396 2335 3429 ap-

1256 3433 1416 3476 pellamus
1441 3435 1518 3466 add.
1533 3434 1583 3466 Ra
1596 3434 1650 3476 (cf
1665 3434 1711 3466 ad
1722 3434 1778 3474 22)
1795 3432 1807 3475 ΙΙ
1824 3432 1935 3474 gulari
1956 3433 2006 3466 T¹
2023 3433 2036 3477 ΙΙ
2055 3434 2094 3468 21
2108 3433 2197 3467 rubr.
2215 3432 2264 3464 De
2280 3441 2337 3474 pe-

1257 3477 1346 3511 culio
1363 3477 1457 3519 quasi
1472 3477 1631 3511 castrensi
1648 3477 1842 3510 clericorum
1865 3480 1897 3509 et
1917 3477 1957 3510 de
1974 3477 2218 3519 significatione
2239 3475 2338 3509 oleri-

1257 3525 1350 3556 catus
1367 3523 1437 3556 'I’in
1452 3535 1553 3566 marq.
1568 3525 1618 3563 (etc
1631 3523 1708 3564 Iul.)
1724 3522 1737 3566 ΙΙ
1755 3525 1787 3555 et
1810 3522 2028 3556 subdiaconos
2051 3535 2108 3556 om.
2125 3522 2157 3554 T
2165 3521 2176 3542 ¹
2200 3521 2212 3564 [Ι
2238 3521 2281 3554 22
2305 3521 2338 3553 et

1257 3570 1406 3600 cantores
1422 3580 1480 3600 om.
1497 3569 1526 3600 R
1549 3567 1554 3611 Ι
1574 3570 1667 3609 quos]
1693 3577 1746 3600 cos
1762 3566 1821 3608 qui
1837 3567 1917 3600 haec
1934 3578 2002 3600 non
2018 3565 2237 3600 custodierint
2254 3573 2337 3606 quos

1257 3612 1306 3646 R¹
1326 3614 1380 3656 (cſs
1397 3614 1442 3646 ad
1457 3614 1510 3653 19)
1535 3612 1540 3657 Ι
1574 3614 1618 3647 24
1641 3611 1860 3644 similitudine
1882 3611 1929 3645 V¹
1955 3612 1969 3656 ΙΙ
1995 3613 2038 3646 25
2061 3610 2268 3655 peculiorum
2292 3609 2336 3650 et]

1258 3659 1290 3690 et
1313 3657 1541 3701 pccculiorum
1568 3657 1619 3691 T¹
1641 3656 1653 3701 ΙΙ
1669 3658 1711 3691 26
1736 3658 1770 3690 et
1792 3669 1851 3690 om.
1866 3656 1920 3690 Τι
