2592 3840
256 69 363 113 Nov.
393 71 511 114 XLII
530 86 591 126 pr.
626 76 644 114 1

255 178 493 216 ἀπελαθέντα
523 184 591 226 μὲν
624 183 688 216 τοῦ
720 182 781 224 τῆς
813 181 998 225 βασιλίδος
1032 181 1162 227 ταύτης
1192 182 1330 220 πόλεως

255 225 393 272 θρόνου
424 225 523 272 παρὰ
543 224 744 274 Ἀγαπητοῦ
776 228 841 261 τοῦ
869 228 931 270 τῆς
960 225 1060 261 ὁσίας
1082 232 1143 262 καὶ
1165 226 1329 274 ἀοιδίμου

253 269 392 315 μνήμης
422 270 596 319 προέδρου
625 271 812 319 γεγονότος
838 273 900 314 τῆς
932 271 1024 307 κατὰ
1046 272 1113 316 τὴν
1137 278 1328 320 πρεσβυτέ-

254 328 323 394 gar
345 313 484 371 Ῥώμην
514 313 715 371 ἁγιωτάτης
741 315 942 359 ἐκκλησίας,
974 316 1033 351 οἶα
1050 319 1116 372 ’τῷ
1146 320 1238 353 κατὰ
1263 333 1329 375 μη-

1323 71 1409 119 264

1872 90 1934 121 DE
1961 89 2256 123 Durosmolm
2284 91 2478 124 Anmnn

1398 186 1571 228 novimus,
1603 186 1790 231 expulsum
1814 187 1954 232 quidem
1985 188 2102 232 regiae
2133 188 2241 224 huius
2266 189 2366 225 urbis
2389 190 2474 227 sede

1397 230 1443 265 ab
1467 231 1621 276 Agapito
1654 233 1801 266 sanctae
1830 235 1867 267 et
1897 232 2076 268 canendae
2098 233 2289 269 memoriae
2311 235 2477 279 praesule

1398 275 1548 311 senioris
1572 276 1708 312 Romae
1740 276 1987 313 sanctissimae
2013 278 2197 321 ecclesiae,
2230 280 2356 323 utpote
2377 279 2474 315 nullo

1398 320 1501 356 modo
1538 321 1604 356 sibi
1641 323 1900 366 competentem
1935 325 2062 358 contra
2096 333 2219 358 omnes
2254 323 2475 360 venerabiles

277 363 341 394 ε’να
364 374 502 415 τροπον
527 375 625 404 αυτῳ
651 360 863 407 προςήκοντι
886 361 986 408 παρὰ
1009 375 1148 397 ota-vras-
1173 363 1254 399 τοὺς
1275 378 1330 399 ευ-
1365 369 1385 400 5
1400 375 1556 401 canones
1584 366 1807 400 invadentem
1842 367 1977 410 sedem,
2011 367 2187 402 communi
2216 377 2300 403 vero
2333 368 2475 404 decreto

254 408 348 451 ιιγεῖς
367 418 522 440 κανονας
542 403 853 449 ἑπειςπηδήσαντα
874 406 1015 453 θρόνῳ,
1034 409 1136 455 κοινῇ
1154 406 1195 443 δὲ
1217 408 1329 455 ψήφῳ

254 452 318 483 τοῦ
342 464 382 484 τε
406 447 513 484 αὐτοῦ
545 452 606 493 τῆς
630 448 731 496 ἁγίας
751 448 888 495 μνήμης
918 448 1048 499 ἀνδρὸς
1071 451 1249 500 πρότερον
1270 458 1331 488 καὶ

251 493 323 538 μὴν
347 498 406 528 καὶ
429 498 488 538 τῆς
512 496 676 528 ἐνταῦθα
699 499 889 542 γενομένης
914 495 1008 543 ἱερᾶς
1039 496 1190 532 συνόδου
1222 512 1329 533 κατα-

252 538 509 583 δεδικασμένον
533 553 573 573 τε
603 543 662 573 καὶ
682 541 949 587 καθῃρημένον,
981 539 1075 576 διότι
1098 544 1177 577 τῶν
1199 541 1330 589 ὀρθῶν

1400 413 1435 445 et
1452 410 1564 455 ipsius
1588 414 1736 446 sanctae
1757 411 1946 446 memoriae
1968 411 2034 447 viri
2052 413 2152 457 prius
2171 417 2208 447 et
2226 412 2285 448 hic
2303 413 2476 449 celebrati

1400 455 1495 490 sacri
1515 455 1656 490 concilii
1673 455 1945 491 condemnatum
1961 458 2069 502 atque
2086 457 2297 502 depositum,
2317 467 2360 493 eo
2378 457 2476 502 quod

1400 510 1422 534 a
1445 500 1553 535 rectis
1577 499 1758 535 recederet
1780 501 2005 545 dogmatibus
2028 504 2064 536 et
2082 511 2173 546 quae
2195 502 2356 546 primitus
2382 503 2474 537 mul-

1399 544 1567 589 tipliciter
1589 544 1776 580 videbatur
1798 546 1965 590 amplecti
1999 548 2126 591 postea
2149 546 2297 582 diversis
2320 546 2475 583 declina-

250 583 432 628 ἀπεφοίτα
467 583 659 639 δογμάτων
704 588 764 619 καὶ
775 585 849 638 σοῖς
886 585 1064 640 πρότερον
1099 586 1329 642 πολλαχόθεν
1347 591 1386 623 10
1398 593 1454 624 ret
1477 599 1498 624 ο
1524 588 1714 633 inionibus,
1744 589 1879 634 fingens
1904 591 2046 636 quidem
2068 594 2238 635 quattuor
2265 601 2304 626 fle
2331 593 2475 628 sanctas

252 631 420 674 ἐφαίνετο
442 641 613 676 στεργων,
637 631 753 664 ταῦτα
771 642 922 677 υστερον
947 629 1129 679 διαφόροις
1149 636 1329 688 απέφευγε

252 677 463 718 περινοίαις,
496 672 799 720 προςποιούμενος
821 677 889 719 μὲν
920 679 998 710 ταῖς
1021 679 1191 723 τέτρασιν
1214 681 1329 724 αγίαις

251 716 415 752 συνόδοις
434 716 647 753 ἀκολουθεῖν
671 721 730 766 (τῇ
753 732 793 754 τε
817 721 895 754 τῶν
919 726 1138 766 τριακοσίων
1162 720 1248 756 δέκα
1271 726 1331 756 καὶ

250 761 349 797 ὀκτὼ
374 766 544 817 πατέρων
567 765 645 798 τῶν
667 766 706 798 ἐν
719 767 857 808 Νικαίᾳ
882 766 922 800 't‘
950 779 989 799 τε
1009 767 1087 801 τῶν
1106 766 1331 811 πεντήκοντα

892 801 913 821 ’Δ

1399 644 1554 686 ςγιιοοοε
1574 634 1675 678 sequi
1699 637 1751 687 (et
1763 637 2004 688 trecentorum
2025 636 2145 671 decem
2169 640 2206 671 et
2222 639 2306 688 9⁰¹²⁰
2331 639 2474 689 patrum

1398 689 1436 713 in
1459 678 1597 730 Nicaea
1627 683 1663 714 et
1692 682 1949 732 quinquaginta
1982 683 2019 715 et
2048 683 2191 716 centum
2219 691 2257 716 in
2287 681 2356 717 hac
2379 680 2475 717 felici

1398 723 1546 803 'mg‘
1561 723 1775 804 {Zssffi'ffi
1798 723 2475 815 33s13⁰353220211322¹2123s¹u33²03n¹t¹3

250 812 309 841 καὶ
334 809 464 842 ἑκατον
494 810 572 842 τῶν
596 810 636 842 ἐν
660 808 773 862 ταύτῃ
797 811 841 857 τῇ
867 823 905 844 ευ
932 814 1054 854 αι’μονι
1084 809 1187 847 πόλει
1212 813 1257 860 τῇ
1291 825 1331 846 τε
1348 816 1385 848 15
1398 823 1477 847 rum
1508 813 1677 857 triginta),
1712 823 1784 848 non
1814 817 1934 849 tamen
1963 814 2093 850 horum
2125 815 2289 859 dogmata
2324 825 2475 860 Sequens

250 854 327 886 τῶν
358 854 397 886 έν
417 852 558 898 Ἐφέσῳ
589 852 632 888 τὸ
657 867 807 901 πρωτον
839 856 1101 898 συναχθέντων
1134 855 1331 891 διακοσίων

249 899 293 944 τῇ
325 911 365 931 τε
388 899 464 931 τῶν
488 897 789 944 θεοφιλεστάτων
821 904 992 946 πατέρων
1023 902 1101 935 τῶν
1124 903 1165 936 ἐν
1189 901 1328 944 Χαλκη-

250 940 329 976 δόνι
357 942 556 982 ἑξακοσίων
579 943 799 989 τριάκοντα),
831 942 871 978 οὗ
895 945 968 989 μὴν
992 948 1063 980 τοῖς
1086 945 1229 980 τούτων
1251 944 1328 993 δόγ-

247 999 360 1031 μασιν
383 987 669 1022 κατακολουθῶν
698 987 782 1023 οὖδὲ
810 989 877 1045 τὴν
907 987 1084 1044 ἡμετέραν
1106 990 1328 1047 ,φιλανθρω-

1398 868 1514 902 neque
1556 861 1702 893 nostrae
1744 857 1953 895 clementiae
1995 859 2330 895 condescensionem
2369 870 2474 904 quam

1398 907 1544 947 propter
1567 903 1645 938 eius
1671 902 1822 938 salutem
1844 903 2032 940 habuimus
2057 904 2238 949 suscipere
2262 905 2385 940 volens
2407 915 2475 940 nec

1398 947 1566 983 abdicare
1601 951 1637 982 et
1666 947 1744 999 ipse
1778 947 1968 992 impiorum
2003 948 2206 1002 dogmatum

1444 992 1453 1000 ·
1499 992 1507 1000 .
2265 949 2421 1002 rincipes
2451 960 2475 985 a

1397 993 1578 1037 prioribus
1610 994 1747 1028 sanctis
1778 993 1946 1037 expulsos
1979 994 2157 1035 concilils,
2189 1004 2207 1029 s

2282 997 2475 1030 aestimans

250 1036 339 1066 nicus
362 1035 421 1065 καὶ
441 1031 508 1075 τὴν
528 1031 799 1079 συγκατάβασιν
816 1031 861 1078 ἡν
891 1033 951 1069 διὰ
973 1049 1042 1078 την
1074 1049 1183 1070 αυτου
1214 1047 1329 1079 σωτη-
1342 1038 1385 1071 20
1398 1042 1562 1082 oportere
1585 1037 1781 1072 secundum
1812 1047 1851 1073 se
1873 1039 1940 1074 sub
1965 1039 2215 1084 aequalitatem
2247 1041 2285 1073 et
2309 1039 2473 1075 condem-

249 1081 331 1122 ρίαν
346 1080 498 1120 ἔσχομεν
513 1077 786 1123 προςδέξασθαι
798 1079 991 1124 βουληθεὶς
1007 1078 1091 1114 οὐδὲ
1105 1078 1329 1127 ἀποκηρύξαι

248 1124 306 1155 καὶ
332 1118 436 1156 αὐτὸς
458 1121 541 1157 τοὺς
563 1124 642 1157 τῶν
666 1121 812 1168 ἀσεβῶν
836 1123 1030 1172 δογμάτων
1053 1123 1225 1172 ἀρχηγοὺς
1247 1125 1329 1160 τοὺς

247 1165 318 1201 ὑπὸ
354 1168 432 1200 τῶν
464 1171 655 1215 προτέρων
689 1166 805 1216 ἁγίων
842 1168 1120 1215 ἐκβεβλημένους
1152 1168 1327 1212 συνόδων,

247 1207 328 1245 ἀλλ’
362 1212 416 1246 οἱὸ
445 1224 522 1246 ενος
551 1214 680 1260 χρῆναι
711 1213 803 1248 κατὰ
832 1211 968 1249 ταύτὸν
1001 1218 1060 1248 καὶ
1085 1217 1125 1249 ἐν
1155 1215 1224 1259 ἴσῳ
1247 1215 1330 1250 τούς

1397 1086 1502 1118 natos
1533 1086 1569 1117 et
1602 1082 1878 1118 condemnantes
1911 1083 2098 1119 deducere.
2147 1083 2260 1119 Semel
2290 1083 2384 1119 enim
2413 1093 2474 1119 ex·

1398 1127 1531 1163 traneis
1556 1127 1803 1163 sanctissimae
1827 1128 2001 1164 ecclesiae
2032 1129 2196 1164 sensibus
2221 1131 2412 1173 corruptus
2438 1132 2475 1164 et

1398 1183 1420 1206 a
1455 1172 1561 1207 rectis
1597 1172 1774 1207 alienatus
1811 1172 2033 1216 dogmatibus
2069 1173 2194 1209 merito
2228 1183 2387 1209 remeare
2427 1172 2475 1208 ad

1398 1227 1521 1252 eorum
1539 1228 1610 1253 non
1629 1217 1742 1252 valuit
1757 1217 2018 1262 rectitudinem,
2038 1223 2074 1253 et
2093 1218 2183 1254 haec
2204 1228 2226 1253 a
2245 1217 2348 1254 nobis
2368 1217 2476 1253 etiam

248 1269 288 1289 τε
310 1270 403 1290 κατα
429 1253 679 1302 εδικασμένους
709 1257 790 1293 τούς
819 1273 859 1294 τε
882 1257 1195 1295 καταδικάσαντας
1217 1261 1329 1308 ἄγειν.
1343 1263 1384 1296 25
1397 1262 1565 1298 invitatus
1591 1266 1626 1298 et
1650 1262 1812 1298 eruditus
1844 1262 1940 1298 omni
1963 1263 2146 1299 utentibus
2170 1262 2287 1299 Studio
2310 1263 2357 1300 ad
2378 1262 2474 1299 Salu-

247 1298 346 1342 ἅπαξ
374 1301 443 1348 γὰρ
478 1306 556 1336 ταῖς
586 1300 789 1350 ἀλλοτρίαις
821 1305 880 1347 τῆς
914 1302 1116 1352 ἁγιωτάτης
1146 1305 1329 1349 ἐκκλησίας

248 1347 403 1381 ἐννοίαις
419 1346 799 1395 κατανδραποδισθεὶς
818 1352 877 1383 καὶ
895 1353 973 1384 τῶν
993 1347 1122 1396 ὖρθῶν
1139 1347 1329 1397 ἠλλοτριω-

246 1394 351 1435 μένος
380 1390 574 1438 δογμάτων
604 1392 751 1427 εἰκότως
781 1393 1001 1429 ἐπανελθεῖν
1032 1395 1080 1429 εἰς
1108 1392 1176 1438 τὴν
1205 1392 1329 1429 αὐτῶν

247 1433 311 1469 οὐκ
330 1437 473 1479 ἴσχυσεν
493 1434 693 1516 όῧθότητα,
716 1442 775 1472 καὶ
795 1441 911 1474 ταῦτα
928 1436 1020 1484 παρ’
1044 1436 1148 1484 ἡμῶν
1166 1443 1226 1473 καὶ
1244 1452 1329 1488 προ.

246 1485 394 1526 τραπεὶς
418 1485 476 1515 καὶ
495 1496 512 1515 ο

247 1527 315 1569 τὴν
339 1530 524 1572 σωτηρίαν
547 1541 615 1570 την
640 1542 757 1563 αυτου.

538 1483 687 1537 ηχηθεὶς
706 1482 804 1536 πασῃ
825 1487 1062 1530 χρησαμένων
1082 1483 1221 1532 σπουδῇ
1242 1484 1330 1531 πρὸς
1343 1487 1385 1520 30

1398 1310 1469 1342 tem
1495 1307 1582 1343 eius.

1258 1607 1415 1644 CAPUT
1442 1609 1470 1643 I.

294 1660 364 1695 Διὰ
383 1662 500 1695 ταῦτα
524 1665 647 1696 τοίνυν
670 1659 819 1698 ἅπαντα
845 1661 909 1706 τὴν
927 1666 1124 1710 γενομένην
1144 1660 1206 1698 ἐπ’
1228 1661 1328 1707 αὐτῷ

247 1707 308 1748 τῆς
331 1706 578 1753 καθαιρέσεως
602 1708 725 1753 ψῆφον
744 1706 843 1764 παρὰ
865 1709 925 1762 τῆς
945 1706 1046 1754 ἁγίας
1066 1706 1216 1742 συνόδου
1243 1722 1329 1755 προ-

248 1749 357 1796 φάσει
380 1752 441 1793 τῆς
472 1764 511 1785 τε
534 1750 576 1785 οὗ
601 1752 753 1796 θεμιτῆς
782 1750 865 1786 ουδὲ
894 1753 964 1788 υπὸ
989 1755 1066 1787 τῶν
1089 1751 1204 1800 ἁγίων
1226 1752 1329 1788 κανό-

1419 1664 1596 1717 ,3³¹'th01‘
1620 1665 1709 1707 haec
1731 1665 1840 1710 igitur
1863 1665 1982 1700 omnia
2004 1664 2141 1718 factum
2168 1676 2276 1719 super
2297 1676 2342 1719 eq
2365 1666 2474 1720 depo-

1398 1713 1536 1745 sitionis
1560 1709 1742 1745 decretum
1762 1721 1784 1745 a
1805 1711 1930 1746 sancto
1952 1712 2102 1746 concilio
2123 1721 2312 1748 occasione
2329 1711 2474 1748 illicitae

1399 1757 1435 1789 et
1466 1766 1539 1790 non
1570 1765 1592 1789 a
1623 1756 1757 1790 sanctis
1789 1755 1986 1791 canonibus
2021 1756 2220 1792 adtestatae
2254 1756 2474 1809 pervasionis

248 1810 325 1830 νων
345 1800 635 1852 μαρτυρουμένης
653 1799 737 1849 ζτῶν
755 1798 817 1840 τῆς
841 1796 1025 1841 βασιλίδος
1041 1797 1172 1841 ταύτης
1192 1797 1331 1833 πόλεως
1342 1802 1384 1834 35
1398 1799 1516 1843 regiae
1539 1799 1645 1835 huius
1671 1800 1905 1835 sacerdotalis
1937 1800 2031 1837 sedis
2062 1804 2099 1836 et
2129 1811 2152 1836 a
2181 1804 2290 1837 rectis
2312 1801 2475 1847 verisque

249 1841 442 1886 ἱερατικῶν
466 1842 618 1887 θρόνων
642 1844 803 1888 αρπαγῆς
834 1846 893 1876 καὶ
916 1845 978 1886 τῆς
1001 1840 1073 1877 ἀπὸ
1097 1844 1176 1877 τῶν
1199 1838 1330 1890 ὀρθῶν

247 1900 287 1920 τε
309 1888 369 1920 καὶ
391 1883 547 1928 ἀληθῶν
570 1885 764 1934 δογμάτων
788 1888 960 1934 ἐκτροπῆς
983 1892 1110 1934 κυρίαν
1131 1885 1153 1942 ἡ
1177 1887 1329 1934 ἡμετέρα

247 1931 397 1965 τίθεται
419 1930 586 1972 βασιλεία
616 1936 676 1966 καὶ
708 1934 768 1966 ἐπὶ
797 1933 936 1967 τούτοις
967 1929 1034 1967 τὸν
1058 1946 1224 1979 παροντα
1246 1931 1329 1981 γρά-

247 1989 306 2020 φει
322 1976 444 2020 νόμον.
491 1973 779 2023 ’Λπαγορεύομεν
803 1975 842 2010 δὲ
866 1974 964 2020 αὐτῷ
987 1980 1046 2011 καὶ
1069 1979 1131 2021 τῆς
1151 1977 1243 2012 κατὰ
1259 1977 1327 2021 τὴν

1399 1844 1622 1889 dogmatibus
1657 1846 1851 1881 aversionis
1886 1850 2004 1880 ratum
2038 1849 2201 1881 nostrum
2230 1847 2333 1892 ponit
2361 1845 2474 1892 impe-

1398 1890 1491 1925 rium
1524 1893 1559 1924 et
1591 1899 1699 1934 super
1721 1890 1776 1925 his
1800 1892 2024 1935 praesentem
2047 1891 2172 1926 scribit
2193 1891 2317 1936 legem.
2359 1891 2474 1926 Inter-

1399 1934 1547 1969 dicimus
1573 1938 1692 1969 autem
1716 1935 1748 1970 ei
1772 1938 1808 1970 et
1830 1935 1869 1969 in
1892 1935 1961 1969 hac
1983 1935 2191 1971 felicissima
2215 1936 2357 1972 clvitate
2379 1939 2416 1971 et
2435 1936 2474 1971 in

1398 1979 1552 2015 confinio
1585 1979 1660 2014 eius
1686 1979 1978 2032 [habitationum]
2014 1980 2290 2016 commoratione
2319 1983 2355 2016 et
2378 1980 2474 2016 omni

246 2019 442 2064 εὐδαίμονα
471 2020 608 2065 ταύτην
642 2021 752 2057 πόλιν
786 2025 846 2055 καὶ
877 2023 938 2065 τῆς
969 2020 1186 2068 περιοικίδας
1220 2020 1327 2066 αὐτῆς
1339 2026 1383 2059 4ο
1396 2024 1547 2060 aliarum
1577 2024 1768 2067 insigmum
1799 2025 1998 2066 civitatum,
2031 2026 2232 2061 sancientes
2263 2025 2331 2061 sub
2354 2026 2474 2072 quiete

246 2065 434 2112 διατριβῆς
467 2069 528 2099 καὶ
560 2064 676 2109 πάσης
707 2067 828 2113 ἑτέρας
857 2069 934 2101 τῶν
958 2067 1148 2112 ἐπισήμων
1176 2066 1330 2110 πόλεων,
1399 2079 1488 2111 esse,
1512 2069 1570 2104 his
1594 2073 1801 2104 contentum
1826 2069 1953 2114 quibus
1978 2079 2016 2104 se
2041 2070 2145 2114 digne
2167 2070 2329 2114 subiecit,
2353 2074 2390 2106 et
2411 2080 2473 2107 ne-

246 2112 488 2152 θεσπίζοντες
510 2111 728 2156 ἑφησυχάσαι
752 2115 812 2144 καὶ
837 2109 975 2146 τούτοις
996 2116 1158 2159 στέργειν
1179 2111 1229 2147 οἶς
1252 2113 1330 2147 ἑαυ-

246 2202 396 2243 scimus,
434 2200 496 2244 qui
526 2200 669 2245 quidem
698 2201 857 2236 deiectus
894 2206 948 2236 est
976 2201 1020 2236 de
1050 2202 1134 2237 sede
1164 2202 1272 2237 huius
1303 2201 1421 2245 regiae
1456 2201 1556 2237 urbis
1586 2212 1610 2237 a
1641 2205 1789 2237 sanctae
1823 2204 1860 2237 et
1888 2202 2066 2246 gloriosae
2096 2203 2288 2238 memoriae
2318 2203 2471 2248 Agapito

246 2246 489 2281 sanctissimae
521 2246 692 2281 ecclesiae
723 2245 889 2290 antiquae
912 2246 1048 2281 Romae
1079 2246 1259 2291 pontifice,
1291 2257 1333 2281 eo
1358 2245 1452 2291 quod
1483 2247 1582 2282 nullo
1617 2247 1721 2282 modo
1754 2247 1824 2283 sibi
1850 2247 1921 2291 ipsi
1947 2247 2169 2283 convenienti
2200 2252 2327 2283 contra
2350 2258 2471 2284 omnes

245 2301 368 2326 sacros
393 2301 548 2326 canones
579 2301 618 2326 se
640 2291 837 2326 intruserat
860 2291 952 2335 sedi,
986 2291 1049 2326 sed
1080 2296 1117 2326 et
1150 2291 1329 2326 communi
1359 2292 1537 2326 sententia
1565 2291 1679 2343 ipsius
1710 2294 1857 2327 sanctae
1880 2292 2071 2327 memoriae
2101 2292 2167 2327 viri
2190 2292 2342 2336 primum
2365 2297 2471 2338 atque
2493 2294 2537 2328 4⁵

245 2337 351 2371 etiam
375 2346 501 2371 sacrae
526 2346 542 2371 s
566 2335 651 2371 nodi
674 2336 733 2371 hic
758 2336 960 2372 celebratae
984 2336 1241 2372 condemnatus
1265 2340 1302 2371 et
1325 2336 1369 2371 de
1398 2336 1511 2372 ositus
1535 2336 1616 2379 fuit,
1650 2346 1691 2372 eo
1716 2337 1812 2382 quod
1835 2346 1858 2372 a
1879 2337 1988 2372 rectis
2013 2337 2236 2381 dogmatibus
2258 2337 2407 2373 recessit
2436 2341 2473 2373 et

246 2391 336 2426 quae
360 2381 459 2426 prius
483 2392 542 2415 mu
557 2382 661 2417 toties
686 2381 831 2426 diligere
854 2381 1050 2419 videbatur,
1081 2382 1170 2416 haec
1194 2382 1336 2416 demum
1359 2347 1506 2416 diversis
1531 2381 1804 2417 lustrationibus
1828 2381 1978 2426 aufugit,
2009 2381 2181 2417 simulans
2204 2382 2304 2427 sequi
2327 2384 2473 2418 sanctas

245 2429 398 2471 quatuor
427 2426 583 2471 synodos
620 2430 875 2467 (trecentorum
906 2426 1070 2461 videlicet
1101 2426 1223 2461 decem
1253 2429 1291 2462 et
1322 2431 1403 2462 octo
1436 2430 1579 2470 patrum
1610 2427 1648 2461 in
1672 2426 1806 2462 Nicaea
1829 2429 1866 2462 et
1888 2429 2030 2462 centum
2054 2426 2312 2472 quinquaginta
2342 2426 2380 2462 in
2402 2427 2471 2462 hac

244 2472 342 2506 felici
364 2471 506 2506 civitate
529 2476 565 2506 et
588 2471 625 2506 in
649 2471 794 2516 Epheso
820 2471 933 2517 primo
959 2475 1255 2516 congregatorum
1280 2471 1516 2507 ducentorum
1547 2474 1584 2506 et
1607 2476 1857 2507 sexcentorum
1879 2472 2023 2516 triginta
2052 2471 2305 2507 venerabilium
2327 2475 2471 2517 patrum

244 2516 280 2550 in
307 2516 560 2558 Chalcedone),
594 2519 631 2551 at
661 2517 802 2560 quidem
833 2527 900 2551 nec
932 2516 1098 2561 dogmata
1130 2517 1229 2561 sequi
1259 2527 1326 2551 nec
1358 2519 1517 2552 nostram
1548 2517 1770 2552 clementiam
1803 2520 1838 2551 et
1871 2516 2165 2559 condescensum,
2199 2527 2303 2570 quern
2324 2520 2471 2570 prppter
2493 2517 2536 2552 50
2559 2565 2562 2571 ¹

245 2561 357 2605 ipsius
383 2561 532 2596 salutem
554 2561 784 2604 habebamus,
818 2561 1001 2606 suscipere
1032 2561 1144 2597 voluit
1174 2571 1291 2605 neque
1320 2561 1399 2607 ipse
1421 2561 1590 2597 abdicare
1613 2566 1779 2597 auctores
1802 2561 1992 2606 impiorum
2014 2561 2216 2606 dogmatum
2240 2572 2301 2606 qui
2323 2571 2425 2606 prius
2447 2571 2471 2596 a

246 2605 379 2640 sanctis
404 2605 549 2650 synodis
573 2606 714 2650 expulsi
737 2606 891 2648 fuerant,
917 2607 980 2642 sed
1003 2607 1141 2651 putavit
1166 2610 1334 2651 oportere
1358 2606 1557 2642 secundum
1580 2606 1699 2650 ipsum
1723 2609 1759 2642 et
1782 2606 1819 2641 in
1842 2606 1984 2651 aequali
2006 2606 2136 2642 ducere
2158 2610 2196 2642 et
2219 2605 2470 2642 condemnatos

246 2653 283 2685 et
304 2649 607 2694 condemnatores.
655 2651 747 2685 Nam
770 2652 879 2686 semel
902 2652 1027 2686 alienis
1045 2662 1067 2686 a
1085 2652 1309 2686 sanctissima
1333 2651 1488 2687 ecclesia
1510 2652 1752 2687 intellectibus
1776 2651 2002 2696 mancipatus
2026 2656 2062 2686 et
2081 2661 2103 2686 a
2123 2651 2230 2686 rectis
2247 2651 2470 2696 dogmatibus

246 2695 421 2730 alienatus
444 2695 571 2729 merito
596 2695 643 2729 ad
665 2696 823 2739 ipsorum
855 2696 1104 2731 rectitudinem
1129 2698 1262 2731 reverti
1294 2706 1366 2731 non
1398 2696 1520 2739 valuit,
1554 2697 1661 2732 etiam
1684 2696 1730 2731 ad
1753 2696 1843 2732 haec
1866 2696 2037 2732 invitatus
2069 2706 2091 2731 a
2114 2696 2218 2732 nobis
2243 2697 2281 2731 et
2303 2695 2471 2740 dimotus,

246 2740 307 2784 qui
330 2739 425 2775 omni
449 2739 567 2774 studio
592 2740 649 2774 usi
672 2751 793 2775 sumus
821 2740 868 2775 ad
890 2741 1004 2785 ipsius
1029 2741 1191 2776 salutem.
2491 2739 2536 2776 5⁸

382 2784 409 2818 I.
470 2784 622 2828 Propter
654 2785 744 2819 haec
773 2785 880 2828 igitur
913 2785 1032 2820 omnia
1064 2785 1275 2820 sententiam
1299 2785 1532 2829 depositionis
1564 2786 1602 2821 in
1625 2786 1743 2831 ipsum
1767 2796 1789 2820 a
1813 2788 1940 2821 sancta
1960 2785 2096 2831 synodo
2119 2785 2254 2821 factam
2278 2784 2469 2821 occasione

246 2840 319 2865 non
341 2828 429 2864 liciti
453 2839 566 2873 neque
590 2839 612 2863 a
632 2830 767 2864 sanctis
792 2830 989 2865 canonibus
1013 2830 1205 2874 approbati
1235 2834 1360 2873 raptus
1386 2840 1570 2865 sacrarum
1601 2831 1737 2866 sedium
1769 2830 1875 2865 huius
1907 2831 2025 2875 regiae
2049 2830 2147 2866 urbis
2171 2834 2208 2866 et
2230 2829 2424 2866 aversionis
2447 2839 2471 2866 a
2506 2851 2513 2859 -

245 2874 353 2910 rectis
385 2877 421 2907 et
452 2874 542 2908 veris
575 2874 799 2916 dogmatibus
824 2875 983 2919 (cyriam)
1006 2875 1190 2919 propriam
1220 2878 1385 2909 nostrum
1416 2875 1506 2910 facit
1527 2876 1715 2920 imperium
1747 2878 1784 2911 et
1813 2878 1938 2911 contra
1969 2876 2079 2911 istum
2099 2877 2323 2921 praesentem
2346 2874 2472 2911 scribit

245 2921 366 2963 legem.
415 2918 661 2954 Interdicimus
687 2924 805 2954 autem
829 2923 865 2954 et
888 2919 920 2954 ei
943 2919 1155 2954 commorari
1185 2919 1222 2954 in
1255 2920 1323 2954 hac
1353 2919 1450 2955 felici
1474 2920 1617 2955 civitate
1647 2924 1684 2956 et
1718 2920 1794 2956 eius
1817 2920 1982 2955 districtu
2013 2930 2057 2956 ac
2086 2920 2124 2955 in
2154 2929 2306 2966 quaeum
2331 2929 2377 2955 ue
2395 2918 2472 2955 alia

244 2964 373 3008 insigni
399 2964 554 3005 civitate,
578 2964 782 2998 sancientes
804 2964 841 2998 in
865 2964 983 3009 quiete
1006 2973 1086 2999 esse
1110 2968 1145 2999 et
1169 2973 1229 2999 eos
1255 2960 1399 3008 diligere
1422 2964 1551 3009 quibus
1575 2975 1614 3001 se
1637 2965 1753 3010 ipsum
1777 2964 1882 3009 digne
1905 2965 2106 3010 supposuit,
2139 2970 2175 3000 et
2197 2975 2270 3000 non
2294 2963 2470 3020 aiquibus
2491 2965 2550 3002 60:

1393 3054 1426 3087 T
1439 3053 1452 3098 11
1473 3057 1507 3088 11
1525 3054 1618 3087 decet
1639 3054 1672 3088 V
1691 3054 1703 3097 11
1730 3056 1770 3088 12
1795 3054 1946 3087 nicenam
1963 3055 1995 3087 T
2012 3053 2026 3099 11
2056 3056 2093 3088 14
2109 3055 2145 3087 in
2159 3067 2216 3088 om.
2231 3056 2309 3088 libri
2368 3054 2471 3088 caloe-

1392 3098 1489 3132 donie
1511 3099 1545 3132 V
1563 3098 1576 3142 11
1607 3100 1646 3132 16
1672 3098 1945 3131 condescensione
1966 3099 1998 3132 T
2023 3099 2036 3141 11
2067 3100 2107 3132 18
2131 3098 2283 3132 abdicere
2354 3098 2367 3141 11
2390 3098 2470 3140 dog·

1392 3146 1478 3175 mate
1496 3142 1552 3187 Vn
1576 3144 1612 3176 19
1627 3142 1784 3185 expulsus
1800 3144 1877 3176 libri
1892 3144 1904 3186 11
1921 3144 1960 3176 21
1979 3146 2154 3182 extraneus
2169 3142 2223 3187 Τ11
2243 3144 2285 3177 22
2297 3145 2470 3186 corrupto·

1401 3188 1481 3221 Val.
1499 3187 1512 3231 11
1536 3188 1578 3221 23
1599 3187 1752 3220 alienatis
1774 3187 1853 3220 Vol.
1878 3186 1891 3230 11
1914 3188 1957 3221 33
1978 3186 2132 3220 illicitate
2154 3187 2210 3230 Vn
2235 3188 2278 3221 39
2291 3187 2470 3221 habitatio-

1392 3242 1474 3265 num
1496 3233 1615 3265 seclusi
1631 3232 1688 3274 (cs.
1704 3244 1740 3274 p.
1756 3233 1832 3273 267,
1846 3235 1896 3273 23)
1919 3231 1932 3275 11
1954 3232 2177 3264 oomoratione
2198 3231 2248 3266 V¹
2271 3233 2469 3266 comentie-

1392 3287 1467 3309 nem
1488 3276 1539 3310 1⁷²
1574 3276 1916 3354 fflmnffmoeatimffim
1943 3277 1976 3310 T
1999 3275 2012 3320 11
2039 3278 2082 3310 40
2107 3277 2168 3318 leq.
2191 3276 2281 3310 alia?
2307 3276 2321 3322 11
2350 3279 2390 3312 41
2415 3275 2469 3311 hi!

1401 3321 1499 3362 Vat]
1525 3323 1558 3354 et
1606 3321 1632 3353 's

1450 3409 1493 3443 43
1526 3411 1674 3451 Agapeto
1711 3409 1841 3443 Gentius
1916 3410 1957 3442 47
1991 3407 2258 3451 lustrationibus]
2294 3407 2468 3443 fraudibus

1394 3454 1511 3487 Mami
1521 3455 1554 3487 in
1567 3466 1670 3498 marq.
1695 3452 1708 3498 11
1732 3453 1822 3495 fugit
1877 3455 1951 3488 ansi
1965 3453 1977 3497 11
2006 3456 2049 3488 50
2069 3453 2279 3488 Chalcedona
2301 3454 2432 3488 Gentius
2453 3450 2468 3498 fl

1393 3508 1454 3532 neo
1475 3499 1613 3532 istorum
1629 3499 1783 3541 dogmata
1807 3499 1924 3532 Mami
1939 3498 1951 3542 11
1975 3501 2018 3534 58
2042 3498 2166 3542 eyn-iam
2189 3499 2356 3542 propriam
2385 3498 2466 3532 Gon-

1396 3545 1467 3584 tim,
1490 3543 1618 3576 firmam
1644 3544 1760 3577 Mansa·
1771 3542 1784 3587 ss
1803 3544 1846 3578 59
1870 3545 1903 3576 et
1926 3543 1968 3585 ei]
1994 3545 2024 3577 ei
2048 3546 2081 3576 et
2105 3544 2200 3578 Beck
2214 3545 2226 3585 11
2246 3545 2288 3578 60
2313 3552 2367 3576 eos
2387 3540 2466 3575 dili-

1393 3590 1481 3631 gere]
1503 3588 1544 3621 iis
1563 3591 1755 3622 contentum
1772 3598 1839 3622 esse
1861 3588 1976 3622 Mansi
1989 3589 2001 3633 11
2020 3588 2120 3632 digne
2139 3588 2323 3631 supposuit]
2348 3586 2464 3620 merito

1394 3634 1574 3668 obnoxium
1597 3634 1742 3668 reddidit
1767 3633 1882 3668 Mansa·

291 3059 313 3090 4
336 3056 403 3098 τῷ]
427 3053 470 3088 τὸ
498 3055 526 3088 C
549 3054 561 3098 11
586 3057 604 3088 5
625 3056 771 3099 ἐναγεῖς]
798 3050 908 3098 ἱεροὺς
932 3066 1013 3088 corr.
1028 3054 1077 3087 L²
1093 3053 1106 3098 11
1132 3056 1149 3087 7
1172 3056 1231 3087 καὶ
1251 3051 1322 3097 μὴν

245 3103 318 3142 καὶ]
343 3105 377 3133 et
400 3112 420 3137 ς
444 3099 457 3144 11
479 3096 638 3144 ἀπέφυγε
664 3100 694 3131 L
719 3098 731 3142 11
761 3100 798 3132 12
823 3099 993 3141 τέτρασιν
1018 3099 1103 3140 ML]
1127 3101 1323 3143 τέσσαρσιν

250 3147 279 3180 C
305 3145 318 3190 11
354 3148 392 3180 14
418 3146 515 3179 πατέ
536 3146 600 3184 ων]
631 3141 653 3175 ἁ
679 3146 747 3176 ίων
771 3144 942 3184 πατέρων
969 3143 998 3176 L
1029 3143 1041 3184 11
1075 3146 1110 3178 15
1135 3143 1224 3183 τῶν]
1258 3141 1323 3176 τὸν

246 3192 293 3224 12¹
314 3190 326 3236 11
349 3194 382 3224 17
398 3157 586 3233 θεοφιλῶν
604 3190 633 3223 G
659 3190 664 3232 1
691 3190 730 3222 19
752 3185 862 3221 *οὔτε
876 3187 983 3222 MLc'
995 3188 1007 3230 ΙΙ
1024 3189 1061 3221 21
1079 3188 1206 3231 ἔχομεν
1221 3197 1322 3233 προς-

246 3234 405 3276 δέξασθε
421 3236 450 3269 C
470 3234 482 3278 11
513 3237 555 3268 23
581 3230 730 3276 ἐκβεβλη
760 3235 854 3265 ε’νων
870 3231 914 3264 M
932 3231 945 3275 11
970 3234 1011 3266 24
1037 3233 1139 3273 κατὰ]
1163 3235 1223 3265 καὶ
1246 3231 1324 3265 τῶν

246 3279 338 3314 κατὰ
355 3282 408 3323 011
431 3277 514 3313 τούς
532 3291 572 3312 τε
592 3275 725 3311 καταδε
750 3277 959 3319 ικασμένους
981 3290 1037 3309 om.
1054 3278 1104 3317 M,
1128 3289 1168 3310 τε
1189 3290 1245 3310 om.
1265 3277 1293 3310 C
1312 3276 1325 3319 11

247 3328 288 3360 28
313 3323 532 3360 ἐπανελθεῖν
546 3332 619 3358 ante
639 3320 828 3368 ὀρθότητα
852 3323 894 3355 29
919 3322 991 3355 coll.
1008 3322 1036 3355 C
1057 3322 1068 3363 11
1092 3323 1134 3356 32
1158 3319 1204 3355 τὰ
1226 3319 1323 3368 γενό-

245 3384 336 3415 μενα
350 3371 398 3404 L²
416 3370 428 3415 11
451 3372 491 3404 35
516 3367 654 3404 πόλεως
678 3381 736 3401 om.
754 3368 807 3403 C:
824 3366 837 3410 ΙΙ
863 3367 904 3400 37
931 3364 1053 3412 κύριον
1066 3367 1114 3399 L²
1137 3368 1161 3419 ΙΙ,
1176 3368 1218 3400 38
1241 3363 1324 3443 γρά;

247 3429 327 3460 rpem
352 3417 383 3449 L
410 3416 422 3459 11
454 3417 493 3449 41
521 3414 654 3461 ἑτέρας]
679 3413 819 3446 aliarum
844 3423 864 3448 ς
895 3410 908 3456 11
939 3413 981 3446 42
1005 3412 1237 3456 ἐφησυχασαι]
1281 3423 1307 3455 φ

246 3459 387 3503 ἡσυχίας
411 3459 502 3493 εἶναι
532 3461 560 3494 C

297 3555 307 3584 1
331 3527 531 3583 nouissimus
550 3551 585 3584 V
603 3549 616 3594 11
646 3551 665 3583 2
685 3549 776 3592 apito
796 3548 831 3582 V
845 3547 954 3590 sepita
969 3547 1000 3580 T
1026 3546 1168 3589 agapida
1186 3523 1289 3580 Νςοό.
1313 3543 1326 3590 11

246 3596 433 3628 canenende
468 3596 498 3628 V
517 3595 529 3639 11
558 3598 577 3630 3
603 3597 721 3637 utpute
755 3594 788 3628 V
806 3592 820 3639 11
850 3595 870 3628 6
895 3591 1067 3625 celebratis
1096 3591 1129 3625 V
1151 3590 1164 3635 11
1191 3592 1210 3625 8
1236 3600 1323 3624 rece-

246 3641 332 3674 derit
351 3639 413 3684 1711
444 3640 663 3682 dignitatibus
685 3640 768 3675 Tal.
795 3637 808 3684 11
835 3640 855 3672 9
880 3637 1046 3672 declinate
1070 3637 1102 3671 V
1127 3635 1324 3670 declamaret
