2592 3840
239 73 344 116 No'v.
377 73 410 117 C
439 76 466 115 2

1304 70 1388 119 486

1812 86 1873 117 DE
1901 85 2109 118 TEMPORE:
2134 85 2227 118 NON
2254 85 2455 118 SOLUTAE

1233 207 1389 243 CAPUT
1414 207 1460 243 ΙΙ.

286 272 491 307 Συιέλόντα
514 277 637 307 τοίνυν
654 274 768 307 εἰπεῖν
788 274 873 307 εἴσω
889 275 954 315 μὲν
971 271 1103 308 &ettae
1119 275 1183 308 τοῦ
1201 274 1317 320 γάμου

240 318 476 352 διαλυθέντος
499 318 569 351 εἴτε
589 317 747 361 θανάτῳ
771 318 842 352 εἴτε
862 316 1041 362 ῥεπουδίῳ
1062 322 1122 352 καὶ
1142 317 1240 363 αὐτῷ
1263 321 1315 363 τῷ

240 360 346 409 ἀνδρὶ
362 364 408 396 τὰ
422 366 502 407 περὶ
518 364 579 405 τῆς
595 360 809 409 άναργυρίας
825 363 946 403 ἔξεστι
961 364 1172 409 μέμφεσθαι
1188 368 1247 399 καὶ
1263 366 1315 408 τῷ

239 422 278 454 γε
303 405 411 442 αὐτοῦ
436 407 646 450 κληρονόμῳ
671 408 756 441 εἴσω
777 408 898 453 ἑτέρου
914 410 1089 443 ἐνιαυτοῦ.
1126 410 1158 444 εἰ
1173 407 1214 444 δὲ
1227 408 1318 455 ὑπὲρ

240 452 379 487 διετίαν
395 451 477 497 ἄχρι
494 450 579 486 δέκα
595 454 774 487 ἐνιαυτῶν
788 447 809 485 ὅ
820 452 930 499 γάμος
945 454 1129 498 έκταθείη,
1145 456 1198 498 τῷ
1212 452 1318 498 ἀνδρὶ

240 496 387 541 δίδομεν
404 497 471 540 τὴν
483 501 623 542 μέμψιν
638 501 698 531 καὶ
713 499 766 540 τῷ
784 511 823 544 γε
840 495 950 532 αὐτοῦ
966 497 1178 544 κληρονόμῳ
1191 502 1319 544 μηνῶν

239 543 325 576 εἴσω
349 556 371 576 τ
395 544 471 575 ιῶν.
514 543 544 575 εἰ
569 540 609 576 δὲ
632 541 863 588 παραδράμοι
887 540 908 585 ἡ
933 541 1109 585 δεκαετία,
1131 544 1217 580 τότε
1237 544 1318 579 οὔτε

239 590 291 630 τῷ
325 584 371 621 ἄν
397 590 431 632 ρὶ
462 586 545 621 οὔτε
576 586 808 632 κληρονόμοις
838 585 948 622 αὐτοῦ
980 589 1027 622 τοὶ
1058 591 1120 633 τῆς
1149 593 1317 636 μέμψεως

239 635 358 673 ἔσται,
389 634 453 677 τρῦ
477 630 606 686 ζρόνου
630 631 818 689 {repedita}
842 633 1074 687 ἐξαρκοῦντος
1097 636 1141 682 τῇ
1164 640 1315 682 γυναικί.

1446 273 1667 310 Generaliter
1694 275 1803 319 igitur
1833 274 2020 310 dicendum
2050 275 2146 310 intra
2174 275 2353 311 biennium
2378 275 2453 320 qui-

1386 320 1463 354 dem
1504 319 1727 355 matrimonio
1767 319 1884 356 soluto
1927 319 1999 355 sive
2037 325 2150 355 morte
2192 320 2266 356 sive
2306 320 2454 366 repudio

1385 370 1421 399 et
1451 364 1530 408 ipso
1554 365 1680 399 marito
1705 365 1748 400 de
1772 376 1843 400 non
1868 369 2051 400 numerata
2072 365 2227 410 pecunia
2249 365 2332 400 licet
2355 365 2456 410 queri

1386 414 1422 443 et
1456 410 1532 444 eius
1567 409 1688 445 heredi
1721 410 1816 445 intra
1845 410 1954 445 alium
1983 420 2125 446 annum.
2181 410 2219 446 Si
2246 420 2330 446 vero
2363 410 2457 445 ultra

1354 458 1372 489 5
1386 454 1566 489 biennium
1597 464 1710 500 usque
1739 455 1786 490 ad
1817 456 1939 491 decem
1969 465 2083 491 annos
2113 455 2372 491 matrimonium
2394 465 2455 490 ex-

1386 499 1573 542 tendatur,
1612 500 1738 535 marito
1777 500 1902 536 damus
1937 501 2116 545 querelam
2151 504 2188 536 et
2221 499 2344 536 heredi
2378 499 2455 536 eius

1385 545 1479 579 intra
1501 553 1640 580 menses
1662 546 1747 581 tres.
1795 544 1832 581 Si
1853 556 1936 581 vero
1959 545 2213 582 transcurrerit
2235 544 2456 585 decennium.

1385 594 1471 624 tunc
1494 599 1608 634 neque
1630 590 1755 626 marito
1778 600 1823 625 ne
1848 601 1892 626 ue
1914 590 2103 626 heredibus
2119 590 2195 626 eius
2215 590 2358 636 querela
2376 589 2455 632 erit,

1386 637 1545 678 tempore
1567 634 1614 670 ad
1635 635 1753 670 omnia
1776 602 1976 672 sufficiente
1992 636 2141 671 mulieri.
2188 635 2240 671 Et
2262 635 2293 671 si
2315 634 2456 680 quidem

238 679 269 711 εἰ
293 679 360 720 μέν
379 679 445 732 οὖν
469 676 603 730 αφηλιξ
626 691 648 723 ῃ
673 691 692 711 ο
718 692 809 733 ανηρ
832 681 892 712 καὶ
910 692 958 721 μη
973 682 1168 734 μέμψηται,
1192 682 1314 733 τοσοῦ·
1333 683 1372 715 10
1385 679 1481 714 intra
1503 682 1655 715 aetatem
1679 680 1826 716 maritus
1850 681 1895 716 sit
1924 685 1961 716 et
1990 692 2063 717 non
2094 683 2285 726 queratur,
2317 683 2456 716 tantum

239 736 303 756 τον
334 723 381 756 εἰς
412 734 713 757 αποκαταστασιν
743 725 842 766 αυτῷ
875 721 1021 767 δίδομεν
1049 738 1198 770 χρονον,
1229 737 1317 760 ωςτε

237 767 287 811 μὴ
313 766 514 812 ὑπερβῆναι
538 766 781 803 δωδεκαετίαν
805 771 844 802 ἐκ
864 770 928 803 τοῦ
945 772 1069 814 καιροῦ
1086 772 1162 804 τῶν
1177 770 1315 817 γάμων.

239 814 342 855 ἴσμεν
366 813 439 868 γὰρ
470 813 551 847 τοὺς
574 811 718 858 σφόδρα
744 813 897 856 τάχιστα
921 813 1230 850 συναλλάττοντας
1252 814 1317 861 γά-

238 871 307 902 μον
339 870 401 891 ουκ
432 856 599 892 ἐλάττους
629 860 706 892 τῶν
739 857 997 893 πεντεκαίδεκα
1028 862 1205 895 ἐνιαυτῶν
1229 861 1318 907 πρὸς

1386 724 1431 759 ad
1462 724 1499 759 in
1529 725 1702 768 integrum
1725 725 1985 761 restitutionem
2016 726 2049 762 ei
2078 725 2202 761 damus
2225 730 2384 771 tempus,
2415 729 2456 759 ut
2490 735 2492 738 ’

1385 769 1490 814 (non)
1513 770 1744 805 transcendat
1765 770 1835 805 XII
1858 781 1970 806 annos
2003 781 2026 806 a
2056 775 2215 816 tempore
2237 770 2453 816 nuptiarum.

1385 815 1556 850 Novimus
1579 815 1673 850 enim
1696 826 1758 851 eos
1807 816 1844 851 ui
1866 815 2090 851 vehementer
2113 816 2218 852 citius
2239 815 2456 851 contrahunt

1386 860 1529 904 nuptias
1552 871 1625 895 non
1641 860 1757 895 minus
1773 826 1839 895 §V
1856 871 2027 897 annorum
2051 861 2097 896 ad
2118 861 2187 897 hoc
2203 861 2454 907 procedentes:

239 905 347 937 τοῦτο
380 901 519 937 ἰόντας·
569 899 657 937 ὧςτε
686 907 745 937 καὶ
780 901 1021 949 ὑπερβήσεται
1052 905 1120 957 τᾷν
1150 909 1318 950 πέμπτον
1333 909 1372 940 15
1386 916 1456 950 qua
1485 905 1528 940 de
1557 915 1597 940 re
1626 907 1755 940 transit
1784 906 1946 951 quintum
1973 910 2011 941 et
2040 906 2243 941 vicesimum
2266 915 2398 941 annum
2419 907 2457 940 et

238 951 298 981 καὶ
334 948 499 982 εἰκοστὸν
535 949 704 983 ἐνιαυτὸν
737 953 796 982 καὶ
827 952 930 983 ἔσται
962 947 1112 985 δυνατος
1141 951 1228 985 εἴσω
1254 952 1317 985 τοῦ

240 994 398 1027 εἰκοστοῦ
429 991 586 1037 ἑβδόμου
614 994 837 1038 μέμψασθαι
867 996 912 1041 τῇ
942 996 1004 1037 τῆς
1032 996 1178 1041 προικὸς
1208 993 1315 1041 ἀναρ-

239 1042 349 1085 γιιρίᾳ.
404 1035 682 1081 τελευτήσαντος
714 1037 754 1073 δὲ
785 1036 897 1073 αὐτοῦ
929 1040 1015 1074 εἴσω
1045 1042 1109 1074 τοῦ
1140 1041 1317 1086 ῥηθέντος

238 1083 368 1129 χρόνου
397 1083 477 1117 τοὺς
504 1083 743 1130 κληρονόμους
776 1087 870 1126 ἔχειν
900 1083 968 1118 τὸν
990 1087 1160 1120 ἐνιαυτὸν
1180 1087 1228 1120 εἰς
1248 1086 1316 1129 τὴν

238 1131 259 1164 1
303 1132 452 1173 μέμψιν.
684 1125 693 1138 '

237 1177 346 1217 μένου
362 1173 580 1219 κληρονόμοι
595 1175 666 1208 εἴτε
682 1174 815 1209 τελείου
834 1175 904 1209 εἴτε
922 1171 1076 1215 ἀτελοῦς,
1098 1181 1316 1211 πενταετίαν

239 1222 420 1262 ἐχέτωσαν
451 1218 569 1263 μόνην
600 1220 649 1253 εἰς
679 1220 722 1254 τὸ
755 1221 898 1262 κινῆσαι
929 1220 998 1263 τὴν
1026 1223 1165 1267 μέμψιν
1188 1224 1247 1257 ἐπὶ
1271 1223 1315 1268 τῇ

238 1262 448 1311 ἅναργυρίᾳ.
471 1262 667 1309 ἀρκοῦντος
689 1266 754 1299 τοῦ
777 1264 907 1312 χρόνου
927 1269 987 1299 καὶ
1006 1266 1055 1309 μὴ
1076 1263 1318 1310 άναμένοντος

238 1310 306 1363 τὴν
332 1308 495 1350 διέξοδον
518 1308 699 1344 ἁπάντων
719 1311 796 1344 τῶν
813 1309 1021 1345 ἐλαττόνων
1035 1310 1186 1356 χρόνων.
1225 1308 1317 1358 ὅπερ

1386 951 1454 986 erit
1488 950 1668 995 possibilis
1702 951 1799 986 intra
1833 950 2035 986 vicesimum
2065 950 2254 996 septimum
2283 950 2382 995 queri
2413 949 2457 984 de

1385 1006 1454 1030 non
1486 1001 1671 1030 numerata
1700 996 1851 1040 pecunia
1884 995 1990 1031 dotis.
2037 996 2214 1031 Moriente
2244 1004 2384 1041 quoque
2413 1003 2456 1030 eo

1384 1041 1728 1130 {liffglaelggaedictum
1758 1046 1899 1086 tempus
1927 1040 2076 1076 heredes
2099 1040 2232 1076 habere
2254 1040 2388 1076 amium
2410 1038 2457 1075 ad

545 1130 576 1162 εἰ
605 1127 645 1162 δὲ
673 1126 841 1175 αφὴλικεε
864 1130 935 1164 εἶεν
959 1129 995 1164 οἱ
1016 1132 1079 1165 τοῦ
1103 1131 1152 1175 μὴ
1174 1143 1313 1176 μεμψα-
1330 1133 1404 1166 201
1451 1132 1489 1165 Si
1512 1137 1630 1166 autem
1654 1131 1807 1166 minores
1829 1131 1900 1166 sint
1916 1141 1988 1168 non
2006 1130 2186 1177 querentis
2201 1129 2362 1173 heredes,
2385 1128 2458 1164 sive

1384 1176 1528 1211 maioris
1568 1176 1642 1212 sive
1681 1176 1844 1219 minoris,
1883 1177 2038 1221 quinque
2072 1176 2230 1212 habeant
2263 1174 2377 1211 solum
2411 1173 2457 1210 ad

1384 1221 1592 1256 movendam
1616 1221 1795 1267 querelam
1818 1231 1890 1257 non
1913 1226 2120 1258 numeratae
2141 1220 2332 1266 pecuniae,
2356 1217 2456 1272 suffi-

1385 1267 1502 1301 ciente
1532 1270 1691 1311 tempore
1723 1269 1760 1302 et
1789 1277 1861 1302 non
1893 1271 2105 1312 expectante
2137 1266 2271 1302 exitum
2303 1275 2457 1300 ommum

1385 1311 1559 1346 minorum
1583 1315 1791 1356 temporum.
1839 1311 1942 1356 Quod
1966 1322 2031 1347 nos
2048 1312 2095 1347 ad
2110 1313 2332 1357 praesentem
2347 1310 2380 1345 le

238 1367 330 1398 ημας
363 1355 450 1410 πρὸς
483 1355 552 1389 τὸν
584 1354 751 1409 παρόντα
785 1355 901 1399 νόμον
936 1357 1118 1399 ἐκίνησεν
1158 1358 1219 1400 τῆς
1248 1358 1318 1411 γάρ
1330 1359 1372 1392 25
1385 1357 1511 1392 movit:
1549 1357 1697 1391 muliere
1719 1367 1873 1400 namque
1897 1358 2088 1393 coniuncta
2111 1361 2238 1402 quarto
2263 1358 2300 1391 ot
2321 1355 2457 1391 decimo

238 1412 405 1447 γυναικος
439 1412 700 1444 συνοικησάσης
733 1399 1114 1443 τεσσαρεςκαιδεκατον
1149 1404 1318 1436 ἐνιαντον

237 1445 329 1489 μετὰ
361 1445 527 1479 εἰκοστὸν
557 1450 636 1480 ἔτος
664 1447 728 1479 τοῦ
759 1447 926 1480 θάνάτου
963 1448 1027 1480 τοῦ
1061 1447 1196 1491 πατρὸς
1228 1444 1317 1482 ἀπο-

237 1490 417 1535 χρώμενος
451 1492 496 1537 τῇ
531 1488 769 1537 ἀφηλικότητι
804 1494 912 1526 ἐκίνει
951 1503 1003 1526 τις
1033 1490 1125 1526 κατὰ
1160 1493 1223 1536 τῆς
1253 1505 1318 1537 μη-

238 1536 322 1581 τρὸς
344 1536 412 1570 τὸν
428 1537 491 1578 τῆς
515 1533 732 1583 ἀναργυρίας
763 1533 966 1571 ἀντιτιθεὶς
997 1535 1108 1590 λόγον
1135 1537 1226 1580 μετὰ
1264 1541 1317 1572 τέ-

1385 1412 1479 1437 anno
1510 1407 1594 1448 post
1615 1402 1818 1437 vicesimum
1842 1412 1974 1437 annum
1996 1402 2120 1438 mortis
2143 1401 2275 1447 patris,
2306 1400 2457 1436 abutens

1385 1447 1512 1482 minori
1542 1451 1660 1482 aetate
1689 1447 1855 1482 movebat
1884 1447 2026 1492 quidam
2059 1450 2184 1483 contra
2214 1450 2362 1482 matrem
2384 1455 2457 1481 non

1387 1497 1593 1527 numeratae
1616 1493 1790 1538 pecuniae
1813 1492 1970 1529 obiciens
1993 1492 2166 1528 rationem
2189 1496 2273 1538 post
2295 1494 2457 1536 quartum

1385 1542 1421 1572 et
1455 1537 1670 1573 tricesimum
1705 1538 1910 1583 nuptiarum
1945 1548 2085 1573 annum.
2136 1537 2240 1582 Quod
2269 1546 2335 1572 nos
2365 1535 2457 1572 iudi-

238 1594 374 1633 ταρτον
397 1583 456 1614 καὶ
479 1594 697 1626 τριακοστον
720 1594 784 1615 του
802 1586 1023 1616 συνοικεσίου
1046 1595 1188 1628 χρονον.
1228 1579 1319 1635 ὅπερ
1331 1585 1372 1617 30
1388 1588 1510 1618 cantes
1536 1583 1754 1624 curavimus,
1785 1586 1822 1618 et
1852 1588 1999 1628 propter
2021 1583 2088 1618 has
2112 1581 2399 1618 circumstantius
2421 1583 2459 1616 et

239 1629 336 1669 ημεῖς
360 1624 565 1668 δικάζοντες
588 1625 899 1672 ἐθεραπεύσαμεν,
931 1630 990 1661 καὶ
1014 1625 1075 1662 διὰ
1102 1627 1235 1662 ταύτας
1254 1639 1319 1662 τας

239 1672 466 1717 περιστάσεις
501 1675 561 1705 καὶ
591 1670 659 1705 τὸν
689 1673 767 1706 τῶν
795 1668 981 1718 ἆφηλίκων
1010 1671 1143 1717 χρόνον
1173 1673 1220 1707 εἰς
1250 1673 1319 1716 τὴν

240 1720 458 1751 πενταετίαν
475 1718 535 1751 ἐπὶ
551 1717 615 1750 τοῦ
633 1716 813 1762 παρόντος
828 1715 1011 1762 ώρίσαμεν
1028 1717 1157 1761 νόμου·
1182 1719 1318 1752 ἐκείνου

240 1759 375 1817 δηλαδὴ
392 1761 460 1804 τὴν
477 1758 698 1808 ἆναργυρίαν
720 1758 973 1797 ἇντιτιθέντος
995 1760 1035 1798 δς
1047 1762 1107 1816 ἱοῗν
1122 1766 1316 1818 χεγραμμέ-

1385 1633 1525 1672 tempus
1556 1630 1674 1663 aetate
1705 1629 1881 1663 minorum
1910 1628 1947 1663 in
1978 1627 2256 1674 quinquennium
2286 1627 2324 1662 in
2354 1636 2457 1673 prae-

1387 1673 1478 1708 senti
1501 1673 1718 1709 decrevimus
1740 1673 1836 1717 lege,
1866 1673 1927 1708 illo
1957 1673 2120 1709 videlicet
2141 1683 2215 1710 non
2236 1674 2458 1708 numeratam

1386 1718 1572 1763 pecuniam
1603 1718 1778 1754 obiciente
1801 1718 1861 1763 qui
1884 1718 2038 1763 scriptus
2061 1718 2172 1754 fuerit
2194 1719 2314 1754 dotem
2337 1725 2458 1753 susce-

1386 1764 1492 1808 pisse,
1517 1768 1552 1799 et
1576 1763 1770 1799 seeundum
1794 1773 1860 1798 sua
1879 1768 2049 1809 tempora,
2073 1765 2146 1799 sive
2165 1763 2346 1809 perfectae
2360 1763 2458 1797 aeta·

239 1818 301 1860 νος
315 1820 367 1850 ειη
384 1807 455 1846 τὴν
470 1810 602 1853 προῖκα
618 1804 875 1860 ὑποδέχεσθαι.
891 1811 951 1841 καὶ
966 1821 1060 1842 κατα
1076 1819 1158 1842 τους
1172 1809 1318 1843 οἰκείους
1330 1810 1373 1843 35
1386 1809 1431 1844 tis
1463 1808 1509 1844 sit
1540 1809 1614 1845 sive
1643 1809 1786 1844 minoris
1796 1834 1805 1850 ,
1838 1818 1948 1844 causa
1969 1808 2172 1845 iudicanda.
2218 1808 2368 1844 Valente
2389 1807 2455 1842 hac

241 1864 404 1897 χρονους,
437 1852 507 1886 εἴτε
532 1850 661 1886 τέλειος
685 1854 737 1895 εἰη
761 1853 832 1886 εἴτε
855 1849 997 1896 ἀτελής,
1020 1854 1084 1887 τοῦ
1109 1853 1318 1899 πράγματος

306 1956 333 1975 c.
357 1943 402 1976 ΙΙ
422 1938 501 1976 “’οτι
524 1942 609 1976 εἵσω
632 1928 705 1986 μὲν.
725 1940 857 1977 διετίας
880 1962 923 1968 —
947 1945 1050 1985 487‚1
1074 1947 1283 1989 κρινομένου
1308 1958 1347 1978 εει·
1369 1945 1406 1978 Β
1430 1946 1525 1978 habet
1549 1945 1597 1978 B·
1620 1946 1659 1977 A
1683 1945 1738 1987 39,
1762 1953 1790 1979 11
1811 1958 1847 1988 p.
1872 1946 1915 1979 68
1939 1945 2044 1979 Zach.
2067 1963 2112 1969 —
2134 1944 2350 1978 Summarum·
2373 1950 2460 1977 extat

239 1985 330 2021 Ῥοπ.
358 1989 469 2033 25,11,
495 1996 712 2032 arqumentum
737 1990 812 2027 486,
832 1996 898 2022 4-7
925 1991 967 2023 ib.
995 1991 1045 2031 15,
1063 1997 1079 2023 6
1106 1991 1176 2031 (ubi
1197 2003 1279 2023 corr.
1303 1987 1326 2032 ἡ
1349 1989 1380 2034 ρ’
1406 1987 1517 2035 νεαρά
1537 2003 1600 2032 pro
1623 1986 1646 2031 ἦ
1669 1987 1700 2032 η’
1725 1988 1859 2035 νεαρά).

360 2088 406 2124 11.
459 2087 504 2123 Ut
524 2088 638 2134 iqitur
658 2089 789 2134 paucis
812 2088 1165 2135 comprehendamus,
1195 2089 1424 2124 matrimonio
1449 2090 1548 2124 intra
1572 2088 1751 2125 biennium
1772 2089 1892 2125 soluto
1914 2090 1987 2125 sive
2009 2093 2124 2126 morte
2145 2089 2220 2126 sive
2241 2101 2263 2125 r
2308 2088 2395 2126 adio
2423 2094 2459 2126 et
2519 2119 2522 2122 .

239 2134 310 2179 ipsi
329 2134 460 2168 marito
480 2133 525 2168 de
541 2144 613 2168 non
629 2138 818 2169 nmnerata
833 2135 993 2185 pecunia
1013 2133 1116 2179 queri
1139 2133 1222 2169 licet
1244 2138 1279 2169 et
1303 2133 1426 2170 heredi
1444 2135 1521 2170 eius
1538 2135 1635 2169 intra
1654 2133 1808 2170 alterum
1823 2145 1966 2170 annum.

239 2190 353 2225 usque
376 2178 426 2214 ad
448 2178 567 2214 decem
591 2189 708 2213 annos
730 2180 998 2214 matrimonium
1021 2178 1251 2221 extendatur,
1275 2180 1407 2215 marito

498 2225 703 2259 raeterierit
725 2223 944 2266 decennium,
970 2231 1044 2260 tum
1067 2234 1182 2270 neque
1205 2224 1261 2260 vir
1283 2235 1398 2270 neque

240 2269 382 2305 mulieri
403 2280 446 2304 su
466 2269 577 2313 ficiat.
625 2271 741 2314 Atque
763 2269 796 2304 si
819 2270 971 2305 maritus
993 2269 1111 2304 minor
1132 2269 1182 2304 sit
1204 2274 1241 2305 et
1262 2280 1336 2305 non
1360 2274 1506 2316 questus
1524 2271 1583 2311 sit,
1611 2274 1748 2305 tantum
1772 2269 1822 2305 ad
1837 2271 2098 2306 restitutionem
2112 2270 2146 2307 ei
2166 2274 2234 2307 tem

240 2223 305 2259 Sin
329 2229 448 2259 autem

2012 2133 2151 2178 Quodsi
2164 2135 2263 2170 ultra
2302 2134 2458 2171 iennium

1458 2179 1614 2215 uerelam
1638 2179 1766 2215 damus
1787 2179 1935 2226 eiusque
1957 2179 2081 2216 heredi
2102 2181 2201 2217 intra
2221 2184 2294 2216 tres
2311 2189 2458 2216 utentes.

2320 2269 2459 2322 damus,

241 2320 280 2350 ut
311 2325 385 2349 non
415 2313 570 2350 excedat
597 2313 784 2349 duodecim
816 2325 931 2350 annos
962 2325 986 2350 a
1018 2318 1177 2360 tempore
1206 2314 1426 2366 nuptiarum.
1475 2314 1615 2350 Scimus
1645 2316 1738 2351 enim
1766 2326 1829 2351 eos
1859 2315 1923 2362 qui
1948 2319 2088 2352 mature
2117 2315 2221 2352 admo
2248 2327 2307 2352 um
2335 2318 2459 2351 matru-
2515 2343 2518 2347 ,

1478 2224 1570 2260 edes
1592 2224 1669 2260 eius
1692 2224 1840 2271 querela
1863 2228 2019 2267 utentur,
2049 2235 2130 2261 cum
2155 2231 2294 2272 tempus
2315 2235 2458 2262 omnmo
2519 2248 2523 2249 ν

240 2359 399 2395 monium
430 2358 668 2401 contrahunt,
700 2370 774 2394 non
802 2360 959 2395 minores
987 2359 1190 2406 quindecim
1222 2370 1330 2395 annis
1360 2360 1410 2395 ad
1440 2359 1509 2396 hoc
1538 2361 1677 2396 venire:
1711 2361 1834 2406 itaque
1856 2364 1894 2396 et
1915 2371 2048 2396 annum
2071 2362 2273 2397 vicesimum
2296 2360 2459 2406 quintum
2515 2357 2518 2362 ’

240 2404 426 2451 superabit
441 2409 476 2440 et
491 2404 590 2439 intra
609 2405 811 2440 vicesimum
833 2406 1022 2451 septimum
1045 2404 1090 2440 de
1113 2404 1196 2440 dote
1218 2415 1294 2440 non
1317 2410 1506 2441 numerata
1530 2406 1636 2452 queri
1652 2407 1802 2451 poterit.
1838 2405 2022 2457 Defuncto
2039 2410 2158 2443 autem
2175 2410 2219 2442 eo
2236 2406 2335 2442 intra
2347 2415 2459 2453 μναι-
2509 2442 2511 2447 ,

241 2452 260 2485 1
306 2449 439 2485 dictum
463 2453 603 2494 tempus
626 2449 773 2485 heredes
797 2461 930 2485 annum
953 2449 1004 2486 ad
1025 2449 1207 2495 querelam
1231 2449 1397 2486 habeant.
1476 2449 1518 2486 Si
1541 2455 1660 2486 autem
1682 2450 1839 2487 minores
1861 2455 1936 2486 smt
1958 2450 2105 2487 heredes
2128 2451 2204 2487 eius
2227 2451 2291 2497 qui
2313 2453 2460 2498 questus
2508 2486 2511 2489 Α

242 2506 316 2530 non
340 2499 404 2535 est,
429 2494 503 2529 sive
527 2496 557 2529 is
581 2495 698 2529 maior
720 2495 794 2530 sive
816 2494 936 2530 minor
957 2496 1082 2540 suerit,
1108 2496 1390 2541 quinquennium
1414 2494 1572 2532 habeant
1593 2495 1710 2531 sotum
1733 2495 1783 2531 ad
1804 2495 2014 2532 movendam
2037 2496 2219 2542 querelam
2242 2506 2317 2532 non
2339 2506 2459 2533 num&

242 2544 344 2575 ratae
366 2540 552 2585 pecuniae,
578 2544 687 2585 atque
710 2540 749 2574 id
773 2545 911 2586 tempus
932 2541 1098 2586 sufficiat
1120 2551 1206 2576 neve
1229 2540 1418 2576 decursum
1443 2541 1599 2576 omnium
1624 2545 1822 2587 temporum
1844 2541 2021 2576 minorum
2043 2545 2219 2588 expectet.
2264 2539 2372 2584 Quod
2391 2548 2471 2577 nos·
2510 2543 2514 2548 “

243 2584 292 2619 ad
315 2588 545 2630 praesentem
577 2584 689 2630 leqem
719 2586 844 2620 movit:
877 2585 1026 2621 muliere
1056 2585 1150 2620 enim
1181 2585 1468 2631 quattuordecim
1499 2596 1616 2621 annos
1645 2590 1761 2632 nupta
1790 2591 1877 2632 post
1906 2586 2107 2622 vicesimum
2131 2596 2264 2622 annum
2293 2597 2318 2622 a
2344 2589 2462 2623 morte

238 2630 360 2675 patris
390 2629 523 2664 abusus
554 2634 671 2665 aetate
701 2630 834 2665 minori
865 2630 996 2676 aqebat
1025 2630 1157 2675 aliquis
1189 2635 1319 2667 eontra
1340 2636 1508 2673 matrem,
1540 2642 1615 2667 non
1637 2636 1846 2667 numeratae
1870 2631 2052 2677 pecuniae
2072 2630 2250 2668 rationem
2273 2641 2320 2678 op
2348 2639 2461 2669 onem

239 2678 328 2720 post
350 2678 520 2719 quartum
542 2678 577 2709 et
602 2674 816 2709 tricesimum
841 2686 974 2710 annum
998 2675 1229 2711 matrimonii.
1276 2674 1384 2718 Quod
1404 2686 1473 2711 nos
1494 2676 1698 2712 iudicantes
1718 2676 1936 2719 sanavimus,
1960 2681 2068 2722 atque
2091 2676 2135 2712 ob
2157 2676 2293 2712 eiusmo
2319 2687 2330 2711 ι
2354 2685 2461 2712 casus

243 2720 350 2754 etiam
367 2722 503 2764 tempus
519 2719 697 2754 minorum
721 2719 771 2754 ad
784 2720 1068 2765 quinquennium
1084 2721 1122 2755 in
1133 2721 1320 2766 praesenti
1340 2720 1418 2766 leqe
1434 2720 1677 2766 definivimus:
1702 2725 1745 2756 ut
1763 2721 1794 2756 is
1808 2721 1945 2757 scilicet
1967 2732 2041 2756 non
2056 2726 2265 2757 numeratae
2279 2720 2461 2768 pecuniae

244 2763 491 2809 exceptionem
511 2769 673 2809 opponat
696 2764 759 2809 qui
777 2765 892 2800 dotem
911 2765 1092 2811 accepisse
1114 2765 1274 2811 scriptus
1289 2766 1348 2807 sit,
1371 2771 1408 2801 et
1422 2765 1614 2802 secundum
1636 2767 1750 2812 ipsius
1768 2771 1940 2812 tempora,
1964 2766 2038 2802 sive
2052 2766 2171 2802 maior
2186 2770 2304 2802 aetate
2317 2765 2368 2804 sit
2387 2765 2460 2802 sive
2499 2791 2502 2798 Δ

306 2880 321 2910 1
350 2874 547 2909 Συνελόντι
574 2877 767 2910 Hatoander
791 2880 859 2910 sine
883 2891 984 2911 causa
1011 2878 1024 2921 ΙΙ
1057 2880 1076 2913 3
1099 2877 1146 2911 τὰ
1172 2891 1240 2910 om..
1255 2879 1287 2911 L
1310 2878 1322 2920 ΙΙ

244 2924 326 2966 περὶ
351 2934 408 2955 om.
428 2922 472 2954 B⁸
490 2922 501 2964 ΙΙ
519 2923 539 2954 ὃ
563 2921 690 2963 μηνῶν
708 2921 805 2962 εἴσω]
830 2922 915 2955 εἴσω
934 2922 1062 2966 μηνῶν
1086 2922 1184 2963 (εἴσω
1203 2923 1322 2967 ἑτέρου

244 2966 409 3001 ἐνιαυτοῦ
424 2967 486 3007 La)
512 2966 542 2998 L
560 2966 572 3009 ΙΙ
592 2970 609 3000 7
634 2964 853 3012 παραδράμῃ
872 2968 919 3000 B*
933 2980 963 3000 υ.
980 2969 998 3001 l.
1025 2964 1225 3013 περιδράμῃ
1252 2968 1296 3001 13¹
1311 2968 1323 3012 ss

245 3008 358 3046 *οὐδὲ
382 3031 423 3035 -
449 3007 533 3044 οὐδὲ
557 3013 633 3045 libri
648 3012 660 3054 ΙΙ
686 3015 705 3045 8
731 3010 972 3056 κληρονόμοις]
997 3015 1070 3045 τοῖς
1093 3011 1323 3055 κληρονόμοις

250 3057 541 3096 CGEHeimbuch,
565 3058 625 3101 set]
647 3060 688 3099 cf.
713 3058 787 3089 Am.
815 3058 896 3102 2312ss
920 3060 939 3091 9
964 3057 1054 3101 πρὸς
1078 3053 1178 3097 ἅπαξ
1203 3058 1322 3091 MLB¹

245 3104 287 3135 ad
310 3102 420 3135 omnia
444 3114 463 3138 ς
481 3100 494 3143 ΙΙ
512 3103 551 3135 10
576 3103 641 3134 οὐν
666 3114 723 3134 om.
742 3101 792 3134 B!
812 3102 824 3145 ΙΙ
847 3103 868 3147 ᾐ
887 3103 969 3143 ML]
993 3102 1045 3144 εἴη
1064 3103 1098 3135 Β
1115 3103 1127 3145 ΙΙ
1143 3105 1323 3147 μέμψεται

246 3147 339 3182 LB¹⁸
363 3147 376 3191 ΙΙ
401 3149 441 3181 12
466 3143 700 3191 ὑπερβαίνειν
724 3147 774 3179 Β*
797 3147 810 3189 ΙΙ
843 3149 882 3181 13
906 3145 1218 3180 συναλλάσσοντας
1242 3148 1290 3180 13⁸
1311 3147 1323 3191 11

244 3190 374 3239 γάμων
387 3193 418 3225 L
441 3188 572 3237 γάμους
589 3192 635 3224 B⁸
652 3191 664 3234 ss
684 3193 724 3225 14
738 3188 1005 3232 πεντεκαίδεκα]
1025 3190 1071 3234 ιβ’
1087 3192 1137 3225 L⁰
1155 3192 1167 3230 ΙΙ
1187 3194 1226 3225 15
1243 3192 1322 3225 τοῦ·

247 3251 311 3272 τον
336 3238 383 3271 Β’
400 3237 413 3280 ΙΙ
437 3232 532 3270 ὥστε
555 3238 626 3277 καὶ]
651 3238 710 3268 καὶ
734 3249 791 3270 om.
807 3237 853 3269 Β(
862 3249 880 3272 ς
896 3239 907 3279 ΙΙ
930 3239 969 3270 16
994 3233 1107 3270 δυνατ
1135 3238 1180 3269 L¹
1205 3235 1323 3277 (δυνα-

245 3283 313 3317 τὸν
339 3283 544 3323 Haloander)
561 3282 573 3325 ΙΙ
604 3283 645 3316 19
668 3281 735 3324 τὴν
760 3295 816 3314 om.
833 3282 880 3314 B·
893 3294 922 3314 υ.
940 3283 959 3314 Ι.
990 3284 1002 3324 ΙΙ
1030 3283 1072 3315 22
1096 3282 1140 3327 τῇ
1165 3295 1222 3314 om.
1247 3283 1277 3315 L
1312 3281 1324 3325 ΙΙ

247 3331 289 3362 24
305 3328 393 3368 τῶν]
417 3327 470 3361 τῶ
484 3326 531 3360 B‘
548 3327 560 3370 ΙΙ
576 3322 668 3372 ὅπερ
682 3345 720 3351 -·
736 3328 777 3361 33
791 3323 904 3370 νόμου
921 3340 978 3359 om.
994 3327 1041 3359 B⁸
1059 3326 1072 3370 ΙΙ
1098 3328 1139 3360 26
1151 3328 1324 3370 τέταρτον

246 3377 305 3407 καὶ
329 3371 480 3406 δέκατον
504 3371 674 3406 ἐνιαυτὸν
690 3372 748 3413 El,
773 3368 1143 3418 τεσσαρεςκαιδεκάτῳ
1169 3372 1322 3413 ἐνιαυτῷ

246 3421 301 3461 (qs.
320 3422 351 3461 ς)
374 3419 464 3451 malit
480 3418 667 3451 Zachariae
682 3417 695 3461 ΙΙ
715 3419 755 3451 27
774 3420 878 3451 verbis
900 3416 990 3461 μετὰ
1009 3414 1173 3449 εἰκοστὸν
1194 3417 1271 3449 ἔτος
1295 3425 1324 3449 et

247 3466 289 3498 28
314 3462 406 3497 κατὰ
430 3463 493 3505 τῆς
514 3462 649 3506 μητρὸς
672 3471 794 3505 puncta
817 3465 959 3496 subiecta
983 3475 1049 3495 esse
1072 3464 1103 3494 in
1129 3460 1176 3495 Μ
1193 3469 1323 3495 testatur

247 3509 435 3541 Zachariae
447 3510 530 3551 (ipse
543 3510 625 3542 nihil
637 3510 759 3546 notavi)
770 3507 781 3551 Η
798 3509 840 3541 28
855 3504 1106 3553 ἀφηλικιότητι
1120 3507 1321 3549 Haloander,

249 3554 299 3586 Bt
314 3553 326 3596 ιι
344 3555 386 3587 29
404 3549 569 3586 ἀντιθεὶς
585 3553 636 3586 Bt
650 3554 662 3596 ιι
680 3555 718 3587 3ι
743 3550 948 3594 δικάζοντος
965 3553 1014 3585 La
1030 3553 1041 3595 ιι
1059 3553 1103 3585 33
1123 3549 1238 3594 νόμον
1257 3552 1289 3585 L
1312 3552 1324 3595 ιι

249 3599 381 3632 ἐκείνου
407 3601 438 3631 in
457 3600 553 3632 litura
571 3600 602 3632 L
627 3599 639 3642 ss
666 3600 707 3633 35
732 3595 985 3639 ὑποδέξασθαι
1009 3598 1098 3631 malit
1118 3597 1323 3631 CGEHeim-

251 3645 329 3676 bach
353 3646 408 3686 (cs.
426 3646 457 3685 ς)

1447 2882 1462 2913 1
1490 2879 1665 2912 dicendum
1678 2879 1739 2920 ΕΙ]
1764 2879 1940 2912 dicendum
1960 2882 2010 2913 est
2029 2879 2245 2925 R²VTvu19.
2270 2881 2367 2922 (unde
2382 2880 2404 2915 3
2417 2878 2460 2915 li-

1390 2934 1462 2957 cere
1485 2925 1584 2967 vulq.)
1601 2924 1614 2967 11
1631 2923 1719 2956 inter
1746 2925 1779 2958 Τ
1795 2926 1891 2964 (idem
1907 2938 1935 2958 v.
1950 2927 1981 2959 4.
2001 2927 2052 2959 10.
2069 2926 2122 2967 16)
2139 2924 2152 2970 ΙΙ
2169 2926 2190 2960 2
2216 2924 2352 2958 uoluta
2377 2924 2428 2960 Τ*
2446 2922 2462 2970 ΙΙ

1391 2970 1410 3002 3
1435 2970 1507 3011 ipso
1529 2969 1692 3010 RV¹T21
1716 2968 1782 3011 ipsi
1804 2968 1851 3002 1⁷³
1862 2969 1910 3002 T²
1923 2971 2007 3013 ναῖς.
2034 2968 2048 3014 ΙΙ
2076 2970 2208 3011 marito]
2231 2969 2370 3013 repudio
2392 2975 2461 3004 m

1390 3014 1456 3046 rito
1480 3013 1532 3046 Η*
1549 3013 1562 3055 ΙΙ
1584 3024 1652 3046 non
1676 3026 1734 3047 om.
1756 3014 1834 3057 V¹fl
1863 3015 1883 3048 5
1907 3014 2017 3047 decem
2039 3016 2155 3055 annos]
2179 3014 2374 3048 decennium
2399 3015 2433 3049 Τ
2447 3012 2479 3060 Ι

1391 3058 1646 3091 extenderentur
1672 3058 1723 3091 Τι
1739 3058 1752 3102 ΙΙ
1777 3059 1797 3092 6
1821 3060 1854 3091 et
1878 3072 1935 3092 ora.
1958 3059 2005 3092 13¹
2024 3058 2123 3103 ”eius
2147 3059 2259 3093 heredi
2284 3059 2342 3104 Τῇ
2358 3061 2379 3095 8
2402 3070 2481 3097 ποτ’

1391 3113 1455 3145 que
1476 3103 1547 3135 eius
1569 3103 1610 3135 ab
1635 3102 1690 3144 (ab
1714 3104 1775 3136 del.
1791 3102 1852 3145 1¹²)
1876 3103 2052 3136 heredibus
2080 3104 2114 3137 T
2128 3103 2141 3147 ΙΙ
2166 3105 2186 3138 9
2207 3104 2356 3138 εσθαι..
2380 3105 2429 3140 V*
2444 3101 2478 3151 st

1393 3151 1433 3182 10
1458 3151 1566 3180 tamen
1591 3147 1652 3191 ΕΙΙ
1677 3150 1715 3181 11
1742 3148 1777 3180 in
1801 3160 1858 3180 om.
1874 3148 1929 3192 Tss
1957 3149 1997 3183 12
2015 3159 2083 3182 non
2109 3150 2315 3194 add-vulgali
2342 3151 2382 3185 13
2404 3158 2470 3189 001·
2496 3184 2500 3188 ,

1392 3193 1480 3226 enim
1499 3191 1549 3236 VH
1559 3191 1657 3225 titius
1675 3192 1730 3235 Vll
1750 3194 1790 3226 14
1802 3192 1946 3225 minores
1958 3196 2042 3235 vulq.
2055 3192 2067 3237 Η
2080 3195 2123 3228 16
2135 3194 2305 3237 possibilis
2323 3195 2366 3237 V]
2384 3204 2461 3239 po·-
2478 3219 2495 3230 ,-

1390 3238 1485 3271 sibile
1497 3237 1656 3281 RTvuly.
1676 3238 1688 3279 ΙΙ
1703 3237 1878 3279 septimum
1891 3239 1923 3270 R
1934 3238 1979 3279 V]
1992 3239 2167 3282 septimum
2178 3250 2303 3273 annum
2319 3236 2474 3319 Tnffl

1390 3283 1430 3315 de
1454 3283 1533 3323 non]
1557 3281 1675 3315 deinde
1702 3281 1783 3325 T⁰ss
1810 3284 1848 3316 18
1872 3283 1944 3315 int·
1972 3283 2022 3317 Τ1
2042 3284 2053 3325 ΙΙ
2077 3285 2119 3318 20
2143 3283 2195 3317 sin
2216 3285 2274 3327 VR
2297 3287 2338 3320 21
2362 3294 2384 3328 q
2479 3318 2482 3319 γ

1391 3338 1454 3369 que
1477 3328 1566 3368 RV]
1590 3340 1648 3361 om.
1667 3327 1714 3360 Τι
1737 3327 2004 3368 quinquennium
2030 3329 2177 3373 T²vuly.
2195 3329 2208 3373 ΙΙ
2232 3329 2352 3364 habeat
2375 3329 2430 3364 T¹
2439 3324 2462 3375 Ι

1392 3374 1432 3406 23
1458 3383 1524 3405 non
1549 3385 1606 3405 om.
1623 3372 1655 3405 Τ
1663 3372 1674 3393 ²
1691 3372 1703 3415 Ι
1729 3373 1771 3406 24
1786 3375 1982 3415 temporum]
2008 3374 2156 3417 ipsorum
2176 3374 2284 3418 VT¹fl
2307 3374 2349 3408 ad
2366 3379 2460 3418 pnn-

1390 3420 1526 3459 sentem]
1551 3417 1718 3451 absentem
1738 3417 1785 3450 R¹
1803 3419 1816 3461 fl
1832 3419 1874 3451 25
1898 3419 2048 3460 muliere]
2073 3419 2115 3452 al.
2140 3419 2261 3453 mulier
2282 3414 2462 3465 qim-T!
2496 3425 2499 3431 ²

1391 3476 1508 3515 quarta
1523 3474 1571 3507 Β*
1586 3473 1598 3518 ΙΙ
1617 3474 1755 3515 decimo]
1774 3462 1882 3508 nmo
1901 3474 1947 3506 Τι
1964 3474 1977 3519 ΙΙ
1996 3476 2039 3509 26
2055 3478 2159 3508 morte
2177 3475 2224 3509 Τ1
2242 3475 2256 3519 ΙΙ
2273 3476 2316 3510 27
2328 3474 2459 3518 quidm

1393 3520 1499 3559 R²T11
1525 3521 1566 3554 28
1591 3522 1665 3562 post
1689 3532 1747 3552 om.
1770 3519 1824 3562 Vn
1850 3522 2010 3561 quantum
2032 3520 2088 3564 Vn
2113 3522 2155 3555 29
2178 3530 2302 3554 annum
2325 3516 2458 3563 nuptia·-

1391 3575 1463 3597 rum
1492 3565 1522 3597 Τ
1545 3564 1557 3608 ΙΙ
1587 3575 1648 3597 nos
1672 3577 1729 3598 om.
1759 3564 1792 3598 V
1815 3563 1828 3608 ΙΙ
1856 3566 1896 3599 33
1922 3566 2096 3608 suscipisse
2126 3565 2178 3598 V⁶
2205 3565 2218 3609 Ι
2245 3566 2290 3599 34
2313 3567 2458 3609 tempor·
2505 3588 2507 3590 v

1393 3622 1450 3642 om.
1474 3609 1530 3653 Vl}
1552 3612 1594 3644 35
1618 3609 1739 3642 minori
1762 3609 1812 3642 R*
1830 3610 1842 3655 fl
1858 3611 1965 3653 causa]
1990 3610 2033 3645 sit
2055 3621 2152 3644 eausa
2175 3610 2267 3645 R⁰V
