2476 3854
115 84 407 119 CONSTI'I'UTIO
435 86 668 120 PRAGMATI
672 88 729 120 CA

1191 72 1274 120 802

1874 150 1889 157 δ
1932 83 2040 139 App.
2057 84 2135 128 vu
2164 88 2328 129 20—27

113 194 156 221 eo
184 184 244 230 qui
275 185 498 231 dispendium
528 186 671 229 aliquod
703 195 768 229 pro
800 185 998 237 mutatione
1031 185 1227 237 solidorum
1250 185 1383 222 inferre
1404 189 1695 233 praesumpserit,
1719 199 1785 234 pro
1808 201 2023 237 unoquoque
2042 193 2158 230 solido
2182 195 2332 231 alterum

111 232 249 265 tantum
279 230 323 271 ei,
356 242 436 266 cum
469 241 538 275 quo
562 231 791 272 contraxerit,
815 229 1001 265 inferente.
1049 230 1130 266 Dat.
1156 231 1203 266 id.
1228 231 1319 276 Aug.
1346 231 1416 267 GP.
1439 233 1523 278 imp.
1549 234 1607 270 dn.
1632 234 1820 270 Iustiniani
1842 246 1904 282 pp.
1929 238 2020 282 Aug.
2045 247 2140 274 anno
2163 239 2330 277 XXVIII.

113 285 169 319 pc.
192 275 318 312 Basilii
341 287 393 311 vc.
418 286 511 310 anno
537 274 634 309 XIII.

2168 287 2214 327 [a.
2236 288 2331 328 554]

110 354 159 390 21
272 353 329 390 Ut
351 354 498 398 pretio
523 353 796 389 satisfaciat
819 353 871 389 de
897 363 979 398 quo
1002 353 1113 390 tulit
1137 355 1245 399 quis.
1293 355 1331 390 Si
1355 356 1435 401 quis
1459 357 1564 392 etiam
1589 357 1632 393 de
1654 358 1762 394 rebus
1785 359 2024 397 immobilibus
2048 361 2094 397 ad
2117 361 2226 398 alium
2275 373 2329 400 er-

109 398 305 433 tinentibus
337 398 491 443 aliquem
524 404 687 434 ornatum
712 399 766 434 vel
790 400 974 434 materiam
997 399 1187 435 abstulisse
1210 400 1421 443 inveniatur,
1445 403 1557 438 modis
1582 403 1746 439 omnibus
1769 405 1968 448 restituere,
1993 406 2048 442 vel
2073 407 2104 442 si
2126 407 2197 442 iam
2222 418 2244 443 a
2259 408 2328 445 icui
2353 413 2373 445 5

109 443 271 479 iniuncta
301 443 373 478 siut
403 444 582 486 aedificio,
613 444 730 488 pretio
763 444 974 480 satislacere
1006 447 1197 487 coartetur,
1232 447 1272 481 ut
1301 446 1456 490 undique
1486 452 1691 483 nostrarum
1721 448 1837 493 legum
1870 455 2098 487 conservetur
2121 455 2328 490 auctoritas.

110 489 353 523 Instrumenta
385 491 502 532 etiam,
536 498 627 533 quae
657 489 703 523 ad
737 489 827 525 alios
852 489 1066 534 pertinentia
1089 489 1182 525 forte
1205 491 1252 526 ab
1276 491 1355 526 aliis
1380 492 1593 535 detinentur,
1616 493 1795 538 prioribus
1820 494 1971 531 dominis
1994 495 2154 532 iubemus
2177 498 2330 542 restitui,

110 536 150 568 ut
181 543 302 568 omnes
333 533 488 578 undique
520 538 721 569 nostrarum
751 534 868 578 legum
900 535 1075 569 adiutorio
1106 535 1299 579 potiantur.
1348 536 1386 571 Si
1418 547 1500 572 vero
1530 538 1802 574 instrumentum
1834 539 1971 584 perisse
1992 540 2204 585 inveniatur,
2229 543 2330 580 cuius

109 580 288 622 exemplar
320 579 417 623 apud
440 580 591 614 alterum
614 579 802 622 invenitur,
837 582 963 624 utpote
986 579 1126 615 duobus
1150 580 1294 625 scriptis
1318 581 1546 626 authentIcis,
1570 586 1679 628 prout
1701 584 1739 619 in
1760 586 2005 621 contractibus
2029 586 2172 622 solitum
2196 592 2260 630 est,
2285 598 2330 624 ex

108 633 174 663 eo,
206 623 302 667 quod
333 623 429 668 apud
460 628 599 668 partem
630 624 779 659 alteram
811 625 1006 667 invenitur,
1035 625 1134 660 aliud
1167 626 1348 661 conscribi
1377 626 1539 663 iubemus
1570 631 1608 663 et
1634 630 1727 673 parti
1752 629 1841 674 dari,
1874 630 1975 666 cuius
1996 630 2067 666 iam
2090 631 2329 668 instrumenta
2357 637 2396 670 10

107 667 302 721 perierunt,
326 672 366 703 ut
390 671 651 721 competentem
674 671 788 714 possit
810 670 942 704 habere
966 670 1153 706 cautelam.
1202 671 1272 706 Sed
1297 674 1333 706 et
1357 671 1388 706 si
1412 673 1491 717 quis
1516 673 1789 709 instrumentum
1812 675 1965 711 alienum
1988 676 2061 711 sive
2083 676 2159 721 ipse
2174 677 2329 715 tollendo

107 723 181 749 slve
214 723 438 767 quocumque
470 724 556 750 casu
587 715 798 766 inveniendo
828 715 1046 767 malignitate
1069 717 1123 751 vel
1146 715 1306 751 incendit
1330 717 1384 752 vel
1408 718 1599 754 abscondit
1622 722 1686 753 aut
1711 719 1871 764 corrupit
1894 724 1958 755 aut
1982 731 2204 767 quocumque
2223 723 2328 759 modo

106 758 239 794 habere
269 757 424 800 desierit,
457 762 544 795 tuuc
576 765 700 804 quanti
732 760 880 795 interest
900 770 988 803 elus,
1016 759 1063 796 ad
1086 760 1188 797 cuius
1210 761 1292 797 iura
1314 761 1551 798 instrumenta
1570 762 1812 808 pertinebunt,
1831 765 1862 800 is
1888 765 1949 809 qui
1972 765 2092 801 dolum
2113 765 2201 802 fecit
2224 768 2328 804 satis-

106 802 227 839 facere
251 804 487 848 compellitur.
535 804 621 841 Dat.
646 804 705 840 die
728 815 824 841 anno
850 807 886 841 et
909 815 1006 841 cons.
1030 815 1077 841 ss.

105 882 154 919 22
268 882 326 918 Ut
356 893 538 920 annona
568 883 860 919 ministretur
883 883 1077 920 medicis
1102 886 1148 920 et
1171 885 1382 922 diversis.
1429 886 1620 922 Annonam
1644 886 1761 930 etiam,
1786 896 1892 932 quam
1916 890 1953 922 et
1977 887 2220 926 Theodoricus
2244 890 2329 928 dare
2357 895 2395 928 15

105 927 231 963 solitus
263 930 341 963 erat
370 932 407 964 et
436 939 501 965 nos
532 928 639 964 etiam
662 929 835 965 Romanis
863 929 1086 974 indulsimus,
1118 930 1155 964 in
1180 935 1362 976 posterum
1395 931 1501 966 etiam
1536 932 1612 968 dari
1634 932 1884 978 praecipimus,
1909 932 2004 968 sicut
2026 934 2133 969 etiam
2157 945 2331 982 annonas,

106 983 197 1018 quae
226 974 467 1017 grammaticis
498 984 542 1009 ac
573 974 776 1010 oratoribus
808 975 862 1010 vel
895 974 1002 1010 etiam
1034 974 1179 1010 medicis
1203 976 1257 1011 vel
1280 976 1494 1021 iurisperitis
1513 980 1620 1012 antea
1642 977 1720 1012 dari
1743 977 1887 1013 solitum
1911 981 2001 1019 erat,
2027 981 2064 1014 et
2087 980 2123 1014 in
2173 984 2330 1018 osterum

105 1028 208 1054 suam
240 1019 498 1063 professionem
531 1019 670 1055 scilicet
702 1019 951 1056 exercentibus
978 1020 1119 1064 erogari
1150 1020 1401 1066 praecipimus,
1434 1024 1610 1066 quatenus
1642 1022 1786 1058 iuvenes
1816 1022 2022 1059 liberalibus
2053 1024 2179 1061 studiis
2203 1026 2331 1062 eruditi

103 1073 168 1109 per
191 1065 351 1100 nostram
373 1064 630 1110 rempublicam
648 1064 811 1102 floreant.
859 1065 943 1100 Dat.
967 1065 1025 1100 die
1049 1075 1143 1101 anno
1167 1068 1205 1101 et
1228 1075 1324 1102 cons.
1350 1077 1396 1102 ss.

103 1142 155 1179 23
268 1142 323 1178 Ut
347 1143 699 1180 civiliter'inter
722 1154 769 1180 se
792 1154 963 1180 causas
994 1144 1196 1180 audiant.
1243 1144 1344 1181 Lites
1368 1145 1477 1181 etiam
1498 1146 1593 1182 inter
1616 1146 1704 1182 duos
1728 1147 1962 1192 procedentes
1986 1147 2167 1185 Romanos
2189 1150 2244 1186 vel
2267 1151 2329 1187 ubi
2353 1153 2396 1186 20

103 1188 267 1223 Romana
295 1197 451 1233 persona
480 1190 655 1234 pulsatur,
688 1199 753 1234 per
781 1189 899 1224 civiles
930 1189 1067 1226 iudices
1097 1190 1256 1226 exerceri
1282 1189 1464 1233 iubemus,
1497 1201 1577 1227 cum
1607 1192 1740 1228 talibus
1772 1192 1922 1238 negotiis
1955 1193 2010 1229 vel
2043 1194 2161 1230 causis
2193 1195 2327 1232 iudices

102 1233 274 1269 militares
297 1233 493 1269 immiscere
513 1244 552 1269 se
576 1234 665 1270 ordo
689 1245 761 1270 non
785 1234 930 1279 patitur.
977 1235 1060 1271 Dat.
1083 1236 1138 1271 die
1161 1245 1256 1271 anno
1278 1240 1315 1271 et
1337 1246 1434 1272 cons.
1457 1246 1503 1272 ss.

102 1312 153 1348 24
268 1311 298 1347 U
307 1315 323 1347 t
344 1323 410 1348 mu
418 1316 434 1347 t
443 1313 535 1349 atio
546 1325 568 1348 n
578 1324 598 1349 e
607 1324 624 1349 s
648 1314 694 1348 in
718 1324 735 1349 s
746 1325 769 1348 u
779 1324 800 1350 o
824 1325 841 1350 s
852 1316 898 1349 ta
906 1317 922 1348 t
930 1324 954 1349 u
975 1324 992 1350 s
1002 1317 1044 1349 te
1052 1325 1076 1349 n
1084 1316 1111 1350 t.
1160 1314 1227 1350 Rei
1247 1315 1415 1360 publicae
1437 1316 1719 1361 permutationes
1739 1316 1846 1351 etiam
1869 1316 1925 1352 vel
1947 1326 2025 1352 com
2051 1317 2230 1355 arationes
2255 1319 2329 1356 sive

104 1357 376 1403 competitiones
410 1369 490 1394 cum
523 1358 668 1403 publico
701 1359 817 1395 factas
848 1369 962 1403 usque
993 1360 1040 1396 ad
1061 1360 1251 1396 adventum
1274 1361 1470 1396 sceleratae
1491 1361 1682 1397 memoriae
1705 1361 1846 1398 Totilae
1867 1361 1905 1397 in
1929 1371 1996 1398 sua

2044 1362 2185 1399 rmitate
2209 1373 2326 1401 serva-

103 1412 192 1446 mus,
217 1403 248 1438 si
272 1405 391 1438 tamen
414 1403 505 1438 nulli
528 1404 663 1450 aliquid
687 1404 759 1440 alio
782 1404 982 1450 possidenti
1006 1404 1184 1450 competit.
1233 1405 1316 1441 Dat.
1341 1406 1398 1441 die
1417 1416 1512 1442 anno
1537 1410 1574 1441 et
1597 1416 1694 1442 cons.
1719 1416 1766 1442 ss.

102 1482 151 1519 25
266 1481 323 1517 Ut
353 1482 562 1518 fabricae
593 1483 812 1528 publicae
844 1487 1096 1519 serventur.
1145 1483 1430 1520 consuetudines
1464 1485 1570 1520 etiam
1602 1488 1638 1520 et
1668 1484 1852 1530 privilegia
1881 1485 2064 1521 Romanae
2095 1486 2250 1523 civitatis
2272 1489 2330 1524 vel

101 1526 326 1572 publicarum
350 1527 567 1563 fabricarum
590 1529 810 1573 reparationi
833 1529 888 1564 vel
912 1529 1012 1565 alveo
1030 1528 1199 1566 Tiberino
1224 1530 1278 1565 vel
1301 1530 1381 1566 foro
1405 1534 1470 1566 aut
1485 1530 1608 1575 portui
1624 1530 1786 1567 Romano
1811 1531 1884 1566 sive
1900 1531 2119 1576 reparationi
2133 1531 2328 1568 formarum

103 1582 275 1607 concessa
306 1572 440 1608 servari
470 1573 725 1618 praecipimus,
757 1574 810 1609 ita
841 1574 1014 1618 videlicet,
1047 1577 1088 1609 ut
1119 1584 1163 1610 ex
1194 1575 1306 1611 isdem
1339 1575 1587 1612 tantummodo
1610 1575 1734 1619 titulis,
1765 1585 1809 1612 ex
1832 1575 1962 1620 quibus
1987 1576 2150 1621 delegata
2172 1577 2328 1623 fuerunt,

102 1621 342 1663 praestentur.
390 1618 472 1653 Dat.
498 1618 555 1654 die
578 1628 672 1654 anno
696 1623 734 1655 et
757 1629 853 1655 cons.
875 1629 922 1655 ss.

101 1697 152 1734 26
266 1696 321 1732 Ut
350 1707 430 1741 per
461 1697 781 1741 negotiatores
813 1698 1127 1742 coemptiones
1156 1698 1290 1735 fiant.
1337 1699 1453 1745 Super
1482 1699 1572 1735 haec
1602 1698 1844 1743 cognovimus,
1876 1698 2063 1736 Calabriae
2091 1700 2147 1736 vel
2174 1701 2327 1747 Apuliae
2350 1705 2393 1738 30

103 1741 311 1787 provinciae
343 1743 612 1786 possessoribus
642 1753 709 1788 pro
741 1743 1025 1788 coemptionibus
1056 1753 1128 1779 non
1160 1744 1354 1780 inferendis
1388 1743 1715 1789 superindicticium
1747 1743 1891 1779 titulum
1918 1745 2123 1790 impositum
2152 1755 2230 1782 esse
2258 1757 2326 1792 pro

101 1796 316 1831 unaquaque
343 1787 503 1831 millena3
534 1786 629 1825 unde
658 1788 899 1832 coemptiones
924 1797 991 1832 per
1019 1788 1260 1832 negotiatores
1292 1788 1395 1824 annis
1420 1789 1568 1832 singulis
1596 1789 1765 1831 exerceri,
1797 1789 1834 1824 in
1857 1791 2038 1835 praesenti
2060 1801 2144 1827 vero
2168 1791 2326 1836 negotia·

106 1832 247 1867 toribus
272 1832 471 1877 specierum
496 1832 736 1876 coemptiones
760 1842 926 1868 recusare
950 1833 1208 1878 temptantibus
1232 1835 1305 1868 tam
1329 1833 1659 1878 superindicticium
1682 1833 1824 1868 titulum
1848 1844 1954 1878 quam
1978 1836 2212 1887 coemptionis
2235 1846 2326 1872 onus

101 1877 308 1922 provinciae
330 1878 600 1922 possessoribus
617 1877 818 1922 imminere3
844 1888 923 1913 cum
940 1878 1083 1914 abunde
1099 1881 1315 1915 mercatores
1333 1878 1416 1922 sint,
1435 1888 1502 1923 per
1524 1889 1614 1924 quos
1628 1878 1742 1923 possit
1758 1879 1916 1913 exerceri
1931 1882 2120 1924 coemptio,
2146 1881 2325 1916 sancimus

100 1917 340 1966 magnitudine
370 1925 434 1957 tua
464 1922 554 1958 haec
577 1923 814 1975 examinante,
846 1923 877 1959 si
907 1923 1077 1967 possibile
1108 1923 1157 1958 sit
1186 1933 1251 1968 per
1281 1924 1521 1968 negotiatores
1556 1923 1697 1977 species
1721 1925 1948 1967 comparatas
1971 1923 2109 1966 inferri,
2134 1925 2325 1961 collatores
2349 1929 2392 1962 35

100 1967 304 2012 provinciae
333 1967 537 2003 nullatenus
568 1977 811 2012 praegravari,
845 1978 926 2002 cum
958 1968 1248 2013 superindicticio
1279 1968 1384 2005 titulo
1416 1968 1526 2004 semel
1556 1978 1608 2004 eis
1638 1967 1804 2012 imposito
1833 1967 2066 2012 coemptionis
2096 1968 2204 2004 etiam
2235 1979 2326 2006 onus

100 2012 233 2048 inferre
257 2013 303 2048 sit
325 2012 553 2057 impossibile.
600 2012 682 2048 Dat.
708 2013 764 2049 die
787 2023 882 2049 anno
906 2017 942 2047 et
965 2023 1064 2049 cone.
1090 2023 1137 2049 ss.

99 2092 146 2127 27
259 2090 317 2128 Ut
347 2091 422 2136 qui
451 2091 689 2127 voluerint
717 2092 772 2126 ad
802 2091 1121 2135 praesentiam
1151 2090 1447 2136 imperatoris
1471 2089 1710 2134 navigare,
1743 2100 1830 2125 non
1853 2090 2174 2136 impediantur.
2221 2091 2327 2128 Viros

99 2137 210 2172 etiam
237 2136 510 2181 gloriosissimos
542 2146 585 2172 ac
616 2136 824 2181 magnificos
857 2140 1042 2172 senatores
1073 2136 1120 2172 ad
1151 2139 1314 2173 nostrum
1348 2135 1521 2172 accedere
1557 2136 1763 2171 comitatum
1798 2135 1957 2171 volentes
1991 2136 2068 2172 sine
2102 2146 2256 2182 quocum
2281 2146 2327 2173 ue

99 2182 352 2227 impedimento
377 2183 496 2217 venire
520 2182 758 2225 concedimus,
784 2182 924 2217 nemine
947 2181 1159 2227 prohibendi
1181 2192 1243 2218 eos
1267 2181 1435 2217 habituro
1459 2181 1651 2223 licentiam,
1669 2190 1716 2216 ne
1740 2181 1965 2216 senatoribus
1988 2181 2120 2217 nostris
2138 2181 2193 2217 vel
2215 2147 2325 2218 colla-
2349 2185 2393 2218 40

99 2227 237 2263 toribus
263 2226 404 2262 debitus
436 2227 602 2263 introitus
634 2226 894 2272 quodammodo
925 2227 1088 2262 videatur
1118 2227 1268 2263 excludi.
1317 2226 1388 2262 Sed
1420 2225 1526 2262 etiam
1549 2226 1596 2261 ad
1618 2225 1745 2260 ltaliae
1768 2225 1986 2278 provincIam
2011 2226 2119 2262 eundi
2141 2226 2192 2262 eis
2217 2230 2253 2262 et
2273 2226 2326 2263 ibi

100 2275 274 2317 quantum
298 2272 474 2308 voluerint
496 2276 636 2318 tempus
661 2271 904 2308 commorandi
924 2283 990 2317 pro
1014 2272 1224 2317 reparandis
1248 2271 1536 2317 possessionibus
1559 2270 1737 2316 aperimus
1760 2270 1950 2315 licent-iam,
1984 2281 2064 2307 cum
2088 2271 2240 2308 dominis
2262 2271 2326 2307 ab·

99 2318 261 2353 sentibus
284 2317 441 2352 recreari
464 2318 707 2362 possessiones
732 2320 797 2353 aut
820 2319 1081 2362 competentem
1103 2317 1231 2353 mereri
1256 2317 1432 2353 culturam
1458 2316 1603 2352 difficile
1626 2317 1681 2352 sit.

258 2362 357 2406 Quae
388 2363 496 2406 igitur
526 2373 591 2408 per
621 2364 717 2398 hanc
745 2362 898 2398 divinam
930 2363 1183 2416 pragmaticam
1216 2363 1437 2398 sanctionem
1467 2365 1592 2397 nostra
1620 2360 1747 2397 statuit
1779 2359 1992 2402 aeternitas,
2027 2360 2232 2405 magnitudo
2264 2363 2327 2397 tua

98 2407 212 2443 modis
244 2407 409 2443 omnibus
441 2407 582 2444 effectui
613 2408 818 2453 mancipare
850 2408 1102 2453 observarique
1131 2411 1319 2453 procuret,
1353 2416 1471 2453 poena
1503 2407 1625 2442 decem
1656 2406 1830 2441 librarum
1863 2405 1943 2440 auri
1973 2405 2178 2441 imminente
2201 2410 2327 2441 contra
2348 2409 2390 2441 45

98 2456 329 2488 temeratores
348 2455 553 2489 nostrarum
575 2453 786 2489 iussionum.
834 2453 1061 2496 Pragmatica
1084 2453 1155 2488 dat.
1179 2453 1226 2488 id.
1251 2453 1342 2496 Aug.
1367 2452 1435 2488 GP.
1459 2452 1543 2497 imp.
1569 2451 1628 2486 dn.
1651 2450 1840 2486 Iustiniani
1860 2461 1920 2495 pp.
1939 2450 2030 2495 Aug.
2046 2461 2140 2487 anno
2156 2450 2323 2487 XXVIII.

99 2508 155 2542 pc.
183 2498 307 2534 Basilii
331 2508 383 2534 vc.
414 2507 510 2535 anno
534 2498 631 2534 XIII.
657 2498 766 2534 Narsi
796 2497 871 2534 viro
901 2498 950 2534 ill.
981 2499 1185 2544 praeposito
1218 2498 1315 2534 sacri
1338 2497 1506 2541 cubiculi,
1530 2496 1711 2532 Antiocho
1735 2496 1810 2531 viro
1837 2495 2027 2540 magnifico
2051 2495 2236 2542 praefecto
2260 2505 2326 2540 per

98 2543 248 2579 Italiam.

144 2659 161 2691 1
190 2655 463 2689 eo—inferente
488 2653 686 2696 Zachariae]
721 2665 794 2688 eum
819 2656 903 2697 (eam
924 2653 974 2698 ll)
990 2673 1031 2678 —
1053 2654 1178 2688 inferat

100 2702 193 2742 libri,
226 2700 560 2742 eumque—inferre
586 2701 717 2734 Haenel
738 2703 750 2744 11
783 2711 844 2743 pro
868 2700 1054 2733 mutatione
1085 2700 1176 2742 MU]

100 2745 342 2835 tentia}
363 2745 414 2832 f*
437 2747 468 2823 ἐ
497 2747 539 2786 εἰ]
565 2747 597 2778 e.
619 2746 690 2824 Ἢ
701 2745 714 2789 ¹¹
726 2748 820 2833 buli]
829 2746 927 2823 ..2315
938 2744 950 2789 '¹
965 2746 1177 2833 ῗὲιῗῖῆΐῗῗῗ

99 2837 185 2869 dom.
210 2846 267 2868 nn.
292 2835 370 2868 PM
388 2835 401 2878 n
425 2801 601 2867 maarai?
630 2836 707 2868 PM
726 2834 738 2878 ῃ
762 2846 818 2879 pp.
845 2837 892 2876 P]
921 2835 978 2878 pio
1010 2845 1064 2878 pp.
1089 2835 1127 2868 M
1150 2817 1163 2879 11

100 2883 119 2915 3
144 2882 210 2925 pc.]
241 2890 296 2924 pp.
323 2881 356 2913 P
382 2879 394 2924 11
431 2879 527 2913 basili
553 2880 632 2923 PM,
660 2880 753 2913 basil.
786 2881 817 2915 U
845 2880 858 2924 11
894 2891 946 2913 uc.
970 2880 1056 2921 MU]
1087 2890 1175 2914 cons.

100 2927 134 2960 P
157 2927 169 2970 11
208 2936 297 2958 anno
334 2938 393 2958 om.
426 2925 464 2958 M
494 2924 507 2968 11
540 2925 622 2968 Cap.
649 2927 689 2960 21
726 2932 814 2959 extat
846 2927 879 2959 in
912 2926 993 2969 l(e9e
1026 2925 1179 2959 Romana

98 2973 252 3005 canonice
275 2973 414 3013 compta)
429 2971 495 3012 sol.
511 2971 593 3003 1720
614 2972 670 3003 ubi
687 2978 762 3014 post
778 2972 874 3004 inser.
893 2972 971 3003 add.
988 2970 1073 3012 Καρ.
1089 2970 1178 3003 XXI

99 3027 138 3049 ex
162 3016 228 3049 fine
252 3015 406 3048 nouellae
422 3014 435 3059 11
453 3017 474 3048 4
498 3014 605 3058 pretio
621 3014 666 3055 U]
682 3015 827 3057 pretium
842 3015 913 3048 PM
917 3016 928 3048 l
942 3016 953 3057 11
971 3015 1179 3048 satisfaciant

102 3062 130 3097 U
158 3061 171 3105 ΙΙ
199 3061 238 3094 de
263 3071 329 3103 quo
353 3060 460 3101 Mlsl]
485 3061 518 3093 et
542 3059 631 3101 quod
652 3060 685 3092 P
704 3059 716 3102 11
746 3059 885 3093 abstulit
910 3058 1096 3094 Zachariae
1121 3059 1134 3104 11
1157 3061 1176 3094 5

99 3107 272 3139 materiam
296 3105 478 3138 abstolissit
501 3104 720 3138 inueniantur
744 3104 785 3137 M
805 3112 817 3147 11
842 3104 908 3136 iam
932 3118 991 3138 om.
1016 3105 1056 3148 ἰ11
1081 3106 1102 3139 6
1126 3105 1177 3137 in-

99 3152 225 3184 iunctis
250 3152 282 3184 P
296 3150 308 3194 11
324 3161 425 3193 praeo
449 3150 488 3184 M
502 3150 515 3194 11
532 3153 551 3184 7
579 3149 684 3182 alium
706 3148 745 3191 111
763 3149 804 3181 ab
829 3162 886 3182 om.
912 3150 978 3191 ΜΙΙ
1002 3150 1125 3193 prioris
1148 3149 1183 3183 P

99 3196 111 3239 ΙΙ
135 3199 155 3231 9
179 3196 356 3229 inuenitur
390 3197 448 3237 Pl]
482 3194 677 3228 inueniatur
697 3194 766 3229 Ml]
784 3194 797 3237 11
820 3194 999 3226 autenticis
1024 3195 1057 3228 P
1084 3197 1177 3227 aten-

100 3241 177 3274 ticis
201 3242 238 3275 M
263 3241 275 3285 11
304 3241 487 3274 contractis
512 3241 546 3273 P
570 3239 583 3283 11
611 3238 756 3272 solutum
783 3240 860 3272 libri
887 3238 899 3281 11
930 3241 968 3272 10
994 3241 1037 3280 et]
1070 3242 1109 3272 ut
1135 3239 1180 3281 111

99 3286 189 3328 patri
213 3286 254 3319 M
267 3288 279 3329 11
297 3286 357 3328 qui
380 3287 641 3319 instrumentum
662 3285 675 3318 l
698 3284 711 3328 11
741 3285 782 3318 12
804 3283 1044 3316 inueniendum
1069 3283 1126 3328 Ρ11
1145 3286 1180 3316 at

101 3342 309 3373 quocumque
333 3331 372 3364 M
387 3331 399 3374 11
419 3333 460 3365 13
483 3330 697 3373 pertinebant
724 3329 892 3369 Osenbriiq
918 3341 955 3361 en
973 3328 984 3370 11
1002 3328 1030 3360 is
1053 3329 1103 3369 P]
1128 3328 1180 3361 his

99 3376 172 3411 ΜΠ
194 3380 206 3419 11
240 3378 281 3411 14
311 3379 433 3410 subscr.
465 3389 522 3409 om.
551 3375 635 3409 ldie
669 3378 701 3407 et
723 3384 801 3407 ann.
827 3372 867 3406 M
920 3372 932 3416 11
966 3375 1005 3406 15
1030 3383 1180 3406 annonas

99 3421 335 3454 ministrentur
358 3421 435 3455 libri
452 3421 465 3465 11
482 3415 580 3463 <fuam
612 3418 823 3452 theodericus
846 3417 894 3460 M,
916 3417 1129 3451 theudericus
1156 3417 1187 3452 U

101 3466 113 3507 11
136 3467 177 3500 16
201 3466 327 3498 solidus
351 3465 388 3498 M
408 3479 460 3509 pr.
478 3466 491 3510 11
511 3468 550 3499 17
577 3475 659 3507 quas
684 3464 815 3498 Haenel
829 3462 842 3507 11
866 3462 1056 3496 aratoribus
1080 3462 1151 3495 MP
1170 3462 1182 3503 11

100 3514 178 3544 ante
203 3511 271 3546 ΜΗ
288 3513 299 3554 11
316 3510 459 3543 solidum
484 3510 520 3543 M
534 3522 586 3554 pr.
603 3510 616 3553 11
636 3511 677 3544 19
702 3508 871 3553 puplicam
895 3508 928 3540 P
942 3506 955 3547 [1
971 3517 1060 3539 anno
1083 3509 1117 3539 et
1135 3507 1180 3547 U]

2162 2543 2208 2583 [a.
2235 2542 2324 2582 554]

1246 2656 1401 2689 iuuemus
1423 2655 1459 2688 P
1479 2654 1491 2697 ΙΙ
1518 2655 1560 2689 22
1583 2654 1756 2698 patiantur
1780 2653 1850 2689 MU
1861 2655 1873 2697 11
1893 2654 1926 2686 ct
1949 2665 2006 2686 om.
2033 2652 2107 2686 PM
2115 2651 2128 2693 ΙΙ
2147 2653 2188 2686 23
2214 2662 2274 2686 reu
2297 2652 2331 2686 P

1245 2701 1257 2745 11
1276 2701 1329 2734 vel
1354 2714 1411 2734 om.
1437 2699 1507 2734 Ml]
1535 2699 1548 2743 11
1579 2701 1623 2734 24
1651 2698 1810 2742 competit
1827 2698 2005 2741 petitiones
2024 2698 2066 2738 P,
2099 2697 2326 2731 condictiones

1251 2746 1482 2789 Gethosredus,
1505 2744 1750 2787 compactiones
1767 2742 1952 2778 Zachariae
1967 2744 1980 2787 11
1998 2753 2044 2786 pu
2067 2741 2134 2775 lieo
2150 2743 2206 2787 Ρ11
2223 2742 2328 2776 tutele

1246 2792 1281 2824 P
1307 2791 1318 2832 ΙΙ
1345 2791 1513 2823 firmamus
1536 2790 1571 2823 P
1590 2790 1676 2834 vulq.
1706 2790 1718 2832 11
1748 2790 1790 2823 25
1822 2787 2004 2831 possidenti
2029 2753 2215 2822 {acharias
2238 2788 2325 2828 olim]

1246 2835 1432 2879 possidente
1458 2836 1536 2868 libri
1563 2834 1576 2876 11
1601 2837 1634 2867 et
1659 2834 1691 2870 U
1711 2847 1771 2867 om.
1795 2834 1877 2866 MP
1900 2832 1912 2876 11
1944 2833 1987 2866 26
2010 2831 2152 2865 fabricas
2172 2831 2324 2876 publicas

1248 2883 1326 2915 libri
1345 2880 1358 2922 ΙΙ
1385 2879 1653 2913 consuitudinem
1678 2879 1716 2912 M
1732 2879 1744 2917 ΙΙ
1764 2877 1945 2921 priuilegio
1970 2876 2004 2910 P
2025 2876 2087 2921 127
2112 2877 2324 2920 puplicarum

1246 2926 1280 2959 P
1293 2925 1306 2969 11
1322 2925 1418 2959 albeo
1439 2925 1473 2958 P
1487 2924 1499 2968 11
1516 2924 1620 2958 fortui
1637 2924 1709 2959 ΜΠ
1722 2922 1735 2967 11
1750 2923 1828 2964 sive]
1853 2932 1911 2956 sue
1926 2921 1999 2956 Ml]
2009 2921 2015 2965 1
2040 2923 2082 2955 28
2103 2921 2230 2954 hisdem
2244 2921 2325 2963 MP,

1247 2971 1367 3004 eisdem
1394 2970 1425 3005 l]
1438 2970 1450 3013 ΙΙ
1469 2971 1511 3004 29
1533 2972 1565 3002 et
1590 2983 1648 3003 om.
1674 2970 1751 3003 libri
1772 2967 1784 3011 ΙΙ
1811 2969 1851 3002 31
1878 2977 1976 3009 super
1999 2965 2177 3000 indictium
2198 2965 2322 3008 Μ1132

1247 3025 1466 3058 unaquaeque
1490 3014 1562 3049 ΜΠ
1585 3014 1598 3058 11
1627 3015 1669 3047 33
1703 3012 1943 3056 temptantibus
1969 3011 2209 3053 osenbraqqen]
2241 3011 2322 3042 tem-

1246 3063 1378 3104 ptantes
1403 3060 1470 3093 PM
1485 3059 1498 3102 11
1523 3061 1567 3093 34
1592 3072 1634 3093 an
1660 3060 1692 3091 et
1713 3058 1814 3091 oum?
1832 3057 1844 3100 11
1861 3058 2056 3089 mar-catores
2079 3053 2138 3097 Ρ11
2154 3063 2215 3095 pro
2239 3063 2322 3095 quos

1247 3106 1285 3139 M
1294 3104 1306 3150 11
1317 3105 1447 3148 possint
1464 3105 1541 3138 libri
1551 3103 1563 3148 11
1576 3105 1617 3138 35
1635 3102 1900 3144 magnitudinem
1914 3117 1956 3123 —
1969 3099 2210 3131 examinantem
2229 3098 2309 3131 libri
2313 3109 2321 3136 ς

1248 3152 1379 3184 correxi
1405 3149 1417 3193 11
1447 3150 1489 3184 36
1513 3158 1612 3190 super
1634 3145 1794 3179 indictico
1819 3144 1856 3177 M
1882 3143 1895 3187 11
1922 3143 2030 3176 honus
2055 3142 2114 3186 Ρ11
2139 3144 2180 3176 37
2209 3143 2242 3174 et
2265 3154 2322 3175 om.

1250 3196 1329 3229 libri
1345 3194 1358 3239 11
1374 3197 1431 3236 ss.]
1456 3203 1503 3235 sp.
1529 3193 1565 3225 M
1580 3191 1593 3235 11
1612 3192 1655 3225 38
1674 3189 1821 3223 uoluerit
1846 3196 1875 3222 et
1898 3187 2100 3230 impediatur
2124 3186 2182 3231 Ρ11
2201 3188 2244 3238 353
2264 3197 2324 3219 no-

1247 3242 1346 3272 stram
1360 3239 1431 3273 PM
1443 3237 1456 3280 11
1474 3236 1620 3270 volentes
1634 3235 1740 3275 Beck]
1765 3232 1959 3267 uolentibus
1977 3233 2054 3266 libri
2070 3234 2082 3272 ΙΙ
2098 3234 2141 3266 40
2158 3241 2323 3264 nemiuem

1249 3286 1326 3318 libri
1345 3283 1358 3327 ΙΙ
1384 3284 1422 3317 41
1452 3281 1626 3324 prouincia
1647 3280 1680 3313 P
1695 3279 1889 3322 prouinciae
1912 3276 2045 3310 undieis
2067 3277 2109 3310 M
2120 3277 2132 3319 11
2150 3278 2192 3311 42
2218 3286 2324 3309 come·

1247 3327 1327 3361 andi
1352 3327 1389 3360 M
1404 3326 1416 3370 11
1434 3326 1586 3358 dominus
1606 3325 1640 3358 P
1652 3324 1664 3367 11
1683 3326 1725 3358 44
1746 3334 1803 3367 per
1827 3323 1888 3356 hac
1908 3321 1948 3355 M
1962 3322 1974 3365 11
1991 3323 2032 3355 45
2058 3322 2176 3373 effectu
2201 3321 2241 3353 Μ
2246 3321 2324 3364 pun

1247 3372 1420 3406 observare
1434 3371 1511 3413 PM,
1528 3371 1655 3403 correxi
1670 3369 1682 3413 11
1699 3368 1849 3412 procurit
1862 3368 1900 3402 M
1912 3366 1924 3408 11
1944 3368 1986 3400 46
2003 3369 2239 3408 pragmaticam
2253 3363 2323 3404 PU,

1247 3420 1408 3461 pragmat.
1435 3415 1476 3449 M
1486 3418 1497 3457 ΙΙ
1517 3415 1632 3448 Const.
1649 3433 1692 3439 —
1706 3416 1792 3456 Aug.
1818 3426 1876 3447 om.
1899 3411 1937 3445 M
1953 3411 1965 3455 11
1983 3411 2061 3452 CR]
2085 3412 2187 3444 const.
2214 3410 2291 3443 libri
2311 3407 2324 3452 11

1249 3463 1317 3503 dn.]
1349 3461 1435 3494 dom.
1461 3471 1520 3493 nn.
1546 3461 1585 3502 P,
1618 3460 1702 3493 dom.
1729 3462 1788 3492 tiro
1813 3457 1844 3493 U
1870 3456 1883 3501 11
1914 3456 2109 3496 Iustiniani]
2139 3454 2323 3487 iustiniano

1249 3507 1306 3550 pio
1330 3506 1371 3547 P,
1395 3506 1473 3538 iust.
1498 3506 1551 3548 pie
1580 3504 1610 3540 [J
1632 3503 1644 3548 11
1665 3514 1720 3547 pp.
1742 3504 1790 3544 P]
1814 3512 1867 3546 pe.
1890 3501 1921 3537 U
1935 3501 2005 3543 1147
2030 3499 2127 3533 basili
2153 3501 2229 3533 libri
2245 3497 2257 3543 11
2274 3508 2322 3531 vo.

101 3565 190 3588 anno
208 3556 241 3589 P
273 3558 305 3588 ct
321 3566 409 3589 anno
427 3556 465 3588 M
477 3556 489 3600 11
507 3557 545 3590 21
565 3555 692 3588 iudices
705 3573 748 3579 —
761 3553 812 3587 vel
824 3553 868 3597 (Τ)
881 3565 938 3586 om.
961 3551 992 3587 U
1004 3554 1016 3596 11
1032 3561 1181 3585 exercere
1249 3571 1292 3576 —
1306 3550 1454 3584 cubiculi
1478 3564 1535 3585 om.
1563 3549 1595 3585 U
1607 3549 1619 3593 11
1637 3549 1793 3583 anthioco
1819 3548 1897 3582 libri
1910 3545 1923 3586 11
1941 3547 1984 3581 48
2007 3544 2103 3579 italia
2128 3545 2205 3579 libri
