2592 3840
234 977 256 1011 to

234 1294 259 1329 3
327 1328 331 1334 .

276 96 382 140 Nov.
415 96 570 139 LXXV
1320 153 1327 155 ξ
1352 91 1438 138 378
1778 106 1837 136 nn
1865 104 2277 138 APPELLATIOMBUS
2306 104 2494 138 sicmAu

1317 293 1459 330 LXXV.
2245 243 2351 330 anth.
2370 295 2498 334 Lxm.

807 384 926 442 <DE
964 385 1592 436 APPELLATIONIBUS
1640 385 1978 446 SICILIAE.)

919 473 1015 509 Idem
1039 473 1130 519 Aug.
1156 473 1376 514 Triboniano
1401 475 1579 520 quaestori
1603 476 1696 512 sacri
1719 468 1854 521 palatii.

414 567 494 602 Tua
526 564 708 610 cognoscit
739 564 938 600 sublimitas
966 565 1093 617 utpote
1125 564 1223 609 operi
1255 565 1459 618 quaestorio
1490 565 1696 610 praeposita
1719 569 1755 602 et
1786 566 1901 602 nostri
1924 565 2064 603 consilii
2087 566 2270 612 particeps
2296 566 2504 611 constituta,

280 613 374 658 quod
398 612 538 647 Siciliae
562 610 766 655 provinciae
789 609 986 645 secundum
1009 613 1123 645 instar
1146 609 1369 654 antiquitatis
1399 616 1601 655 praetorem
1624 611 1877 656 praefecimus,
1915 611 1992 647 eius
2024 615 2065 647 ut
2096 611 2354 656 gubernatione
2386 612 2506 648 omnia

280 659 418 703 privata
441 658 658 703 peragantur
681 659 717 691 et
740 654 909 691 militares
934 664 1112 701 expensae
1135 659 1386 700 procurentur.
1434 655 1526 691 Nam
1550 656 1714 700 publicas
1740 656 1898 692 eiusdem
1921 657 2061 693 insulae
2083 657 2286 693 functiones
2306 657 2375 693 sub
2398 657 2505 694 iuris-

280 704 433 740 dictione
456 703 520 737 viri
543 700 832 737 excellentissimi
857 700 996 736 comitis
1029 700 1121 736 sacri
1153 701 1357 745 patrimonii
1381 711 1451 749 ¹per
1481 701 1621 744 Italiam
1653 712 1731 737 esse
1763 702 1910 747 antiqua
1943 702 2165 738 consuetudo
2196 702 2362 746 tradidit,
2400 703 2506 739 cuius

280 748 494 784 auctoritate
509 749 583 782 tam
598 746 738 782 exactio
759 756 865 791 quam
887 746 1000 781 illatio
1027 755 1149 781 earum
1174 747 1392 790 procederet.
1443 746 1512 781 Sed
1528 747 1611 790 quia
1628 746 1710 782 lites
1728 747 1766 782 iu
1781 751 1884 783 tanta
1908 748 2090 793 provincia
2109 747 2242 784 moveri
2265 754 2412 784 necesse
2436 751 2505 792 est,

280 795 440 829 volumus
465 796 516 835 ut,
541 791 727 837 siquando
750 792 970 844 appellatum
996 791 1103 826 fuerit
1126 801 1149 826 a
1172 793 1338 836 praetore
1362 792 1417 826 vel
1441 801 1462 825 a
1487 791 1577 827 duce
1601 792 1656 826 vel
1679 792 1725 827 ab
1750 793 1870 836 aliquo
1894 793 2012 828 iudice
2032 793 2187 828 eiusdem
2210 793 2358 835 insulae.
2379 794 2504 840 appel-

279 840 431 875 lationes
456 847 576 874 omnes
601 837 646 872 ad
670 840 771 872 tuum
795 837 977 882 tastigium
1000 840 1169 881 tuamque
1202 837 1321 872 sedem
1345 837 1590 879 remittantur,
1624 839 1660 872 et
1687 838 1766 883 ipse
1796 838 1923 873 merita
1954 848 2076 874 earum
2107 848 2206 874 more
2230 838 2505 876 consultationis

280 884 450 921 discutias
475 886 511 918 et
534 883 579 918 ad
602 885 763 918 nostram
786 882 923 918 referas
948 882 1143 923 scientiam,
1169 885 1343 927 quatenus
1367 884 1431 917 tua
1455 882 1558 917 nobis
1583 882 1725 927 cognita
1749 883 1983 928 dispositione
2007 893 2052 918 ex
2076 887 2200 919 nostra
2223 884 2437 920 auctoritate
2460 885 2504 920 lis

280 930 476 970 dirimatur,
502 938 615 982 neque
639 929 686 963 ad
711 928 926 964 anteriorem
950 927 1100 962 Romam
1124 937 1238 972 neque
1262 927 1308 962 ad
1332 927 1447 962 alium·
1463 927 1616 963 iudicem
1641 928 1746 963 huius
1770 929 1887 973 regiae
1909 928 2062 964 civitatis
2085 932 2205 972 eatur,
2242 929 2306 964 sed
2327 929 2406 975 ipse
2429 930 2505 966 vice

280 975 374 1011 sacri
399 974 592 1018 cognitoris
617 973 743 1009 audias
775 977 810 1009 et
838 973 936 1008 litem
967 972 1122 1008 dirimas.
1186 972 1235 1008 Et
1259 983 1332 1007 non
1356 973 1471 1008 solum
1502 973 1591 1008 haec
1620 977 1718 1008 tuam
1749 974 2031 1009 iurisdictionem
2062 974 2239 1019 respicere
2271 974 2504 1017 decernimus,

280 1021 343 1056 sed
368 1020 474 1065 etiam
498 1020 528 1054 si
553 1019 637 1063 quid
661 1018 758 1054 aliud
782 1018 885 1054 civile
908 1018 1095 1053 ordinatur
1119 1018 1213 1063 quod
1234 1018 1502 1053 confirmatione
1526 1018 1697 1063 indigeat,
1732 1019 1770 1054 id
1794 1022 1848 1054 est
1879 1029 1947 1064 pro
1977 1019 2224 1055 defensoribus
2254 1020 2308 1054 vel
2339 1020 2505 1064 patribus

281 1066 463 1102 civitatum
482 1065 675 1106 decretum,
700 1067 807 1107 [nam]
823 1063 860 1099 id
876 1074 1017 1109 quoque
1040 1063 1087 1098 ad
1102 1067 1200 1098 tuam
1218 1063 1335 1098 sedem
1358 1063 1501 1106 remitti,
1526 1068 1565 1098 ut
1588 1074 1654 1108 per
1676 1067 1776 1099 tuam
1789 1064 2001 1100 sententiam
2012 1067 2242 1110 nostramque
2256 1065 2505 1100 auctoritatem

279 1112 485 1147 roboretur:
523 1111 606 1155 quia
630 1119 769 1154 semper
793 1109 913 1144 Sicilia
937 1108 1040 1154 quasi
1063 1109 1242 1154 peculiare
1273 1109 1407 1153 aliquid
1437 1110 1660 1145 commodum
1691 1110 1970 1154 imperatoribus
2000 1109 2171 1152 accessit,
2207 1113 2243 1145 et
2274 1112 2416 1155 oportet
2447 1121 2506 1146 res

281 1157 414 1201 civiles,
441 1166 523 1191 cum
545 1155 704 1200 aliquam
729 1155 918 1190 habuerint
941 1154 1220 1196 dubitationem,
1257 1154 1372 1190 nostri
1395 1154 1594 1199 quaestoris
1624 1155 1756 1190 iudicio
1789 1155 1923 1198 dirimi,
1957 1155 2053 1200 quod
2076 1155 2240 1200 accipere
2262 1165 2285 1191 a
2307 1158 2371 1191 tua
2393 1155 2506 1191 subli-

281 1203 405 1237 mitate
429 1211 631 1242 censemuS,
668 1210 774 1245 quam
797 1210 862 1235 nos
886 1199 1130 1245 proveximus,
1167 1209 1273 1244 quam
1295 1199 1449 1244 legitimo
1475 1200 1575 1244 operi
1598 1200 1887 1252 praeposuimus,
1925 1201 2028 1236 cuius
2061 1210 2168 1246 opere
2196 1204 2304 1246 atque
2325 1200 2507 1237 industria

282 1248 395 1283 omnis
419 1247 537 1292 legum
561 1245 795 1290 ambiguitas,
820 1245 934 1281 omnis
958 1244 1114 1285 latitudo
1133 1245 1170 1279 in
1194 1249 1417 1289 praesentem
1442 1245 1667 1281 concordiam
1692 1249 1726 1281 et
1748 1246 1937 1291 pulchram
1959 1246 2173 1282 brevitatem
2197 1245 2366 1292 pervenit.

282 1338 355 1374 suis
379 1338 570 1374 admoneat
593 1337 795 1372 Sicilienses
819 1335 974 1379 iudices,
1011 1338 1188 1379 quatenus
1212 1336 1346 1379 sciant,
1383 1336 1440 1371 cui
1469 1336 1622 1372 debeant
1647 1347 1776 1372 causas
1799 1337 2038 1382 appellatione
2061 1346 2254 1382 suspensas
2278 1346 2318 1372 re
2333 1346 2430 1379 erre,
2466 1340 2508 1373 ut

281 1394 345 1428 per
368 1386 448 1419 tuas
473 1385 685 1427 tuorumque
716 1391 966 1417 successorum
998 1380 1242 1425 suggestiones
1274 1381 1391 1416 omnia
1414 1381 1518 1416 nobis
1541 1382 1815 1418 manifestentur
1838 1386 1876 1417 et
1897 1382 2079 1418 videamur
2101 1392 2166 1427 per
2191 1381 2400 1427 semetipsos
2428 1392 2505 1418 eas-

282 1430 361 1464 dem
385 1438 513 1464 causas
537 1437 717 1472 peragere.
765 1427 858 1463 Esse
891 1427 982 1461 enim
1012 1437 1085 1461 non
1115 1426 1298 1470 indignum
1330 1426 1544 1471 putavimus,
1578 1427 1652 1473 (ut)
1683 1428 1841 1463 Siciliam
1863 1430 2024 1463 nostrum
2048 1427 2306 1473 quodammodo
2327 1427 2507 1473 peculium

282 1475 515 1510 constitutum
538 1477 743 1508 nostrorum
766 1472 948 1517 particeps
973 1471 1202 1507 consiliorum
1226 1476 1395 1517 quaestor
1418 1472 1484 1507 sub
1509 1472 1757 1508 iurisdictione
1779 1483 1846 1508 sua
1864 1473 2054 1518 suscipiat.
2121 1481 2124 1483 ’
2432 1479 2434 1481 “

415 1520 515 1565 <Dat
543 1532 604 1550 n*
631 1518 717 1553 Dec.
742 1517 809 1552 ΟΡ.
835 1518 919 1562 imp.
945 1517 1004 1552 dn.
1029 1516 1218 1553 Iustiniani
1242 1527 1301 1562 pp.
1327 1517 1418 1561 Aug.
1445 1527 1538 1552 anno
1559 1517 1623 1553 XI.
1649 1529 1684 1563 p.
1708 1529 1739 1554 c.
1765 1518 1927 1554 Belisarii
1950 1529 2003 1553 vc.
2029 1528 2124 1553 anno
2149 1517 2214 1561 11.)
2361 1520 2410 1561 [a.
2428 1520 2507 1562 537]

335 1611 418 1645 Nou.
435 1610 545 1643 LXX
553 1609 799 1643 V=Autl1ent.
813 1609 951 1642 LXIII
971 1609 1091 1642 Latine
1112 1615 1233 1642 tantum
1264 1610 1388 1651 scripta
1411 1616 1559 1642 servatur
1584 1610 1617 1642 in
1644 1609 1679 1642 V.
1702 1628 1745 1633 --
1775 1610 1816 1643 In
1841 1623 1975 1654 corpore
1991 1609 2197 1643 novellarum
2223 1611 2270 1643 bis
2293 1611 2403 1652 posita
2418 1612 2508 1654 suit.

284 1670 315 1689 n.
337 1655 485 1688 LXXV
503 1655 553 1687 De
577 1654 857 1698 appellationibus
878 1653 1014 1687 Siciliae
1039 1655 1211 1697 eademque
1235 1667 1265 1686 n.
1292 1654 1381 1687 CIV
1399 1655 1447 1687 De
1470 1655 1620 1696 praetore
1645 1654 1788 1687 Siciliae.
1838 1656 1893 1688 Ez-
1923 1663 2066 1698 utroque
2088 1655 2156 1688 loco
2188 1662 2377 1698 receperunt
2404 1658 2509 1700 ¹epito-

283 1709 436 1735 matores:
471 1701 659 1734 Theodorus
683 1713 713 1733 n.
739 1702 781 1734 75
805 1700 893 1744 Περὶ
917 1699 1008 1740 (τῶν
1032 1700 1109 1732 add.
1124 1699 1180 1740 Μ’)
1206 1696 1388 1741 ἐκκλήτων
1413 1697 1576 1732 Σικελίας
1601 1701 1687 1741 (inde
1712 1700 1757 1732 M
1774 1698 1884 1745 νεαρὰ
1906 1699 1952 1744 os'
1979 1708 2007 1734 et
2031 1700 2068 1734 Β
2088 1701 2121 1740 9,
2135 1702 2207 1743 2,5)
2230 1701 2395 1746 sta-104
2418 1702 2508 1747 Περὶ

283 1746 346 1780 τοῦ
370 1747 539 1789 praetoros
562 1745 699 1778 Siciliae
719 1746 807 1786 (inde
832 1745 863 1778 L
887 1742 997 1789 νεαρὰ
1021 1741 1105 1789 ρδ’),
1137 1745 1338 1778 Athanasius
1355 1746 1386 1786 7,
1408 1753 1424 1778 5
1450 1746 1539 1790 Περὶ
1562 1745 1639 1777 τῶν
1664 1741 1847 1787 ἐκκλήτων
1870 1743 2034 1779 Σικελίας
2057 1746 2240 1787 (secundum
2262 1746 2410 1787 indicem,
2433 1759 2508 1780 nam

283 1795 316 1826 in
341 1793 450 1825 codice
473 1791 550 1824 Ath.
577 1793 655 1824 haec
678 1803 799 1824 summa
823 1791 942 1824 omissa
966 1791 1023 1832 est)
1050 1797 1079 1823 et
1103 1791 1134 1827 4.
1156 1797 1187 1824 21
1212 1791 1302 1835 Περὶ
1319 1790 1383 1823 τοῦ
1403 1792 1609 1836 πραίτωρος
1629 1788 1810 1831 Σικελίας,·
1832 1790 1982 1825 Iulianus
1998 1797 2096 1825 const.
2116 1790 2291 1823 LXVIII
2310 1791 2371 1832 (De
2393 1791 2507 1835 appel-

283 1837 465 1870 lationibus
488 1837 524 1868 in
549 1836 666 1868 Sicilia
689 1835 862 1879 porrectis)
887 1843 917 1869 et
940 1843 1039 1869 const.
1066 1835 1216 1869 XCVII
1235 1836 1298 1879 (De
1322 1835 1432 1868 officio
1456 1835 1665 1877 quaestoris).
1714 1836 1876 1870 Summam
1900 1849 1971 1870 nov.
1994 1836 2088 1877 CIV,
2123 1836 2284 1869 Theodori
2307 1838 2432 1880 opinor,
2453 1849 2506 1870 ex-

285 1884 385 1917 titisse
410 1883 445 1915 B
471 1882 501 1923 6,
518 1889 550 1916 13
574 1883 698 1915 indicat
717 1882 766 1914 B⁸
786 1882 817 1914 A
834 1882 888 1922 66,
907 1888 943 1915 50
964 1893 1000 1924 p.
1017 1881 1081 1915 112
1097 1880 1200 1914 ΖασΙι.
1225 1876 1329 1933 (Περὶ
1349 1880 1413 1913 τοῦ
1437 1883 1640 1935 πραίτωρος
1658 1878 1820 1915 ansatas
1842 1879 1966 1928 ἀνάγν.
1985 1884 2036 1925 βι.
2053 1879 2086 1918 ς’
2113 1883 2158 1914 τί.
2177 1875 2258 1927 ιγ”ε
2283 1893 2345 1924 quo
2365 1884 2506 1926 refiren-

270 1929 359 1962 -dam
382 1929 507 1961 videtur
525 1927 624 1960 schol.
648 1927 695 1960 M
712 1928 754 1959 de⁴
776 1939 845 1959 nov.
864 1926 966 1960 CIV:
985 1922 1058 1972 ρδ’.
1096 1923 1192 1967 ζήτει
1216 1938 1353 1967 ταυτην
1377 1925 1425 1959 εἰς
1447 1924 1490 1959 τὸ
1514 1938 1605 1960 κατα
1630 1928 1815 1977 στοιχεῖον.

339 2088 360 2121 2
384 2087 433 2119 De
457 2083 737 2129 appellationibus
761 2082 906 2125 Siciliae]
932 2084 1020 2116 rubr.
1046 2095 1104 2117 om.
1127 2083 1165 2123 V,
1195 2083 1246 2115 De
1269 2081 1364 2126 prae·
1418 2085 1544 2117 ‘matur
1563 2094 1670 2126 neque
1690 2094 1797 2125 neque
1815 2083 1857 2116 ad
1869 2084 1942 2126 (sic)
1962 2082 2028 2128 711
2053 2084 2094 2118 13
2107 2083 2223 2116 audias
2237 2083 2372 2126 Bienor]
2395 2084 2510 2118 audiat

286 2136 357 2166 tore
381 2131 515 2164 Siciliae
540 2130 626 2173 only.
640 2130 717 2170 (vid.
731 2130 847 2172 supra)
872 2128 884 2171 11
912 2129 931 2162 3
957 2128 1048 2160 Idem
1073 2138 1149 2169 aug.
1170 2127 1364 2161 tribuniano
1442 2129 1499 2171 711
1516 2129 1555 2161 ed
1571 2139 1639 2162 non
1660 2128 1718 2173 711
1742 2131 1784 2163 14
1799 2131 1847 2162 set
1863 2129 1962 2162 etiam
1979 2128 2042 2162 etsi
2063 2127 2118 2173 711
2143 2128 2237 2162 aliud
2252 2129 2357 2171 Beck]
2380 2129 2509 2172 aliquid

286 2178 452 2220 quaestori
476 2176 561 2209 sacri
580 2174 699 2217 palatii
726 2175 771 2214 V]
802 2170 839 2206 Ὁ
864 2169 968 2207 αὐτὸς
990 2170 1155 2215 βασιλεὺς
1185 2173 1238 2216 τῷ
1264 2170 1364 2215 αὐτῷ
1442 2175 1473 2208 V
1487 2173 1499 2218 11
1515 2174 1692 2207 ordinatur
1705 2175 1842 2216 Biener]
1866 2176 2004 2207 ornatur
2026 2174 2081 2217 711
2110 2176 2150 2208 15
2174 2184 2249 2207 nam
2274 2175 2336 2208 del.
2349 2174 2476 2209 Bienor
2498 2174 2510 2219 11

286 2226 320 2265 (i.
335 2236 362 2257 e.
376 2223 546 2256 secundum
562 2233 601 2253 ea
615 2233 698 2263 quae
711 2220 911 2263 praecedunt
931 2216 1082 2265 Ἰωάννῃ
1099 2215 1242 2262 ἐπάρχῳ
1260 2231 1364 2265 πραι-
1438 2221 1478 2253 16
1501 2219 1615 2252 sccilia
1636 2220 1689 2253 V‘
1719 2218 1732 2264 11
1759 2219 1896 2262 aliquod
1914 2220 2009 2253 Beck
2038 2218 2050 2264 11
2080 2221 2119 2253 17
2144 2219 2233 2262 quod
2249 2220 2385 2262 Biener]
2409 2230 2508 2262 quam

285 2269 444 2310 τωοίων)
468 2267 544 2300 Aila.
570 2267 608 2304 4,
633 2273 662 2299 21
690 2266 747 2305 (=
772 2278 842 2298 nov.
875 2265 974 2306 CIV)
1007 2277 1114 2298 errore
1146 2277 1207 2297 non
1237 2265 1364 2297 insolito
1443 2265 1476 2298 V
1492 2264 1505 2309 11
1534 2267 1574 2299 18
1600 2275 1698 2307 quam
1711 2265 1849 2307 Biener]
1874 2275 1940 2307 qua
1959 2265 1994 2299 V
2010 2264 2022 2308 11
2051 2266 2091 2299 19
2115 2264 2260 2298 latitudo
2272 2264 2409 2307 Biener]
2433 2265 2508 2299 alti-

286 2301 355 2359 ((γῖχ
368 2316 463 2347 inser.
490 2325 560 2345 nov.
586 2311 752 2353 XLIII),
789 2312 872 2344 idem
896 2312 994 2343 verba
1020 2310 1165 2343 initialia
1191 2310 1366 2353 adscripsit
1434 2310 1516 2343 tudo
1537 2311 1571 2343 V
1592 2311 1605 2354 11
1636 2308 1824 2345 2flreferrc
1842 2311 1979 2352 Biener]
2011 2311 2177 2353 praeferre
2198 2311 2232 2343 V
2254 2310 2401 2354 proferre
2415 2310 2510 2346 Beck

289 2362 334 2393 ad
347 2360 579 2393 Tribonz'anum
601 2358 773 2400 reserenda
792 2356 865 2389 Tua
881 2354 1050 2397 cognoscit
1069 2354 1267 2387 sublimitas.
1299 2354 1365 2389 Ne·
1435 2356 1580 2399 perferre
1593 2357 1782 2390 Zachariae
1809 2355 1821 2399 11
1852 2357 1894 2390 22
1918 2355 2088 2388 videamur
2102 2356 2239 2398 Bienor]
2264 2355 2436 2389 uideamus
2456 2356 2510 2399 711

288 2418 348 2449 que
369 2405 450 2438 enim
467 2403 684 2447 probabiliter
698 2414 736 2435 ex
755 2403 818 2435 ista
835 2403 1044 2444 inscriptione
1058 2401 1246 2434 Zachariae
1259 2402 1365 2444 suspi-
1435 2402 1627 2444 semetipsos
1647 2402 1694 2443 V]
1719 2404 1849 2434 nosmet
1872 2402 1960 2444 ipsos
1986 2402 2120 2442 Biener,
2140 2401 2229 2445 vulq.
2247 2400 2260 2445 11
2286 2403 2328 2436 23
2346 2404 2384 2434 ut
2401 2403 2509 2447 suppl.

289 2458 380 2484 vatur
405 2451 536 2483 eandem
557 2449 806 2481 constitutionem
832 2454 861 2480 et
886 2448 932 2479 ad
952 2446 985 2479 T
981 2447 1184 2479 ribonianum
1208 2454 1237 2479 et
1258 2447 1367 2479 verbis
1436 2448 1560 2481 Biener
1579 2447 1590 2490 11
1613 2446 1760 2479 scciliam
1783 2447 1836 2480 ’7.α
1853 2446 1866 2490 11
1889 2449 1931 2482 25
1954 2449 2074 2482 subscr.
2092 2459 2148 2480 om.
2173 2447 2212 2489 V,
2235 2447 2419 2490 suppeditat
2434 2447 2509 2480 Atk.

288 2497 410 2530 scilicet
438 2496 560 2538 passim
591 2494 721 2526 mutatis
754 2494 800 2525 ad
827 2492 1005 2525 Iohannem
1038 2492 1148 2524 datam
1181 2504 1248 2525 esse
1278 2492 1366 2524 inde·
1432 2488 1573 2538 ’ἐγράφη
1603 2489 1787 2535 βασιλείας
1809 2487 2062 2525 Ἰουστινιανοῖι
2094 2489 2136 2525 τὸ
2161 2490 2214 2524 ια’
2239 2505 2276 2535 μ.
2302 2493 2510 2537 Δεκεμβρίῳ

372 2543 504 2616 {me
641 2538 1146 2624 36333333)
1159 2536 1368 2615 {aasz}
1435 2535 1525 2615 55²²*
1554 2550 1630 2616 ’3
1645 2535 2129 2616 ὑππῑὲαῖςέελιστεῶῖεῑὲ
2153 2535 2434 2615 3333033
2448 2539 2511 2616 223

293 2595 752 2674 logo‘slngsiiublicash'Bb‘glil)
773 2596 908 2670 Fabii-ce}-
930 2592 997 2671 7811
1026 2630 1043 2660 7
1069 2606 1272 2670 patronoinii
1294 2627 1327 2660 V
1356 2608 1368 2670 11
1436 2595 1651 2673 ρῗέτῖωζτῖῖὲ
1670 2586 1992 2673 ἱιμίιέηιιέξεέἔνξῇῧῆ
2014 2595 2101 2671 μ”ηνὶ
2125 2626 2249 2669 ἰουνίῳ
2273 2595 2345 2661 bitte
2369 2596 2510 2670 ιβίτῆς

292 2678 310 2710 8
334 2678 412 2717 quia
432 2675 508 2707 lites
533 2675 657 2707 Biener
682 2675 795 2707 Ges-ch.
811 2674 842 2705 d.
857 2673 941 2706 Nou.
959 2686 992 2715 p.
1009 2674 1087 2713 498]
1110 2672 1288 2714 qualitates
1309 2673 1343 2705 V
1356 2676 1367 2713 11
1434 2670 1618 2716 βασιλείας
1640 2669 1795 2715 ὑπατείᾳ
1816 2670 1983 2706 Ἰωάννου
2014 2673 2097 2706 male
2122 2674 2259 2716 repetita
2286 2686 2325 2718 εει·
2342 2673 2510 2715 prioribus

293 2724 334 2755 10
359 2731 470 2753 earum
498 2720 601 2759 Beck]
627 2729 740 2751 eorum
762 2718 818 2760 711
844 2717 1101 2750 consultationis
1126 2718 1262 2758 Bienor]
1290 2728 1365 2750 con·
1435 2719 1512 2759 (Iul.
1539 2731 1596 2751 om.
1622 2719 1758 2760 subscr.)
2331 2720 2334 2724 '

291 2766 455 2799 sulatione
474 2764 528 2808 711
550 2767 583 2799 11
604 2765 749 2797 referans
770 2764 819 2795 Va
831 2762 843 2807 11
857 2764 1014 2804 quatinus
1034 2763 1126 2803 V(id.
1139 2763 1194 2804 21)
1213 2761 1225 2806 11
1245 2763 1285 2796 12
1300 2762 1365 2795 dri-

417 1292 515 1336 Quae
538 1292 645 1336 igitur
668 1301 734 1336 per
756 1291 848 1326 hanc
875 1290 1027 1325 divinam
1049 1290 1161 1334 legem
1185 1293 1310 1325 nostra
1333 1290 1489 1326 decrevit
1512 1291 1718 1334 aeternitas,
1742 1295 1806 1326 tua
1829 1291 2028 1327 sublimitas
2052 1291 2168 1327 sciens
2188 1301 2318 1337 praece
2344 1291 2517 1328 tionibus.

2532 841 2572 874 10

2532 1067 2573 1099 15

2531 1290 2573 1324 20

2532 1517 2574 1550 25
