2592 3840
245 79 352 121 Nov,
374 79 499 121 XXX
531 82 569 122 5.
601 82 628 122 6

1320 75 1402 124 228

2091 96 2151 127 DE
2179 94 2467 128 PRoconsum

244 187 289 231 δὴ
320 188 361 223 τὸ
386 190 673 234 συνειθισμένον,
702 189 780 223 τῶν
810 190 1052 243 στρατιωτῶν
1084 187 1125 223 δὲ
1152 187 1323 237 ἡγήσεται
1392 192 1589 227 secundum
1624 192 1935 236 consuetudinem,
1969 193 2182 230 militaribus
2213 197 2331 230 autem
2360 205 2464 241 prae-

245 231 387 279 σφόδρα
409 231 577 276 εὐκόλως,
609 234 667 269 οἶα
690 232 865 268 κάκείνων
891 232 1183 278 υποκεκλιμόνων
1207 233 1319 280 αὐτῷ.

247 282 262 313 1
317 281 522 324 Προςεχέτω
547 278 586 313 δὲ
607 278 765 323 μάλιστα
795 277 863 312 τὸν
892 279 982 313 νοῦν
1005 279 1049 326 τῇ
1072 280 1152 314 τῶν
1174 292 1321 325 ταμεια-

244 325 320 358 κῶν
343 322 513 367 διοικήσει
536 324 771 371 πραγμάτων,
795 319 866 357 ἕπε
913 324 961 357 εἰς
984 320 1082 358 οὕτω
1106 323 1230 368 δεινὴν
1259 328 1319 360 καὶ

245 367 484 411 πανταχόθεν
512 368 820 412 κεκαπηλευμένην
852 337 1102 411 ἐὲωλίσθησεν
1129 371 1317 417 ἐμπορίαν,

246 410 294 447 αἶς
316 412 466 458 μηδενὸς
488 412 571 454 ἄξια
600 412 729 456 σχεδὸν
759 410 850 447 αὗτά
872 411 1112 448 καθεστάναι.
1158 416 1319 450 τοσαῦτα

243 458 288 505 γά
330 457 592 503 μεμαθήκαμεν
614 457 893 504 ἁμαρτάνεσθαι
916 459 1009 493 κατὰ
1022 457 1091 502 τὴν
1106 459 1231 507 χώραν
1250 456 1318 494 ὅσα

243 503 290 547 μό
329 515 344 537 ς
378 501 495 548 ἀνδρὶ,
521 505 599 538 τῶν
631 507 814 550 μεγίστων
850 505 954 538 ἔσται
989 503 1078 549 πρὸς
1113 505 1319 550 θεραπείαν

244 547 381 582 εὔκολα.
435 547 471 582 οἱ
525 547 569 594 ἀρ
603 547 666 583 τὰς
705 549 781 582 τῶν
816 546 986 582 δυνατῶν
1022 549 1319 597 ἐπιτροπεύοντες

244 591 383 635 κτήσεις
394 612 439 617 -
453 561 531 627 ἀλλ”

243 636 406 671 ἀλῶνται
438 639 499 681 τῆς
530 635 699 678 ἀτοπίας,
731 641 792 671 καὶ
823 636 871 672 ὠς
899 636 1090 684 δορυφοροι
1119 652 1161 674 τε
1191 637 1319 674 αὐτοὺς

244 680 484 727 θεραπεύουσι
508 686 566 716 καὶ
590 681 730 725 πλῆθος
752 680 972 728 ἀνθρώπων
994 682 1035 718 οὗ
1055 683 1216 738 φορητὸν
1237 682 1317 719 ἀκο-

244 726 384 769 λουθεῖ,
416 730 475 761 καὶ
498 725 731 774 λῃστεύουσιν
755 725 914 763 ἅπαντες
933 726 1108 771 ἀναιδῶς,
1140 733 1200 764 καὶ
1223 729 1316 764 θαυ-

241 771 400 825 μάζομεν
423 770 521 807 ὅπως
545 771 625 820 ἄχρι
648 773 716 807 νῦν
745 772 788 808 τὸ
809 770 893 807 κατ’
918 775 1060 818 ἐκείνην
1081 773 1241 831 ὑπήκοον
1264 775 1316 815 ἐξ·

1389 237 1458 273 erit
1479 236 1596 279 facile,
1621 241 1747 282 utpote
1770 241 1806 272 et
1828 237 1897 272 illis
1922 237 2186 274 subiacentibus
2209 239 2253 274 ei.

1386 284 1409 318 1
1454 282 1621 318 Intendat
1643 282 1764 327 itaque
1794 282 1946 318 maxime
1977 287 2129 319 mentem
2159 284 2377 320 aerariamm
2398 295 2463 331 gu-

1387 327 1589 363 bernationi
1605 337 1805 369 causarum,
1830 337 1923 372 quae
1946 327 1983 362 in
2001 331 2074 363 tam
2097 329 2289 374 pessimam
2308 331 2345 365 et
2358 330 2463 366 undi-

1355 375 1374 406 5
1388 381 1456 416 que
1491 372 1777 417 cauponaticiam
1813 372 1972 426 dilapsae
2003 375 2088 408 sunt
2117 375 2387 418 mercationem,
2421 377 2464 410 ut

1386 417 1485 452 nullo
1517 417 1625 461 digna
1651 427 1766 462 paene
1789 419 1973 453 consistat.
2023 418 2140 454 Tanta
2164 428 2315 464 namque
2339 419 2463 455 didici·

1386 472 1464 497 mus
1488 461 1643 507 delinqui
1673 463 1709 496 in
1741 463 1924 507 provincia
1955 467 2089 508 quanta
2117 463 2176 498 vix
2204 464 2280 499 viro
2309 464 2463 500 maximo

1388 509 1491 541 erunt
1523 507 1569 542 ad
1597 507 1818 542 sanationem
1847 507 1977 543 facilia.
2025 507 2228 543 Potentiam
2259 508 2351 544 enim
2377 518 2462 546 con·

1388 551 1554 587 ductores
1577 552 1860 596 possessionum,
1895 552 1957 588 sed
1987 552 2058 588 iam
2091 554 2199 588 etiam
2223 554 2463 590 erubescimus

557 591 622 637 ἤδη
645 595 704 626 καὶ
728 593 959 640 ερυθριῶμεν
982 594 1096 649 εἰπεῖν
1118 592 1209 640 μεθ’
1235 593 1319 638 ὅσης
1334 598 1374 630 10
1387 596 1506 632 dicere
1541 606 1621 632 cum
1677 601 1788 632 uanta
1824 597 2015 642 capiuntur
2045 598 2277 641 absurditate,
2312 601 2350 634 et
2380 599 2464 644 quia

1388 641 1535 677 clientes
1567 642 1618 677 eis
1650 651 1672 677 o
1699 644 1842 677 servant
1864 646 1901 677 et
1922 643 2112 679 multitudo
2136 643 2319 679 hominum
2341 643 2379 679 in
2406 654 2462 679 or-

1386 686 1506 722 tabilis
1537 686 1708 730 sequitur,
1741 689 1778 722 et
1799 686 2061 723 latrocinantur
2091 688 2248 724 universi
2275 689 2374 733 impu
2400 698 2462 724 en-

1386 734 1458 776 ter3
1495 734 1531 766 et
1561 731 1741 774 miramur,
1779 732 1955 776 quomodo
1990 732 2164 769 hactenus
2200 733 2275 768 illic
2309 732 2463 769 subiecti

1386 776 1603 811 duraverunt
1635 776 1807 821 oppressi.
1854 777 1980 821 Itaque
1999 777 2124 813 diebus
2154 778 2301 823 singulis
2325 777 2462 813 oranti-

242 828 389 862 ηρκεσεν
412 815 657 872 ἀδικοῂμξνον.
705 819 902 872 τοιγαροῦν
930 817 1061 875 ἡμέρας
1092 820 1248 908 §naor-q}
1262 817 1371 855 213-15
1384 820 1453 856 bus
1483 821 1587 856 nobis
1617 824 1652 856 et
1680 821 1881 856 communia
1913 822 2028 875 [sunt]
2053 823 2241 867 agentibus
2271 822 2463 858 multitudo

241 864 400 905 χομένοις
433 875 472 895 τε
507 875 593 907 ημιν
629 865 688 896 καὶ
723 876 769 897 τα
804 876 908 898 κοινα
941 875 1141 911 πραττουσι
1176 878 1205 900 π
1250 865 1318 899 θος

242 905 398 951 πρόςεισι
423 905 688 942 Καππαδοκῶν
719 905 978 953 ἀδικουμένων,
1011 913 1072 943 καὶ
1101 908 1226 945 πολλοὶ
1249 911 1317 954 μὲν

241 952 280 983 ἐν
305 947 422 985 αὐτοῖς
446 951 558 998 ἱερεῖς,
586 956 749 999 γυναῖκες
772 951 813 987 δὲ
836 951 884 988 ῶς
907 953 1084 996 πλεῖσται,
1107 958 1167 989 καὶ
1184 954 1316 989 πάντες

240 992 431 1040 ὀδύρονται
455 1000 515 1030 καὶ
546 996 614 1040 τὴν
638 999 716 1032 τῶν
740 999 884 1033 οἰκείων
906 997 1099 1054 ἀφαίρεσιν
1123 1000 1315 1033 αἰτιῶνται

1385 866 1474 901 adiit
1487 866 1786 911 Cappadocorum
1807 866 2018 902 iniustitiam
2042 877 2240 912 passorum,
2265 872 2302 903 et
2319 867 2463 913 plurimi

1385 910 1525 955 quidem
1548 911 1641 946 inter
1664 920 1725 946 eos
1750 911 1967 954 sacerdotes,
1991 912 2158 948 mulieres
2175 916 2295 948 autem
2315 912 2462 955 multae,

1384 957 1421 990 et
1444 966 1567 991 omnes
1590 955 1862 1000 ingemiscentes
1885 959 1922 991 et
1946 966 2092 992 suarum
2115 957 2330 992 ablationem
2354 966 2462 992 accu-

1385 1004 1503 1036 santes
1533 1010 1669 1044 rerum,
1702 1000 1785 1045 quia
1815 1000 1935 1036 nullus
1964 1005 2019 1036 est
2047 1002 2149 1037 iuxta
2177 1002 2239 1046 qui
2266 1002 2355 1037 talia
2377 1011 2461 1047 pro-

240 1040 474 1086 πραγμάτων,
488 1043 585 1096 ,ἐπεὶ
608 1041 712 1087 μήτις
743 1045 820 1078 ἐστὶ
851 1042 1020 1097 σύνεγγυας
1049 1058 1068 1078 ο
1093 1044 1140 1078 τὰ
1163 1045 1315 1078 τοιαῦτα
1329 1047 1371 1080 20
1383 1045 1506 1081 hibere
1528 1046 1634 1081 valet.
1681 1045 1825 1080 Aerarii
1854 1055 1937 1081 vero
1969 1047 2151 1091 possessio
2179 1056 2295 1092 paene
2324 1047 2463 1092 privata

238 1083 391 1119 κωλύειν
422 1087 566 1129 ἰσχυων.
620 1086 644 1131 ἡ
672 1088 847 1132 ταμειακὴ
878 1087 919 1123 δὲ
948 1101 1069 1132 κτησις
1099 1087 1166 1133 ἤδη
1188 1087 1316 1132 σχεδὸν

239 1127 402 1174 ῖδιωτικὴ
422 1134 569 1179 γέγονεν
592 1128 666 1176 ὅλη,
691 1130 927 1179 διασπωμένη
951 1147 991 1168 τε
1006 1137 1065 1168 καὶ
1081 1132 1315 1179 ἁρπαζομένη

238 1174 304 1208 σὺν
329 1175 452 1210 αὐταῖς
480 1180 558 1211 ταῖς
587 1178 666 1212 τῶν
686 1178 815 1213 ἵππων
837 1178 995 1225 ἀγέλαις,
1025 1177 1314 1226 ἀντιφθεγγομέ-

237 1232 299 1253 νου
323 1220 511 1256 παντελῶς
534 1220 686 1267 οὐδενός,
711 1221 800 1258 ἀλλὰ
824 1225 887 1259 τοῦ
911 1225 1089 1269 στόματος
1113 1221 1232 1259 αὐτοῖς
1256 1226 1315 1269 έμ-

237 1269 483 1311 φραττομένου
505 1271 652 1314 χρυσίῳ.

1383 1091 1482 1126 facta
1513 1092 1568 1126 est
1598 1092 1695 1132 tota,
1728 1090 1922 1126 dilacerata
1953 1095 2061 1136 atque
2093 1092 2233 1137 direpta
2262 1101 2344 1127 cum
2373 1091 2463 1136 ipsis

1384 1145 1556 1180 equorum
1579 1135 1758 1180 gregibus,
1791 1135 2059 1172 contradicente
2089 1137 2234 1182 penitus
2257 1136 2369 1181 nullo,
2398 1136 2463 1173 sed

1384 1190 1446 1216 ore
1469 1180 1521 1216 eis
1545 1182 1712 1217 obstruso
1735 1190 1837 1217 auro.

1329 1273 1370 1306 25

1230 1404 1388 1441 CAPUT
1411 1405 1475 1442 VI.

289 1480 357 1515 Διὰ
388 1482 504 1516 ταῦτα
539 1485 662 1517 τοίνυν
697 1484 762 1518 ἕνα
791 1484 871 1517 τῶν
901 1480 986 1528 ἡμῖν
1015 1496 1130 1531 γνωρι
1159 1483 1315 1518 ωτάτων

237 1527 427 1570 ἐπιστῆσαι
454 1528 497 1574 τῇ
527 1526 628 1573 χώρᾳ
657 1527 770 1572 ταύτῃ
794 1526 1020 1574 βουλόμεθα,
1053 1525 1091 1562 ὃς
1138 1527 1159 1583 ή
1183 1527 1315 1572 ταύτης

236 1573 297 1614 τῆς
325 1571 474 1618 τριπλῆς
504 1570 673 1629 ἡγήσεται
707 1564 861 1617 vosgensi,
895 1572 1004 1618 μόνος
1038 1575 1079 1608 ἐν
1111 1575 1210 1618 αυτῷ
1246 1573 1314 1617 τὴν

1435 1485 1631 1530 Propterea
1659 1484 1768 1530 igitur
1797 1496 1909 1521 unum
1938 1485 2042 1522 nobis
2065 1485 2333 1523 notissimorum
2355 1497 2460 1532 prae-

1382 1540 1516 1575 ponere
1549 1530 1756 1575 provinciae
1790 1531 1874 1566 huic
1904 1531 2084 1575 volumus,
2119 1531 2180 1576 qui
2214 1532 2298 1567 huic
2331 1532 2462 1578 triplici

1381 1575 1517 1620 praesit
1537 1574 1668 1620 officio,
1693 1576 1790 1612 solus
1813 1577 1852 1611 in
1877 1586 1916 1612 se
1939 1579 2055 1612 totum
2078 1576 2331 1613 circumferens
2350 1578 2460 1631 magi-

237 1613 325 1659 ὅλην
342 1620 550 1664 περιφέρων
571 1617 683 1664 αρχήν
706 1632 746 1653 τε
769 1622 829 1653 καὶ
851 1618 1027 1662 ἐξουσίαν,
1051 1621 1112 1652 καὶ
1131 1616 1314 1664 χρώμενος
1382 1623 1535 1656 stratum
1566 1624 1602 1656 et
1630 1622 1864 1666 potestatem,
1896 1625 2002 1657 utens
2035 1621 2175 1667 quidem
2205 1622 2324 1658 causis
2348 1621 2461 1658 civssis

234 1663 302 1703 μὲν
331 1665 404 1696 τοῖς
435 1660 658 1709 παρασήμοις
687 1666 749 1707 τῆς
778 1663 962 1699 πολιτικ”ς
990 1660 1097 1711 ἀρχῆς
1126 1663 1243 1709 ὄχημα
1272 1678 1313 1699 τε
1326 1667 1368 1700 30
1381 1665 1698 1706 administrationis
1732 1668 2012 1711 carpentumque
2040 1677 2086 1702 ex
2107 1670 2256 1711 argento
2280 1671 2316 1703 et
2337 1667 2460 1712 proxi-

236 1706 274 1746 ἐξ
303 1703 457 1754 ἀργύρου
489 1711 549 1742 καὶ
581 1707 732 1747 πέλεκυν
761 1711 822 1743 καὶ
852 1708 925 1756 ῥάβ
948 1720 1006 1743 ους
1033 1711 1129 1751 ἔχων
1158 1713 1219 1743 καὶ
1243 1706 1314 1744 ὅσα
1381 1721 1474 1746 mam
1498 1714 1576 1753 (seu
1600 1713 1775 1754 securem)
1809 1711 1864 1747 vel
1897 1711 2016 1747 fasces
2045 1711 2182 1747 habens
2211 1715 2247 1747 et
2269 1722 2460 1756 quaecum-

323 1755 339 1761 ”
1381 1766 1450 1801 que
1477 1755 1578 1800 signa
1613 1759 1699 1791 sunt
1729 1755 1879 1801 antiqua
1907 1757 2013 1802 legis,
2049 1756 2240 1802 imperabit
2273 1760 2394 1793 autem
2423 1758 2462 1794 et

234 1800 293 1830 καὶ
317 1799 391 1843 τοῖς
413 1797 669 1844 στρατιώταις,
699 1802 760 1833 καὶ
784 1797 1036 1843 ἐπιμελήσεται
1064 1799 1143 1834 τῶν
1165 1813 1311 1843 ταμεια·
1381 1801 1551 1837 militibus
1587 1804 1624 1836 et
1684 1801 1692 1808 '
1710 1801 1719 1810 '
1743 1801 1874 1837 entiam
1914 1801 2062 1838 habebit
2096 1802 2317 1838 aerariorum
2351 1811 2459 1848 quae-

234 1842 310 1875 κῶν
334 1841 471 1890 πόρων,
506 1840 594 1878 ὥςτε
618 1845 749 1891 φοιτᾶν
780 1843 907 1879 αὐτοὺς
931 1839 1134 1879 ἀνελλιπῶς
1157 1842 1312 1879 ἁπάσαις
1382 1849 1518 1890 stuum,
1554 1848 1596 1882 ut
1630 1856 1717 1882 acce
1742 1849 1806 1882 an't
1840 1845 2086 1883 indeficienter
2120 1847 2167 1882 ad
2200 1857 2323 1883 omnes
2352 1857 2461 1893 super

233 1890 310 1921 ταῖς
334 1889 395 1921 ἐπὶ
417 1885 537 1932 τούτῳ
561 1893 794 1937 τεταγμέναις
821 1887 962 1937 ἀρχαῖς,
993 1891 1053 1922 καὶ
1076 1888 1200 1933 πολλῷ
1223 1888 1311 1934 μᾶλ-
1325 1893 1366 1926 35
1381 1891 1451 1927 hoc
1483 1894 1639 1927 statutas
1670 1891 2015 1936 administrationes,
2051 1895 2087 1928 et
2118 1891 2231 1928 multo
2268 1893 2382 1937 magis
2413 1892 2462 1928 ad
2507 1917 2511 1922 ·

234 1930 299 1966 λον
321 1933 369 1967 εἰς
390 1932 436 1967 τὰ
459 1929 610 1982 ἡμέτερα
633 1934 816 1978 βασίλεια,
840 1933 1012 1980 καθάπερ
1034 1937 1094 1968 καὶ
1118 1935 1186 1969 νῦν
1208 1947 1311 1981 προς-
1381 1938 1506 1972 nostra
1528 1936 1679 1982 regalia,
1712 1937 1808 1972 sicut
1831 1939 1868 1972 et
1890 1947 1987 1973 nunc
2010 1937 2187 1972 accedunt
2210 1938 2401 1974 occasione
2422 1941 2461 1974 et

234 1980 410 2022 ε’ρχονται,
434 1978 613 2025 προφάσει
635 1981 714 2015 τῶν
733 1993 775 2014 τε
794 1980 843 2014 εἰς
858 1977 948 2024 ἡμᾶς
966 1981 1214 2024 κομιζομένων
1233 1981 1312 2015 τῶν
1381 1991 1505 2017 eorum
1529 1992 1620 2027 quae
1642 1981 1690 2016 ad
1713 1992 1780 2018 nos
1803 1981 2013 2017 deferuntur
2041 1985 2077 2018 et
2100 1991 2192 2027 quae
2220 1981 2268 2018 ad
2290 1982 2459 2019 matis-

233 2035 274 2075 τε
305 2022 353 2076 εἰς
383 2022 450 2066 τὴν
481 2023 677 2078 θειοτάτην
708 2027 768 2059 καὶ
800 2020 1063 2069 εὐσεβεστάτην
1093 2022 1313 2081 Αὖγοῦστιξν
1383 2027 1507 2062 simam
1531 2030 1567 2061 et
1584 2026 1781 2072 piissimam
1801 2027 1836 2062 A
1849 2072 1858 2080 .
1887 2071 1896 2080 ·
1927 2030 2001 2062 tam
2020 2026 2398 2081 nostrampoiliugem,
2420 2027 2460 2064 in

232 2070 1219 2160 ἷηνὸἕῖῗέἕαέωῗέἕῗιὲἷᾶτῖνωῗῆἔέῗῗῇιῖἴεέῗηῖἓ
1240 2083 1312 2161 μ”ἔν
1325 2119 1368 2152 40
1381 2074 1910 2153 ῗἭῖἓωὲηὲἓέξῗὲιὶηῒω
1935 2082 2027 2153 {2¹2²
2039 2071 2459 2154 iffiesffiffla'ffluffii

233 2156 326 2191 κατὰ
345 2157 387 2192 τὸ
407 2159 573 2194 τοιοῦτον
597 2157 772 2195 δίδοσθαι
793 2161 911 2205 σχῆμα
933 2158 1105 2207 καθάπερ
1123 2162 1228 2206 μέχρι
1243 2162 1316 2195 νῦν

236 1764 362 1795 σημεια
393 1752 620 1797 καθέστηκεν
653 1751 784 1799 ἀρχαῖα
817 1756 882 1789 τοῦ
915 1752 1044 1799 νόμου,
1080 1752 1242 1795 ἐπιτάξει
1272 1753 1313 1788 δὲ

233 2247 346 2292 iqitur
369 2253 454 2294 aqet
476 2248 672 2283 secundum
694 2260 828 2285 morem
851 2249 1017 2292 solitum,
1049 2250 1221 2286 militibus
1243 2255 1363 2286 autem
1386 2251 1486 2286 nullo
1511 2251 1656 2297 neqotio
1680 2251 1885 2297 imperabit,
1918 2251 2054 2297 quippe
2077 2251 2141 2297 qui
2162 2251 2234 2298 ipsi
2257 2262 2402 2304 quoque
2423 2252 2458 2288 ci

232 2294 253 2326 1
308 2292 457 2328 subiecti
478 2293 560 2328 sint.
654 2294 836 2330 Advertat
857 2305 941 2330 vero
965 2294 1122 2330 animum
1145 2295 1314 2342 inprimis
1337 2295 1386 2331 ad
1410 2296 1647 2331 tamiacarum
1669 2306 1790 2331 rerum
1815 2295 2174 2339 administrationem,
2203 2306 2298 2342 quae
2322 2306 2362 2332 m
2384 2299 2459 2333 tm

233 2347 378 2382 qravem
408 2342 445 2373 et
471 2338 629 2384 undique
659 2339 818 2375 venalem
849 2339 1021 2386 delapsae
1054 2343 1142 2376 sunt
1173 2344 1388 2383 mercatum,
1423 2345 1466 2376 ut
1499 2341 1599 2377 nullo
1634 2341 1717 2387 sere
1746 2341 1872 2387 pretio
1908 2340 1947 2376 di
1973 2351 2042 2376 nae
2075 2340 2158 2376 sint.
2219 2339 2336 2379 Tanta
2364 2341 2459 2379 enim

234 2383 438 2433 accepimus
469 2383 641 2418 committi
668 2384 707 2419 in
734 2385 924 2431 provincia
955 2385 1103 2430 quantis
1130 2385 1195 2421 vix
1222 2386 1278 2422 vir
1302 2385 1485 2422 maximus
1513 2385 1691 2422 sanandis
1712 2397 1790 2434 par
1812 2386 1870 2422 sit.
1961 2397 2020 2421 am
2050 2385 2114 2432 qui
2141 2387 2344 2432 potentium
2367 2397 2458 2434 pos·-

233 2437 410 2462 sessiones
433 2427 686 2463 administrant
709 2449 752 2455 —
775 2429 840 2465 sed
861 2430 933 2465 iam
957 2431 1065 2465 etiam
1088 2430 1208 2466 dicere
1231 2430 1490 2475 erubescimus,
1525 2435 1665 2477 quanta
1688 2441 1768 2466 cum
1791 2430 2015 2467 absurditate
2043 2431 2210 2467 oberrent
2232 2434 2268 2467 et
2289 2430 2457 2478 quemad-

234 2470 378 2506 modum
401 2476 437 2507 et
458 2472 631 2508 satellites
654 2473 727 2508 illis
749 2474 946 2510 inserviant
969 2480 1005 2510 et
1027 2475 1219 2511 multitudo
1241 2475 1421 2511 hominum
1442 2487 1517 2511 non
1534 2476 1693 2522 ferenda
1712 2487 1776 2512 eos
1802 2476 1990 2512 comitetur
2013 2486 2206 2527 omnesque
2231 2475 2459 2523 impatimur

235 2515 508 2559 latrocinentur,
545 2528 589 2552 ac
619 2518 793 2554 miramur
825 2520 1006 2565 quomodo
1038 2531 1152 2566 usque
1181 2520 1302 2556 adbuc
1323 2520 1458 2556 subditi
1488 2522 1528 2556 in
1557 2521 1624 2556 illa
1654 2521 1803 2568 reqione
1825 2521 2111 2568 perduraverint
2138 2520 2284 2556 iniuriis
2311 2521 2364 2567 af
2377 2521 2458 2558 ccii.

236 2558 367 2610 {taque
390 2561 550 2606 quotidie
578 2573 645 2598 nos
673 2569 708 2599 et
739 2575 812 2599 rem
844 2564 1000 2600 divinam
1028 2565 1210 2610 facientes
1241 2569 1276 2601 et
1298 2565 1452 2612 publica
1474 2566 1623 2613 neqotia
1652 2569 1851 2602 tractantes
1880 2565 2073 2602 multitudo
2097 2564 2175 2601 adit
2200 2564 2300 2613 Capp
2353 2576 2457 2603 ocum

236 2605 380 2639 iniuriis
404 2605 627 2650 affectorum,
659 2608 824 2654 interque
854 2620 917 2644 eos
947 2620 1027 2645 cum
1049 2610 1259 2647 sacerdotes
1281 2610 1384 2646 multi
1414 2614 1488 2647 tum
1514 2612 1696 2658 plurimae
1723 2611 1907 2654 mulieres,
1938 2621 2131 2657 omnesque
2156 2610 2402 2647 lamentantur
2421 2613 2460 2648 et

236 2659 295 2683 res
320 2659 407 2684 suas
436 2650 577 2695 ablatas
607 2662 682 2687 esse
710 2657 922 2698 queruntur,
953 2655 1126 2700 quoniam
1154 2667 1258 2691 nemo
1287 2657 1324 2691 in
1345 2657 1562 2703 propinquo
1594 2660 1650 2692 est
1679 2657 1742 2702 qui
1774 2655 1864 2691 talia
1879 2655 2080 2702 prohibere
2129 2655 2226 2691 ossit.
2287 2655 2457 2693 Tan-tace

236 2704 321 2729 vero
338 2695 523 2745 possessio
546 2696 619 2730 iam
640 2698 722 2742 fere
744 2702 820 2733 tota
837 2700 988 2744 privata
1009 2700 1117 2745 facta
1140 2705 1205 2743 est,
1230 2701 1407 2736 distracta
1430 2704 1467 2737 et
1490 2712 1569 2737 cum
1592 2701 1683 2748 ipsis
1707 2711 1882 2748 equorum
1900 2699 2074 2747 qreqibus
2118 2700 2251 2747 irepta,
2274 2710 2341 2737 nec
2359 2700 2456 2748 quis·

237 2748 346 2783 quam
369 2749 514 2774 omnmo
536 2741 763 2784 contradicit,
787 2753 867 2777 cum
891 2754 933 2778 os
956 2745 1008 2779 eis
1031 2756 1122 2780 auro
1147 2746 1330 2781 occlusum
1352 2746 1410 2781 sit.

292 2828 299 2835 ι
371 2782 448 2835 VI..
486 2783 563 2835 Fro
594 2789 691 2821 terea
720 2787 833 2832 iqitur
862 2799 972 2823 unum
1003 2800 1054 2825 σω
1084 2790 1130 2825 iis
1161 2791 1226 2842 qui
1247 2791 1352 2827 nobis
1374 2790 1551 2827 notissimi
1574 2795 1661 2827 sunt
1688 2790 1772 2826 huic
1800 2791 1943 2838 reqioni
1958 2790 2164 2838 praeficere
2186 2789 2361 2833 volumus,
2392 2789 2458 2837 qui

236 2827 379 2881 quidem
400 2828 533 2880 triplici
586 2830 791 2909 uic-officio
839 2834 950 2883 raesit
976 2838 1013 2869 et
1030 2834 1131 2870 solus
1154 2846 1193 2870 in
1212 2840 1323 2872 semet
1345 2846 1484 2871 omnem
1505 2839 1542 2872 et
1559 2836 1813 2882 maqistratum
1836 2841 1874 2872 et
1883 2839 2104 2887 potestatem
2123 2834 2404 2887 comprehendat
2420 2837 2459 2871 et

235 2873 438 2919 ins-aquibus
462 2873 604 2925 quidem
628 2884 693 2910 cam
709 2886 742 2910 is
765 2887 787 2911 a
813 2877 1089 2914 ministrationis
1111 2883 1247 2923 utatur,
1279 2890 1390 2916 curru
1421 2891 1471 2917 ea:
1494 2886 1648 2927 arqento
1669 2881 1775 2927 facto
1805 2885 1842 2918 et
1862 2881 1984 2917 securi
2009 2883 2046 2916 et
2067 2880 2182 2927 mrqis
2235 2878 2400 2916 raedam
2420 2882 2457 2916 ct

235 2928 480 2970 quaecumque
503 2923 655 2971 antiqua
678 2920 784 2970 siqua
809 2920 967 2966 leqitima
984 2927 1079 2966 sunt,
1104 2924 1197 2959 idem
1215 2930 1333 2961 autem
1352 2925 1525 2961 militibus
1547 2936 1693 2978 quoque
1711 2926 1864 2973 imperet
1885 2930 1920 2962 et
1931 2924 2143 2972 prospiciat
2161 2935 2202 2961 re
2233 2924 2336 2960 ‘tibus
2353 2923 2456 2960 tanni-

236 2973 332 3005 aczs,
364 2967 406 2998 ut
434 2973 514 2998 sine
544 2968 805 3000 intermisszone
837 2966 886 3000 ad
915 2977 1037 3002 omnes
1065 2969 1302 3015 maqistratus
1333 2970 1382 3005 ad
1412 2970 1481 3006 lzoc
1511 2974 1727 3007 constitutos
1757 2975 1793 3006 et
1815 2971 1928 3007 multo
1952 2970 2070 3016 maqis
2094 2969 2145 3005 ad
2165 2973 2329 3005 nostrum
2349 2968 2456 3016 pata-

235 3008 323 3043 tium
339 3008 566 3054 perveniant,
598 3009 893 3059 quemadmodum
916 3022 1012 3046 nunc
1038 3024 1183 3058 quoque
1200 3015 1431 3060 perveniunt,
1464 3019 1537 3051 tam
1560 3026 1685 3051 eorum
1707 3015 1851 3052 nomine
1879 3026 1974 3062 quae
1996 3014 2047 3051 ad
2068 3025 2137 3051 nos
2158 3024 2268 3061 quam
2291 3025 2385 3061 quae
2407 3012 2458 3050 ad

233 3053 517 3088 sacratissimam
541 3056 576 3088 et
591 3054 796 3099 piissimam
807 3054 1009 3099 Auqustam
1033 3058 1219 3104 coniuqem
1243 3063 1406 3095 nostram
1429 3060 1647 3105 deferuntur
1669 3065 1705 3096 et
1727 3061 1766 3096 in
1785 3071 1879 3096 auro
1901 3065 1938 3096 et
1959 3060 1998 3095 in
2017 3063 2130 3096 veste:
2151 3058 2243 3095 nihil
2260 3058 2456 3095 enim-inde

234 3100 256 3134 1
303 3097 461 3133 deminui
485 3097 658 3133 volumus.
730 3097 805 3133 Nec
830 3102 948 3134 tamen
971 3101 1164 3137 secundum
1188 3104 1363 3139 eiusmodi
1383 3105 1558 3150 formam,
1589 3105 1768 3152 quomodo
1792 3116 1907 3152 usque
1929 3103 2049 3141 adhuc
2067 3103 2188 3150 fiebat,
2212 3113 2263 3140 ex
2283 3103 2400 3149 furtis
2419 3105 2457 3140 et

283 3205 295 3235 1
325 3200 578 3246 στρατιωτῶν]
600 3199 802 3231 militaribus
825 3201 859 3240 (i.
882 3213 907 3233 ε.
933 3204 1220 3245 στρατιωτικῶν)
1246 3218 1264 3240 ς
1298 3203 1310 3245 11

235 3249 255 3281 2
280 3243 421 3291 σφόδρα
434 3258 491 3279 om.
505 3243 552 3289 :fl
571 3247 591 3278 5
617 3245 793 3289 ἐμπορίαν
809 3245 916 3285 ΜΒς]
941 3241 1097 3291 ἀπορίαν
1109 3248 1141 3279 L
1156 3248 1167 3289 11
1188 3250 1206 3281 2
1232 3249 1309 3288 &Em

234 3291 310 3334 L¹ll
329 3293 349 3324 9
373 3287 521 3324 εὔκολον
540 3290 572 3323 L
589 3289 602 3330 11
618 3290 869 3333 ἑπὶτρέποντες
894 3290 924 3322 L
941 3290 952 3332 11
975 3292 1014 3322 10
1036 3290 1220 3335 ἐρυθριῶν
1242 3295 1309 3336 μὲν

234 3335 308 3392 Ε“11
323 3338 359 3370 11
375 3332 539 3369 ἀλῶνται
552 3334 609 3375 Μ]
620 3330 803 3367 ἀλλῶνται
817 3334 848 3367 L
865 3330 1026 3367 ἀλῶνται
1041 3337 1096 3371 Βς
1111 3335 1123 3379 11
1145 3338 1184 3369 12
1200 3336 1309 3381 θερα-

233 3390 428 3416 πευσουσιν
451 3381 503 3414 L⁰
531 3379 544 3422 11
571 3375 734 3422 πλήθους
757 3379 789 3412 L
817 3378 830 3423 11
860 3377 1019 3423 φορητὸν
1042 3381 1111 3421 Bc]
1165 3383 1308 3425 ορητῶν

235 3427 335 3470 MLu
356 3428 396 3460 15
421 3419 632 3467 εὖχομένοις]
657 3420 927 3467 ἀσχολουμένοις
946 3424 995 3456 L²
1010 3423 1022 3467 11
1051 3426 1090 3457 19
1114 3421 1134 3458 0'
1160 3424 1307 3470 ύρονται

232 3491 278 3497 -——
295 3471 498 3512 αἰτιῶνται]
523 3470 775 3513 ingemiscentes
788 3487 830 3493 —
846 3471 1036 3501 accusantes
1061 3481 1080 3505 ς
1095 3470 1107 3513 11
1127 3471 1169 3503 22
1194 3466 1306 3515 ἁρπα.

234 3519 380 3560 ζομένης
392 3517 423 3549 L
442 3517 454 3560 11
470 3517 512 3550 29
534 3516 594 3548 καὶ
609 3511 802 3561 χρώμενος]
823 3514 883 3546 καὶ
905 3526 963 3547 om.
978 3524 998 3549 ς
1015 3512 1028 3557 11
1044 3516 1087 3547 30
1104 3516 1177 3547 τοῖς
1193 3526 1306 3561 παρα·

233 3560 559 3640 Ξῆμὲῗῗτῖῗῗιῖαᾞι
575 3562 619 3638 ἶῗ
642 3559 854 3648 Σῖιῗῖξῗῖαί
867 3559 909 3638 ἐξ
917 3558 990 3644 Ἰτῗῗ
1004 3555 1306 3649 ἑῖἶῖἔιῗιῦῗιῗῖόᾜ

259 3622 277 3639 U

233 3620 374 3686 mimive
399 3652 429 3684 L
452 3652 514 3684 hoc
530 3662 550 3687 ς
567 3651 580 3696 11
603 3617 785 3694 κζιθάπερ]
810 3651 843 3682 et
863 3649 950 3682 siout
974 3660 994 3686 ς

1427 3208 1442 3240 1
1468 3207 1707 3240 consuetudine
1737 3206 1802 3260 711
1827 3209 1886 3239 aut
1918 3206 1950 3239 V
1969 3205 1983 3250 11
2012 3207 2032 3240 2
2056 3207 2175 3248 utpute
2207 3206 2242 3239 V
2302 3206 2322 3238 3
2344 3205 2455 3238 monte

1379 3251 1456 3284 libri
1472 3252 1519 3295 115
1545 3252 1744 3295 cauponatia
1767 3251 1974 3294 dilapserunt
1996 3250 2196 3284 mercatione
2216 3249 2251 3283 V
2289 3251 2311 3284 6
2334 3249 2454 3292 dignae

1377 3304 1480 3336 paene
1504 3298 1685 3330 consistant
1708 3297 1793 3341 ναῖς.
1822 3296 1836 3340 11
1863 3307 1950 3340 pena
1980 3295 2016 3329 V
2037 3294 2051 3339 fl
2078 3297 2096 3328 7
2128 3294 2338 3338 prouinciam
2363 3294 2398 3328 T
2439 3292 2454 3338 11

1377 3340 1517 3373 maxime
1538 3342 1592 3386 711
1611 3343 1632 3375 9
1653 3342 1752 3375 etiam
1773 3355 1831 3375 οηι.
1849 3342 1903 3386 711
1924 3343 1965 3376 14
1985 3340 2216 3374 orantionibus
2237 3337 2314 3383 7“11
2335 3340 2374 3374 15
2391 3348 2452 3372 no·

1377 3383 1428 3415 bis
1446 3396 1504 3417 om.
1525 3386 1603 3419 Vin
1625 3387 1714 3420 hiatu
1727 3387 1748 3420 3
1762 3387 1820 3420 liu.
1847 3385 1860 3431 11
1882 3388 1916 3419 et
1928 3395 2012 3428 quae
2024 3385 2212 3418 communia
2223 3386 2302 3417 sunt
2313 3383 2416 3418 Neob.
2438 3381 2453 3427 fl

1376 3430 1455 3459 sunt
1478 3442 1535 3462 om.
1550 3432 1637 3474 vulq.
1653 3431 1666 3474 11
1690 3431 1846 3473 gentibus
1870 3432 1948 3465 libri
1960 3430 1973 3475 11
2004 3432 2043 3465 16
2066 3430 2306 3474 oapadocorum
2324 3428 2358 3462 T
2424 3471 2433 3480 ⁶

1375 3471 1536 3513 padorum
1557 3475 1611 3518 711
1629 3486 1849 3518 possessorum
1869 3475 1958 3519 7Τ11
1986 3477 2026 3510 19
2048 3475 2240 3518 prohiberet
2261 3471 2319 3517 7Ι
2339 3474 2381 3507 21
2435 3489 2450 3496 -

1376 3515 1484 3549 lacera
1513 3519 1547 3550 V
1609 3521 1650 3553 27
1676 3520 1803 3563 triplici
1826 3521 1961 3564 praesit]
1992 3519 2147 3553 uolumus
2176 3519 2243 3562 711
2272 3518 2315 3552 29
2338 3517 2448 3557 utem]

1375 3561 1414 3592 ut
1437 3563 1485 3593 est
1518 3562 1569 3602 71
1601 3566 1640 3598 31
1668 3565 1724 3597 uel
1750 3566 1848 3607 Tal.]
1874 3568 1913 3598 ut
1945 3565 1979 3598 V
2000 3567 2033 3598 et
2056 3577 2096 3598 vu
2133 3589 2141 3597 .
2169 3563 2320 3609 flfalsces
2353 3562 2403 3595 1⁷⁰
2436 3560 2452 3650 n

1376 3606 1418 3638 32
1442 3605 1619 3648 imperauit
1646 3608 1703 3651 711
1725 3610 1769 3642 34
1792 3610 2018 3643 indeficientes
2044 3609 2107 3643 VT
2155 3610 2197 3643 36
2221 3609 2365 3640 noetmm
2387 3605 2421 3640 V

1375 3651 1408 3682 et
1428 3653 1552 3692 eorum]
1572 3655 1604 3685 et
1627 3665 1685 3685 om.
1709 3653 1761 3686 V⁰
