2476 3854
117 93 227 149 App.
245 93 324 138 VII
355 96 493 137 5—12

1180 91 1260 140 800

1715 110 2009 146 CONSTI'I'UTIO
2037 113 2327 148 PRAGMATICA

112 204 292 240 actionem
315 205 371 241 vel
395 205 590 250 potentiam
613 204 668 239 vel
690 204 840 248 gratiam
863 204 960 249 apud
984 214 1063 241 eum
1087 205 1317 247 habentibus,
1341 206 1415 243 sive
1429 207 1631 245 venditione
1646 209 1702 245 vel
1718 209 2000 257 quibuscumque
2016 212 2191 248 contracti
2205 212 2332 255 titulis,

112 249 219 285 modo
249 259 333 286 vero
365 250 460 296 quod
491 250 627 284 sactum
651 254 706 284 est
729 249 829 293 prius
851 249 1006 286 rescindi
1024 250 1239 294 desiderare,
1263 253 1390 296 utpote
1412 263 1477 298 per
1500 253 1702 290 violentiam
1725 255 1780 291 vel
1803 265 1868 300 per
1888 261 2021 292 metum
2043 257 2221 302 tyrannici
2243 262 2332 293 tem-

114 296 212 339 poris
243 295 390 338 factum,
424 295 602 330 sancimus
633 294 797 330 omnibus
827 303 906 330 esse
929 294 1108 331 licentiam
1132 297 1188 332 sui
1206 297 1404 341 recipiendi
1428 297 1501 333 sive
1523 299 1726 335 vindicandi
1749 300 1805 335 vel
1827 301 2065 346 possessionis
2088 311 2112 337 a
2129 301 2247 339 iudice
2269 302 2332 338 ad-

112 340 331 384 ipiscendae,
357 340 483 384 pretiis
506 339 753 375 tantummodo
777 339 943 375 videlicet
964 340 1148 383 restitutis,
1171 350 1263 387 quae
1287 347 1404 378 tamen
1430 352 1471 378 eo
1495 344 1556 389 qui
1579 354 1618 380 se
1641 344 1782 380 dedisse
1805 345 1969 391 perhibet
1987 346 2210 391 adprobante
2232 356 2332 383 vera-

115 385 205 419 citer
233 385 434 420 constiterit
458 385 631 426 exsoluta,
656 393 722 420 nec
745 383 866 429 aliquo
891 388 1018 430 postea
1041 385 1145 422 modo
1169 386 1225 422 vel
1247 386 1375 423 fraude
1397 388 1583 424 subtracta
1604 389 1660 425 vel
1680 389 1726 426 ab
1750 399 1792 425 eo
1816 394 1977 436 recepta3
2002 401 2082 427 cum
2105 402 2176 428 non
2197 392 2334 438 absque
2356 393 2376 426 5

111 430 249 465 ratione
278 439 357 465 esse
385 432 566 474 putamus,
597 429 710 464 multa
738 431 827 466 tunc
857 430 1027 473 temporis
1051 440 1117 476 per
1139 433 1275 467 metum
1297 432 1354 469 vel
1377 433 1581 469 violentiam
1604 433 1704 470 facta
1726 443 1818 480 esse,
1845 445 1936 480 quae
1960 436 2092 472 nostris
2114 437 2333 482 temporibus

113 474 269 510 rescindi
294 475 457 520 exposcit
478 474 633 519 iustitia3
658 483 775 519 poena
796 474 961 511 videlicet
982 475 1228 513 instrumentis
1251 475 1388 513 inserta
1410 481 1560 524 propter
1581 479 1783 525 praedictas
1807 481 2011 518 sanctiones
2030 480 2144 518 modis
2167 481 2334 519 omnibus

111 519 326 564 quiescente.
375 519 459 556 Dat.
483 519 552 556 sub
576 520 633 555 die
655 528 751 556 anno
773 522 810 555 et
833 529 933 556 cons.
958 530 1005 557 ss.

110 611 135 646 6
270 609 335 646 De
368 613 568 654 tempore
601 610 902 654 postliminii,
936 610 981 647 id
1014 613 1084 647 est
1116 614 1220 656 post
1254 612 1594 657 captivitatem.
1644 613 1733 650 Cum
1765 617 1885 650 autem
1918 615 1983 652 deo
2019 616 2175 662 propitio
2207 618 2331 652 nostro

110 655 258 700 imperio
291 656 364 691 sint
394 664 517 691 omnes
545 655 712 698 restituti,
744 655 924 691 sancimus
953 665 1020 701 pro
1051 659 1257 692 nostrarum
1282 658 1399 702 legum
1431 659 1648 694 auctoritate
1677 659 1823 704 triginta
1850 669 1916 696 nec
1940 671 2013 697 non
2036 665 2072 696 et
2095 660 2332 707 quadraginta
2359 662 2400 696 10

110 710 284 752 annorum
315 700 643 752 praescriptionem,
674 700 765 736 alias
794 700 943 746 insuper
973 701 1110 745 legibus
1137 715 1153 733 α
1169 716 1186 733 ι
1204 715 1220 733 ιι
1245 702 1376 756 locum·
1395 702 1528 739 habere
1563 706 1601 756 et
1623 713 1725 740 suam
1748 707 1955 757 tenerehper
1978 706 2098 742 omnia
2120 706 2333 749 firmitatem,

109 745 834 836 itifp‘iiomnffniaiiiiiffiiibuisspiffiaiffl
858 746 1279 837 “iiii‘iafyril'QffrEss.
1292 747 1918 840 b33÷5²d25³i¹32ffl33122330ffi
1939 751 2334 841 ’ἑᾞὲῗθὶῗνὶῗιιῗῖἰῖ

109 836 233 871 Basilii
256 847 309 872 vc.
335 845 430 872 anno
454 835 553 872 X111.

110 927 130 961 7
266 926 322 962 Ut
344 926 650 962 instrumenta
672 925 820 962 inrita
865 926 977 972 non)
999 928 1289 963 revocentur.
1336 927 1445 972 <Cum
1469 927 1605 972 autem>
1628 928 1867 972 cognovimus,
1893 929 1976 964 dum
1998 929 2139 966 hostilis
2162 929 2332 966 ferocitas
2361 931 2398 964 15

2172 843 2219 883 [a.
2243 843 2334 883 554]

110 971 310 1006 Romanam
342 971 522 1007 civitatem
552 971 607 1006 vel
639 971 728 1007 alias
760 971 839 1006 obsi
865 974 951 1015 eret,
983 971 1142 1008 diversos
1175 975 1381 1008 contractus
1413 982 1494 1009 esse
1524 972 1642 1009 factos
1672 974 1766 1009 inter
1789 973 1970 1010 Romanos
2017 974 2055 1010 ui
2077 974 2334 1011 obsidebantur

109 1016 164 1052 vel
196 1016 301 1051 etiam
331 1016 568 1052 instrumenta
602 1016 821 1061 conscripta,
852 1016 890 1051 in
918 1017 1101 1062 praesenti
1132 1026 1215 1053 vcro
1248 1017 1423 1062 quosdam
1453 1017 1658 1063 praedictos
1692 1022 1901 1055 contractus
1923 1018 2126 1056 rescindere
2147 1020 2203 1056 vel
2227 1019 2333 1056 etiam

110 1062 350 1097 instrumenta
380 1061 482 1097 irrita
511 1071 694 1104 revocare,
727 1062 923 1104 sancimus,
953 1062 1022 1098 etsi
1050 1064 1178 1107 postea
1208 1072 1274 1107 per
1306 1062 1471 1099 hostilem
1502 1063 1740 1099 incursionem
1764 1064 1968 1100 huiusmodi
1996 1065 2209 1101 documenta
2237 1065 2333 1110 peri·

110 1110 226 1150 erunt,
258 1107 392 1143 nullam
424 1116 502 1143 esse
532 1106 713 1142 licentiam
745 1116 837 1152 quae
866 1106 965 1142 facta
996 1110 1082 1144 sunt
1112 1107 1325 1151 infirmandi,
1350 1108 1413 1144 sed
1441 1118 1563 1144 omnes
1582 1111 1790 1145 contractus
1814 1109 2009 1147 obsidionis
2032 1113 2192 1155 tempore
2213 1108 2332 1146 factos

108 1152 147 1187 in
177 1162 244 1188 sua
274 1152 443 1187 firmitate
474 1151 623 1195 durare,
654 1153 900 1188 instrumentis
931 1152 1038 1188 etiam
1069 1155 1327 1198 competentem
1356 1152 1427 1189 vim
1457 1153 1634 1189 habituris
1665 1157 1702 1190 et
1733 1154 1832 1191 nullo
1865 1164 1930 1200 per
1959 1164 2083 1192 eorum
2106 1154 2333 1191 amissionem
2357 1155 2400 1190 20

809 1197 913 1241 Quod
944 1198 1038 1233 enim
1067 1198 1135 1234 rite
1157 1197 1357 1244 perfectum
1380 1200 1453 1243 est,
1486 1208 1552 1244 per
1574 1198 1742 1235 fortuitos
1765 1198 1850 1235 belli
1874 1209 1979 1237 casus
2002 1199 2162 1237 subverti
2194 1199 2334 1237 subtili·

109 1197 263 1233 dominis
293 1196 516 1243 praeiudicio
547 1197 761 1241 generando.

109 1242 195 1279 tatis
218 1253 292 1279 non
315 1242 453 1288 patitur
472 1242 577 1278 ratio.
623 1242 709 1280 Dat.
733 1252 828 1279 anno
847 1243 904 1278 die
929 1246 963 1279 et
987 1253 1086 1280 cons.
1111 1253 1160 1280 ss.

112 1334 135 1369 8
272 1332 335 1368 De
358 1333 496 1369 rebus
520 1332 768 1368 mobilibus
790 1332 862 1368 vel
884 1332 1215 1369 immobilibus.
1263 1333 1336 1370 Res
1359 1333 1507 1379 insuper
1529 1333 1678 1370 mobiles
1693 1333 1749 1370 vel
1762 1334 1959 1370 immobiles
1974 1344 2124 1380 seseque
2139 1337 2334 1378 moventes,

110 1387 199 1423 quas
231 1387 254 1413 a
281 1378 497 1414 Theudorici
528 1378 622 1423 regis
645 1378 866 1423 temporibus
890 1388 1004 1423 usque
1027 1379 1074 1414 ad
1096 1378 1340 1415 nefandissimi
1364 1378 1505 1414 Totilae
1529 1382 1779 1424 superventum
1805 1389 2027 1425 quocumque
2048 1380 2127 1416 iure
2149 1380 2205 1416 vel
2227 1379 2334 1416 titulo

109 1423 264 1459 Romani
295 1423 501 1468 possedisse
530 1426 730 1459 noscuntur
759 1433 824 1469 per
856 1433 895 1459 se
925 1423 980 1459 vel
1011 1422 1296 1460 usufructuarias
1318 1424 1375 1460 vel
1397 1423 1487 1459 alias
1510 1433 1695 1469 personas,
1718 1434 1784 1478 per
1808 1433 1897 1470 quas
1920 1434 2205 1471 unumquemque
2226 1433 2331 1471 prae-
2356 1426 2398 1460 25

110 1468 215 1550 ‘3222
228 1468 1870 1559 usitateisssaffi‘sszssnz0zissaiilffltszffitzssffifflp{instratus⁶2:¹⁶⁶”00‘
1891 1469 2026 1515 ⁰“¹³¹¹⁰’
2051 1479 2121 1516 ‘¹¹²⁰
2145 1480 2211 1516 ¹³⁰⁸
2226 1479 2332 1516 ΡΜ·

141 1525 153 1549 1
1097 1541 1105 1550 .
1229 1542 1238 1551 .
1635 1541 1643 1550 .
1706 1539 1714 1549 .

109 1605 134 1641 9
272 1604 359 1640 Pro
391 1604 683 1640 immunitate
712 1603 1004 1641 tributorum.
1051 1604 1107 1641 Ne
1138 1607 1257 1640 autem
1287 1603 1501 1641 tributorum
1525 1604 1722 1642 exactionis
1746 1604 1880 1641 intuitu
1902 1604 2126 1641 habitatores
2149 1603 2335 1651 patiantur

110 1649 293 1685 molestias
326 1659 570 1702 quascumque
599 1649 873 1702 provinciarum,
905 1650 1084 1686 sancimus
1115 1649 1248 1685 nullius
1279 1649 1424 1686 maioris
1447 1650 1628 1694 dignitatis
1652 1649 1773 1686 officia
1794 1660 1860 1696 pro
1884 1650 2064 1694 exigendis
2087 1649 2334 1687 functionibus

110 1694 224 1739 dirigi,
259 1695 322 1731 sed
354 1705 419 1740 per
449 1704 715 1740 provinciarum
745 1694 882 1730 iudices
913 1698 950 1731 et
981 1705 1105 1731 eorum
1136 1694 1256 1730 officia
1281 1709 1297 1726 ι
1315 1708 1331 1726 ιν
1350 1709 1366 1726 s
1392 1695 1639 1740 quodcumque
1663 1695 1831 1731 damnum
1854 1695 2042 1732 collatores
2066 1695 2334 1748 sustinui-epto
2356 1696 2402 1731 30

109 1740 326 1775 tributorum
357 1740 545 1775 videantur
575 1740 780 1784 exactione3
811 1740 957 1776 licentia
983 1750 1057 1776 non
1089 1740 1297 1784 deneganda
1327 1740 1521 1776 maioribus
1549 1740 1727 1777 iudicibus
1757 1744 1794 1775 et
1823 1750 1946 1776 eorum
1977 1740 2125 1784 officiis,
2155 1739 2189 1776 si
2218 1750 2335 1777 minus

110 1785 244 1820 inlatae
274 1785 408 1820 fuerint
438 1785 654 1827 functiones,
685 1784 783 1829 ipsos
812 1784 950 1821 iudices
981 1788 1018 1820 et
1040 1794 1163 1821 eorum
1186 1784 1308 1820 officia
1333 1786 1531 1828 convenire,
1554 1788 1591 1820 et
1614 1785 1708 1830 quod
1731 1785 1848 1821 minus
1871 1787 1928 1821 est
1945 1785 2099 1822 inlatum
2117 1785 2270 1831 exigere,
2292 1787 2336 1822 ut

110 1832 184 1865 tam
206 1830 371 1875 publicae
394 1830 552 1866 rationes
577 1839 683 1874 quam
707 1829 887 1866 collatoris
910 1829 1047 1866 utilitas
1070 1832 1295 1876 procuretur.
1343 1829 1428 1865 Dat.
1454 1839 1548 1866 anno
1573 1829 1631 1866 die
1653 1832 1690 1866 et
1715 1841 1813 1866 cons.
1838 1839 1887 1866 ss.

110 1920 160 1957 10
273 1919 336 1955 Ι)ο
369 1919 730 1956 confirmatione
761 1919 1073 1956 absolutionis
1105 1919 1403 1956 tributorum.
1450 1919 1616 1964 Ipsarum
1649 1919 1741 1955 enim
1772 1919 1997 1955 functionum
2028 1919 2241 1956 solutionem
2269 1929 2336 1965 per

112 1967 285 2000 consueta
309 1966 390 2000 loca
420 1965 475 2000 vel
507 1967 670 2009 tempora
701 1964 907 2000 solemniter
929 1964 1169 2010 praecipimus
1193 1964 1281 2006 fieri,
1303 1964 1403 2000 nulla
1425 1964 1654 2000 innovatione
1675 1974 1740 2009 per
1762 1964 1930 2000 hostilem
1952 1964 2143 2000 adventum
2165 1964 2335 2001 solutioni
2356 1965 2400 2000 35

111 2010 327 2046 tributorum
359 2010 502 2055 penitus
533 2009 730 2053 inferenda,
763 2009 826 2046 sed
860 2019 926 2055 pro
950 2019 1016 2045 sua
1040 2009 1298 2046 consuetudine
1321 2010 1378 2045 vel
1400 2013 1604 2046 nostrorum
1627 2009 1881 2045 beneficiorum
1903 2012 2027 2045 tenore
2050 2009 2124 2046 sive
2146 2008 2194 2045 ad
2215 2018 2336 2046 arcam

112 2055 188 2091 sive
208 2056 245 2090 in
267 2055 453 2101 provincia
475 2064 764 2100 unumquemque
787 2054 998 2091 solutionem
1019 2054 1058 2090 in
1079 2057 1261 2101 posterum
1285 2055 1393 2090 etiam
1415 2054 1606 2091 celebrare.
1652 2054 1737 2090 Dat.
1760 2063 1854 2090 anno
1878 2053 1935 2090 die
1959 2056 1996 2090 et
2020 2064 2118 2091 cons.
2144 2063 2192 2091 ss.

112 2147 158 2182 11
272 2144 327 2181 Ut
360 2145 487 2190 leges
522 2145 853 2190 imperatorum
886 2154 964 2190 per
997 2144 1270 2225 provincias
1305 2143 1509 2189 ipsorum
1544 2143 1815 2179 dilatentur.
1873 2143 1957 2179 Iura
1987 2143 2135 2189 insuper
2163 2144 2219 2180 vel
2240 2144 2335 2190 leges

114 2189 299 2226 codicibus
322 2191 457 2226 nostris
480 2191 644 2234 insertas,
679 2200 768 2235 quas
789 2190 860 2225 iam
883 2190 951 2225 sub
975 2200 995 2226 e

1019 2190 1118 2226 ictali
1140 2191 1402 2234 programmate
1420 2188 1459 2225 in
1472 2189 1611 2224 ltaliam
1627 2188 1760 2224 dudum
1774 2188 1944 2232 misimus,
1969 2189 2130 2225 obtinere
2143 2188 2334 2226 sancimus.

111 2236 181 2270 Sed
214 2240 249 2270 et
281 2245 355 2279 eas,
388 2246 477 2281 quas
509 2238 636 2281 postea
663 2236 962 2280 promulgavimus
991 2235 1276 2278 constitutiones,
1311 2235 1475 2270 iubemus
1508 2235 1575 2270 sub
1599 2234 1744 2270 edictali
1791 2233 2011 2287 repositione
2033 2234 2180 2280 vulgari,
2199 2233 2270 2279 (et)
2289 2244 2334 2270 ex
2356 2235 2400 2268 40

110 2291 154 2316 eo
180 2284 358 2326 tempore,
390 2292 461 2326 quo
492 2282 559 2317 sub
589 2280 733 2316 edictali
763 2282 1025 2326 programmate
1055 2280 1220 2323 vulgatae
1240 2279 1384 2322 fuerint,
1408 2279 1515 2315 etiam
1538 2288 1604 2324 per
1623 2283 1743 2324 partes
1785 2279 1892 2315 taliae
1915 2279 2086 2324 obtinere,
2108 2282 2150 2315 ut
2171 2289 2246 2315 una
2267 2279 2335 2316 deo

111 2326 251 2362 volente
275 2326 375 2361 facta
397 2327 583 2372 republica
606 2326 722 2371 legum
745 2325 854 2361 etiam
876 2330 1079 2362 nostrarum
1098 2326 1231 2371 ubique
1253 2324 1452 2370 prolatetur
1475 2324 1683 2361 auctoritas.
1731 2323 1815 2360 Dat.
1840 2334 1934 2377 anno
1959 2323 2017 2361 die
2039 2327 2075 2360 et
2098 2333 2195 2360 cons.
2216 2334 2265 2361 ss.

112 2416 157 2452 12
272 2415 334 2451 De
357 2415 589 2460 suffragio
616 2415 904 2452 collatorum.
938 2415 1204 2451 Provinciarum
1228 2415 1335 2451 etiam
1357 2414 1492 2451 iudices
1515 2414 1560 2450 ab
1582 2414 1761 2460 episcopis
1778 2418 1814 2451 et
1827 2413 2038 2460 primatibus
2053 2413 2336 2459 uniuscuiusque

113 2461 267 2506 regionis
298 2461 447 2496 idoneos
477 2460 656 2505 eligendos
677 2463 713 2496 et
736 2460 956 2496 sufficientes
979 2461 1025 2496 ad
1048 2461 1208 2496 locorum
1231 2459 1574 2495 administrationem
1596 2470 1642 2495 ex
1664 2460 1751 2505 ipsis
1774 2459 1939 2495 videlicet
1961 2458 2126 2494 iubemus
2147 2458 2228 2495 fieri
2249 2469 2334 2504 pro-

112 2506 248 2549 vinciis,
277 2516 366 2551 quas
397 2506 681 2542 administraturi
705 2509 801 2550 sunt,
831 2506 907 2541 sine
931 2505 1113 2550 suffragio,
1146 2505 1260 2541 solitis
1284 2505 1390 2541 etiam
1414 2505 1587 2541 codicillis
1610 2514 1676 2550 per
1698 2506 1958 2550 competentem
1979 2503 2132 2540 iudicem
2155 2503 2206 2540 eis
2228 2513 2332 2556 prae·
2357 2507 2401 2540 45

114 2551 252 2587 standis
278 2551 329 2587 ita
362 2551 542 2594 videlicet,
575 2554 617 2586 ut
648 2551 679 2587 si
710 2551 866 2596 aliquam
897 2551 1130 2587 collatoribus
1161 2550 1354 2587 laesionem
1384 2550 1548 2586 intulisse
1570 2550 1796 2587 inveniantur
1817 2552 1883 2586 aut
1906 2558 2017 2595 supra
2040 2550 2179 2585 statuta
2198 2549 2335 2586 tributa

162 2668 178 2700 1
204 2676 341 2708 granam
371 2665 406 2698 U
423 2663 436 2708 ΙΙ
465 2663 678 2697 uenditiones
701 2661 782 2705 PU]
815 2663 1015 2697 uinditionis
1046 2664 1114 2696 sive
1137 2663 1194 2697 do-

114 2711 262 2744 nationis
287 2711 342 2752 M,
372 2722 453 2744 corr.
479 2709 646 2750 Pithoeus,
678 2708 881 2741 venditionis
909 2709 1040 2743 Haenel
1069 2708 1083 2751 ss
1116 2719 1194 2742 con·

114 2758 241 2789 tractus
267 2754 452 2789 Zachariae
499 2752 616 2787 titulos
639 2754 722 2795 PM,
746 2753 848 2787 titulo
868 2751 900 2789 U
914 2753 920 2798 Ι
944 2755 964 2787 2
988 2753 1044 2787 uel
1060 2754 1110 2794 Ρ]
1135 2755 1195 2787 aut

114 2799 193 2836 MU
205 2799 218 2844 ΙΙ
236 2799 419 2843 tyrannicis
491 2797 503 2842 ΙΙ
523 2800 542 2832 3
562 2798 784 2841 possessiones
808 2800 901 2832 codd.
925 2798 931 2843 Ι
949 2800 971 2832 4
995 2799 1137 2842 praeciis
1155 2799 1202 2832 M

113 2844 127 2891 [1
150 2848 246 2888 quae]
269 2846 327 2887 qui
352 2845 385 2878 P
405 2845 417 2887 ΙΙ
444 2845 463 2876 5
485 2843 592 2885 aliqui
620 2844 650 2878 U
670 2844 682 2887 ΙΙ
711 2845 731 2877 6
755 2846 908 2887 potamus
932 2844 979 2877 M
995 2844 1008 2888 ss
1034 2843 1194 2887 temporis

115 2892 233 2931 Kroll]
258 2894 405 2933 tempore
430 2890 506 2922 libri
526 2888 539 2931 ΙΙ
565 2890 582 2922 7
609 2888 772 2921 iustitiam
801 2889 832 2923 U
850 2889 863 2932 ΙΙ
889 2902 931 2922 an
955 2888 1154 2933 actiones?fl
1174 2891 1194 2923 8

116 2938 150 2969 et
170 2948 228 2969 om.
254 2935 285 2970 U
298 2935 310 2979 ΙΙ
327 2936 348 2969 9
372 2936 522 2976 tempora
546 2935 637 2966 codd.
656 2933 668 2976 ΙΙ
685 2937 760 2976 post
784 2934 940 2967 liminum
964 2935 1005 2976 P,
1028 2933 1194 2976 postlimi-

114 2982 210 3014 nium
235 2981 282 3014 M
291 2980 303 3023 ss
321 2981 373 3013 est
394 2992 453 3012 om.
479 2978 513 3011 Ρ
534 2978 546 3021 ΙΙ
572 2978 768 3020 captiuitate
793 2980 826 3012 P
840 2978 852 3023 ΙΙ
868 2979 947 3012 dum
971 2979 1044 3014 MU
1058 2979 1071 3022 ΙΙ
1088 2979 1195 3012 nostri

115 3025 251 3070 imperii
277 3026 308 3061 U
326 3025 339 3068 ss
366 3026 407 3059 10
431 3024 665 3056 auctoritatem
693 3023 725 3058 U
735 3023 747 3066 ΙΙ
768 3026 806 3058 11
832 3024 1107 3067 perscriptionem

115 3071 191 3104 aliis
215 3072 296 3104 coni.
323 3070 462 3103 Skutsch
480 3069 493 3112 ΙΙ
516 3068 665 3110 cognitas
687 3069 792 3111 suppl.
819 3069 1017 3110 Zachariae,
1048 3082 1090 3102 an
1114 3068 1193 3102 defi-

116 3115 250 3150 nitam?
276 3115 288 3158 ΙΙ
313 3125 374 3148 sua
401 3115 432 3150 U
450 3113 463 3156 ΙΙ
489 3114 530 3147 12
555 3112 596 3145 ad
621 3113 696 3146 PM
718 3113 730 3153 11
753 3113 935 3146 aduentum
961 3114 1061 3156 Mlln
1079 3114 1194 3147 confu-

116 3161 208 3193 sione
234 3161 265 3196 U
278 3161 290 3204 ΙΙ
315 3158 590 3203 perscriptionem
616 3157 647 3193 U
664 3157 677 3201 fl
699 3158 739 3192 13
765 3158 845 3198 CR]
867 3159 971 3191 const.
996 3157 1079 3200 PM,
1102 3169 1193 3192 cons.

119 3206 150 3240 U
162 3208 173 3248 ΙΙ
192 3206 277 3238 dom.
302 3216 359 3238 nn.
383 3203 568 3237 iustiniano
591 3213 647 3246 pp.
673 3203 713 3243 P,
743 3202 853 3235 domn.
878 3213 911 3235 n.
936 3203 1119 3236 iustiniano
1141 3214 1193 3247 po.

117 3251 167 3290 Μ,
192 3251 275 3283 dom.
302 3252 416 3283 nostro
440 3248 626 3282 iustiniano
651 3257 702 3291 po.
731 3246 784 3290 Ul}
803 3258 878 3288 aug·-
903 3260 961 3280 om.
987 3248 1061 3282 MU
1074 3247 1086 3292 ΙΙ
1106 3259 1193 3281 anno

117 3295 250 3328 XVIII.
277 3295 332 3338 UH
363 3297 403 3328 14
427 3294 527 3327 basili
553 3293 634 3334 Piis,
660 3292 816 3325 basilium
842 3291 898 3335 Ul!
915 3303 964 3325 vc.
989 3305 1047 3325 om.
1078 3292 1192 3336 01115

116 3343 204 3374 rubr.
230 3353 289 3373 om.
316 3340 359 3373 Μ
378 3344 391 3382 11
412 3349 481 3371 non
506 3339 584 3372 add.
599 3337 785 3371 Zachariae
809 3336 1099 3381 (Osenbrit‘yqenNJ
1118 3348 1193 3370 cum

117 3389 228 3418 autem
253 3386 372 3417 addidi
385 3385 397 3429 n
416 3383 551 3417 hostiles
575 3383 650 3418 MU
661 3381 674 3427 ΙΙ
694 3383 735 3417 16
764 3381 923 3415 obsiderit
946 3382 997 3424 M,
1021 3381 1194 3415 obsederet

122 3430 152 3464 U
165 3430 177 3473 ΙΙ
193 3432 382 3462 contractos
406 3430 457 3469 M,
482 3430 705 3461 contractores
723 3427 751 3462 U
764 3430 777 3471 ΙΙ
796 3427 903 3460 factus
916 3427 951 3459 P
962 3426 974 3469 ΙΙ
992 3426 1192 3459 obsedeban-

117 3478 173 3507 tur
199 3475 230 3509 U
250 3478 261 3516 ΙΙ
293 3478 330 3508 17
358 3477 545 3507 contractos
572 3473 603 3507 U
620 3473 632 3516 ΙΙ
659 3474 699 3507 18
724 3472 823 3505 irrita
846 3484 903 3506 om.
926 3471 1002 3506 MU
1016 3470 1028 3514 ΙΙ
1043 3481 1104 3513 pro
1132 3471 1164 3505 U
1187 3471 1192 3514 Ι

120 3522 160 3554 19
185 3530 224 3552 ea
245 3519 400 3552 firmandi
428 3519 459 3553 U
473 3532 511 3552 ex
534 3531 616 3551 corr.
646 3517 659 3560 11
686 3516 794 3550 omnis
818 3517 866 3551 M
879 3516 892 3560 fl
916 3517 1103 3549 contractos
1130 3516 1162 3550 U
1189 3516 1193 3558 Ι

118 3565 225 3596 factus
250 3565 294 3597 M
313 3564 325 3607 ΙΙ
350 3566 392 3597 20
417 3563 566 3595 habituri
586 3562 646 3605 ΡΙΙ
663 3564 696 3594 et
723 3562 767 3603 U]
792 3562 850 3595 sed
873 3561 947 3595 PM
960 3560 972 3605 ΙΙ
991 3559 1123 3593 nullum
1146 3578 1191 3585 -

117 3609 360 3652 praeiudicium
391 3607 616 3649 generandum
641 3609 747 3647 codd„
772 3619 855 3640 corr.
880 3604 1067 3640 Zachariae
1101 3608 1114 3649 ΙΙ
1146 3607 1187 3640 21

119 3655 217 3695 enim]
243 3653 368 3687 domini
394 3653 427 3686 Ρ
447 3653 459 3698 n
485 3652 626 3686 fortuitu
653 3651 684 3687 U
696 3651 708 3697 ΙΙ
727 3651 807 3685 belli
832 3662 924 3685 casus
946 3650 1095 3685 subverti
1120 3648 1188 3684 Za-

1264 2664 1408 2704 chariae]
1433 2661 1514 2696 belli
1537 2673 1630 2696 casus
1654 2662 1742 2695 uerti
1766 2663 1807 2705 P,
1830 2660 1952 2695 bellica
1974 2660 2126 2695 subuerti
2144 2661 2193 2705 M,
2217 2660 2338 2695 bellica

1262 2707 1430 2741 subuertis
1455 2708 1487 2743 U
1505 2708 1517 2751 ΙΙ
1545 2709 1588 2742 22
1613 2709 1646 2741 et
1669 2708 1772 2748 cons]
1798 2709 1831 2741 et
1853 2706 1957 2740 consl.
1982 2706 2065 2750 PM,
2089 2705 2283 2740 oonsulibus
2311 2705 2344 2741 U

1262 2753 1274 2797 ΙΙ
1298 2754 1341 2787 23
1373 2755 1461 2787 rubr.
1485 2765 1544 2786 om.
1570 2753 1609 2795 U,
1639 2752 1679 2786 de
1709 2763 1761 2786 res
1788 2751 1927 2786 mobiles
1947 2750 2003 2785 uel
2024 2751 2211 2785 immobiles
2234 2751 2313 2786 PM
2326 2751 2339 2796 ΙΙ

1263 2799 1307 2832 24
1330 2797 1516 2831 theuderici
1542 2798 1574 2833 U
1585 2798 1597 2842 Ι]
1615 2797 1719 2831 tutele
1742 2797 1802 2841 ΡΙΙ
1820 2798 1861 2831 25
1885 2796 2117 2839 unusquisque
2139 2795 2336 2831 Zachariae.

1262 2843 1353 2877 Mihi
1373 2843 1541 2887 praecepit
1564 2850 1745 2886 corruptum
1767 2841 1921 2886 videturll
1937 2841 2101 2885 praecipit
2117 2841 2149 2877 U
2161 2840 2175 2886 fl
2190 2842 2235 2876 26
2257 2850 2337 2874 oon·

1263 2888 1446 2921 cussionem
1474 2887 1503 2923 U
1522 2887 1535 2932 ΙΙ
1561 2889 1638 2930 quo]
1662 2887 1751 2930 quod
1775 2888 1867 2921 codd.
1893 2886 1906 2931 ΙΙ
1930 2888 1971 2921 27
2000 2886 2174 2929 possedere
2198 2886 2242 2920 M
2264 2885 2278 2930 fl
2301 2887 2336 2920 et

1261 2933 1391 2974 indict]
1417 2933 1464 2966 in.
1490 2935 1510 2967 d
1534 2933 1591 2975 ΡΙΙ
1611 2934 1678 2966 ssta
1701 2933 1749 2966 M
1758 2931 1772 2977 11
1787 2934 1831 2967 28
1852 2931 2039 2965 exactiones
2061 2931 2141 2973 PM,
2165 2932 2336 2964 exactione

1264 2978 1295 3014 U
1307 2978 1320 3022 ΙΙ
1336 2977 1511 3012 instituitu
1534 2977 1565 3012 U
1575 2978 1588 3021 ss
1606 2979 1648 3012 29
1673 2977 1787 3011 nullus
1803 2976 1879 3011 MU
1889 2976 1902 3020 ΙΙ
1920 2978 1962 3011 30
1986 2977 2105 3010 accidit
2126 2977 2220 3010 verbi
2234 2987 2335 3009 causa

1133 3024 1165 3059 U
1183 3024 1196 3066 Β
1261 3025 1466 3056 exactionem
1488 3023 1570 3065 fieri,
1595 3032 1637 3055 ne
1657 3024 1737 3064 (sim.
1753 3020 1953 3064 Zachariae)
1968 3021 1981 3056 ΙΙ
1998 3030 2198 3063 quoeunque
2214 3019 2335 3053 damno

1263 3068 1293 3103 U
1312 3068 1324 3112 ΙΙ
1349 3070 1389 3103 31
1416 3068 1585 3101 licentiam
1608 3077 1680 3100 non
1703 3065 1930 3108 denegandam
1953 3065 2017 3100 PU
2036 3065 2050 3109 ΙΙ
2071 3064 2175 3098 officii
2201 3064 2233 3100 U
2251 3064 2265 3108 n
2291 3065 2334 3099 32

1261 3116 1294 3146 et
1313 3114 1408 3156 prius
1431 3125 1490 3146 om.
1519 3112 1550 3147 U
1571 3112 1584 3156 ΙΙ
1613 3121 1749 3154 exegere
1773 3112 1818 3144 M
1840 3111 1853 3154 ΙΙ
1883 3113 1923 3144 ut
1944 3112 2012 3143 tam
2036 3109 2182 3143 Ossnbrss

1260 3159 1328 3190 tam
1352 3157 1424 3197 PU,
1448 3157 1568 3190 aetiam
1590 3157 1638 3190 Μ
1656 3156 1668 3199 ΙΙ
1693 3158 1735 3190 33
1760 3155 1895 3198 puplice
1919 3155 1964 3188 M
1974 3155 1987 3198 ΙΙ
2011 3154 2152 3188 rationis

1261 3202 1448 3236 conlatores
1475 3201 1507 3236 U
1519 3201 1532 3244 ΙΙ
1547 3203 1648 3242 oons.]
1673 3201 1807 3233 constit.
1832 3200 1866 3235 ·U
1884 3199 1897 3243 Π
1924 3201 1968 3234 34
1990 3199 2150 3232 absolutis
2166 3200 2273 3240 codd„
2296 3209 2336 3232 ao

1261 3247 1428 3280 solutione
1452 3246 1584 3280 Haencl
1605 3246 1617 3288 ΙΙ
1641 3246 1684 3279 35
1709 3244 1837 3278 nullam
1860 3245 2111 3278 innonationem
2137 3243 2169 3280 U
2180 3243 2194 3287 ΙΙ
2210 3242 2336 3277 aduen—

1260 3294 1315 3324 tus
1342 3291 1373 3326 U
1385 3290 1398 3335 ἥ
1415 3291 1459 3325 36
1482 3290 1671 3323 inferendas
1696 3289 1728 3325 U
1740 3290 1753 3333 ss
1771 3289 2043 3323 consuetudinem
2071 3288 2099 3324 U
2114 3287 2128 3333 ΙΙ
2142 3288 2335 3322 befleiorum

1260 3337 1303 3369 M
1318 3335 1330 3379 ss
1347 3345 1457 3368 aream
1482 3335 1514 3370 U
1532 3335 1544 3377 ΙΙ
1568 3336 1609 3368 37
1634 3334 1839 3378 provinciam
1862 3335 1935 3370 Ml]
1954 3334 1967 3380 ΙΙ
1994 3334 2048 3368 die
2071 3346 2130 3367 om.
2155 3332 2212 3375 ΡΙΙ
2230 3332 2334 3366 eousl.

1259 3381 1342 3421 PM,
1370 3379 1501 3413 constit.
1517 3380 1548 3414 U
1559 3379 1572 3423 ΙΙ
1591 3382 1633 3415 38
1652 3379 1715 3421 vel]
1732 3381 1765 3413 et
1779 3380 1810 3415 U
1820 3380 1832 3424 fl
1852 3381 1894 3415 39
1910 3380 2037 3413 inserta
2051 3379 2082 3414 U
2092 3377 2105 3419 ΙΙ
2123 3377 2231 3411 edicta
2245 3377 2334 3411 libro

1258 3427 1439 3468 grammate
1452 3425 1497 3458 M
1509 3424 1521 3468 ΙΙ
1537 3423 1638 3460 italia
1650 3424 1682 3459 U
1692 3425 1705 3469 ss
1721 3425 1915 3469 optinereP
1926 3425 1938 3468 ΙΙ
1957 3426 2000 3459 40
2012 3422 2151 3458 edictale
2163 3433 2293 3466 propos.
2308 3422 2336 3457 U

1258 3469 1270 3515 ΙΙ
1293 3471 1327 3502 et
1351 3470 1427 3503 add.
1452 3469 1606 3503 Pithoeus
1621 3470 1634 3514 ΙΙ
1652 3472 1693 3505 41
1726 3480 1808 3513 quas
1832 3469 2013 3502 ubediotali
2038 3469 2082 3502 M
2093 3468 2105 3511 Ι
2123 3477 2333 3511 programma

1257 3513 1453 3555 aeuolgatae
1477 3514 1534 3558 ΡΙ]
1553 3516 1705 3558 optinere
1728 3515 1787 3557 ΡΙΙ
1806 3515 1849 3548 42
1871 3524 1908 3547 re
1930 3513 2066 3557 puplica
2090 3513 2146 3555 ΡΙΙ
2163 3511 2279 3553 ibique
2307 3511 2339 3546 U

1256 3559 1269 3604 ss
1292 3558 1394 3592 consl.
1420 3559 1502 3601 PM,
1528 3560 1701 3593 constitut.
1727 3559 1758 3595 U
1770 3559 1783 3603 ΙΙ
1799 3561 1867 3592 esto
1890 3559 1938 3592 M
1949 3557 1963 3603 ΙΙ
1978 3560 2021 3593 43
2042 3558 2082 3592 de
2104 3557 2206 3590 suffra
2230 3555 2332 3589 oolla·

1256 3607 1344 3638 tores
1362 3604 1392 3639 U
1404 3603 1417 3647 ΙΙ
1435 3604 1487 3645 ab]
1511 3605 1553 3638 ad
1566 3605 1613 3638 M
1623 3604 1636 3648 ΙΙ
1652 3607 1694 3638 45
1717 3604 1825 3638 solitis
1839 3604 1957 3645 Kroll]
1981 3602 2053 3637 litis
2070 3603 2163 3637 codd.
2181 3601 2194 3647 ΙΙ
2210 3600 2332 3635 iudicis

1256 3662 1315 3684 om.
1340 3650 1388 3682 eis
1417 3648 1448 3684 U
1456 3649 1469 3694 ΙΙ
1488 3651 1531 3684 46
1555 3649 1695 3683 lesiones
1720 3649 1751 3685 U

2227 3110 2278 3150 sn]
2302 3111 2336 3143 et

2209 3155 2303 3188 acnel
2324 3154 2336 3198 ΙΙ
