2476 3854
135 79 243 123 Nov.
267 79 441 123 CXLIX
469 93 532 135 pr.
558 82 592 124 1.
614 82 640 121 2
1216 77 1302 127 724
1665 96 1726 128 m*
1753 93 1998 129 ansmns
2026 96 2362 133 Pnovmcmum

131 192 192 224 καί
221 193 480 237 συγκεχυμένον
499 188 651 235 ὑπῆρχε,
681 191 789 224 τοῦτο
817 194 877 224 καὶ
902 191 1163 235 ἐπανορθῶσαι
1186 194 1246 226 καὶ
1268 191 1406 227 τέλειον
1429 189 1629 238 ἇποφῆναι.
1676 207 1721 238 με
1745 194 1960 239 ιμνήσαντες
1982 199 2107 231 τοίνυν
2130 194 2231 233 ὅπως
2252 199 2297 233 τό
2320 212 2360 233 τε

133 232 309 279 δημόσιον
331 237 375 270 τό
399 249 438 270 τε
462 234 620 278 ὑπήκοον
644 233 800 279 οἴβλαβές
823 249 863 268 τε
886 239 945 269 καὶ
968 235 1122 280 ἀζήμιον
1146 235 1336 280 διατελοίη,
1365 236 1607 282 διενοήθημεν
1630 234 1691 273 ὅτι
1715 207 1759 282 δὴ
1783 241 1892 275 τοῦτο
1916 238 2050 284 ῥαδίως
2068 241 2204 286 ἕξομεν,
2225 243 2256 277 εἰ
2278 242 2362 279 τοὺς

131 280 346 327 ἡγουμένους
369 282 445 315 τῶν
466 282 649 325 ἐπαρχιῶν
672 283 803 324 προῖκα
827 280 888 315 τὰς
911 278 1018 326 ἀρχὰς
1041 281 1391 326 παραλαμβάνοντας
1419 286 1479 316 καὶ
1502 283 1545 318 τὸ
1571 281 1745 327 δημόσιον
1769 281 2073 330 ἀσφαλιζομένους
2093 283 2217 331 ὀρθῶς
2239 301 2278 322 τε
2300 291 2362 323 καὶ

131 330 291 369 νομίμως
314 323 431 361 ἅπασι
455 326 616 369 χρῆσθαι
639 324 989 370 παρασκευάσωμεν,
1021 326 1159 361 παντὸς
1189 324 1428 372 ἀπεχομένους
1451 329 1560 363 τοῦτο
1580 330 1649 372 μὲν
1672 327 1887 373 ἀδικήματος
1909 331 2015 365 τοῦτο
2038 329 2078 366 δὲ
2100 335 2160 365 καὶ
2183 331 2362 378 λήμματος

131 371 278 416 αἰσχροῦ
300 384 341 405 τε
362 374 421 404 καὶ
440 369 557 404 ἄλλως
579 367 875 416 ἀπηγορευμένον.
2406 381 2427 413 5

1149 438 1306 475 CAPUT
1329 440 1358 476 I.

257 502 332 539 Ἵνα
363 508 487 539 τοίνυν
515 504 565 549 μὴ
600 505 695 546 ξένοι
719 506 815 539 τινὲς
842 503 1124 548 ἐπειςπηδῶντες
1156 509 1234 541 ταῖς
1265 507 1449 551 ἐπαρχίαις
1479 504 1636 543 ἀδικοῖεν
1667 505 1776 543 αὐτὰς
1801 505 1900 554 ἡμεῖς
1928 523 1969 544 τε
2001 514 2143 553 συχναῖς
2173 514 2251 546 ταῖς
2280 508 2357 547 κατ’

130 548 255 585 αὐτῶν
283 549 521 594 ἐνοχλοίμεθα
550 549 810 604 προςελεὺσεσι,
840 553 1092 596 προτρέπομεν
1120 551 1203 586 τοὺς
1233 549 1384 594 ἑκάστης
1411 556 1583 596 ἑπαρχίας
1611 551 1833 588 ὁσιωτάτους
1865 554 2083 591 ἐπισκόπους
2105 554 2295 598 κτητόοων
2320 570 2361 592 τε

130 600 189 629 καὶ
220 593 421 640 οἰκητόρων
451 594 534 630 τοὺς
566 607 721 642 αγοντας
749 594 796 629 τὰ
821 600 994 642 πρωτεῖα,
1023 594 1083 630 διὰ
1107 598 1226 639 κοινῆς
1250 595 1403 640 δεήσεως
1423 594 1618 643 ἀναφέρειν
1641 600 1702 633 ἐπὶ
1724 598 1768 633 τὸ
1793 598 1967 655 ἡμέτερον
1986 600 2114 646 κράτος
2137 591 2232 636 τοὺς,
2242 598 2361 637 αὐτοῖς

130 638 339 683 ἐπιτηδείως
371 642 464 683 ἔχειν
494 640 584 683 πρὸς
612 641 682 685 τὴν
714 637 828 685 ἀρχὴν
855 641 918 683 τῆς
949 639 1073 675 αὐτῶν
1103 643 1274 686 ἐπαρχίας
1303 644 1564 686 νομιζομένους.
1611 641 1751 679 τούτοις
1777 644 1848 690 γὰρ
1876 658 1923 679 τα
1958 645 2121 690 σύμβολα
2154 647 2217 690 τῆς
2251 643 2359 692 ἀρχῆς

129 684 264 719 δόσεως
297 688 404 730 χωρὶς
437 686 638 730 παρέξομεν
673 683 970 731 ἀσφαλιζομένοις
1002 686 1071 721 τὸν
1101 685 1277 731 δημόσιον
1305 686 1453 734 εῐςάγειν
1484 686 1642 733 κανόνα,
1677 690 1947 736 παρεγγυῶντες
1979 687 2096 726 αὐτοῖς
2124 693 2202 726 τῶν
2231 692 2359 736 νόμων
2386 695 2426 728 10

129 733 296 764 ἐναντίον
326 728 439 774 μηδὲν
471 728 767 776 διαπράττεσθαι
796 730 843 774 [ἢ]
868 729 963 775 μηδέ
991 745 1076 766 τινα
1099 731 1298 776 βιάζεσθαι
1327 732 1426 781 παρὰ
1462 734 1540 768 τῶν
1575 730 1764 769 ὑποτελῶν
1797 733 1942 780 (πόρον,
1972 732 2064 770 ἄλλα
2099 739 2176 771 ταῖς
2198 736 2360 781 οἰκείαις)

128 774 358 820 ἀρκουμένοις
388 776 573 819 σιτήσεσιν
605 778 848 823 ἐπαγρυπνεῖν
871 777 918 823 τῇ
948 777 1025 811 τῶν
1054 775 1238 820 δημοσίων
1270 778 1396 824 φόρων
1425 778 1618 833 εἰςπράξει,
1648 782 1709 812 καὶ
1738 782 1812 813 τοῖς
1833 781 1900 823 μὲν
1924 783 2007 825 περὶ
2030 781 2094 816 τὰς
2115 778 2271 826 εὐσεβεῖς
2294 781 2358 815 εἰς·

129 820 240 866 φορὰς
264 819 532 866 εὐγνωμονοῦσι
553 822 676 877 πρᾴως
699 834 739 855 τε
763 819 838 865 ἅμα
862 825 922 855 καὶ
945 824 1128 868 πατρικῶς
1151 823 1430 869 προςφέρεσθαι,
1462 834 1545 858 τους
1568 822 1609 858 δὲ
1631 821 1935 870 ἀγνωμονοῦντας
1958 825 2182 871 εἰςπράττειν
2204 823 2359 872 σφοδρό-

127 878 242 910 τερον,
274 863 387 909 μηδὲν
413 865 502 910 ὑπὲρ
533 879 663 900 τουτου
687 864 808 911 κέρδος
830 867 961 901 οἰκεῖον
983 865 1223 902 παντάπασιν
1244 865 1540 913 ἀποφερομένους.
1590 867 1708 913 δεήσει
1732 867 1772 902 δὲ
1795 869 1923 904 αὐτοὺς
1945 867 2051 904 οὐδὲν
2073 863 2185 914 ἧττον
2207 874 2268 905 καὶ
2286 873 2360 906 τοῖς

128 908 370 954 δικαζομένοις
398 907 516 945 ἅπασι
546 909 588 946 τὸ
619 911 700 946 ἴσον
729 924 770 946 τε
798 915 858 946 καὶ
889 909 1028 946 δίκαιον
1054 915 1176 956 νέμειν
1202 913 1272 948 σὺν
1299 912 1400 956 τάχει
1430 926 1470 947 τε
1500 911 1648 957 τούτους
1676 911 1924 950 ἀπαλλάττειν
1946 914 2148 960 βλέποντας
2170 915 2258 961 πρὸς
2275 914 2358 950 τοὺς
2384 919 2424 952 15

126 954 268 999 νόμους,
300 954 348 990 ὦς
377 955 427 1000 μὴ
456 959 516 989 καὶ
544 954 725 991 δαπάναις
750 960 810 991 καὶ
841 955 981 1002 χρόνοις
1008 960 1156 1002 μακροῖς
1186 956 1313 994 αὐτοὺς
1339 960 1614 1004 ἐπιτρίβεσθαι·
1647 960 1827 1000 ἐπεξιέναι
1855 958 1895 994 δὲ
1916 963 1977 994 καὶ
2000 963 2074 996 τοῖς
2097 957 2358 1008 ἁμαρτάνουσι,

126 1004 186 1034 καὶ
206 1001 296 1045 πρὸς
318 999 386 1035 τὸν
409 999 525 1045 νόμον
545 1000 696 1047 ἐπάγειν
721 1002 782 1036 τὰς
804 1006 980 1047 τιμωρίας
1003 1000 1134 1046 αὐτοῖς,
1158 1006 1219 1037 καὶ
1242 1005 1368 1039 πᾶσαν
1387 1003 1666 1039 ἐπιδείκνυσθαι
1687 1003 1928 1049 δικαιοσύνην.

1131 1115 1287 1152 CAPUT
1307 1115 1354 1151 11.

262 1179 313 1216 Οὔ
344 1179 460 1225 μόνον
491 1178 532 1215 δὲ
564 1178 684 1216 αὐτοῖς
714 1181 832 1216 ταῦτα
862 1180 1162 1228 προαγορεύομεν,
1193 1180 1283 1217 ἀλλὰ
1314 1185 1374 1216 καὶ
1406 1184 1479 1217 τοῖς
1510 1179 1619 1226 ἀρχῆς
1648 1182 1800 1228 ἑκάστης
1829 1181 2020 1230 παρέδροις
2048 1186 2108 1218 καὶ
2135 1187 2210 1220 τοῖς
2240 1182 2359 1220 ἄλλως

125 1224 424 1273 ὖπηρετουμένοις
455 1223 588 1261 αὐταῖς.
635 1227 667 1260 εἰ
692 1224 763 1273 γάρ
794 1238 848 1261 τις
879 1223 1004 1261 αὐτῶν
1027 1225 1050 1270 ἢ
1069 1230 1152 1273 περὶ
1174 1227 1242 1271 τὴν
1261 1228 1339 1262 τῶν
1363 1225 1548 1271 δημοσίων
1570 1227 1752 1273 εἵςπραξιν
1772 1229 1939 1275 ῥᾳθυμίᾳ
1961 1229 2146 1275 χρήσηται,
2171 1227 2194 1274 ἢ
2217 1231 2359 1274 ζημίαις

125 1271 148 1315 ἢ
182 1275 360 1316 ἐπηρείαις
388 1269 579 1317 περιβάλοι
609 1271 691 1306 τοὺς
718 1269 906 1317 ἡμετέρους
935 1269 1126 1315 ὑποτελεῖς,
1157 1274 1221 1316 τῆς
1250 1285 1290 1307 τε
1310 1269 1431 1307 οὗσίας
1454 1274 1657 1307 ἐκπεσεῖται
1679 1276 1739 1308 καὶ
1760 1278 1944 1320 μεγίσταις
1967 1273 2223 1318 ὑπαχθήσεται
2245 1288 2358 1319 τιμω-
2383 1279 2425 1313 20

126 1321 227 1362 ρίαις,
276 1314 363 1361 ἡμῖν
397 1317 468 1363 γὰρ
502 1314 698 1363 ἡγουμένου
733 1317 826 1351 θεοῦ
860 1320 927 1360 μία
958 1321 1011 1351 τίς
1042 1319 1143 1352 ἐστιν
1174 1314 1265 1360 αὕτη
1298 1316 1437 1362 σπουδὴ
1469 1317 1531 1352 τὰς
1562 1320 1733 1365 ἐπαρχίας
1764 1316 2003 1364 εὐνομεῖσθαί
2030 1332 2070 1354 τε
2098 1322 2157 1354 καὶ
2187 1317 2360 1365 ἀσφαλῶς

125 1362 307 1396 οἰκεῖσθαι
339 1365 398 1396 καὶ
426 1365 489 1405 τῆς
519 1363 597 1396 τῶν
622 1358 811 1407 ἀρχόντων
828 1358 1025 1396 ἀπολαύειν
1049 1360 1284 1406 δικαιοσύνης.
1307 1363 1390 1398 τούς
1413 1376 1452 1398 τε
1472 1361 1660 1407 δημοσίους
1683 1361 1879 1408 ἀμέμπτως
1895 1361 2105 1410 εἰςάγεσθαι
2129 1363 2270 1410 φόρους.
2316 1361 2358 1399 οὗ

123 1407 194 1454 γὰρ
226 1406 341 1441 ἄλλως
371 1409 490 1441 ἔνεστι
514 1407 556 1441 τὸ
580 1406 778 1452 πολίτευμα
802 1405 1053 1449 διασώζεσθαι
1075 1408 1124 1452 μὴ
1148 1409 1227 1442 τῶν
1248 1405 1411 1452 εὐσεβῶν
1434 1408 1671 1455 εἰςαγομένων
1695 1408 1935 1453 τελεσμάτων,
1959 1410 1998 1450 ἐξ
2021 1401 2075 1444 ῶν
2093 1408 2136 1444 τὸ
2159 1411 2227 1453 μὲν
2249 1420 2357 1455 στρα-

124 1453 299 1487 τιωτικὸν
317 1452 363 1486 τὰ
394 1455 595 1498 τεταγμένα
626 1450 746 1495 τούτῳ
780 1451 1019 1496 κομιζόμενον
1041 1455 1115 1487 τοῖς
1138 1452 1318 1497 πολεμίοις
1335 1450 1644 1488 ἄντικαθίσταται
1667 1457 1727 1488 καὶ
1751 1456 1790 1489 ἐκ
1812 1456 1874 1510 τῆς
1896 1455 1974 1489 τῶν
1996 1455 2197 1501 βαρβάρων
2215 1452 2358 1500 ἐπιδρο-

123 1499 191 1542 μῆς
221 1511 261 1532 τε
291 1500 350 1531 καὶ
382 1501 506 1531 κακίας
529 1497 722 1542 ἐξαιρεῖται
745 1497 827 1532 τοὺς
851 1496 1042 1541 ὑποτελεῖς,
1068 1501 1214 1543 φρουρεῖ
1237 1496 1276 1532 δὲ
1298 1501 1359 1532 καὶ
1381 1498 1464 1532 τοὺς
1484 1495 1612 1545 ἀγροὺς
1635 1503 1695 1533 καὶ
1718 1500 1783 1534 τὰς
1805 1499 1926 1535 πολεις
1948 1500 1987 1533 ἐκ
2017 1501 2078 1543 τῆς
2107 1500 2186 1534 τῶν
2211 1497 2358 1547 λῃστῶν
2381 1504 2424 1538 25

124 1547 183 1576 καὶ
204 1544 283 1577 τῶν
306 1541 420 1576 ἄλλως
444 1541 603 1577 ἄτακτον
626 1546 710 1586 βίον
734 1544 1025 1590 ἐπανῃρημένων
1043 1544 1209 1589 ἐπηρείας
1232 1556 1272 1578 τε
1295 1546 1354 1577 καὶ
1379 1541 1521 1588 ἐφόδου,
1546 1542 1720 1579 ἀπολαύει
1743 1543 1783 1578 δὲ
1800 1543 1922 1579 καὶτὰ
1938 1543 2049 1578 λοιπὰ
2064 1545 2142 1579 τῶν
2157 1544 2358 1592 ταγμάτων

124 1590 202 1622 τῶν
233 1585 352 1621 αὐτοῖς
384 1584 709 1632 ἀπονεμηθέντων,
737 1591 835 1630 τείχη
859 1601 900 1623 τε
920 1591 979 1622 καὶ
998 1585 1121 1623 πόλεις
1145 1589 1451 1635 ἐπανορθοῦνται,
1476 1587 1660 1632 δημοσίων
1682 1603 1723 1624 τε
1745 1588 1952 1633 βαλανείων
1975 1586 2192 1635 ἐκπυρώσεις
2210 1589 2359 1635 προΐασι

123 1633 299 1678 θεάτρων
322 1645 361 1666 τε
385 1632 567 1677 ἐπιμέλεια
591 1635 651 1666 καὶ
674 1634 751 1667 τῶν
774 1631 907 1676 ἄλλων,
932 1632 1054 1667 ὁπόσα
1074 1633 1164 1689 πρὸς
1187 1634 1393 1678 θεραπείαν
1415 1635 1494 1668 τῶν
1515 1631 1688 1678 ὑπηκόων
1712 1635 1913 1680 ἐξεύρηται·
1935 1631 2023 1669 ῶςτε
2046 1635 2092 1669 τὰ
2123 1631 2207 1679 παρ’
2233 1631 2358 1670 αὐτῶν

124 1676 390 1722 συντελούμενα
421 1678 468 1711 τὰ
499 1679 566 1722 μὲν
598 1678 646 1711 εἰς
679 1676 808 1712 αὐτοὺς
836 1678 882 1712 τὰ
917 1677 957 1712 δὲ
987 1681 1048 1712 καὶ
1082 1677 1116 1713 δι
1166 1675 1293 1713 αὐτοὺς
1323 1677 1571 1714 δαπανᾶσθαί
1591 1693 1632 1714 τε
1654 1683 1714 1714 καὶ
1737 1678 1985 1723 ἑπιδίδοσθαι,
2009 1676 2094 1724 ἡμῖν
2117 1677 2158 1714 δὲ
2179 1678 2359 1720 καθάπαξ

124 1720 232 1757 οὐδὲν
256 1723 433 1757 ἐντεῦθεν
454 1721 477 1766 ἢ
500 1722 565 1757 τὰς
587 1720 679 1767 ὑπὲρ
697 1722 842 1757 τούτων
866 1725 959 1766 ἐχειν
983 1727 1172 1768 συμβαίνει
1191 1722 1396 1769 φροντίδας,
1420 1723 1516 1767 πλὴν
1538 1721 1614 1759 ἀλλ’
1636 1722 1720 1759 οὐδὲ
1742 1723 1877 1759 ταύτας
1899 1722 2089 1768 ἀμίσθους,
2113 1725 2178 1759 τοῦ
2201 1723 2359 1772 μεγάλου
2380 1728 2424 1762 30

124 1769 217 1802 θεοῦ
249 1770 310 1801 καὶ
340 1769 501 1813 σωτῆρος
531 1764 636 1812 ἡμῶν
662 1769 779 1810 Ἰησοῦ
804 1769 964 1814 Χριστοῦ
991 1770 1045 1812 τῷ
1078 1769 1228 1815 μεγέθει
1260 1769 1323 1812 τῆς
1354 1767 1466 1803 αὐτοῦ
1501 1767 1784 1816 φιλανθρωπίας
1807 1768 1950 1805 πολλοῖς
1967 1768 2061 1813 ἡμᾶς
2083 1772 2143 1804 καὶ
2165 1767 2227 1804 διὰ
2250 1770 2358 1806 τοῦτο

124 1817 198 1847 τοῖς
220 1810 375 1859 ἀγαθοῖς
397 1809 644 1857 ἀμειβομένου.
669 1829 673 1831 -

122 1960 261 2005 fectum
285 1959 378 1994 esset
400 1960 437 1993 et
458 1957 664 2002 confusum,
687 1956 729 1992 id
749 1960 785 1992 et
808 1956 1076 1993 emendaremus
1091 1961 1128 1994 et
1142 1958 1348 2004 perfectum
1362 1957 1602 1996 redderemus.
1642 1956 1774 2005 Itaque
1788 1969 1868 1994 cum
1884 1957 2150 2001 meditaremur,
2175 1958 2355 2004 quomodo

125 2010 197 2040 tam
218 2004 331 2050 fiscus
354 2013 463 2049 quam
485 2002 636 2038 subiecti
657 2013 680 2037 a
704 2001 836 2037 damno
860 2006 895 2038 et
917 2002 1054 2038 iniuria
1077 2002 1181 2039 liberi
1204 2007 1401 2046 manerent,
1424 2003 1464 2039 id
1485 2003 1627 2050 quidem
1650 2014 1718 2040 nos
1739 2003 1853 2050 facile
1876 2003 2083 2040 obtenturos
2106 2002 2360 2048 intelleximus,

123 2050 157 2085 si
191 2049 422 2095 efficeremus
457 2052 498 2083 ut
525 2046 717 2094 praesides
745 2047 1016 2093 provinciarum
1045 2048 1164 2095 qratis
1192 2048 1429 2100 maqistratus
1456 2050 1694 2096 suscipientes
1723 2052 1760 2084 et
1783 2049 1873 2094 fisco
1902 2049 2104 2084 cautionem
2132 2050 2361 2094 praestantes

122 2098 218 2131 reete
241 2097 276 2129 et
299 2093 455 2140 leqitime
471 2092 636 2128 omnibus
652 2097 851 2136 uterentur,
875 2093 1042 2139 omnique
1059 2097 1131 2128 tam
1145 2093 1281 2129 iniuria
1297 2105 1404 2140 quam
1421 2094 1524 2130 lucro
1542 2094 1642 2148 turpi
1658 2097 1767 2140 atque
1782 2093 1919 2140 alioqui
1925 2092 2116 2141 prohibito
2132 2093 2362 2130 abstinerent.

258 2139 287 2175 1.
334 2138 391 2174 Ne
413 2138 478 2184 qui
500 2138 614 2184 iqitur
634 2137 822 2184 pereqrini
838 2138 1054 2184 provincias
1077 2139 1235 2185 inqressi
1254 2149 1318 2175 eas
1340 2139 1475 2174 iniuria
1499 2140 1668 2185 afficiant
1698 2139 1871 2185 nobisque
1891 2149 1961 2186 per
1982 2138 2129 2175 crebras
2151 2137 2361 2186 interpella-

123 2186 238 2220 tiones
261 2184 433 2220 adversus
456 2182 539 2218 illos
559 2183 686 2228 factas
708 2182 871 2218 molestia
895 2182 1087 2228 afferatur,
1112 2183 1353 2220 exhortamur
1373 2183 1601 2231 sinqularum
1620 2184 1894 2231 provinciarum
1911 2184 2155 2219 sanctissimos
2171 2183 2361 2237 episcopos

122 2241 256 2275 eosque
280 2229 343 2276 qui
366 2230 460 2264 inter
475 2238 710 2275 possessores
732 2232 768 2263 et
790 2227 928 2263 incolas
946 2228 1197 2275 principatum
1221 2232 1351 2272 tenent,
1375 2233 1416 2265 ut
1434 2240 1505 2276 per
1527 2239 1746 2265 communem
1769 2228 2069 2281 supplicationem
2092 2227 2143 2264 ad
2155 2232 2361 2274 potentiam

123 2280 286 2310 nostram
309 2274 481 2319 deferant
503 2284 566 2309 eos
589 2284 682 2319 quos
704 2272 855 2308 idoneos
877 2283 954 2309 esse
976 2273 1027 2308 ad
1048 2273 1395 2310 administrationem
1411 2274 1629 2321 provinciae
1650 2285 1739 2310 suae
1753 2275 1968 2310 existiment.
2007 2273 2077 2309 His
2091 2273 2184 2309 enim
2199 2273 2360 2320 insiqnia

123 2320 363 2365 maqistratus
385 2319 503 2364 qratis
528 2318 712 2354 trademus
734 2318 938 2354 cautionem
953 2319 1193 2365 praestituris
1214 2329 1253 2354 se
1302 2319 1457 2355 ublicum
1481 2330 1654 2355 canonem
1677 2319 1858 2362 illaturos,
1882 2317 2084 2364 obliqantes
2107 2328 2180 2361 eos,
2203 2328 2248 2354 ne
2270 2318 2363 2365 quid

122 2369 305 2411 peraqant
336 2364 433 2410 quod
463 2363 602 2410 leqibus
624 2363 847 2398 contrarium
868 2363 927 2405 sit,
958 2374 1028 2399 neu
1053 2370 1157 2409 quem
1180 2375 1204 2399 a
1227 2330 1396 2400 subiectis
1418 2367 1665 2410 extorqueant
1686 2365 1904 2416 (quaestum,
1938 2363 2004 2399 sed
2024 2367 2066 2399 ut
2086 2363 2180 2408 suis>
2202 2364 2361 2400 contenti

125 2410 282 2445 annonis
307 2408 540 2455 publicorum
572 2408 787 2443 tributorum
817 2408 1004 2444 exactioni
1033 2409 1233 2455 inoiqiknt,
1265 2414 1375 2455 atque
1405 2420 1495 2456 erqa
1518 2420 1581 2445 eos
1603 2410 1667 2456 qui
1688 2420 1727 2444 in
1744 2409 1822 2461 piis
1844 2407 2069 2444 illationibus
2090 2408 2257 2454 reliqiosi
2275 2411 2363 2444 sunt

125 2455 315 2490 clementer
345 2454 454 2489 simul
481 2458 517 2488 et
573 2457 698 2489 aterne
720 2463 758 2488 se
780 2457 923 2500 qerant,
948 2464 971 2488 a
995 2454 1265 2489 contumacibus
1287 2458 1406 2490 autem
1429 2465 1492 2490 eas
1512 2454 1671 2491 severius
1693 2457 1857 2501 exiqant,
1878 2463 1965 2489 neve
1986 2453 2099 2488 ullum
2124 2453 2269 2489 omnino
2293 2453 2362 2490 noc

125 2500 268 2535 nomine
292 2510 367 2545 pro
396 2500 490 2534 rium
538 2509 665 2533 uerum
696 2498 882 2543 auferant.
928 2497 1006 2534 Nec
1036 2499 1155 2534 minus
1184 2499 1367 2546 oportebit
1396 2510 1459 2535 eos
1490 2499 1715 2546 litiqantibus
1736 2509 1880 2546 quoque
1902 2498 2064 2534 omnibus
2085 2497 2304 2544 aequitatem
2326 2500 2363 2534 et

125 2545 297 2580 iustitiam
322 2545 368 2579 tri
394 2555 489 2586 uere,
521 2553 652 2590 eosque
675 2544 839 2579 celeriter
861 2543 1040 2580 dimittere
1062 2544 1180 2590 lequm
1203 2545 1345 2580 ratione
1367 2543 1502 2589 habita,
1532 2555 1577 2581 ne
1600 2548 1636 2580 et
1657 2544 1858 2598 sumptibus
1880 2546 1917 2579 et
1939 2542 2203 2589 lonqinquitate
2225 2547 2360 2591 tempo-

125 2601 206 2624 rum
229 2600 291 2625 eos
314 2593 475 2624 atterant
482 2601 497 2630 ;
530 2590 595 2624 sed
624 2589 732 2624 etiam
756 2587 1005 2634 delinquentes
1032 2589 1204 2635 persequi
1226 2593 1261 2625 et
1283 2589 1478 2626 secundum
1502 2589 1599 2636 leqes
1621 2589 1802 2636 supplicia
1824 2588 1870 2623 iis
1893 2588 2068 2634 infliqere‚
2092 2591 2203 2634 atque
2222 2598 2361 2624 omnem

125 2635 298 2670 iustitiam
349 2638 521 2669 raestare.

260 2645 421 2713 ILPNec
444 2689 528 2714 vero
551 2678 642 2725 ipsis
666 2681 804 2713 tantum
827 2677 916 2714 haec
933 2678 1191 2731 praecipimus,
1215 2677 1280 2714 secl
1301 2679 1409 2715 etiam
1432 2679 1605 2724 cuiusque
1627 2677 1861 2724 maqistratus
1880 2676 2122 2714 assessoribus
2144 2679 2180 2713 et
2201 2677 2267 2724 qui
2285 2676 2362 2714 illis

118 2728 316 2771 praeterea
354 2723 553 2758 ministeria
585 2723 748 2775 faciunt.
804 2722 846 2759 Si
883 2725 965 2769 quis
1002 2734 1094 2759 enim
1133 2734 1257 2760 eorum
1296 2724 1353 2760 vel
1389 2724 1429 2759 in
1470 2723 1686 2759 tributorum
1725 2723 1918 2759 exactione
1951 2722 2182 2769 neqleqentia
2222 2725 2360 2766 utatur,

126 2768 182 2804 vel
212 2768 353 2803 damnis
384 2772 461 2803 aut·
478 2769 623 2803 iniuriis
655 2768 834 2804 subiectos
862 2772 1007 2804 nostros
1037 2769 1200 2814 afficiat,
1233 2772 1269 2804 et
1299 2769 1403 2805 bonis
1429 2768 1636 2816 privabitur
1665 2771 1700 2804 et
1725 2768 1897 2803 maximis
1929 2767 2120 2814 suppliciis
2152 2767 2359 2804 subicietur.

127 2813 243 2848 Nobis
261 2813 354 2847 enim
387 2812 453 2847 deo
486 2813 575 2848 duce
607 2824 717 2848 unum
749 2812 818 2849 hoc
846 2818 901 2848 est
929 2813 1100 2855 studium,
1130 2818 1171 2849 ut
1191 2814 1403 2860 provinciae
1425 2817 1460 2850 et
1484 2813 1588 2849 bonis
1610 2813 1749 2859 leqibus
1772 2816 1926 2848 utantur
1948 2818 1983 2848 et
2007 2812 2045 2848 in
2068 2812 2262 2848 securitate
2283 2822 2363 2848 ver-

125 2861 250 2894 sentur
281 2863 314 2893 et
350 2857 559 2903 praesidum
598 2858 737 2893 iustitia
773 2859 962 2903 fruantur,
999 2862 1109 2911 utque
1140 2858 1292 2904 publica
1323 2859 1458 2895 tributa
1488 2862 1585 2894 recte
1615 2858 1836 2904 inferantur.
1883 2857 2011 2903 Neque
2042 2857 2135 2893 enim
2165 2856 2273 2892 aliter
2301 2867 2361 2893 res

123 2903 272 2951 publica
296 2902 435 2938 servari
454 2906 576 2947 potest
599 2903 670 2936 nisi
687 2903 763 2948 piis
788 2902 930 2938 tributis
952 2902 1078 2945 illatis,
1102 2914 1152 2939 ex
1175 2903 1305 2949 quibus
1328 2903 1512 2940 exercitus
1535 2914 1629 2949 quae
1652 2903 1685 2939 ei
1708 2902 1888 2938 destinata
1902 2906 1989 2938 sunt
2003 2902 2185 2948 accipiens
2200 2900 2361 2937 nostibus

125 2948 260 2984 resistit
290 2951 326 2983 et
356 2958 379 2981 a
401 2946 637 2982 barbarorum
661 2947 867 2983 incursione
890 2952 926 2983 et
947 2948 1178 2994 improbitate
1201 2949 1381 2984 subiectos
1404 2948 1546 2991 liberat,
1577 2958 1689 2995 aqros
1747 2958 1864 2993 noque
1886 2950 1924 2983 et
1945 2946 2108 2983 civitates
2130 2956 2154 2981 a
2178 2945 2359 2981 latronum

126 2999 190 3029 aut
213 2992 321 3028 aliter
346 2991 585 3027 turbulentam
609 2991 718 3027 vitam
741 2992 953 3027 sectantium
976 2993 1122 3028 iniuriis
1144 2997 1181 3029 et
1203 2994 1389 3030 invasione
1411 2992 1588 3039 defendit,
1617 2992 1699 3029 dein
1726 3003 1746 3027 e
1767 2991 1899 3038 reliqui
1932 3001 2003 3037 quo
2031 3001 2075 3026 ue
2097 2989 2244 3026 ordines
2266 2999 2359 3026 com-

125 3038 241 3074 modis
262 3037 308 3073 iis
331 3036 515 3083 deputatis
536 3036 727 3081 fruuntur,
751 3041 787 3071 et
810 3037 903 3071 muri
927 3041 962 3073 et
985 3037 1092 3073 urbes
1114 3038 1378 3080 instaurantur,
1401 3042 1438 3074 et
1449 3037 1682 3084 publicarum
1704 3036 1928 3073 balinearum
1951 3045 1995 3070 ca
2010 3035 2211 3081 efactiones
2227 3045 2360 3082 proce·

127 3086 217 3119 dunt
232 3087 268 3118 et
284 3082 506 3118 theatrorum
522 3091 612 3116 cura
629 3085 899 3127 ceterorumque
919 3093 1164 3129 quaecumque
1187 3082 1237 3118 ad
1257 3084 1497 3119 subiectorum
1521 3081 1745 3118 commodum
1769 3082 1913 3117 inventa
1936 3083 2040 3115 sunt:
2063 3083 2105 3115 ut
2127 3090 2221 3125 quae
2243 3080 2289 3116 ab
2313 3080 2361 3116 iis

127 3129 371 3174 conferuntur
389 3126 528 3180 partim
551 3126 590 3161 in
613 3126 714 3172 ipsos
734 3127 870 3172 partim
902 3127 1009 3162 etiam
1039 3132 1192 3174 propter
1223 3128 1324 3174 ipsos
1357 3127 1612 3175 impendantur
1634 3130 1671 3162 et
1687 3125 1948 3172 praebeantur,
1979 3123 2083 3160 nobis
2105 3134 2189 3160 vero
2213 3125 2359 3161 omnino

126 3173 220 3208 nihil
247 3172 332 3208 inde
360 3172 433 3208 nisi
453 3182 563 3207 curas
582 3182 653 3217 pro
677 3171 723 3205 iis
746 3171 878 3206 babere
900 3172 1022 3206 contin
1050 3177 1099 3215 at,
1156 3183 1350 3218 uamquam
1372 3183 1417 3208 ne
1440 3172 1508 3208 kas
1556 3171 1673 3207 uidem
1694 3171 1773 3206 sine
1794 3168 1968 3211 mercede,
1992 3179 2072 3205 eum
2094 3179 2249 3215 maqnus
2271 3169 2360 3206 deus

126 3224 160 3253 et
190 3221 356 3254 servator
386 3220 508 3252 noster
531 3214 637 3252 Iesus
662 3214 825 3252 Christus
847 3216 1010 3262 maqnitu
1036 3218 1095 3253 ine
1118 3228 1137 3252 c
1152 3218 1326 3253 ementiae
1346 3228 1435 3253 suae
1457 3227 1516 3252 mu
1532 3217 1578 3252 tis
1599 3226 1667 3251 nos
1687 3215 1790 3251 bonis
1810 3218 1964 3261 propter
1986 3213 2054 3250 hoo
2070 3224 2221 3261 vquoque
2242 3225 2359 3251 remu-

126 3268 282 3299 neretur.

174 3411 194 3443 2
219 3406 263 3450 δὴ
281 3409 457 3453 Scrimqer]
483 3405 538 3441 δεῖ
554 3408 599 3441 Μ
607 3407 620 3451 ΙΙ
639 3407 670 3440 εἰ
686 3406 862 3451 Scrimqer]
879 3405 934 3439 eia
952 3407 994 3439 M
1007 3406 1019 3450 ΙΙ
1037 3409 1059 3440 4
1074 3406 1209 3451 *παρα-
1278 3413 1324 3439 est
1349 3406 1480 3440 10—12
1506 3406 1564 3439 liu.
1581 3407 1624 3449 cs.
1644 3407 1765 3439 Theoti.
1789 3401 1842 3450 ἐφ’
1867 3395 1898 3447 ᾧ
1917 3403 2033 3439 αὐτὸν
2050 3401 2277 3451 ἆρκεσθῆναι
2292 3401 2359 3449 μό-

129 3450 353 3496 σκευάσαμεν
370 3455 418 3487 Μ
434 3452 778 3498 (παρασκευάζωμεν
801 3464 869 3485 cum
886 3452 1069 3494 Scrimqero
1087 3453 1186 3495 ναῖς.)
1198 3452 1211 3495 ΙΙ
1277 3461 1343 3484 νον
1365 3451 1443 3483 ταῖς
1459 3449 1603 3484 οἰκείαις
1619 3449 1804 3494 σιτήσεσιν
1820 3450 1832 3495 [Ι
1852 3452 1894 3485 12
1909 3446 2144 3495 1’ἀρκούμενοι
2161 3451 2212 3492 M,
2234 3447 2359 3497 ἀρκου-

129 3495 368 3541 άπεχομένους
391 3499 569 3543 Agylaeus]
595 3495 809 3541 ἀπεχόμενοι
832 3497 879 3531 Μ
889 3497 902 3540 ss
920 3499 940 3531 6
964 3492 1062 3540 ἡμεῖς
1086 3497 1207 3529 Scrim-
1304 3497 1403 3528 ένους
1426 3496 1610 3539 Hombequ
1626 3496 1639 3540 ss
1661 3498 1699 3530 18
1724 3494 1843 3530 ἄλλοις
1867 3496 1950 3529 male
1973 3509 2041 3530 cum
2069 3496 2254 3539 Scra'mqero
2268 3497 2356 3539 vulq.

129 3547 197 3587 qer]
224 3541 319 3585 ὑμεῖς
344 3545 390 3577 M
405 3544 418 3585 ΙΙ
449 3547 487 3578 10
513 3540 812 3588 ἆσφαλιζομένοις
835 3542 1036 3595 Hombequ]
1056 3537 1208 3586 ἇσφαλι-
1282 3539 1287 3584 Ι
1306 3541 1348 3573 24
1363 3542 1436 3573 τοῖς
1451 3541 1508 3581 M]
1525 3543 1598 3574 τοῖς
1620 3553 1661 3575 τε
1677 3554 1745 3576 cum
1761 3541 1945 3585 Scrimqero
1961 3542 2047 3586 vulq.
2064 3541 2078 3586 Ι
2095 3542 2138 3576 28
2157 3538 2359 3587 έπιμέλειας

132 3590 278 3631 ζομένης
299 3590 341 3622 M
355 3590 367 3632 ΙΙ
388 3592 426 3623 11
454 3587 475 3631 ἢ
498 3591 559 3623 del.
590 3591 817 3632 Osenbruyqen
833 3586 846 3630 fl
864 3585 991 3629 πόρον,
1017 3584 1107 3619 αλλὰ
1131 3588 1209 3619 ταῖς
1278 3586 1335 3619 M⁰
1354 3586 1366 3628 ΙΙ
1382 3587 1420 3619 31
1450 3582 1562 3619 αὑτοῦ
1587 3599 1654 3620 cum
1678 3587 1863 3631 Serimqero
1886 3586 1973 3631 vulq-

130 3634 274 3666 οἰκείαις
300 3636 458 3678 supplevi,
492 3647 551 3669 um.
577 3635 625 3667 M
639 3635 671 3667 in
696 3646 758 3676 quo
777 3640 854 3676 poet
875 3629 1064 3666 ὑποτελῶν
1089 3632 1206 3666 lacuna
