2476 3854
131 93 240 138 Nov.
261 93 432 139 CXLVI
460 109 522 151 pr.

130 205 359 251 προτεθῆναι
386 207 516 241 τοῐῖτον
541 205 632 240 κατὰ
661 204 727 239 τὰς
758 203 879 240 πόλεις
909 205 978 240 τὸν
1008 207 1124 251 νόμον
1154 212 1214 242 καὶ

129 253 219 286 πᾶσι
242 249 334 293 δῆλα
351 252 527 298 γενέσθαι
543 251 589 284 τὰ
605 249 698 284 κατὰ
715 249 779 284 ταί
784 263 852 294 την
868 246 954 295 ἡμῖν
971 251 1213 297 παραστάντα

127 295 199 348 τῂν
221 295 419 344 πρόφασιν.
458 296 541 331 Dat.
557 295 620 331 VI.
637 295 684 330 id.
702 295 808 330 Febr.
835 294 903 330 ΟΡ.
925 295 1010 342 imp.
1028 297 1087 333 dn.
1105 297 1209 333 Iusti-

1202 95 1286 143 714

1597 113 1659 145 ΠΤ
1687 114 1849 146 LIGEAT
1876 115 2095 148 HEBRAEIS
2124 116 2365 151 SECUNDUM

1278 299 1360 334 Dat.
1385 298 1433 335 id.
1458 299 1546 336 Feb.
1573 300 1641 336 ΟΡ.
1666 301 1750 347 imp.
1776 302 1835 338 dn.
1860 302 2051 340 Iustiniani
2073 314 2134 352 pp.
2153 307 2244 352 Aug.
2269 316 2363 343 anno

128 343 226 377 mani
248 353 308 388 pp.
329 342 420 387 Aug.
445 351 538 377 anno
561 340 693 377 XXVI.
717 351 775 386 pc.
792 340 918 377 Basilii
936 351 989 378 vc.
1015 351 1109 379 anno
1132 343 1214 431 xg.
1239 347 1280 425 545
1284 343 1431 432 810Χί
1452 355 1509 390 pc.
1535 345 1660 383 Basilii
1682 358 1736 383 vc.
1762 357 1856 384 anno
1880 348 1962 384 XII.

621 556 710 597 ΡΜς

469 625 586 660 ΠΕΡΙ
619 623 847 659 ΕΒΡΑῙΩΝ.

122 914 161 952 Ὁ
184 914 292 952 αὐτὸς
315 915 708 963 βασιλεὶνςἍρεοβίνὸῳ
734 917 787 961 τῷ
813 912 1040 960 ἐνδοξοτάτῳ
1062 913 1206 961 ἐπάρχῳ

538 966 786 1009 πραιτωρίων.

132 1073 142 1087 ²
167 1032 229 1086 (1]
234 1045 254 1076 ρ
262 1044 280 1066 ο
289 1044 307 1065 ο
318 1034 333 1065 ί
340 1045 365 1074 μ
376 1046 388 1065 ι
397 1043 416 1065 ο
426 1031 483 1077 ν.)
525 1027 655 1076 Ἐχρῆν
685 1031 753 1075 μὲν
775 1027 958 1074 Ἑβραίους
988 1031 1067 1065 τῶν
1100 1029 1208 1075 ἱερῶν

1743 561 1901 598 CXLVI.
2077 563 2188 600 Auth.
2203 562 2362 600 CXXIV.

1355 624 1419 661 UT
1454 625 1634 663 LICEAT
1668 627 1913 665 HEBRAEIS
1948 629 2212 667 SECUNDUM
2247 630 2363 666 TRA-

1222 761 1264 795 10
1275 760 1342 796 ΠΤ
1364 760 1430 795 DE
1454 761 1590 797 LOCIS
1614 761 1716 798 SUIS
1741 763 2104 801 EXPELLANTUR
2127 765 2228 801 NON
2249 765 2362 801 CRE-

1275 805 1473 842 DENTES
1511 806 1737 844 IUDICIUM
1775 808 1874 844 VEL
1913 809 2364 847 RESURRECTIONEM

1373 850 1473 888 VEL
1496 851 1723 889 ANGELOS
1746 853 1865 890 ESSE
1890 853 2193 892 CREATURAM
2217 857 2259 903 ξι

1554 919 1653 956 Idem
1675 920 1768 966 Aug.
1785 921 2010 959 Areobindae
2032 933 2092 968 pp.

1321 1030 1373 1078 <P
1383 1042 1401 1067 1·
1410 1041 1432 1067 a
1441 1042 1461 1067 e
1469 1032 1487 1067 f
1493 1033 1615 1078 atio.)
1637 1033 1890 1070 Necessarium
1915 1033 2055 1079 quidem
2078 1037 2156 1070 erat
2179 1034 2361 1071 Hebraeos

122 1088 319 1111 ακουοντας
324 1076 493 1155 ἕβλίαζν
506 1076 562 1130 μὴκ
575 1075 693 1121 ψιλοῖς
710 1079 984 1131 προςτετηκένοξι
1000 1079 1073 1109 τοῖς
1096 1075 1207 1122 γράμ·
1223 1078 1262 1110 15
1278 1086 1399 1112 sacros
1433 1077 1543 1113 libros
1577 1078 1764 1114 audientes
1792 1089 1864 1114 non
1894 1079 1980 1115 solis
2003 1079 2130 1115 litteris
2154 1080 2360 1123 adhaerere,

121 1133 245 1166 μασιν,
277 1118 321 1155 ἀλ
400 1132 499 1168 προίξ
520 1133 585 1155 τας
616 1123 894 1164 ἐναποκειμένας
928 1123 1047 1155 αυτοῖς
1071 1133 1207 1167 προφη-

121 1171 218 1201 τείας
253 1165 356 1212 ὁρᾶν,
389 1164 432 1201 δι’
467 1167 520 1201 ὠν
544 1167 611 1201 τὸν
634 1169 748 1213 μέγαν
771 1165 865 1201 θεὸν
887 1170 947 1200 καὶ
970 1167 1120 1211 σωτῆρα
1142 1166 1207 1200 τοῦ

121 1213 198 1246 τῶν
230 1209 449 1257 ἀνθρώπων
473 1215 597 1268 γένους
618 1208 755 1255 Ἰησοῦν
785 1211 852 1246 τὸν
880 1211 1046 1257 Χριστὸν
1076 1223 1208 1268 καταγ-

120 1256 303 1304 γέλλουσι·
335 1256 431 1301 πλὴν
463 1255 546 1292 αλλ’
567 1258 597 1291 εἰ
625 1260 684 1291 καὶ
718 1254 861 1303 ἀλόγοις
885 1258 978 1302 σφᾶς
1002 1254 1130 1290 αὐτοὺς
1153 1269 1208 1301 ερ-

1277 1121 1340 1157 sed
1363 1122 1409 1157 ad
1432 1123 1637 1159 reconditas
1661 1124 1713 1160 εἰς
1737 1123 1944 1170 prophetias
1965 1124 2157 1170 respicere,
2181 1135 2248 1170 per
2271 1135 2361 1170 quas

1276 1176 1443 1212 magnum
1474 1168 1580 1204 deum
1610 1171 1647 1204 et
1680 1169 1892 1205 salvatorem
1914 1171 2051 1214 generis
2075 1170 2221 1205 humani
2242 1169 2361 1206 Iesum

1278 1211 1458 1248 Christum
1488 1214 1713 1250 adnuntiant.
1760 1214 1832 1250 Sed
1859 1213 1999 1251 etiamsi
2026 1215 2219 1251 insensatis
2249 1218 2362 1252 semet

1275 1257 1374 1302 ipsos
1397 1258 1752 1304 interpretationibus
1774 1259 1958 1295 tradentes
1983 1270 2007 1296 a
2021 1263 2120 1295 recta
2136 1269 2248 1306 usque
2263 1270 2360 1296 nunc

121 1306 281 1345 μηνείαις
312 1300 536 1338 ἐπιδιδόντες
569 1303 631 1346 τῆς
655 1300 771 1357 ῥρθῇς
793 1301 873 1347 ἄχρι
897 1305 957 1336 καὶ
981 1303 1049 1336 νῦν
1073 1298 1207 1336 ἆποπε-
1221 1304 1263 1337 20
1276 1302 1389 1346 gloria
1420 1303 1598 1346 aberrant,
1630 1307 1749 1340 tamen
1770 1304 1903 1340 certari
1926 1304 1973 1340 ad
1996 1304 2146 1341 invicem
2168 1315 2242 1342 non
2264 1315 2360 1341 com-

121 1347 324 1391 πλάνηνται
361 1346 483 1391 δόξης,
519 1345 615 1391 ὅμως
646 1350 881 1393 αμφιςβητεῖν
913 1346 1003 1392 πρὸς
1036 1344 1209 1403 ἀλλήλους

119 1393 306 1437 μαθόντες
337 1390 465 1428 αὐτοὺς
495 1390 559 1427 οὐκ
589 1393 876 1438 ἐκαρτερήσαμεν
912 1391 1062 1438 ἄκριτον
1086 1394 1209 1426 αυτοῖς

1276 1347 1545 1393 prehenderunt
1574 1349 1652 1386 sine
1680 1349 1813 1387 iudicio
1843 1350 1894 1386 eis
1923 1349 2124 1396 relinquere
2154 1350 2358 1387 tumultum.

255 1485 341 1519 Nov.
364 1484 522 1519 CXLVI
541 1484 598 1525 (=
614 1485 764 1518 Anthent.
784 1484 960 1527 CXXIV)
996 1484 1122 1519 Graece
1154 1491 1241 1518 extat
1273 1485 1306 1518 in
1331 1485 1415 1527 ML,
1446 1498 1473 1519 c.
1493 1487 1580 1520 1—3
1607 1487 1641 1520 in
1666 1486 1717 1519 B‘
1743 1488 1774 1529 1,
1791 1494 1817 1528 1,
1832 1489 1944 1528 5¹1[58,
1968 1488 2011 1530 cfi
2037 1487 2225 1521 Zachariae
2247 1487 2357 1523 Beitr.

119 1543 147 1564 2.
174 1531 287 1564 Kritik
310 1543 340 1564 u.
366 1530 562 1563 Restitution
583 1530 640 1563 der
666 1530 851 1572 Basiliken,
876 1530 926 1564 Se.
953 1529 1148 1573 Petersbury
1175 1530 1259 1564 1877
1279 1542 1315 1573 p.
1332 1531 1363 1565 4.
1391 1532 1457 1573 15].
1480 1549 1523 1555 —
1547 1531 1637 1575 Epic.
1664 1531 1786 1566 Theod.
1813 1533 1888 1573 146,
1912 1532 2033 1566 Athan-
2059 1533 2091 1575 3,
2114 1532 2134 1565 5
2160 1532 2248 1575 (inde
2273 1532 2356 1577 'Cott-

121 1582 221 1610 const.
247 1575 321 1609 eccl.
338 1575 404 1609 III
416 1576 447 1617 3,
466 1575 509 1616 5).

120 1709 170 1745 ad
200 1709 397 1746 civitatium
428 1709 630 1755 episcopos,
662 1712 704 1744 ut
733 1713 769 1744 et
788 1713 1020 1756 proponatur
1050 1709 1139 1745 haec
1168 1710 1232 1746 leoe
1262 1711 1301 1745 in
1333 1712 1538 1747 civitatibus
1567 1715 1604 1747 et
1633 1710 1796 1746 omnibus
1827 1711 2024 1757 manifesta
2051 1711 2148 1757 fiant
2176 1722 2271 1758 quae
2286 1723 2360 1759 per

120 1754 215 1791 hanc
237 1764 384 1791 causam
408 1753 510 1791 nobis
531 1753 762 1800 placuerunt.

1163 1924 1256 1977 CXL
1267 1925 1330 1962 VI.

1051 1991 1126 2028 DE
1159 1990 1437 2029 HEBRAE'IS.

611 2058 711 2097 Idem
734 2060 921 2108 Augustus
943 2060 1148 2097 Areobindo
1171 2060 1439 2107 yloriosissimo
1460 2060 1653 2107 praesecto
1672 2060 1876 2106 praetorio.

253 2128 517 2177 Praefatio.
568 2127 767 2175 Oportebat
797 2127 940 2174 quidem
965 2127 1153 2165 Hebraeos
1182 2138 1310 2164 sacros
1333 2127 1445 2164 libros
1467 2127 1655 2164 audientes
1677 2139 1752 2164 non
1775 2128 1884 2164 nudis
1907 2127 2036 2164 litteris
2058 2127 2265 2172 inhaerere,
2293 2129 2360 2174 sed

117 2176 167 2211 ad
195 2175 382 2212 recondita
417 2175 456 2210 in
491 2174 537 2210 iis
571 2174 742 2210 vaticinia
775 2174 971 2220 respicere,
1005 2184 1073 2220 per
1107 2184 1201 2220 quae
1235 2184 1406 2220 maynum
1434 2172 1539 2208 deum
1569 2178 1606 2210 et
1634 2176 1854 2209 servatorem
1885 2172 2034 2209 humani
2064 2174 2208 2221 yeneris
2237 2174 2358 2210 Iesum

120 2221 298 2258 Christum
331 2220 559 2257 adnuntiant.
606 2219 719 2266 Atqui

117 2266 300 2313 hucusque
331 2266 559 2308 aberrarunt,
592 2267 712 2301 tamen

164 2440 179 2471 1
206 2436 459 2480 προστεθῆναι
483 2436 525 2468 M
538 2436 551 2478 ΙΙ
578 2437 598 2468 2
622 2433 714 2467 κατὰ
738 2433 877 2475 ταύτην
901 2434 1102 2474 Zachariae]
1124 2429 1202 2466 κατ’

117 2478 230 2524 αὐτὴν
255 2482 328 2514 ML
345 2481 358 2525 ss
376 2482 395 2514 3
411 2483 533 2514 subscr.
558 2479 624 2512 dat.
639 2478 722 2511 XII.
740 2479 874 2522 reliquis
891 2479 1015 2512 omissis
1031 2479 1075 2512 M
1093 2480 1205 2521 priore

115 2530 195 2569 vice,
211 2528 299 2570 quod
313 2539 351 2559 ex
369 2526 606 2568 subscriptione
619 2525 844 2568 praecedentis
859 2536 931 2558 nov.
943 2523 1067 2558 CXLI
1072 2524 1206 2567 V(quae

118 2579 221 2606 tamen
238 2573 270 2605 in
288 2572 335 2605 Μ
344 2584 407 2605 non
427 2571 607 2614 praecedit,
630 2570 690 2603 sed
711 2571 793 2603 inter
808 2569 930 2603 Iustini
944 2569 1088 2603 novellas
1104 2569 1204 2611 extat)

118 2617 308 2650 translatum
321 2623 418 2660 putat
435 2616 623 2649 Zachariae
640 2614 653 2658 ΙΙ
668 2614 744 2649 Dat.
754 2614 813 2647 VI.
830 2614 877 2647 id.
891 2613 990 2647 Febr.
1009 2614 1139 2648 Gentius
1153 2610 1206 2647 ‘ex

118 2663 261 2705 antiquis
285 2658 416 2704 mss.’(‘?)
436 2662 492 2703 (cf.
506 2662 628 2694 subscr.
645 2672 715 2693 nov.
733 2660 828 2693 CXL
839 2659 890 2693 VI
893 2660 917 2701 )]
934 2659 1011 2692 Dat.
1023 2659 1067 2692 id.
1088 2658 1169 2692 Feb.
1185 2670 1205 2695 ς

116 2707 148 2739 d.
162 2706 211 2739 IV
225 2706 270 2739 id.
287 2708 369 2748 sept.
384 2706 424 2738 M
446 2706 533 2738 Δατ.
547 2702 578 2750 γ’
595 2706 676 2737 IIII.
694 2701 726 2737 δ.
744 2706 888 2748 νοεμβρ.
905 2705 939 2746 (ἱ.
956 2717 982 2737 ε.
1001 2704 1054 2736 111
1071 2704 1122 2738 vel
1131 2704 1204 2737 IIII

115 2751 162 2784 id.
179 2751 389 2792 Novembris)
404 2751 481 2783 Ath.
498 2748 715 2795 έξεφωνήθη
730 2751 818 2793 μηνὶ
834 2751 1061 2794 φεβρουαρίῳ
1082 2750 1203 2783 Theod.

115 2795 128 2842 ΙΙ
145 2795 411 2829 GP.—XXVI.
437 2796 563 2829 Biener
593 2796 649 2838 (cfi
681 2797 802 2828 subscr.
828 2807 900 2829 nov.
922 2795 1019 2829 CXL
1030 2794 1110 2836 V1)]
1136 2794 1202 2827 GP.

115 2853 195 2895 imp.
221 2852 276 2885 dn.
301 2850 484 2884 Iustiniani
506 2860 561 2893 pp.
586 2852 671 2892 Aug.
696 2861 785 2884 anno
807 2850 949 2895 <X)XV
965 2861 985 2887 e
1008 2841 1083 2883 (Ἦ
1096 2851 1202 2893 βασι-

115 2896 211 2931 λείας
232 2894 487 2930 ’Ῑουστινιανοῦ
519 2894 562 2928 τὸ
592 2893 640 2927 κε’
668 2897 742 2929 Ath.
775 2897 848 2929 ἔτει
879 2893 926 2929 λε’
951 2896 1031 2938 (pro
1056 2894 1118 2937 κε’)
1141 2895 1204 2937 τῆς

777 2229 970 2265 uamquam
995 2219 1166 2255 absurdis
1196 2219 1252 2254 int

765 2264 944 2311 isceptare
974 2275 1038 2301 eos
1068 2265 1163 2301 inter
1192 2274 1231 2301 se
1253 2275 1274 2300 e
1299 2264 1373 2299 octi
1392 2274 1467 2299 non
1490 2263 1725 2300 sustinuimus
1748 2264 1874 2301 turbas
1903 2263 1950 2299 iis
1972 2263 2177 2310 relinquere
2199 2274 2273 2301 non
2305 2264 2359 2300 di-

1318 2217 1558 2255 rotationibus
1588 2229 1628 2254 se
1658 2218 1758 2265 ipsos
1790 2217 1972 2255 tradentes
1998 2229 2022 2254 a
2050 2222 2151 2255 recta
2180 2220 2358 2255 sententia

1275 2428 1440 2478 ἀγγέλους
1474 2433 1550 2465 Ath.
1586 2433 1642 2472 (cfi
1671 2435 1703 2474 ς)
1747 2434 1836 2476 Περὶ
1876 2432 1940 2465 τοῦ
1977 2427 2242 2477 ἀναγιναῖσκειν
2277 2431 2359 2466 τοὺς

1273 2474 1456 2522 Ἑβραίους
1478 2475 1543 2510 τὰς
1565 2476 1703 2521 γραφὰς
1728 2475 1906 2519 ἑλληνιστὶ
1924 2478 1983 2509 καὶ
2001 2476 2175 2521 ἑβραϊστί,
2199 2478 2358 2522 καὶπερὶ

1274 2521 1491 2578 ἀναιρέσεως
1520 2521 1583 2564 τῆς
1609 2519 1865 2567 ὃευτεραὶσεως,
1896 2524 1957 2555 καὶ
1987 2524 2069 2566 περὶ
2097 2522 2175 2555 τῶν
2197 2520 2248 2565 μὴ
2273 2519 2356 2566 ὁμο-

1273 2566 1480 2614 λογουντων
1502 2569 1622 2612 κρίσιν
1644 2562 1666 2609 ἢ
1689 2564 1893 2600 ἀνάστασιν
1908 2563 1932 2609 ἢ
1945 2565 2029 2600 τοὺς
2043 2563 2210 2612 ἀγγέλους
2224 2569 2359 2610 κτίσμα

1274 2612 1365 2646 θεοῦ
1401 2612 1493 2646 εἶναι
1524 2613 1643 2646 Theod.
1673 2612 1685 2656 ΙΙ
1714 2613 1874 2656 ἐβραίων
1909 2614 1953 2652 (et
1982 2613 2030 2645 sic
2062 2612 2255 2655 constanter)
2289 2613 2334 2646 M
2345 2610 2360 2656 ΙΙ

1277 2659 1318 2692 12
1342 2653 1543 2702 ἀρεοβίνὸᾳ
1565 2657 1642 2691 Ath.
1660 2656 1673 2702 ΙΙ
1689 2656 1768 2691 τῶν
1791 2657 1823 2690 L
1840 2657 1852 2700 ΙΙ
1873 2658 1915 2691 14
1932 2655 2012 2700 Χρὴ
2033 2657 2084 2690 cit.
2099 2657 2177 2691 Ath.
2194 2658 2266 2690 cod.
2284 2655 2298 2701 ΙΙ
2315 2658 2357 2691 15

1272 2701 1415 2746 βίβλων
1443 2699 1640 2736 ἀκούοντας
1663 2705 1715 2736 cit.
1740 2702 1829 2741 Aah„
1857 2697 2053 2735 ἀκούοντας
2083 2698 2227 2745 βίβλων
2250 2701 2358 2736 Halo-

1273 2750 1375 2782 ander
1398 2750 1455 2792 (cf.
1480 2749 1526 2780 ad
1549 2749 1624 2788 715,
1642 2749 1672 2790 4)
1699 2746 1712 2803 u
1741 2744 1856 2791 ψιλῶς
1879 2747 1912 2780 L
1941 2745 1954 2791 ΙΙ
1983 2741 2193 2801 πράγμασιν
2215 2746 2248 2780 L
2273 2745 2287 2791 ΙΙ
2316 2747 2358 2781 16

1272 2789 1392 2827 αὐτοῖς
1415 2794 1643 2838 προφητείας]
1668 2794 1787 2826 αυτοῖς
1805 2792 1837 2825 L
1851 2791 1863 2812 ¹
1886 2791 2025 2826 ἐννοίας
2049 2793 2171 2825 αυταῖς
2187 2791 2219 2824 L
2235 2804 2275 2825 m.
2292 2803 2357 2826 rec·

1277 2837 1281 2882 Ι
1302 2839 1340 2873 19
1365 2834 1520 2883 ἀλόγοις]
1545 2833 1711 2879 ἀλλήλους
1734 2838 1766 2870 L
1790 2836 1803 2881 ΙΙ
1829 2837 1872 2871 22
1894 2834 2081 2880 μαθόντες
2105 2833 2232 2870 αὐτοὺς
2255 2848 2313 2871 om.
2336 2846 2359 2874 e

1276 2878 1361 2928 Ιοῦκ
1385 2880 1684 2929 ἐκαρτερήσαμεν]
1709 2892 1777 2916 non
1801 2882 2124 2926 comprehenderunt
2143 2892 2164 2918 ς

115 2940 300 2987 βασιλείας
325 2942 445 2975 Theod.
487 2940 552 2973 GP.
577 2939 631 2972 dn.
655 2940 734 2991 inst:
759 2951 818 2993 pp}
840 2951 915 2982 aug.
935 2941 977 2974 M
993 2940 1006 2984 ΙΙ
1022 2942 1043 2974 4
1067 2951 1117 2983 pc.
1136 2942 1202 2973 Ba·
1274 2974 1283 2976 ‚

115 2987 186 3022 silii
217 2998 266 3021 vc.
292 2997 381 3020 anno
404 2985 476 3018 XII
501 2987 532 3026 ς]
568 2982 658 3025 μετὰ
695 2997 764 3027 την
799 2987 979 3018 υπατείαν
1010 2982 1203 3019 Βασιλείσυ

115 3032 159 3066 τὸ
184 3031 220 3075 β’
247 3034 343 3074 (corr.
370 3028 433 3075 ιβ’)
457 3031 533 3064 Ath.
558 3026 714 3071 ὑπατείᾳ
738 3028 926 3063 Βασιλείσυ
947 3029 990 3063 τὸ
1015 3029 1061 3076 ιγ’
1082 3031 1201 3063 Theod.

115 3078 242 3111 bilisar.
266 3087 318 3111 uc.
343 3086 451 3110 conss.
476 3075 523 3108 M
543 3073 556 3119 ΙΙ
585 3077 603 3107 7
636 3076 725 3117 Περὶ
758 3074 916 3118 ἑβραίων
948 3074 1027 3108 πῶς
1054 3071 1110 3108 δεῖ
1138 3073 1203 3109 τὰς

116 3121 255 3168 γραφὰς
277 3121 544 3168 ἀναγινώσκειν
566 3120 599 3153 L
622 3114 733 3152 κὨστε
756 3117 883 3151 ἄδειαν
908 3118 999 3152 εἶναι
1023 3121 1096 3153 τοῖς
1118 3121 1201 3162 βου·

115 3167 276 3211 λομένοις
298 3164 475 3211 Ἑβραίοις
499 3166 539 3199 ἐν
562 3166 639 3198 ταῖς
663 3166 885 3209 συναγωγαῖς
909 3160 1031 3197 αὐτῶν
1055 3161 1115 3197 διὰ
1139 3164 1202 3207 τῆς

116 3212 298 3255 ἑλληνικῆς
321 3209 515 3254 (ἑλληνίδος
538 3211 646 3252 index)
671 3208 795 3254 φωνῆς
810 3205 834 3251 ἢ
849 3210 909 3241 καὶ
925 3211 998 3249 (καὶ
1014 3222 1072 3242 om.
1092 3210 1201 3251 index)

115 3259 178 3300 τῆς
213 3255 372 3300 ἶταλικῆς
407 3252 429 3299 ἢ
463 3257 523 3289 καὶ
558 3251 595 3297 (ἢ
627 3256 687 3287 καὶ
717 3267 776 3287 om.
802 3254 910 3295 index)
939 3250 1000 3286 διὰ
1031 3253 1092 3296 τῆς
1123 3254 1201 3287 τῶν

116 3301 240 3336 ἄλλων
269 3301 430 3348 γλώττης
462 3296 843 3344 συμμεταβαλλομένης
866 3300 938 3331 τοῖς
961 3297 1088 3332 τόποις
1111 3295 1199 3331 ἄνα-

114 3347 307 3394 γινιόσκειν
341 3346 406 3381 τὰς
442 3345 537 3392 ἱερὰς
570 3342 709 3391 γραφάς
744 3345 917 3386 (hucusque
950 3344 1058 3385 index)
1106 3338 1200 3376 ὥστε

116 3394 254 3426 ἐννοεῖν
272 3394 383 3434 (νοεῖν
405 3393 483 3426 C'oll.
502 3399 600 3424 const.
623 3391 714 3432 eccl.)
736 3387 818 3422 τοὺς
841 3389 1115 3432 συνερχομένους
1130 3387 1200 3429 τὴν

116 3435 293 3482 ἀκρόασιν
323 3436 417 3470 κατὰ
446 3434 514 3479 τὴν
544 3435 621 3469 τῶν
653 3433 682 3468 ο’
715 3435 774 3467 καὶ
810 3430 880 3476 τὴν
905 3429 1050 3466 'Antion
1086 3431 1198 3476 παρά-

117 3480 230 3524 δοσιν,
261 3484 322 3515 καὶ
349 3477 444 3515 ὥστε
467 3480 533 3524 τὴν
557 3476 640 3527 παρ’
666 3476 843 3523 Ἑβραίοις
866 3475 1060 3523 λεγομένην
1084 3474 1199 3509 δευτέ-

116 3538 231 3571 ρωσιν
261 3524 310 3560 οἷς
336 3526 386 3570 μὴ
409 3529 481 3560 τοῖς
506 3525 609 3570 ἱεροῖς
639 3521 1016 3568 (συν>ανειλημμένην
1047 3519 1201 3565 βιβλίοις

116 3570 330 3615 κωλυθῆναι
353 3569 504 3605 τελείως.
533 3573 593 3603 καὶ
617 3567 712 3603 ὥστε
734 3567 817 3602 τοὺς
831 3567 880 3612 μὴ
900 3566 1067 3614 λε’γοντας
1082 3568 1200 3610 κρίσιν

116 3613 139 3660 ἢ
171 3613 376 3651 ἀνάστασιν
407 3613 547 3651 παντὸς
578 3610 852 3649 ἀπελαύνεσθαι
882 3612 1016 3655 τόπου,
1050 3607 1126 3655 ἅμα
1160 3608 1201 3645 δὲ

116 3663 177 3696 καὶ
211 3661 293 3696 τοὺς
325 3660 375 3705 μὴ
412 3658 674 3707 ὁμολογοῦντας
708 3661 839 3704 κτίσμα
872 3657 961 3692 θεοῦ
996 3656 1086 3691 εἶναι
1122 3654 1200 3690 τοὺς

1317 3030 1336 3063 3
1349 3029 1612 3072 subscriptionem
1621 3034 1796 3071 praestant
1808 3040 1825 3060 r
1838 3027 1958 3060 Pistor.
1968 3026 2082 3058 Escor.
2096 3026 2142 3059 id.
2151 3026 2184 3058 k.
2197 3026 2261 3059 feb.
2272 3026 2355 3060 Pist.

1270 3074 1332 3116 (VI
1346 3073 1392 3106 id.
1410 3072 1474 3106 feb.
1494 3073 1625 3106 Gentius
1636 3067 1690 3105 ‘ex
1704 3072 1847 3114 antiquis
1862 3066 1959 3111 mssff)
1975 3069 2031 3103 dn.
2048 3069 2142 3103 iusti.
2158 3070 2240 3104 Pist.
2256 3070 2355 3104 dorin.

1269 3120 1348 3152 inst.
1365 3132 1382 3152 r
1406 3118 1461 3151 dn.
1486 3117 1593 3150 nostri
1616 3116 1679 3150 iut.
1696 3117 1811 3149 Escor.
1831 3115 1843 3157 ΙΙ
1860 3124 1929 3156 cog.
1946 3114 1995 3149 an.
2014 3114 2079 3148 XV
2094 3116 2172 3149 libri
2186 3115 2199 3158 ΙΙ
2217 3116 2238 3149 4
2261 3115 2355 3150 basil.

1269 3165 1351 3198 Pist.
1374 3162 1442 3196 bas.
1460 3162 1574 3195 Escor.
1592 3160 1604 3204 ΙΙ
1623 3162 1641 3194 7
1666 3172 1736 3194 nov.
1758 3160 1853 3194 CXL
1864 3160 1915 3193 VI
1926 3176 1971 3189 =
1986 3159 2084 3193 Auth.
2106 3160 2230 3194 CXXI
2237 3161 2357 3195 Vinter

1270 3214 1524 3251 extravayantes
1548 3207 1580 3239 in
1606 3206 1784 3249 appendice
1812 3207 1852 3238 ab
1878 3205 1944 3238 alio
1969 3205 2104 3238 librario
2128 3207 2282 3248 scriptam
2303 3217 2356 3239 ex-

1270 3255 1356 3287 hibet
1380 3252 1456 3295 Tfi
1485 3252 1576 3292 lev,
1601 3251 1671 3283 item
1695 3251 1760 3292 rf.
1786 3251 1845 3284 87¹·
1869 3248 1881 3292 ΙΙ
1907 3251 1994 3283 rubr.
2021 3262 2079 3283 om.
2103 3249 2157 3294 Vss
2176 3250 2315 3283 hebreos
2339 3263 2357 3284 r

1268 3296 1519 3342 sstraditionem]
1544 3305 1670 3328 sacram
1693 3294 1907 3327 traditionem
1930 3307 1947 3327 r
1967 3295 1980 3337 ss
2006 3295 2026 3328 8
2051 3294 2137 3336 legis
2166 3295 2198 3329 T
2214 3295 2226 3338 ΙΙ
2251 3294 2356 3328 latine

1268 3355 1326 3376 om.
1352 3354 1370 3375 r
1392 3341 1405 3384 ΙΙ
1433 3342 1473 3375 10
1498 3342 1536 3373 ut
1559 3339 1611 3380 dc]
1638 3339 1725 3372 unde
1754 3340 1785 3372 Τ
1803 3340 1815 3383 u
1840 3338 2007 3383 expellant
2033 3339 2064 3372 T
2084 3339 2096 3383 ΙΙ
2124 3341 2162 3374 11
2192 3339 2356 3373 iudicium

1267 3386 1319 3419 vel
1344 3399 1401 3420 om.
1426 3398 1445 3419 r
1462 3385 1474 3429 ΙΙ
1493 3386 1533 3419 12
1554 3386 1739 3417 creaturam
1765 3385 1798 3417 T
1817 3385 1916 3427 vul9.]
1942 3386 2108 3417 creaturas
2131 3385 2192 3418 rV
2206 3386 2261 3429 (cs.
2278 3385 2355 3418 Aac.

1270 3432 1390 3465 Theod.
1424 3437 1453 3464 et
1477 3432 1554 3471 716,
1571 3431 1637 3471 32);
1673 3430 1725 3462 dei
1758 3431 1835 3463 add.
1863 3431 1951 3474 vuly.
1979 3429 1991 3474 ΙΙ
2027 3431 2067 3464 13
2091 3428 2264 3462 ariobindo
2290 3429 2360 3463 TV

1268 3475 1451 3509 ariobunde
1475 3488 1491 3509 r
1527 3474 1717 3508 Areobindo
1740 3475 1826 3519 νοις.
1847 3473 1859 3519 ΙΙ
1873 3484 1929 3552 fp.
1956 3487 2014 3508 om.
2032 3473 2090 3518 Vn
2110 3476 2151 3508 14
2174 3474 2286 3508 ebreos
2309 3475 2356 3514 (et

1268 3523 1314 3555 ita
1329 3521 1472 3564 saepius)
1492 3521 1525 3554 V
1536 3521 1548 3563 ΙΙ
1568 3522 1608 3555 15
1629 3519 1708 3553 solis
1723 3521 1821 3564 only]
1837 3530 1872 3552 so
1887 3519 1944 3552 itis
1957 3534 1973 3553 r
1989 3518 2097 3552 solum
2113 3519 2178 3553 VT
2189 3519 2202 3564 ΙΙ
2218 3519 2353 3560 litteris]

1268 3565 1365 3599 terris
1389 3565 1513 3598 litteris
1532 3566 1586 3599 Ta
1601 3565 1614 3608 ΙΙ
1636 3567 1676 3599 16
1699 3565 1741 3598 ad
1764 3575 1815 3598 res
1839 3564 1988 3598 conditas
2012 3564 2060 3597 eis
2078 3564 2308 3607 prohibentias
2325 3563 2358 3596 T

1266 3612 1278 3655 ΙΙ
1296 3613 1336 3646 18
1361 3610 1491 3643 etiamsi
1515 3611 1613 3654 only]
1638 3609 1737 3643 etiam
1762 3611 1840 3644 libri
1866 3609 1879 3655 fl
1907 3610 1950 3644 20
1974 3609 2112 3643 aberant
2135 3609 2168 3643 T
2190 3607 2203 3654 ΙΙ
2233 3606 2354 3643 certari

1275 3656 1333 3698 Vr]
1359 3658 1484 3689 crearet
1508 3656 1553 3701 T;
1579 3657 1705 3689 certare
1729 3655 1817 3699 vuly.
