2592 3840
232 93 340 138 Nov.
360 94 518 139 XCVII
546 96 573 138 6

230 203 427 240 ἐπιδέδωκε
457 206 526 252 γὰρ
558 204 677 250 πατὴρ
709 207 841 251 προῖκα
870 203 894 248 ἢ
951 202 1040 253 ἠτηρ
1075 206 1186 249 τυχὸν
1220 204 1313 254 ὑπὲρ

231 249 361 285 παιδὸς
385 252 530 293 οἰκείας,
552 248 573 293 ἡ
599 248 639 283 δὲ
654 249 793 292 ταύτην
818 248 923 284 ἐπιδέ
944 264 1014 284 ωκε
1037 252 1090 294 τῷ
1112 248 1229 297 ἀνδρί,
1252 256 1313 286 καὶ

230 295 458 339 ἐτελεύτησεν
482 293 501 328 ὁ
525 293 616 340 ἀνὴρ
640 293 791 340 ἄπορος·
827 295 905 329 εἶτα
936 297 1000 329 τοῦ
1031 296 1169 343 πατρὸς
1199 295 1222 340 ἢ
1252 298 1313 341 τῆς

228 341 364 385 μητρὸς
378 340 673 382 τελευτησάντων
693 337 903 374 ἀπαιτεῖται
930 343 990 374 καὶ
1014 338 1036 384 ἡ
1059 339 1206 388 γήμασα
1229 354 1312 377 συν-

231 390 435 432 ειςενεγκεῖν
466 385 690 431 τὴνυὲαυτῆς
720 388 852 430 προῖκα
883 383 906 428 ἢ
929 386 1029 432 παρὰ
1053 387 1228 422 τοσοῦτον
1252 386 1311 421 λα-

231 434 318 474 βεῖν.
366 432 397 464 εἰ
420 432 486 469 μὲν
515 432 579 463 οὐν
611 427 631 463 ὁ
664 427 757 475 ἀνὴρ
780 427 942 472 εὐπόρως
964 432 1056 474 ἔχοι,
1090 431 1133 466 τὸ
1163 433 1312 479 πρᾶγμα

231 474 471 517 πανταχόθεν
487 472 638 509 εὖλυτόν
655 477 771 509 ἐστιν·
797 477 828 509 εἰ
845 473 885 509 δὲ
900 474 1046 510 οὐδενὸς
1068 477 1191 523 ἑτέρου
1208 482 1311 522 κυρία

231 521 458 563 καθέστηκεν
490 522 605 563 ἐκείνη
637 519 733 563 πλὴν
765 519 788 564 ἢ
820 522 898 554 τῶν
926 517 1080 568 ἀγωγῶν
1114 523 1192 557 τῶν
1220 522 1312 557 κατὰ

231 567 294 599 τοῦ
320 563 469 609 ἀνδρὸς,
504 564 543 598 αἱ
570 563 611 599 δὲ
640 564 773 609 ἄποροι
805 565 1065 609 καθεστήκασι,
1097 570 1157 601 καὶ
1175 565 1311 603 ἀντιτί-

1302 92 1388 141 476

1802 111 1865 142 nn
1890 110 2209 150 monuimus
2236 111 2371 145 norrs
2397 88 2462 143 καί

1381 208 1463 243 tulit
1497 207 1592 243 enim
1626 213 1729 254 pater
1761 209 1879 245 dotem
1914 214 1979 245 aut
2010 212 2126 246 mater
2159 210 2251 248 forte
2285 222 2351 257 pro
2381 211 2458 248 filia

1382 263 1463 295 sua,
1499 253 1594 289 hanc
1625 259 1743 290 autem
1774 255 1836 290 illa
1867 255 1998 293 obtulit
2027 256 2167 298 marito,
2199 260 2236 292 et
2267 257 2456 294 defunctus

1382 303 1436 333 est
1458 298 1511 333 vir
1533 298 1656 344 inops;
1691 299 1816 335 deinde
1844 304 1949 344 patre
1978 302 2043 336 aut
2072 305 2185 336 matre
2214 303 2364 338 mortuis
2393 312 2455 338 ex-

1382 342 1489 386 igitur
1518 345 1554 378 et
1582 354 1672 389 quae
1694 344 1818 390 nupsit
1840 347 2004 381 conferre
2033 355 2135 381 suam
2158 345 2277 382 dotem
2306 350 2370 383 aut
2390 347 2456 382 mi-

1349 392 1368 422 5
1381 399 1449 423 nus
1479 392 1620 423 tantum
1650 390 1826 435 accipere.
1873 389 1913 426 Si
1946 390 2087 435 quidem
2121 391 2175 427 vir
2209 391 2358 427 idoneus
2389 393 2456 436 est,

1383 443 1493 468 causa
1518 434 1672 478 undique
1694 435 1861 470 absoluta
1885 437 1954 479 est3
1993 436 2023 470 si
2046 445 2130 472 vero
2153 436 2285 471 nullius
2309 436 2456 472 alterius

1382 478 1524 513 domina
1544 479 1708 515 consistit
1724 480 1786 516 illa
1808 480 1877 515 nisi
1893 481 2074 516 actionum
2094 491 2186 526 quae
2207 484 2334 517 contra
2349 482 2457 517 mari-

1379 528 1454 558 tum
1484 526 1586 566 sunt,
1622 527 1662 560 at
1689 524 1751 560 ille
1785 526 1902 561 minus
1933 525 2082 563 idoneus
2113 529 2178 569 est,
2214 529 2251 562 et
2280 526 2458 562 obiciatur

1379 568 1518 603 mulieri
1551 569 1646 614 quod
1679 570 1751 605 iam
1785 570 1870 605 data
1905 571 1953 606 sit
1986 571 2051 607 dos
2085 581 2151 616 pro
2185 581 2244 615 ea,
2278 572 2342 607 ina
2371 581 2456 607 vero

231 611 339 644 θοιτο
364 612 409 656 τῇ
431 614 573 664 γνναικὶ
604 607 651 665 αἷς
675 608 742 653 ἤδη
767 609 974 645 ἐπιδέδοται
997 612 1104 657 προὶξ
1133 611 1226 659 ’ὑπὲρ
1251 611 1311 646 αὖ·
1327 615 1367 647 10
1379 614 1554 649 actionem
1579 615 1741 650 conferat
1756 616 1893 651 nullum
1908 615 2097 652 habentem
2113 617 2255 662 penitus
2279 617 2456 659 effectum,

231 656 308 698 τῆς,
330 652 351 698 ἡ
367 654 406 689 δὲ
424 669 492 698 την
512 668 659 702 αγωγην
679 659 896 703 συνειςφέρυι
918 654 1031 700 μηδὲν
1049 659 1201 700 ἔχουσαν
1220 670 1311 692 παν-

232 699 340 733 τελῶς
381 697 628 742 ἀποτέλεσμα,
670 698 782 745 νόμου
824 701 867 735 τὸ
905 703 1053 748 πρᾶγμα
1087 699 1174 747 ἡμῖν
1209 702 1312 743 ἄξιον

233 745 420 788 ἐνομίσθη.
463 749 522 779 καὶ
544 746 648 787 ἴσμεν
670 744 738 790 ἢδη
763 748 803 780 ἐν
827 745 972 781 πολλαῖς
995 750 1156 802 κρίσεσιν
1179 746 1312 791 ἀπηνέ-

232 803 359 835 στερον
384 789 474 824 αὐτὸ
499 791 639 836 κριθέν,
666 794 726 825 καὶ
748 791 816 844 τὴν
839 795 990 838 γυναῖκα
1014 794 1314 839 αναγκασθεῖσαν

1379 659 1466 702 legis
1491 669 1602 694 causa
1624 660 1728 696 nobis
1752 660 1858 704 digna
1880 665 2007 707 putata
2026 665 2092 697 est.
2125 661 2176 697 Et
2195 662 2356 698 novimus
2377 662 2455 707 qui·

1380 703 1459 738 dem
1492 704 1563 739 iam
1597 705 1635 739 in
1669 705 1830 750 plurimis
1865 706 2006 742 iudiciis
2041 706 2206 742 duritiam
2240 709 2367 752 postea
2404 707 2458 742 sic

1380 749 1584 792 iudicatam,
1609 753 1645 785 et
1667 750 1852 786 mulierem
1877 756 2038 787 coactam
2063 751 2227 787 conferre
2251 752 2368 788 dotem
2393 755 2458 787 aut

1382 796 1477 829 certe
1500 798 1667 839 reputare
1689 806 1754 840 pro
1779 806 1818 831 se
1841 796 1980 840 datam,
2004 806 2047 832 ex
2071 807 2143 842 qua
2166 797 2301 832 nullum
2324 797 2356 833 ei
2380 808 2455 832 om-

233 839 504 882 συνειςενεγκεῖν
533 837 602 879 τὴν
626 840 757 892 προξκα
787 850 866 878 ητοι
888 836 1110 892 λογίσασθαι
1133 838 1202 881 τὴν
1223 837 1314 884 ὑπὲρ
1329 842 1369 873 15
1381 840 1466 874 nino
1498 840 1646 884 contigit
1677 840 1843 876 effectum
1870 841 1908 876 in
1930 842 2017 886 ipsis
2046 844 2152 877 rebus
2175 842 2353 888 reciperet
2391 853 2456 878 nos

233 877 341 923 αὐτῆς
375 879 580 925 δεδομένην,
617 882 655 922 ἐξ
690 893 730 925 ης
765 879 870 916 οὐδὲν
908 897 996 929 αυτῃ
1031 885 1155 930 γέγονε
1182 897 1313 918 παντε-

232 925 301 959 λῶς
324 923 550 970 ἀποτέλεσμα
575 928 615 961 ἐν
632 925 750 961 αὐτοῖς
772 931 845 962 τοῖς
869 929 1077 974 πράγμασιν
1098 925 1312 973 ἀπολαβεῖν·

232 969 329 1014 ἡμεῖς
359 970 399 1005 δὲ
422 972 461 1012 ἐξ
484 972 620 1016 ἑτέρων
649 971 779 1017 νόμων
801 973 1012 1017 βοηθοῦμεν
1040 975 1094 1017 τῷ
1119 973 1312 1020 πράγματι.

234 1014 358 1060 ἐπειδὴ
386 1017 456 1063 γὰρ
480 1015 690 1069 δεδῴκαμεν
712 1021 790 1052 ταῖς
812 1019 975 1073 γυνακιξὶν
991 1019 1130 1071 α’ἴρεσιν
1152 1023 1211 1072 καὶ
1232 1031 1313 1053 συν·

1382 889 1500 919 autem
1517 895 1561 920 ex
1577 885 1654 920 aliis
1677 886 1810 921 nostris
1833 886 1969 930 legibus
1993 887 2154 922 iuvamus
2171 897 2328 923 causam.
2365 887 2457 932 Quia

1382 930 1475 964 enim
1511 930 1671 966 dedimus
1708 931 1912 967 mulieribus
1953 932 2161 967 electionem
2199 937 2236 968 et
2270 936 2456 968 constante

1382 975 1623 1017 matrimonio,
1657 975 1686 1011 si
1709 976 1802 1012 male
1831 986 1890 1012 res
1914 977 2062 1012 maritus
2085 977 2273 1021 gubernet,
2304 982 2341 1013 et
2362 977 2456 1013 acci-

1383 1030 1468 1065 pere
1498 1031 1560 1056 eas
1592 1025 1628 1056 et
1656 1021 1856 1066 gubernare
1886 1025 1923 1056 et
1952 1021 2146 1057 secundum
2176 1021 2360 1058 decentem
2382 1032 2456 1057 mo-

232 1073 388 1096 εστωτος
415 1075 480 1096 του
509 1075 634 1106 γαμου,
667 1063 698 1096 εἰ
721 1075 838 1097 κακως
866 1077 914 1098 τα
944 1076 1140 1110 πραγματα
1171 1078 1190 1098 ο
1223 1061 1314 1118 ἀνὴρ
1329 1066 1370 1099 20
1384 1066 1466 1101 dum
1490 1071 1526 1101 et
1549 1067 1656 1102 sicuti
1678 1070 1802 1102 nostra
1825 1067 2033 1103 constitutio
2048 1066 2144 1108 dicit,
2169 1067 2199 1103 Si
2214 1066 2356 1113 quidem
2371 1076 2459 1104 suae

234 1105 394 1151 διοικοίη,
425 1111 485 1141 καὶ
517 1106 716 1152 λαμβάνειν
746 1105 839 1142 αὐτὰ
870 1112 930 1142 καὶ
954 1106 1101 1143 διοικεῖν
1133 1110 1223 1144 κατὰ
1248 1123 1315 1144 τον

233 1155 422 1197 πρέποντα
445 1154 586 1198 τρόπον
616 1156 675 1187 καὶ
699 1153 869 1198 καθάπερ
898 1150 921 1197 ἦ
944 1151 1098 1198 ἡμετέρα
1122 1153 1213 1201 steyn
1237 1153 1315 1189 διά·

232 1197 349 1237 ταξις·
387 1199 417 1231 εἰ
447 1200 515 1242 μὲν
548 1196 762 1238 αὖτεξονσία
792 1203 853 1232 καὶ
883 1198 1003 1234 τελεία
1034 1200 1103 1243 τὴν
1118 1197 1260 1242 ἡλικίαν
1291 1198 1312 1243 ἦ

500 1241 509 1253 Ι

232 1243 321 1288 γυνὴ
346 1243 488 1278 καθεστ
512 1256 586 1286 κοι,
599 1244 725 1298 ,ἑαυτῇ
748 1247 889 1289 μέμψιν
913 1246 1089 1297 ἐπαγέτω,
1118 1250 1156 1279 τί
1179 1243 1315 1288 δήποτε

1384 1111 1574 1156 potestatis
1609 1114 1645 1146 et
1679 1111 1860 1156 perfectae
1894 1112 2023 1148 aetatis
2052 1112 2180 1148 mulier
2210 1117 2282 1156 est,
2317 1112 2458 1148 sibimet

1385 1156 1527 1201 culpam
1558 1156 1704 1198 inferat,
1737 1167 1801 1192 cur
1823 1167 1906 1192 mox
1932 1157 2007 1193 viro
2035 1157 2228 1194 incohante
2257 1158 2349 1194 male
2371 1157 2457 1195 sub-

1385 1202 1518 1237 stantia
1547 1202 1601 1237 uti
1630 1213 1702 1238 non
1733 1202 1894 1248 percepit
1927 1207 1965 1238 et
1994 1203 2166 1238 auxiliata
2196 1205 2253 1238 est
2282 1202 2369 1239 sibi:
2404 1202 2458 1238 sic

1385 1247 1476 1281 enim
1506 1247 1674 1282 habitura
1708 1251 1786 1282 erat
1820 1247 1859 1282 in
1890 1247 2091 1284 collationis
2125 1248 2265 1284 ratione
2292 1247 2458 1294 proprias

234 1286 316 1332 ἄρτι
346 1290 411 1323 τοῦ
436 1286 483 1323 ἀν
506 1289 567 1334 ρὸς
589 1289 787 1336 αρξαμένου
820 1302 936 1323 κακως
958 1303 1002 1336 τῃ
1024 1294 1210 1335 περιουσίᾳ
1232 1292 1314 1345 5495}-
1329 1293 1370 1325 25
1384 1302 1441 1327 res
1465 1292 1620 1337 undique
1644 1294 1720 1328 Sine
1743 1292 1986 1338 diminutione,
2009 1295 2047 1329 et
2064 1293 2103 1329 in
2122 1303 2166 1329 ea
2184 1294 2300 1330 minus
2319 1295 2459 1330 tanum

234 1333 326 1367 σθαι
348 1334 397 1377 μὴ
428 1337 487 1367 καὶ
511 1332 730 1378 ἀντελάβηο
750 1337 809 1368 καὶ
826 1335 1032 1378 ἐβοήθησεν
1055 1336 1183 1383 ἑαυτῇ·
1219 1349 1315 1369 ουτω

232 1379 302 1425 γὰρ
319 1376 366 1413 ἄν
383 1378 528 1423 ἔμελλεν
553 1381 646 1422 ἔχειν
669 1381 709 1414 ἐν
732 1381 786 1422 τῷ
809 1381 871 1423 τῆς
893 1381 1122 1426 συνειςφορᾶς
1151 1378 1247 1427 λόγῳ
1270 1381 1315 1415 τὰ

234 1425 346 1457 οἰκεῖα
381 1423 575 1477 πράγματα
611 1423 853 1478 πανταχόθεν
884 1423 1066 1470 ἅμείωτα,
1101 1429 1162 1460 καὶ
1192 1428 1232 1460 ἐν
1261 1428 1314 1469 τῷ

234 1471 256 1505 1
303 1482 403 1514 παρα
429 1472 604 1504 τοσοῦτον
624 1484 691 1513 την
714 1471 948 1517 συνειςφοράν
971 1471 1169 1506 ποιεῖσθαι.
1223 1472 1254 1505 εἰ
1277 1469 1318 1505 δὲ

233 1512 428 1555 ὑπεξουσία
452 1513 674 1570 καθεστήκοι
705 1519 764 1549 καὶ
786 1514 930 1562 γνώμης
960 1518 1024 1550 τοῦ
1051 1517 1188 1561 πατρὸς
1210 1520 1317 1562 χωρὶς
1329 1520 1371 1552 30
1384 1520 1459 1552 tate
1482 1518 1552 1553 hoc
1575 1528 1680 1562 agere
1700 1529 1774 1554 non
1793 1523 1944 1564 poterat,
1969 1519 2001 1556 si
2016 1518 2156 1564 quidem

233 1561 342 1593 τοῦτο
373 1559 549 1605 πράττειν
580 1558 622 1594 οὐ
647 1559 807 1602 ὸύναιτο,
842 1563 873 1595 εἰ
895 1563 962 1605 μὲν
986 1560 1235 1607 προσελθοῦσα
1261 1563 1314 1605 τῷ

235 1609 347 1649 πατρὶ
376 1607 494 1639 ταῦτα
526 1605 606 1640 εἶπέ
626 1619 666 1640 τε
688 1609 748 1640 καὶ
772 1604 1048 1651 ἐξεμαρτύρατο,
1083 1603 1171 1641 ὥςτε
1195 1619 1314 1642 συναι-

235 1652 338 1684 νέσαι
363 1647 454 1697 αὐτῇ
480 1654 539 1684 καὶ
563 1651 610 1685 τὰ
636 1651 832 1697 πράγματα
857 1651 981 1696 λαβεῖν
1011 1655 1071 1686 καὶ
1095 1654 1317 1687 συνεστῶτος

235 1696 290 1729 ἔτι
321 1696 388 1729 ’τοῦΔ
418 1695 532 1742 γάμου
562 1699 622 1729 καὶ
653 1700 726 1730 τοῖς
758 1695 933 1751 δευτέροις
965 1695 1057 1731 αὐτὰ
1088 1701 1223 1743 καιροῖς
1252 1711 1315 1743 φυ-

1385 1337 1609 1373 collationem
1632 1338 1764 1374 facere.

1385 1475 1407 1508 1
1454 1471 1516 1507 Sin
1539 1476 1658 1508 autem
1683 1473 1749 1508 sub
1773 1475 1953 1519 potestate
1976 1477 2031 1510 est
2053 1477 2090 1509 et
2108 1473 2185 1510 sine
2254 1474 2319 1511 tris
2332 1474 2459 1512 volun·
2509 1506 2515 1511 .
2565 1462 2567 1467 ἲ

2227 1519 2301 1556 ‘ens
2319 1523 2460 1566 patrem

1384 1563 1474 1598 haec
1505 1563 1596 1598 dixit
1630 1568 1665 1599 et
1696 1568 1898 1600 contestata
1928 1569 2002 1608 est,
2036 1569 2077 1600 ut
2109 1565 2326 1611 consentiret
2359 1565 2393 1601 ei
2423 1568 2460 1601 et

1384 1618 1442 1643 res
1465 1608 1648 1653 percipere
1679 1608 1786 1644 etiam
1811 1612 1998 1646 constante
2026 1609 2144 1646 adhuc
2165 1610 2392 1647 matrimonio
2423 1613 2461 1647 et

1384 1653 1550 1689 secundis
1573 1654 1791 1699 temporibus
1814 1665 1875 1690 eas
1900 1665 2060 1699 servare,
2091 1659 2128 1691 et
2149 1655 2220 1692 hoc
2250 1655 2323 1701 egit
2344 1659 2459 1702 pater,

1384 1698 1491 1733 etiam
1514 1710 1640 1735 rursus
1663 1699 1746 1735 hinc
1769 1700 1908 1744 integra
1931 1710 1998 1735 sua
2019 1700 2167 1736 habebit
2187 1701 2269 1737 iura
2293 1701 2403 1737 rebus
2426 1701 2460 1737 ei

234 1738 357 1783 λάξαι,
382 1744 442 1774 καὶ
467 1742 572 1775 τοῦτο
596 1742 751 1787 ἔπραξεν
774 1740 794 1775 ὁ
820 1755 952 1786 πατηρ,
975 1741 1088 1776 πάλιν
1111 1739 1316 1777 κάντεῦθεν
1329 1746 1372 1778 35
1385 1744 1546 1787 servatis,
1572 1755 1653 1779 cum
1677 1745 1784 1780 etiam
1807 1745 2062 1791 antenuptialis
2085 1745 2287 1782 donationis
2310 1756 2368 1783 res
2382 1746 2460 1783 Vin·

233 1782 382 1832 ἀκέραια
412 1786 459 1819 τὰ
485 1787 598 1820 οἰκεῖα
621 1787 691 1827 ἕξει
715 1785 837 1821 δίκαια
867 1788 946 1821 τῶν
969 1788 1195 1834 πραγμάτων
1224 1785 1315 1835 αὐτῇ

234 1830 536 1877 πεφυλαγμένων·
569 1828 662 1867 ὅπου
684 1845 725 1879 γε
748 1835 807 1866 καὶ
830 1832 878 1866 τὰ
901 1833 963 1875 τῆς
987 1837 1227 1878 προγαμιαίας
1250 1831 1317 1867 δω-

234 1878 315 1956 Ξεᾶς
345 1876 544 1931 πράγματα
576 1875 728 1924 ἐκδικεῖν
757 1881 817 1911 καὶ
840 1879 880 1911 ἐν
904 1880 1104 1912 συνεστῶτι
1134 1879 1188 1922 τῷ
1210 1877 1317 1933 γάμῳ

258 1919 444 1965 εδιόκαμεν
465 1923 556 1969 αυτῇ
580 1926 640 1956 καὶ
658 1924 722 1957 τοῦ
741 1923 834 1966 μετὰ
855 1923 973 1957 ταῦτα
996 1921 1163 1957 κινδύνου
1182 1935 1318 1959 παντος

1385 1789 1504 1824 dicare
1535 1790 1641 1825 etiam
1671 1794 1858 1826 constante
1886 1791 2109 1827 matrimonio
2133 1790 2334 1828 dederimus
2361 1791 2396 1828 ei
2424 1795 2462 1828 et

1386 1834 1575 1879 posteriori
1609 1835 1768 1880 periculo
1803 1836 1899 1871 omni
1933 1836 2089 1872 liberari.
2146 1835 2208 1872 Sin
2243 1841 2364 1872 autem
2397 1836 2462 1882 illa

1387 1879 1528 1924 quidem
1570 1879 1660 1916 haec
1701 1883 1904 1917 contestata
1944 1884 2002 1917 est
2039 1885 2198 1927 patrem,
2240 1881 2302 1918 ille
2340 1884 2460 1918 autem

233 1964 480 2019 ἀπηλλάχθαι.
529 1968 560 2000 εἰ
592 1965 633 2001 δὲ
660 1965 682 2010 ἡ
713 1970 781 2012 μὲν
809 1969 926 2002 ταῦτα
956 1968 1220 2014 ἐξεμαρτύρατο
1249 1968 1318 2003 τὸν
1331 1972 1374 2004 40

232 2082 340 2116 situm
363 2084 428 2115 est.
476 2079 637 2114 Dederat
659 2080 753 2114 enim
770 2084 884 2126 pater
913 2080 970 2116 vel
992 2086 1107 2116 mater
1128 2081 1231 2126 forte
1248 2079 1324 2127 pro
1345 2081 1427 2126 filia
1449 2092 1518 2117 sua
1542 2082 1680 2124 dotem,
1714 2082 1803 2118 haec
1826 2087 1944 2118 autem
1968 2093 2046 2118 eam
2069 2085 2200 2121 marito
2223 2084 2384 2129 dederat,
2415 2097 2462 2123 ac

233 2125 386 2161 maritus
416 2126 525 2171 inops
555 2130 721 2160 mortuus
751 2131 807 2162 est
814 2139 828 2167 ;
864 2125 992 2162 deinde
1015 2131 1128 2172 patre
1159 2125 1215 2162 vel
1245 2133 1361 2162 matre
1394 2125 1580 2172 defunctis
1610 2128 1774 2175 exiqitur
1802 2128 1910 2164 etiam
1933 2139 1957 2163 a
1975 2128 2059 2174 filia
2081 2140 2175 2175 quae
2197 2134 2390 2177 nupserat,
2420 2136 2463 2167 ut

234 2171 352 2206 dotem
375 2181 478 2205 suam
502 2170 675 2215 conferat
697 2175 762 2206 aut
786 2175 888 2206 tanto
912 2171 1030 2206 minus
1053 2171 1219 2218 accipiat.
1268 2174 1387 2217 Atque
1414 2173 1447 2207 si
1477 2172 1631 2208 maritus
1661 2172 1823 2220 locuples
1844 2173 1910 2216 sit,
1940 2184 2000 2209 res
2030 2173 2075 2210 ab
2099 2175 2196 2210 omni
2215 2179 2328 2228 parte
2346 2176 2463 2222 facile

232 2216 324 2251 solvi
343 2220 466 2263 potest
472 2228 487 2257 ;
521 2215 578 2250 sin
602 2214 668 2250 illa
691 2215 827 2251 nullius
850 2215 1001 2251 alterius
1030 2216 1086 2251 rei
1113 2216 1185 2251 nisi
1214 2217 1398 2253 actionum
1429 2222 1559 2253 contra
1588 2218 1756 2254 maritum
1785 2228 1935 2264 compos
1961 2222 2033 2261 est,
2064 2223 2105 2255 at
2126 2231 2191 2256 eae
2217 2230 2345 2256 manes
2363 2226 2461 2264 sunt,

234 2262 369 2308 quippe
391 2262 426 2296 si
447 2259 591 2296 mulieri
616 2267 827 2307 opponatur
858 2261 931 2295 iam
951 2261 1078 2308 *datam
1101 2273 1178 2297 esse
1203 2273 1278 2314 pro
1302 2273 1347 2298 ea
1370 2261 1509 2305 dotem,
1540 2262 1629 2298 haee
1655 2268 1775 2299 autem
1805 2265 1983 2299 accionem
2013 2264 2184 2310 conferat
2207 2276 2302 2312 quae
2323 2265 2461 2303 nullm

229 2307 342 2355 plane
365 2306 531 2351 effectum
556 2305 706 2341 habeat:
737 2317 796 2342 res
820 2307 922 2342 nobis
946 2306 1026 2352 leqe
1045 2307 1159 2353 diqna
1183 2318 1259 2354 vzsa
1275 2312 1339 2343 est.
1386 2308 1440 2343 Ac
1458 2308 1590 2343 scimus
1612 2307 1685 2343 iam
1708 2309 1746 2343 in
1760 2308 1883 2344 multis
1903 2308 2048 2345 iudiciis
2068 2309 2197 2346 amus
2218 2310 2259 2346 id
2274 2321 2352 2347 esse
2368 2311 2461 2348 iuda·-

235 2357 373 2394 catum,
397 2351 653 2397 mulieremque
676 2357 839 2387 coactam
864 2351 983 2387 dotem
1007 2353 1179 2398 conferre
1202 2352 1260 2388 vet
1277 2363 1350 2399 pro
1374 2353 1456 2399 ipsa
1473 2352 1595 2388 datam
1615 2358 1837 2400 computare,
1860 2364 1911 2390 ex
1926 2365 2001 2400 qua
2015 2354 2153 2390 nullum
2170 2355 2282 2402 plane
2298 2355 2462 2402 fluctum

234 2397 267 2431 ei
290 2396 484 2443 contiqert‘t
506 2397 544 2431 in
567 2396 658 2442 ipsis
679 2397 786 2432 rebus
809 2397 978 2442 auferre:
1007 2408 1076 2433 nos
1098 2408 1182 2434 vero
1205 2409 1255 2433 ex
1278 2397 1361 2433 aliis
1386 2398 1524 2444 leqibus
1547 2408 1679 2434 causae
1700 2398 1935 2435 subvenimus.
1982 2399 2160 2443 Quoniam
2183 2401 2277 2437 enim
2303 2401 2462 2438 mulieri-

235 2443 300 2477 bus
323 2442 431 2477 etiam
454 2445 642 2477 constante
665 2442 894 2478 matrimonio
927 2442 1134 2478 electionem
1158 2443 1332 2486 dedimus,
1362 2444 1395 2478 si
1417 2445 1571 2479 maritus
1592 2454 1652 2480 res
1677 2443 1772 2480 male
1794 2443 2030 2486 administret,
2060 2449 2098 2481 et
2118 2444 2323 2493 accipiendi
2342 2457 2406 2484 eas
2426 2450 2464 2485 et

236 2486 516 2522 administrandi
539 2486 668 2522 idoneo
691 2486 797 2522 modo
821 2493 856 2523 et
904 2488 1179 2523 uemadmodum
1202 2493 1330 2524 nostra
1353 2489 1564 2525 constitutio
1589 2488 1694 2524 dicit:
1726 2489 1760 2524 si
1782 2489 1925 2536 quidem
1948 2489 2077 2526 mulier
2098 2501 2187 2528 suae
2206 2491 2400 2538 potestatis
2426 2495 2462 2529 et

236 2532 382 2568 adultae
406 2532 537 2567 aetatis
559 2532 619 2574 sit,
643 2531 714 2567 sibi
735 2533 817 2578 ipsa
842 2543 886 2568 cu
899 2544 986 2578 pam
1010 2533 1198 2577 attribuat,
1222 2545 1289 2569 cur
1305 2533 1458 2579 tandem,
1484 2534 1546 2569 ubi
1560 2534 1616 2570 vir
1630 2533 1735 2570 bonis
1756 2534 1851 2570 male
1866 2535 1919 2570 uti
1937 2535 2066 2581 coepit,
2090 2545 2165 2572 non
2180 2537 2358 2584 receperit
2377 2536 2462 2574 sibi*

236 2588 304 2622 que
335 2578 416 2623 ipsa
447 2576 632 2612 auxiliata
661 2577 732 2618 sit,·
779 2577 831 2613 ita
863 2578 956 2613 enim
987 2579 1024 2613 in
1047 2578 1254 2614 collationis
1283 2579 1429 2615 ratione
1458 2589 1517 2615 res
1547 2589 1635 2615 suas
1666 2578 1827 2626 undique
1854 2579 2015 2616 illibatas
2044 2579 2215 2617 habitura
2240 2585 2322 2618 erat
2350 2586 2392 2619 at

236 2625 257 2658 1
302 2622 531 2657 collationem
556 2627 657 2657 tanto
682 2623 821 2658 minore
851 2623 890 2657 in
912 2634 1052 2658 summa
1073 2624 1235 2669 factura.
1330 2622 1371 2659 Si
1395 2635 1479 2660 vero
1502 2623 1568 2660 sub
1589 2628 1771 2671 potestate
1799 2625 1849 2661 sit
1877 2630 1914 2661 et
1941 2626 2019 2661 sine
2041 2625 2226 2663 voluntate
2246 2626 2372 2673 patris
2441 2637 2462 2664 c

237 2678 346 2713 aqere
369 2672 540 2712 nequeat,
570 2668 605 2702 si
627 2667 770 2712 quidem
789 2672 932 2719 patrem
956 2668 1047 2703 adiit
1077 2673 1187 2715 atque
1209 2669 1276 2704 illa
1299 2669 1397 2705 dixit
1427 2674 1462 2705 et
1493 2674 1696 2705 contestata
1719 2673 1792 2712 est,
1824 2674 1865 2705 ut
1891 2670 2113 2707 consentiret
2139 2671 2175 2708 εἰ
2203 2675 2240 2708 et
2267 2682 2328 2708 res
2353 2673 2462 2709 etiam

237 2716 425 2747 constante
447 2710 566 2746 adbuc
588 2713 818 2748 matrimomo
842 2713 1019 2759 reciperet
1041 2724 1174 2759 easque
1195 2714 1362 2760 secundis
1378 2715 1596 2761 temporibus
1618 2720 1790 2758 servaret,
1814 2719 1924 2767 atque
1939 2720 2053 2762 pater
2066 2715 2106 2751 id
2119 2716 2207 2762 eqit,
2229 2727 2358 2754 nasus
2377 2716 2463 2754 inde

237 2768 381 2803 quoque
403 2757 546 2802 inteqra
570 2757 653 2792 iura
677 2768 745 2792 sua
769 2757 914 2793 habebit
934 2759 1042 2794 rebus
1064 2759 1138 2805 ipsi
1159 2759 1332 2795 servatis:
1366 2770 1447 2795 cum
1470 2760 1577 2796 etiam
1600 2770 1660 2795 res
1682 2760 1893 2796 donationis
1915 2765 2000 2796 ante
2022 2762 2170 2812 nuptias
2191 2761 2376 2799 vindicare
2405 2761 2463 2800 vel

237 2807 423 2837 constante
446 2801 676 2837 matrimonio
701 2803 736 2837 ei
758 2803 1055 2845 concesserimus,
1086 2808 1126 2839 ut
1150 2805 1249 2839 omni
1275 2803 1443 2851 deinceps
1467 2804 1636 2852 periculo
1668 2804 1847 2842 liberetur.
1894 2804 2033 2849 Quodsi
2061 2806 2126 2842 aua
2157 2806 2299 2854 quidem
2318 2811 2464 2855 patrem

298 2917 312 2948 1
340 2916 471 2959 προῖκα
494 2913 615 2959 πατὴρ
639 2915 670 2947 L
695 2913 708 2954 ΙΙ
737 2916 756 2948 2
780 2914 920 2956 οἰκείας]
953 2912 1045 2948 ἰδίας
1068 2915 1118 2948 Β*
1147 2915 1159 2958 ΙΙ
1188 2917 1209 2949 4
1234 2926 1316 2949 συν-

238 2961 393 3005 ενεγκεῖν
419 2960 448 2991 L
465 2960 476 3001 ΙΙ
496 2962 515 2992 5
537 2958 674 2992 ἑαυτοῖς
695 2960 753 3001 Lu
778 2962 798 2992 6
823 2961 893 3000 ἔχει
919 2961 966 2993 B⁸
974 2972 994 2996 ς
1010 2959 1023 3003 ss
1049 2961 1069 2994 8
1093 2959 1318 2994 καθίσταται

240 3006 289 3039 Β*
306 3004 318 3048 ΙΙ
336 3007 356 3039 9
375 3002 416 3037 αἱ
432 3000 472 3037 δὲ
491 3002 623 3048 ἄποροι
640 3001 903 3047 καθεστήκασι]
928 3007 962 3037 at
977 3004 1037 3037 ille
1053 3006 1163 3038 minus
1180 3005 1318 3038 idoneus

239 3053 289 3084 est
314 3062 333 3086 ς
348 3049 360 3094 ΙΙ
379 3046 610 3082 ἀντιτίθοιτο
635 3049 743 3090 MBr]
769 3045 1021 3083 ἄντιτίθοιντο
1047 3051 1095 3083 Β*
1125 3047 1318 3084 άντιθοῖτο

240 3097 270 3129 L
287 3095 300 3139 Ι]
319 3098 359 3130 11
374 3096 589 3140 συνειςφέρει
599 3094 684 3127 LB!
699 3095 711 3137 ΙΙ
727 3095 854 3136 ἔχουσα
867 3095 936 3128 LB
954 3095 966 3138 ΙΙ
986 3096 1026 3129 13
1039 3094 1153 3138 ἴσμεν]
1167 3097 1319 3129 novimus

239 3141 373 3183 quidem
396 3152 416 3176 ς
434 3140 446 3183 ξ]
462 3136 708 3182 ἀπηνέστερον
727 3139 836 3173 τοῦτο
858 3143 899 3181 (υ.
915 3141 935 3172 I.
952 3135 1065 3182 αὐτῷ)
1084 3141 1131 3174 Β*
1161 3141 1318 3173 duritiam

239 3189 353 3229 postea
376 3185 423 3218 sic
447 3186 481 3226 (i.
504 3199 530 3219 e.
553 3180 686 3227 ἀπηνὲς
710 3180 861 3230 ὕστερον
884 3179 980 3218 οὕτω
991 3185 1020 3226 ⁶3)
1045 3197 1064 3221 ς
1082 3186 1094 3227 ΙΙ
1118 3187 1158 3220 21
1186 3183 1317 3229 διοική-

240 3243 295 3265 σει
319 3231 365 3264 Β*
389 3231 402 3275 Η
430 3232 490 3263 καὶ
514 3227 715 3274 λαμβάνειν
727 3231 829 3270 LBc]
855 3231 916 3262 καὶ
932 3243 989 3263 om.
1005 3231 1051 3263 M
1063 3229 1075 3274 ΙΙ
1090 3230 1195 3272 κατὰ]
1221 3235 1254 3263 et
1268 3242 1317 3263 se-

241 3276 386 3309 eundum
405 3277 439 3318 (i.
453 3289 479 3310 e.
494 3278 555 3309 καὶ
572 3274 677 3315 κατὰ)
700 3286 720 3311 ς
738 3276 750 3312 ΙΙ
774 3276 816 3309 22
840 3272 991 3318 τρόπον]
1016 3272 1125 3320 λόγον
1140 3276 1185 3308 Β·
1200 3277 1212 3318 ΙΙ
1240 3273 1317 3309 διά-

240 3321 351 3363 ταξις]
380 3322 459 3356 Οοᾶ.
474 3323 562 3364 5,12,
577 3328 613 3355 29
630 3321 643 3364 ΙΙ
662 3322 703 3355 23
727 3317 879 3362 ἡλικίαν]
903 3319 1062 3353 oin-slav?
1076 3321 1126 3353 La
1143 3320 1155 3364 ΙΙ
1173 3322 1216 3354 24
1239 3320 1318 3354 ἑαυ-

241 3368 302 3409 τῆς
317 3368 365 3400 Β*
377 3380 406 3400 υ.
421 3368 441 3400 l.
461 3365 474 3411 ΙΙ
496 3368 538 3401 25
563 3364 771 3410 χρήσασθαι
798 3365 848 3398 ΒΓ
862 3365 875 3408 Ι]
899 3366 941 3399 26
957 3362 1049 3410 αὐτῇ
1066 3365 1116 3398 B¹
1142 3360 1233 3407 αὗτῆ
1254 3366 1285 3399 L
1307 3366 1319 3409 1]

242 3414 283 3446 28
310 3413 350 3445 ἐν
372 3412 438 3454 τῷ]
463 3412 499 3444 in
524 3422 562 3444 ea
589 3415 624 3452 (i.
641 3425 667 3445 e.
693 3411 733 3444 ἐν
753 3405 891 3452 αὗτῷἳ)
915 3423 935 3446 ς
955 3410 968 3453 ΙΙ
994 3411 1037 3444 32
1061 3407 1318 3455 ἐξεμαρτύρηο

242 3458 292 3490 La
309 3457 321 3500 11
339 3458 382 3491 33
402 3455 448 3490 τὰ
468 3455 665 3503 πράγματα
684 3469 724 3491 ex
736 3469 819 3490 corr.
831 3456 863 3488 L
880 3456 892 3499 ΙΙ
909 3454 1035 3499 λαβεῖν
1049 3456 1163 3489 om.M
1173 3460 1186 3499 Ι]
1204 3457 1247 3490 35
1259 3458 1319 3489 καὶ

242 3503 358 3535 ταῦτα
373 3503 417 3540 L;
443 3505 502 3535 καὶ
523 3502 630 3536 τοῦτο
643 3521 685 3526 --
699 3503 802 3544 4ΊΊ,1
824 3501 1018 3547 συνῄνεσεν
1043 3513 1101 3535 om.
1116 3501 1165 3535 Β*
1182 3501 1195 3544 ΙΙ
1212 3502 1255 3535 36
1274 3499 1319 3534 τὰ

243 3547 353 3580 οἰκεῖα
377 3543 527 3592 ἀκέραια
546 3548 581 3581 Β
596 3548 609 3592 ΙΙ
633 3549 676 3582 39
699 3544 886 3581 παντελῶς
909 3546 941 3580 L

301 3638 320 3670 2
344 3637 404 3669 ina
427 3639 537 3670 autem
558 3636 613 3682 Vn
632 3638 652 3671 3
673 3637 737 3680 vir]
761 3625 784 3668 ί
804 3637 879 3679 (222.
894 3636 965 3678 ubi)
989 3636 1080 3670 RV¹
1097 3637 1194 3677 (idem
1206 3649 1235 3670 υ.
1251 3638 1284 3679 5)
1307 3636 1320 3682 n

1393 2916 1463 2961 1⁷¹1
1489 2919 1508 2950 7
1533 2916 1605 2950 ulla
1632 2918 1683 2951 T¹
1700 2916 1713 2962 ΙΙ
1739 2919 1760 2952 8
1783 2920 1819 2951 at
1839 2918 1919 2951 illae
1942 2918 2052 2952 minus
2075 2919 2214 2952 idoneae
2235 2921 2316 2952 sunt
2337 2919 2424 2965 vulq-
2449 2918 2464 2965 ΙΙ
2516 2943 2519 2947 -

1388 2964 1426 2997 11
1475 2962 1555 3005 igna
1577 2961 1674 2996 nobis
1698 2963 1731 2996 R
1747 2963 1760 3007 Ι]
1779 2964 1821 2998 12
1837 2963 1904 2996 iam
1925 2976 1982 2997 om.
2006 2963 2063 3008 VH
2077 2963 2248 3006 duritiam]
2272 2963 2397 2998 duritie
2411 2965 2463 2999 Τι
2511 2993 2519 2999 .

1386 3006 1507 3040 duria*
1530 3007 1578 3040 V¹
1610 3007 1726 3041 durius
1749 3008 1843 3042 Beck
1877 3008 1994 3042 durius
2017 3018 2090 3042 eam
2117 3009 2377 3054 Osenbrt‘lyyenu
2401 3010 2461 3053 sio]

1385 3052 1421 3085 id
1446 3051 1567 3097 Beckll
1588 3053 1628 3087 13
1650 3052 1830 3086 iudicatam
1849 3051 2107 3097 R²VT²vu19.]
2130 3053 2278 3088 iudicata
2299 3055 2347 3088 ΤΙ
2371 3054 2462 3089 iudi-

1385 3097 1454 3130 cari
1466 3097 1511 3139 R,
1526 3098 1570 3131 id.
1586 3096 1637 3130 T²
1650 3099 1682 3131 in
1695 3110 1809 3141 mar-9„
1832 3097 2016 3131 iudicatum
2030 3098 2124 3132 Beck
2139 3098 2153 3142 ΙΙ
2170 3100 2213 3134 20
2237 3098 2331 3141 dicit]
2356 3099 2462 3143 siqui·

1385 3141 1458 3175 dem
1476 3144 1590 3175 nostra
1604 3142 1803 3175 constitutio
1819 3142 1902 3176 dicit
1918 3144 1994 3176 add.
2014 3143 2064 3176 Τι
2082 3143 2095 3186 [Ι
2110 3145 2154 3178 22
2172 3143 2355 3178 substantie
2375 3144 2428 3179 1⁷²
2448 3142 2463 3192 Ι

1386 3187 1428 3220 23
1451 3187 1619 3230 praecepit
1643 3187 1676 3219 R
1711 3187 1895 3230 perceperit
1927 3201 1966 3221 ex
1993 3190 2197 3232 praeceperit
2228 3190 2261 3224 Τ
2283 3189 2296 3234 ΙΙ
2324 3192 2373 3223 est
2402 3202 2461 3225 on.

1394 3232 1475 3265 VT¹
1500 3230 1513 3276 ΙΙ
1540 3233 1584 3266 24
1607 3231 1740 3265 abitura
1765 3233 1797 3265 Τ
1827 3232 1977 3266 habitare
2002 3233 2050 3266 R¹

2079 3234 2091 3274 ΙΙ
2119 3234 2355 3269 collationibus
2377 3233 2430 3269 Β*
2449 3234 2465 3280 Ι

1387 3278 1428 3311 25
1452 3278 1496 3317 et]
1520 3286 1581 3309 nec
1606 3276 1713 3310 R¹T²
1730 3276 1743 3321 ΙΙ
1758 3280 1868 3310 tamen
1881 3278 1929 3311 Β*
1948 3277 1961 3322 ΙΙ

1977 3279 2020 3313 26
2036 3278 2215 3313 collatione
2231 3280 2324 3323 RVn
2344 3279 2462 3315 2911oe
2511 3322 2515 3323 ⁷

1385 3320 1560 3355 uoluntate
1583 3321 1617 3354 R
1640 3320 1652 3366 ΙΙ
1682 3323 1725 3356 30
1749 3325 1858 3365 potest
1877 3323 1911 3356 V
1933 3323 1946 3367 ΙΙ
1975 3324 2018 3357 32
2041 3325 2211 3369 percipere
2233 3327 2333 3370 only-1
2355 3323 2461 3368 perd*
2512 3328 2514 3331 ’

1385 3370 1478 3410 peret
1492 3365 1623 3410 RVTn
1639 3366 1850 3401 matrimonio
1868 3368 1976 3402 adhuc
1993 3369 2026 3402 R
2041 3368 2053 3410 ΙΙ
2072 3370 2115 3404 33
2134 3370 2205 3413 agit
2225 3370 2281 3414 V!
2298 3371 2342 3404 34
2361 3370 2460 3405 enom
2503 3378 2506 3379 ⁷

1386 3420 1460 3445 ante
1484 3411 1554 3454 egit
1576 3412 1646 3452 (33)
1669 3413 1741 3446 coll.
1755 3413 1856 3457 ΒΤ]
1881 3414 1936 3446 hic
1961 3414 2025 3457 Vu
2050 3415 2080 3448 ei
2104 3415 2194 3457 RV]
2218 3415 2287 3448 suis
2311 3415 2342 3449 ei
2366 3414 2401 3449 Τ
2429 3413 2462 3448 οἱ

1385 3456 1453 3490 suis
1475 3458 1563 3500 vulq.
1590 3456 1603 3501 ΙΙ
1629 3458 1672 3491 35
1692 3457 1881 3491 donationis
1905 3472 1963 3492 om.
1978 3459 2056 3503 R¹u
2077 3460 2259 3502 vindicare]
2283 3459 2461 3494 uendimre

1386 3501 1472 3535 RT²
1495 3501 1668 3536 uindicare
1691 3503 1771 3545 quia
1786 3502 1905 3536 mulier
1929 3504 2029 3537 etiam
2052 3508 2225 3539 constante
2248 3503 2460 3538 matrimonio

1385 3550 1519 3590 propter
1542 3547 1678 3591 nuptias
1709 3548 1920 3582 donationem
1952 3549 2018 3583 sibi
2040 3551 2165 3594 poterit
2186 3550 2364 3584 uendioaro
2396 3547 2458 3590 1⁷¹,

1385 3591 1577 3625 nendicaret
1601 3594 1681 3635 quia
1700 3593 1834 3627 mulieri
1851 3595 1882 3628 T
1889 3595 1899 3615 ¹
1914 3594 1927 3639 ΙΙ
1946 3596 1989 3629 36
2013 3596 2125 3637 etiam]
2150 3598 2184 3629 et
2205 3594 2286 3629 VT²
2301 3595 2314 3638 Ι
2331 3593 2458 3628 dederi·

1385 3648 1458 3671 mus
1477 3638 1611 3682 Vvuly]
1627 3638 1776 3673 dedimus
1790 3639 1883 3685 RTfl
1899 3644 1932 3673 et
1947 3653 2006 3674 om.
2029 3641 2110 3674 VT¹
2126 3640 2140 3684 Ι
2157 3642 2197 3675 37
2213 3639 2273 3673 Sin
2293 3635 2460 3683 ῬωὶφΙΙ
2516 3636 2527 3674 ,γ

246 3682 340 3714 inobs
362 3682 419 3726 Vn
434 3685 584 3716 mortuus
606 3682 657 3716 Va
669 3683 719 3716 Τι
734 3684 747 3727 ΙΙ
765 3685 787 3717 4
803 3684 836 3715 et
853 3695 911 3716 om.
926 3681 958 3715 R
974 3681 987 3726 ΙΙ
1004 3682 1163 3723 conferre]
1185 3684 1218 3716 et
1233 3683 1318 3716 ferre
1349 3698 1353 3720 ι
1387 3684 1429 3718 38
1450 3684 1530 3717 haec
1554 3684 1687 3726 quidem
1713 3685 1746 3719 Τ
