2592 3840
235 87 343 129 Nov.
373 86 557 129 XXVIII
588 88 696 127 2—4
1315 82 1396 129 214
2073 100 2131 130 nn
2160 99 2460 133 MODERA'ronn

235 195 301 232 ὑπ’
330 195 454 231 αὐτῶν
484 198 562 231 τῶν
592 196 654 231 τὰς
681 192 913 242 μητροπόλεις
939 192 1100 235 ἐχόντων
1132 194 1232 228 καθὰ
1255 199 1315 230 καὶ
1384 196 1512 231 militer
1536 197 1582 232 ab
1605 197 1656 232 eis
1681 197 1740 241 qui
1764 196 1970 241 metropolis
1992 197 2136 241 habent,
2170 199 2460 237 sieutvhactenus

234 245 336 287 μέχρι
367 243 435 276 νῦν
458 234 863 289 ἦν”χειροτονουμενωα
910 236 1015 272 οὐδὲν
1037 238 1106 286 γὰρ
1130 241 1207 274 τῶν
1231 244 1314 287 περὶ
1381 241 1460 285 fuit,
1483 241 1700 277 ordinandis.
1737 242 1834 277 Nihil
1854 241 1948 277 enim
1968 242 2066 278 circa
2082 244 2321 280 sacerdotium
2337 256 2462 282 eorum

235 286 303 330 τὴν
324 285 522 335 ἱερωσύνην
540 285 662 321 αἰτῶν
681 287 898 328 καινίζομεν,
923 282 1047 336 ἐπειδὴ
1074 287 1134 318 καὶ
1154 287 1215 319 ἐπὶ
1234 287 1315 330 μιᾶς
1382 297 1571 330 novamus,
1605 286 1772 333 quoniam
1804 291 1839 322 et
1861 286 1899 322 in
1923 297 1996 322 una
2019 287 2201 333 provincia
2231 290 2338 326 etim
2358 296 2462 327 vetus

236 334 407 377 ἐπαρχίας
437 335 496 366 καὶ
526 329 545 365 ὁ
569 330 680 366 πάλαι
711 328 835 377 χρόνος
866 331 925 362 καὶ
949 340 1052 363 ουτος
1071 327 1090 363 ὁ
1115 330 1183 364 νῦν
1206 344 1313 365 κατα·
1383 336 1523 377 tempus
1555 334 1592 367 et
1624 333 1711 373 hoc,
1748 331 1842 377 quod
1878 342 1974 368 nunc
2011 336 2175 369 ornatum
2209 344 2232 370 a
2263 335 2366 371 nobis
2395 340 2462 381 est,

235 378 430 422 κοσμηθεὶς
452 374 515 422 ὑφ’
542 376 644 419 ἡμῶν
668 375 742 409 οἶδε
775 372 906 409 πολλὰς
937 373 1106 409 τοιαύτας
1135 375 1313 410 καταστά-
1350 378 1481 413 5novit
1509 377 1596 412 talia
1627 377 1781 423 plurima
1810 380 1946 413 statuta
1977 389 2086 424 super
2118 379 2185 415 deo
2209 380 2462 418 amantissimis

236 433 308 456 σεις
340 424 380 456 ἐν
409 425 482 456 τοῖς
506 418 797 467 θεοφιλεστάτοις
829 416 1039 453 ἐπισκόποις
1062 418 1313 467 τυγχανούσας.
1383 422 1562 468 episcopis
1585 422 1827 458 consistentia.
1863 423 1914 458 Et
1931 423 2067 468 praesit
2083 423 2136 459 eis
2155 424 2207 459 vir
2225 435 2329 468 unua,
2353 425 2463 462 iudex

236 470 309 500 Καὶ
333 467 541 514 ἐφηγείσθω
564 480 604 512 γε
628 462 751 499 αὐταῖς
774 462 863 510 ἀνὴρ
888 462 945 505 εἷς,
965 463 1094 518 ’ἄρχων
1113 467 1180 509 μὲν
1194 463 1314 513 χώρας
1384 467 1526 511 quidem
1555 468 1759 513 provinciae
1789 468 1993 513 utriusque,
2026 468 2227 505 moderator
2254 474 2374 506 autem
2396 481 2462 517 ap-

236 513 413 558 έκατέρας,
443 510 653 557 μοδεράτωρ
676 508 716 544 δὲ
738 521 1092 556 προςαγορευομενος,
1124 507 1167 544 ὃν
1192 509 1238 545 ἄν
1260 522 1314 545 τις
1382 512 1547 556 pellatus,
1568 523 1673 557 quem
1691 513 1820 559 aliquis
1841 513 2115 558 compositorem
2135 515 2272 551 vocarit
2291 519 2464 559 consueta

235 554 415 635 ἇρςμοστὴν
439 556 594 590 καλέσειε
616 557 662 602 τῇ
686 554 838 598 συνήθει
860 553 1043 601 χρώμενος
1064 553 1228 604 γλώττῃ,
1253 557 1313 590 ἐπ·
1383 561 1486 593 utens
1511 557 1647 603 lingua,
1680 558 1848 603 quoniam
1881 562 1915 593 et
1947 559 2182 595 moderatoris
2215 570 2343 597 nomen
2365 561 2461 597 anti·

235 616 265 635 ει
291 601 311 645 ὴ
334 605 394 635 καὶ
418 602 458 635 τὸ
483 602 545 635 τοῦ
567 598 814 646 μοδεράτωρος
843 598 958 644 ὄνομα
988 597 1138 646 ἀρχαῖόν
1168 604 1211 635 τέ
1238 603 1315 636 ἐστι
1331 604 1370 637 10
1384 614 1493 647 quum
1517 606 1572 638 est
1601 606 1637 638 et
1660 603 1859 639 Romanam
1887 603 2111 640 nobilitatem
2135 604 2275 650 decens,
2306 607 2344 642 et
2365 616 2462 643 com-

235 650 294 680 καὶ
312 647 473 694 ρωμιιϊκῇ
495 645 686 690 σεμνότητι
707 647 859 691 πρέπον,
880 647 940 679 καὶ
960 642 981 679 ὅ
997 658 1039 692 γε
1059 644 1236 693 ἁρμοστὴς
1254 643 1315 693 ἇρ-
1382 647 1521 693 positor
1544 648 1710 693 antiquus
1735 649 1880 694 quidam
1904 648 2012 685 iudex
2035 653 2114 685 erat
2132 660 2176 685 ex
2193 650 2463 688 Lacedaemone

233 693 339 769 χαῖιὲςλ
349 702 406 746 τις
428 691 549 737 ἅρχων
569 685 612 733 ἧν
635 692 673 723 ἐκ
698 687 973 734 Λακεδαίμονος
1006 693 1065 725 ἐπὶ
1090 690 1131 725 τὸ
1156 689 1315 734 ὑπήκοον
1384 692 1430 727 ad
1453 693 1635 729 subiectos
1659 694 1799 730 missus.

235 749 317 770 σΤΕ.
341 748 474 769 oue-1¹03.

1224 848 1381 885 CAPUT
1404 849 1469 886 III.

287 912 389 950 ⁰.st
424 912 444 950 ὁ
478 914 545 958 τὴν
578 912 689 962 ἀρχὴν
723 914 1025 962 παραλαμβάνων
1062 914 1199 960 ταύτην
1233 913 1310 951 ὀνο·
1431 916 1535 952 Unde
1558 917 1620 962 qui
1642 917 1711 952 hoc
1732 917 1910 962 cingulum
1934 919 2053 962 sumit,
2077 919 2281 956 nominetur
2302 920 2463 957 modera-

231 960 408 1005 μαζέσθω
430 957 640 1008 μοὸεράτωρ
662 957 913 995 Ἰουστινιανὸς
935 959 1202 996 Ἑλενοπόντου.
1246 958 1311 996 ὑπ·
1328 963 1367 996 15
1382 964 1440 997 tor
1458 961 1678 997 Iustinianus
1693 963 1828 998 Heleno
1857 964 1950 999 outi:
1984 964 2178 1000 oboediant
2200 966 2338 1011 <autem
2353 965 2404 1011 ei>
2427 967 2464 1001 et

234 1008 389 1039 ακουέτω
422 1005 461 1040 δὲ
485 1005 584 1049 αὐτῷ
615 1008 675 1039 καὶ
698 1004 740 1040 τὸ
765 1006 1030 1051 στρατιωτικὸν
1062 1006 1104 1041 τὸ
1129 1005 1221 1040 κατὰ
1247 1005 1314 1048 τὴν
1383 1005 1514 1041 milites
1529 1005 1566 1040 in
1577 1006 1764 1053 provincia
1779 1008 1955 1048 colonati,
1978 1008 2180 1053 habeatque
2195 1013 2231 1045 et
2251 1010 2297 1045 ad
2310 1019 2368 1045 res
2397 1020 2462 1044 on-

234 1053 410 1095 ἐπαρχίαν
442 1045 643 1096 ἱδρυμένον.
698 1051 809 1091 ἐχέτω
841 1062 882 1083 τε
914 1054 975 1085 καὶ
1010 1050 1056 1085 ad
1090 1059 1315 1094 responsum,
1383 1061 1472 1094 sum,
1493 1052 1679 1096 omnisque
1702 1052 1915 1087 succumbat
1931 1052 2077 1087 fortuna
2096 1053 2272 1088 rationem
2290 1053 2348 1099 pri
2440 1052 2462 1062 ''

233 1097 329 1131 πᾶσά
353 1110 392 1131 τε
415 1095 670 1131 ὑποκεκλίσθω
702 1094 790 1139 τύχη
821 1094 929 1143 λόγον
958 1094 1157 1142 προνομίας
1179 1094 1312 1130 ἀντιτι·
1384 1096 1525 1131 obicere
1545 1106 1617 1131 non
1636 1096 1769 1132 valens.
1806 1096 1942 1132 Audiat
1959 1099 2080 1132 autem
2098 1101 2134 1133 et
2146 1107 2276 1133 causas
2293 1107 2464 1143 pecunia·-

234 1143 341 1176 θέναι
369 1141 419 1187 μὴ
450 1140 642 1185 δυναμένη.
694 1138 894 1187 ἀκροάσθω
927 1139 968 1176 δὲ
1001 1144 1062 1176 καὶ
1095 1139 1208 1175 δικῶν
1231 1154 1314 1186 χρη·
1382 1141 1455 1177 rias
1479 1143 1516 1176 et
1539 1141 1739 1177 criminales
1771 1145 1806 1177 et
1829 1141 1938 1185 alias,
1969 1142 2124 1179 minores
2153 1142 2295 1188 quidem
2323 1153 2370 1179 ex
2392 1153 2464 1179 non

229 1188 396 1232 ματικῶν
425 1201 465 1222 τε
493 1190 552 1221 καὶ
584 1185 857 1234 ἐγκληματικιῦν
887 1190 947 1221 καὶ
971 1188 1049 1221 τῶν
1073 1185 1204 1228 ἄλλων,
1235 1187 1315 1220 τῶν
1328 1188 1370 1221 20
1384 1187 1521 1231 scripto
1541 1190 1577 1222 et
1594 1186 1717 1230 gratis,
1736 1187 1889 1223 maiores
1908 1189 2027 1224 autem
2045 1188 2179 1233 scripto
2201 1187 2358 1233 quidem,
2383 1198 2465 1224 cum

230 1234 298 1277 μὲν
322 1231 521 1275 ἐλαχίστων
545 1230 715 1279 ἀγράφως
746 1245 785 1266 τε
808 1235 869 1266 καὶ
894 1235 1040 1278 προῖκα,
1073 1232 1152 1266 τῶν
1177 1229 1218 1265 δὲ
1238 1244 1313 1275 μει-
1384 1231 1547 1268 ordinata
1570 1242 1653 1268 vero
1672 1233 1869 1268 secundum
1893 1243 2035 1268 sacram
2057 1236 2217 1269 nostram
2238 1233 2463 1270 constitutio-

233 1276 352 1320 ζόνων
376 1277 560 1325 ἐγγράφως
587 1279 666 1332 μέν,
697 1276 790 1321 μετὰ
819 1275 859 1311 δὲ
891 1279 952 1321 τῆς
975 1279 1194 1331 τεταγμενης
1223 1275 1314 1311 κατὰ
1383 1287 1464 1313 nem
1477 1287 1645 1322 expensa.
1666 1277 1717 1312 Et
1728 1277 1790 1321 qui
1803 1278 1983 1323 cingulum
1994 1278 2064 1314 hoc
2076 1278 2267 1323 acceperit,
2279 1278 2465 1331 uta-iusque

231 1321 299 1366 τὴν
320 1323 431 1357 θείαν
455 1321 559 1366 ἡμῶν
580 1321 746 1363 ὸιάταξιν
767 1319 939 1367 δαπάνης.
978 1325 1051 1356 Καὶ
1068 1321 1088 1357 ὃ
1108 1335 1150 1369 γε
1167 1321 1235 1365 τὴν
1254 1319 1312 1368 ἀρ·
1385 1322 1703 1358 administrationis
1721 1323 1877 1368 accipiat
1893 1333 2056 1359 annonas
2077 1323 2246 1359 collectas
2269 1323 2308 1359 in
2327 1334 2346 1360 s
2393 1327 2463 1358 tm-

231 1367 298 1410 χὴν
321 1369 458 1410 ταύτην
483 1365 785 1414 παραλαμβάνων
807 1366 870 1402 τὰς
894 1368 1062 1414 ἑκατέρας
1085 1365 1191 1412 ἀρχῆς
1214 1379 1312 1411 κομι·
1382 1370 1509 1412 gentos
1527 1367 1640 1404 XXV.
1666 1378 1806 1411 aureos,
1838 1371 1875 1404 et
1898 1367 2018 1405 officio
2042 1370 2167 1404 utatur
2189 1378 2276 1412 uno,
2299 1372 2336 1404 et
2403 1377 2463 1404 ca·-

232 1414 356 1454 ζέσθω
377 1412 531 1457 σιτήσεις
550 1410 741 1448 συνιούσας
760 1414 807 1447 εἰς
822 1413 1055 1448 ἑπτακοσίους
1071 1413 1183 1447 εἴκοσι
1204 1415 1314 1447 πέντε
1328 1414 1370 1447 25
1383 1414 1471 1448 lium
1496 1423 1622 1449 cursus
1647 1423 1690 1448 ac
1714 1413 1913 1459 periculum
1943 1424 2056 1450 unum
2086 1417 2124 1449 et
2146 1424 2331 1450 commune
2359 1413 2407 1450 sit
2429 1417 2467 1449 et

231 1459 387 1503 χρυσοῖς,
411 1462 470 1492 καὶ
493 1456 593 1499 τάξει
616 1457 769 1504 χρήσθω
791 1459 870 1503 μιᾷ,
898 1461 958 1492 καὶ
981 1456 1001 1493 ὁ
1025 1459 1105 1493 τῶν
1128 1455 1314 1502 δημοσίων
1384 1458 1481 1494 cirea
1504 1469 1586 1494 eum
1609 1458 1669 1502 qui
1694 1459 1876 1503 cingulum
1897 1459 2007 1495 habet
2036 1462 2074 1495 et
2095 1458 2265 1495 adversus
2294 1458 2463 1503 officium,

231 1502 358 1549 δρόμος
388 1517 429 1538 τε
457 1507 517 1538 καὶ
541 1502 703 1538 κίνδυνος
734 1502 782 1537 εἷς
811 1507 871 1537 καὶ
898 1503 1016 1538 κοινὸς
1038 1505 1134 1538 ἔσται
1158 1500 1252 1537 κατά
1274 1516 1314 1536 τε
1383 1504 1479 1549 quod
1506 1504 1546 1539 in
1568 1514 1676 1539 unam
1701 1505 1888 1540 conveniet
1917 1504 2068 1549 figuram
2100 1506 2137 1540 et
2168 1503 2398 1549 coaptabitur
2427 1503 2467 1539 in

230 1550 293 1582 τοῦ
317 1547 385 1591 τὴν
408 1546 518 1594 ἀρχὴν
541 1551 684 1592 ἔχοντος
707 1547 800 1583 κατά
821 1561 862 1583 τε
885 1550 947 1592 τῆς
969 1547 1120 1591 τάξεως,
1152 1544 1243 1595 ἥπερ
1267 1548 1315 1582 εἰς
1384 1551 1497 1585 semet
1515 1549 1606 1594 ipso,
1631 1549 1726 1584 sicut
1749 1559 1771 1585 a
1794 1549 2021 1594 praesedenti
2040 1549 2237 1586 ordinatur.
2280 1549 2332 1584 Et
2346 1558 2464 1585 asses·

231 1596 270 1628 ἓν
302 1593 550 1629 συνελείσεται
581 1594 698 1639 σχῆμα
730 1597 790 1628 καὶ
818 1591 1095 1640 ἁρμοσθῆσεται
1126 1593 1215 1640 πρὸς
1238 1593 1316 1626 e‘av-
1384 1605 1445 1630 sor
1476 1594 1796 1631 administratIonis
1829 1594 1920 1630 duos
1956 1598 1993 1630 et
2022 1594 2251 1641 septuaginta
2280 1603 2411 1630 aureos
2443 1603 2467 1630 a

230 1636 308 1682 τήν,
332 1638 503 1687 καθάπερ
527 1637 573 1674 ἂν
595 1638 665 1674 ὑπὸ
689 1639 754 1674 τοῦ
778 1641 1007 1685 προεστῶτος
1030 1639 1197 1683 ταχθείη.
1242 1641 1314 1672 Καὶ
1328 1641 1371 1674 30
1383 1639 1473 1675 fisco
1498 1639 1682 1685 percipiet,
1700 1641 1737 1675 et
1768 1639 1938 1682 officium,
1971 1640 2067 1685 quod
2090 1649 2135 1676 ex
2157 1639 2331 1676 ambobus
2355 1649 2467 1675 unum

230 1682 249 1717 ὁ
274 1682 447 1732 πάρεδρός
475 1699 517 1732 γε
545 1686 606 1728 τῆς
635 1683 740 1733 ἀρχῆς
769 1682 834 1718 δύο
865 1688 925 1718 καὶ
957 1682 1206 1729 ἑβδομήκοντα
1235 1697 1314 1729 χρυ-
1383 1685 1434 1729 fit,
1468 1685 1746 1731 quadringentos
1770 1684 2007 1731 quadraginta
2035 1688 2172 1731 septem
2203 1688 2240 1721 et
2267 1684 2466 1721 tremissem

231 1730 312 1763 σοῦς
336 1731 375 1763 ἐκ
405 1731 467 1764 τοῦ
492 1728 664 1775 δημοσίου
689 1727 858 1776 λήψεται·
891 1733 951 1764 καὶ
975 1728 997 1774 ἡ
1020 1728 1120 1770 τάξις
1141 1727 1163 1774 ἡ
1187 1729 1227 1769 ἐξ
1250 1728 1313 1774 ἀμ·
1383 1730 1537 1775 accipiet
1559 1740 1700 1765 aureos.

231 1777 316 1820 φοῖν
346 1778 413 1819 μία
441 1778 614 1823 γενομένη
645 1778 894 1823 τετρακοσίους
925 1774 1197 1822 τεσσαράκοντα
1222 1773 1314 1809 ἑπτὰ

231 1822 353 1864 τρίτον
367 1823 551 1864 κομιεῖται
573 1822 729 1865 χρυσοῦς.

1222 1901 1380 1969 GAPUT
1408 1932 1470 1969 IV.

276 1999 312 2034 Ὁ
336 1999 377 2034 δὲ
402 2000 473 2054 ,τὴν
497 1999 606 2047 ἀρχὴν
637 2003 732 2044 ἔχων
762 1998 1009 2054 τοποτηρητὰς
1038 2002 1107 2045 μὲν
1138 2000 1231 2035 κατὰ
1254 1999 1318 2035 τὰς
1331 2004 1373 2036 35
1440 1999 1510 2045 Qui
1532 2010 1615 2036 vero
1646 1999 1990 2037 administrationem
2013 2001 2138 2043 habet,
2165 2000 2237 2037 loci
2267 2002 2466 2037 servat-oren
2524 2015 2533 2021 ·
2580 2006 2582 2011 '

232 2044 351 2080 πόλεις
374 2059 437 2080 ουκ
462 2047 637 2092 ἐκπέμψει
665 2047 785 2090 (τοῦτο
809 2059 878 2094 γαρ
902 2043 1100 2092 φυλάξεται
1130 2044 1232 2080 καθὰ
1256 2049 1316 2080 καὶ
1387 2046 1527 2090 quidem
1551 2056 1617 2091 per
1641 2046 1805 2083 civitates
1829 2057 1902 2082 non
1926 2046 2054 2091 diriget
2075 2046 2158 2089 (hoc
2181 2046 2275 2081 enim
2297 2046 2465 2082 observa·-

231 2094 304 2124 τοῖς
336 2091 451 2126 θείοις
478 2090 582 2136 ἡμῶν
612 2094 813 2137 περιέχεται
845 2089 1176 2138 παραγγέλμασιν),
1210 2090 1317 2126 αὐτὸς
1386 2091 1449 2134 bit,
1475 2091 1571 2127 sicut
1594 2093 1630 2126 et
1648 2091 1761 2127 sacris
1786 2092 1918 2127 nostris
1941 2091 2144 2127 continetur
2163 2090 2365 2134 mandatis),
2388 2090 2467 2136 ipse

232 2133 272 2184 δὲ
295 2135 545 2181 περινοστήσει
569 2136 631 2171 τὰς
654 2134 775 2172 πόλεις
804 2134 873 2172 ὑπ’
901 2133 1050 2171 οὐδενὸς
1072 2134 1184 2181 νόμου
1207 2135 1318 2180 τυχὸν
1385 2146 1468 2172 vero
1507 2135 1709 2172 circumibit
1744 2136 1906 2172 civitates
1943 2146 1966 2172 a
1999 2136 2098 2172 nulla
2132 2137 2208 2181 lege
2243 2135 2369 2172 forsan
2402 2137 2468 2171 aut

232 2225 374 2269 babent,
404 2227 498 2262 sicut
521 2227 628 2263 etiam
658 2238 773 2273 usque
797 2226 917 2262 adbuc
935 2226 1021 2272 fieri
1043 2226 1192 2269 solebat,
1225 2226 1448 2262 ordinentur.
1512 2225 1616 2262 Nihil
1638 2227 1733 2261 enim
1757 2227 1795 2261 in
1817 2227 1864 2262 iis
1886 2236 1981 2272 quae
2003 2225 2054 2261 ad
2073 2226 2316 2262 sacerdotium
2340 2236 2466 2262 eorum

230 2272 413 2317 pertinent
431 2272 653 2315 innovamus,
675 2272 847 2318 quoniam
866 2271 923 2309 vel
941 2272 980 2306 in
1000 2282 1074 2306 una
1087 2271 1281 2318 provincia
1300 2276 1336 2308 et
1352 2271 1541 2317 antiquum
1565 2275 1704 2318 tempus
1723 2275 1760 2307 et
1778 2270 1847 2307 hoc
1892 2270 1966 2306 uod
1984 2281 2080 2306 izunc
2099 2282 2123 2306 a
2137 2270 2242 2307 nobis
2261 2274 2466 2307 exornatur

232 2316 345 2352 multa
369 2317 544 2353 eiusmodi
566 2318 668 2354 novit
690 2317 734 2352 de
757 2317 824 2353 deo
848 2317 1045 2352 carissimis
1073 2316 1256 2363 episcopis
1287 2317 1461 2352 instituta.
1510 2316 1629 2362 Atque
1653 2327 1748 2352 unus
1779 2317 1836 2353 vir
1858 2318 1873 2351 i
1886 2316 1932 2351 lis
1948 2315 2203 2363 praeficiatur,
2235 2316 2300 2363 qui
2321 2316 2467 2368 utrique

227 2362 441 2408 provinciae
461 2362 603 2409 praesit
632 2366 668 2398 et
690 2362 897 2398 moderator
920 2361 1138 2408 appelletur,
1170 2373 1275 2408 quem
1300 2362 1382 2408 quis
1406 2361 1469 2398 vul
1493 2362 1551 2397 ari
1574 2361 1702 2409 linqua
1733 2371 1821 2397 usus
1843 2360 2061 2397 hormestam
2084 2361 2261 2397 nominet:
2293 2370 2467 2408 quomam

232 2410 267 2442 et
289 2406 529 2443 moderatoris
552 2418 681 2444 nomen
705 2408 893 2454 antiquum
916 2413 970 2443 est
992 2411 1027 2443 et
1049 2406 1220 2443 Romana
1242 2407 1425 2453 qravitate
1473 2408 1615 2453 iqnum,
1645 2411 1683 2443 et
1708 2406 1895 2443 karmosta
1922 2410 2095 2453 antiquus
2118 2405 2195 2452 fuit
2219 2407 2466 2453 muys-stratus,

233 2452 297 2497 qui
319 2451 588 2488 Lacedaemone
610 2452 648 2487 in
668 2453 830 2489 civitates
851 2452 1030 2488 subiectas
1053 2451 1269 2488 mittebatur.

367 2496 432 2532 ΙΙΙ.
480 2496 611 2543 Itaque
630 2498 692 2543 qui
707 2498 958 2543 maqistratum
978 2497 1074 2533 Ιιιιηο
1093 2498 1191 2533 susci
1217 2498 1246 2533 it
1265 2497 1477 2534 moderator
1494 2495 1720 2533 lastinianus
1738 2496 1984 2544 Helenoponti
2003 2496 2215 2533 nominetur.
2265 2495 2468 2534 Oboediant

235 2545 353 2577 autem
377 2542 410 2577 ei
433 2542 561 2577 milites
584 2553 728 2588 quoque
758 2543 820 2594 qui
843 2543 882 2578 in
899 2543 1096 2595 provincia
1127 2554 1170 2578 co
1200 2544 1297 2579 ocati
1318 2547 1425 2585 sunt;
1454 2541 1656 2588 habeatque
1687 2543 1795 2578 etiam
1817 2542 1867 2577 ad
1888 2553 1929 2579 re
1976 2551 2114 2584 onsum,
2144 2545 2180 2578 et
2203 2541 2320 2577 omnis
2342 2540 2465 2577 condi-

235 2587 349 2621 cionis
370 2586 528 2622 homines
548 2589 584 2622 ei
600 2587 777 2623 subiunctz
801 2588 876 2623 sint
894 2592 959 2630 tta,
984 2592 1025 2623 ut
1045 2588 1230 2635 privilegii
1252 2599 1400 2624 causam
1424 2600 1446 2624 ο
1467 2598 1612 2635 ponere
1632 2591 1822 2634 nequeant.
1869 2588 1926 2623 Au
1953 2587 2007 2623 iat
2025 2597 2110 2623 vero
2128 2586 2210 2622 lites
2229 2596 2374 2633 quoque
2393 2590 2466 2623 tam

230 2631 466 2682 pecuniarias
490 2643 597 2677 quam
622 2632 825 2668 criminales
846 2637 881 2668 et
903 2632 1076 2679 reliquas,
1101 2643 1145 2669 ac
1166 2633 1334 2669 minimas
1357 2599 1500 2680 quidcem
1524 2634 1604 2668 sine
1621 2634 1759 2680 scripto
1778 2635 1815 2669 et
1831 2633 1962 2679 gyratis,
1986 2632 2142 2668 maiores
2160 2631 2302 2668 veroin
2318 2631 2468 2680 scriptis

235 2675 396 2755 quidem,
430 2687 593 2727 impensa
617 2681 735 2713 autem
766 2688 810 2712 ea
830 2688 928 2729 quae
956 2689 1006 2714 ex
1027 2689 1136 2714 sacra
1167 2682 1295 2715 nostra
1318 2678 1574 2714 constitutione
1597 2677 1836 2730 praescripta
1863 2681 1927 2714 est.
1984 2679 2104 2723 Atque
2127 2676 2191 2723 qui
2212 2676 2466 2724 magistratum
2534 2681 2538 2685 '

261 2730 331 2755 unc
352 2725 505 2766 suscepit
527 2722 715 2768 utriusque
737 2727 974 2768 maqzstratus
996 2734 1165 2759 annonas
1182 2724 1369 2771 percipiat
1398 2734 1493 2769 quae
1514 2726 1765 2770 septznqentos
1787 2722 1916 2769 viqinti
1939 2722 2098 2769 quinque
2125 2731 2257 2758 aureos
2275 2720 2466 2768 complent,

237 2772 274 2805 et
295 2780 368 2804 uno
399 2774 525 2804 utatur
549 2769 686 2813 officio,
718 2782 762 2806 ac
788 2771 1003 2807 tributorum
1035 2784 1165 2809 cursus
1188 2777 1224 2809 et
1247 2771 1455 2820 periculum
1486 2781 1597 2807 unum
1620 2773 1656 2807 et
1678 2779 1866 2806 commune
1894 2769 1945 2805 sit
1965 2769 1999 2804 ei
2022 2769 2086 2815 qm'
2107 2768 2359 2815 maqistratum
2381 2775 2460 2803 ms-

238 2814 328 2860 cipit
351 2817 385 2849 et
409 2814 555 2859 officio.-
589 2815 688 2859 quod
711 2816 854 2861 quidem
878 2817 916 2852 in
935 2829 1044 2853 unam
1068 2818 1258 2864 rediqetur
1278 2817 1440 2863 formam
1464 2820 1575 2863 atque
1597 2816 1636 2851 in
1658 2826 1698 2852 se
1719 2815 1839 2862 ipsum
1863 2813 2061 2861 aptabitur,
2091 2811 2391 2860 quemadmodum
2407 2811 2461 2864 ‘ab

237 2869 280 2894 eo
304 2859 368 2905 qui
385 2862 538 2910 praeest
560 2858 696 2894 iussum
720 2861 798 2896 erit.
844 2860 893 2896 Et
916 2873 1078 2898 assessor
1101 2862 1244 2909 quidem
1268 2862 1504 2908 maqistratus
1527 2861 1620 2896 duos
1639 2863 1675 2896 et
1697 2860 1932 2907 septuaqinta
1955 2869 2089 2894 aureos
2111 2868 2162 2894 ex
2180 2858 2272 2910 [isco
2295 2858 2374 2893 acci
2401 2858 2462 2898 tet,

237 2907 272 2939 et
287 2904 450 2949 officium
469 2902 570 2949 quod
588 2914 637 2938 ex
653 2904 791 2939 duobus
808 2917 916 2940 unum
931 2907 1074 2952 sactum
1093 2912 1148 2943 est
1164 2906 1455 2954 quadrinyentos
1470 2905 1719 2953 quadraqinta
1735 2908 1872 2952 septem
1889 2913 2022 2940 aureos
2041 2907 2078 2939 et
2095 2905 2288 2938 tremissem
2303 2913 2352 2938 au
2373 2902 2459 2937 eret.

364 2948 427 2984 IV.
477 2949 638 2985 Ceterum
667 2950 731 2995 qui
754 2950 1006 2996 maqistratum
1037 2953 1134 2997 qerit
1162 2953 1320 2988 vicarios
1349 2952 1492 2998 quidem
1522 2953 1562 2987 in
1592 2951 1700 2988 urbes
1729 2961 1803 2987 non
1833 2949 2016 2998 deleqabit
2042 2949 2127 2995 (hoc
2148 2949 2242 2986 em‘m
2265 2948 2460 2993 cavebam,

227 2997 340 3042 prout
363 2994 469 3029 etiam
489 2993 607 3029 sacris
629 2994 765 3030 nostris
787 2994 969 3030 mandatis
992 2995 1332 3042 comprehenditur),
1363 2997 1443 3044 ipse
1466 3007 1550 3034 vero
1573 2996 1681 3033 urbes
1711 2995 1914 3032 circumibit
1941 2994 2044 3032 nulla
2075 2995 2154 3042 leqe
2181 2994 2216 3030 si
2237 3005 2312 3042 qua
2333 2993 2384 3031 sit
2403 2993 2463 3030 vel

277 3088 292 3119 1
320 3085 398 3119 τῶν
422 3084 541 3135 om.1}¹
569 3082 582 3128 ΙΙ
609 3086 628 3117 4
653 3080 671 3116 ὁ
696 3084 774 3137 νῦν]
800 3080 828 3136 ὁ.
841 3084 908 3116 νῦν
932 3081 950 3117 ὁ
976 3086 1006 3117 L
1037 3085 1042 3128 Ι
1077 3089 1094 3119 7
1109 3098 1160 3140 ys
1186 3085 1309 3121 αὐταῖς
1377 3092 1585 3132 νομίσματα
1607 3084 1687 3131 υμζ
1716 3088 1837 3122 leeod.
1864 3086 1878 3132 ΙΙ
1909 3089 1951 3122 36
1980 3088 2162 3132 έμπέμψσι
2186 3087 2219 3120 L
2248 3086 2261 3131 fl
2288 3087 2329 3120 37
2354 3081 2460 3130 ἡμῶν

230 3131 320 3183 ΔΙ-Β]
343 3128 388 3177 γα
433 3125 541 3163 αὐτας
558 3129 611 3182 =L¹
639 3129 707 3181 μὲν
731 3141 853 3180 αυτων
874 3129 922 3161 L2
937 3128 949 3172 ss
967 3128 1015 3181 εἷς
1060 3131 1078 3162 ὲ
1100 3143 1222 3184 α’ρχων
1241 3133 1309 3174 μὲν
1379 3146 1437 3167 om.
1453 3134 1489 3167 B
1507 3133 1520 3178 ΙΙ
1536 3129 1846 3180 παραγγέλμασιν]
1870 3145 1941 3166 nov.
1956 3133 1996 3166 X
2004 3132 2077 3166 VII
2094 3144 2122 3174 e.
2137 3133 2178 3166 10

228 3174 573 3268 ῗῗρέἔρεσπέόὶὲοἶί
594 3175 687 3261 ἷξδι
705 3174 1005 3263 ξοτῖοτὲριξιδιιρῙίδυὲ
1022 3176 1125 3262 ‘gy-'⁸2³⁰
1136 3188 1190 3253 31τῖ
1208 3176 1309 3267 (ιίξρει-Ι

231 3277 371 3310 ποσουμ
399 3266 430 3299 L
464 3260 755 3309 ἆποκρισιαρίους
778 3263 814 3295 Β
842 3262 855 3305 u
886 3264 923 3297 21
959 3263 999 3296 τὲ
1023 3265 1080 3304 Μ]
1111 3276 1152 3309 γε
1183 3265 1251 3298 LB
1297 3266 1308 3310 ΙΙ
1423 3269 1442 3300 2
1468 3278 1582 3300 eorum
1604 3268 1653 3309 T]
1674 3277 1787 3301 earum
1807 3267 1865 3310 Vfl
1881 3268 1901 3301 3
1926 3268 1960 3300 et
1980 3266 2078 3307 VaL]
2103 3265 2202 3299 etiam
2221 3263 2279 3310 ΤΙ
2296 3266 2319 3299 4
2340 3264 2458 3298 *ordi—

231 3314 273 3346 22
296 3312 473 3357 ταγμένης
492 3310 524 3343 L
541 3310 554 3352 ss
570 3310 612 3343 23
637 3305 814 3348 διάταξιν]
841 3308 917 3341 Cod.
933 3310 964 3349 3,
980 3315 1007 3349 2,
1025 3314 1040 3339 5
1060 3308 1072 3352 ΙΙ
1090 3310 1132 3342 24
1157 3308 1307 3353 εἰσκομι-
1377 3314 1493 3344 natum
1517 3313 1703 3353 (ordinatus
1728 3313 1762 3346 T
1804 3312 1882 3346 libri
1901 3311 1915 3356 Ι]
1944 3313 1966 3346 4
1990 3310 2052 3344 tali
2077 3311 2155 3345 libri
2183 3308 2197 3355 fl
2226 3312 2246 3343 6
2270 3308 2459 3352 appellatur

231 3356 356 3398 ζέσθω
377 3357 411 3390 Β
428 3355 441 3399 ΙΙ
465 3356 506 3390 25
527 3353 759 3389 ἑπτακοσίους
781 3351 892 3385 εἴκοσι
916 3354 1024 3386 πέντε
1047 3352 1194 3398 χρυσοὺς
1218 3355 1308 3398 (mru-
1379 3357 1457 3389 libri
1470 3356 1483 3407 ΙΙ
1501 3359 1518 3390 ’1
1534 3357 1753 3400 compositore
1819 3355 1977 3433 'luocarit
1991 3356 2037 3397 T]
2051 3355 2188 3390 uocauit
2208 3355 2242 3389 V
2281 3356 2302 3389 9
2321 3362 2459 3388 romana

230 3403 312 3435 σοῦς
332 3402 410 3441 Ma)
436 3400 547 3434 MLB
565 3412 634 3434 cum
646 3399 878 3439 Iulianoa98]
915 3395 1036 3441 λίτρας
1056 3400 1199 3442 χρυσίου
1223 3395 1309 3431 δέκα
1379 3400 1554 3434 nobilitate
1579 3404 1656 3436 libri
1678 3401 1691 3446 ΙΙ
1724 3404 1763 3437 15
1787 3401 1829 3435 he
1845 3401 1974 3446 esponti
1999 3401 2033 3435 T
2060 3400 2228 3443 elesponto
2311 3399 2324 3443 ΙΙ
2348 3401 2458 3433 autem

233 3448 354 3481 Theod.
384 3446 397 3490 ΙΙ
425 3447 468 3480 26
490 3441 658 3487 ‘publicus
681 3453 811 3484 cursus,
843 3443 922 3475 item
946 3443 1149 3476 tributorum
1182 3444 1309 3476 exactio
1378 3444 1409 3477 ei
1428 3446 1506 3479 add.
1520 3447 1605 3491 vulq.
1623 3446 1637 3491 11
1657 3449 1697 3481 16
1714 3447 1951 3491 adresponsum
1971 3446 2018 3488 V]
2038 3441 2231 3489 responsum
2246 3444 2279 3478 T
2289 3443 2301 3488 Ι]
2323 3446 2362 3478 17
2380 3443 2457 3477 aub-

230 3492 272 3524 ad
294 3491 482 3534 periculum
509 3486 625 3533 ipsius’
652 3490 802 3523 Iulianus
811 3488 879 3530 l.c.,
913 3482 923 3495 ‘
949 3489 1024 3522 uasi
1043 3489 1197 3531 scriptum
1222 3490 1264 3522 sit
1289 3485 1308 3522 ὁ
1378 3488 1511 3522 cumbet
1523 3490 1690 3524 fortunam
1711 3491 1766 3536 Vss
1788 3493 1828 3526 19
1847 3491 2052 3525 criminalius
2073 3490 2127 3535 Vfl
2146 3491 2186 3524 21
2209 3488 2354 3523 secunda
2365 3497 2458 3522 saort

230 3537 310 3570 τῶν
333 3533 519 3580 δημοσίων
542 3537 603 3569 καὶ
626 3535 690 3569 τοῦ
713 3530 847 3579 δρ’μου
870 3535 928 3567 xlv
953 3528 1048 3566 υνος’
1075 3533 1263 3566 Zachariae
1298 3532 1311 3577 ΙΙ
1377 3536 1489 3566 nostra
1510 3536 1780 3570 constitutionem
1807 3536 1864 3581 VR
1888 3538 1931 3571 22
1955 3535 2114 3579 acciperit
2135 3535 2170 3569 V
2186 3534 2314 3577 accepit
2334 3533 2368 3567 T
2381 3534 2456 3577 (leq.

232 3584 275 3616 28
300 3578 390 3630 ἥπερ
414 3581 484 3623 Βς]
508 3580 586 3615 εἷπε
632 3581 664 3614 L
688 3578 788 3626 εἴπερ
812 3578 858 3612 Μ
879 3578 892 3622 ΙΙ
920 3579 960 3613 31
987 3574 1053 3611 δύο
1076 3579 1135 3611 καὶ
1159 3574 1309 3621 ἑβδομή-
1376 3578 1535 3629 accipiti)
1554 3579 1567 3623 ΙΙ
1583 3582 1625 3614 28
1649 3591 1669 3613 a
1691 3581 1899 3623 praesidente
1923 3581 2099 3615 ordinatur
2121 3580 2221 3624 vala]
2252 3589 2272 3611 a
2290 3578 2457 3621 praesenti

232 3639 343 3661 κοντα
366 3622 513 3672 χρυσοὺς
534 3592 645 3659 ΜΣΒ
662 3638 728 3659 cum
741 3625 886 3666 Iuliano,
898 3620 1026 3670 λίτραν
1047 3625 1136 3667 μίαν
1152 3623 1272 3656 Theod.
1296 3622 1310 3668 fl
1376 3623 1550 3656 ordinatus
1573 3626 1650 3658 libri
1664 3625 1677 3669 ΙΙ
1695 3627 1737 3660 32
1760 3626 1902 3669 accipiet
1923 3627 1967 3669 V]
1993 3625 2135 3669 accipiat
2162 3624 2245 3658 Tal.
2267 3622 2282 3668 ΙΙ
2308 3624 2351 3658 35
2376 3622 2458 3655 locis

233 3674 275 3707 33
299 3684 393 3718 τετρ.
418 3682 515 3705 τεσσ.
539 3671 632 3705 ἑπτὰ
654 3673 779 3716 τρίτον
801 3667 947 3715 χρυσοῦς
972 3669 1158 3703 MLBcum
1172 3667 1314 3706 Iuliano]
1385 3666 1443 3712 Vfl
1458 3669 1499 3702 37
1526 3670 1742 3703 continentur
1762 3669 1821 3715 V.
1844 3672 1887 3704 38
1912 3670 2152 3716 cirlouiuitates
2174 3669 2208 3703 V
