2476 3854
130 96 238 140 Nov.
268 97 424 142 CXVII
455 102 491 143 1.
521 100 547 141 2

130 207 269 243 τούτοις
301 212 374 244 τοῖς
402 209 587 256 πράγμασι
622 207 712 254 μήτε
742 209 984 245 usumfructov
1016 209 1107 254 μήτε
1136 210 1205 254 τὴν

130 252 279 288 οἱαιοῦν
301 254 487 289 παντελῶς
509 258 704 299 μετουσίαν
725 257 827 298 ἔχειν.
870 257 986 290 ταῦτα
1002 255 1071 301 γὰρ
1087 253 1131 299 δὴ
1147 258 1207 290 καὶ

130 298 309 338 ἐξωτικοῒς
328 296 504 341 ἠδύναντο
522 299 818 344 καταλιμπάνειν,
842 296 938 335 ὅθεν
960 297 1044 334 ούδε
1073 303 1110 334 ία
1134 303 1207 335 τοῖς

127 342 485 397 γονεῦσινῆώφέλεια
519 349 754 390 προςεγίνετο.
801 347 911 379 τοῦτο
946 343 985 379 δὲ
1017 358 1060 379 ου
1090 343 1207 389 μόνον
1274 346 1408 380 utilitas
1440 351 1656 383 nasceretur.

1206 96 1292 144 552

1669 88 1730 122 ΠΤ
1757 89 1920 122 mamm
1946 90 2087 125 MATRI
2113 92 2171 126 m·
2197 94 2336 128 AVIAE

1272 214 1402 246 testate
1431 209 1470 246 in
1491 209 1547 246 his
1570 211 1679 248 rebus
1709 222 1824 258 neque
1852 212 2113 250 usumfructum
2139 224 2209 251 nec
2230 214 2344 260 quod·

1273 256 1360 290 libet
1393 254 1536 300 penitus
1574 256 1733 293 habeant
1773 258 2010 304 participium.
2063 257 2142 294 Hoc
2176 258 2269 296 enim
2308 264 2345 296 et

1273 300 1452 336 extraneis
1475 301 1675 346 relinquere
1723 306 1878 346 oterant,
1903 304 1997 340 unde
2019 304 2118 339 nulla
2139 304 2345 349 parentibus

1741 358 1782 383 oc
1805 347 1925 393 itaque
1955 359 2028 384 non
2051 349 2166 384 solum
2188 349 2344 393 parenti·

127 400 201 421 τοις
216 401 393 431 γονευσιν,
417 385 508 422 ἀλλὰ
524 392 584 423 καὶ
600 392 714 443 παντὶ
730 390 909 434 προςώπῳ
935 390 1067 444 ἐξεῖναι
1090 403 1205 435 παρα·
1240 393 1259 424 5
1273 391 1351 433 bus,
1375 390 1438 425 sed
1459 391 1567 426 etiam
1590 392 1685 427 omni
1707 402 1882 437 personae
1904 393 2012 429 licere
2034 394 2283 439 praecipimus.

127 434 148 467 1
194 432 424 476 κελευόμεθα.
494 434 541 468 τὰ
566 431 606 467 δὲ
627 447 824 480 πραγματα
846 435 893 470 τὰ
916 448 1013 470 ουτω
1037 434 1205 479 καταλιμ-

127 477 318 518 πανόμενα
349 475 372 520 ἢ
404 477 616 524 δωρούμενα
646 483 719 514 τοῖς
743 478 963 521 ύπεξουσίοις
994 478 1204 526 προςώποις,

128 522 159 555 εἰ
188 523 254 565 μὲν
288 522 424 557 τελείας
454 525 546 558 εἰσὶν
576 522 730 567 ἡλικίας,
766 522 836 559 κᾶν
866 522 1074 566 ύπεξούσιοι
1102 528 1203 566 ὠσιν,

127 564 253 600 ἄδειαν
277 570 458 610 ἐχέτωσαν
481 566 574 603 καθ’
596 566 641 603 ὃν
664 569 856 613 βούλονται
880 570 1019 615 τρόπον
1039 568 1202 604 διοικεῖν·

1272 438 1291 471 1
1339 435 1409 470 Res
1442 439 1560 471 autem
1590 436 1642 472 ita
1672 437 1817 473 relictas
1848 438 1920 474 sive
1946 438 2099 474 donatas
2129 438 2254 484 positis
2277 437 2345 474 sub

1272 484 1449 525 potestate
1471 483 1649 526 personis,
1680 482 1710 517 si
1734 483 1873 527 quidem
1896 484 2076 527 perfectae
2098 487 2184 519 sunt
2204 483 2345 527 aetatis,

1273 525 1355 560 licet
1375 526 1442 560 sub
1459 530 1636 570 potestate
1651 528 1733 571 sint,
1757 528 1935 563 licentiam
1959 529 2115 564 habeant
2138 539 2207 573 quo
2226 528 2347 564 volunt

1274 570 1375 606 modo
1406 570 1605 615 disponere.
1652 572 1690 607 Si
1721 582 1803 608 vero
1834 576 1951 608 aetate
1980 574 2134 609 minores
2163 574 2251 617 sint,
2282 582 2347 618 per

126 612 157 644 εἰ
180 610 220 645 δὲ
242 613 311 655 τὴν
330 609 474 665 ἡλικίαν
498 609 591 648 ὦσιν
610 611 760 657 ἀτελεῖς,
786 612 837 649 δι’
856 617 968 661 οὗπερ
997 613 1045 651 ἂν
1068 613 1205 650 συνίδοι
1221 619 1259 650 10
1274 625 1375 659 quem
1407 617 1626 661 perspexerit
1654 621 1805 653 testator
1835 623 1898 652 aut
1926 618 2079 654 donator
2106 619 2195 654 haec
2217 617 2345 662 guber·

127 669 149 708 ο]
172 662 325 692 testator
355 672 377 701 η
402 655 421 691 ὁ
448 656 672 704 δωρούμενος
696 657 790 694 αὐτοὶ
819 658 1057 705 διοικεῖσθαι,
1088 663 1206 706 μέχρις

126 714 219 735 οταν
249 705 377 736 ἐκεῖνοι
412 702 462 737 οἷς
492 702 665 758 ἐδωρήθη
697 703 720 748 ἢ
743 704 965 751 κατελείφθη
996 706 1043 740 εἰς
1065 705 1205 740 τελείαν

126 744 294 781 ἔλθωσιν
325 745 476 791 ἡλικίαν.
524 747 652 783 ἇὸειαν
682 753 824 793 ἔχοντος
855 752 919 805 τοῦ
950 748 1206 794 διατιθεμένου

1273 665 1414 703 nentur,
1445 661 1558 696 donec
1580 661 1631 697 illi
1654 663 1782 706 quibus
1807 662 1939 698 donata
1961 668 2045 699 sunt
2066 667 2131 698 aut
2152 664 2278 699 relicta
2300 662 2346 698 ad

1274 706 1468 750 perfectam
1510 710 1663 742 aetatem
1703 709 1929 752 perveniant3
1972 709 2151 744 licentiam
2191 709 2346 744 habente
2406 708 2409 711 “

1277 753 1448 786 testatore
1478 752 1533 786 vel
1555 752 1725 787 donatore
1755 759 1791 787 et
1814 754 1917 788 matri
1941 758 1976 788 et
1997 754 2096 789 aviae
2118 754 2246 789 horum
2269 752 2345 798 qui-

125 787 398 846 ἢκδωρουμένου
422 793 480 827 καὶ
502 796 546 841 τῇ
563 798 755 847 μητρὶὶκαὶ
764 797 820 848 .τῇ
840 810 968 850 &agap
989 794 1132 830 τούτων
1156 795 1206 829 οἷς
1273 795 1340 830 bus
1365 806 1421 831 res
1446 796 1597 831 collatae
1619 802 1704 832 sunt
1731 797 1889 842 ipsarum
1912 809 2030 833 rerum
2054 799 2086 834 si
2108 798 2260 834 voluerit
2280 808 2344 843 gu-

123 848 169 869 τα
192 849 388 883 πραγματα
412 839 621 883 παρεσχέθη

125 881 155 914 εἰ
178 881 358 925 βούλοιτο,
383 880 561 926 διοίκησιν
577 886 877 926 καταπιστεῦσαι,
901 899 971 920 καν
987 897 1205 921 συνοικωσιν

126 922 305 972 ἀνδράσιν
334 927 374 962 αἱ
400 929 582 974 εἰρημέναι
608 933 786 976 γυναῖκες,
818 927 916 965 οὕτω
948 933 1074 975 μέντοι
1105 931 1204 975 εἴπερ

123 974 182 1004 καὶ
208 969 315 1006 αύταὶ
339 973 406 1016 τὴν
429 974 602 1017 τοιαύτην
626 973 804 1018 διοίκησιν
825 974 1099 1016 καταδέξασθαι
1120 980 1203 1020 βου-

124 1015 302 1059 ληθῶσιν.
350 1019 380 1051 εἰ
405 1016 445 1052 δὲ
473 1016 521 1053 ὠς
548 1019 640 1054 εἰκὸς
669 1017 689 1054 ό
714 1018 1045 1075 καταλιμπάναὶινίῆ
1069 1018 1203 1066 δωρού-

643 853 714 883 την
727 853 806 875 των
822 853 948 894 oanan:¹
969 840 1205 893 πραγμάτων,
1221 843 1260 876 15
1275 841 1517 875 bernationem
1549 842 1784 885 committere,
1819 843 1904 878 licet
1933 843 2069 879 maritis
2102 843 2247 879 iunctae
2275 844 2347 878 sint

1272 890 1486 921 memoratae
1508 887 1682 930 mulieres,
1704 887 1756 922 ita
1770 889 1889 923 tamen
1913 888 1944 923 si
1967 892 2002 923 et
2023 888 2124 933 ipsae
2147 886 2347 923 huiusmodi

1272 931 1567 974 gubernationem
1598 931 1695 967 susci
1722 942 1780 967 ere
1810 933 1997 968 voluerint.
2046 933 2082 968 Si
2108 942 2192 968 vero
2223 934 2347 968 forsan

1271 977 1302 1010 is
1326 976 1386 1020 qui
1407 977 1573 1020 relinquit
1604 981 1668 1012 aut
1715 981 1801 1013 onat
1829 977 1965 1013 nullum
1988 978 2043 1014 his
2067 977 2346 1023 dispensatorem

1272 1021 1573 1063 determinaverit,
1607 1025 1670 1058 aut
1700 1023 1745 1057 ab
1777 1032 1820 1058 eo
1852 1023 1955 1058 datus
1987 1022 2190 1058 huiusmodi
2217 1022 2345 1067 guber·

121 1074 227 1105 μενος
249 1060 387 1106 μηδένα
409 1061 550 1098 τούτοις
574 1062 759 1144 διρικητέν
776 1069 935 1118 opicae&
951 1080 972 1110 η
990 1079 1010 1100 ο
1029 1062 1202 1120 παρ’,αύ-
1217 1068 1257 1100 20
1271 1067 1450 1101 nationem
1486 1067 1605 1101 subire
1639 1067 1810 1110 noluerit,
1854 1071 1917 1103 aut
1951 1068 2124 1103 moriatur
2157 1071 2347 1113 antequam

121 1109 187 1140 τοῦ
213 1104 402 1152 δεδομένος
424 1108 493 1153 τὴν
515 1122 691 1152 τοιαυτην
739 1115 892 1154 ιοίκησιν
915 1109 1092 1146 υπελθεῖν
1111 1125 1133 1155 η
1151 1111 1200 1156 μὴ

122 1151 319 1196 βουληθείη
344 1151 368 1197 ἢ
389 1153 439 1198 μὴ
464 1152 651 1199 δυνηθείη,
675 1154 699 1199 ἢ
713 1154 932 1199 τελευτήσειε
948 1159 1035 1202 πρὶν
1051 1158 1204 1190 ἐκείνους

121 1195 257 1231 τελείας
285 1196 423 1252 ἡλικίας
452 1200 644 1246 γενέσθαι,
680 1201 880 1244 τηνικαῦτα
911 1200 1100 1246 κελεύομεν
1135 1201 1203 1236 τὸν

122 1238 298 1286 ἁρμόδιον
322 1257 481 1289 αρχοντα
504 1244 715 1301 κουράτωρα
744 1245 960 1286 ἀξιόπιστον
987 1246 1080 1291 μετὰ
1104 1250 1201 1291 νομί-

1270 1111 1321 1145 illi
1345 1112 1526 1156 perfectae
1555 1112 1644 1147 fiant
1667 1113 1806 1155 aetatis,
1837 1112 2000 1148 iubemus
2027 1113 2182 1148 iudicem
2205 1121 2345 1157 compe-

1271 1162 1402 1191 tentem
1427 1159 1627 1192 curatorem
1657 1157 1727 1192 fide
1749 1158 1892 1202 dignum
1923 1168 2004 1193 cum
2025 1157 2182 1202 legitima
2203 1156 2345 1193 fideius-

1272 1202 1372 1236 sione
1407 1202 1513 1237 rebus
1547 1203 1679 1238 talibus
1711 1203 1894 1247 ordinare,
1933 1204 1993 1248 qui
2023 1203 2154 1239 debeat
2185 1202 2347 1239 relictam

1270 1246 1401 1282 talibus
1425 1248 1587 1291 personis
1612 1248 1847 1283 substantiam
1868 1248 2067 1292 gubernare
2095 1254 2202 1293 atque
2225 1251 2346 1283 custo·

120 1301 189 1331 μου
220 1289 344 1335 ἐγγύης
379 1293 452 1323 τοῖς
486 1303 661 1325 τοιουτοις
696 1291 884 1346 πράγμασι
913 1290 1202 1348 προβάλλεσθαι,
1217 1294 1258 1326 25
1272 1292 1357 1334 dire,
1382 1292 1495 1327 donec
1516 1292 1567 1327 illi
1590 1293 1635 1328 ad
1656 1293 1867 1338 perfectam,
1892 1293 1985 1328 sicut
2004 1293 2139 1329 dictum
2157 1295 2224 1337 est,
2246 1293 2345 1328 aeta-

121 1330 316 1387 όφείλοντα
346 1334 415 1378 τὴν
448 1334 758 1382 καταλειφθεῖσαν
789 1348 862 1370 τοις
891 1348 1066 1371 τοιουτοις
1098 1347 1202 1383 προς-

121 1390 232 1413 ωποις
266 1384 477 1425 περιουσίαν
509 1378 690 1425 διοικῆσαί
722 1395 762 1416 τε
788 1384 849 1415 καὶ
930 1380 1053 1423 λάξαι,
1127 1385 1203 1427 ’χρις

120 1420 214 1458 ὅταν
230 1425 375 1468 ἐκεῖνοι,
396 1423 445 1460 ὥς
459 1425 615 1471 εἴρηται,
635 1426 683 1461 εἰς
698 1427 844 1480 τελείαν,
856 1395 1000 1470 &fficiam
1023 1426 1067 1462 ἔλ
1101 1440 1201 1462 ωσιν.

121 1469 161 1502 ἐν
185 1471 328 1504 ἐκείνοις
357 1470 429 1523 yae
451 1474 525 1505 τοῖς
548 1471 686 1516 θέμασι
711 1485 779 1507 τον
801 1484 917 1515 νομον
940 1472 1008 1507 τὸν
1031 1472 1099 1516 τὴν
1113 1474 1202 1527 ’χρῆ-

121 1525 181 1546 σιν
203 1519 276 1550 τοῖς
292 1528 439 1562 γονευσι
463 1519 668 1562 παρέχοντα
690 1515 905 1562 βουλόμεθα
927 1516 1202 1564 παραφυλαττε-
1215 1519 1259 1553 30

120 1558 227 1603 σθαι,
249 1559 300 1595 οἷς
322 1558 387 1595 οὐκ
410 1562 566 1609 ἔγκειται
589 1559 712 1597 ἰδικῶς
735 1560 885 1605 τοιαύτη
910 1563 1052 1609 αἵρεσις.

1271 1340 1342 1372 tem
1372 1338 1589 1389 perveniant.
1637 1338 1679 1373 In
1709 1338 1780 1374 illis
1810 1338 1902 1374 enim
1934 1338 2077 1374 casibus
2107 1339 2219 1392 legem
2254 1347 2347 1392 quae

1271 1393 1374 1417 usum
1397 1384 1605 1427 parentibus
1636 1385 1786 1428 praebet
1812 1384 1974 1420 volumus
1999 1385 2185 1428 custodiri,
2215 1383 2345 1430 quibus

1270 1438 1343 1464 non
1366 1427 1461 1463 inest
1484 1428 1686 1473 specialiter
1708 1429 1912 1466 huiusmodi
1935 1429 2106 1466 condicio.

1117 1675 1276 1712 CAPUT
1299 1675 1346 1712 11.

186 1740 283 1786 Πρὸς
306 1738 443 1775 τούτοις
471 1740 512 1776 δὲ
533 1738 675 1776 κάκεῖνο
703 1743 954 1787 νομοθετῆσαι
980 1741 1200 1787 συνείδομεν,

120 1780 208 1819 ὥςτε
237 1785 275 1819 εἴ
297 1797 350 1820 τις
379 1785 463 1820 υἱὸν
486 1784 510 1831 ἢ
532 1787 719 1835 θυγατέρα
746 1790 842 1831 ἔχων
866 1789 905 1828 ἐξ
928 1787 1119 1835 ἐλευθέρας
1140 1802 1201 1836 yv-

1338 1742 1393 1777 Ad
1415 1742 1505 1778 haec
1529 1747 1648 1778 autem
1679 1746 1716 1794 et
1736 1742 1836 1790 illud·
1850 1744 1990 1780 sancire
2012 1742 2255 1789 perspeximus
2261 1769 2274 1796 ἓ
2302 1745 2345 1779 ut

1271 1787 1302 1823 si
1325 1788 1405 1833 quis
1434 1788 1545 1824 filium
1575 1791 1640 1823 aut
1668 1787 1778 1822 filiam
1805 1788 1941 1824 habens
1975 1789 2020 1824 de
2048 1789 2160 1824 libera
2186 1787 2342 1831 1111111810,

186 1889 213 1910 c.
236 1877 282 1911 II
301 1884 386 1911 extat
412 1878 446 1910 B
471 1878 525 1920 28,
538 1886 566 1920 4,
580 1886 616 1912 49
640 1879 703 1921 (B·
725 1881 766 1912 11
788 1881 845 1921 1,1
864 1892 901 1922 p.
915 1881 983 1914 534
1004 1880 1131 1922 Zach.).
1157 1898 1192 1903 —
1226 1879 1387 1913 Summam
1410 1879 1507 1912 habet
1531 1879 1679 1922 Epitome
1702 1880 1757 1920 24,
1771 1887 1807 1913 42
1831 1879 1887 1922 (ε-
1899 1879 2004 1913 Δηοη.
2028 1878 2235 1913 Bodleiamu
2254 1879 2345 1923 apud

119 1922 307 1955 Zachariae
327 1919 461 1956 Ἀνέκδ.
482 1936 519 1967 p.
536 1925 624 1965 215),
649 1937 788 1958 summas
812 1932 958 1968 repetunt
984 1925 1148 1958 Theodori
1171 1920 1243 1966 ΒΣ,
1274 1925 1454 1958 Athanasii
1467 1925 1630 1967 paratitla
1649 1925 1723 1958 Ath.
1740 1926 1777 1970 11
1796 1930 1850 1964 §2

186 1980 213 2000 c.
236 1968 327 2001 ΙΙ-
338 1968 389 2002 VI
392 1980 446 2011 pr.
470 1972 645 2002 summaria
669 1970 765 2003 habet
787 1971 894 2003 Anon.
918 1970 1127 2004 Bodleianus
1152 1982 1206 2013 ap.
1231 1969 1420 2003 Zachariae
1440 1964 1572 2003 Ἀνέκδ.
1594 1983 1629 2014 p.
1645 1971 1721 2004 208.

119 2058 244 2091 testate
272 2055 420 2098 habeat,
452 2057 490 2091 in
513 2055 570 2091 his
591 2057 698 2093 rebus
728 2069 844 2104 neque
874 2068 976 2093 usum
999 2063 1141 2094 ructum
1171 2049 1286 2103 neque
1313 2057 1423 2093 ullam
1455 2058 1598 2093 omnino
1629 2058 1912 2094 communionem
1938 2057 2077 2094 habeat.
2123 2057 2227 2094 Haeo
2248 2058 2342 2095 enim

117 2101 224 2136 etiam
248 2102 435 2137 extraneis
457 2101 661 2147 relinquere
682 2108 872 2149 poterant,
905 2114 954 2138 un
977 2114 1000 2137 -e
1023 2103 1162 2138 nullum
1193 2103 1242 2138 ad
1262 2108 1433 2148 parentes
1464 2103 1686 2138 commodum

116 2148 139 2182 1
184 2157 256 2181 non
272 2147 388 2182 solum
409 2149 633 2193 parentibus,
657 2148 721 2183 sed
735 2148 842 2183 etiam
867 2148 1030 2184 omnibus
1046 2149 1218 2194 personis
1242 2148 1348 2184 licere
1365 2148 1622 2194 praecipimus.

1099 2193 1261 2240 erfectae
1292 2194 1421 2228 aetatis
1443 2193 1532 2235 sint,
1565 2195 1728 2239 quamvis
1756 2193 1820 2228 sub
1847 2197 2027 2239 potestate
2056 2192 2129 2228 sint
2157 2192 2345 2229 constituti

110 2191 284 2237 personis
306 2191 370 2227 sub
394 2196 574 2238 potestate
598 2193 814 2235 constitutis,
846 2193 878 2228 si
900 2193 1043 2239 quidem

1735 2108 1962 2139 erventurum
1984 2107 2072 2138 erat.
2119 2101 2202 2138 Hoc
2223 2107 2342 2139 autem

1729 2159 1768 2184 es
1783 2159 1866 2184 vero
1886 2148 1939 2183 ita
1953 2147 2100 2183 relictas
2118 2146 2175 2184 vel
2188 2147 2344 2184 donatas

114 2236 330 2282 facultatem
354 2247 425 2282 quo
450 2237 558 2273 velint
579 2238 684 2273 modo
708 2237 989 2274 administrandi
1010 2238 1056 2273 lza
1079 2244 1182 2282 eant,
1205 2239 1262 2273 sin
1283 2243 1401 2273 aetate
1423 2238 1581 2285 minores
1599 2238 1684 2281 sint,
1706 2249 1775 2284 per
1797 2249 1875 2274 eum
1900 2248 2155 2284 quemcumque
2176 2237 2344 2274 statuerit

118 2286 271 2317 testator
293 2282 350 2318 vel
372 2281 530 2318 donator
553 2282 863 2326 administrentur,
894 2284 1008 2318 donec
1030 2283 1086 2318 illi
1134 2283 1238 2318 uibus
1266 2283 1423 2318 donatae
1454 2283 1511 2318 vet
1532 2283 1679 2319 relictae
1702 2288 1787 2318 sunt
1816 2282 1867 2318 ad
1885 2283 2088 2334 perfectam
2111 2287 2263 2319 aetatem
2286 2293 2343 2319 ve-

116 2324 245 2362 nerint.
294 2326 437 2363 Habeat
467 2331 584 2363 autem
616 2328 797 2364 licentiam
830 2333 980 2363 testator
1010 2328 1068 2364 vel

1122 2335 1254 2364 onator
1284 2333 1321 2363 et
1350 2328 1459 2363 matri
1490 2333 1525 2363 et
1555 2329 1660 2364 aviae
1682 2339 1806 2364 eorum
1836 2327 1966 2374 quibus
1993 2338 2052 2363 res
2082 2327 2238 2364 collatae
2257 2332 2346 2364 sunt

116 2371 310 2406 earundem
334 2383 472 2415 rerum,
503 2373 536 2408 si
559 2372 725 2416 voluerit,
753 2373 1102 2409 administrationem
1127 2373 1289 2415 credere,
1315 2373 1398 2408 licet
1423 2373 1635 2425 praedictae
1663 2373 1829 2409 mulieres
1858 2373 1998 2408 maritis
2023 2373 2238 2409 coniunctae
2257 2372 2344 2417 sint,

115 2417 169 2451 ita
194 2421 312 2452 tamen
340 2417 516 2463 siquidem
547 2418 560 2452 i
586 2429 649 2454 sae
677 2430 749 2464 quo
777 2429 820 2454 ue
850 2418 954 2453 talem
985 2418 1332 2454 administrationem
1354 2428 1516 2464 recipere
1539 2419 1728 2454 voluerint.

534 2430 619 2498 elim
641 2464 688 2499 iis
711 2475 735 2499 a
760 2463 1042 2499 ministratorem
1066 2463 1310 2505 constituerit,
1343 2462 1401 2499 vel
1421 2463 1485 2509 qui
1508 2463 1553 2499 ab
1577 2474 1620 2498 eo
1644 2463 1753 2499 datus
1782 2467 1837 2499 est
1860 2462 1966 2499 talem
1997 2462 2344 2503 administrationem

117 2461 247 2513 linquit
269 2462 325 2498 vel
347 2462 460 2497 donat
481 2474 531 2498 nu

1774 2416 1913 2461 Quodsi
1929 2418 2030 2464 forte
2056 2419 2088 2453 is
2113 2417 2178 2471 qui
2206 2424 2265 2453 res
2286 2428 2343 2454 re-

114 2517 299 2552 susetpere
322 2513 387 2543 aut
409 2507 568 2543 noluerit
590 2514 656 2544 aut
675 2519 750 2544 non
768 2509 950 2555 potuerit,
978 2508 1034 2544 vel
1055 2513 1221 2544 mortuus
1242 2508 1292 2544 sit
1310 2513 1504 2554 antequam
1527 2508 1583 2544 illi
1603 2508 1791 2555 perfectae
1813 2508 1943 2544 aetatis
1961 2508 2074 2553 fiant,
2098 2511 2183 2544 tunc
2204 2518 2343 2556 compe·

118 2556 246 2586 tentem
275 2552 427 2587 iudicem
457 2553 617 2588 iubemus
646 2560 851 2590 curatorem
879 2553 954 2599 fide
984 2554 1133 2599 diqnum
1165 2564 1244 2588 eum
1276 2553 1434 2599 legitima
1462 2553 1695 2597 fideiussione
1725 2553 1900 2590 eiusmodi
1924 2552 2032 2589 rebus
2053 2552 2251 2597 destinare,
2279 2553 2346 2600 qui

115 2597 353 2632 substantiam
377 2598 551 2633 eiusmodi
573 2600 742 2644 personis
765 2599 928 2634 relictam
950 2603 986 2634 et
1007 2598 1262 2635 administrare
1284 2604 1321 2634 et
1339 2598 1521 2634 custodire
1544 2598 1687 2641 debeat,
1721 2598 1834 2634 donec
1857 2598 1927 2640 illi,
1959 2598 2014 2634 uti
2035 2597 2169 2638 dictum
2192 2601 2264 2641 est,
2294 2597 2345 2634 ad

109 2641 316 2687 perfectam
340 2648 493 2677 aetatem
516 2644 686 2679 venerint.
734 2643 781 2679 In
804 2644 878 2679 illis
900 2645 995 2679 enim
1019 2644 1161 2680 casibus
1191 2643 1305 2690 leqem
1336 2654 1429 2690 quae
1451 2644 1719 2689 usumfructum
1739 2643 1953 2690 parentibus
1971 2648 2139 2690 praestat
2160 2643 2346 2679 obs-mart

116 2685 292 2729 volumus,
317 2687 446 2732 quibus
469 2688 644 2723 eiusmodi
668 2689 833 2724 condicio
857 2689 1065 2735 specialiter
1088 2700 1162 2724 non
1186 2695 1239 2724 est
1262 2689 1442 2735 imposita.

250 2731 294 2766 ΙΙ.
343 2731 540 2768 Praeterea
564 2741 682 2769 autem
706 2734 799 2769 illud
821 2745 965 2780 quoque
987 2734 1130 2769 sancire
1153 2733 1389 2776 decrevimus,
1421 2738 1463 2770 ut
1483 2735 1517 2769 si
1538 2734 1621 2780 quis
1639 2733 1756 2779 filium
1787 2733 1843 2769 vel
1860 2733 1976 2779 filiam
1999 2732 2135 2770 habens
2155 2743 2207 2770 ox
2228 2731 2343 2770 libera

151 2822 179 2873 ,1
194 2818 305 2898 *ὕηδὲ
319 2822 428 2872 MLB
445 2823 456 2864 ΙΙ
475 2818 705 2875 oisusructon,
723 2837 753 2890 s*
765 2837 792 2857 v.
810 2824 889 2879 ήτοι
904 2824 1031 2867 χρῆσιν
1048 2822 1196 2858 κλοπῶν

114 2865 256 2956 ξῗὲὶετᾰ
267 2868 708 2954 ἔριῗὲἶαῖᾚῗῖηῗῗὲῐ
721 2913 734 2951 ιι
757 2867 849 2946 ἕῖἶῗῗ
856 2870 979 2954 0222?
989 2871 1035 2946 2¹¹&
1040 2872 1197 2958 407314’551

117 2957 157 2989 10
180 2952 227 2987 ἂν
251 2968 309 2988 om.
326 2956 361 2989 B
378 2956 390 2999 ΙΙ
413 2954 570 2990 συνείδοι
584 2958 614 2990 L
639 2954 785 3003 συνῄδει
798 2959 833 3002 13
850 2958 861 3002 ΙΙ
883 2961 920 2992 11
940 2957 1129 3003 τεστάτωρ
1187 2985 1196 3001 ,

114 2997 329 3043 διαθέμενος
354 3002 423 3034 LB
441 3002 453 3043 ΙΙ
474 3003 513 3035 12
537 2998 623 3034 ὅτου
640 3003 675 3035 Β
695 3002 705 3044 ΙΙ
726 3005 764 3036 18
784 3003 891 3036 αὑται
912 3004 942 3036 L
960 3004 972 3046 ΙΙ
991 3004 1033 3037 20
1057 3001 1196 3048 *ὁρίσοι

115 3046 226 3078 MLB
242 3048 253 3085 ΙΙ
273 3047 312 3080 21
329 3044 500 3079 ἐπελθεῖν
513 3048 544 3079 L
562 3044 778 3080 ύπεσελθεῖν
792 3049 829 3081 Β
847 3049 858 3090 ΙΙ
880 3044 901 3089 ἢ
919 3062 976 3081 om.
987 3060 1006 3084 ς
1022 3051 1033 3092 [Ι
1054 3050 1096 3082 22
1113 3048 1136 3091 ἢ
1147 3048 1196 3090 μὴ

114 3087 288 3133 δυνηθείη
312 3105 369 3144 σπι.
385 3104 415 3131 ς,
438 3091 487 3135 μὴ
513 3105 569 3125 οηι.
586 3092 622 3124 Β
639 3092 651 3134 ΙΙ
669 3090 895 3144 *τελευτήσει
908 3093 984 3126 ΜΒ
1009 3091 1196 3146 τελευτὴσε

114 3136 162 3168 L²
181 3133 374 3183 τελευτησῃ
388 3136 436 3169 J)
443 3138 531 3182 vulq.
551 3136 563 3181 ΙΙ
580 3137 622 3170 23
635 3149 832 3178 τηνικαυτα
846 3150 903 3170 om.
914 3150 933 3173 ς
944 3138 956 3181 ΙΙ
972 3138 1012 3172 25
1026 3140 1110 3179 τοις]
1131 3150 1194 3171 του

113 3181 162 3213 L2
180 3181 192 3225 ΙΙ
217 3182 259 3216 27
286 3184 492 3227 περιουσίας
514 3182 565 3216 L⁰
583 3181 596 3225 ss
620 3183 662 3215 28
684 3176 769 3215 ὅτου
789 3182 823 3214 Β
839 3182 851 3226 ΙΙ
879 3183 920 3216 33
945 3181 984 3222 ἐξ
1007 3181 1196 3226 ἐλευθέρας

113 3226 207 3268 ἔχων
232 3227 282 3260 Β*

161 3362 176 3394 1
194 3361 402 3394 usufructum
417 3362 434 3393 b
451 3360 463 3400 11
481 3358 632 3401 quolibet
651 3359 707 3393 Vb
732 3358 890 3401 quislibet
905 3372 926 3392 v
943 3362 954 3402 ΙΙ
975 3361 995 3393 2
1009 3360 1126 3393 habeat
1139 3361 1194 3394 Rv

112 3405 237 3438 habent
263 3407 294 3439 Τ
313 3405 325 3449 ΙΙ
349 3406 430 3439 haec
451 3405 528 3438 va
553 3404 566 3447 ΙΙ
595 3407 627 3437 et
651 3417 709 3438 om.
727 3405 802 3437 R¹b
829 3406 841 3447 ΙΙ
871 3406 892 3439 3
917 3409 1070 3447 poterant
1093 3407 1192 3449 vul9.]

112 3454 243 3493 poterat
267 3452 344 3484 libri
366 3450 378 3494 ΙΙ
405 3449 501 3484 nulla
525 3460 544 3482 a
563 3449 758 3493 parentibus
787 3449 821 3482 V
843 3450 856 3492 ΙΙ
885 3452 905 3484 5
930 3451 1030 3483 etiam
1054 3463 1112 3483 om.
1137 3463 1157 3482 v
1182 3451 1194 3493 ΙΙ

113 3496 216 3536 0111111]
240 3496 377 3529 08111180
403 3497 441 3528 bv
459 3495 471 3539 ΙΙ
489 3497 509 3529 6
532 3494 582 3527 ita
606 3508 663 3528 om.
686 3494 742 3538 Vfl
759 3494 895 3527 donatas
910 3497 978 3536 cea]
1000 3497 1050 3527 tas
1064 3514 1104 3519 —
1119 3496 1138 3529 8
1151 3495 1192 3527 11-

114 3542 257 3573 centiam
279 3554 343 3574 scr.
361 3540 418 3574 R²
441 3542 474 3573 in
498 3553 564 3574 ras.
581 3542 595 3574 1
612 3553 657 3574 vs.
680 3539 693 3584 ΙΙ
722 3542 741 3574 7
765 3542 958 3583 potestatem
982 3554 1003 3573 v
1027 3539 1040 3583 ΙΙ
1066 3540 1191 3583 perfer-

114 3586 159 3618 tis
184 3586 231 3629 611
255 3590 335 3618 sunt
358 3605 400 3609 —
425 3586 446 3620 8
471 3588 632 3627 potestate
655 3598 715 3618 om.
731 3587 750 3619 b
768 3585 781 3627 ΙΙ
802 3589 880 3618 sunt
901 3585 961 3627 Vv]
986 3585 1054 3618 sint
1076 3585 1197 3626 R(‘²)T

114 3632 201 3672 cuiq.
218 3634 229 3672 ῃ
257 3633 277 3665 8
301 3631 424 3663 habent
446 3630 502 3674 ΤΙΙ
526 3630 617 3672 quod
637 3630 740 3673 vafl
766 3631 787 3665 9
810 3630 907 3663 modo
926 3644 984 3664 om.
1001 3631 1033 3664 Τ
1039 3630 1051 3651 ¹
1068 3629 1081 3675 Ε
1101 3633 1192 3664 aeta-

115 3679 182 3708 tem
207 3678 247 3708 ὀυ
262 3676 275 3720 fl
293 3677 431 3708 minoris
455 3678 472 3708 b
489 3678 501 3719 ss
523 3677 562 3709 10
582 3686 682 3718 quam
701 3675 736 3710 V
752 3685 817 3718 que
841 3678 859 3709 b
874 3675 887 3720 fl
904 3676 1132 3719 perspexerint
1149 3678 1189 3709 bv

1263 2826 1501 2866 perspexerunt
1516 2823 1566 2857 T¹
1591 2837 1743 2854 anun
1760 2822 1837 2867 3¹1}
1857 2825 1895 2857 11
1922 2823 2071 2856 relictam
2094 2837 2115 2856 v
2145 2824 2268 2857 donata
2288 2833 2341 2857 ro-

1264 2868 1344 2901 liota
1357 2869 1405 2901 R¹
1424 2869 1436 2911 ΙΙ
1452 2868 1504 2910 ad]
1522 2871 1581 2901 aut
1598 2869 1652 2909 Vn
1674 2869 1715 2902 12
1727 2868 1873 2911 perfecta
1890 2871 1907 2902 b
1925 2871 1932 2912 Ι
1954 2869 2093 2901 ueniant
2112 2868 2166 2910 Vn
2185 2869 2341 2902 habente·

1263 2915 1422 2946 testatore
1439 2916 1456 2946 b
1481 2914 1655 2946 habentem
1679 2913 1930 2956 testator-cmlv!
1963 2915 2005 2948 13
2029 2913 2160 2955 horum]
2183 2922 2296 2947 eorum
2321 2915 2339 2947 b

1264 2962 1296 2991 et
1316 2958 1434 2991 horum
1456 2959 1487 2991 T
1500 2958 1513 3002 ΙΙ
1533 2960 1574 2992 14
1586 2958 1724 2991 collecte
1744 2958 1791 2991 V¹
1809 2957 1822 3000 ΙΙ
1838 2958 1906 2990 sint
1926 2957 1982 3002 Vn
1999 2957 2170 2991 noluerint
2187 2957 2312 3009 Vvuly.
2327 2956 2339 3001 ΙΙ

1266 3005 1306 3037 15
1330 3003 1481 3036 iniuncte
1508 3004 1617 3046 Tbvfl
1642 3006 1721 3035 suut
1745 3001 1810 3046 T„
1834 3003 1875 3036 16
1900 3002 1943 3035 tffn
1964 3002 2073 3045 Rusi
2097 3015 2153 3036 om.
2174 3001 2252 3045 V¹fl
2275 3003 2340 3046 ipsi

1265 3048 1297 3081 T
1304 3049 1315 3068 ¹
1329 3047 1343 3092 ΙΙ
1369 3050 1409 3081 17
1430 3047 1541 3080 subire
1564 3047 1712 3080 noluerit
1734 3047 1768 3079 R
1783 3046 1795 3089 ΙΙ
1821 3047 1961 3080 forsitan
1987 3049 2005 3080 b
2033 3050 2205 3089 postquam
2227 3046 2277 3092 υΙ
2297 3049 2338 3083 18

1261 3092 1315 3125 1118
1338 3092 1413 3126 va
1437 3092 1449 3135 ΙΙ
1475 3093 1534 3134 qui
1557 3105 1616 3125 om.
1639 3105 1658 3125 υ
1680 3091 1694 3135 fl
1717 3091 1857 3133 reliquit
1878 3095 1937 3124 aut
1958 3091 2059 3124 donet
2086 3092 2118 3125 T
2130 3093 2142 3132 ΙΙ
2167 3093 2208 3127 19
2232 3092 2338 3126 deter-

1261 3137 1465 3169 minauerint
1490 3140 1507 3170 b
1543 3136 1753 3169 determinati
1774 3137 1838 3168 erit
1868 3136 1903 3170 V
1934 3135 1991 3169 uel
2013 3136 2285 3171 determinauerit
2309 3138 2343 3172 T

1261 3182 1468 3214 ordinauerit
1491 3181 1524 3213 R
1538 3182 1625 3224 vuly.
1650 3180 1663 3224 ss
1691 3182 1761 3221 aut]
1785 3182 1824 3213 ut
1848 3181 1894 3214 Β*
1922 3181 1935 3223 ΙΙ
1964 3181 2077 3214 datum
2099 3195 2120 3214 υ
2155 3181 2261 3216 dictas
2285 3184 2304 3216 b
2325 3180 2340 3228 ΙΙ

1262 3228 1304 3260 20
1321 3225 1491 3259 noluerint
1509 3226 1539 3258 Τ
1545 3226 1557 3246 ¹
1574 3226 1586 3266 ΙΙ
1603 3226 1643 3259 21
1662 3225 1744 3258 fiant
1763 3226 1906 3269 perfecte
1923 3226 1956 3260 T
1968 3226 1980 3269 ΙΙ
1997 3230 2168 3269 copetente
2184 3228 2217 3261 T
2223 3228 2235 3248 ¹
2258 3237 2339 3262 oon·

1259 3272 1420 3313 pitentem
1445 3273 1462 3303 b
1486 3273 1670 3313 competere
1695 3270 1743 3303 Β*
1769 3272 1781 3311 ΙΙ
1810 3271 1852 3304 22
1874 3270 2055 3312 legitimam
2078 3271 2260 3306 iussionem
2284 3274 2304 3306 ὁ

1261 3317 1302 3350 23
1327 3314 1451 3348 talibus
1475 3315 1573 3348 rebus
1597 3315 1631 3348 R
1646 3314 1658 3359 ΙΙ
1677 3315 1831 3349 ordinare
1853 3328 1874 3348 v
1894 3317 1999 3360 vuqu
2020 3317 2310 3351 ordinariRVTb

1259 3360 1377 3393 relicta
1403 3363 1420 3393 b
1436 3359 1448 3404 ΙΙ
1469 3361 1510 3393 24
1534 3360 1719 3393 substantia
1742 3363 1759 3393 ὁ
1778 3360 1791 3404 ΙΙ
1808 3361 1849 3395 25
1874 3362 1962 3394 sicut
1986 3362 2111 3395 dictum
2135 3366 2183 3396 est
2205 3362 2247 3396 ad
2261 3371 2336 3405 por-

1260 3406 1379 3438 fectam
1400 3405 1433 3438 V
1449 3406 1461 3447 ΙΙ
1487 3406 1588 3439 sicuti
1613 3406 1646 3438 T
1702 3408 1808 3438 aetate
1834 3409 1851 3438 b
1878 3407 1890 3449 ΙΙ
1919 3408 1962 3441 26
1986 3407 2076 3440 enim
2095 3420 2154 3441 om.
2180 3406 2230 3452 δῇ
2252 3417 2336 3450 quae

1259 3463 1318 3483 om.
1336 3451 1369 3483 T
1381 3450 1398 3514 'h
1417 3451 1457 3484 27
1483 3450 1634 3492 partibus
1700 3450 1710 3471 ¹
1746 3451 1897 3493 patribus
1921 3451 1973 3486 T²
1995 3452 2008 3496 ss
2032 3452 2168 3494 prebeat
2192 3454 2210 3485 b
2239 3462 2336 3496 prae-

1259 3494 1338 3527 bent
1351 3496 1382 3528 R
1420 3496 1633 3538 praebentem
1648 3494 1726 3539 T²ss
1745 3496 1904 3529 custodiri
1926 3499 2022 3541 only]
2044 3497 2210 3530 custodire
2226 3498 2304 3531 libri
2321 3494 2336 3541 ΙΙ

1258 3541 1302 3574 32
1316 3543 1402 3573 rubr.
1428 3542 1477 3573 De
1494 3551 1532 3574 eo
1556 3541 1615 3583 qui
1630 3540 1720 3573 filius
1742 3541 1783 3573 ab
1803 3541 1918 3584 aliquo
1938 3543 1972 3575 in
1990 3542 2212 3575 instrumento
2226 3540 2333 3574 nomi—

1258 3589 1356 3618 natus
1376 3588 1423 3618 eet
1447 3586 1604 3629 Tmary„
1617 3586 1666 3619 Ι)0
1686 3596 1725 3619 eo
1748 3587 1807 3628 qui
1830 3586 1871 3620 ab
1894 3586 2009 3629 aliquo
2032 3588 2252 3620 instrumento
2273 3596 2333 3619 110-

1257 3631 1403 3663 minatus
1426 3634 1475 3663 est
1496 3631 1585 3665 filius
1607 3632 1755 3675 Rmarq.
1777 3633 1830 3674 (ετ
1843 3632 1921 3674 Iul.)
1951 3633 1963 3676 ΙΙ
1991 3634 2031 3665 ut
2053 3644 2112 3666 om.
2136 3644 2157 3665 υ
2183 3630 2198 3676 η
2225 3631 2267 3665 33
2291 3630 2332 3665 do

1258 3676 1291 3709 R
1304 3677 1331 3706 V
1332 3676 1378 3718 T]
1401 3687 1440 3708 ex
1466 3678 1511 3709 bv
