2476 3854
158 91 264 139 Nov.
294 93 451 138 CXVII
482 95 644 137 13-15

156 217 226 249 μον
250 203 446 239 σπουδάσει
470 207 529 238 καὶ
555 201 692 250 ἀλόγως
716 200 907 250 ῥεπούδιον
931 204 1077 247 πέμψει,
1101 200 1235 237 κελεύο-

157 262 223 293 μεν
246 247 381 284 ἇποδοῖ
385 263 445 283 ναι
468 251 534 292 μὲν
554 245 667 282 αὐτὸν
690 245 737 290 ἣν
767 245 964 288 ὑπεδέξατο
997 250 1127 292 προῖκα
1158 243 1234 292 ἅμα

158 296 202 341 τῇ
225 295 295 339 πρὸ
319 294 434 341 γάμου
455 293 589 338 δωρεᾷ,
621 296 680 327 καὶ
703 294 878 327 τοσοῦτον
902 294 940 325 ἐκ
961 294 1024 335 τῆς
1045 291 1150 336 ἄλλης
1173 289 1235 326 αὗ-

157 340 220 373 τοῦ
242 343 444 383 περιουσίας
467 339 692 383 παρέχεσθαι
715 339 761 384 τῇ
776 340 918 384 γυναικὶ
942 333 1030 371 ὅσον
1052 337 1094 371 τὸ
1112 340 1235 383 τρίτον

1223 88 1309 136 564

1701 104 1763 135 ΠΤ
1790 103 1954 135 LICEAT
1982 102 2123 136 MATRI
2150 101 2208 136 m·
2236 102 2375 138 AVIAE

1304 202 1500 245 transigere
1530 201 1706 238 studuerit
1728 201 1991 238 matrimonium
2022 205 2059 238 et
2079 202 2376 239 inrationabiliter

1300 247 1487 292 repudium
1518 247 1717 289 destinare,
1751 247 1912 282 iubemus
1942 246 2089 283 reddere
2124 247 2263 292 quidem
2294 258 2375 284 eum

1305 302 1410 336 quam
1434 292 1590 337 suscepit
1612 291 1729 328 dotem
1759 301 1832 327 una
1855 302 1935 327 cum
1962 292 2179 337 sponsalicia
2201 293 2375 337 largitate,

1305 339 1340 372 et
1363 339 1501 372 tantum
1533 346 1578 373 ex
1607 337 1678 372 alia
1708 337 1784 372 eius
1815 337 2015 372 substantia
2045 337 2206 382 praeberi
2238 337 2376 374 mulieri

157 387 260 439 μέρος
282 395 344 425 της
360 386 598 437 προγαμιαίας
616 381 752 438 δωρεας
774 385 879 416 ποιεῖ.
927 385 988 415 καὶ
1006 382 1037 416 εἰ
1059 385 1126 426 μέν
1145 383 1236 417 εἰσιν
1272 386 1290 418 5
1305 384 1477 427 quantum
1510 381 1651 417 tertiam
1685 384 1824 427 partem
1859 382 2095 426 sponsaliciae
2127 382 2236 418 faciet
2269 382 2376 428 largi-

159 430 247 474 αυτῇΙ
281 427 420 469 παῖδες,
452 441 568 470 μονην
599 442 665 469 την
689 429 816 472 χρῆσιν
845 427 908 469 τῆς
935 440 976 461 τε
999 430 1236 473 προγαμιαίας

159 471 294 517 δωρεᾶς
324 476 382 505 καὶ
414 473 477 505 τοῦ
503 469 593 517 παρ’
617 470 722 516 ἡμῶν
746 471 1004 517 προςτεθέντος
1033 475 1155 517 τρίτου
1177 474 1235 517 με’-

158 529 236 563 ροι·ς
256 519 349 559 ἐχειν
369 517 437 559 τὴν
453 519 619 560 γυναῖκα,
643 517 711 560 τὴν
736 515 775 550 δὲ
793 515 1009 551 δεσποτείαν
1031 520 1104 551 τοῖς
1131 520 1236 552 παισὶ

159 561 427 612 φυλάττεσθαι,
460 560 605 615 παίδων
628 560 668 596 δὲ
689 561 739 606 μὴ
764 559 938 596 ὑπόντων
971 563 1063 604 ἔχειν
1086 562 1155 605 τὴν
1168 574 1235 608 Ηγυ-

1304 427 1399 462 tatis.
1447 427 1497 462 Et
1519 426 1550 462 si
1573 427 1713 472 quidem
1742 429 1826 462 sunt
1856 427 1931 463 eius
1963 427 2044 470 filii,
2079 427 2192 463 solum
2215 437 2319 462 usum
2341 430 2377 462 et

1304 471 1558 516 antenuptialis
1589 471 1789 508 donationis
1824 474 1860 507 et
1890 482 1913 506 a
1943 471 2046 507 nobis
2077 471 2220 507 additae
2250 471 2378 507 tertiae

1304 517 1417 562 partis
1442 517 1622 552 mulierem
1640 516 1784 562 habere,
1807 517 2061 570 proprietatem
2083 527 2169 552 vero
2190 516 2376 553 filiiscon-

1306 561 1454 603 servari,
1486 561 1568 597 filiis
1593 565 1712 597 autem
1742 572 1813 597 non
1837 562 2070 598 existentibus
2100 562 2232 598 habere
2253 561 2377 597 mulie-

159 610 264 641 ναῖκα
295 618 386 651 προς
407 608 453 653 τῇ
475 619 595 651 χρησει
623 610 682 641 καὶ
706 606 775 649 τὴν
799 608 859 641 ἐπὶ
883 609 956 640 τοῖς
980 605 1099 641 αὐτοῖς
1122 606 1236 652 πράγ-
1251 610 1291 647 10
1303 617 1377 641 rem
1403 616 1511 651 super
1532 616 1637 641 usum
1666 607 1704 641 in
1725 606 1813 651 ipsis
1844 609 1953 644 rebus
1983 607 2089 642 etiam
2112 607 2376 652 proprietatem.

157 663 245 695 μασι
270 649 494 686 δεσποτείαν.
536 655 607 685 Καὶ
625 651 688 685 τὰς
706 652 890 696 εἰρημένας
911 653 979 695 μὲν
1000 649 1237 687 διατυπώσεις

159 699 240 740 περὶ
256 697 333 730 τῶν
350 694 503 742 εὐλόγως
519 695 542 739 ἢ
559 694 696 743 ἀλόγως
712 695 959 739 διαλυομένων
976 697 1106 743 γάμων
1123 694 1235 738 δ,ιετυ-

159 742 343 785 πιάσαμεν,
361 743 419 774 καὶ
435 740 560 776 πάντα
583 741 629 775 τὰ
650 745 732 786 περὶ
752 743 829 775 τῶν
846 741 1042 785 εἰρημένων
1060 741 1237 785 θεμάτων

159 786 251 819 κατὰ
281 786 417 828 ταύτην
447 784 553 830 ἡμῶν
583 786 652 830 τὴν
684 784 849 827 διάταξιν
881 787 1075 831 κρίνεσθαί
1106 799 1146 821 τε
1177 789 1237 820 καὶ

159 831 359 875 τέμνεσθαι
384 828 594 878 διορίζομεν.

1305 652 1353 686 Et
1375 651 1578 695 praedictas
1609 650 1750 695 quidem
1773 651 2022 696 dispositiones
2051 651 2094 687 de
2117 651 2244 687 solutis
2266 645 2377 688 ratio-

1303 696 1469 732 nabiliter
1492 698 1557 731 aut
1578 695 1872 731 inrationabiliter
1895 696 2030 742 nuptiis
2053 697 2323 740 ordinavimus,·
2341 698 2378 731 et
2439 703 2441 706 ⁴

1305 741 1423 777 omnia
1443 741 1487 777 de
1505 741 1707 776 memoratis
1728 741 1871 777 casibus
1891 741 2086 777 secundum
2110 742 2204 778 hanc
2218 743 2378 779 nostram

1305 786 1593 823 constitutionem
1614 785 1766 822 iudicari
1787 790 1824 821 et
1847 786 1960 823 decidi
1984 787 2215 823 decernimus.
2357 792 2359 794 ’

1143 921 1299 957 CAPUT
1325 920 1375 955 XI
1381 921 1419 957 V.

227 988 273 1020 Et
304 985 346 1020 δέ
373 998 426 1021 τις
456 987 525 1030 τὴν
556 985 654 1022 ἰδίαν
683 990 845 1035 γαμετὴν
873 987 1045 1032 μάστιξιν
1075 985 1096 1031 ἢ
1121 987 1237 1029 ξύλοις

160 1031 332 1073 τυπτήσει
360 1036 466 1077 χωρίς
495 1044 592 1067 τινος
621 1034 699 1067 τῶν
722 1034 863 1076 αἰτιῶν,
894 1030 933 1067 ἃς
955 1033 1049 1068 κατὰ
1078 1034 1155 1068 τῶν
1176 1047 1236 1080 γυ-

160 1078 298 1110 ναικῶν
323 1077 413 1121 πρὸς
436 1077 504 1120 τὴν
529 1078 591 1112 τοῦ
615 1078 728 1156 γιὲμου
754 1076 918 1113 διάλυσιν
950 1075 1071 1132 ἀρκεῖν
1092 1091 1237 1124 παρεκε-

668 1137 679 1156 ι

160 1121 385 1165 λευσάμεθα,
415 1121 531 1177 γάμου
552 1123 620 1166 μὲν
681 1121 811 1157 άλυσιν
843 1126 881 1157 ἐκ
911 1136 1038 1158 τουτου
1067 1124 1240 1168 γίνεσθαι

1372 988 1409 1023 Si
1443 988 1522 1032 quis
1563 992 1682 1023 autem
1716 987 1895 1032 propriam
1940 996 2088 1022 uxorem
2129 986 2277 1032 flagellis
2316 987 2381 1023 aut

1304 1033 1459 1068 fustibus
1484 1032 1648 1068 ceciderit
1670 1032 1747 1068 sine
1769 1032 1889 1076 aliqua
1912 1041 2120 1075 causarum,
2144 1041 2232 1078 quas
2256 1035 2381 1068 contra

1306 1089 1434 1114 uxores
1465 1078 1511 1113 ad
1535 1077 1749 1113 matrimonii
1778 1077 1990 1113 solutionem
2012 1076 2179 1113 sufficere
2201 1077 2380 1119 iussimus,

1306 1123 1522 1159 matrimonii
1546 1122 1686 1168 quidem
1709 1122 1920 1158 solutionem
1949 1132 1994 1158 ex
2014 1122 2083 1158 hoc
2105 1122 2183 1158 fieri
2204 1122 2379 1166 nolumus,

161 1164 201 1200 οὐ
226 1165 449 1220 βουλόμεθα,
480 1180 548 1202 τον
577 1165 616 1201 δὲ
639 1165 755 1213 ἄνδρα
786 1168 855 1203 τὸν
878 1166 1111 1221 δεικνύμενον
1132 1172 1239 1214 χωρὶς
1251 1171 1293 1204 20
1306 1169 1419 1204 virum
1448 1171 1567 1203 autem
1599 1168 1659 1213 qui
1688 1170 1906 1203 monstratur
1936 1167 2013 1203 sine
2041 1166 2241 1204 huiusmodi
2271 1176 2381 1204 causa
2416 1191 2423 1199 ·

161 1223 327 1255 τοιαυτης
348 1212 462 1246 αἰτίας
485 1210 657 1256 μάστιξιν
680 1212 702 1256 ἢ
727 1212 843 1253 ξύλοις
866 1225 1047 1257 τυπτησαι
1070 1214 1138 1257 τὴν
1161 1214 1238 1248 ἑαυ-

163 1258 224 1290 τοῦ
247 1256 408 1302 γαμετὴν
430 1259 607 1291 τοσοῦτον
639 1254 728 1303 ὑπὲρ
758 1259 821 1301 τῆς
844 1257 1011 1302 τοιαύτης
1040 1254 1176 1304 ὕβρεως
1201 1261 1239 1294 ἐκ

161 1303 222 1344 τῆς
253 1300 358 1345 ἄλλης
390 1298 499 1335 αὑτοῦ
532 1300 675 1337 διδόναι
706 1307 911 1348 περιουσίας
941 1304 985 1350 τῇ
1007 1306 1149 1349 γυναικὶ
1180 1306 1240 1338 καὶ

162 1348 382 1381 συνεστῶτος
405 1348 468 1380 τοῦ
489 1347 615 1394 γάμου,
640 1344 728 1383 ὅσον
752 1347 793 1383 τὸ
812 1352 935 1394 τρίτον
955 1349 1018 1391 τῆς
1037 1348 1108 1395 πρὸ
1126 1349 1240 1396 γάμινυ

163 1395 257 1425 ποιεῖ
280 1389 425 1437 δωρεᾶς.

1305 1213 1360 1249 vel
1382 1213 1531 1256 flagellis
1554 1213 1609 1249 vel
1631 1212 1786 1248 fustibus
1815 1211 1984 1248 cecidisse
2007 1222 2109 1248 suam
2131 1222 2278 1249 uxorem
2300 1215 2380 1248 tan-

1306 1262 1380 1294 tum
1412 1269 1476 1303 pro
1507 1258 1711 1294 huiusmodi
1740 1257 1870 1293 iniuria
1903 1268 1947 1294 ex
1976 1257 2048 1293 alia
2082 1267 2150 1294 sna
2180 1257 2265 1294 dare
2293 1257 2380 1294 snb-

1307 1304 1438 1339 stantia
1460 1303 1565 1339 uxori
1595 1303 1703 1338 etiam
1735 1306 1920 1338 constante
1942 1302 2176 1348 matrimonio,
2209 1305 2381 1348 quantum

1278 1349 1414 1428 5tertia
1436 1359 1521 1394 pars
1545 1346 1798 1394 antenuptialis
1820 1347 1909 1383 facit
1930 1347 2113 1392 largitatis.

1146 1483 1302 1519 CAPUT
1321 1483 1401 1520 XV.

226 1549 322 1593 Πρὸς
345 1547 484 1583 τούτοις
515 1547 554 1583 δὲ
577 1545 718 1584 κάκεῖνο
749 1550 1000 1594 προςτίθεμεν,
1031 1546 1119 1585 ὥςτε
1142 1551 1242 1597 εἴπερ

162 1604 215 1627 τις
239 1591 288 1627 οἷς
311 1594 402 1627 εἰκὸς
426 1591 646 1628 ύποπτεύσει
668 1595 752 1628 τινὰ
776 1592 978 1639 βούλεσθαι
1002 1597 1046 1642 τῇ
1066 1597 1128 1637 τῆς
1151 1594 1242 1630 ἰδίας

161 1640 316 1685 γαμετῆς
340 1638 537 1683 συμπαῖξαι
562 1638 777 1687 σωφροσύνῃ
801 1643 860 1673 καὶ
878 1639 1117 1687 παραγγελίας
1141 1638 1239 1684 αὐτῷ

163 1681 359 1738 ἐγγράφους
388 1687 481 1729 τρεῖς
505 1685 679 1738 ἑκπεμψει
708 1684 864 1740 ἐχούσαςΧ
876 1689 1071 1732 μαρτυρίας
1093 1683 1242 1731 ἀνδρῶν

1356 1551 1420 1585 His
1437 1561 1576 1596 quoque
1600 1551 1706 1585 etiam
1728 1550 1817 1585 illud
1839 1547 2022 1593 adicimus,
2046 1552 2087 1585 ut
2108 1549 2140 1585 si
2162 1549 2243 1594 quis
2260 1548 2384 1585 forsan

1310 1597 1513 1640 suspicatur
1543 1595 1695 1640 aliquem
1725 1595 1813 1630 velle
1843 1605 1929 1630 suae
1951 1594 2073 1630 uxoris
2101 1593 2251 1630 illudere
2274 1593 2382 1631 casti-

1309 1641 1375 1676 tati
1398 1644 1434 1676 et
1459 1641 1736 1676 contestationes
1766 1640 1799 1675 ei
1821 1649 1865 1675 ex
1889 1640 2022 1684 scripto
2052 1643 2125 1675 tres
2155 1638 2385 1676 destinaverit

1310 1686 1483 1721 habentes
1505 1685 1706 1721 testimonia
1735 1685 1890 1721 virorum
1913 1684 1984 1721 fide
2006 1684 2210 1729 dignorum,
2241 1688 2278 1720 et
2299 1685 2384 1730 post

163 1729 399 1771 αξιοπίστων,
437 1732 498 1782 καί
532 1742 622 1773 μετα
658 1729 791 1763 ταύτας
824 1741 891 1781 τας,
920 1733 1012 1776 τρεῖς
1047 1730 1242 1787 ἐγγράφους
1256 1735 1296 1767 30
1310 1732 1375 1766 has
1396 1735 1466 1765 tres
1487 1741 1531 1766 ex
1551 1731 1685 1776 scripto
1708 1730 1981 1766 contestationes
2001 1729 2174 1765 invenerit
2195 1739 2276 1765 eum
2297 1739 2382 1765 con-

163 1771 420 1818 διαμαρτυρίας
450 1786 546 1818 ευροι
579 1771 693 1808 αὐτὸν
715 1786 1008 1820 συντυγχανοντα
1038 1789 1082 1822 τῃ
1111 1778 1240 1810 εαυτοῦ

161 1820 309 1866 γαμετῇ,
343 1819 372 1852 εἰ
402 1820 470 1863 μὲν
501 1820 548 1852 εἰς
570 1819 638 1853 τὸν
661 1817 755 1853 ἴδιον
778 1819 876 1853 οἶκον
906 1818 929 1862 ἢ
956 1820 1023 1855 τὸν
1048 1817 1156 1864 αὐτῆς
1179 1822 1242 1864 τῆς

162 1864 327 1909 γυναικὸς
362 1861 385 1907 ἢ
415 1865 481 1898 τοῦ
514 1862 698 1908 μοιχοῦ-ἢ
730 1866 770 1898 ἐν
802 1868 994 1910 προπίναις
1029 1863 1052 1908 ἢ
1086 1867 1125 1900 ἐν
1154 1879 1240 1912 προ-

163 1913 331 1949 αστείοις,
364 1908 455 1943 εἶναι
487 1906 617 1943 ἄδειαν
646 1910 699 1952 τῷ
730 1906 835 1955 ἀνδρὶ
866 1913 944 1944 ταῖς
974 1910 1116 1945 οἰκείαις
1143 1914 1242 1958 χερσὶ

1310 1776 1506 1811 venientem
1536 1785 1623 1811 suae
1653 1776 1776 1817 uxori,
1811 1775 1842 1810 si
1866 1775 2006 1819 quidem
2036 1774 2074 1810 in
2098 1784 2164 1809 sua
2187 1774 2289 1810 domo
2318 1775 2384 1809 aut

1309 1820 1423 1866 ipsius
1447 1821 1568 1856 uxoris
1593 1823 1656 1855 aut
1675 1820 1829 1855 adulteri
1853 1823 1916 1855 aut
1937 1819 1975 1854 in
1995 1819 2136 1864 popinis
2159 1823 2223 1854 aut
2243 1819 2282 1854 in
2297 1818 2381 1855 sub-

1309 1866 1470 1908 urbanis,
1506 1876 1584 1901 esse
1607 1865 1785 1901 licentiam
1807 1865 1935 1900 marito
1963 1863 2117 1909 propriis
2140 1864 2303 1901 manibus
2324 1865 2382 1900 ta·

230 1989 256 2010 c.
270 1977 456 2010 XIIIextr.
481 1978 534 2019 (11
562 1978 635 2009 Καὶ
659 1975 723 2010 τὰς
745 1977 928 2021 εἰρημένας
941 2003 948 2010 .
963 2003 969 2010 .
985 2003 992 2010 .
1007 1980 1028 2020 .)
1054 1979 1159 2013 XIV.
1183 1979 1263 2013 XV
1283 1986 1392 2013 extant
1416 1979 1450 2012 Β
1465 1979 1519 2020 28,
1535 1986 1561 2019 7,
1575 1986 1590 2013 ’1
1617 1979 1704 2021 (inde
1727 1990 1754 2011 c.
1769 1977 1870 2011 XIV
1888 1977 1935 2010 ΒΙς
1955 1979 1990 2010 Γ
2009 1978 2040 2018 4,
2054 1984 2071 2011 6
2090 1989 2128 2020 p.
2145 1978 2207 2011 157
2227 1977 2330 2010 Zach.
2353 1982 2384 2011 a

164 2023 323 2056 Nemeam
338 2022 438 2055 XIV
455 2023 499 2055 tit.
522 2023 572 2063 13,
587 2023 626 2064 4).

231 2080 255 2099 c.
270 2067 369 2100 XIV
386 2069 589 2100 summarium
614 2069 740 2102 exhibet
763 2069 912 2111 Epitome
936 2070 989 2106 49,
1004 2076 1031 2102 8.

228 2125 254 2145 c.
270 2114 308 2145 X
316 2113 398 2155 Vpr.
417 2113 511 2145 habet
524 2113 701 2146 Prochiron
718 2114 771 2154 39,
786 2121 838 2155 4-2,
858 2126 909 2156 ρν.
926 2122 953 2146 et
970 2113 1018 2157 §l
1038 2116 1094 2155 (-—
1108 2115 1211 2155 566,6
1228 2115 1412 2157 σωτηρίαν
1428 2112 1624 2154 αἰτήσεται)
1643 2113 1764 2155 passim
1783 2113 1977 2155 interpolata
1994 2112 2197 2156 E'panaqoye
2210 2112 2263 2153 40,
2275 2118 2321 2146 ⁴⁴1.
2334 2117 2382 2147 ts.

165 2159 324 2190 Summam
353 2158 471 2190 Theod.
497 2159 611 2200 repetit
634 2154 705 2191 ΒΣ.

162 2234 303 2270 studeat
332 2239 369 2269 et
390 2234 467 2269 sine
497 2245 607 2269 causa
630 2235 819 2280 repudium
845 2235 979 2278 mittat,
1013 2234 1172 2270 iubemus
1202 2233 1350 2270 reddere
1380 2244 1459 2269 eum
1491 2233 1610 2269 dotem
1639 2244 1747 2279 quam
1775 2235 1916 2280 accepit
1941 2232 2052 2268 simut
2079 2243 2158 2268 cum
2190 2232 2384 2269 donatione
2428 2241 2430 2243 “

163 2284 247 2315 ante
269 2279 426 2325 nuptias,
459 2284 497 2314 at
523 2290 567 2315 ue
598 2283 736 2315 tantum
765 2291 815 2315 ecc
843 2280 984 2332 reliqua
1016 2280 1094 2316 eius
1115 2279 1318 2315 substantia
1349 2278 1491 2314 mulieri
1515 2278 1705 2325 praestari
1735 2282 1909 2324 quantum
1940 2278 2046 2313 tertia
2062 2288 2158 2324 pars
2179 2277 2405 2315 donationis

163 2329 247 2359 ante
270 2325 418 2371 nuptias
440 2325 487 2370 ef
508 2324 566 2359 cit.
616 2323 667 2359 Et
689 2325 722 2359 st
746 2324 888 2371 quidem
912 2325 976 2360 zlla
1001 2324 1130 2360 liberos
1154 2324 1303 2362 habeat.
1334 2323 1450 2359 sotum
1474 2323 1740 2368 usumfructum
1771 2329 1806 2358 et
1836 2322 2045 2358 donationis
2075 2326 2159 2359 ante
2179 2323 2328 2370 nuptias
2349 2326 2387 2360 et

165 2370 291 2405 tertiae
313 2369 433 2416 partis
461 2381 484 2404 a
507 2369 611 2405 nobis
644 2368 789 2405 additae
822 2369 951 2406 habeat
983 2370 1121 2412 mulier,
1154 2369 1349 2405 dominium
1381 2379 1464 2405 vero
1495 2367 1616 2403 tiberis
1647 2367 1895 2410 custodientem
1930 2367 2051 2403 liberis
2073 2371 2191 2403 autem
2221 2378 2297 2404 non
2318 2378 2384 2404 cx-

165 2415 324 2450 tantibus
352 2414 479 2461 mulier
507 2419 656 2460 praeter
687 2415 952 2460 usumfructum
982 2415 1089 2450 etiam
1121 2414 1315 2450 dominium
1346 2414 1383 2449 in
1416 2413 1538 2448 iisdem
1570 2412 1676 2449 rebus
1698 2412 1838 2448 habeat.
1884 2413 1932 2451 At
1958 2423 2001 2449 ue
2022 2412 2213 2464 praedicta
2243 2412 2384 2459 quidem

158 2464 358 2505 praecepta
383 2459 426 2494 cle
449 2459 586 2505 nuptiis
609 2459 700 2495 iuste
723 2459 780 2495 vet
801 2460 931 2495 iniuste
954 2460 1082 2495 solatis
1105 2459 1305 2502 statuimus,
1336 2464 1372 2495 et
1396 2459 1516 2494 omnia
1548 2469 1642 2505 quae
1665 2457 1714 2493 ad
1736 2468 1842 2494 casus
1863 2468 1921 2493 mo
1993 2457 2110 2493 ductos
2126 2457 2311 2506 pertinent
2329 2469 2384 2495 se-

164 2504 318 2539 cundum
344 2503 437 2539 lzanc
461 2508 621 2540 nostram
646 2505 934 2540 constitutionem
959 2505 1114 2540 iudicari
1135 2508 1170 2540 et
1193 2503 1309 2540 decidi
1332 2503 1563 2540 decernimus.

297 2548 394 2584 XIV.
443 2547 484 2583 Si
504 2550 585 2594 quis
605 2554 723 2585 autem
745 2561 896 2585 uxorem
916 2561 1017 2585 suam
1064 2549 1194 2596 aqetlis
1217 2549 1271 2585 vet
1288 2549 1448 2594 fustibus
1471 2548 1664 2584 verberarit
1687 2548 1764 2583 sine
1782 2548 1906 2594 aliqua
1926 2558 2050 2583 earum
2066 2557 2268 2590 causarum,
2292 2557 2385 2595 quas

164 2597 293 2629 contra
324 2594 490 2628 mutieres
520 2594 570 2628 ad
597 2594 864 2629 matrimonium
895 2595 1016 2630 salven
1044 2606 1102 2629 um
1132 2595 1304 2640 sufficere
1333 2594 1519 2636 iussimus,
1549 2593 1814 2629 matrimonium
1838 2591 1980 2639 quidem
2010 2591 2104 2628 solvi
2131 2603 2209 2628 eam
2233 2591 2277 2628 ob
2300 2601 2383 2628 oau-

163 2649 241 2673 sam
264 2638 442 2681 nolumus,
474 2639 587 2674 virum
611 2644 728 2674 autem
757 2640 820 2685 qm·
850 2640 927 2675 sine
950 2639 1124 2675 eiusmodi
1148 2650 1259 2674 causa
1286 2638 1445 2685 flaqettt's
1475 2638 1531 2674 vet
1549 2637 1710 2683 fustibus
1741 2648 1894 2673 uxorem
1924 2636 2129 2673 verberasse
2151 2637 2386 2674 convincatur

167 2687 303 2717 tantum
325 2694 395 2728 pro
420 2683 595 2718 eiusmodi
618 2684 835 2720 contumelia
865 2696 914 2720 ex
937 2686 1078 2730 reliqua
1108 2695 1175 2720 sua
1198 2683 1400 2720 substantia
1432 2687 1619 2719 constante
1651 2683 1757 2718 etiam
1781 2682 2009 2718 matrimonio
2042 2682 2183 2718 mulieri
2213 2682 2303 2718 dare
2324 2693 2385 2719 vo·

167 2728 283 2762 tumus
331 2731 478 2762 uantum
504 2729 609 2763 tertia
629 2739 721 2774 pars
745 2728 954 2765 donationis
978 2736 1061 2765 ante
1085 2730 1232 2776 nuptias
1255 2729 1378 2775 efficit.

298 2739 376 2807 {v
428 2771 622 2808 Praeterea
646 2777 764 2809 autem
788 2774 880 2809 illud
903 2785 1047 2821 quoque
1070 2775 1254 2815 adicimus,
1280 2779 1319 2809 ut
1337 2773 1369 2808 st
1388 2773 1470 2826 quis
1483 2773 1595 2818 forte,
1619 2775 1659 2808 ut
1670 2772 1726 2817 fit,
1749 2772 1952 2819 suspicetur
1975 2771 2130 2851 auiquem
2154 2771 2285 2807 uxoris
2297 2781 2386 2808 suae

166 2817 323 2852 castitati
348 2817 497 2854 illudere
521 2818 619 2860 velle,
645 2819 747 2864 eique
762 2818 1053 2855 denuntiationes
1077 2824 1149 2855 tres
1168 2819 1242 2854 scri
1252 2824 1326 2854 nas
1349 2819 1484 2854 maserit
1502 2817 1712 2853 testimoniis
1732 2817 1891 2852 virorum
1909 2816 1986 2862 fide
2029 2827 2197 2863 tqnorum
2216 2817 2384 2859 munitas,

166 2866 273 2907 atque
298 2867 387 2908 post
417 2861 483 2897 lius
515 2868 587 2897 tres
619 2864 827 2898 testationes
857 2865 1015 2910 scriptas
1046 2863 1224 2910 deprehen
1251 2865 1319 2899 eric
1349 2874 1428 2899 eum
1460 2873 1539 2898 cum
1570 2872 1691 2898 uxore
1719 2872 1787 2897 sua
1818 2861 2098 2904 convenientem,
2128 2862 2162 2896 si
2183 2860 2324 2907 quidem
2346 2861 2384 2897 e’n

163 2907 319 2953 propria
343 2906 448 2940 domo
482 2906 537 2941 vet
558 2907 594 2940 tn
620 2906 727 2942 domo
752 2908 867 2953 ipsius
890 2909 1049 2944 mulieris
1079 2909 1134 2945 vel
1155 2909 1313 2944 adulteri
1343 2907 1398 2944 vel
1420 2908 1457 2943 in
1472 2907 1624 2954 popinis
1651 2906 1708 2943 vel
1733 2907 1772 2941 in
1793 2906 1990 2948 suburbiis,
2022 2905 2130 2942 liceat
2157 2905 2287 2940 marito
2309 2905 2386 2940 suis

1312 2987 1382 3020 dita
1407 2986 1491 3020 RT¹
1506 2985 1518 3027 ΙΙ
1538 2988 1557 3020 8
1582 2995 1778 3018 conseruare
1801 2986 1886 3026 libri,
1907 2997 1989 3018 corr.
2003 2983 2126 3027 ΒεοΙε11
2154 2986 2193 3017 10
2217 2983 2328 3024 etiam]
2352 2988 2386 3016 et

1320 3033 1350 3063 V
1363 3032 1374 3075 ΙΙ
1402 3033 1439 3065 11
1466 3031 1666 3073 praedictam
1690 3029 1824 3071 quidem
1846 3029 2092 3072 dispositionem
2116 3027 2285 3061 dissolutis
2304 3028 2384 3067 (dis-

1311 3076 1488 3110 solutionis
1511 3077 1577 3117 Ta)
1604 3077 1635 3108 T
1658 3075 1671 3118 11
1699 3077 1741 3108 13
1766 3074 1805 3107 de
1829 3073 2027 3114 memoratis]
2052 3072 2229 3106 demoretis
2250 3072 2300 3106 13²
2328 3073 2385 3107 de-

1311 3120 1501 3154 monstratis
1522 3121 1554 3153 V
1567 3122 1578 3160 11
1594 3119 1863 3152 constitutionem
1880 3120 2024 3151 nostram
2046 3118 2100 3162 Vl}
2122 3120 2164 3153 14
2179 3117 2283 3151 dicidi
2300 3118 2351 3152 Τι
2380 3118 2385 3161 1

1315 3167 1355 3200 16
1368 3168 1455 3199 rubr.
1480 3165 1516 3197 si
1541 3164 1615 3206 quis
1640 3174 1772 3197 uxorem
1803 3174 1894 3196 suam
1917 3162 2058 3205 flagellis
2087 3163 2297 3205 castigaverit
2319 3163 2353 3197 R

1312 3223 1373 3254 my.
1398 3211 1449 3251 (ετ
1471 3210 1548 3250 Iul.)
1576 3208 1589 3253 11
1621 3210 1661 3243 18
1682 3218 1816 3241 uxorem
1842 3208 1874 3242 T
1895 3206 1908 3252 11
1939 3209 1977 3242 21
2005 3208 2159 3241 excidisse
2185 3208 2249 3253 Τ11
2277 3210 2314 3242 ts
2335 3208 2385 3243 R*

214 2989 227 3019 1
246 2987 393 3029 πεμψει]
413 2984 577 3017 destinare
596 2987 629 3025 (ἰ.
641 2998 664 3018 e.
680 2988 833 3030 πέμψαι)
851 3000 869 3022 ς
884 2987 896 3027 11
916 2990 935 3021 6
950 2984 1058 3030 αὐτῆς
1074 2988 1143 3029 Me,
1160 3000 1243 3022 corr.

167 3032 331 3074 Scrimyer
349 3029 362 3074 11
380 3031 420 3064 16
434 3027 475 3063 δέ
489 3042 546 3062 om.
561 3030 683 3063 Nomffl
707 3031 719 3073 11
740 3033 779 3065 19
790 3044 835 3073 sq.
850 3030 965 3076 γάμου
978 3052 1019 3056 -
1033 3030 1245 3076 βουλόμεθα

166 3089 225 3109 om.
239 3076 362 3111 Νοηι.”ι
379 3076 392 3118 11
418 3075 459 3109 21
484 3074 661 3116 τοιαύτης]
685 3076 748 3117 τῆς
768 3073 933 3118 τοιαύτης
963 3078 1009 3110 ΒῙ
1021 3077 1032 3122 11
1058 3076 1243 3121 μάστιξιν]

165 3132 219 3166 vel
242 3131 381 3174 flagellis
404 3143 424 3168 ς
445 3131 457 3174 u
488 3132 530 3164 22
553 3130 726 3175 γαμετὴν]
760 3133 911 3176 γυναῖκα
936 3132 998 3165 Ma
1024 3132 1037 3171 ιι
1068 3135 1109 3166 23
1135 3124 1245 3175 αὐτῆς

167 3179 239 3218 (sic)
257 3178 379 3211 Νοηι.”ι
400 3175 415 3230 11
439 3178 640 3220 περιουσίας
665 3173 808 3208 διδόναι
834 3177 900 3208 LB
925 3177 936 3220 11
961 3178 1001 3211 27
1027 3174 1244 3212 ὑποπτεύσει

167 3222 250 3257 τινὰ
275 3218 322 3255 ais
346 3221 437 3254 εἰκος
459 3221 494 3255 Β
511 3220 523 3263 11
542 3222 584 3254 28
608 3219 778 3264 ἐμπαῖξαι
795 3222 867 3263 Ep„
885 3224 1146 3263 quemadmodum
1162 3225 1243 3256 coni.

167 3269 311 3301 Reitzius
328 3266 479 3307 (illudere
495 3266 600 3306 elul.)
618 3264 630 3309 11
654 3267 695 3299 29
721 3266 885 3310 ἐκπέμψῃ
903 3267 966 3309 Ep.
987 3265 999 3310 11
1021 3263 1245 3306 ἀξιοπίστων

168 3309 314 3356 ἀνδρῶν
338 3313 394 3345 Ρν.
431 3311 545 3355 τριῶν
569 3306 794 3349 ἀξιοπίστων
819 3306 966 3352 ἀνδρῶν
991 3312 1037 3344 13¹
1055 3311 1067 3355 11
1091 3314 1128 3345 31
1156 3324 1244 3365 μαρ-

166 3360 287 3401 τυρίας
301 3358 358 3390 Ρν.
367 3358 526 3400 plerique,
541 3356 606 3399 Ep.
624 3355 636 3399 11
653 3354 794 3397 ἑαυτοῦ]
808 3350 918 3388 αὐτοῦ
936 3357 990 3389 l’r.
1000 3357 1064 3399 Ep.
1080 3356 1091 3400 11
1106 3358 1147 3390 32
1160 3368 1245 3390 ταυ-

166 3413 227 3445 της
251 3404 315 3443 Pr„
336 3415 394 3435 om.
409 3401 466 3442 Bt,
482 3401 539 3434 Pr.
548 3414 577 3435 v.
593 3401 613 3434 l.
630 3405 641 3442 11
661 3401 703 3434 33
727 3400 802 3442 τοῦ]
826 3399 894 3433 τὸν
909 3400 972 3433 τοῦ
998 3401 1053 3434 Pr.
1067 3403 1213 3444 plerique
1234 3400 1247 3446 11

168 3449 371 3491 προπίναις]
403 3444 603 3488 καπηλείοις
623 3458 651 3479 s.
671 3458 701 3479 v.
723 3447 768 3486 L;
803 3448 972 3479 ποπίναις
996 3445 1156 3480 Reitzius:
1186 3448 1247 3479 sed

169 3495 211 3535 qs.
224 3494 343 3526 Isidor.
364 3493 456 3535 Oriq.
473 3494 525 3533 15,
541 3498 567 3532 2,
582 3498 616 3525 42
641 3491 786 3533 (popinis
802 3503 832 3532 ς,
856 3491 989 3533 popina,
1014 3503 1041 3524 v.
1058 3492 1078 3524 t.
1101 3492 1244 3533 propisa,

169 3538 347 3581 propriam,
370 3537 514 3579 prupina
538 3537 615 3579 Iul.)
633 3535 645 3579 11
664 3538 706 3569 31
727 3533 833 3569 ἰδίαις
852 3535 895 3568 Bl
912 3548 963 3578 pr.

236 3662 257 3692 4
285 3662 321 3692 ti‘n
355 3659 464 3693 R¹T¹
493 3659 506 3703 11
533 3661 554 3693 6
576 3660 607 3693 ei
631 3660 716 3703 vulq.
748 3659 760 3702 ss
789 3661 806 3692 7
832 3658 1043 3691 donationem
1070 3658 1119 3691 T¹
1146 3658 1159 3702 11
1188 3659 1243 3692 ad—

1314 3256 1361 3288 T·
1380 3255 1392 3297 11
1410 3255 1453 3288 22
1476 3264 1537 3287 sua
1560 3266 1616 3287 om.
1634 3254 1666 3287 T
1679 3254 1692 3298 11
1715 3254 1760 3287 24
1781 3252 1968 3295 largitatem
1987 3253 2020 3286 T
2028 3253 2036 3273 ¹
2054 3254 2065 3295 11
2085 3255 2127 3287 26
2141 3256 2228 3286 rubr.
2253 3253 2289 3286 si
2309 3253 2385 3295 quis

1311 3298 1685 3377 {uipjlcatul'sueritsdo
1709 3298 1822 3350 aliquo
1844 3297 1932 3375 ueltle
1958 3308 2032 3376 cium
2046 3298 2384 3376 ·¹}¹¹d1‘‚'ri1iu¹⁰rii⁵n⁸ffi

1335 3355 1388 3377 eu
1412 3354 1466 3377 ere
1526 3357 1552 3377 m
1579 3368 1586 3376 .
1636 3354 1647 3375 1
1689 3353 1817 3376 iussus
1843 3353 1947 3376 icaus
1986 3353 2056 3376 uerl
2095 3354 2115 3376 a
2152 3353 2172 3376 a
2223 3354 2266 3376 uo
2325 3353 2349 3376 u

1311 3389 1495 3422 castitatem
1511 3358 1576 3422 sug
1583 3353 1697 3422 uxor‘ils
1709 3387 1742 3420 R
1754 3354 1882 3432 mopsi
1898 3388 1972 3430 quis
1991 3388 2174 3431 suspicatus
2196 3353 2299 3422 {querit
2321 3387 2383 3421 ali·

1312 3445 1409 3476 quem
1424 3444 1482 3467 sue
1499 3434 1612 3467 uxoris
1628 3433 1811 3466 castitatem
1827 3432 1968 3466 illudere
1984 3433 2072 3466 uelle
2093 3434 2192 3478 qu.
2209 3435 2262 3473 (ez
2274 3433 2351 3475 lut.)
2371 3434 2384 3476 11

1312 3478 1421 3520 etiam]
1447 3480 1480 3511 et
1503 3479 1544 3511 ad
1573 3480 1604 3512 T
1611 3479 1621 3499 ¹
1638 3478 1651 3522 11
1667 3477 1818 3511 addimus
1838 3477 1893 3522 ΤΙΙ
1920 3479 1961 3512 27
1986 3478 2182 3521 suspitiatur
2209 3478 2258 3512 T¹
2278 3477 2383 3511 susei-

1310 3523 1423 3567 piatur
1444 3524 1492 3556 V*
1519 3524 1531 3567 11
1559 3523 1644 3557 velle
1667 3525 1756 3564 snae]
1782 3536 1911 3554 unm
1939 3523 1987 3556 Εἰ
2055 3523 2153 3556 uxori
2178 3523 2211 3556 T
2233 3523 2245 3565 11
2276 3524 2319 3557 30
2343 3531 2383 3556 ex

1309 3569 1433 3612 scripto
1457 3570 1555 3613 vuly]
1579 3569 1702 3611 scripto
1720 3569 1749 3601 R
1762 3569 1794 3601 V
1811 3568 1950 3610 scriptas
1967 3569 2000 3602 T
2041 3568 2277 3601 contestatione
2297 3566 2348 3599 1⁷²
2367 3566 2380 3610 11

1310 3613 1504 3647 inuenerint
1532 3615 1584 3647 T‘⁸
1610 3614 1622 3656 11
1651 3614 1693 3647 32
1717 3614 1830 3646 uxoris
1851 3613 1955 3655 ipsius
1978 3613 2041 3659 Vl}
2065 3614 2124 3646 aut
2146 3611 2302 3655 adulteri]
2324 3610 2380 3647 ad·

1311 3658 1412 3692 ultori
1435 3660 1494 3691 aut
1515 3659 1593 3703 V⁰fl
1613 3660 1655 3693 33
1679 3657 1798 3691 marito
1822 3670 1880 3691 om.
1896 3658 1929 3692 T
