2592 3840
257 101 362 146 Nov.
385 103 501 148 XLV
519 118 579 160 pr.
615 106 634 147 1
1350 99 1433 152 278
1904 119 1965 154 υτ
1992 121 2235 156 nannum
2262 124 2478 158 cunutus

256 220 482 262 μυστηρίων·
515 220 574 251 καὶ
599 215 790 262 ἐπειδήπερ
813 215 1017 271 αἱρετικούς,
1031 219 1216 262 μισοῦμεν,
1242 219 1333 254 οῖὀν-
1404 230 1477 255 non
1512 220 1703 256 sentientes
1738 224 1976 258 sacramenta:
2011 225 2048 258 et
2079 223 2246 268 quoniam
2278 223 2475 262 haereticos

257 274 318 295 ται
350 261 439 295 κατὰ
469 259 606 305 ταύτην
634 261 702 304 τὴν
724 260 910 307 πρόφασιν
942 261 1127 310 ἐλευθεροι
1142 262 1334 308 -βουλευτι-
1404 265 1484 300 odio
1518 266 1707 309 habemus,
1742 268 1873 311 putant
1906 277 1972 312 per
2006 277 2084 304 eam
2119 269 2342 305 occasionem
2373 270 2476 307 liberi

259 308 335 339 κῶν
359 306 450 340 εἶναι
475 305 800 354 λειτουργημάτων·
837 309 896 340 καὶ
918 305 966 341 αἶς
990 306 1155 352 προςήκει
1183 308 1230 344 τὰ
1252 313 1334 355 περὶ
1405 310 1590 346 curialium
1622 321 1699 347 esse
1730 310 1954 347 functionum
1987 315 2023 348 et
2054 323 2145 358 quae
2181 317 2386 359 competunt
2416 314 2475 351 his

259 351 400 386 τούτων
424 350 667 397 διακριθῆναι.
709 349 825 395 Ἡμεῖς
848 355 972 387 τοίνυν
995 351 1264 398 ἐθαυμάσαμεν,
1290 355 1334 389 εἴ·
1405 355 1594 391 declinare.
1641 356 1718 393 Nos
1742 356 1849 401 igitur
1878 357 1997 393 mirati
2019 359 2221 402 80111118,Ιί
2244 359 2419 404 sapientia
2440 362 2478 396 et

259 409 327 443 περ
351 395 383 449 ἡ(
395 395 532 431 σύνεσις
562 410 602 431 τε
626 399 683 430 καὶ
708 394 832 450 ὀξύτης
855 394 877 440 ἡ
899 396 943 440 σὴ
966 397 1048 432 τοὺς
1071 397 1253 434 τοιούτους
1275 397 1334 434 αύ-
1372 405 1390 436 5
1405 411 1552 436 acumen
1582 405 1683 437 tuum
1713 401 1804 437 tales
1834 412 1956 438 eorum
1977 404 2123 448 pertulit
2145 404 2312 447 rationes,
2345 408 2382 440 et
2405 402 2477 440 non

259 443 336 476 τῶν
366 445 532 486 υπέμεινε
564 441 701 488 λόγους,
737 440 825 476 αλλὰ
855 441 904 487 μὴ
933 445 1150 490 παραχρῆμα
1180 444 1261 479 τοὺς
1290 444 1336 480 τὰ
1404 451 1550 490 repente
1581 447 1669 482 talia
1700 447 1857 483 dicentes
1881 447 2094 484 dilacerasti.
2142 449 2180 485 Si
2203 449 2295 485 enim
2316 449 2477 485 homines

259 488 409 521 τοιαῦτα
433 486 598 534 λέγοντας
621 485 828 521 διέσπασεν.
875 488 906 521 εἰ
927 487 995 534 γὰρ
1020 489 1220 535 ἅνθρωποι
1243 493 1337 525 τινές
1405 490 1548 535 quidam
1578 494 1662 527 sunt
1692 492 1754 537 qui
1781 495 1914 545 putant
1944 503 2009 538 per
2031 494 2254 530 novissimam
2274 493 2476 530 absurdita-

260 533 351 578 εἰσιν
375 534 477 576 οἵπερ
500 533 637 566 οἴονται
662 530 721 565 διὰ
747 536 808 575 τῆς
831 533 879 566 εἰς
903 534 1055 576 ἔσχατον
1078 531 1228 569 ἀτοπίας
1251 537 1335 570 ἐκεί·
1405 540 1475 571 tem
1505 536 1568 571 illa
1598 535 1791 581 promereri
1819 547 1858 573 se
1886 538 2045 583 praemia
2076 548 2168 585 quae
2199 539 2284 576 solis
2316 539 2491 575 mazimis'

259 591 338 611 νων
358 577 551 618 ἀξιοῦσθαι
572 578 650 611 τῶν
665 578 794 623 γερῶν,
815 574 908 625 ἅπερ
926 575 1049 623 μόνοις
1068 582 1142 614 τοῖς
1159 583 1337 627 μεγίστοις
1406 581 1635 624 dignitatibus
1670 583 1934 626 reservavimus,
1995 584 2050 619 uis
2085 594 2157 620 11011
2191 594 2314 620 eorum
2347 584 2479 621 habeat

260 621 465 678 ἀξιώμασιν
496 621 730 666 ἐφυλάξαμεν,
760 626 821 676 ,τίς
852 621 916 657 ούκ
934 620 997 677 υὸὶν
1025 621 1147 659 αὐτῶν
1177 624 1338 670 μισήσειε
1353 629 1392 660 10
1406 636 1550 661 exosam
1585 627 1786 662 vecordiam
1820 632 1858 663 et
1891 629 2103 664 stult1tiam?
2155 629 2381 676 Quapropter
2414 639 2477 665 cu-

260 667 327 710 την
358 667 559 710 αθλιοτητά
593 680 633 701 τε
664 670 723 702 καὶ
754 681 902 710 ανοιαν,·
947 670 1037 703 Ωςτε
1067 669 1337 714 βουλευέτωσαν
1405 671 1494 706 riam
1530 675 1719 708 exerceant
1753 673 1955 709 huiusmodi
1990 683 2111 711 omnes
2146 675 2253 710 etiam
2286 674 2391 711 nimis
2420 674 2476 710 in-

260 715 327 757 μὲν
347 713 383 747 οἱ
401 714 557 747 τοιοῦτοι
578 711 709 747 πάντες
733 716 793 746 καὶ
811 712 913 758 μάλα
929 713 1145 759 οἰμώζοντες
1175 718 1234 750 καὶ
1260 719 1338 750 ταῖς
1404 716 1638 760 gemiscentes
1674 720 1709 753 et
1748 718 1939 754 curialibus
1978 719 2188 756 subiaceant
2221 718 2478 762 functionibus,

260 756 500 803 βουλευτικαῖς
529 755 815 793 ὑποκείσθωσαν
848 757 1096 806 λειτουργίαις,
1128 757 1245 809 ὥςπερ
1277 763 1337 795 καὶ
1405 762 1499 796 sicut
1529 760 1636 797 etiam
1668 761 1896 807 officialibus,
1928 766 1969 799 ut
1991 764 2123 800 dudum
2146 766 2323 801 sancitum
2345 767 2411 808 est,
2441 767 2479 800 et

260 806 338 837 ταῖς
372 804 604 844 ταξεωτικαῖς
638 803 740 838 καθὰ
775 802 904 851 πρώην
935 805 1240 850 νενομοθέτηται,
1277 809 1336 841 καὶ
1405 806 1504 841 nulla
1527 806 1651 851 religio
1676 807 1720 843 ab
1740 807 1943 844 huiusmodi
1965 819 2027 845 eos
2051 810 2206 855 excipiat
2228 810 2374 846 fortuna
2396 810 2478 853 (hoc

259 847 414 893 μηδεμία
438 848 617 895 θρησκεία
650 850 711 892 τῆς
733 850 900 893 τοιαύτης
919 849 1045 885 αὐτοὺς
1067 851 1253 896 ἐξαιρείτω
1277 851 1335 886 τύ-
1353 854 1391 886 15
1406 852 1498 886 enim
1534 861 1648 897 neque
1683 853 1909 897 antiquarum
1944 855 2179 899 quarumlibet
2212 855 2331 909 legum
2363 864 2479 900 neque

259 905 319 936 χης
342 895 461 937 (τοῦτο
484 893 552 941 γὰρ
581 894 663 929 οὔτε
694 895 772 928 τῶν
796 894 967 930 παλαιῶν
995 909 1069 930 τινι
1099 897 1223 940 νόμων
1255 895 1336 931 οὔτε
1406 897 1623 932 novellarum
1646 901 1731 940 est),
1763 897 1896 942 indigni
1926 901 2046 935 tamen
2075 899 2202 936 curiali
2231 904 2304 936 sint
2330 900 2476 936 honore.

260 940 337 973 τῶν
367 941 463 973 νέων
485 939 652 987 εἴρηται),
683 937 824 980 ἀνάξιοι
853 943 977 984 μέντοι
999 939 1225 986 βουλευτικῆς
1247 939 1335 976 ἁπά-
1405 941 1455 976 Et
1479 942 1645 986 quoniam
1668 942 1763 987 leges
1785 943 1940 988 plurima
1962 945 2137 989 praebent
2159 945 2351 981 curialibus
2371 945 2477 990 privi-

260 995 322 1027 σης
352 985 520 1019 ἔστωσαν
549 987 661 1029 τιμῆς.
708 988 781 1019 Καὶ
812 983 1004 1033 ἐπειδήπερ
1033 986 1069 1020 οἱ
1095 985 1200 1031 νόμοι
1223 986 1337 1022 πολλὰ
1405 987 1507 1030 legia,
1532 990 1569 1022 et
1584 992 1624 1023 ut
1639 998 1711 1023 non
1736 987 1932 1024 caedantur
1955 992 1992 1025 et
2009 1000 2082 1026 non
2105 990 2341 1026 exhibeantur
2363 999 2479 1035 neque

260 1027 401 1063 διδόασι
435 1033 510 1064 τοῖς
544 1029 750 1074 βουλευταῖς
785 1030 982 1077 προνόμια,
1017 1035 1103 1079 περί
1135 1044 1175 1066 τε
1211 1032 1252 1067 τὸ
1288 1031 1337 1077 μὴ
1404 1032 1451 1067 ad
1485 1032 1591 1068 aliam
1626 1033 1848 1069 deducantur
1882 1035 2101 1079 provinciam
2139 1039 2176 1071 et
2209 1036 2281 1071 alia
2313 1034 2479 1082 plurima,

260 1073 466 1109 τύπτεσθαι
495 1078 581 1122 περί
601 1089 641 1110 τε
663 1074 706 1110 τὸ
728 1075 778 1120 μὴ
801 1076 1057 1123 παρίστασθαι
1079 1075 1170 1121 μηδὲ
1192 1078 1240 1112 εἰς
1263 1078 1334 1112 ἑτέ·
1350 1080 1391 1112 20
1406 1077 1532 1112 horum
1556 1078 1654 1114 nullo
1685 1078 1863 1120 fruantur,
1887 1079 1951 1114 sed
1972 1079 2139 1125 quicquid
2163 1080 2337 1127 scriptum
2358 1082 2415 1117 est
2434 1079 2485 1116 de·

260 1133 329 1163 ραν
359 1119 515 1165 ἄγεσθαι
544 1119 668 1166 χώραν
699 1124 759 1155 καὶ
788 1123 892 1169 ἕτερα
918 1126 1043 1170 μυρία,
1075 1121 1218 1157 τούτων
1248 1120 1334 1158 ἀπο·
1405 1123 1596 1159 curialibus
1628 1123 1722 1168 quod
1753 1133 1825 1159 11011
1850 1123 1988 1160 confert
2011 1125 2136 1171 privile
2161 1126 2248 1171 ’11111,
2279 1126 2348 1162 1100
2370 1125 2478 1162 etiam

261 1164 467 1201 λαυέτωσαν
497 1164 663 1211 μηδενός·
698 1163 776 1200 ἀλλ’
804 1167 840 1201 εἴ
865 1180 902 1202 τι
929 1170 996 1212 μὲν
1025 1170 1226 1216 γέγραπται
1253 1171 1335 1214 περὶ
1403 1167 1440 1203 111
1463 1168 1519 1203 his
1542 1169 1669 1213 valeat,
1703 1171 1739 1204 et
1762 1168 1963 1215 compleant
1986 1180 2138 1216 corpora
2152 1171 2185 1206 'a
2213 1174 2249 1206 et
2270 1169 2478 1216 pecuniaria

258 1209 464 1254 βουλευτῶν
496 1209 537 1245 οὐ
567 1209 803 1256 χαριζόμενον
833 1210 953 1247 αὐτοῖς
983 1210 1191 1260 προνόμιον,
1227 1214 1333 1248 τοῦτο
1402 1213 1534 1255 munia,
1560 1216 1595 1249 et
1619 1214 1717 1249 nulla
1740 1215 1786 1250 ab
1810 1213 1865 1250 his
1890 1214 2018 1260 eripiat
2041 1226 2102 1252 eos
2125 1217 2199 1261 lex3
2235 1216 2372 1252 honore
2393 1224 2477 1252 vero

259 1260 319 1289 καὶ
339 1253 399 1290 ἐπ’
420 1254 539 1291 αὐτοῖς
558 1261 747 1303 κρατείτω,
771 1260 830 1291 καὶ
847 1255 1110 1304 πληρούτωσαν
1130 1257 1334 1303 σωματικάς
1401 1258 1568 1294 fruantur
1589 1260 1699 1301 nullo,
1733 1260 1795 1295 sed
1828 1259 1899 1295 sint
1925 1260 1964 1295 in
2072 1261 2209 1297 itudine
2230 1261 2409 1306 fortunae,
2439 1261 2478 1295 111

258 1315 298 1335 τε
318 1305 377 1335 καὶ
395 1302 610 1347 χρηματικὰς
631 1302 859 1350 λειτουργίας,
881 1306 941 1338 καὶ
963 1302 1084 1348 μηδεὶς
1106 1302 1249 1338 τούτων
1274 1302 1332 1337 αὖ·
1347 1306 1388 1339 25
1403 1314 1472 1348 qua
1504 1306 1540 1339 et
1573 1305 1725 1341 animam
1754 1305 1878 1342 volunt
1907 1315 1998 1344 esse.
2070 1307 2103 1342 ic
2126 1306 2234 1352 igitur
2261 1306 2314 1344 618
2341 1305 2386 1344 do
2407 1305 2478 1342 hoc

258 1346 340 1381 τοὺς
363 1347 595 1392 ἐξαρπαζέτω
619 1347 741 1393 νόμος,
773 1350 875 1392 τιμῆς
901 1346 941 1383 δὲ
963 1347 1246 1384 ἀπολαυέτωσαν
1268 1362 1332 1394 μη-
1403 1349 1562 1395 dispone.

260 1390 390 1435 δεμιᾶς,
410 1391 490 1426 ἀλλ’
512 1395 679 1427 ἔστωσαν
699 1395 738 1427 ἐν
759 1391 886 1438 ἀτιμίᾳ
905 1393 973 1438 τὴν
992 1394 1113 1437 τύχην,
1139 1396 1178 1428 ἐν
1198 1394 1257 1437 οἵᾳ
1277 1397 1337 1428 καὶ

258 1436 325 1479 τὴν
356 1439 473 1483 ψυχὴν
504 1436 759 1482 ἐβουλήθησαν
789 1439 894 1475 εἶναι.
940 1435 1035 1475 οὕτω
1065 1443 1190 1474 τοίνυν
1220 1437 1338 1474 αὐτοῖς

258 1482 300 1516 τὸ
325 1487 408 1530 περὶ
431 1482 558 1518 τούτου
582 1482 718 1519 διάθες.

1264 1598 1419 1636 CAPUT
1445 1599 1475 1635 Ι.

312 1672 465 1710 Κάκεῖνο
494 1678 618 1720 μέντοι
648 1688 689 1723 γε
719 1673 968 1723 προςὴγγιιλας
996 1674 1083 1721 ἡμῖν
1105 1674 1209 1717 ἄξιον
1231 1676 1333 1721 ζητὴ-
1347 1680 1389 1713 30
1446 1677 1537 1713 Illud
1573 1688 1712 1724 quoque
1746 1678 1918 1715 nuntiasti
1952 1678 2056 1715 nobis
2092 1678 2235 1724 dignum
2269 1677 2478 1723 quaestione

259 1720 348 1755 σειὸς
368 1732 423 1755 σοι
442 1720 646 1768 γενόμενον.
690 1719 814 1764 ἐπειδὴ
835 1721 903 1768 γὰρ
923 1721 1005 1756 τοὺς
1029 1720 1222 1768 αἱρετικοὺς
1244 1736 1333 1769 μαρ-
1401 1723 1466 1758 tibi
1489 1725 1623 1759 natum.
1672 1723 1762 1768 Quia
1786 1725 1879 1759 enim
1907 1723 2106 1760 haereticos
2132 1723 2372 1760 testimonium
2420 1733 2475 1759 er·

258 1769 379 1810 τυρεῖν
402 1767 499 1813 εἴρξα
528 1779 567 1800 εν
597 1763 655 1812 ἐφ’
684 1765 738 1800 ὡν
761 1763 956 1813 ὄρθόδοξοι
981 1765 1069 1813 πρὸς
1091 1765 1258 1808 ἀλλήλους
1282 1766 1333 1802 δι·
1401 1769 1525 1804 hibere
1546 1769 1800 1822 prohibuimus,
1825 1773 1865 1805 ut
1884 1769 2026 1814 quando
2046 1769 2236 1806 orthodoxi
2256 1770 2351 1805 intel·
2461 1788 2477 1795 -

259 1811 437 1853 κάζονται,
457 1809 479 1846 δ
517 1810 618 1846 ὀντες
637 1809 756 1846 αὐτοῖς
773 1810 865 1846 κατὰ
880 1811 947 1854 τὴν
963 1809 1138 1858 ἡμετέραν
1159 1810 1334 1855 διιῖιταξιν,
1402 1816 1502 1849 utros
1532 1814 1689 1858 litigant,
1726 1815 1851 1857 dantes
1883 1815 1934 1849 eis
1965 1825 2030 1860 per
2058 1818 2219 1851 nostram
2252 1813 2478 1851 constitutio·

259 1858 290 1890 εἰ
312 1859 379 1901 μὲν
403 1859 443 1891 ἐν
465 1854 624 1899 ἀλλήλοις
647 1854 819 1904 φύροιντό
843 1871 883 1891 τε
902 1858 1029 1892 ἐκεῖνοι
1052 1861 1112 1891 καὶ
1133 1856 1334 1900 δικάζοιντο
1401 1868 1499 1902 nem,
1536 1860 1566 1894 si
1590 1860 1731 1905 quidem
1760 1860 1854 1895 inter
1884 1860 2077 1896 alterutros
2109 1861 2328 1896 misceantur
2357 1859 2412 1895 illi
2441 1862 2479 1895 et

259 1905 318 1935 καὶ
350 1900 510 1951 ἑκάτερος
541 1901 713 1948 αἱρετικὸς
736 1902 788 1945 εἴη
820 1898 841 1935 ὅ
869 1915 910 1936 τε
933 1901 1074 1950 ἐνάγων
1105 1898 1125 1937 ὅ
1147 1917 1187 1937 τε
1211 1902 1333 1949 ἐναγό-
1346 1906 1387 1939 35
1401 1904 1540 1948 litigent
1570 1909 1607 1940 et
1637 1907 1787 1950 uterque
1817 1905 2020 1941 haereticus
2051 1905 2098 1941 sit
2129 1909 2164 1940 et
2193 1907 2296 1941 actor
2324 1907 2361 1940 et
2381 1913 2478 1944 reus,

258 1959 380 1991 μενος,
417 1946 601 1982 δύνασθαι
635 1950 844 1993 μαρτυρεῖν,
881 1944 994 1988 ἀξίων
1022 1945 1183 1991 ἀλλήλοις
1214 1947 1336 1983 ὄντων
1402 1959 1509 1994 posse
1532 1950 1772 1986 testimonium
1791 1949 1914 1996 (dari),
1939 1950 2053 1994 dignis
2077 1950 2274 1987 adinvicem
2296 1949 2477 1986 existenti-

259 1995 319 2026 καὶ
342 1994 420 2027 τῶν
443 1991 690 2037 δικαζομένων
718 1996 778 2027 καὶ
806 1993 885 2028 τῶν
906 1992 1203 2040 μαρτυρούντων·
1239 1995 1270 2028 εἰ
1294 1991 1333 2028 δὲ
1401 1996 1468 2030 bus
1493 1998 1529 2031 et
1550 1995 1773 2040 litigantibus
1804 1999 1841 2031 et
1863 1995 2103 2032 testimonium
2126 1995 2416 2042 perhibentibus3
2446 1994 2479 2030 81

316 2108 424 2150 cap.l
445 2114 662 2152 aryumentum
686 2114 816 2141 notatur
839 2107 972 2141 Nomoc.
996 2107 1096 2141 XIV
1114 2108 1160 2141 tit.
1187 2109 1239 2150 12,
1259 2115 1275 2142 2
1300 2109 1370 2150 (ubi
1387 2109 1507 2143 citatur
1529 2107 1640 2155 νεαροὶ
1661 2105 1739 2154 μβ)
1763 2117 1793 2144 et
1816 2110 1848 2153 9,
1865 2116 1892 2143 2.

260 2219 417 2266 cipiunt:
451 2219 515 2265 qui
544 2219 716 2265 quoniam
745 2218 946 2255 haereticos
978 2217 1061 2254 odio
1089 2217 1271 2262 habemus,
1306 2218 1374 2256 hoe
1402 2219 1547 2256 nomine
1578 2220 1751 2257 immunes
1779 2231 1857 2257 sese
1886 2231 1911 2256 a
1943 2219 2139 2255 curialibus
2166 2218 2373 2256 muneribus
2401 2229 2479 2256 esse

260 2265 485 2300 arbitrantur
492 2277 508 2307 ;
541 2268 650 2311 atque
680 2264 769 2300 haee
799 2262 979 2311 quomodo
1010 2264 1201 2300 conveniat
1231 2264 1436 2310 diiudicari.
1495 2264 1575 2301 Nos
1605 2276 1689 2302 vero
1720 2266 1843 2302 mirati
1872 2275 2013 2313 sumu-⁹,
2043 2264 2077 2300 si
2102 2264 2219 2302 uidem
2248 2264 2421 2301 iudicium
2442 2268 2480 2301 et

261 2320 409 2346 acumen
444 2314 542 2345 tuum
573 2309 748 2346 eiusmodi
777 2320 901 2345 eorum
931 2319 1116 2345 sermones
1147 2309 1316 2346 toleravit
1350 2321 1395 2346 ae
1427 2321 1499 2346 non
1529 2311 1722 2356 confestim
1750 2322 1813 2347 eos
1843 2310 1907 2358 qui
1941 2309 2030 2346 talia
2080 2313 2266 2357 oquuntur
2299 2308 2476 2346 convellit.

260 2355 355 2402 Nam
378 2356 411 2390 si
434 2355 497 2401 qui
518 2359 603 2391 sunt
625 2354 797 2398 homines,
829 2354 891 2401 qui
909 2358 1066 2406 propter
1089 2359 1288 2391 extremam
1305 2356 1529 2403 pravitatem
1552 2355 1627 2391 illis
1642 2356 1821 2403 praemiis
1851 2366 1891 2392 se
1913 2354 2119 2402 diqnandos
2141 2355 2358 2398 eaeistiment,
2384 2365 2480 2408 quae

259 2401 347 2436 solis
378 2402 548 2436 maximis
579 2400 815 2447 diqnitatibus
846 2410 1081 2443 servammus,
1113 2400 1195 2446 quis
1223 2411 1297 2436 non
1328 2411 1452 2436 eorum
1483 2401 1688 2437 tenuitatem
1719 2405 1755 2437 et
1782 2401 1961 2437 inscitiam
1985 2400 2126 2437 oderit?
2171 2398 2301 2447 Itaque
2324 2399 2480 2436 camales

261 2446 402 2491 quidem
425 2446 498 2481 sint
524 2447 585 2481 isti
608 2457 741 2488 omnes,
773 2445 935 2492 quamvis
966 2444 1187 2481 vehementer
1218 2446 1467 2489 lamententur,
1498 2450 1535 2482 et
1556 2446 1754 2482 curialibus
1782 2446 1933 2482 obnoxii
1963 2445 2179 2489 muneribus,
2207 2445 2348 2492 pariter
2370 2448 2410 2481 at
2433 2455 2480 2480 ue

262 2491 484 2536 officialibus
506 2491 701 2527 seeundum
724 2491 764 2526 id
786 2490 885 2536 quod
908 2490 992 2526 olim
1017 2491 1094 2536 leqe
1116 2491 1294 2526 sancitum
1318 2494 1382 2534 est,
1407 2502 1493 2527 neve
1515 2491 1591 2527 ulla
1615 2502 1676 2527 eos
1698 2491 1828 2538 reliqio
1853 2502 1902 2527 ea:
1918 2490 1987 2527 hac
2002 2490 2213 2527 condicione
2235 2490 2375 2527 eximat
2396 2492 2409 2534 (
2458 2500 2480 2526 e

261 2537 354 2571 enim
378 2548 491 2582 neque
514 2541 670 2572 veterum
694 2536 771 2571 ulla
794 2547 909 2582 neque
932 2546 1107 2572 novarum
1132 2536 1249 2582 lequm
1269 2536 1403 2572 dictum
1427 2539 1504 2580 est),
1537 2536 1677 2583 indiqni
1707 2541 1825 2572 tamen
1848 2537 1947 2572 omni
1974 2535 2109 2572 honore
2138 2534 2271 2571 curiali
2297 2534 2380 2572 sint.
2427 2533 2480 2571 Et
2500 2564 2505 2567 .

262 2582 433 2626 quoniam
464 2582 560 2633 {eyes
588 2582 701 2617 multa
731 2581 908 2617 dederunt
937 2580 1134 2617 curialibus
1157 2581 1375 2628 privileyia,
1406 2582 1531 2628 qualia
1562 2586 1647 2618 sunt
1675 2593 1720 2618 ne
1749 2581 1980 2618 verberentur
2009 2592 2096 2617 neve
2122 2581 2302 2632 sistantur
2325 2590 2412 2632 nepe
2438 2579 2478 2616 in

263 2627 371 2662 aliam
389 2627 616 2672 provinciam
640 2626 819 2662 ducantur
842 2631 952 2672 atque
972 2630 1135 2662 sescenta
1159 2626 1244 2669 alia,
1269 2626 1395 2662 horum
1416 2626 1517 2662 nullo
1534 2627 1732 2673 fruantur:
1766 2627 1831 2664 sed
1852 2627 1887 2662 si
1907 2625 1998 2674 quid
2018 2626 2063 2662 de
2085 2625 2281 2662 cunalibus
2301 2628 2477 2677 emptum

263 2675 317 2706 est
347 2671 447 2717 quod
466 2671 521 2706 iis
549 2671 778 2718 privileqium
812 2682 886 2711 non
917 2672 1102 2716 conferat,
1138 2671 1207 2707 hoc
1237 2672 1346 2708 etiam
1377 2672 1422 2708 de
1455 2672 1529 2707 illis
1557 2672 1686 2715 valeat,
1722 2677 1758 2709 et
1789 2677 1861 2708 tam
1890 2670 2101 2719 corporalia
2135 2681 2243 2717 quam
2255 2669 2479 2723 pecuniaria

263 2727 411 2751 munera
440 2720 679 2768 exequantur,
715 2727 801 2752 neve
831 2715 908 2752 ulla
937 2722 1000 2752 eos
1031 2716 1114 2752 inde
1143 2717 1278 2765 eripiat
1307 2717 1387 2760 lex,
1424 2716 1562 2753 honore
1594 2722 1714 2754 autem
1763 2720 1920 2754 ruantur
1942 2716 2073 2769 nullo&
2098 2715 2164 2752 sed
2183 2715 2223 2752 in
2248 2714 2408 2762 infamia
2429 2714 2480 2751 sit

264 2771 387 2797 eorum
410 2761 575 2797 condicio
599 2762 637 2796 in
661 2761 763 2807 quali
787 2761 894 2797 etiam
918 2762 1074 2797 animam
1098 2773 1176 2798 esse
1199 2762 1397 2799 voluerunt.
1446 2761 1507 2799 Ita
1529 2762 1643 2809 iqitur
1665 2763 1712 2799 iis
1759 2774 1803 2799 ac
1826 2762 1871 2799 de
1891 2772 1933 2799 re
1950 2765 2165 2809 ¹constituas.

398 2817 426 2852 1.
476 2816 637 2853 Ceterum
667 2816 760 2852 illud
794 2828 939 2870 quoque
973 2817 1023 2853 ad
1051 2828 1118 2853 nos
1148 2817 1309 2854 detulisti
1369 2818 1443 2855 uod
1474 2819 1686 2866 quaestione
1715 2816 1865 2867 diq'num
1896 2817 1963 2854 tibi·
1988 2817 2120 2854 extitit.
2178 2815 2356 2861 Quoniam
2384 2816 2477 2853 etaim
2542 2846 2544 2851 .

265 2861 464 2899 haereticos
490 2862 728 2898 testimonium
758 2861 876 2898 dicere
898 2873 938 2898 in
961 2862 1082 2898 litibus
1112 2874 1205 2909 quas
1229 2863 1335 2899 ortho
1363 2864 1429 2901 οτι-ι’
1452 2864 1548 2900 inter
1569 2875 1608 2900 se
1630 2864 1762 2901 habent
1784 2863 1958 2901 vetuimus
1978 2883 2024 2890 —
2046 2862 2111 2909 qui
2131 2862 2293 2899 dedimus
2315 2861 2390 2898 illis
2405 2871 2478 2909 per

264 2912 427 2943 nostram
447 2908 746 2949 constitutionem,
770 2911 811 2942 ut
830 2908 864 2942 si
886 2907 1027 2953 quidem
1050 2908 1144 2943 inter
1166 2919 1206 2944 se
1227 2909 1447 2945 misceantur
1470 2913 1507 2945 et
1522 2909 1665 2956 Iitiqent
1686 2914 1724 2946 at
1751 2913 1964 2955 ue‘uterque
1984 2907 2186 2945 haereticus
2207 2908 2257 2944 sit
2279 2911 2351 2944 tam
2374 2910 2478 2943 actor

265 2964 373 3000 quam
395 2963 491 2994 reus,
508 2953 654 2999 possint
679 2952 917 2988 testimonium
940 2952 1069 2995 dicere,
1094 2963 1173 2988 cum
1196 2964 1235 2989 se
1258 2955 1407 2990 invicem
1430 2954 1535 3001 diqni
1562 2955 1636 2991 sint
1658 2960 1694 2991 et
1729 2955 1900 3001 ttiyantes
1923 2957 1959 2990 et
1983 2957 2109 2995 testes;
2147 2962 2276 2990 rursus
2297 2952 2331 2988 si
2353 2950 2479 2989 haere-

313 3071 328 3102 1
354 3066 492 3101 οἴονται
504 3067 563 3108 Μ]
586 3064 637 3099 οἷς
660 3066 711 3099 L¹²
740 3063 779 3099 οῖ
794 3063 842 3099 Ι)
866 3061 935 3108 (ὅτι
949 3066 1156 3108 Haloander)
1184 3067 1198 3111 ΙΙ
1226 3069 1245 3101 3
1272 3065 1337 3101 λιι·
1450 3069 1470 3102 2
1494 3068 1582 3110 odio]
1613 3067 1712 3101 hodie
1735 3067 1770 3100 R
1797 3066 1810 3111 ΙΙ
1839 3067 2056 3108 occasionem]
2092 3066 2155 3099 hoc
2177 3065 2381 3100 occasionem
2406 3065 2442 3099 V
2464 3062 2479 3109 Ι

265 3125 328 3148 του
351 3110 534 3160 γημάτων]
559 3109 736 3154 ἐζήτησαν
756 3112 832 3144 add.
846 3111 878 3144 L
892 3112 924 3144 in
937 3123 1038 3154 mar-9.
1055 3110 1067 3155 ΙΙ
1093 3113 1210 3144 καὶ-
1223 3114 1244 3147 4
1263 3110 1337 3145 δια·
1406 3115 1425 3147 3
1439 3123 1523 3155 quae
1536 3126 1594 3147 om.
1610 3111 1666 3157 Vn
1684 3115 1705 3147 4
1718 3112 1880 3155 sapientia
1893 3114 1926 3146 et
1940 3112 1983 3154 R]
2001 3111 2161 3155 sapientie
2177 3109 2344 3156 VNeob.fl
2362 3112 2383 3146 5
2399 3116 2484 3146 aon-⁴

265 3173 323 3205 κρι
358 3158 451 3201 ἦναι]
476 3159 509 3190 et
531 3167 615 3199 quae
640 3157 830 3198 competunt
853 3155 905 3188 his
923 3155 1086 3188 declinare
1103 3168 1132 3198 ς,
1157 3158 1240 3190 unde
1256 3159 1338 3191 male
1404 3168 1480 3192 men
1492 3160 1591 3202 vala]
1617 3167 1772 3191 cacumen
1788 3158 1866 3191 libri
1884 3156 1898 3202 ΙΙ
1923 3158 1944 3191 6
1958 3156 2335 3191 delaterastiRVNeob.
2353 3154 2367 3200 fl
2389 3154 2495 3189 enim*
2536 3155 2537 3159 ’

267 3202 502 3246 διακλιθῆναι
525 3203 606 3237 coni.
636 3202 863 3245 Osenbriiqqen
891 3199 904 3244 ΙΙ
935 3202 953 3233 7
979 3198 1185 3242 διέσπασεν]
1217 3202 1338 3235 dilace-
1406 3216 1464 3237 om.
1485 3203 1519 3237 V
1537 3203 1550 3247 ΙΙ
1581 3205 1620 3238 10
1643 3210 1718 3247 post
1741 3202 1866 3236 curiam
1890 3203 1996 3236 hiatus
2015 3202 2144 3236 dimidii
2157 3213 2269 3236 versus
2292 3208 2339 3235 est
2360 3202 2394 3235 ιἰι
2414 3197 2477 3245 V}

267 3250 346 3283 rasti
371 3261 390 3286 ς
407 3248 420 3294 ΙΙ
446 3251 482 3283 11
508 3259 549 3282 τε
565 3248 624 3280 καὶ
644 3245 772 3280 ἄνοιαν
796 3258 854 3279 om.
868 3246 899 3278 L
922 3245 934 3288 ΙΙ
965 3247 1002 3279 12
1023 3246 1090 3289 μὲν
1111 3246 1167 3286 M]
1192 3243 1276 3290 ἡμῖν
1297 3248 1337 3287 L,
1408 3250 1444 3283 11
1473 3250 1590 3282 exeant
1604 3248 1649 3290 R,
1662 3260 1744 3282 corr.
1757 3247 1807 3280 R³
1824 3247 1837 3291 ΙΙ
1851 3247 2001 3280 homines
2021 3246 2090 3281 RT
2111 3246 2124 3289 ΙΙ
2150 3247 2189 3281 13
2207 3247 2305 3280 ment
2319 3245 2353 3279 R
2370 3243 2384 3291 ΙΙ
2404 3243 2476 3279 offl·
2534 3254 2539 3256 ’

267 3310 324 3329 om.
339 3308 358 3332 ς
376 3296 388 3338 11
407 3296 448 3329 14
468 3293 598 3340 πρώην
613 3290 913 3344 νενομοθέτηται]
933 3291 1008 3324 Coa.
1028 3293 1056 3332 1,
1070 3298 1096 3331 5,
1112 3296 1126 3321 ἰ’
1149 3289 1162 3344 1]
1182 3293 1220 3325 16
1232 3292 1338 3325 τοῦτο
1405 3292 1499 3326 cialis
1521 3294 1599 3327 RV
1615 3292 1780 3326 officialiis
1805 3291 1868 3345 le
1892 3294 1940 3325 est
1962 3292 2008 3333 R]
2033 3303 2091 3326 om.
2113 3291 2176 3325 VT
2194 3291 2206 3344 [l
2235 3293 2276 3326 14
2299 3291 2392 3333 regio
2409 3289 2444 3324 R

267 3342 339 3381 Μς]
365 3335 507 3374 τούτων
530 3339 562 3372 L
591 3338 603 3382 ΙΙ
629 3333 739 3371 *οὐδὲ
759 3337 805 3370 Μ
807 3337 851 3377 (ς)
875 3332 979 3368 ουδὲν
997 3335 1028 3368 L
1055 3334 1068 3380 ss
1098 3333 1208 3368 *ουδὲ
1231 3336 1303 3370 ML
1327 3337 1337 3378 ΙΙ
1409 3340 1446 3372 15
1461 3339 1675 3381 antiquorum
1692 3337 1750 3383 Vn
1765 3337 1914 3380 qualibet
1923 3337 2007 3382 υιι19.
2020 3335 2086 3382 1116
2100 3338 2158 3377 est]
2172 3336 2298 3369 dictum
2310 3338 2359 3369 est
2369 3335 2455 3379 cuiq.

270 3389 308 3420 17
321 3384 460 3428 ἁπάσης
478 3398 535 3418 om.
550 3396 569 3421 ς
595 3383 607 3427 ΙΙ
639 3384 736 3426 1939.
751 3384 792 3425 cf.
812 3382 888 3415 Cod.
905 3383 955 3422 10,
971 3387 1018 3422 32,
1032 3387 1066 3414 33
1084 3387 1113 3413 et
1125 3380 1208 3414 Nou.
1229 3381 1310 3415 CLI
1327 3381 1340 3425 11
1405 3385 1483 3415 sunt
1498 3384 1528 3416 R
1549 3384 1561 3427 ΙΙ
1593 3386 1632 3418 18
1654 3382 1857 3417 cedanturR
1880 3381 2103 3415 concedantur
2123 3381 2158 3415 V
2175 3379 2192 3433 u
2215 3382 2253 3415 19
2270 3379 2370 3414 aliam
2389 3379 2441 3414 V·

268 3434 310 3466 20
331 3430 445 3475 *μήτε
460 3431 531 3464 ML
546 3429 559 3474 ΙΙ
586 3430 626 3463 21
649 3423 935 3471 ἄπολαβέτωσαν
953 3426 984 3458 L
1001 3426 1059 3463 (id.
1074 3425 1159 3470 26)ΙΙ
1187 3426 1228 3459 23
1242 3438 1336 3470 χαρι-
1407 3429 1448 3460 20
1469 3427 1563 3460 nulla
1585 3429 1622 3471 V,
1640 3441 1698 3462 om.
1715 3428 1747 3461 R
1767 3428 1779 3469 11
1804 3427 1946 3470 quiquid
1967 3427 2001 3460 R
2024 3427 2037 3471 ΙΙ
2062 3427 2104 3461 23
2128 3426 2265 3469 erupiat
2285 3425 2320 3459 V
2336 3423 2476 3468 arripiat
2544 3415 2554 3428 “³

268 3477 474 3522 ζομένωνΕ
494 3477 507 3518 ΙΙ
530 3475 742 3520 προνομίων
754 3473 805 3506 12⁰
827 3470 840 3516 ΙΙ
870 3472 911 3505 27
936 3468 1003 3513 τὴν
1026 3466 1148 3512 τύχην]
1173 3470 1336 3509 fortunae,
1406 3472 1476 3505 ΒΤ
1497 3472 1510 3516 Ι)
1540 3475 1582 3507 25
1607 3473 1646 3506 de
1671 3487 1729 3507 om.
1757 3473 1792 3506 V
1812 3473 1824 3516 ΙΙ
1862 3474 1905 3507 26
1930 3471 2109 3515 *disponet
2133 3471 2209 3505 libri
2235 3470 2249 3515 ΙΙ
2276 3472 2318 3505 30
2342 3476 2473 3513 quoquo
2534 3499 2535 3502 ,

268 3525 351 3557 unde
370 3522 431 3564 τῆς
447 3517 552 3562 τύχης
575 3519 789 3554 commendari
811 3529 873 3551 non
895 3523 977 3550 recte
997 3523 1094 3559 putat
1110 3515 1296 3548 Zachariae
1407 3516 1495 3558 quod
1518 3518 1681 3551 nuntiasti
1705 3518 1737 3551 R.
1758 3517 1771 3562 ΙΙ
1799 3516 2023 3559 quaestionem
2043 3516 2077 3551 V
2097 3515 2110 3560 ΙΙ
2139 3517 2178 3550 31
2205 3515 2392 3559 perhiberet
2410 3511 2475 3556 V!

270 3570 311 3602 28
335 3563 592 3610 ἠβουλήθησαν
615 3565 647 3598 L
679 3564 692 3606 ΙΙ
720 3560 846 3597 αὐτοὺς
869 3562 919 3596 L⁰
942 3559 954 3606 ΙΙ
983 3561 1025 3594 29
1050 3558 1092 3593 τὸ
1118 3560 1174 3601 Μ]
1200 3573 1258 3593 om.
1274 3560 1303 3593 L
1407 3562 1449 3594 32
1474 3562 1673 3596 horthodoxi
1695 3563 1728 3596 V
1744 3562 1896 3595 ortodoxi
1918 3562 1952 3595 R
1967 3564 2010 3603 (et
2031 3563 2079 3596 sic
2101 3561 2242 3605 saepius)
2265 3559 2279 3604 ΙΙ
2308 3561 2350 3595 34
2372 3559 2460 3592 inter

270 3610 394 3645 διάθες
416 3613 521 3653 M(cr.
535 3612 578 3652 ς)]
603 3607 800 3643 διαθέσθαι
814 3608 844 3641 L
860 3605 873 3653 11
897 3607 936 3641 31
962 3603 1153 3652 γινόμενον
1175 3605 1202 3638 Ῑι
1221 3604 1233 3648 ΙΙ
1258 3603 1339 3639 τοὺς
1406 3606 1441 3638 in
1463 3606 1497 3639 V
1511 3606 1523 3650 ΙΙ
1548 3609 1589 3641 35
1608 3610 1640 3640 et
1654 3609 1805 3649 uterque]
1831 3610 1864 3640 et
1887 3619 1945 3640 om.
1962 3607 1992 3640 R
2007 3605 2020 3652 ss
2043 3606 2098 3647 sit]
2121 3606 2168 3639 sie
2189 3605 2222 3639 R
2246 3603 2261 3650 fl
2282 3603 2440 3638 2110wa

271 3671 327 3691 om.
338 3659 368 3690 L
384 3658 395 3700 ΙΙ
415 3659 456 3691 32
470 3655 635 3702 εἴρξαμεν
648 3656 704 3697 Μ]
717 3653 883 3702 εἵρξαμεν
894 3652 926 3686 L
942 3651 955 3696 ΙΙ
971 3647 1037 3697 ἀφ’
1054 3648 1162 3685 ὡνΜ
1171 3650 1184 3694 [Ι
1208 3651 1248 3685 33
1264 3646 1337 3683 διά·
1407 3652 1449 3684 36
1470 3660 1562 3693 posse
1579 3653 1676 3696 only]
1702 3654 1809 3695 posset
1827 3653 1905 3686 libri
1923 3652 1936 3696 ΙΙ
1960 3651 2031 3684 dari
2050 3651 2168 3685 addidi
2188 3649 2374 3693 (perhibere
2394 3646 2470 3682 aad.

269 3701 385 3743 ταξιν]
413 3703 533 3743 Cod.1‚
550 3709 577 3743 5,
591 3709 623 3735 21
1406 3696 1505 3740 vulq.)
1528 3698 1540 3741 ιΙ
1571 3698 1611 3730 37
1638 3700 1670 3729 et
1693 3696 1903 3738 litigantibus
1927 3708 1985 3730 om.
2007 3695 2099 3740 VTu
2126 3694 2335 3738 perhibente·
2355 3692 2390 3728 V
