<?xml version="1.0" encoding="UTF-8"?>
<!DOCTYPE html PUBLIC "-//W3C//DTD XHTML 1.0 Transitional//EN"
    "http://www.w3.org/TR/xhtml1/DTD/xhtml1-transitional.dtd">
<html xmlns="http://www.w3.org/1999/xhtml" xml:lang="en" lang="en">
 <head>
  <title>
</title>
<meta http-equiv="Content-Type" content="text/html;charset=utf-8" />
  <meta name='ocr-system' content='tesseract 3.04.00' />
  <meta name='ocr-capabilities' content='ocr_page ocr_carea ocr_par ocr_line ocrx_word'/>
</head>
<body>
  <div class='ocr_page' id='page_1' title='image "./corpusjuriscivil00krueuoft_0455.png"; bbox 0 0 2592 3840; ppageno 0'>
   <div class='ocr_carea' id='block_1_1' title="bbox 87 92 2295 151">
    <p class='ocr_par' dir='ltr' id='par_1_1' title="bbox 87 92 2295 151">
     <span class='ocr_line' id='line_1_1' title="bbox 87 92 2295 151; baseline -0.002 -8"><span class='ocrx_word' id='word_1_1' title='bbox 87 95 387 143; x_wconf 68' lang='lat' dir='ltr'><strong>mmunrua</strong></span> <span class='ocrx_word' id='word_1_2' title='bbox 412 109 486 143; x_wconf 84' lang='lat' dir='ltr'><strong>sm</strong></span> <span class='ocrx_word' id='word_1_3' title='bbox 1144 92 1228 142; x_wconf 79' lang='lat'><strong>429</strong></span> <span class='ocrx_word' id='word_1_4' title='bbox 1795 97 1905 141; x_wconf 83' lang='lat' dir='ltr'><strong>Nov.</strong></span> <span class='ocrx_word' id='word_1_5' title='bbox 1935 95 2160 140; x_wconf 87' lang='lat' dir='ltr'>LXXXIX</span> <span class='ocrx_word' id='word_1_6' title='bbox 2181 109 2242 151; x_wconf 88' lang='lat' dir='ltr'><strong>pr.</strong></span> <span class='ocrx_word' id='word_1_7' title='bbox 2278 99 2295 138; x_wconf 92' lang='lat'>1</span> 
     </span>
    </p>
   </div>
   <div class='ocr_carea' id='block_1_2' title="bbox 86 206 2306 1074">
    <p class='ocr_par' dir='ltr' id='par_1_2' title="bbox 86 206 2306 1074">
     <span class='ocr_line' id='line_1_2' title="bbox 89 206 2306 256; baseline -0.001 -13"><span class='ocrx_word' id='word_1_8' title='bbox 89 209 182 244; x_wconf 75' lang='grc' dir='ltr'><strong><em>κατὰ</em></strong></span> <span class='ocrx_word' id='word_1_9' title='bbox 206 209 338 254; x_wconf 80' lang='grc' dir='ltr'><strong><em>μικρὸν</em></strong></span> <span class='ocrx_word' id='word_1_10' title='bbox 369 212 430 244; x_wconf 76' lang='grc' dir='ltr'><strong><em>καὶ</em></strong></span> <span class='ocrx_word' id='word_1_11' title='bbox 457 209 506 244; x_wconf 73' lang='grc' dir='ltr'><strong>εἰς</strong></span> <span class='ocrx_word' id='word_1_12' title='bbox 535 208 700 256; x_wconf 71' lang='grc' dir='ltr'><strong><em>ἐκγόνους</em></strong></span> <span class='ocrx_word' id='word_1_13' title='bbox 727 208 919 255; x_wconf 74' lang='grc' dir='ltr'><strong>προῆλθον</strong></span> <span class='ocrx_word' id='word_1_14' title='bbox 947 207 988 242; x_wconf 80' lang='grc' dir='ltr'><strong>αι’</strong></span> <span class='ocrx_word' id='word_1_15' title='bbox 1008 208 1163 253; x_wconf 72' lang='grc' dir='ltr'><strong><em>νομοθε-</em></strong></span> <span class='ocrx_word' id='word_1_16' title='bbox 1230 210 1286 242; x_wconf 88' lang='lat' dir='ltr'><strong>tes</strong></span> <span class='ocrx_word' id='word_1_17' title='bbox 1309 210 1562 252; x_wconf 89' lang='lat' dir='ltr'><strong>processerunt</strong></span> <span class='ocrx_word' id='word_1_18' title='bbox 1585 207 1788 245; x_wconf 86' lang='lat' dir='ltr'><strong>huiusmodi</strong></span> <span class='ocrx_word' id='word_1_19' title='bbox 1805 207 2061 253; x_wconf 76' lang='lat' dir='ltr'><strong>legislationes,</strong></span> <span class='ocrx_word' id='word_1_20' title='bbox 2085 208 2121 243; x_wconf 87' lang='lat' dir='ltr'><strong>et</strong></span> <span class='ocrx_word' id='word_1_21' title='bbox 2141 206 2306 251; x_wconf 87' lang='lat' dir='ltr'><strong>quoniam</strong></span> 
     </span>
     <span class='ocr_line' id='line_1_3' title="bbox 88 251 2306 300; baseline -0.001 -12"><span class='ocrx_word' id='word_1_22' title='bbox 88 258 182 296; x_wconf 85' lang='grc' dir='ltr'><strong><em>σιάι,</em></strong></span> <span class='ocrx_word' id='word_1_23' title='bbox 202 258 262 288; x_wconf 75' lang='grc' dir='ltr'><strong>καὶ</strong></span> <span class='ocrx_word' id='word_1_24' title='bbox 281 252 405 298; x_wconf 74' lang='grc' dir='ltr'><strong><em>ἐπειδὴ</em></strong></span> <span class='ocrx_word' id='word_1_25' title='bbox 427 258 487 289; x_wconf 79' lang='grc' dir='ltr'><strong><em>καὶ</em></strong></span> <span class='ocrx_word' id='word_1_26' title='bbox 507 255 555 289; x_wconf 81' lang='grc' dir='ltr'><strong>εἰς</strong></span> <span class='ocrx_word' id='word_1_27' title='bbox 574 254 656 289; x_wconf 77' lang='grc' dir='ltr'><strong><em>τοὺς</em></strong></span> <span class='ocrx_word' id='word_1_28' title='bbox 675 251 860 300; x_wconf 73' lang='grc' dir='ltr'><strong><em>ἡμετέρους</em></strong></span> <span class='ocrx_word' id='word_1_29' title='bbox 878 267 917 288; x_wconf 78' lang='grc' dir='ltr'><strong>τε</strong></span> <span class='ocrx_word' id='word_1_30' title='bbox 935 257 996 288; x_wconf 81' lang='grc' dir='ltr'><strong><em>καὶ</em></strong></span> <span class='ocrx_word' id='word_1_31' title='bbox 1015 254 1063 288; x_wconf 78' lang='grc' dir='ltr'><strong><em>εἰς</em></strong></span> <span class='ocrx_word' id='word_1_32' title='bbox 1080 253 1164 288; x_wconf 81' lang='grc' dir='ltr'><strong><em>τοὺς</em></strong></span> <span class='ocrx_word' id='word_1_33' title='bbox 1230 251 1268 286; x_wconf 86' lang='lat' dir='ltr'><strong>in</strong></span> <span class='ocrx_word' id='word_1_34' title='bbox 1283 256 1405 287; x_wconf 75' lang='lat' dir='ltr'><strong>nostra</strong></span> <span class='ocrx_word' id='word_1_35' title='bbox 1428 256 1589 298; x_wconf 73' lang='lat' dir='ltr'><strong>tempora</strong></span> <span class='ocrx_word' id='word_1_36' title='bbox 1611 256 1784 289; x_wconf 75' lang='lat' dir='ltr'><strong>venerunt</strong></span> <span class='ocrx_word' id='word_1_37' title='bbox 1807 256 1843 290; x_wconf 77' lang='lat' dir='ltr'><strong>et</strong></span> <span class='ocrx_word' id='word_1_38' title='bbox 1867 263 1990 289; x_wconf 85' lang='lat' dir='ltr'><strong>eornm</strong></span> <span class='ocrx_word' id='word_1_39' title='bbox 2014 251 2076 297; x_wconf 87' lang='lat' dir='ltr'><strong>qui</strong></span> <span class='ocrx_word' id='word_1_40' title='bbox 2099 251 2206 297; x_wconf 78' lang='lat' dir='ltr'><strong>paulo</strong></span> <span class='ocrx_word' id='word_1_41' title='bbox 2221 256 2306 287; x_wconf 80' lang='lat' dir='ltr'><strong>ante</strong></span> 
     </span>
     <span class='ocr_line' id='line_1_4' title="bbox 86 296 2305 345; baseline -0 -12"><span class='ocrx_word' id='word_1_42' title='bbox 86 300 202 345; x_wconf 78' lang='grc' dir='ltr'><strong><em>μικρῷ</em></strong></span> <span class='ocrx_word' id='word_1_43' title='bbox 219 298 290 344; x_wconf 79' lang='grc' dir='ltr'><strong>πρὸ</strong></span> <span class='ocrx_word' id='word_1_44' title='bbox 307 297 413 344; x_wconf 86' lang='grc' dir='ltr'><strong><em>ἡμῶν</em></strong></span> <span class='ocrx_word' id='word_1_45' title='bbox 429 296 451 333; x_wconf 80' lang='grc' dir='ltr'>ἄ</span> <span class='ocrx_word' id='word_1_46' title='bbox 482 303 604 334; x_wconf 82' lang='grc' dir='ltr'><strong><em>ίκοντο</em></strong></span> <span class='ocrx_word' id='word_1_47' title='bbox 618 296 776 345; x_wconf 80' lang='grc' dir='ltr'><strong><em>χρόνους,</em></strong></span> <span class='ocrx_word' id='word_1_48' title='bbox 796 298 934 334; x_wconf 77' lang='grc' dir='ltr'><strong><em>πολλ“ν</em></strong></span> <span class='ocrx_word' id='word_1_49' title='bbox 951 298 994 333; x_wconf 83' lang='grc' dir='ltr'><strong><em>τὸ</em></strong></span> <span class='ocrx_word' id='word_1_50' title='bbox 1014 299 1163 345; x_wconf 79' lang='grc' dir='ltr'><strong><em>πρᾶγμα</em></strong></span> <span class='ocrx_word' id='word_1_51' title='bbox 1230 307 1297 332; x_wconf 89' lang='lat' dir='ltr'><strong>nos</strong></span> <span class='ocrx_word' id='word_1_52' title='bbox 1316 296 1471 338; x_wconf 82' lang='lat' dir='ltr'><strong>suerunt,</strong></span> <span class='ocrx_word' id='word_1_53' title='bbox 1496 298 1642 333; x_wconf 87' lang='lat' dir='ltr'><strong>multam</strong></span> <span class='ocrx_word' id='word_1_54' title='bbox 1661 299 1866 334; x_wconf 85' lang='lat' dir='ltr'><strong>varietatem</strong></span> <span class='ocrx_word' id='word_1_55' title='bbox 1891 307 2001 334; x_wconf 88' lang='lat' dir='ltr'><strong>causa</strong></span> <span class='ocrx_word' id='word_1_56' title='bbox 2019 297 2188 342; x_wconf 88' lang='lat' dir='ltr'><strong>suscepit.</strong></span> <span class='ocrx_word' id='word_1_57' title='bbox 2227 296 2305 332; x_wconf 78' lang='lat' dir='ltr'><strong>Nos</strong></span> 
     </span>
     <span class='ocr_line' id='line_1_5' title="bbox 88 313 2304 389; baseline 0 -11"><span class='ocrx_word' id='word_1_58' title='bbox 88 344 158 387; x_wconf 79' lang='grc' dir='ltr'><strong>τὴν</strong></span> <span class='ocrx_word' id='word_1_59' title='bbox 179 343 364 379; x_wconf 75' lang='grc' dir='ltr'><strong><em>ποικιλίαν</em></strong></span> <span class='ocrx_word' id='word_1_60' title='bbox 386 313 541 385; x_wconf 61' lang='grc' dir='ltr'><strong><em>ἐὸἐξφατο.</em></strong></span> <span class='ocrx_word' id='word_1_61' title='bbox 588 348 648 378; x_wconf 84' lang='grc' dir='ltr'><strong>καὶ</strong></span> <span class='ocrx_word' id='word_1_62' title='bbox 674 342 771 388; x_wconf 82' lang='grc' dir='ltr'><strong><em>ἡμεῖς</em></strong></span> <span class='ocrx_word' id='word_1_63' title='bbox 815 344 862 389; x_wconf 85' lang='grc' dir='ltr'><strong>ὰρ</strong></span> <span class='ocrx_word' id='word_1_64' title='bbox 909 342 1040 379; x_wconf 81' lang='grc' dir='ltr'><strong><em>ιπλοῦν</em></strong></span> <span class='ocrx_word' id='word_1_65' title='bbox 1063 345 1160 386; x_wconf 80' lang='grc' dir='ltr'><strong><em>ἔσχο-</em></strong></span> <span class='ocrx_word' id='word_1_66' title='bbox 1228 341 1322 377; x_wconf 85' lang='lat' dir='ltr'><strong>enim</strong></span> <span class='ocrx_word' id='word_1_67' title='bbox 1353 341 1486 387; x_wconf 82' lang='lat' dir='ltr'><strong>duplex</strong></span> <span class='ocrx_word' id='word_1_68' title='bbox 1518 343 1708 379; x_wconf 68' lang='lat' dir='ltr'><strong>habuimus</strong></span> <span class='ocrx_word' id='word_1_69' title='bbox 1738 344 1911 386; x_wconf 85' lang='lat' dir='ltr'><strong>studium,</strong></span> <span class='ocrx_word' id='word_1_70' title='bbox 1942 342 2114 388; x_wconf 75' lang='lat' dir='ltr'><strong>plurimos</strong></span> <span class='ocrx_word' id='word_1_71' title='bbox 2138 342 2174 376; x_wconf 86' lang='lat' dir='ltr'><strong>in</strong></span> <span class='ocrx_word' id='word_1_72' title='bbox 2197 341 2304 378; x_wconf 83' lang='lat' dir='ltr'><strong>liber-</strong></span> 
     </span>
     <span class='ocr_line' id='line_1_6' title="bbox 87 357 2304 436; baseline -0.001 -12"><span class='ocrx_word' id='word_1_73' title='bbox 87 402 155 433; x_wconf 75' lang='grc' dir='ltr'><strong>μεν</strong></span> <span class='ocrx_word' id='word_1_74' title='bbox 185 387 418 434; x_wconf 82' lang='grc' dir='ltr'><strong><em>σπούδασμα,</em></strong></span> <span class='ocrx_word' id='word_1_75' title='bbox 453 389 605 424; x_wconf 77' lang='grc' dir='ltr'><strong><em>πολλούς</em></strong></span> <span class='ocrx_word' id='word_1_76' title='bbox 634 402 674 424; x_wconf 86' lang='grc' dir='ltr'><strong>τε</strong></span> <span class='ocrx_word' id='word_1_77' title='bbox 705 390 752 423; x_wconf 76' lang='grc' dir='ltr'><strong>εἰς</strong></span> <span class='ocrx_word' id='word_1_78' title='bbox 780 357 990 434; x_wconf 54' lang='grc' dir='ltr'><strong><em>εἵλευθερίαν</em></strong></span> <span class='ocrx_word' id='word_1_79' title='bbox 1013 386 1084 436; x_wconf 73' lang='grc' dir='ltr'><strong>ἀγα</strong></span> <span class='ocrx_word' id='word_1_80' title='bbox 1107 391 1161 422; x_wconf 88' lang='grc' dir='ltr'><strong>εῖν</strong></span> <span class='ocrx_word' id='word_1_81' title='bbox 1196 391 1215 423; x_wconf 85' lang='grc'><strong>5</strong></span> <span class='ocrx_word' id='word_1_82' title='bbox 1228 388 1338 422; x_wconf 86' lang='lat' dir='ltr'><strong>tatem</strong></span> <span class='ocrx_word' id='word_1_83' title='bbox 1361 387 1554 432; x_wconf 86' lang='lat' dir='ltr'><strong>perducere</strong></span> <span class='ocrx_word' id='word_1_84' title='bbox 1584 388 1742 424; x_wconf 88' lang='lat' dir='ltr'><strong>homines</strong></span> <span class='ocrx_word' id='word_1_85' title='bbox 1770 398 1815 424; x_wconf 85' lang='lat' dir='ltr'><strong>ex</strong></span> <span class='ocrx_word' id='word_1_86' title='bbox 1845 389 1964 434; x_wconf 86' lang='lat' dir='ltr'><strong>priore</strong></span> <span class='ocrx_word' id='word_1_87' title='bbox 1994 387 2165 424; x_wconf 85' lang='lat' dir='ltr'><strong>servitute</strong></span> <span class='ocrx_word' id='word_1_88' title='bbox 2195 391 2232 422; x_wconf 90' lang='lat' dir='ltr'><strong>et</strong></span> <span class='ocrx_word' id='word_1_89' title='bbox 2259 397 2304 422; x_wconf 88' lang='lat' dir='ltr'><strong>ex</strong></span> 
     </span>
     <span class='ocr_line' id='line_1_7' title="bbox 89 430 2304 479; baseline -0 -11"><span class='ocrx_word' id='word_1_90' title='bbox 89 430 308 479; x_wconf 76' lang='grc' dir='ltr'>ἀνθρώπους</span> <span class='ocrx_word' id='word_1_91' title='bbox 338 436 377 468; x_wconf 70' lang='grc' dir='ltr'><strong>ἐκ</strong></span> <span class='ocrx_word' id='word_1_92' title='bbox 399 435 462 477; x_wconf 78' lang='grc' dir='ltr'><strong><em>τῆς</em></strong></span> <span class='ocrx_word' id='word_1_93' title='bbox 484 434 695 479; x_wconf 78' lang='grc' dir='ltr'><strong><em>ἔμπροσθεν</em></strong></span> <span class='ocrx_word' id='word_1_94' title='bbox 717 432 875 469; x_wconf 77' lang='grc' dir='ltr'><strong><em>δουλείας</em></strong></span> <span class='ocrx_word' id='word_1_95' title='bbox 905 435 944 467; x_wconf 80' lang='grc' dir='ltr'><strong>ἔκ</strong></span> <span class='ocrx_word' id='word_1_96' title='bbox 965 447 1006 468; x_wconf 85' lang='grc' dir='ltr'><strong>τε</strong></span> <span class='ocrx_word' id='word_1_97' title='bbox 1028 433 1071 468; x_wconf 89' lang='grc' dir='ltr'><strong>νό</strong></span> <span class='ocrx_word' id='word_1_98' title='bbox 1108 447 1162 468; x_wconf 89' lang='grc' dir='ltr'><strong>ων</strong></span> <span class='ocrx_word' id='word_1_99' title='bbox 1227 431 1450 468; x_wconf 87' lang='lat' dir='ltr'><strong>naturalibus</strong></span> <span class='ocrx_word' id='word_1_100' title='bbox 1479 432 1525 467; x_wconf 86' lang='lat' dir='ltr'><strong>ad</strong></span> <span class='ocrx_word' id='word_1_101' title='bbox 1547 433 1722 477; x_wconf 83' lang='lat' dir='ltr'><strong>legitimos</strong></span> <span class='ocrx_word' id='word_1_102' title='bbox 1746 434 1901 470; x_wconf 83' lang='lat' dir='ltr'><strong>elevare:</strong></span> <span class='ocrx_word' id='word_1_103' title='bbox 1937 444 2010 469; x_wconf 90' lang='lat' dir='ltr'><strong>non</strong></span> <span class='ocrx_word' id='word_1_104' title='bbox 2032 433 2126 468; x_wconf 88' lang='lat' dir='ltr'><strong>enim</strong></span> <span class='ocrx_word' id='word_1_105' title='bbox 2154 431 2242 467; x_wconf 91' lang='lat' dir='ltr'><strong>ultio</strong></span> <span class='ocrx_word' id='word_1_106' title='bbox 2267 435 2304 467; x_wconf 92' lang='lat' dir='ltr'><strong>et</strong></span> 
     </span>
     <span class='ocr_line' id='line_1_8' title="bbox 89 476 2302 526; baseline 0 -14"><span class='ocrx_word' id='word_1_107' title='bbox 89 480 136 514; x_wconf 75' lang='grc' dir='ltr'><strong>εἰς</strong></span> <span class='ocrx_word' id='word_1_108' title='bbox 149 483 314 526; x_wconf 73' lang='grc' dir='ltr'><strong><em>γνησίους</em></strong></span> <span class='ocrx_word' id='word_1_109' title='bbox 333 476 544 525; x_wconf 79' lang='grc' dir='ltr'><strong><em>ἀναφέρειν·</em></strong></span> <span class='ocrx_word' id='word_1_110' title='bbox 569 476 609 513; x_wconf 76' lang='grc' dir='ltr'><strong>οὔ</strong></span> <span class='ocrx_word' id='word_1_111' title='bbox 648 479 694 523; x_wconf 82' lang='grc' dir='ltr'><strong>ὰρ</strong></span> <span class='ocrx_word' id='word_1_112' title='bbox 716 480 770 522; x_wconf 78' lang='grc' dir='ltr'><strong><em>τῷ</em></strong></span> <span class='ocrx_word' id='word_1_113' title='bbox 785 478 1031 524; x_wconf 82' lang='grc' dir='ltr'><strong><em>τιμωρεῖσθαί</em></strong></span> <span class='ocrx_word' id='word_1_114' title='bbox 1045 492 1086 513; x_wconf 86' lang='grc' dir='ltr'><strong>τε</strong></span> <span class='ocrx_word' id='word_1_115' title='bbox 1101 482 1162 513; x_wconf 79' lang='grc' dir='ltr'><strong><em>καὶ</em></strong></span> <span class='ocrx_word' id='word_1_116' title='bbox 1227 476 1429 512; x_wconf 83' lang='lat' dir='ltr'>interdictio</span> <span class='ocrx_word' id='word_1_117' title='bbox 1453 478 1674 523; x_wconf 86' lang='lat' dir='ltr'><strong>respicienda</strong></span> <span class='ocrx_word' id='word_1_118' title='bbox 1698 482 1769 520; x_wconf 89' lang='lat' dir='ltr'><strong>est,</strong></span> <span class='ocrx_word' id='word_1_119' title='bbox 1803 478 1865 514; x_wconf 89' lang='lat' dir='ltr'><strong>sed</strong></span> <span class='ocrx_word' id='word_1_120' title='bbox 1889 479 1984 524; x_wconf 84' lang='lat' dir='ltr'><strong>quod</strong></span> <span class='ocrx_word' id='word_1_121' title='bbox 2006 481 2064 514; x_wconf 86' lang='lat' dir='ltr'><strong>est</strong></span> <span class='ocrx_word' id='word_1_122' title='bbox 2084 477 2123 513; x_wconf 90' lang='lat' dir='ltr'><strong>in</strong></span> <span class='ocrx_word' id='word_1_123' title='bbox 2146 477 2302 513; x_wconf 89' lang='lat' dir='ltr'><strong>necessi·</strong></span> 
     </span>
     <span class='ocr_line' id='line_1_9' title="bbox 89 521 2301 571; baseline 0 -14"><span class='ocrx_word' id='word_1_124' title='bbox 89 521 328 571; x_wconf 75' lang='grc' dir='ltr'><strong><em>ἀπαγορεύειν</em></strong></span> <span class='ocrx_word' id='word_1_125' title='bbox 342 527 560 570; x_wconf 81' lang='grc' dir='ltr'><strong><em>προςεκτέον,</em></strong></span> <span class='ocrx_word' id='word_1_126' title='bbox 583 521 606 557; x_wconf 77' lang='grc' dir='ltr'><em>ἆ</em></span> <span class='ocrx_word' id='word_1_127' title='bbox 629 522 674 558; x_wconf 83' lang='grc' dir='ltr'>λά</span> <span class='ocrx_word' id='word_1_128' title='bbox 694 523 783 569; x_wconf 80' lang='grc' dir='ltr'><strong><em>(τῷ)</em></strong></span> <span class='ocrx_word' id='word_1_129' title='bbox 805 524 848 558; x_wconf 86' lang='grc' dir='ltr'><strong>τὸ</strong></span> <span class='ocrx_word' id='word_1_130' title='bbox 865 523 1004 568; x_wconf 80' lang='grc' dir='ltr'><strong><em>κάμνον</em></strong></span> <span class='ocrx_word' id='word_1_131' title='bbox 1028 524 1161 558; x_wconf 80' lang='grc' dir='ltr'><strong><em>ἰᾶσθαι</em></strong></span> <span class='ocrx_word' id='word_1_132' title='bbox 1227 525 1303 557; x_wconf 75' lang='lat' dir='ltr'><strong>tate</strong></span> <span class='ocrx_word' id='word_1_133' title='bbox 1323 522 1520 557; x_wconf 77' lang='lat' dir='ltr'><strong>curandum</strong></span> <span class='ocrx_word' id='word_1_134' title='bbox 1544 527 1616 565; x_wconf 82' lang='lat' dir='ltr'><strong>est,</strong></span> <span class='ocrx_word' id='word_1_135' title='bbox 1649 527 1685 559; x_wconf 84' lang='lat' dir='ltr'><strong>et</strong></span> <span class='ocrx_word' id='word_1_136' title='bbox 1707 523 1912 568; x_wconf 83' lang='lat' dir='ltr'><strong>fugiendum</strong></span> <span class='ocrx_word' id='word_1_137' title='bbox 1935 523 2076 568; x_wconf 76' lang='lat' dir='ltr'><strong>quidem</strong></span> <span class='ocrx_word' id='word_1_138' title='bbox 2105 522 2203 567; x_wconf 84' lang='lat' dir='ltr'><strong>quod</strong></span> <span class='ocrx_word' id='word_1_139' title='bbox 2226 532 2301 558; x_wconf 79' lang='lat' dir='ltr'><strong>ma·</strong></span> 
     </span>
     <span class='ocr_line' id='line_1_10' title="bbox 88 566 2301 615; baseline -0 -12"><span class='ocrx_word' id='word_1_140' title='bbox 88 572 148 603; x_wconf 81' lang='grc' dir='ltr'><strong><em>καὶ</em></strong></span> <span class='ocrx_word' id='word_1_141' title='bbox 177 568 321 615; x_wconf 78' lang='grc' dir='ltr'><strong><em>φεύγειν</em></strong></span> <span class='ocrx_word' id='word_1_142' title='bbox 351 571 419 613; x_wconf 81' lang='grc' dir='ltr'><strong>μὲν</strong></span> <span class='ocrx_word' id='word_1_143' title='bbox 446 567 490 602; x_wconf 84' lang='grc' dir='ltr'><strong>τὸ</strong></span> <span class='ocrx_word' id='word_1_144' title='bbox 514 567 628 602; x_wconf 81' lang='grc' dir='ltr'><strong><em>κακὸν</em></strong></span> <span class='ocrx_word' id='word_1_145' title='bbox 650 566 824 614; x_wconf 76' lang='grc' dir='ltr'><strong><em>εὑρίσκειν</em></strong></span> <span class='ocrx_word' id='word_1_146' title='bbox 855 566 895 603; x_wconf 76' lang='grc' dir='ltr'><strong>δὲ</strong></span> <span class='ocrx_word' id='word_1_147' title='bbox 922 568 1162 611; x_wconf 77' lang='grc' dir='ltr'><strong><em>πανταχόθεν</em></strong></span> <span class='ocrx_word' id='word_1_148' title='bbox 1227 566 1301 601; x_wconf 86' lang='lat' dir='ltr'><strong>lum</strong></span> <span class='ocrx_word' id='word_1_149' title='bbox 1324 569 1391 608; x_wconf 73' lang='lat' dir='ltr'><strong>est,</strong></span> <span class='ocrx_word' id='word_1_150' title='bbox 1414 567 1662 603; x_wconf 82' lang='lat' dir='ltr'><strong>inveniendum</strong></span> <span class='ocrx_word' id='word_1_151' title='bbox 1685 579 1766 604; x_wconf 86' lang='lat' dir='ltr'><strong>vero</strong></span> <span class='ocrx_word' id='word_1_152' title='bbox 1791 569 1947 614; x_wconf 79' lang='lat' dir='ltr'><strong>undique</strong></span> <span class='ocrx_word' id='word_1_153' title='bbox 1971 568 2065 614; x_wconf 80' lang='lat' dir='ltr'><strong>quod</strong></span> <span class='ocrx_word' id='word_1_154' title='bbox 2088 567 2215 603; x_wconf 81' lang='lat' dir='ltr'><strong>melius</strong></span> <span class='ocrx_word' id='word_1_155' title='bbox 2235 570 2301 603; x_wconf 71' lang='lat' dir='ltr'><strong>est.</strong></span> 
     </span>
     <span class='ocr_line' id='line_1_11' title="bbox 87 611 2302 658; baseline 0 -11"><span class='ocrx_word' id='word_1_156' title='bbox 87 614 130 648; x_wconf 83' lang='grc' dir='ltr'><strong><em>τὸ</em></strong></span> <span class='ocrx_word' id='word_1_157' title='bbox 156 613 314 658; x_wconf 76' lang='grc' dir='ltr'><strong><em>ἄμεινον.</em></strong></span> <span class='ocrx_word' id='word_1_158' title='bbox 362 611 485 656; x_wconf 76' lang='grc' dir='ltr'><strong><em>ἐπειδὴ</em></strong></span> <span class='ocrx_word' id='word_1_159' title='bbox 506 617 631 648; x_wconf 90' lang='grc' dir='ltr'><strong><em>τοίνυν</em></strong></span> <span class='ocrx_word' id='word_1_160' title='bbox 652 614 737 648; x_wconf 85' lang='grc' dir='ltr'><strong><em>τινὰ</em></strong></span> <span class='ocrx_word' id='word_1_161' title='bbox 758 615 826 658; x_wconf 74' lang='grc' dir='ltr'><strong>μὲν</strong></span> <span class='ocrx_word' id='word_1_162' title='bbox 850 616 890 648; x_wconf 78' lang='grc' dir='ltr'><strong>ἐν</strong></span> <span class='ocrx_word' id='word_1_163' title='bbox 911 615 966 658; x_wconf 83' lang='grc' dir='ltr'><strong>τῷ</strong></span> <span class='ocrx_word' id='word_1_164' title='bbox 985 615 1063 648; x_wconf 81' lang='grc' dir='ltr'><strong>τῶν</strong></span> <span class='ocrx_word' id='word_1_165' title='bbox 1085 612 1162 648; x_wconf 75' lang='grc' dir='ltr'><strong><em>δια·</em></strong></span> <span class='ocrx_word' id='word_1_166' title='bbox 1177 615 1218 648; x_wconf 87' lang='grc'><strong>10</strong></span> <span class='ocrx_word' id='word_1_167' title='bbox 1230 611 1320 656; x_wconf 78' lang='lat' dir='ltr'><strong>Quia</strong></span> <span class='ocrx_word' id='word_1_168' title='bbox 1342 611 1450 656; x_wconf 82' lang='lat' dir='ltr'><strong>igitur</strong></span> <span class='ocrx_word' id='word_1_169' title='bbox 1472 612 1594 657; x_wconf 86' lang='lat' dir='ltr'><strong>aliqua</strong></span> <span class='ocrx_word' id='word_1_170' title='bbox 1614 613 1755 658; x_wconf 89' lang='lat' dir='ltr'><strong>quidem</strong></span> <span class='ocrx_word' id='word_1_171' title='bbox 1785 613 1823 648; x_wconf 90' lang='lat' dir='ltr'><strong>in</strong></span> <span class='ocrx_word' id='word_1_172' title='bbox 1847 614 2141 650; x_wconf 79' lang='lat' dir='ltr'><strong>constitutionum</strong></span> <span class='ocrx_word' id='word_1_173' title='bbox 2168 612 2302 655; x_wconf 87' lang='lat' dir='ltr'><strong>codice,</strong></span> 
     </span>
     <span class='ocr_line' id='line_1_12' title="bbox 88 655 2302 714; baseline 0 -22"><span class='ocrx_word' id='word_1_174' title='bbox 88 658 229 700; x_wconf 78' lang='grc' dir='ltr'><strong><em>τάξεων</em></strong></span> <span class='ocrx_word' id='word_1_175' title='bbox 247 657 395 714; x_wconf 73' lang='grc' dir='ltr'><strong><em>βιβλίῳ,</em></strong></span> <span class='ocrx_word' id='word_1_176' title='bbox 426 655 517 703; x_wconf 81' lang='grc' dir='ltr'><strong><em>ὅπερ</em></strong></span> <span class='ocrx_word' id='word_1_177' title='bbox 540 659 579 700; x_wconf 74' lang='grc' dir='ltr'><strong>ἐξ</strong></span> <span class='ocrx_word' id='word_1_178' title='bbox 605 656 745 701; x_wconf 75' lang='grc' dir='ltr'><strong><em>ἁπάσης</em></strong></span> <span class='ocrx_word' id='word_1_179' title='bbox 767 660 830 702; x_wconf 77' lang='grc' dir='ltr'><strong><em>τῆς</em></strong></span> <span class='ocrx_word' id='word_1_180' title='bbox 853 659 1064 704; x_wconf 81' lang='grc' dir='ltr'><strong><em>ἔμπροσθεν</em></strong></span> <span class='ocrx_word' id='word_1_181' title='bbox 1085 659 1163 693; x_wconf 80' lang='grc' dir='ltr'><strong>τῶν</strong></span> <span class='ocrx_word' id='word_1_182' title='bbox 1230 667 1335 701; x_wconf 87' lang='lat' dir='ltr'><strong>quem</strong></span> <span class='ocrx_word' id='word_1_183' title='bbox 1354 667 1399 693; x_wconf 82' lang='lat' dir='ltr'><strong>ex</strong></span> <span class='ocrx_word' id='word_1_184' title='bbox 1418 657 1513 693; x_wconf 90' lang='lat' dir='ltr'><strong>omni</strong></span> <span class='ocrx_word' id='word_1_185' title='bbox 1532 658 1691 702; x_wconf 84' lang='lat' dir='ltr'>priorum</span> <span class='ocrx_word' id='word_1_186' title='bbox 1712 659 1967 703; x_wconf 89' lang='lat' dir='ltr'><strong>imperatorum</strong></span> <span class='ocrx_word' id='word_1_187' title='bbox 1989 659 2002 694; x_wconf 93' lang='lat' dir='ltr'><strong>l</strong></span> <span class='ocrx_word' id='word_1_188' title='bbox 2048 659 2057 667; x_wconf 86' lang='lat'>&#39;</span> <span class='ocrx_word' id='word_1_189' title='bbox 2091 658 2212 694; x_wconf 84' lang='lat' dir='ltr'><strong>atione</strong></span> <span class='ocrx_word' id='word_1_190' title='bbox 2229 658 2302 694; x_wconf 90' lang='lat' dir='ltr'><strong>col-</strong></span> 
     </span>
     <span class='ocr_line' id='line_1_13' title="bbox 88 700 2302 749; baseline 0 -11"><span class='ocrx_word' id='word_1_191' title='bbox 88 702 359 747; x_wconf 81' lang='grc' dir='ltr'><strong><em>βασιλευοντων</em></strong></span> <span class='ocrx_word' id='word_1_192' title='bbox 388 704 606 748; x_wconf 76' lang='grc' dir='ltr'><strong><em>νομοθεσίας</em></strong></span> <span class='ocrx_word' id='word_1_193' title='bbox 631 700 866 749; x_wconf 80' lang='grc' dir='ltr'><strong><em>ἠθροίσαμεν,</em></strong></span> <span class='ocrx_word' id='word_1_194' title='bbox 896 707 979 749; x_wconf 83' lang='grc' dir='ltr'><strong><em>περὶ</em></strong></span> <span class='ocrx_word' id='word_1_195' title='bbox 1001 705 1079 738; x_wconf 81' lang='grc' dir='ltr'><strong>τῶν</strong></span> <span class='ocrx_word' id='word_1_196' title='bbox 1101 702 1162 738; x_wconf 88' lang='grc' dir='ltr'><strong>νό-</strong></span> <span class='ocrx_word' id='word_1_197' title='bbox 1227 702 1392 747; x_wconf 77' lang='lat' dir='ltr'><strong>legimus,</strong></span> <span class='ocrx_word' id='word_1_198' title='bbox 1423 701 1467 738; x_wconf 84' lang='lat' dir='ltr'><strong>de</strong></span> <span class='ocrx_word' id='word_1_199' title='bbox 1489 703 1712 738; x_wconf 76' lang='lat' dir='ltr'><strong>naturalibus</strong></span> <span class='ocrx_word' id='word_1_200' title='bbox 1736 704 1872 748; x_wconf 72' lang='lat' dir='ltr'><strong>scripta</strong></span> <span class='ocrx_word' id='word_1_201' title='bbox 1893 708 1978 740; x_wconf 78' lang='lat' dir='ltr'><strong>sunt</strong></span> <span class='ocrx_word' id='word_1_202' title='bbox 2041 704 2062 712; x_wconf 79' lang='grc'><strong>’“</strong></span> <span class='ocrx_word' id='word_1_203' title='bbox 2089 731 2098 747; x_wconf 92' lang='grc'><strong><em>,</em></strong></span> <span class='ocrx_word' id='word_1_204' title='bbox 2130 703 2302 748; x_wconf 65' lang='lat' dir='ltr'><strong>quaedam</strong></span> 
     </span>
     <span class='ocr_line' id='line_1_14' title="bbox 89 747 2302 795; baseline 0.001 -13"><span class='ocrx_word' id='word_1_205' title='bbox 89 749 175 783; x_wconf 88' lang='grc' dir='ltr'><strong>θων</strong></span> <span class='ocrx_word' id='word_1_206' title='bbox 195 752 394 795; x_wconf 84' lang='grc' dir='ltr'><strong><em>γέγραπται</em></strong></span> <span class='ocrx_word' id='word_1_207' title='bbox 417 747 573 791; x_wconf 77' lang='grc' dir='ltr'><strong><em>παίδων,</em></strong></span> <span class='ocrx_word' id='word_1_208' title='bbox 596 748 678 783; x_wconf 85' lang='grc' dir='ltr'><strong><em>τινὰ</em></strong></span> <span class='ocrx_word' id='word_1_209' title='bbox 703 747 743 783; x_wconf 81' lang='grc' dir='ltr'><strong>δὲ</strong></span> <span class='ocrx_word' id='word_1_210' title='bbox 765 752 825 782; x_wconf 81' lang='grc' dir='ltr'><strong>καὶ</strong></span> <span class='ocrx_word' id='word_1_211' title='bbox 849 751 889 784; x_wconf 78' lang='grc' dir='ltr'><strong>ἐν</strong></span> <span class='ocrx_word' id='word_1_212' title='bbox 911 750 966 793; x_wconf 79' lang='grc' dir='ltr'><strong><em>τῷ</em></strong></span> <span class='ocrx_word' id='word_1_213' title='bbox 990 750 1067 783; x_wconf 84' lang='grc' dir='ltr'><strong>τῶν</strong></span> <span class='ocrx_word' id='word_1_214' title='bbox 1085 750 1163 784; x_wconf 80' lang='grc' dir='ltr'><strong><em>ἐπι·</em></strong></span> <span class='ocrx_word' id='word_1_215' title='bbox 1228 757 1312 783; x_wconf 85' lang='lat' dir='ltr'><strong>vero</strong></span> <span class='ocrx_word' id='word_1_216' title='bbox 1335 747 1372 782; x_wconf 91' lang='lat' dir='ltr'><strong>in</strong></span> <span class='ocrx_word' id='word_1_217' title='bbox 1396 747 1486 782; x_wconf 91' lang='lat' dir='ltr'><strong>libro</strong></span> <span class='ocrx_word' id='word_1_218' title='bbox 1510 747 1756 784; x_wconf 83' lang='lat' dir='ltr'><strong>institutorum</strong></span> <span class='ocrx_word' id='word_1_219' title='bbox 1786 749 1829 784; x_wconf 90' lang='lat' dir='ltr'><strong>de</strong></span> <span class='ocrx_word' id='word_1_220' title='bbox 1853 750 1909 785; x_wconf 89' lang='lat' dir='ltr'><strong>his</strong></span> <span class='ocrx_word' id='word_1_221' title='bbox 1932 753 1996 785; x_wconf 88' lang='lat' dir='ltr'><strong>aut</strong></span> <span class='ocrx_word' id='word_1_222' title='bbox 2026 759 2092 784; x_wconf 89' lang='lat' dir='ltr'><strong>nos</strong></span> <span class='ocrx_word' id='word_1_223' title='bbox 2116 748 2302 784; x_wconf 86' lang='lat' dir='ltr'><strong>constitui·</strong></span> 
     </span>
     <span class='ocr_line' id='line_1_15' title="bbox 87 792 2303 874; baseline 0.001 -2"><span class='ocrx_word' id='word_1_224' title='bbox 87 792 239 872; x_wconf 55' lang='lat'><strong>53:⁵⁷5?</strong></span> <span class='ocrx_word' id='word_1_225' title='bbox 260 792 571 872; x_wconf 47' lang='lat'><strong>555²</strong></span> <span class='ocrx_word' id='word_1_226' title='bbox 595 797 677 873; x_wconf 75' lang='lat'><strong>5²</strong></span> <span class='ocrx_word' id='word_1_227' title='bbox 700 792 843 871; x_wconf 57' lang='lat' dir='ltr'><strong>We</strong></span> <span class='ocrx_word' id='word_1_228' title='bbox 870 794 918 851; x_wconf 46' lang='grc' dir='ltr'><strong><em>τι</em></strong></span> <span class='ocrx_word' id='word_1_229' title='bbox 1037 796 1162 873; x_wconf 51' lang='lat'><strong>520522</strong></span> <span class='ocrx_word' id='word_1_230' title='bbox 1176 803 1307 874; x_wconf 46' lang='lat' dir='ltr'><strong>eu:</strong></span> <span class='ocrx_word' id='word_1_231' title='bbox 1329 792 1488 873; x_wconf 36' lang='lat' dir='ltr'><strong>umes</strong></span> <span class='ocrx_word' id='word_1_232' title='bbox 1509 792 1940 874; x_wconf 50' lang='lat' dir='ltr'><strong>ggffffiiwffiffigffm,</strong></span> <span class='ocrx_word' id='word_1_233' title='bbox 1964 798 2082 874; x_wconf 67' lang='lat'><strong>{555</strong></span> <span class='ocrx_word' id='word_1_234' title='bbox 2102 793 2303 874; x_wconf 49' lang='lat' dir='ltr'><strong>ipsuis</strong></span> 
     </span>
     <span class='ocr_line' id='line_1_16' title="bbox 87 849 2303 935; baseline 0.001 -19"><span class='ocrx_word' id='word_1_235' title='bbox 87 880 128 916; x_wconf 79' lang='grc' dir='ltr'><strong>δὲ</strong></span> <span class='ocrx_word' id='word_1_236' title='bbox 138 852 415 917; x_wconf 48' lang='grc' dir='ltr'><strong><em>Ἐῗτῖμὶιεζτολλὰέ</em></strong></span> <span class='ocrx_word' id='word_1_237' title='bbox 427 851 1160 929; x_wconf 45' lang='lat' dir='ltr'><strong>snfflffssssssaxssqffiffiffffl&#39;sffssfcgss‘s,</strong></span> <span class='ocrx_word' id='word_1_238' title='bbox 1228 882 1494 935; x_wconf 73' lang='lat' dir='ltr'><strong>praedictarum</strong></span> <span class='ocrx_word' id='word_1_239' title='bbox 1517 882 1727 919; x_wconf 82' lang='lat' dir='ltr'><strong>collectione</strong></span> <span class='ocrx_word' id='word_1_240' title='bbox 1751 850 2043 920; x_wconf 56' lang='lat' dir='ltr'><strong>constitltlietidnum</strong></span> <span class='ocrx_word' id='word_1_241' title='bbox 2068 849 2162 920; x_wconf 55' lang='lat' dir='ltr'><strong>affl</strong></span> <span class='ocrx_word' id='word_1_242' title='bbox 2182 888 2303 919; x_wconf 82' lang='lat' dir='ltr'><strong>autem</strong></span> 
     </span>
     <span class='ocr_line' id='line_1_17' title="bbox 86 926 2304 982; baseline 0.002 -21"><span class='ocrx_word' id='word_1_243' title='bbox 86 926 148 962; x_wconf 77' lang='grc' dir='ltr'><strong><em>τὰς</em></strong></span> <span class='ocrx_word' id='word_1_244' title='bbox 169 929 238 971; x_wconf 80' lang='grc' dir='ltr'><strong>μὲν</strong></span> <span class='ocrx_word' id='word_1_245' title='bbox 260 930 301 962; x_wconf 82' lang='grc' dir='ltr'><strong>ἐν</strong></span> <span class='ocrx_word' id='word_1_246' title='bbox 323 930 376 971; x_wconf 77' lang='grc' dir='ltr'><strong>τῷ</strong></span> <span class='ocrx_word' id='word_1_247' title='bbox 400 930 478 963; x_wconf 83' lang='grc' dir='ltr'><strong>τῶν</strong></span> <span class='ocrx_word' id='word_1_248' title='bbox 492 930 689 974; x_wconf 78' lang='grc' dir='ltr'><strong><em>εἰρημένων</em></strong></span> <span class='ocrx_word' id='word_1_249' title='bbox 713 926 938 974; x_wconf 72' lang='grc' dir='ltr'><strong><em>ἀθροίσματι</em></strong></span> <span class='ocrx_word' id='word_1_250' title='bbox 962 927 1162 970; x_wconf 78' lang='grc' dir='ltr'><strong><em>διατάξεων</em></strong></span> <span class='ocrx_word' id='word_1_251' title='bbox 1228 932 1335 964; x_wconf 81' lang='lat' dir='ltr'><strong>etiam</strong></span> <span class='ocrx_word' id='word_1_252' title='bbox 1358 931 1502 973; x_wconf 84' lang='lat' dir='ltr'><strong>postea:</strong></span> <span class='ocrx_word' id='word_1_253' title='bbox 1526 938 1572 964; x_wconf 90' lang='lat' dir='ltr'><strong>ne</strong></span> <span class='ocrx_word' id='word_1_254' title='bbox 1596 937 1707 964; x_wconf 87' lang='lat' dir='ltr'><strong>causa</strong></span> <span class='ocrx_word' id='word_1_255' title='bbox 1726 929 1887 982; x_wconf 84' lang='lat' dir='ltr'><strong>dispersa</strong></span> <span class='ocrx_word' id='word_1_256' title='bbox 1909 930 1972 971; x_wconf 89' lang='lat' dir='ltr'><strong>sit,</strong></span> <span class='ocrx_word' id='word_1_257' title='bbox 1997 930 2087 965; x_wconf 88' lang='lat' dir='ltr'><strong>bene</strong></span> <span class='ocrx_word' id='word_1_258' title='bbox 2109 939 2149 965; x_wconf 88' lang='lat' dir='ltr'><strong>se</strong></span> <span class='ocrx_word' id='word_1_259' title='bbox 2170 929 2304 965; x_wconf 86' lang='lat' dir='ltr'><strong>habere</strong></span> 
     </span>
     <span class='ocr_line' id='line_1_18' title="bbox 87 971 2304 1021; baseline 0.001 -14"><span class='ocrx_word' id='word_1_260' title='bbox 87 973 153 1007; x_wconf 76' lang='grc' dir='ltr'><strong><em>τὰς</em></strong></span> <span class='ocrx_word' id='word_1_261' title='bbox 181 971 222 1007; x_wconf 79' lang='grc' dir='ltr'><strong>δὲ</strong></span> <span class='ocrx_word' id='word_1_262' title='bbox 250 975 311 1007; x_wconf 77' lang='grc' dir='ltr'><strong><em>καὶ</em></strong></span> <span class='ocrx_word' id='word_1_263' title='bbox 384 971 422 1007; x_wconf 75' lang='grc' dir='ltr'><strong><em>τ’</em></strong></span> <span class='ocrx_word' id='word_1_264' title='bbox 457 971 559 1016; x_wconf 70' lang='grc' dir='ltr'><strong><em>αὐτό,</em></strong></span> <span class='ocrx_word' id='word_1_265' title='bbox 591 975 651 1008; x_wconf 84' lang='grc' dir='ltr'><strong>ἵνα</strong></span> <span class='ocrx_word' id='word_1_266' title='bbox 673 974 721 1019; x_wconf 86' lang='grc' dir='ltr'><strong><em>μὴ</em></strong></span> <span class='ocrx_word' id='word_1_267' title='bbox 752 978 794 1008; x_wconf 80' lang='grc' dir='ltr'><strong>τό</strong></span> <span class='ocrx_word' id='word_1_268' title='bbox 820 976 970 1021; x_wconf 82' lang='grc' dir='ltr'><strong><em>πρᾶγμα</em></strong></span> <span class='ocrx_word' id='word_1_269' title='bbox 993 973 1162 1019; x_wconf 85' lang='grc' dir='ltr'><strong><em>διεσπαρ-</em></strong></span> <span class='ocrx_word' id='word_1_270' title='bbox 1229 973 1442 1009; x_wconf 89' lang='lat' dir='ltr'><strong>credidimus</strong></span> <span class='ocrx_word' id='word_1_271' title='bbox 1459 973 1498 1009; x_wconf 90' lang='lat' dir='ltr'><strong>in</strong></span> <span class='ocrx_word' id='word_1_272' title='bbox 1514 983 1588 1008; x_wconf 82' lang='lat' dir='ltr'><strong>una</strong></span> <span class='ocrx_word' id='word_1_273' title='bbox 1609 974 1860 1010; x_wconf 79' lang='lat' dir='ltr'><strong>constitutione</strong></span> <span class='ocrx_word' id='word_1_274' title='bbox 1880 977 1995 1010; x_wconf 90' lang='lat' dir='ltr'><strong>totum</strong></span> <span class='ocrx_word' id='word_1_275' title='bbox 2013 975 2189 1018; x_wconf 85' lang='lat' dir='ltr'><strong>colligere,</strong></span> <span class='ocrx_word' id='word_1_276' title='bbox 2210 983 2304 1019; x_wconf 83' lang='lat' dir='ltr'><strong>quae</strong></span> 
     </span>
     <span class='ocr_line' id='line_1_19' title="bbox 86 986 2304 1074; baseline 0 -22"><span class='ocrx_word' id='word_1_277' title='bbox 86 1021 197 1062; x_wconf 82' lang='grc' dir='ltr'><strong><em>μένον</em></strong></span> <span class='ocrx_word' id='word_1_278' title='bbox 219 1012 253 1065; x_wconf 85' lang='grc' dir='ltr'><strong>ᾗ,</strong></span> <span class='ocrx_word' id='word_1_279' title='bbox 283 986 399 1053; x_wconf 52' lang='lat' dir='ltr'><strong>„alge</strong></span> <span class='ocrx_word' id='word_1_280' title='bbox 427 1021 522 1073; x_wconf 57' lang='grc' dir='ltr'><strong><em>ἐχειν</em></strong></span> <span class='ocrx_word' id='word_1_281' title='bbox 550 1016 726 1074; x_wconf 65' lang='grc' dir='ltr'><strong><em>ερήθημεγ</em></strong></span> <span class='ocrx_word' id='word_1_282' title='bbox 757 1021 798 1054; x_wconf 83' lang='grc' dir='ltr'><strong>έν</strong></span> <span class='ocrx_word' id='word_1_283' title='bbox 828 1021 893 1074; x_wconf 54' lang='grc' dir='ltr'><strong>μἰᾇ</strong></span> <span class='ocrx_word' id='word_1_284' title='bbox 926 1017 1087 1060; x_wconf 79' lang='grc' dir='ltr'><strong><em>διατάξει</em></strong></span> <span class='ocrx_word' id='word_1_285' title='bbox 1117 1018 1161 1053; x_wconf 86' lang='grc' dir='ltr'><strong>τὸ</strong></span> <span class='ocrx_word' id='word_1_286' title='bbox 1229 1029 1296 1064; x_wconf 88' lang='lat' dir='ltr'><strong>pro</strong></span> <span class='ocrx_word' id='word_1_287' title='bbox 1318 1019 1483 1054; x_wconf 91' lang='lat' dir='ltr'><strong>omnibus</strong></span> <span class='ocrx_word' id='word_1_288' title='bbox 1515 1018 1674 1054; x_wconf 84' lang='lat' dir='ltr'><strong>sufficiat</strong></span> <span class='ocrx_word' id='word_1_289' title='bbox 1704 1029 1747 1055; x_wconf 90' lang='lat' dir='ltr'><strong>ea</strong></span> <span class='ocrx_word' id='word_1_290' title='bbox 1778 1029 1869 1065; x_wconf 86' lang='lat' dir='ltr'><strong>quae</strong></span> <span class='ocrx_word' id='word_1_291' title='bbox 1900 1020 1943 1056; x_wconf 88' lang='lat' dir='ltr'><strong>de</strong></span> <span class='ocrx_word' id='word_1_292' title='bbox 1965 1020 2188 1056; x_wconf 86' lang='lat' dir='ltr'><strong>naturalibus</strong></span> <span class='ocrx_word' id='word_1_293' title='bbox 2217 1023 2304 1055; x_wconf 88' lang='lat' dir='ltr'><strong>sunt</strong></span> 
     </span>
    </p>
   </div>
   <div class='ocr_carea' id='block_1_3' title="bbox 19 1064 1711 1110">
    <p class='ocr_par' dir='ltr' id='par_1_3' title="bbox 19 1064 1711 1110">
     <span class='ocr_line' id='line_1_20' title="bbox 19 1064 1711 1110; baseline 0.002 -13"><span class='ocrx_word' id='word_1_294' title='bbox 19 1085 22 1088; x_wconf 45' lang='lat'><strong>⁴</strong></span> <span class='ocrx_word' id='word_1_295' title='bbox 87 1064 163 1098; x_wconf 80' lang='grc' dir='ltr'><strong>πᾶν</strong></span> <span class='ocrx_word' id='word_1_296' title='bbox 193 1066 416 1110; x_wconf 70' lang='grc' dir='ltr'><strong><em>συναγαγεῖν,</em></strong></span> <span class='ocrx_word' id='word_1_297' title='bbox 450 1076 528 1107; x_wconf 84' lang='grc' dir='ltr'><strong><em>ητις</em></strong></span> <span class='ocrx_word' id='word_1_298' title='bbox 558 1067 639 1099; x_wconf 82' lang='grc' dir='ltr'><strong><em>αντὶ</em></strong></span> <span class='ocrx_word' id='word_1_299' title='bbox 662 1077 815 1099; x_wconf 83' lang='grc' dir='ltr'><strong><em>παντων</em></strong></span> <span class='ocrx_word' id='word_1_300' title='bbox 839 1067 978 1109; x_wconf 81' lang='grc' dir='ltr'><strong><em>αρκέσει</em></strong></span> <span class='ocrx_word' id='word_1_301' title='bbox 1008 1064 1055 1099; x_wconf 81' lang='grc' dir='ltr'><strong>τὰ</strong></span> <span class='ocrx_word' id='word_1_302' title='bbox 1081 1067 1163 1109; x_wconf 77' lang='grc' dir='ltr'><strong><em>περὶ</em></strong></span> <span class='ocrx_word' id='word_1_303' title='bbox 1175 1066 1217 1099; x_wconf 84' lang='grc'><strong>20</strong></span> <span class='ocrx_word' id='word_1_304' title='bbox 1231 1064 1409 1109; x_wconf 75' lang='lat' dir='ltr'><strong>corrigere</strong></span> <span class='ocrx_word' id='word_1_305' title='bbox 1432 1066 1540 1109; x_wconf 71' lang='lat' dir='ltr'><strong>atque</strong></span> <span class='ocrx_word' id='word_1_306' title='bbox 1563 1064 1711 1101; x_wconf 77' lang='lat' dir='ltr'><strong>sancire.</strong></span> 
     </span>
    </p>
   </div>
   <div class='ocr_carea' id='block_1_4' title="bbox 86 1106 974 1154">
    <p class='ocr_par' dir='ltr' id='par_1_4' title="bbox 86 1106 974 1154">
     <span class='ocr_line' id='line_1_21' title="bbox 86 1106 974 1154; baseline 0.002 -12"><span class='ocrx_word' id='word_1_307' title='bbox 86 1108 164 1143; x_wconf 78' lang='grc' dir='ltr'><strong>τῶν</strong></span> <span class='ocrx_word' id='word_1_308' title='bbox 186 1107 319 1142; x_wconf 88' lang='grc' dir='ltr'><strong><em>νόθων</em></strong></span> <span class='ocrx_word' id='word_1_309' title='bbox 342 1106 551 1154; x_wconf 79' lang='grc' dir='ltr'><strong><em>ὃιορθῶσαί</em></strong></span> <span class='ocrx_word' id='word_1_310' title='bbox 570 1123 611 1144; x_wconf 79' lang='grc' dir='ltr'><strong>τε</strong></span> <span class='ocrx_word' id='word_1_311' title='bbox 635 1112 695 1143; x_wconf 82' lang='grc' dir='ltr'><strong>καὶ</strong></span> <span class='ocrx_word' id='word_1_312' title='bbox 717 1110 974 1154; x_wconf 78' lang='grc' dir='ltr'><strong><em>νομοθετῆσαι.</em></strong></span> 
     </span>
    </p>
   </div>
   <div class='ocr_carea' id='block_1_5' title="bbox 1082 1198 1292 1234">
    <p class='ocr_par' dir='ltr' id='par_1_5' title="bbox 1082 1198 1292 1234">
     <span class='ocr_line' id='line_1_22' title="bbox 1082 1198 1292 1234; baseline 0 0"><span class='ocrx_word' id='word_1_313' title='bbox 1082 1198 1240 1234; x_wconf 82' lang='lat' dir='ltr'>CAPUT</span> <span class='ocrx_word' id='word_1_314' title='bbox 1263 1199 1292 1234; x_wconf 94' lang='grc' dir='ltr'><strong>Ι.</strong></span> 
     </span>
    </p>
   </div>
   <div class='ocr_carea' id='block_1_6' title="bbox 79 1252 2307 2023">
    <p class='ocr_par' dir='ltr' id='par_1_6' title="bbox 79 1252 2307 2023">
     <span class='ocr_line' id='line_1_23' title="bbox 142 1252 2305 1301; baseline 0 -13"><span class='ocrx_word' id='word_1_315' title='bbox 142 1252 334 1299; x_wconf 79' lang='grc' dir='ltr'><strong><em>Πρόδηλον</em></strong></span> <span class='ocrx_word' id='word_1_316' title='bbox 364 1253 432 1301; x_wconf 80' lang='grc' dir='ltr'><strong>γάρ</strong></span> <span class='ocrx_word' id='word_1_317' title='bbox 463 1256 574 1296; x_wconf 82' lang='grc' dir='ltr'><strong><em>ἐστιν,</em></strong></span> <span class='ocrx_word' id='word_1_318' title='bbox 605 1252 653 1289; x_wconf 77' lang='grc' dir='ltr'><strong>ὠς</strong></span> <span class='ocrx_word' id='word_1_319' title='bbox 682 1256 760 1290; x_wconf 87' lang='grc' dir='ltr'><strong>τῶν</strong></span> <span class='ocrx_word' id='word_1_320' title='bbox 791 1254 1007 1301; x_wconf 78' lang='grc' dir='ltr'><strong><em>ἀνθρώπων</em></strong></span> <span class='ocrx_word' id='word_1_321' title='bbox 1038 1254 1075 1290; x_wconf 83' lang='grc' dir='ltr'><strong>οἱ</strong></span> <span class='ocrx_word' id='word_1_322' title='bbox 1095 1257 1162 1300; x_wconf 78' lang='grc' dir='ltr'><strong>μὲν</strong></span> <span class='ocrx_word' id='word_1_323' title='bbox 1285 1255 1408 1290; x_wconf 84' lang='lat' dir='ltr'><strong>Palam</strong></span> <span class='ocrx_word' id='word_1_324' title='bbox 1443 1264 1594 1299; x_wconf 89' lang='lat' dir='ltr'><strong>namque</strong></span> <span class='ocrx_word' id='word_1_325' title='bbox 1629 1256 1702 1295; x_wconf 86' lang='lat' dir='ltr'><strong>est,</strong></span> <span class='ocrx_word' id='word_1_326' title='bbox 1738 1254 1821 1298; x_wconf 87' lang='lat' dir='ltr'><strong>quia</strong></span> <span class='ocrx_word' id='word_1_327' title='bbox 1854 1253 2034 1289; x_wconf 88' lang='lat' dir='ltr'><strong>hominum</strong></span> <span class='ocrx_word' id='word_1_328' title='bbox 2068 1253 2131 1289; x_wconf 92' lang='lat' dir='ltr'><strong>alii</strong></span> <span class='ocrx_word' id='word_1_329' title='bbox 2164 1253 2305 1298; x_wconf 89' lang='lat' dir='ltr'><strong>quidem</strong></span> 
     </span>
     <span class='ocr_line' id='line_1_24' title="bbox 88 1296 2305 1347; baseline 0 -14"><span class='ocrx_word' id='word_1_330' title='bbox 88 1298 276 1345; x_wconf 73' lang='grc' dir='ltr'><strong><em>ἐλεύθεροί</em></strong></span> <span class='ocrx_word' id='word_1_331' title='bbox 302 1313 342 1334; x_wconf 86' lang='grc' dir='ltr'><strong>τε</strong></span> <span class='ocrx_word' id='word_1_332' title='bbox 374 1296 447 1343; x_wconf 72' lang='grc' dir='ltr'><strong>ἅμα</strong></span> <span class='ocrx_word' id='word_1_333' title='bbox 477 1300 680 1334; x_wconf 80' lang='grc' dir='ltr'><strong><em>καθεστᾶσι</em></strong></span> <span class='ocrx_word' id='word_1_334' title='bbox 710 1305 770 1334; x_wconf 83' lang='grc' dir='ltr'><strong>καὶ</strong></span> <span class='ocrx_word' id='word_1_335' title='bbox 805 1303 844 1335; x_wconf 81' lang='grc' dir='ltr'><strong>ἐν</strong></span> <span class='ocrx_word' id='word_1_336' title='bbox 874 1304 1031 1347; x_wconf 79' lang='grc' dir='ltr'><strong><em>γνησίοις</em></strong></span> <span class='ocrx_word' id='word_1_337' title='bbox 1060 1301 1161 1341; x_wconf 77' lang='grc' dir='ltr'><strong><em>εἰσίν,</em></strong></span> <span class='ocrx_word' id='word_1_338' title='bbox 1230 1300 1332 1335; x_wconf 85' lang='lat' dir='ltr'><strong>liberi</strong></span> <span class='ocrx_word' id='word_1_339' title='bbox 1363 1300 1467 1335; x_wconf 83' lang='lat' dir='ltr'><strong>simul</strong></span> <span class='ocrx_word' id='word_1_340' title='bbox 1499 1300 1702 1335; x_wconf 81' lang='lat' dir='ltr'><strong>consistunt</strong></span> <span class='ocrx_word' id='word_1_341' title='bbox 1733 1303 1768 1333; x_wconf 87' lang='lat' dir='ltr'><strong>et</strong></span> <span class='ocrx_word' id='word_1_342' title='bbox 1798 1299 1891 1334; x_wconf 78' lang='lat' dir='ltr'><strong>inter</strong></span> <span class='ocrx_word' id='word_1_343' title='bbox 1914 1299 2084 1344; x_wconf 78' lang='lat' dir='ltr'><strong>legitimos</strong></span> <span class='ocrx_word' id='word_1_344' title='bbox 2108 1301 2212 1340; x_wconf 86' lang='lat' dir='ltr'><strong>sunt,</strong></span> <span class='ocrx_word' id='word_1_345' title='bbox 2245 1298 2305 1333; x_wconf 75' lang='lat' dir='ltr'><strong>alii</strong></span> 
     </span>
     <span class='ocr_line' id='line_1_25' title="bbox 87 1342 2305 1392; baseline -0 -13"><span class='ocrx_word' id='word_1_346' title='bbox 87 1344 125 1379; x_wconf 84' lang='grc' dir='ltr'><strong>οἱ</strong></span> <span class='ocrx_word' id='word_1_347' title='bbox 150 1343 191 1378; x_wconf 79' lang='grc' dir='ltr'><strong>δὲ</strong></span> <span class='ocrx_word' id='word_1_348' title='bbox 217 1346 325 1379; x_wconf 79' lang='grc' dir='ltr'><strong><em>τοῦτο</em></strong></span> <span class='ocrx_word' id='word_1_349' title='bbox 354 1343 533 1390; x_wconf 83' lang='grc' dir='ltr'><strong><em>πρότερον</em></strong></span> <span class='ocrx_word' id='word_1_350' title='bbox 561 1342 624 1378; x_wconf 79' lang='grc' dir='ltr'><strong>οὐκ</strong></span> <span class='ocrx_word' id='word_1_351' title='bbox 649 1347 788 1387; x_wconf 60' lang='grc' dir='ltr'><strong><em>ὲβςοντες</em></strong></span> <span class='ocrx_word' id='word_1_352' title='bbox 818 1342 969 1392; x_wconf 67' lang='grc' dir='ltr'><strong><em>ὕστερον</em></strong></span> <span class='ocrx_word' id='word_1_353' title='bbox 996 1350 1162 1392; x_wconf 83' lang='grc' dir='ltr'><strong><em>γίνονται</em></strong></span> <span class='ocrx_word' id='word_1_354' title='bbox 1229 1356 1311 1381; x_wconf 84' lang='lat' dir='ltr'><strong>vero</strong></span> <span class='ocrx_word' id='word_1_355' title='bbox 1345 1346 1413 1381; x_wconf 89' lang='lat' dir='ltr'><strong>hoc</strong></span> <span class='ocrx_word' id='word_1_356' title='bbox 1449 1346 1549 1390; x_wconf 87' lang='lat' dir='ltr'><strong>prius</strong></span> <span class='ocrx_word' id='word_1_357' title='bbox 1585 1356 1658 1380; x_wconf 90' lang='lat' dir='ltr'><strong>non</strong></span> <span class='ocrx_word' id='word_1_358' title='bbox 1691 1344 1864 1380; x_wconf 83' lang='lat' dir='ltr'><strong>habentes</strong></span> <span class='ocrx_word' id='word_1_359' title='bbox 1899 1348 2030 1389; x_wconf 82' lang='lat' dir='ltr'><strong>postea</strong></span> <span class='ocrx_word' id='word_1_360' title='bbox 2062 1344 2154 1379; x_wconf 90' lang='lat' dir='ltr'><strong>fiunt</strong></span> <span class='ocrx_word' id='word_1_361' title='bbox 2189 1347 2225 1379; x_wconf 89' lang='lat' dir='ltr'><strong>et</strong></span> <span class='ocrx_word' id='word_1_362' title='bbox 2260 1354 2305 1378; x_wconf 87' lang='lat' dir='ltr'><strong>ex</strong></span> 
     </span>
     <span class='ocr_line' id='line_1_26' title="bbox 89 1387 2305 1435; baseline -0 -11"><span class='ocrx_word' id='word_1_363' title='bbox 89 1392 128 1424; x_wconf 77' lang='grc' dir='ltr'><strong>ἔκ</strong></span> <span class='ocrx_word' id='word_1_364' title='bbox 148 1402 188 1424; x_wconf 79' lang='grc' dir='ltr'><strong>τε</strong></span> <span class='ocrx_word' id='word_1_365' title='bbox 211 1387 458 1423; x_wconf 71' lang='grc' dir='ltr'><strong><em>δουλευόντων</em></strong></span> <span class='ocrx_word' id='word_1_366' title='bbox 481 1390 529 1424; x_wconf 82' lang='grc' dir='ltr'><strong><em>εἰς</em></strong></span> <span class='ocrx_word' id='word_1_367' title='bbox 551 1389 758 1435; x_wconf 82' lang='grc' dir='ltr'><strong><em>ἐλευθέρους</em></strong></span> <span class='ocrx_word' id='word_1_368' title='bbox 781 1388 945 1425; x_wconf 76' lang='grc' dir='ltr'><strong><em>ἀνιόντες</em></strong></span> <span class='ocrx_word' id='word_1_369' title='bbox 967 1394 1027 1425; x_wconf 84' lang='grc' dir='ltr'><strong><em>καὶ</em></strong></span> <span class='ocrx_word' id='word_1_370' title='bbox 1043 1393 1081 1425; x_wconf 80' lang='grc' dir='ltr'><strong>ἐκ</strong></span> <span class='ocrx_word' id='word_1_371' title='bbox 1103 1389 1162 1425; x_wconf 83' lang='grc' dir='ltr'><strong>νό-</strong></span> <span class='ocrx_word' id='word_1_372' title='bbox 1175 1394 1216 1425; x_wconf 83' lang='grc'><strong>25</strong></span> <span class='ocrx_word' id='word_1_373' title='bbox 1230 1390 1340 1426; x_wconf 75' lang='lat' dir='ltr'><strong>servis</strong></span> <span class='ocrx_word' id='word_1_374' title='bbox 1370 1390 1418 1425; x_wconf 75' lang='lat' dir='ltr'><strong>ad</strong></span> <span class='ocrx_word' id='word_1_375' title='bbox 1449 1391 1581 1426; x_wconf 81' lang='lat' dir='ltr'><strong>liberos</strong></span> <span class='ocrx_word' id='word_1_376' title='bbox 1616 1389 1815 1426; x_wconf 75' lang='lat' dir='ltr'><strong>ascendunt</strong></span> <span class='ocrx_word' id='word_1_377' title='bbox 1850 1393 1886 1425; x_wconf 79' lang='lat' dir='ltr'><strong>et</strong></span> <span class='ocrx_word' id='word_1_378' title='bbox 1920 1400 1963 1424; x_wconf 86' lang='lat' dir='ltr'><strong>ex</strong></span> <span class='ocrx_word' id='word_1_379' title='bbox 1998 1388 2223 1424; x_wconf 70' lang='lat' dir='ltr'><strong>naturalibus</strong></span> <span class='ocrx_word' id='word_1_380' title='bbox 2258 1388 2305 1423; x_wconf 71' lang='lat' dir='ltr'><strong>ad</strong></span> 
     </span>
     <span class='ocr_line' id='line_1_27' title="bbox 88 1432 2306 1482; baseline 0 -13"><span class='ocrx_word' id='word_1_381' title='bbox 88 1436 175 1470; x_wconf 87' lang='grc' dir='ltr'><strong>θων</strong></span> <span class='ocrx_word' id='word_1_382' title='bbox 197 1435 245 1469; x_wconf 72' lang='grc' dir='ltr'><strong><em>εἰς</em></strong></span> <span class='ocrx_word' id='word_1_383' title='bbox 265 1438 447 1482; x_wconf 80' lang='grc' dir='ltr'><strong><em>γνησίους,</em></strong></span> <span class='ocrx_word' id='word_1_384' title='bbox 480 1433 516 1468; x_wconf 88' lang='grc' dir='ltr'><strong>οἱ</strong></span> <span class='ocrx_word' id='word_1_385' title='bbox 537 1432 577 1468; x_wconf 82' lang='grc' dir='ltr'><strong>δὲ</strong></span> <span class='ocrx_word' id='word_1_386' title='bbox 599 1434 711 1469; x_wconf 91' lang='grc' dir='ltr'><strong><em>νόθοι</em></strong></span> <span class='ocrx_word' id='word_1_387' title='bbox 741 1439 784 1470; x_wconf 76' lang='grc' dir='ltr'><strong><em>τέ</em></strong></span> <span class='ocrx_word' id='word_1_388' title='bbox 804 1437 896 1470; x_wconf 82' lang='grc' dir='ltr'><strong><em>εἰσιν</em></strong></span> <span class='ocrx_word' id='word_1_389' title='bbox 919 1433 1080 1470; x_wconf 78' lang='grc' dir='ltr'><strong><em>αὐτόθεν</em></strong></span> <span class='ocrx_word' id='word_1_390' title='bbox 1102 1439 1165 1469; x_wconf 82' lang='grc' dir='ltr'><strong>καί</strong></span> <span class='ocrx_word' id='word_1_391' title='bbox 1229 1436 1421 1480; x_wconf 85' lang='lat' dir='ltr'><strong>legitimos,</strong></span> <span class='ocrx_word' id='word_1_392' title='bbox 1456 1436 1517 1471; x_wconf 82' lang='lat' dir='ltr'><strong>alii</strong></span> <span class='ocrx_word' id='word_1_393' title='bbox 1547 1446 1631 1471; x_wconf 84' lang='lat' dir='ltr'><strong>vero</strong></span> <span class='ocrx_word' id='word_1_394' title='bbox 1664 1445 1708 1470; x_wconf 86' lang='lat' dir='ltr'><strong>ex</strong></span> <span class='ocrx_word' id='word_1_395' title='bbox 1735 1435 1804 1470; x_wconf 90' lang='lat' dir='ltr'><strong>hoc</strong></span> <span class='ocrx_word' id='word_1_396' title='bbox 1834 1435 1912 1479; x_wconf 88' lang='lat' dir='ltr'><strong>ipso</strong></span> <span class='ocrx_word' id='word_1_397' title='bbox 1942 1434 2124 1470; x_wconf 78' lang='lat' dir='ltr'><strong>naturales</strong></span> <span class='ocrx_word' id='word_1_398' title='bbox 2152 1437 2237 1469; x_wconf 90' lang='lat' dir='ltr'><strong>sunt</strong></span> <span class='ocrx_word' id='word_1_399' title='bbox 2270 1437 2306 1469; x_wconf 91' lang='lat' dir='ltr'><strong>et</strong></span> 
     </span>
     <span class='ocr_line' id='line_1_28' title="bbox 88 1477 2304 1528; baseline -0 -13"><span class='ocrx_word' id='word_1_400' title='bbox 88 1483 182 1515; x_wconf 81' lang='grc' dir='ltr'><strong><em>τινές</em></strong></span> <span class='ocrx_word' id='word_1_401' title='bbox 204 1481 296 1515; x_wconf 82' lang='grc' dir='ltr'><strong><em>εἰσιν</em></strong></span> <span class='ocrx_word' id='word_1_402' title='bbox 320 1477 439 1513; x_wconf 82' lang='grc' dir='ltr'><strong><em>αὐτοῖς</em></strong></span> <span class='ocrx_word' id='word_1_403' title='bbox 461 1477 638 1523; x_wconf 85' lang='grc' dir='ltr'><strong><em>διαδοχαί,</em></strong></span> <span class='ocrx_word' id='word_1_404' title='bbox 661 1484 734 1515; x_wconf 79' lang='grc' dir='ltr'><strong><em>τοῖς</em></strong></span> <span class='ocrx_word' id='word_1_405' title='bbox 757 1479 796 1515; x_wconf 78' lang='grc' dir='ltr'><strong>δὲ</strong></span> <span class='ocrx_word' id='word_1_406' title='bbox 817 1478 900 1515; x_wconf 77' lang='grc' dir='ltr'><strong><em>οὐδὲ</em></strong></span> <span class='ocrx_word' id='word_1_407' title='bbox 921 1481 964 1515; x_wconf 83' lang='grc' dir='ltr'><strong>τὸ</strong></span> <span class='ocrx_word' id='word_1_408' title='bbox 988 1482 1078 1528; x_wconf 82' lang='grc' dir='ltr'><strong><em>γοῦν</em></strong></span> <span class='ocrx_word' id='word_1_409' title='bbox 1100 1482 1161 1515; x_wconf 87' lang='grc' dir='ltr'><strong>νό-</strong></span> <span class='ocrx_word' id='word_1_410' title='bbox 1230 1481 1402 1526; x_wconf 83' lang='lat' dir='ltr'><strong>quaedam</strong></span> <span class='ocrx_word' id='word_1_411' title='bbox 1434 1481 1485 1516; x_wconf 88' lang='lat' dir='ltr'><strong>eis</strong></span> <span class='ocrx_word' id='word_1_412' title='bbox 1509 1480 1754 1516; x_wconf 76' lang='lat' dir='ltr'><strong>successiones</strong></span> <span class='ocrx_word' id='word_1_413' title='bbox 1778 1480 1954 1521; x_wconf 82' lang='lat' dir='ltr'><strong>existunt,</strong></span> <span class='ocrx_word' id='word_1_414' title='bbox 1985 1479 2077 1515; x_wconf 88' lang='lat' dir='ltr'><strong>alios</strong></span> <span class='ocrx_word' id='word_1_415' title='bbox 2100 1483 2219 1514; x_wconf 90' lang='lat' dir='ltr'><strong>autem</strong></span> <span class='ocrx_word' id='word_1_416' title='bbox 2242 1489 2304 1514; x_wconf 86' lang='lat' dir='ltr'><strong>ne-</strong></span> 
     </span>
     <span class='ocr_line' id='line_1_29' title="bbox 89 1521 2307 1572; baseline 0 -13"><span class='ocrx_word' id='word_1_417' title='bbox 89 1526 164 1559; x_wconf 89' lang='grc' dir='ltr'><strong>θον</strong></span> <span class='ocrx_word' id='word_1_418' title='bbox 195 1526 384 1570; x_wconf 78' lang='grc' dir='ltr'><strong><em>ἐμπρέπει,</em></strong></span> <span class='ocrx_word' id='word_1_419' title='bbox 416 1521 504 1558; x_wconf 78' lang='grc' dir='ltr'><strong><em>ἀλλὰ</em></strong></span> <span class='ocrx_word' id='word_1_420' title='bbox 532 1528 592 1558; x_wconf 80' lang='grc' dir='ltr'><strong><em>καὶ</em></strong></span> <span class='ocrx_word' id='word_1_421' title='bbox 621 1526 751 1560; x_wconf 79' lang='grc' dir='ltr'><strong><em>τούτου</em></strong></span> <span class='ocrx_word' id='word_1_422' title='bbox 783 1525 987 1572; x_wconf 83' lang='grc' dir='ltr'><strong><em>πεφήνασιν</em></strong></span> <span class='ocrx_word' id='word_1_423' title='bbox 1010 1523 1159 1567; x_wconf 78' lang='grc' dir='ltr'><strong><em>ἀνάξιοι.</em></strong></span> <span class='ocrx_word' id='word_1_424' title='bbox 1230 1536 1298 1571; x_wconf 87' lang='lat' dir='ltr'><strong>que</strong></span> <span class='ocrx_word' id='word_1_425' title='bbox 1322 1526 1503 1561; x_wconf 77' lang='lat' dir='ltr'><strong>naturales</strong></span> <span class='ocrx_word' id='word_1_426' title='bbox 1527 1536 1605 1562; x_wconf 84' lang='lat' dir='ltr'><strong>esse</strong></span> <span class='ocrx_word' id='word_1_427' title='bbox 1621 1525 1733 1569; x_wconf 87' lang='lat' dir='ltr'><strong>decet,</strong></span> <span class='ocrx_word' id='word_1_428' title='bbox 1756 1525 1820 1560; x_wconf 88' lang='lat' dir='ltr'><strong>sed</strong></span> <span class='ocrx_word' id='word_1_429' title='bbox 1842 1525 1949 1560; x_wconf 85' lang='lat' dir='ltr'><strong>etiam</strong></span> <span class='ocrx_word' id='word_1_430' title='bbox 1972 1525 2041 1559; x_wconf 88' lang='lat' dir='ltr'><strong>hoc</strong></span> <span class='ocrx_word' id='word_1_431' title='bbox 2061 1526 2307 1559; x_wconf 80' lang='lat' dir='ltr'><strong>monstrantur</strong></span> 
     </span>
     <span class='ocr_line' id='line_1_30' title="bbox 90 1566 2305 1616; baseline 0 -12"><span class='ocrx_word' id='word_1_432' title='bbox 90 1568 145 1604; x_wconf 85' lang='grc' dir='ltr'><strong>δεῖ</strong></span> <span class='ocrx_word' id='word_1_433' title='bbox 163 1574 288 1605; x_wconf 87' lang='grc' dir='ltr'><strong><em>τοίνυν</em></strong></span> <span class='ocrx_word' id='word_1_434' title='bbox 310 1566 399 1614; x_wconf 77' lang='grc' dir='ltr'><strong><em>ἡμᾶς</em></strong></span> <span class='ocrx_word' id='word_1_435' title='bbox 421 1567 518 1604; x_wconf 69' lang='grc' dir='ltr'><strong><em>οὕτω</em></strong></span> <span class='ocrx_word' id='word_1_436' title='bbox 538 1569 769 1613; x_wconf 86' lang='grc' dir='ltr'><strong><em>ποιήσασθαι</em></strong></span> <span class='ocrx_word' id='word_1_437' title='bbox 790 1570 857 1615; x_wconf 84' lang='grc' dir='ltr'><strong>τὴν</strong></span> <span class='ocrx_word' id='word_1_438' title='bbox 873 1570 1050 1613; x_wconf 79' lang='grc' dir='ltr'><strong><em>διάταξιν,</em></strong></span> <span class='ocrx_word' id='word_1_439' title='bbox 1074 1568 1161 1605; x_wconf 60' lang='lat' dir='ltr'><strong>diere</strong></span> <span class='ocrx_word' id='word_1_440' title='bbox 1229 1571 1374 1615; x_wconf 87' lang='lat' dir='ltr'><strong>indigni.</strong></span> <span class='ocrx_word' id='word_1_441' title='bbox 1423 1572 1574 1616; x_wconf 87' lang='lat' dir='ltr'><strong>Oportet</strong></span> <span class='ocrx_word' id='word_1_442' title='bbox 1603 1571 1712 1615; x_wconf 86' lang='lat' dir='ltr'><strong>igitur</strong></span> <span class='ocrx_word' id='word_1_443' title='bbox 1749 1580 1814 1605; x_wconf 89' lang='lat' dir='ltr'><strong>nos</strong></span> <span class='ocrx_word' id='word_1_444' title='bbox 1846 1570 1900 1605; x_wconf 92' lang='lat' dir='ltr'><strong>ita</strong></span> <span class='ocrx_word' id='word_1_445' title='bbox 1928 1571 2047 1605; x_wconf 83' lang='lat' dir='ltr'><strong>facere</strong></span> <span class='ocrx_word' id='word_1_446' title='bbox 2079 1569 2305 1605; x_wconf 89' lang='lat' dir='ltr'><strong>constitutio-</strong></span> 
     </span>
     <span class='ocr_line' id='line_1_31' title="bbox 88 1612 2305 1662; baseline 0 -14"><span class='ocrx_word' id='word_1_447' title='bbox 88 1613 201 1660; x_wconf 77' lang='grc' dir='ltr'><strong><em>μηδὲν</em></strong></span> <span class='ocrx_word' id='word_1_448' title='bbox 230 1612 407 1662; x_wconf 72' lang='grc' dir='ltr'><strong><em>ἀγνοῆσαι</em></strong></span> <span class='ocrx_word' id='word_1_449' title='bbox 434 1616 513 1649; x_wconf 81' lang='grc' dir='ltr'><strong>τῶν</strong></span> <span class='ocrx_word' id='word_1_450' title='bbox 542 1614 797 1660; x_wconf 76' lang='grc' dir='ltr'><strong><em>προςηκόντων</em></strong></span> <span class='ocrx_word' id='word_1_451' title='bbox 833 1619 893 1651; x_wconf 78' lang='grc' dir='ltr'><strong>ἐπὶ</strong></span> <span class='ocrx_word' id='word_1_452' title='bbox 920 1618 999 1650; x_wconf 84' lang='grc' dir='ltr'><strong>τῶν</strong></span> <span class='ocrx_word' id='word_1_453' title='bbox 1029 1617 1162 1650; x_wconf 87' lang='grc' dir='ltr'><strong><em>νόθων</em></strong></span> <span class='ocrx_word' id='word_1_454' title='bbox 1175 1619 1217 1651; x_wconf 86' lang='grc'><strong>30</strong></span> <span class='ocrx_word' id='word_1_455' title='bbox 1230 1627 1329 1659; x_wconf 87' lang='lat' dir='ltr'><strong>nem,</strong></span> <span class='ocrx_word' id='word_1_456' title='bbox 1362 1620 1402 1651; x_wconf 88' lang='lat' dir='ltr'><strong>ut</strong></span> <span class='ocrx_word' id='word_1_457' title='bbox 1426 1616 1544 1651; x_wconf 91' lang='lat' dir='ltr'><strong>nullus</strong></span> <span class='ocrx_word' id='word_1_458' title='bbox 1567 1616 1707 1661; x_wconf 84' lang='lat' dir='ltr'><strong>ignoret</strong></span> <span class='ocrx_word' id='word_1_459' title='bbox 1730 1625 1822 1660; x_wconf 89' lang='lat' dir='ltr'><strong>quae</strong></span> <span class='ocrx_word' id='word_1_460' title='bbox 1845 1618 1998 1660; x_wconf 90' lang='lat' dir='ltr'><strong>possunt</strong></span> <span class='ocrx_word' id='word_1_461' title='bbox 2019 1614 2058 1650; x_wconf 90' lang='lat' dir='ltr'><strong>in</strong></span> <span class='ocrx_word' id='word_1_462' title='bbox 2080 1614 2305 1650; x_wconf 86' lang='lat' dir='ltr'><strong>naturalibus</strong></span> 
     </span>
     <span class='ocr_line' id='line_1_32' title="bbox 89 1657 2305 1707; baseline -0 -12"><span class='ocrx_word' id='word_1_463' title='bbox 89 1663 242 1707; x_wconf 82' lang='grc' dir='ltr'><strong><em>κρατεῖν.</em></strong></span> <span class='ocrx_word' id='word_1_464' title='bbox 288 1660 436 1705; x_wconf 79' lang='grc' dir='ltr'><strong><em>ἐροῦμεν</em></strong></span> <span class='ocrx_word' id='word_1_465' title='bbox 459 1658 499 1693; x_wconf 80' lang='grc' dir='ltr'><strong>δὲ</strong></span> <span class='ocrx_word' id='word_1_466' title='bbox 522 1657 715 1706; x_wconf 78' lang='grc' dir='ltr'><strong><em>ἀρχόμενοι</em></strong></span> <span class='ocrx_word' id='word_1_467' title='bbox 738 1663 801 1695; x_wconf 73' lang='grc' dir='ltr'><strong>τοῦ</strong></span> <span class='ocrx_word' id='word_1_468' title='bbox 824 1659 949 1706; x_wconf 88' lang='grc' dir='ltr'><strong><em>νόμου,</em></strong></span> <span class='ocrx_word' id='word_1_469' title='bbox 979 1665 1074 1696; x_wconf 82' lang='grc' dir='ltr'><strong><em>τίνες</em></strong></span> <span class='ocrx_word' id='word_1_470' title='bbox 1094 1663 1162 1705; x_wconf 73' lang='grc' dir='ltr'><strong>μὲν</strong></span> <span class='ocrx_word' id='word_1_471' title='bbox 1230 1663 1357 1697; x_wconf 86' lang='lat' dir='ltr'><strong>valere.</strong></span> <span class='ocrx_word' id='word_1_472' title='bbox 1405 1661 1565 1696; x_wconf 86' lang='lat' dir='ltr'><strong>Dicimus</strong></span> <span class='ocrx_word' id='word_1_473' title='bbox 1588 1666 1708 1696; x_wconf 89' lang='lat' dir='ltr'><strong>autem</strong></span> <span class='ocrx_word' id='word_1_474' title='bbox 1736 1660 1947 1696; x_wconf 87' lang='lat' dir='ltr'><strong>incohantes</strong></span> <span class='ocrx_word' id='word_1_475' title='bbox 1970 1659 2102 1705; x_wconf 83' lang='lat' dir='ltr'><strong>legem,</strong></span> <span class='ocrx_word' id='word_1_476' title='bbox 2159 1659 2196 1694; x_wconf 92' lang='lat' dir='ltr'><strong>ui</strong></span> <span class='ocrx_word' id='word_1_477' title='bbox 2220 1670 2305 1695; x_wconf 93' lang='lat' dir='ltr'><strong>con-</strong></span> 
     </span>
     <span class='ocr_line' id='line_1_33' title="bbox 89 1703 2306 1753; baseline 0 -14"><span class='ocrx_word' id='word_1_478' title='bbox 89 1703 441 1748; x_wconf 61' lang='grc' dir='ltr'><strong><em>καθεστᾶσι,νόθοι,</em></strong></span> <span class='ocrx_word' id='word_1_479' title='bbox 471 1708 546 1738; x_wconf 82' lang='grc' dir='ltr'><strong><em>τίσι</em></strong></span> <span class='ocrx_word' id='word_1_480' title='bbox 577 1703 617 1739; x_wconf 76' lang='grc' dir='ltr'><strong>δὲ</strong></span> <span class='ocrx_word' id='word_1_481' title='bbox 639 1704 787 1751; x_wconf 85' lang='grc' dir='ltr'><strong><em>τρόποις</em></strong></span> <span class='ocrx_word' id='word_1_482' title='bbox 810 1707 982 1752; x_wconf 80' lang='grc' dir='ltr'><strong><em>προΐασιν</em></strong></span> <span class='ocrx_word' id='word_1_483' title='bbox 1009 1708 1056 1741; x_wconf 74' lang='grc' dir='ltr'><strong><em>εἰς</em></strong></span> <span class='ocrx_word' id='word_1_484' title='bbox 1076 1720 1160 1753; x_wconf 75' lang='grc' dir='ltr'><strong><em>γνη-</em></strong></span> <span class='ocrx_word' id='word_1_485' title='bbox 1231 1707 1362 1742; x_wconf 80' lang='lat' dir='ltr'><strong>sistunt</strong></span> <span class='ocrx_word' id='word_1_486' title='bbox 1393 1707 1596 1749; x_wconf 77' lang='lat' dir='ltr'><strong>naturales,</strong></span> <span class='ocrx_word' id='word_1_487' title='bbox 1636 1706 1836 1751; x_wconf 74' lang='lat' dir='ltr'><strong>quibusque</strong></span> <span class='ocrx_word' id='word_1_488' title='bbox 1870 1705 1986 1740; x_wconf 75' lang='lat' dir='ltr'><strong>modis</strong></span> <span class='ocrx_word' id='word_1_489' title='bbox 2024 1715 2134 1751; x_wconf 78' lang='lat' dir='ltr'><strong>proce</strong></span> <span class='ocrx_word' id='word_1_490' title='bbox 2161 1706 2226 1740; x_wconf 78' lang='lat' dir='ltr'><strong>unt</strong></span> <span class='ocrx_word' id='word_1_491' title='bbox 2259 1705 2306 1740; x_wconf 69' lang='lat' dir='ltr'><strong>ud</strong></span> 
     </span>
     <span class='ocr_line' id='line_1_34' title="bbox 90 1748 2307 1804; baseline 0 -20"><span class='ocrx_word' id='word_1_492' title='bbox 90 1749 241 1794; x_wconf 83' lang='grc' dir='ltr'><strong><em>σιότητα</em></strong></span> <span class='ocrx_word' id='word_1_493' title='bbox 263 1749 329 1792; x_wconf 77' lang='grc' dir='ltr'><strong>(ὠν</strong></span> <span class='ocrx_word' id='word_1_494' title='bbox 351 1749 433 1784; x_wconf 78' lang='grc' dir='ltr'><strong><em>τοὺς</em></strong></span> <span class='ocrx_word' id='word_1_495' title='bbox 455 1748 605 1784; x_wconf 83' lang='grc' dir='ltr'><strong><em>πολλοὺς</em></strong></span> <span class='ocrx_word' id='word_1_496' title='bbox 637 1750 826 1796; x_wconf 80' lang='grc' dir='ltr'><strong><em>ἐξεύρομεν</em></strong></span> <span class='ocrx_word' id='word_1_497' title='bbox 856 1750 974 1796; x_wconf 75' lang='grc' dir='ltr'><strong><em>ἡμεῖς),</em></strong></span> <span class='ocrx_word' id='word_1_498' title='bbox 1005 1755 1100 1786; x_wconf 78' lang='grc' dir='ltr'><strong><em>τίνες</em></strong></span> <span class='ocrx_word' id='word_1_499' title='bbox 1121 1754 1165 1785; x_wconf 80' lang='grc' dir='ltr'><strong><em>τέ</em></strong></span> <span class='ocrx_word' id='word_1_500' title='bbox 1230 1752 1403 1797; x_wconf 86' lang='lat' dir='ltr'><strong>legitimos</strong></span> <span class='ocrx_word' id='word_1_501' title='bbox 1429 1755 1595 1797; x_wconf 86' lang='lat' dir='ltr'><strong>(quorum</strong></span> <span class='ocrx_word' id='word_1_502' title='bbox 1617 1751 1789 1804; x_wconf 82' lang='lat' dir='ltr'><strong>plurimos</strong></span> <span class='ocrx_word' id='word_1_503' title='bbox 1812 1750 2009 1786; x_wconf 88' lang='lat' dir='ltr'><strong>invenimus</strong></span> <span class='ocrx_word' id='word_1_504' title='bbox 2031 1753 2122 1792; x_wconf 79' lang='lat' dir='ltr'><strong>nos),</strong></span> <span class='ocrx_word' id='word_1_505' title='bbox 2155 1752 2193 1785; x_wconf 90' lang='lat' dir='ltr'><strong>et</strong></span> <span class='ocrx_word' id='word_1_506' title='bbox 2215 1759 2307 1795; x_wconf 89' lang='lat' dir='ltr'><strong>quae</strong></span> 
     </span>
     <span class='ocr_line' id='line_1_35' title="bbox 79 1792 2306 1841; baseline 0 -12"><span class='ocrx_word' id='word_1_507' title='bbox 79 1796 180 1830; x_wconf 71' lang='grc' dir='ltr'><strong><em>ἐἰσιν</em></strong></span> <span class='ocrx_word' id='word_1_508' title='bbox 199 1795 239 1829; x_wconf 84' lang='grc' dir='ltr'><strong>αἱ</strong></span> <span class='ocrx_word' id='word_1_509' title='bbox 256 1794 398 1829; x_wconf 79' lang='grc' dir='ltr'><strong><em>τούτων</em></strong></span> <span class='ocrx_word' id='word_1_510' title='bbox 421 1792 595 1837; x_wconf 72' lang='grc' dir='ltr'><strong><em>διαδοχαί,</em></strong></span> <span class='ocrx_word' id='word_1_511' title='bbox 619 1799 679 1829; x_wconf 79' lang='grc' dir='ltr'><strong>καὶ</strong></span> <span class='ocrx_word' id='word_1_512' title='bbox 695 1792 796 1831; x_wconf 76' lang='grc' dir='ltr'><strong>ὅπως</strong></span> <span class='ocrx_word' id='word_1_513' title='bbox 816 1799 884 1841; x_wconf 79' lang='grc' dir='ltr'><strong>μὲν</strong></span> <span class='ocrx_word' id='word_1_514' title='bbox 915 1793 937 1840; x_wconf 82' lang='grc' dir='ltr'><em>ἦ</em></span> <span class='ocrx_word' id='word_1_515' title='bbox 964 1795 1162 1840; x_wconf 75' lang='grc' dir='ltr'><strong><em>παλαιότης</em></strong></span> <span class='ocrx_word' id='word_1_516' title='bbox 1230 1803 1314 1832; x_wconf 82' lang='lat' dir='ltr'><strong>sunt</strong></span> <span class='ocrx_word' id='word_1_517' title='bbox 1329 1797 1456 1832; x_wconf 83' lang='lat' dir='ltr'><strong>horum</strong></span> <span class='ocrx_word' id='word_1_518' title='bbox 1473 1806 1730 1839; x_wconf 75' lang='lat' dir='ltr'><strong>successiones,</strong></span> <span class='ocrx_word' id='word_1_519' title='bbox 1747 1798 1784 1831; x_wconf 75' lang='lat' dir='ltr'><strong>et</strong></span> <span class='ocrx_word' id='word_1_520' title='bbox 1797 1795 1974 1841; x_wconf 86' lang='lat' dir='ltr'><strong>quomodo</strong></span> <span class='ocrx_word' id='word_1_521' title='bbox 1991 1795 2131 1841; x_wconf 85' lang='lat' dir='ltr'><strong>quidem</strong></span> <span class='ocrx_word' id='word_1_522' title='bbox 2146 1798 2306 1831; x_wconf 74' lang='lat' dir='ltr'><strong>vetustas</strong></span> 
     </span>
     <span class='ocr_line' id='line_1_36' title="bbox 90 1837 2307 1921; baseline 0.001 -47"><span class='ocrx_word' id='word_1_523' title='bbox 90 1839 261 1888; x_wconf 80' lang='grc' dir='ltr'><strong><em>ἐχρήσατο</em></strong></span> <span class='ocrx_word' id='word_1_524' title='bbox 289 1839 428 1874; x_wconf 76' lang='grc' dir='ltr'><strong><em>τούτοις</em></strong></span> <span class='ocrx_word' id='word_1_525' title='bbox 458 1841 606 1885; x_wconf 77' lang='grc' dir='ltr'><strong><em>πικρῶς,</em></strong></span> <span class='ocrx_word' id='word_1_526' title='bbox 638 1837 740 1876; x_wconf 77' lang='grc' dir='ltr'><strong><em>ὅπως</em></strong></span> <span class='ocrx_word' id='word_1_527' title='bbox 768 1840 808 1876; x_wconf 81' lang='grc' dir='ltr'><strong>δὲ</strong></span> <span class='ocrx_word' id='word_1_528' title='bbox 830 1840 925 1886; x_wconf 79' lang='grc' dir='ltr'><strong><em>ἡμεῖς</em></strong></span> <span class='ocrx_word' id='word_1_529' title='bbox 948 1841 1160 1889; x_wconf 75' lang='grc' dir='ltr'><strong><em>φιλανθρώ-</em></strong></span> <span class='ocrx_word' id='word_1_530' title='bbox 1174 1845 1215 1878; x_wconf 89' lang='lat'><strong>35</strong></span> <span class='ocrx_word' id='word_1_531' title='bbox 1230 1852 1295 1878; x_wconf 87' lang='lat' dir='ltr'><strong>usa</strong></span> <span class='ocrx_word' id='word_1_532' title='bbox 1310 1846 1366 1877; x_wconf 88' lang='lat' dir='ltr'><strong>est</strong></span> <span class='ocrx_word' id='word_1_533' title='bbox 1382 1842 1439 1877; x_wconf 90' lang='lat' dir='ltr'><strong>his</strong></span> <span class='ocrx_word' id='word_1_534' title='bbox 1455 1852 1587 1884; x_wconf 85' lang='lat' dir='ltr'><strong>amare,</strong></span> <span class='ocrx_word' id='word_1_535' title='bbox 1608 1840 1784 1887; x_wconf 88' lang='lat' dir='ltr'><strong>quomodo</strong></span> <span class='ocrx_word' id='word_1_536' title='bbox 1802 1841 1920 1921; x_wconf 53' lang='grc' dir='ltr'><strong><em>ἓνετο)</em></strong></span> <span class='ocrx_word' id='word_1_537' title='bbox 1940 1851 2006 1877; x_wconf 91' lang='lat' dir='ltr'><strong>nos</strong></span> <span class='ocrx_word' id='word_1_538' title='bbox 2026 1841 2192 1876; x_wconf 84' lang='lat' dir='ltr'><strong>humane.</strong></span> <span class='ocrx_word' id='word_1_539' title='bbox 2230 1840 2307 1876; x_wconf 86' lang='lat' dir='ltr'><strong>Nec</strong></span> 
     </span>
     <span class='ocr_line' id='line_1_37' title="bbox 90 1883 2306 1932; baseline 0 -12"><span class='ocrx_word' id='word_1_540' title='bbox 90 1897 183 1920; x_wconf 78' lang='grc' dir='ltr'><strong><em>πως·</em></strong></span> <span class='ocrx_word' id='word_1_541' title='bbox 217 1883 555 1931; x_wconf 61' lang='grc' dir='ltr'><strong><em>παραληφθήσεται</em></strong></span> <span class='ocrx_word' id='word_1_542' title='bbox 586 1883 627 1919; x_wconf 79' lang='grc' dir='ltr'><strong>δὲ</strong></span> <span class='ocrx_word' id='word_1_543' title='bbox 647 1884 731 1920; x_wconf 75' lang='grc' dir='ltr'><strong><em>οὐδὲ</em></strong></span> <span class='ocrx_word' id='word_1_544' title='bbox 753 1888 866 1921; x_wconf 78' lang='grc' dir='ltr'><strong><em>έκεῖνο</em></strong></span> <span class='ocrx_word' id='word_1_545' title='bbox 889 1887 932 1921; x_wconf 83' lang='grc' dir='ltr'><strong><em>τὸ</em></strong></span> <span class='ocrx_word' id='word_1_546' title='bbox 956 1886 1056 1921; x_wconf 76' lang='grc' dir='ltr'><strong><em>τινὰς</em></strong></span> <span class='ocrx_word' id='word_1_547' title='bbox 1078 1884 1162 1921; x_wconf 79' lang='grc' dir='ltr'><strong><em>οὐδὲ</em></strong></span> <span class='ocrx_word' id='word_1_548' title='bbox 1228 1887 1317 1923; x_wconf 90' lang='lat' dir='ltr'><strong>illud</strong></span> <span class='ocrx_word' id='word_1_549' title='bbox 1335 1897 1476 1932; x_wconf 91' lang='lat' dir='ltr'><strong>quoque</strong></span> <span class='ocrx_word' id='word_1_550' title='bbox 1491 1887 1712 1932; x_wconf 85' lang='lat' dir='ltr'><strong>relinquitur,</strong></span> <span class='ocrx_word' id='word_1_551' title='bbox 1734 1896 1804 1931; x_wconf 93' lang='lat' dir='ltr'><strong>quo</strong></span> <span class='ocrx_word' id='word_1_552' title='bbox 1849 1885 1992 1931; x_wconf 89' lang='lat' dir='ltr'><strong>quidam</strong></span> <span class='ocrx_word' id='word_1_553' title='bbox 2008 1896 2074 1921; x_wconf 92' lang='lat' dir='ltr'><strong>nec</strong></span> <span class='ocrx_word' id='word_1_554' title='bbox 2090 1885 2306 1921; x_wconf 83' lang='lat' dir='ltr'><strong>naturalium</strong></span> 
     </span>
     <span class='ocr_line' id='line_1_38' title="bbox 90 1928 2306 1978; baseline 0 -13"><span class='ocrx_word' id='word_1_555' title='bbox 90 1931 151 1973; x_wconf 79' lang='grc' dir='ltr'><strong><em>τῆς</em></strong></span> <span class='ocrx_word' id='word_1_556' title='bbox 177 1931 256 1965; x_wconf 80' lang='grc' dir='ltr'><strong>τῶν</strong></span> <span class='ocrx_word' id='word_1_557' title='bbox 278 1929 410 1964; x_wconf 85' lang='grc' dir='ltr'><strong><em>νόθων</em></strong></span> <span class='ocrx_word' id='word_1_558' title='bbox 433 1928 630 1970; x_wconf 78' lang='grc' dir='ltr'><strong><em>α’ξιοῦσθαι</em></strong></span> <span class='ocrx_word' id='word_1_559' title='bbox 662 1931 762 1976; x_wconf 86' lang='grc' dir='ltr'><strong><em>παρὰ</em></strong></span> <span class='ocrx_word' id='word_1_560' title='bbox 793 1934 871 1978; x_wconf 61' lang='grc' dir='ltr'><strong>τῶν</strong></span> <span class='ocrx_word' id='word_1_561' title='bbox 894 1932 1020 1976; x_wconf 86' lang='grc' dir='ltr'><strong><em>νόμων</em></strong></span> <span class='ocrx_word' id='word_1_562' title='bbox 1043 1931 1161 1966; x_wconf 83' lang='grc' dir='ltr'><strong><em>καθά-</em></strong></span> <span class='ocrx_word' id='word_1_563' title='bbox 1230 1933 1326 1977; x_wconf 84' lang='lat' dir='ltr'><strong>digni</strong></span> <span class='ocrx_word' id='word_1_564' title='bbox 1347 1932 1450 1976; x_wconf 86' lang='lat' dir='ltr'><strong>fiunt,</strong></span> <span class='ocrx_word' id='word_1_565' title='bbox 1483 1932 1589 1968; x_wconf 86' lang='lat' dir='ltr'><strong>sicuti</strong></span> <span class='ocrx_word' id='word_1_566' title='bbox 1612 1932 1775 1974; x_wconf 85' lang='lat' dir='ltr'><strong>diximus,</strong></span> <span class='ocrx_word' id='word_1_567' title='bbox 1800 1931 2049 1976; x_wconf 83' lang='lat' dir='ltr'><strong>appellatione.</strong></span> <span class='ocrx_word' id='word_1_568' title='bbox 2096 1931 2237 1966; x_wconf 85' lang='lat' dir='ltr'><strong>Natura</strong></span> <span class='ocrx_word' id='word_1_569' title='bbox 2258 1930 2306 1966; x_wconf 88' lang='lat' dir='ltr'><strong>si-</strong></span> 
     </span>
     <span class='ocr_line' id='line_1_39' title="bbox 91 1973 1162 2023; baseline 0 -13"><span class='ocrx_word' id='word_1_570' title='bbox 91 1987 158 2021; x_wconf 81' lang='grc' dir='ltr'><strong>περ</strong></span> <span class='ocrx_word' id='word_1_571' title='bbox 181 1975 316 2020; x_wconf 77' lang='grc' dir='ltr'><strong><em>εἴρηται</em></strong></span> <span class='ocrx_word' id='word_1_572' title='bbox 337 1978 576 2021; x_wconf 80' lang='grc' dir='ltr'><strong><em>προςηγορίας.</em></strong></span> <span class='ocrx_word' id='word_1_573' title='bbox 622 1973 669 2010; x_wconf 85' lang='grc' dir='ltr'><strong><em>Ἡ</em></strong></span> <span class='ocrx_word' id='word_1_574' title='bbox 677 1978 745 2021; x_wconf 81' lang='grc' dir='ltr'><strong>μὲν</strong></span> <span class='ocrx_word' id='word_1_575' title='bbox 767 1979 834 2012; x_wconf 79' lang='grc' dir='ltr'><strong>οὐν</strong></span> <span class='ocrx_word' id='word_1_576' title='bbox 858 1976 961 2023; x_wconf 83' lang='grc' dir='ltr'><strong><em>φύσις</em></strong></span> <span class='ocrx_word' id='word_1_577' title='bbox 984 1977 1023 2018; x_wconf 74' lang='grc' dir='ltr'><strong>ἐξ</strong></span> <span class='ocrx_word' id='word_1_578' title='bbox 1044 1977 1162 2022; x_wconf 78' lang='grc' dir='ltr'><strong><em>ἀρχῆς,</em></strong></span> 
     </span>
    </p>
   </div>
   <div class='ocr_carea' id='block_1_7' title="bbox 91 2063 2308 2384">
    <p class='ocr_par' dir='ltr' id='par_1_7' title="bbox 91 2063 2308 2247">
     <span class='ocr_line' id='line_1_40' title="bbox 91 2063 2304 2116; baseline 0 -16"><span class='ocrx_word' id='word_1_579' title='bbox 91 2067 127 2100; x_wconf 84' lang='lat' dir='ltr'><strong>et</strong></span> <span class='ocrx_word' id='word_1_580' title='bbox 155 2063 327 2116; x_wconf 82' lang='lat' dir='ltr'><strong>quoniam</strong></span> <span class='ocrx_word' id='word_1_581' title='bbox 358 2063 407 2098; x_wconf 85' lang='lat' dir='ltr'><strong>ad</strong></span> <span class='ocrx_word' id='word_1_582' title='bbox 435 2067 563 2098; x_wconf 83' lang='lat' dir='ltr'><strong>nostra</strong></span> <span class='ocrx_word' id='word_1_583' title='bbox 593 2075 737 2110; x_wconf 80' lang='lat' dir='ltr'><strong>quoque</strong></span> <span class='ocrx_word' id='word_1_584' title='bbox 770 2069 807 2100; x_wconf 88' lang='lat' dir='ltr'><strong>et</strong></span> <span class='ocrx_word' id='word_1_585' title='bbox 835 2077 930 2111; x_wconf 84' lang='lat' dir='ltr'><strong>quae</strong></span> <span class='ocrx_word' id='word_1_586' title='bbox 960 2077 1035 2102; x_wconf 88' lang='lat' dir='ltr'><strong>non</strong></span> <span class='ocrx_word' id='word_1_587' title='bbox 1066 2065 1215 2101; x_wconf 88' lang='lat' dir='ltr'><strong>multum</strong></span> <span class='ocrx_word' id='word_1_588' title='bbox 1250 2069 1335 2100; x_wconf 86' lang='lat' dir='ltr'><strong>ante</strong></span> <span class='ocrx_word' id='word_1_589' title='bbox 1368 2075 1436 2100; x_wconf 83' lang='lat' dir='ltr'><strong>uos</strong></span> <span class='ocrx_word' id='word_1_590' title='bbox 1461 2066 1616 2110; x_wconf 80' lang='lat' dir='ltr'><strong>fuerunt</strong></span> <span class='ocrx_word' id='word_1_591' title='bbox 1648 2068 1811 2111; x_wconf 83' lang='lat' dir='ltr'><strong>tempora</strong></span> <span class='ocrx_word' id='word_1_592' title='bbox 1841 2068 2104 2111; x_wconf 86' lang='lat' dir='ltr'><strong>pervenerunt,</strong></span> <span class='ocrx_word' id='word_1_593' title='bbox 2137 2075 2304 2110; x_wconf 75' lang='lat' dir='ltr'><strong>maqnam</strong></span> 
     </span>
     <span class='ocr_line' id='line_1_41' title="bbox 91 2107 2306 2157; baseline 0 -13"><span class='ocrx_word' id='word_1_594' title='bbox 91 2112 300 2144; x_wconf 78' lang='lat' dir='ltr'><strong>vamtatem</strong></span> <span class='ocrx_word' id='word_1_595' title='bbox 322 2118 381 2142; x_wconf 86' lang='lat' dir='ltr'><strong>res</strong></span> <span class='ocrx_word' id='word_1_596' title='bbox 403 2108 553 2154; x_wconf 86' lang='lat' dir='ltr'><strong>accepit.</strong></span> <span class='ocrx_word' id='word_1_597' title='bbox 600 2107 741 2144; x_wconf 77' lang='lat' dir='ltr'><strong>Etenim</strong></span> <span class='ocrx_word' id='word_1_598' title='bbox 765 2120 832 2145; x_wconf 85' lang='lat' dir='ltr'><strong>nos</strong></span> <span class='ocrx_word' id='word_1_599' title='bbox 854 2110 994 2157; x_wconf 78' lang='lat' dir='ltr'><strong>duplex</strong></span> <span class='ocrx_word' id='word_1_600' title='bbox 1022 2110 1179 2146; x_wconf 85' lang='lat' dir='ltr'><strong>studium</strong></span> <span class='ocrx_word' id='word_1_601' title='bbox 1208 2109 1447 2151; x_wconf 69' lang='lat' dir='ltr'><strong>adhibuimus,</strong></span> <span class='ocrx_word' id='word_1_602' title='bbox 1475 2115 1518 2145; x_wconf 88' lang='lat' dir='ltr'><strong>ut</strong></span> <span class='ocrx_word' id='word_1_603' title='bbox 1540 2109 1671 2145; x_wconf 81' lang='lat' dir='ltr'><strong>multos</strong></span> <span class='ocrx_word' id='word_1_604' title='bbox 1693 2109 1854 2145; x_wconf 76' lang='lat' dir='ltr'><strong>homines</strong></span> <span class='ocrx_word' id='word_1_605' title='bbox 1879 2114 1915 2144; x_wconf 87' lang='lat' dir='ltr'><strong>et</strong></span> <span class='ocrx_word' id='word_1_606' title='bbox 1945 2120 1996 2145; x_wconf 73' lang='lat' dir='ltr'><strong>ex</strong></span> <span class='ocrx_word' id='word_1_607' title='bbox 2011 2109 2174 2155; x_wconf 83' lang='lat' dir='ltr'><strong>pristina</strong></span> <span class='ocrx_word' id='word_1_608' title='bbox 2195 2111 2306 2146; x_wconf 81' lang='lat' dir='ltr'><strong>servi-</strong></span> 
     </span>
     <span class='ocr_line' id='line_1_42' title="bbox 95 2152 2308 2200; baseline 0 -11"><span class='ocrx_word' id='word_1_609' title='bbox 95 2157 169 2189; x_wconf 88' lang='lat' dir='ltr'><strong>tute</strong></span> <span class='ocrx_word' id='word_1_610' title='bbox 191 2153 229 2188; x_wconf 89' lang='lat' dir='ltr'><strong>in</strong></span> <span class='ocrx_word' id='word_1_611' title='bbox 251 2152 450 2187; x_wconf 86' lang='lat' dir='ltr'><strong>libertatem</strong></span> <span class='ocrx_word' id='word_1_612' title='bbox 469 2152 748 2198; x_wconf 82' lang='lat' dir='ltr'><strong>perduceremus</strong></span> <span class='ocrx_word' id='word_1_613' title='bbox 776 2158 812 2190; x_wconf 87' lang='lat' dir='ltr'><strong>et</strong></span> <span class='ocrx_word' id='word_1_614' title='bbox 833 2165 883 2190; x_wconf 78' lang='lat' dir='ltr'><strong>ea:</strong></span> <span class='ocrx_word' id='word_1_615' title='bbox 906 2155 1134 2190; x_wconf 83' lang='lat' dir='ltr'><strong>naturalibus</strong></span> <span class='ocrx_word' id='word_1_616' title='bbox 1162 2155 1255 2190; x_wconf 86' lang='lat' dir='ltr'><strong>inter</strong></span> <span class='ocrx_word' id='word_1_617' title='bbox 1278 2154 1456 2200; x_wconf 77' lang='lat' dir='ltr'><strong>leqitimos</strong></span> <span class='ocrx_word' id='word_1_618' title='bbox 1484 2155 1726 2199; x_wconf 79' lang='lat' dir='ltr'><strong>referremus:</strong></span> <span class='ocrx_word' id='word_1_619' title='bbox 1759 2164 1875 2200; x_wconf 84' lang='lat' dir='ltr'><strong>neque</strong></span> <span class='ocrx_word' id='word_1_620' title='bbox 1903 2154 1996 2189; x_wconf 90' lang='lat' dir='ltr'><strong>enim</strong></span> <span class='ocrx_word' id='word_1_621' title='bbox 2026 2159 2068 2189; x_wconf 88' lang='lat' dir='ltr'><strong>ut</strong></span> <span class='ocrx_word' id='word_1_622' title='bbox 2089 2154 2308 2190; x_wconf 80' lang='lat' dir='ltr'><strong>vindicemus</strong></span> 
     </span>
     <span class='ocr_line' id='line_1_43' title="bbox 91 2196 2307 2247; baseline 0 -13"><span class='ocrx_word' id='word_1_623' title='bbox 91 2202 129 2234; x_wconf 86' lang='lat' dir='ltr'><strong>et</strong></span> <span class='ocrx_word' id='word_1_624' title='bbox 151 2202 306 2247; x_wconf 81' lang='lat' dir='ltr'><strong>vetemus</strong></span> <span class='ocrx_word' id='word_1_625' title='bbox 329 2196 507 2243; x_wconf 73' lang='lat' dir='ltr'><strong>aqendum</strong></span> <span class='ocrx_word' id='word_1_626' title='bbox 536 2198 661 2243; x_wconf 86' lang='lat' dir='ltr'><strong>potius</strong></span> <span class='ocrx_word' id='word_1_627' title='bbox 682 2209 790 2244; x_wconf 87' lang='lat' dir='ltr'><strong>quam</strong></span> <span class='ocrx_word' id='word_1_628' title='bbox 814 2203 853 2233; x_wconf 83' lang='lat' dir='ltr'><strong>ut</strong></span> <span class='ocrx_word' id='word_1_629' title='bbox 875 2200 1079 2235; x_wconf 85' lang='lat' dir='ltr'><strong>medeamur</strong></span> <span class='ocrx_word' id='word_1_630' title='bbox 1108 2199 1142 2235; x_wconf 91' lang='lat' dir='ltr'><strong>ei</strong></span> <span class='ocrx_word' id='word_1_631' title='bbox 1165 2199 1264 2245; x_wconf 82' lang='lat' dir='ltr'><strong>quod</strong></span> <span class='ocrx_word' id='word_1_632' title='bbox 1286 2199 1430 2234; x_wconf 85' lang='lat' dir='ltr'><strong>laborat</strong></span> <span class='ocrx_word' id='word_1_633' title='bbox 1452 2204 1486 2234; x_wconf 89' lang='lat' dir='ltr'><strong>et</strong></span> <span class='ocrx_word' id='word_1_634' title='bbox 1507 2198 1642 2234; x_wconf 89' lang='lat' dir='ltr'><strong>malum</strong></span> <span class='ocrx_word' id='word_1_635' title='bbox 1662 2199 1869 2244; x_wconf 76' lang='lat' dir='ltr'><strong>suqiamus,</strong></span> <span class='ocrx_word' id='word_1_636' title='bbox 1901 2198 2125 2234; x_wconf 77' lang='lat' dir='ltr'><strong>inveniamus</strong></span> <span class='ocrx_word' id='word_1_637' title='bbox 2147 2198 2307 2245; x_wconf 84' lang='lat' dir='ltr'><strong>undique</strong></span> 
     </span>
    </p>

    <p class='ocr_par' dir='ltr' id='par_1_8' title="bbox 94 2241 2307 2384">
     <span class='ocr_line' id='line_1_44' title="bbox 118 2241 2306 2290; baseline 0 -12"><span class='ocrx_word' id='word_1_638' title='bbox 118 2241 193 2278; x_wconf 88' lang='lat' dir='ltr'><strong>uod</strong></span> <span class='ocrx_word' id='word_1_639' title='bbox 214 2241 340 2278; x_wconf 69' lang='lat' dir='ltr'><strong>melius</strong></span> <span class='ocrx_word' id='word_1_640' title='bbox 361 2242 418 2276; x_wconf 88' lang='lat' dir='ltr'><strong>sit.</strong></span> <span class='ocrx_word' id='word_1_641' title='bbox 465 2241 641 2284; x_wconf 83' lang='lat' dir='ltr'><strong>Quoniam</strong></span> <span class='ocrx_word' id='word_1_642' title='bbox 662 2243 776 2288; x_wconf 76' lang='lat' dir='ltr'><strong>iqitur</strong></span> <span class='ocrx_word' id='word_1_643' title='bbox 808 2244 983 2279; x_wconf 86' lang='lat' dir='ltr'><strong>nonnulla</strong></span> <span class='ocrx_word' id='word_1_644' title='bbox 1006 2245 1043 2279; x_wconf 84' lang='lat' dir='ltr'><strong>in</strong></span> <span class='ocrx_word' id='word_1_645' title='bbox 1066 2244 1158 2279; x_wconf 88' lang='lat' dir='ltr'><strong>libro</strong></span> <span class='ocrx_word' id='word_1_646' title='bbox 1182 2244 1494 2285; x_wconf 81' lang='lat' dir='ltr'><strong>constitutionum,</strong></span> <span class='ocrx_word' id='word_1_647' title='bbox 1523 2254 1627 2289; x_wconf 86' lang='lat' dir='ltr'><strong>quem</strong></span> <span class='ocrx_word' id='word_1_648' title='bbox 1649 2254 1700 2279; x_wconf 79' lang='lat' dir='ltr'><strong>ea:</strong></span> <span class='ocrx_word' id='word_1_649' title='bbox 1730 2243 1828 2279; x_wconf 90' lang='lat' dir='ltr'><strong>omni</strong></span> <span class='ocrx_word' id='word_1_650' title='bbox 1847 2243 2016 2290; x_wconf 84' lang='lat' dir='ltr'><strong>priorum</strong></span> <span class='ocrx_word' id='word_1_651' title='bbox 2046 2243 2306 2289; x_wconf 87' lang='lat' dir='ltr'><strong>imperatorum</strong></span> 
     </span>
     <span class='ocr_line' id='line_1_45' title="bbox 94 2254 2307 2338; baseline 0 -15"><span class='ocrx_word' id='word_1_652' title='bbox 94 2254 322 2338; x_wconf 63' lang='lat' dir='ltr'><strong>chislatione</strong></span> <span class='ocrx_word' id='word_1_653' title='bbox 341 2285 560 2331; x_wconf 71' lang='lat' dir='ltr'><strong>colleqimus,</strong></span> <span class='ocrx_word' id='word_1_654' title='bbox 590 2286 635 2321; x_wconf 88' lang='lat' dir='ltr'><strong>de</strong></span> <span class='ocrx_word' id='word_1_655' title='bbox 657 2288 884 2323; x_wconf 82' lang='lat' dir='ltr'><strong>naturalibus</strong></span> <span class='ocrx_word' id='word_1_656' title='bbox 907 2288 1028 2324; x_wconf 87' lang='lat' dir='ltr'><strong>liberis</strong></span> <span class='ocrx_word' id='word_1_657' title='bbox 1049 2289 1125 2324; x_wconf 83' lang='lat' dir='ltr'><strong>scri</strong></span> <span class='ocrx_word' id='word_1_658' title='bbox 1151 2293 1188 2323; x_wconf 90' lang='lat' dir='ltr'><strong>ta</strong></span> <span class='ocrx_word' id='word_1_659' title='bbox 1209 2293 1311 2329; x_wconf 87' lang='lat' dir='ltr'><strong>sunt,</strong></span> <span class='ocrx_word' id='word_1_660' title='bbox 1342 2288 1519 2323; x_wconf 87' lang='lat' dir='ltr'><strong>nonnulla</strong></span> <span class='ocrx_word' id='word_1_661' title='bbox 1550 2288 1656 2324; x_wconf 87' lang='lat' dir='ltr'><strong>etiam</strong></span> <span class='ocrx_word' id='word_1_662' title='bbox 1680 2299 1759 2323; x_wconf 90' lang='lat' dir='ltr'><strong>cum</strong></span> <span class='ocrx_word' id='word_1_663' title='bbox 1782 2287 1826 2322; x_wconf 85' lang='lat' dir='ltr'><strong>de</strong></span> <span class='ocrx_word' id='word_1_664' title='bbox 1850 2287 2029 2323; x_wconf 85' lang='lat' dir='ltr'><strong>tutoribus</strong></span> <span class='ocrx_word' id='word_1_665' title='bbox 2051 2299 2240 2334; x_wconf 77' lang='lat' dir='ltr'><strong>aqeremus</strong></span> <span class='ocrx_word' id='word_1_666' title='bbox 2262 2288 2307 2325; x_wconf 85' lang='lat' dir='ltr'><strong>de</strong></span> 
     </span>
     <span class='ocr_line' id='line_1_46' title="bbox 95 2331 2307 2384; baseline 0.001 -18"><span class='ocrx_word' id='word_1_667' title='bbox 95 2331 312 2383; x_wconf 63' lang='lat' dir='ltr'><strong>luspartim</strong></span> <span class='ocrx_word' id='word_1_668' title='bbox 341 2331 530 2366; x_wconf 71' lang='lat' dir='ltr'><strong>sanximus</strong></span> <span class='ocrx_word' id='word_1_669' title='bbox 557 2331 694 2377; x_wconf 88' lang='lat' dir='ltr'><strong>partim</strong></span> <span class='ocrx_word' id='word_1_670' title='bbox 728 2332 800 2367; x_wconf 84' lang='lat' dir='ltr'><strong>iam</strong></span> <span class='ocrx_word' id='word_1_671' title='bbox 828 2334 1054 2379; x_wconf 81' lang='lat' dir='ltr'><strong>repperimus</strong></span> <span class='ocrx_word' id='word_1_672' title='bbox 1085 2344 1107 2368; x_wconf 89' lang='lat' dir='ltr'><strong>a</strong></span> <span class='ocrx_word' id='word_1_673' title='bbox 1130 2333 1267 2373; x_wconf 84' lang='lat' dir='ltr'><strong>soluta,</strong></span> <span class='ocrx_word' id='word_1_674' title='bbox 1302 2338 1411 2384; x_wconf 76' lang='lat' dir='ltr'><strong>atque</strong></span> <span class='ocrx_word' id='word_1_675' title='bbox 1440 2333 1512 2379; x_wconf 83' lang='lat' dir='ltr'><strong>ipsi</strong></span> <span class='ocrx_word' id='word_1_676' title='bbox 1541 2343 1685 2378; x_wconf 83' lang='lat' dir='ltr'><strong>quoque</strong></span> <span class='ocrx_word' id='word_1_677' title='bbox 1714 2332 1848 2367; x_wconf 87' lang='lat' dir='ltr'><strong>multas</strong></span> <span class='ocrx_word' id='word_1_678' title='bbox 1879 2332 1923 2367; x_wconf 87' lang='lat' dir='ltr'><strong>de</strong></span> <span class='ocrx_word' id='word_1_679' title='bbox 1946 2331 2002 2368; x_wconf 79' lang='lat' dir='ltr'><strong>his</strong></span> <span class='ocrx_word' id='word_1_680' title='bbox 2034 2333 2307 2370; x_wconf 78' lang='lat' dir='ltr'><strong>constitutiones</strong></span> 
     </span>
    </p>
   </div>
   <div class='ocr_carea' id='block_1_8' title="bbox 25 2374 2306 2426">
    <p class='ocr_par' dir='ltr' id='par_1_9' title="bbox 25 2374 2306 2426">
     <span class='ocr_line' id='line_1_47' title="bbox 25 2374 2306 2426; baseline 0.002 -17"><span class='ocrx_word' id='word_1_681' title='bbox 25 2407 27 2409; x_wconf 85' lang='grc'><strong><em>,</em></strong></span> <span class='ocrx_word' id='word_1_682' title='bbox 93 2376 259 2422; x_wconf 76' lang='lat' dir='ltr'><strong>fecimus,</strong></span> <span class='ocrx_word' id='word_1_683' title='bbox 289 2374 383 2410; x_wconf 84' lang='lat' dir='ltr'><strong>alias</strong></span> <span class='ocrx_word' id='word_1_684' title='bbox 402 2375 450 2426; x_wconf 39' lang='lat' dir='ltr'><strong>‘in</strong></span> <span class='ocrx_word' id='word_1_685' title='bbox 473 2374 649 2411; x_wconf 83' lang='lat' dir='ltr'><strong>dictarum</strong></span> <span class='ocrx_word' id='word_1_686' title='bbox 673 2377 966 2413; x_wconf 80' lang='lat' dir='ltr'><strong>constitutionum</strong></span> <span class='ocrx_word' id='word_1_687' title='bbox 990 2377 1199 2413; x_wconf 85' lang='lat' dir='ltr'><strong>collectione</strong></span> <span class='ocrx_word' id='word_1_688' title='bbox 1221 2377 1316 2413; x_wconf 83' lang='lat' dir='ltr'><strong>alias</strong></span> <span class='ocrx_word' id='word_1_689' title='bbox 1338 2382 1445 2413; x_wconf 77' lang='lat' dir='ltr'><strong>ettam</strong></span> <span class='ocrx_word' id='word_1_690' title='bbox 1462 2381 1551 2424; x_wconf 86' lang='lat' dir='ltr'><strong>post</strong></span> <span class='ocrx_word' id='word_1_691' title='bbox 1573 2388 1671 2412; x_wconf 88' lang='lat' dir='ltr'><strong>eam:</strong></span> <span class='ocrx_word' id='word_1_692' title='bbox 1705 2389 1750 2413; x_wconf 85' lang='lat' dir='ltr'><strong>ne</strong></span> <span class='ocrx_word' id='word_1_693' title='bbox 1772 2387 1832 2412; x_wconf 86' lang='lat' dir='ltr'><strong>res</strong></span> <span class='ocrx_word' id='word_1_694' title='bbox 1853 2377 2019 2422; x_wconf 85' lang='lat' dir='ltr'><strong>dispersa</strong></span> <span class='ocrx_word' id='word_1_695' title='bbox 2049 2382 2205 2421; x_wconf 86' lang='lat' dir='ltr'><strong>maneat,</strong></span> <span class='ocrx_word' id='word_1_696' title='bbox 2262 2389 2306 2414; x_wconf 90' lang='lat' dir='ltr'><strong>ar</strong></span> 
     </span>
    </p>
   </div>
   <div class='ocr_carea' id='block_1_9' title="bbox 90 2419 2307 3280">
    <p class='ocr_par' dir='ltr' id='par_1_10' title="bbox 95 2419 2304 2511">
     <span class='ocr_line' id='line_1_48' title="bbox 95 2419 2304 2475; baseline 0.001 -19"><span class='ocrx_word' id='word_1_697' title='bbox 95 2431 171 2456; x_wconf 83' lang='lat' dir='ltr'><strong>esse</strong></span> <span class='ocrx_word' id='word_1_698' title='bbox 193 2419 365 2455; x_wconf 76' lang='lat' dir='ltr'><strong>duximus</strong></span> <span class='ocrx_word' id='word_1_699' title='bbox 394 2430 432 2454; x_wconf 84' lang='lat' dir='ltr'><strong>m</strong></span> <span class='ocrx_word' id='word_1_700' title='bbox 455 2430 564 2455; x_wconf 88' lang='lat' dir='ltr'><strong>unam</strong></span> <span class='ocrx_word' id='word_1_701' title='bbox 588 2421 876 2457; x_wconf 88' lang='lat' dir='ltr'><strong>constitutionem</strong></span> <span class='ocrx_word' id='word_1_702' title='bbox 901 2427 1012 2458; x_wconf 89' lang='lat' dir='ltr'><strong>totum</strong></span> <span class='ocrx_word' id='word_1_703' title='bbox 1036 2426 1286 2475; x_wconf 60' lang='lat' dir='ltr'><strong>aryumentum</strong></span> <span class='ocrx_word' id='word_1_704' title='bbox 1309 2433 1520 2468; x_wconf 64' lang='lat' dir='ltr'><strong>conqerew,</strong></span> <span class='ocrx_word' id='word_1_705' title='bbox 1553 2433 1646 2468; x_wconf 84' lang='lat' dir='ltr'><strong>quae</strong></span> <span class='ocrx_word' id='word_1_706' title='bbox 1675 2422 1794 2457; x_wconf 87' lang='lat' dir='ltr'><strong>instar</strong></span> <span class='ocrx_word' id='word_1_707' title='bbox 1816 2424 1973 2458; x_wconf 88' lang='lat' dir='ltr'><strong>omnium</strong></span> <span class='ocrx_word' id='word_1_708' title='bbox 1996 2422 2163 2468; x_wconf 78' lang='lat' dir='ltr'><strong>sufficiat</strong></span> <span class='ocrx_word' id='word_1_709' title='bbox 2262 2435 2304 2459; x_wconf 87' lang='lat' dir='ltr'><strong>ea</strong></span> 
     </span>
     <span class='ocr_line' id='line_1_49' title="bbox 95 2464 1225 2511; baseline 0.002 -11"><span class='ocrx_word' id='word_1_710' title='bbox 95 2475 189 2511; x_wconf 81' lang='lat' dir='ltr'><strong>quae</strong></span> <span class='ocrx_word' id='word_1_711' title='bbox 211 2464 396 2500; x_wconf 84' lang='lat' dir='ltr'><strong>naturales</strong></span> <span class='ocrx_word' id='word_1_712' title='bbox 417 2468 583 2510; x_wconf 83' lang='lat' dir='ltr'><strong>spectant</strong></span> <span class='ocrx_word' id='word_1_713' title='bbox 604 2469 640 2500; x_wconf 88' lang='lat' dir='ltr'><strong>et</strong></span> <span class='ocrx_word' id='word_1_714' title='bbox 661 2465 884 2502; x_wconf 82' lang='lat' dir='ltr'><strong>emendanda</strong></span> <span class='ocrx_word' id='word_1_715' title='bbox 906 2471 942 2502; x_wconf 89' lang='lat' dir='ltr'><strong>et</strong></span> <span class='ocrx_word' id='word_1_716' title='bbox 965 2466 1225 2502; x_wconf 75' lang='lat' dir='ltr'><strong>constituenda.</strong></span> 
     </span>
    </p>

    <p class='ocr_par' dir='ltr' id='par_1_11' title="bbox 90 2508 2307 2873">
     <span class='ocr_line' id='line_1_50' title="bbox 228 2508 2306 2558; baseline 0.002 -14"><span class='ocrx_word' id='word_1_717' title='bbox 228 2509 257 2545; x_wconf 92' lang='lat'><strong>1.</strong></span> <span class='ocrx_word' id='word_1_718' title='bbox 305 2508 539 2554; x_wconf 85' lang='lat' dir='ltr'><strong>Manifestum</strong></span> <span class='ocrx_word' id='word_1_719' title='bbox 559 2510 652 2544; x_wconf 89' lang='lat' dir='ltr'><strong>enim</strong></span> <span class='ocrx_word' id='word_1_720' title='bbox 683 2514 738 2545; x_wconf 85' lang='lat' dir='ltr'><strong>est</strong></span> <span class='ocrx_word' id='word_1_721' title='bbox 760 2509 942 2546; x_wconf 76' lang='lat' dir='ltr'><strong>hominum</strong></span> <span class='ocrx_word' id='word_1_722' title='bbox 974 2511 1068 2547; x_wconf 81' lang='lat' dir='ltr'><strong>alios</strong></span> <span class='ocrx_word' id='word_1_723' title='bbox 1097 2511 1206 2546; x_wconf 87' lang='lat' dir='ltr'><strong>simul</strong></span> <span class='ocrx_word' id='word_1_724' title='bbox 1233 2515 1267 2546; x_wconf 88' lang='lat' dir='ltr'><strong>et</strong></span> <span class='ocrx_word' id='word_1_725' title='bbox 1297 2510 1431 2546; x_wconf 86' lang='lat' dir='ltr'><strong>liberos</strong></span> <span class='ocrx_word' id='word_1_726' title='bbox 1459 2514 1495 2546; x_wconf 88' lang='lat' dir='ltr'><strong>et</strong></span> <span class='ocrx_word' id='word_1_727' title='bbox 1522 2510 1701 2557; x_wconf 79' lang='lat' dir='ltr'><strong>leqitimos</strong></span> <span class='ocrx_word' id='word_1_728' title='bbox 1731 2521 1819 2554; x_wconf 87' lang='lat' dir='ltr'><strong>esse,</strong></span> <span class='ocrx_word' id='word_1_729' title='bbox 1850 2511 1946 2547; x_wconf 86' lang='lat' dir='ltr'><strong>alios</strong></span> <span class='ocrx_word' id='word_1_730' title='bbox 1973 2522 2016 2547; x_wconf 88' lang='lat' dir='ltr'><strong>eo</strong></span> <span class='ocrx_word' id='word_1_731' title='bbox 2044 2511 2151 2558; x_wconf 82' lang='lat' dir='ltr'><strong>prius</strong></span> <span class='ocrx_word' id='word_1_732' title='bbox 2181 2522 2306 2548; x_wconf 87' lang='lat' dir='ltr'><strong>carere</strong></span> 
     </span>
     <span class='ocr_line' id='line_1_51' title="bbox 90 2554 2305 2602; baseline 0.001 -12"><span class='ocrx_word' id='word_1_733' title='bbox 90 2558 222 2602; x_wconf 82' lang='lat' dir='ltr'><strong>postea</strong></span> <span class='ocrx_word' id='word_1_734' title='bbox 238 2554 375 2600; x_wconf 85' lang='lat' dir='ltr'><strong>potiri,</strong></span> <span class='ocrx_word' id='word_1_735' title='bbox 399 2564 478 2589; x_wconf 88' lang='lat' dir='ltr'><strong>cum</strong></span> <span class='ocrx_word' id='word_1_736' title='bbox 501 2558 538 2589; x_wconf 87' lang='lat' dir='ltr'><strong>et</strong></span> <span class='ocrx_word' id='word_1_737' title='bbox 559 2565 582 2589; x_wconf 92' lang='lat' dir='ltr'><strong>a</strong></span> <span class='ocrx_word' id='word_1_738' title='bbox 605 2555 716 2590; x_wconf 84' lang='lat' dir='ltr'><strong>servis</strong></span> <span class='ocrx_word' id='word_1_739' title='bbox 738 2555 788 2590; x_wconf 86' lang='lat' dir='ltr'><strong>ad</strong></span> <span class='ocrx_word' id='word_1_740' title='bbox 809 2555 939 2591; x_wconf 86' lang='lat' dir='ltr'><strong>liberos</strong></span> <span class='ocrx_word' id='word_1_741' title='bbox 961 2560 995 2592; x_wconf 91' lang='lat' dir='ltr'><strong>et</strong></span> <span class='ocrx_word' id='word_1_742' title='bbox 1018 2568 1041 2591; x_wconf 93' lang='lat' dir='ltr'><strong>a</strong></span> <span class='ocrx_word' id='word_1_743' title='bbox 1065 2555 1293 2592; x_wconf 85' lang='lat' dir='ltr'><strong>naturalibus</strong></span> <span class='ocrx_word' id='word_1_744' title='bbox 1316 2555 1366 2590; x_wconf 84' lang='lat' dir='ltr'><strong>ad</strong></span> <span class='ocrx_word' id='word_1_745' title='bbox 1387 2555 1567 2601; x_wconf 63' lang='lat' dir='ltr'><strong>legitimos</strong></span> <span class='ocrx_word' id='word_1_746' title='bbox 1590 2555 1804 2598; x_wconf 82' lang='lat' dir='ltr'><strong>ascendant,</strong></span> <span class='ocrx_word' id='word_1_747' title='bbox 1836 2555 1932 2592; x_wconf 89' lang='lat' dir='ltr'><strong>alios</strong></span> <span class='ocrx_word' id='word_1_748' title='bbox 1954 2557 2039 2592; x_wconf 87' lang='lat' dir='ltr'><strong>ilico</strong></span> <span class='ocrx_word' id='word_1_749' title='bbox 2061 2561 2098 2592; x_wconf 89' lang='lat' dir='ltr'><strong>et</strong></span> <span class='ocrx_word' id='word_1_750' title='bbox 2119 2557 2305 2593; x_wconf 86' lang='lat' dir='ltr'><strong>naturales</strong></span> 
     </span>
     <span class='ocr_line' id='line_1_52' title="bbox 96 2597 2305 2647; baseline 0.001 -12"><span class='ocrx_word' id='word_1_751' title='bbox 96 2610 172 2635; x_wconf 88' lang='lat' dir='ltr'><strong>esse</strong></span> <span class='ocrx_word' id='word_1_752' title='bbox 194 2603 230 2634; x_wconf 86' lang='lat' dir='ltr'><strong>et</strong></span> <span class='ocrx_word' id='word_1_753' title='bbox 250 2597 445 2634; x_wconf 86' lang='lat' dir='ltr'><strong>nonnullas</strong></span> <span class='ocrx_word' id='word_1_754' title='bbox 465 2600 706 2634; x_wconf 85' lang='lat' dir='ltr'><strong>successiones</strong></span> <span class='ocrx_word' id='word_1_755' title='bbox 727 2598 870 2643; x_wconf 77' lang='lat' dir='ltr'><strong>hahere,</strong></span> <span class='ocrx_word' id='word_1_756' title='bbox 897 2601 991 2636; x_wconf 86' lang='lat' dir='ltr'><strong>alios</strong></span> <span class='ocrx_word' id='word_1_757' title='bbox 1014 2601 1098 2637; x_wconf 85' lang='lat' dir='ltr'><strong>deni</strong></span> <span class='ocrx_word' id='word_1_758' title='bbox 1123 2612 1166 2636; x_wconf 90' lang='lat' dir='ltr'><strong>ue</strong></span> <span class='ocrx_word' id='word_1_759' title='bbox 1188 2612 1234 2636; x_wconf 87' lang='lat' dir='ltr'><strong>ne</strong></span> <span class='ocrx_word' id='word_1_760' title='bbox 1256 2600 1477 2636; x_wconf 83' lang='lat' dir='ltr'><strong>naturalium</strong></span> <span class='ocrx_word' id='word_1_761' title='bbox 1500 2600 1643 2646; x_wconf 86' lang='lat' dir='ltr'><strong>quidem</strong></span> <span class='ocrx_word' id='word_1_762' title='bbox 1666 2600 1876 2636; x_wconf 85' lang='lat' dir='ltr'><strong>condicione</strong></span> <span class='ocrx_word' id='word_1_763' title='bbox 1914 2602 1986 2643; x_wconf 88' lang='lat' dir='ltr'><strong>rui,</strong></span> <span class='ocrx_word' id='word_1_764' title='bbox 2008 2600 2074 2637; x_wconf 85' lang='lat' dir='ltr'><strong>sed</strong></span> <span class='ocrx_word' id='word_1_765' title='bbox 2094 2612 2138 2636; x_wconf 86' lang='lat' dir='ltr'><strong>ea</strong></span> <span class='ocrx_word' id='word_1_766' title='bbox 2161 2613 2233 2647; x_wconf 82' lang='lat' dir='ltr'><strong>quo</strong></span> <span class='ocrx_word' id='word_1_767' title='bbox 2261 2614 2305 2638; x_wconf 86' lang='lat' dir='ltr'><strong>ue</strong></span> 
     </span>
     <span class='ocr_line' id='line_1_53' title="bbox 96 2641 2306 2691; baseline 0.002 -12"><span class='ocrx_word' id='word_1_768' title='bbox 96 2643 265 2690; x_wconf 76' lang='lat' dir='ltr'><strong>indiqnos</strong></span> <span class='ocrx_word' id='word_1_769' title='bbox 287 2642 408 2679; x_wconf 65' lang='lat' dir='ltr'><strong>videri.</strong></span> <span class='ocrx_word' id='word_1_770' title='bbox 455 2641 516 2678; x_wconf 88' lang='lat' dir='ltr'><strong>Ita</strong></span> <span class='ocrx_word' id='word_1_771' title='bbox 542 2654 586 2678; x_wconf 90' lang='lat' dir='ltr'><strong>ue</strong></span> <span class='ocrx_word' id='word_1_772' title='bbox 610 2644 898 2680; x_wconf 83' lang='lat' dir='ltr'><strong>constitutionem</strong></span> <span class='ocrx_word' id='word_1_773' title='bbox 921 2657 988 2682; x_wconf 89' lang='lat' dir='ltr'><strong>nos</strong></span> <span class='ocrx_word' id='word_1_774' title='bbox 1010 2647 1062 2682; x_wconf 88' lang='lat' dir='ltr'><strong>ita</strong></span> <span class='ocrx_word' id='word_1_775' title='bbox 1106 2657 1211 2682; x_wconf 87' lang='lat' dir='ltr'><strong>acere</strong></span> <span class='ocrx_word' id='word_1_776' title='bbox 1235 2657 1256 2681; x_wconf 88' lang='grc' dir='ltr'><strong>ο</strong></span> <span class='ocrx_word' id='word_1_777' title='bbox 1283 2649 1388 2688; x_wconf 87' lang='lat' dir='ltr'><strong>ortet,</strong></span> <span class='ocrx_word' id='word_1_778' title='bbox 1421 2649 1461 2681; x_wconf 92' lang='lat' dir='ltr'><strong>ut</strong></span> <span class='ocrx_word' id='word_1_779' title='bbox 1483 2645 1576 2681; x_wconf 79' lang='lat' dir='ltr'><strong>nihil</strong></span> <span class='ocrx_word' id='word_1_780' title='bbox 1596 2656 1720 2681; x_wconf 86' lang='lat' dir='ltr'><strong>eorum</strong></span> <span class='ocrx_word' id='word_1_781' title='bbox 1751 2656 1846 2691; x_wconf 83' lang='lat' dir='ltr'><strong>quae</strong></span> <span class='ocrx_word' id='word_1_782' title='bbox 1893 2658 1913 2682; x_wconf 90' lang='lat' dir='ltr'><strong>e</strong></span> <span class='ocrx_word' id='word_1_783' title='bbox 1937 2645 2165 2682; x_wconf 84' lang='lat' dir='ltr'><strong>naturalibus</strong></span> <span class='ocrx_word' id='word_1_784' title='bbox 2186 2657 2208 2682; x_wconf 83' lang='lat' dir='ltr'><strong><em>v</em></strong></span> <span class='ocrx_word' id='word_1_785' title='bbox 2286 2659 2306 2683; x_wconf 87' lang='lat' dir='ltr'><strong>c</strong></span> 
     </span>
     <span class='ocr_line' id='line_1_54' title="bbox 96 2688 2307 2737; baseline 0.001 -12"><span class='ocrx_word' id='word_1_786' title='bbox 96 2688 248 2725; x_wconf 83' lang='lat' dir='ltr'><strong>debeant</strong></span> <span class='ocrx_word' id='word_1_787' title='bbox 265 2688 464 2734; x_wconf 75' lang='lat' dir='ltr'><strong>iqnoretur.</strong></span> <span class='ocrx_word' id='word_1_788' title='bbox 534 2689 660 2723; x_wconf 80' lang='lat' dir='ltr'><strong>uitium</strong></span> <span class='ocrx_word' id='word_1_789' title='bbox 680 2689 791 2735; x_wconf 76' lang='lat' dir='ltr'><strong>iqitur</strong></span> <span class='ocrx_word' id='word_1_790' title='bbox 810 2690 900 2736; x_wconf 77' lang='lat' dir='ltr'><strong>leqis</strong></span> <span class='ocrx_word' id='word_1_791' title='bbox 919 2692 970 2726; x_wconf 89' lang='lat' dir='ltr'><strong>ita</strong></span> <span class='ocrx_word' id='word_1_792' title='bbox 984 2692 1162 2736; x_wconf 79' lang='lat' dir='ltr'><strong>faciemus</strong></span> <span class='ocrx_word' id='word_1_793' title='bbox 1184 2694 1224 2726; x_wconf 84' lang='lat' dir='ltr'><strong>ut</strong></span> <span class='ocrx_word' id='word_1_794' title='bbox 1275 2691 1414 2732; x_wconf 71' lang='lat' dir='ltr'><strong>camus,</strong></span> <span class='ocrx_word' id='word_1_795' title='bbox 1438 2691 1586 2736; x_wconf 79' lang='lat' dir='ltr'><strong>quinam</strong></span> <span class='ocrx_word' id='word_1_796' title='bbox 1604 2690 1678 2726; x_wconf 88' lang='lat' dir='ltr'><strong>sint</strong></span> <span class='ocrx_word' id='word_1_797' title='bbox 1696 2691 1896 2733; x_wconf 84' lang='lat' dir='ltr'><strong>naturales,</strong></span> <span class='ocrx_word' id='word_1_798' title='bbox 1920 2694 1955 2726; x_wconf 85' lang='lat' dir='ltr'><strong>et</strong></span> <span class='ocrx_word' id='word_1_799' title='bbox 1970 2691 2101 2737; x_wconf 85' lang='lat' dir='ltr'><strong>quibus</strong></span> <span class='ocrx_word' id='word_1_800' title='bbox 2122 2691 2240 2727; x_wconf 85' lang='lat' dir='ltr'><strong>modis</strong></span> <span class='ocrx_word' id='word_1_801' title='bbox 2256 2692 2307 2727; x_wconf 85' lang='lat' dir='ltr'><strong>ad</strong></span> 
     </span>
     <span class='ocr_line' id='line_1_55' title="bbox 96 2732 2305 2784; baseline 0.001 -16"><span class='ocrx_word' id='word_1_802' title='bbox 96 2733 333 2779; x_wconf 76' lang='lat' dir='ltr'><strong>leqitimorum</strong></span> <span class='ocrx_word' id='word_1_803' title='bbox 356 2733 414 2768; x_wconf 83' lang='lat' dir='ltr'><strong>ius</strong></span> <span class='ocrx_word' id='word_1_804' title='bbox 424 2732 635 2784; x_wconf 36' lang='lat' dir='ltr'><strong>,procedant</strong></span> <span class='ocrx_word' id='word_1_805' title='bbox 653 2735 819 2779; x_wconf 87' lang='lat' dir='ltr'><strong>(quorum</strong></span> <span class='ocrx_word' id='word_1_806' title='bbox 838 2746 906 2770; x_wconf 86' lang='lat' dir='ltr'><strong>nos</strong></span> <span class='ocrx_word' id='word_1_807' title='bbox 924 2736 1119 2772; x_wconf 82' lang='lat' dir='ltr'><strong>maximam</strong></span> <span class='ocrx_word' id='word_1_808' title='bbox 1137 2739 1280 2781; x_wconf 81' lang='lat' dir='ltr'><strong>partem</strong></span> <span class='ocrx_word' id='word_1_809' title='bbox 1300 2735 1612 2781; x_wconf 60' lang='lat' dir='ltr'><strong>excogitavimus),</strong></span> <span class='ocrx_word' id='word_1_810' title='bbox 1637 2746 1801 2782; x_wconf 84' lang='lat' dir='ltr'><strong>quaeque</strong></span> <span class='ocrx_word' id='word_1_811' title='bbox 1818 2736 1893 2771; x_wconf 88' lang='lat' dir='ltr'><strong>sint</strong></span> <span class='ocrx_word' id='word_1_812' title='bbox 1909 2747 2034 2771; x_wconf 87' lang='lat' dir='ltr'><strong>eorum</strong></span> <span class='ocrx_word' id='word_1_813' title='bbox 2050 2736 2305 2779; x_wconf 82' lang='lat' dir='ltr'><strong>successiones,</strong></span> 
     </span>
     <span class='ocr_line' id='line_1_56' title="bbox 96 2777 2303 2827; baseline 0.001 -13"><span class='ocrx_word' id='word_1_814' title='bbox 96 2783 132 2814; x_wconf 84' lang='lat' dir='ltr'><strong>et</strong></span> <span class='ocrx_word' id='word_1_815' title='bbox 153 2777 331 2824; x_wconf 81' lang='lat' dir='ltr'><strong>quomodo</strong></span> <span class='ocrx_word' id='word_1_816' title='bbox 354 2778 551 2823; x_wconf 77' lang='lat' dir='ltr'><strong>antiquitas</strong></span> <span class='ocrx_word' id='word_1_817' title='bbox 572 2789 634 2813; x_wconf 90' lang='lat' dir='ltr'><strong>eos</strong></span> <span class='ocrx_word' id='word_1_818' title='bbox 657 2778 784 2815; x_wconf 87' lang='lat' dir='ltr'><strong>acerbe</strong></span> <span class='ocrx_word' id='word_1_819' title='bbox 807 2781 1014 2817; x_wconf 80' lang='lat' dir='ltr'><strong>tractaverit</strong></span> <span class='ocrx_word' id='word_1_820' title='bbox 1042 2792 1110 2816; x_wconf 86' lang='lat' dir='ltr'><strong>nos</strong></span> <span class='ocrx_word' id='word_1_821' title='bbox 1134 2785 1252 2816; x_wconf 86' lang='lat' dir='ltr'><strong>autem</strong></span> <span class='ocrx_word' id='word_1_822' title='bbox 1275 2780 1478 2815; x_wconf 74' lang='lat' dir='ltr'><strong>humaniter</strong></span> <span class='ocrx_word' id='word_1_823' title='bbox 1501 2791 1677 2826; x_wconf 70' lang='lat' dir='ltr'><strong>aqamus;</strong></span> <span class='ocrx_word' id='word_1_824' title='bbox 1710 2791 1755 2815; x_wconf 89' lang='lat' dir='ltr'><strong>ac</strong></span> <span class='ocrx_word' id='word_1_825' title='bbox 1777 2791 1823 2815; x_wconf 89' lang='lat' dir='ltr'><strong>ne</strong></span> <span class='ocrx_word' id='word_1_826' title='bbox 1845 2780 1939 2816; x_wconf 88' lang='lat' dir='ltr'><strong>illud</strong></span> <span class='ocrx_word' id='word_1_827' title='bbox 1966 2781 2109 2827; x_wconf 84' lang='lat' dir='ltr'><strong>quidem</strong></span> <span class='ocrx_word' id='word_1_828' title='bbox 2137 2786 2303 2827; x_wconf 88' lang='lat' dir='ltr'><strong>praeter-</strong></span> 
     </span>
     <span class='ocr_line' id='line_1_57' title="bbox 95 2822 2306 2873; baseline 0.002 -15"><span class='ocrx_word' id='word_1_829' title='bbox 95 2822 263 2865; x_wconf 85' lang='lat' dir='ltr'><strong>mittetur‚</strong></span> <span class='ocrx_word' id='word_1_830' title='bbox 293 2822 465 2868; x_wconf 83' lang='lat' dir='ltr'><strong>quosdam</strong></span> <span class='ocrx_word' id='word_1_831' title='bbox 500 2834 544 2857; x_wconf 87' lang='lat' dir='ltr'><strong>ne</strong></span> <span class='ocrx_word' id='word_1_832' title='bbox 574 2823 795 2858; x_wconf 86' lang='lat' dir='ltr'><strong>naturalium</strong></span> <span class='ocrx_word' id='word_1_833' title='bbox 826 2825 968 2871; x_wconf 84' lang='lat' dir='ltr'><strong>quidem</strong></span> <span class='ocrx_word' id='word_1_834' title='bbox 1000 2825 1263 2872; x_wconf 85' lang='lat' dir='ltr'><strong>appellatione,</strong></span> <span class='ocrx_word' id='word_1_835' title='bbox 1294 2825 1348 2860; x_wconf 88' lang='lat' dir='ltr'><strong>uti</strong></span> <span class='ocrx_word' id='word_1_836' title='bbox 1370 2825 1502 2860; x_wconf 84' lang='lat' dir='ltr'><strong>dictum</strong></span> <span class='ocrx_word' id='word_1_837' title='bbox 1526 2829 1595 2867; x_wconf 87' lang='lat' dir='ltr'><strong>est,</strong></span> <span class='ocrx_word' id='word_1_838' title='bbox 1627 2837 1651 2860; x_wconf 90' lang='lat' dir='ltr'><strong>a</strong></span> <span class='ocrx_word' id='word_1_839' title='bbox 1675 2825 1812 2872; x_wconf 81' lang='lat' dir='ltr'><strong>leqibus</strong></span> <span class='ocrx_word' id='word_1_840' title='bbox 1842 2825 1975 2872; x_wconf 74' lang='lat' dir='ltr'><strong>diqnos</strong></span> <span class='ocrx_word' id='word_1_841' title='bbox 2007 2825 2141 2862; x_wconf 73' lang='lat' dir='ltr'><strong>haberi.</strong></span> <span class='ocrx_word' id='word_1_842' title='bbox 2191 2827 2306 2873; x_wconf 78' lang='lat' dir='ltr'><strong>Atque</strong></span> 
     </span>
    </p>

    <p class='ocr_par' dir='ltr' id='par_1_12' title="bbox 95 2910 1164 3280">
     <span class='ocr_line' id='line_1_58' title="bbox 142 2910 1162 2958; baseline 0.003 -13"><span class='ocrx_word' id='word_1_843' title='bbox 142 2914 158 2945; x_wconf 92' lang='lat'>1</span> <span class='ocrx_word' id='word_1_844' title='bbox 182 2910 222 2944; x_wconf 89' lang='grc' dir='ltr'><strong>αἱ</strong></span> <span class='ocrx_word' id='word_1_845' title='bbox 237 2910 460 2955; x_wconf 83' lang='grc' dir='ltr'><strong><em>νομοθεσίαι]</em></strong></span> <span class='ocrx_word' id='word_1_846' title='bbox 486 2912 674 2946; x_wconf 86' lang='lat' dir='ltr'><strong>huiusmodi</strong></span> <span class='ocrx_word' id='word_1_847' title='bbox 690 2913 916 2955; x_wconf 82' lang='lat' dir='ltr'><strong>legislationes</strong></span> <span class='ocrx_word' id='word_1_848' title='bbox 932 2927 950 2950; x_wconf 86' lang='grc' dir='ltr'><strong><em>ς</em></strong></span> <span class='ocrx_word' id='word_1_849' title='bbox 967 2915 979 2958; x_wconf 81' lang='grc' dir='ltr'><strong>ΙΙ</strong></span> <span class='ocrx_word' id='word_1_850' title='bbox 998 2916 1017 2948; x_wconf 88' lang='grc'>2</span> <span class='ocrx_word' id='word_1_851' title='bbox 1038 2912 1162 2957; x_wconf 79' lang='grc' dir='ltr'><strong><em>ἐπειδὴ</em></strong></span> 
     </span>
     <span class='ocr_line' id='line_1_59' title="bbox 95 2955 1164 3002; baseline 0.004 -13"><span class='ocrx_word' id='word_1_852' title='bbox 95 2958 167 2998; x_wconf 79' lang='grc' dir='ltr'><strong><em>καὶ]</em></strong></span> <span class='ocrx_word' id='word_1_853' title='bbox 190 2958 250 2990; x_wconf 79' lang='grc' dir='ltr'><strong><em>καὶ</em></strong></span> <span class='ocrx_word' id='word_1_854' title='bbox 274 2969 332 2989; x_wconf 88' lang='lat' dir='ltr'><strong>om.</strong></span> <span class='ocrx_word' id='word_1_855' title='bbox 346 2968 365 2992; x_wconf 76' lang='grc' dir='ltr'><strong><em>ς</em></strong></span> <span class='ocrx_word' id='word_1_856' title='bbox 382 2956 395 2999; x_wconf 83' lang='grc' dir='ltr'><strong>ΙΙ</strong></span> <span class='ocrx_word' id='word_1_857' title='bbox 410 2957 429 2990; x_wconf 87' lang='grc'>3</span> <span class='ocrx_word' id='word_1_858' title='bbox 454 2955 602 2999; x_wconf 80' lang='grc' dir='ltr'><strong><em>πολλὴν]</em></strong></span> <span class='ocrx_word' id='word_1_859' title='bbox 625 2960 685 2990; x_wconf 82' lang='grc' dir='ltr'><strong>καὶ</strong></span> <span class='ocrx_word' id='word_1_860' title='bbox 704 2957 841 3002; x_wconf 78' lang='grc' dir='ltr'><strong><em>πολλὴν</em></strong></span> <span class='ocrx_word' id='word_1_861' title='bbox 857 2960 886 2993; x_wconf 89' lang='lat' dir='ltr'><em>L</em></span> <span class='ocrx_word' id='word_1_862' title='bbox 906 2960 918 3001; x_wconf 74' lang='grc' dir='ltr'><strong>ΙΙ</strong></span> <span class='ocrx_word' id='word_1_863' title='bbox 940 2962 959 2993; x_wconf 86' lang='grc'>5</span> <span class='ocrx_word' id='word_1_864' title='bbox 982 2972 1023 2993; x_wconf 83' lang='grc' dir='ltr'><strong>τε</strong></span> <span class='ocrx_word' id='word_1_865' title='bbox 1042 2961 1100 3001; x_wconf 82' lang='grc' dir='ltr'><strong><em>εἰς]</em></strong></span> <span class='ocrx_word' id='word_1_866' title='bbox 1124 2972 1164 2992; x_wconf 81' lang='grc' dir='ltr'><strong>τε</strong></span> 
     </span>
     <span class='ocr_line' id='line_1_60' title="bbox 95 2998 1163 3048; baseline 0.005 -14"><span class='ocrx_word' id='word_1_867' title='bbox 95 3003 155 3034; x_wconf 72' lang='grc' dir='ltr'><strong><em>καὶ</em></strong></span> <span class='ocrx_word' id='word_1_868' title='bbox 177 3001 225 3034; x_wconf 80' lang='grc' dir='ltr'><strong><em>εἰς</em></strong></span> <span class='ocrx_word' id='word_1_869' title='bbox 247 3000 307 3045; x_wconf 66' lang='lat' dir='ltr'><strong>Lu</strong></span> <span class='ocrx_word' id='word_1_870' title='bbox 329 2998 532 3046; x_wconf 75' lang='grc' dir='ltr'><strong><em>ἐλευθερίας</em></strong></span> <span class='ocrx_word' id='word_1_871' title='bbox 555 3003 605 3035; x_wconf 62' lang='lat' dir='ltr'><strong>L*</strong></span> <span class='ocrx_word' id='word_1_872' title='bbox 623 3002 636 3044; x_wconf 80' lang='grc' dir='ltr'><strong>ΙΙ</strong></span> <span class='ocrx_word' id='word_1_873' title='bbox 660 3005 678 3036; x_wconf 80' lang='lat'>7</span> <span class='ocrx_word' id='word_1_874' title='bbox 702 3004 769 3045; x_wconf 82' lang='grc' dir='ltr'><strong><em>τῷ]</em></strong></span> <span class='ocrx_word' id='word_1_875' title='bbox 793 3005 856 3037; x_wconf 80' lang='grc' dir='ltr'><strong>τοῦ</strong></span> <span class='ocrx_word' id='word_1_876' title='bbox 881 3005 941 3048; x_wconf 71' lang='grc' dir='ltr'><strong>ΕΙΙ</strong></span> <span class='ocrx_word' id='word_1_877' title='bbox 964 3016 1004 3038; x_wconf 82' lang='grc' dir='ltr'><strong>τε</strong></span> <span class='ocrx_word' id='word_1_878' title='bbox 1024 3016 1084 3038; x_wconf 87' lang='lat' dir='ltr'><strong>om.</strong></span> <span class='ocrx_word' id='word_1_879' title='bbox 1098 3006 1129 3038; x_wconf 88' lang='lat' dir='ltr'><em>L</em></span> <span class='ocrx_word' id='word_1_880' title='bbox 1150 3005 1163 3048; x_wconf 86' lang='grc' dir='ltr'>Ι</span> 
     </span>
     <span class='ocr_line' id='line_1_61' title="bbox 97 3046 1163 3101; baseline 0.003 -21"><span class='ocrx_word' id='word_1_881' title='bbox 97 3047 118 3080; x_wconf 90' lang='grc'>8</span> <span class='ocrx_word' id='word_1_882' title='bbox 134 3046 186 3088; x_wconf 79' lang='grc' dir='ltr'><strong><em>τῷ</em></strong></span> <span class='ocrx_word' id='word_1_883' title='bbox 211 3047 287 3079; x_wconf 80' lang='lat' dir='ltr'><strong>add.</strong></span> <span class='ocrx_word' id='word_1_884' title='bbox 302 3046 488 3080; x_wconf 78' lang='lat' dir='ltr'><strong>Zachariae</strong></span> <span class='ocrx_word' id='word_1_885' title='bbox 506 3046 519 3091; x_wconf 80' lang='grc' dir='ltr'><strong>ΙΙ</strong></span> <span class='ocrx_word' id='word_1_886' title='bbox 533 3046 575 3090; x_wconf 67' lang='grc' dir='ltr'><strong><em>τὸ</em></strong></span> <span class='ocrx_word' id='word_1_887' title='bbox 600 3048 827 3101; x_wconf 62' lang='grc' dir='ltr'><strong><em>καμνιᾶσθαι</em></strong></span> <span class='ocrx_word' id='word_1_888' title='bbox 842 3050 891 3082; x_wconf 89' lang='lat' dir='ltr'><strong>L²</strong></span> <span class='ocrx_word' id='word_1_889' title='bbox 908 3048 920 3092; x_wconf 76' lang='lat' dir='ltr'>fl</span> <span class='ocrx_word' id='word_1_890' title='bbox 937 3052 957 3084; x_wconf 87' lang='grc'><strong>9</strong></span> <span class='ocrx_word' id='word_1_891' title='bbox 976 3051 1075 3084; x_wconf 79' lang='lat' dir='ltr'><strong>utitur</strong></span> <span class='ocrx_word' id='word_1_892' title='bbox 1088 3063 1163 3093; x_wconf 83' lang='lat' dir='ltr'><strong>pro-</strong></span> 
     </span>
     <span class='ocr_line' id='line_1_62' title="bbox 96 3090 1162 3138; baseline 0.003 -13"><span class='ocrx_word' id='word_1_893' title='bbox 96 3092 203 3125; x_wconf 75' lang='lat' dir='ltr'><strong>verbio</strong></span> <span class='ocrx_word' id='word_1_894' title='bbox 225 3091 356 3136; x_wconf 83' lang='grc' dir='ltr'><strong><em>ἔφυγον</em></strong></span> <span class='ocrx_word' id='word_1_895' title='bbox 378 3090 489 3125; x_wconf 78' lang='grc' dir='ltr'><strong><em>κακὸν</em></strong></span> <span class='ocrx_word' id='word_1_896' title='bbox 511 3091 615 3137; x_wconf 84' lang='grc' dir='ltr'><strong><em>εὖρον</em></strong></span> <span class='ocrx_word' id='word_1_897' title='bbox 638 3105 786 3136; x_wconf 83' lang='grc' dir='ltr'><strong><em>αμεινον</em></strong></span> <span class='ocrx_word' id='word_1_898' title='bbox 803 3095 816 3136; x_wconf 80' lang='grc' dir='ltr'><strong>ΙΙ</strong></span> <span class='ocrx_word' id='word_1_899' title='bbox 834 3096 874 3128; x_wconf 91' lang='grc'><strong>10</strong></span> <span class='ocrx_word' id='word_1_900' title='bbox 891 3091 1093 3134; x_wconf 82' lang='grc' dir='ltr'><strong><em>διατάξεων</em></strong></span> <span class='ocrx_word' id='word_1_901' title='bbox 1108 3098 1162 3138; x_wconf 82' lang='grc' dir='ltr'><strong>βι-</strong></span> 
     </span>
     <span class='ocr_line' id='line_1_63' title="bbox 97 3133 1161 3187; baseline 0.006 -20"><span class='ocrx_word' id='word_1_902' title='bbox 97 3133 201 3187; x_wconf 55' lang='grc' dir='ltr'><strong><em>βλί’ῳ]</em></strong></span> <span class='ocrx_word' id='word_1_903' title='bbox 231 3137 306 3170; x_wconf 79' lang='lat' dir='ltr'><strong>cod.</strong></span> <span class='ocrx_word' id='word_1_904' title='bbox 319 3137 352 3177; x_wconf 86' lang='lat'><strong>5,</strong></span> <span class='ocrx_word' id='word_1_905' title='bbox 365 3143 400 3169; x_wconf 75' lang='lat'><strong>27</strong></span> <span class='ocrx_word' id='word_1_906' title='bbox 422 3136 435 3180; x_wconf 69' lang='lat' dir='ltr'>ss</span> <span class='ocrx_word' id='word_1_907' title='bbox 461 3138 500 3169; x_wconf 80' lang='lat'><strong>13</strong></span> <span class='ocrx_word' id='word_1_908' title='bbox 526 3137 740 3183; x_wconf 75' lang='grc' dir='ltr'><strong><em>ἐγέγραπται</em></strong></span> <span class='ocrx_word' id='word_1_909' title='bbox 765 3140 796 3172; x_wconf 90' lang='lat' dir='ltr'><em>L</em></span> <span class='ocrx_word' id='word_1_910' title='bbox 813 3139 825 3182; x_wconf 90' lang='grc' dir='ltr'><strong>ΙΙ</strong></span> <span class='ocrx_word' id='word_1_911' title='bbox 848 3140 887 3172; x_wconf 83' lang='grc' dir='ltr'><strong>ἐν</strong></span> <span class='ocrx_word' id='word_1_912' title='bbox 911 3140 964 3173; x_wconf 78' lang='grc' dir='ltr'><strong>τῶ</strong></span> <span class='ocrx_word' id='word_1_913' title='bbox 988 3140 1066 3173; x_wconf 78' lang='grc' dir='ltr'><strong>τῶν</strong></span> <span class='ocrx_word' id='word_1_914' title='bbox 1086 3141 1161 3173; x_wconf 73' lang='grc' dir='ltr'><strong><em>ἐπι·</em></strong></span> 
     </span>
     <span class='ocr_line' id='line_1_64' title="bbox 97 3177 1163 3228; baseline 0.006 -17"><span class='ocrx_word' id='word_1_915' title='bbox 97 3191 249 3223; x_wconf 80' lang='grc' dir='ltr'><strong><em>τροπων</em></strong></span> <span class='ocrx_word' id='word_1_916' title='bbox 258 3177 441 3225; x_wconf 83' lang='grc' dir='ltr'><strong><em>γενόμενοι</em></strong></span> <span class='ocrx_word' id='word_1_917' title='bbox 452 3179 549 3226; x_wconf 81' lang='grc' dir='ltr'><strong><em>λόγω</em></strong></span> <span class='ocrx_word' id='word_1_918' title='bbox 561 3185 596 3224; x_wconf 85' lang='lat' dir='ltr'><strong>(i.</strong></span> <span class='ocrx_word' id='word_1_919' title='bbox 604 3196 630 3216; x_wconf 86' lang='lat' dir='ltr'><strong>e.</strong></span> <span class='ocrx_word' id='word_1_920' title='bbox 644 3183 721 3216; x_wconf 80' lang='lat' dir='ltr'><strong>Cod.</strong></span> <span class='ocrx_word' id='word_1_921' title='bbox 731 3187 762 3224; x_wconf 89' lang='lat'><strong>5,</strong></span> <span class='ocrx_word' id='word_1_922' title='bbox 773 3192 808 3218; x_wconf 72' lang='lat'><strong>28</strong></span> <span class='ocrx_word' id='word_1_923' title='bbox 816 3186 890 3227; x_wconf 81' lang='lat' dir='ltr'><strong>sqq.)</strong></span> <span class='ocrx_word' id='word_1_924' title='bbox 906 3186 976 3218; x_wconf 84' lang='lat' dir='ltr'><strong>ML</strong></span> <span class='ocrx_word' id='word_1_925' title='bbox 986 3187 1163 3228; x_wconf 81' lang='lat' dir='ltr'><strong>(utriusque</strong></span> 
     </span>
     <span class='ocr_line' id='line_1_65' title="bbox 99 3225 1163 3280; baseline 0.006 -24"><span class='ocrx_word' id='word_1_926' title='bbox 99 3225 178 3257; x_wconf 83' lang='lat' dir='ltr'><strong>libri</strong></span> <span class='ocrx_word' id='word_1_927' title='bbox 191 3225 279 3258; x_wconf 84' lang='lat' dir='ltr'><strong>lectio</strong></span> <span class='ocrx_word' id='word_1_928' title='bbox 296 3227 410 3280; x_wconf 62' lang='lat' dir='ltr'><strong>cer-tan²</strong></span> <span class='ocrx_word' id='word_1_929' title='bbox 430 3226 464 3257; x_wconf 90' lang='lat' dir='ltr'><strong>in</strong></span> <span class='ocrx_word' id='word_1_930' title='bbox 480 3226 567 3259; x_wconf 89' lang='lat' dir='ltr'><strong>libro</strong></span> <span class='ocrx_word' id='word_1_931' title='bbox 582 3227 812 3262; x_wconf 84' lang='lat' dir='ltr'><strong>institutorum</strong></span> <span class='ocrx_word' id='word_1_932' title='bbox 836 3242 855 3266; x_wconf 88' lang='grc' dir='ltr'><strong><em>ς</em></strong></span> <span class='ocrx_word' id='word_1_933' title='bbox 872 3230 884 3272; x_wconf 92' lang='grc' dir='ltr'><strong>ΙΙ</strong></span> <span class='ocrx_word' id='word_1_934' title='bbox 904 3232 944 3264; x_wconf 85' lang='grc'><strong>15</strong></span> <span class='ocrx_word' id='word_1_935' title='bbox 968 3240 1163 3274; x_wconf 80' lang='grc' dir='ltr'><strong><em>κατεργασ-</em></strong></span> 
     </span>
    </p>
   </div>
   <div class='ocr_carea' id='block_1_10' title="bbox 1230 2914 2306 3273">
    <p class='ocr_par' dir='ltr' id='par_1_13' title="bbox 1230 2914 2306 3273">
     <span class='ocr_line' id='line_1_66' title="bbox 1230 2914 2306 2960; baseline 0.002 -12"><span class='ocrx_word' id='word_1_936' title='bbox 1230 2914 1436 2958; x_wconf 85' lang='lat' dir='ltr'><strong>respicienda</strong></span> <span class='ocrx_word' id='word_1_937' title='bbox 1460 2916 1565 2956; x_wconf 79' lang='lat' dir='ltr'><strong>Beck]</strong></span> <span class='ocrx_word' id='word_1_938' title='bbox 1596 2915 1805 2957; x_wconf 86' lang='lat' dir='ltr'><strong>despicienda</strong></span> <span class='ocrx_word' id='word_1_939' title='bbox 1836 2916 2092 2958; x_wconf 86' lang='lat' dir='ltr'><strong>(despitiendum</strong></span> <span class='ocrx_word' id='word_1_940' title='bbox 2118 2917 2164 2958; x_wconf 85' lang='lat' dir='ltr'><strong>T)</strong></span> <span class='ocrx_word' id='word_1_941' title='bbox 2189 2918 2266 2950; x_wconf 83' lang='lat' dir='ltr'><strong>libri</strong></span> <span class='ocrx_word' id='word_1_942' title='bbox 2293 2915 2306 2960; x_wconf 90' lang='grc' dir='ltr'><strong>ΙΙ</strong></span> 
     </span>
     <span class='ocr_line' id='line_1_67' title="bbox 1231 2959 2304 3005; baseline -0.001 -11"><span class='ocrx_word' id='word_1_943' title='bbox 1231 2961 1251 2994; x_wconf 89' lang='grc'><strong>9</strong></span> <span class='ocrx_word' id='word_1_944' title='bbox 1275 2961 1365 3000; x_wconf 84' lang='lat' dir='ltr'><strong>vero]</strong></span> <span class='ocrx_word' id='word_1_945' title='bbox 1389 2963 1438 2992; x_wconf 84' lang='lat' dir='ltr'><strong>est</strong></span> <span class='ocrx_word' id='word_1_946' title='bbox 1461 2970 1541 2992; x_wconf 91' lang='lat' dir='ltr'><strong>uero</strong></span> <span class='ocrx_word' id='word_1_947' title='bbox 1565 2959 1627 3004; x_wconf 68' lang='lat' dir='ltr'><strong>R!</strong></span> <span class='ocrx_word' id='word_1_948' title='bbox 1649 2963 1698 2993; x_wconf 85' lang='lat' dir='ltr'><strong>est</strong></span> <span class='ocrx_word' id='word_1_949' title='bbox 1720 2973 1780 2994; x_wconf 84' lang='lat' dir='ltr'><strong>om.</strong></span> <span class='ocrx_word' id='word_1_950' title='bbox 1794 2961 1869 3004; x_wconf 67' lang='lat'><strong>1³¹1}</strong></span> <span class='ocrx_word' id='word_1_951' title='bbox 1901 2963 1942 2995; x_wconf 88' lang='lat'><strong>10</strong></span> <span class='ocrx_word' id='word_1_952' title='bbox 1966 2961 2033 2993; x_wconf 84' lang='lat' dir='ltr'><strong>alia</strong></span> <span class='ocrx_word' id='word_1_953' title='bbox 2055 2960 2134 3005; x_wconf 57' lang='grc' dir='ltr'><strong>ΒΞ.</strong></span> <span class='ocrx_word' id='word_1_954' title='bbox 2159 2961 2304 2994; x_wconf 83' lang='lat' dir='ltr'><strong>codicem</strong></span> 
     </span>
     <span class='ocr_line' id='line_1_68' title="bbox 1231 3004 2304 3049; baseline -0.001 -11"><span class='ocrx_word' id='word_1_955' title='bbox 1231 3006 1282 3038; x_wconf 81' lang='lat' dir='ltr'><strong>R⁰</strong></span> <span class='ocrx_word' id='word_1_956' title='bbox 1304 3004 1317 3049; x_wconf 78' lang='grc' dir='ltr'><strong>ΙΙ</strong></span> <span class='ocrx_word' id='word_1_957' title='bbox 1346 3007 1382 3039; x_wconf 91' lang='grc'><strong>11</strong></span> <span class='ocrx_word' id='word_1_958' title='bbox 1410 3004 1648 3048; x_wconf 86' lang='lat' dir='ltr'><strong>imperatorum</strong></span> <span class='ocrx_word' id='word_1_959' title='bbox 1671 3019 1729 3039; x_wconf 88' lang='lat' dir='ltr'><strong>om.</strong></span> <span class='ocrx_word' id='word_1_960' title='bbox 1754 3006 1804 3038; x_wconf 60' lang='grc' dir='ltr'><strong>Β*</strong></span> <span class='ocrx_word' id='word_1_961' title='bbox 1832 3004 1845 3049; x_wconf 69' lang='lat' dir='ltr'>fl</span> <span class='ocrx_word' id='word_1_962' title='bbox 1875 3007 1916 3040; x_wconf 89' lang='lat'><strong>12</strong></span> <span class='ocrx_word' id='word_1_963' title='bbox 1940 3005 2098 3047; x_wconf 85' lang='lat' dir='ltr'><strong>quaedam</strong></span> <span class='ocrx_word' id='word_1_964' title='bbox 2124 3019 2181 3038; x_wconf 87' lang='lat' dir='ltr'><strong>om.</strong></span> <span class='ocrx_word' id='word_1_965' title='bbox 2212 3006 2261 3038; x_wconf 86' lang='lat' dir='ltr'><strong>V¹</strong></span> <span class='ocrx_word' id='word_1_966' title='bbox 2291 3005 2304 3047; x_wconf 80' lang='lat' dir='ltr'>ss</span> 
     </span>
     <span class='ocr_line' id='line_1_69' title="bbox 1232 3049 2303 3092; baseline -0.002 -8"><span class='ocrx_word' id='word_1_967' title='bbox 1232 3052 1273 3084; x_wconf 90' lang='grc'><strong>13</strong></span> <span class='ocrx_word' id='word_1_968' title='bbox 1294 3060 1373 3082; x_wconf 90' lang='lat' dir='ltr'><strong>uero</strong></span> <span class='ocrx_word' id='word_1_969' title='bbox 1393 3050 1430 3082; x_wconf 86' lang='lat' dir='ltr'><strong>in</strong></span> <span class='ocrx_word' id='word_1_970' title='bbox 1451 3049 1547 3082; x_wconf 86' lang='lat' dir='ltr'><strong>libris</strong></span> <span class='ocrx_word' id='word_1_971' title='bbox 1567 3050 1620 3083; x_wconf 78' lang='lat'><strong>1⁷³</strong></span> <span class='ocrx_word' id='word_1_972' title='bbox 1641 3050 1678 3082; x_wconf 90' lang='lat' dir='ltr'><strong>in</strong></span> <span class='ocrx_word' id='word_1_973' title='bbox 1698 3050 1796 3083; x_wconf 89' lang='lat' dir='ltr'><strong>libris</strong></span> <span class='ocrx_word' id='word_1_974' title='bbox 1813 3050 1929 3092; x_wconf 86' lang='lat' dir='ltr'><strong>(libros</strong></span> <span class='ocrx_word' id='word_1_975' title='bbox 1951 3051 2015 3092; x_wconf 76' lang='lat'><strong>1⁷⁰)</strong></span> <span class='ocrx_word' id='word_1_976' title='bbox 2039 3061 2120 3083; x_wconf 89' lang='lat' dir='ltr'><strong>uero</strong></span> <span class='ocrx_word' id='word_1_977' title='bbox 2141 3051 2202 3091; x_wconf 74' lang='lat'><strong>1⁷¹,</strong></span> <span class='ocrx_word' id='word_1_978' title='bbox 2227 3060 2303 3082; x_wconf 84' lang='lat' dir='ltr'><strong>vero</strong></span> 
     </span>
     <span class='ocr_line' id='line_1_70' title="bbox 1232 3093 2303 3138; baseline -0.002 -10"><span class='ocrx_word' id='word_1_979' title='bbox 1232 3108 1290 3128; x_wconf 86' lang='lat' dir='ltr'><strong>om.</strong></span> <span class='ocrx_word' id='word_1_980' title='bbox 1305 3095 1338 3127; x_wconf 84' lang='lat' dir='ltr'><strong><em>R</em></strong></span> <span class='ocrx_word' id='word_1_981' title='bbox 1355 3094 1368 3138; x_wconf 74' lang='lat' dir='ltr'>fl</span> <span class='ocrx_word' id='word_1_982' title='bbox 1383 3095 1626 3136; x_wconf 81' lang='lat' dir='ltr'><strong>institutorum]</strong></span> <span class='ocrx_word' id='word_1_983' title='bbox 1655 3095 1877 3128; x_wconf 64' lang='lat' dir='ltr'><strong>instituto-0·</strong></span> <span class='ocrx_word' id='word_1_984' title='bbox 1901 3095 1951 3129; x_wconf 87' lang='lat' dir='ltr'><strong>V¹</strong></span> <span class='ocrx_word' id='word_1_985' title='bbox 1982 3095 2233 3128; x_wconf 79' lang='lat' dir='ltr'><strong>institutionum</strong></span> <span class='ocrx_word' id='word_1_986' title='bbox 2254 3093 2303 3126; x_wconf 76' lang='lat'><strong>1⁷³</strong></span> 
     </span>
     <span class='ocr_line' id='line_1_71' title="bbox 1231 3138 2300 3184; baseline -0.002 -12"><span class='ocrx_word' id='word_1_987' title='bbox 1231 3141 1332 3182; x_wconf 77' lang='lat' dir='ltr'><strong>vuly.;</strong></span> <span class='ocrx_word' id='word_1_988' title='bbox 1365 3140 1425 3183; x_wconf 81' lang='lat' dir='ltr'><strong>leq.</strong></span> <span class='ocrx_word' id='word_1_989' title='bbox 1450 3140 1624 3173; x_wconf 84' lang='lat' dir='ltr'><strong>constituti</strong></span> <span class='ocrx_word' id='word_1_990' title='bbox 1647 3140 1821 3173; x_wconf 75' lang='lat' dir='ltr'><strong>tutorum?</strong></span> <span class='ocrx_word' id='word_1_991' title='bbox 1844 3139 1857 3184; x_wconf 78' lang='grc' dir='ltr'><strong>ΙΙ</strong></span> <span class='ocrx_word' id='word_1_992' title='bbox 1886 3142 1995 3172; x_wconf 82' lang='lat' dir='ltr'><strong>autem</strong></span> <span class='ocrx_word' id='word_1_993' title='bbox 2020 3150 2079 3172; x_wconf 80' lang='lat' dir='ltr'><strong>nos</strong></span> <span class='ocrx_word' id='word_1_994' title='bbox 2102 3138 2195 3171; x_wconf 82' lang='lat' dir='ltr'><strong>RV³</strong></span> <span class='ocrx_word' id='word_1_995' title='bbox 2222 3138 2234 3180; x_wconf 85' lang='grc' dir='ltr'><strong>ΙΙ</strong></span> <span class='ocrx_word' id='word_1_996' title='bbox 2261 3140 2300 3171; x_wconf 85' lang='grc'><strong>15</strong></span> 
     </span>
     <span class='ocr_line' id='line_1_72' title="bbox 1232 3182 2300 3228; baseline -0.003 -12"><span class='ocrx_word' id='word_1_997' title='bbox 1232 3185 1369 3217; x_wconf 85' lang='lat' dir='ltr'><strong>fecimus</strong></span> <span class='ocrx_word' id='word_1_998' title='bbox 1393 3197 1451 3218; x_wconf 88' lang='lat' dir='ltr'><strong>om.</strong></span> <span class='ocrx_word' id='word_1_999' title='bbox 1469 3185 1502 3218; x_wconf 86' lang='lat' dir='ltr'><em>R</em></span> <span class='ocrx_word' id='word_1_1000' title='bbox 1527 3185 1539 3228; x_wconf 82' lang='grc' dir='ltr'><strong>ΙΙ</strong></span> <span class='ocrx_word' id='word_1_1001' title='bbox 1566 3186 1827 3218; x_wconf 67' lang='lat' dir='ltr'><strong>constitutine·</strong></span> <span class='ocrx_word' id='word_1_1002' title='bbox 1853 3185 1903 3218; x_wconf 85' lang='lat' dir='ltr'><strong>V¹</strong></span> <span class='ocrx_word' id='word_1_1003' title='bbox 1934 3182 2228 3217; x_wconf 85' lang='lat' dir='ltr'><strong>constitutionibus</strong></span> <span class='ocrx_word' id='word_1_1004' title='bbox 2251 3182 2300 3214; x_wconf 78' lang='lat' dir='ltr'><strong>R¹</strong></span> 
     </span>
     <span class='ocr_line' id='line_1_73' title="bbox 1234 3225 2302 3273; baseline -0.005 -10"><span class='ocrx_word' id='word_1_1005' title='bbox 1234 3229 1341 3263; x_wconf 81' lang='lat' dir='ltr'><strong>T¹V³</strong></span> <span class='ocrx_word' id='word_1_1006' title='bbox 1370 3229 1383 3273; x_wconf 79' lang='grc' dir='ltr'><strong>ΙΙ</strong></span> <span class='ocrx_word' id='word_1_1007' title='bbox 1413 3231 1454 3264; x_wconf 87' lang='grc'><strong>16</strong></span> <span class='ocrx_word' id='word_1_1008' title='bbox 1478 3230 1767 3271; x_wconf 84' lang='lat' dir='ltr'><strong>constitutionum]</strong></span> <span class='ocrx_word' id='word_1_1009' title='bbox 1791 3232 1898 3263; x_wconf 87' lang='lat' dir='ltr'><strong>totum</strong></span> <span class='ocrx_word' id='word_1_1010' title='bbox 1922 3228 2079 3269; x_wconf 88' lang='lat' dir='ltr'><strong>colligere</strong></span> <span class='ocrx_word' id='word_1_1011' title='bbox 2103 3228 2179 3259; x_wconf 85' lang='lat' dir='ltr'><strong>add.</strong></span> <span class='ocrx_word' id='word_1_1012' title='bbox 2203 3226 2256 3258; x_wconf 61' lang='lat'><strong>13⁶</strong></span> <span class='ocrx_word' id='word_1_1013' title='bbox 2289 3225 2302 3270; x_wconf 72' lang='lat' dir='ltr'>fl</span> 
     </span>
    </p>
   </div>
   <div class='ocr_carea' id='block_1_11' title="bbox 97 3266 1166 3541">
    <p class='ocr_par' dir='ltr' id='par_1_14' title="bbox 97 3266 1166 3541">
     <span class='ocr_line' id='line_1_74' title="bbox 97 3266 1164 3320; baseline 0.007 -19"><span class='ocrx_word' id='word_1_1014' title='bbox 97 3269 188 3320; x_wconf 49' lang='grc' dir='ltr'><strong>μένειι</strong></span> <span class='ocrx_word' id='word_1_1015' title='bbox 201 3269 232 3301; x_wconf 85' lang='lat' dir='ltr'><em>L</em></span> <span class='ocrx_word' id='word_1_1016' title='bbox 246 3268 260 3311; x_wconf 83' lang='grc' dir='ltr'>Ι</span> <span class='ocrx_word' id='word_1_1017' title='bbox 279 3270 319 3303; x_wconf 85' lang='grc'><strong>18</strong></span> <span class='ocrx_word' id='word_1_1018' title='bbox 330 3281 397 3312; x_wconf 81' lang='grc' dir='ltr'><strong>μετ</strong></span> <span class='ocrx_word' id='word_1_1019' title='bbox 426 3266 527 3312; x_wconf 72' lang='grc' dir='ltr'><strong><em>αὐτό]</em></strong></span> <span class='ocrx_word' id='word_1_1020' title='bbox 544 3285 614 3305; x_wconf 80' lang='lat' dir='ltr'><strong>nov.</strong></span> <span class='ocrx_word' id='word_1_1021' title='bbox 626 3273 764 3307; x_wconf 87' lang='lat' dir='ltr'><strong><em>XVIII</em></strong></span> <span class='ocrx_word' id='word_1_1022' title='bbox 772 3287 797 3307; x_wconf 88' lang='lat' dir='ltr'><strong>c.</strong></span> <span class='ocrx_word' id='word_1_1023' title='bbox 809 3276 839 3308; x_wconf 87' lang='lat'><strong>5.</strong></span> <span class='ocrx_word' id='word_1_1024' title='bbox 858 3275 958 3307; x_wconf 83' lang='lat' dir='ltr'><strong>XIX.</strong></span> <span class='ocrx_word' id='word_1_1025' title='bbox 975 3273 1164 3318; x_wconf 75' lang='lat' dir='ltr'><strong>LXXIVH</strong></span> 
     </span>
     <span class='ocr_line' id='line_1_75' title="bbox 103 3311 1164 3365; baseline 0.007 -20"><span class='ocrx_word' id='word_1_1026' title='bbox 103 3314 143 3346; x_wconf 80' lang='lat'><strong>19</strong></span> <span class='ocrx_word' id='word_1_1027' title='bbox 166 3325 188 3354; x_wconf 85' lang='grc' dir='ltr'><strong><em>η</em></strong></span> <span class='ocrx_word' id='word_1_1028' title='bbox 208 3313 255 3365; x_wconf 57' lang='lat' dir='ltr'><strong>L}</strong></span> <span class='ocrx_word' id='word_1_1029' title='bbox 271 3313 284 3356; x_wconf 85' lang='grc' dir='ltr'>Ι</span> <span class='ocrx_word' id='word_1_1030' title='bbox 301 3315 340 3347; x_wconf 88' lang='grc'><strong>21</strong></span> <span class='ocrx_word' id='word_1_1031' title='bbox 360 3311 574 3361; x_wconf 76' lang='grc' dir='ltr'><strong><em>διωρθῶσαι</em></strong></span> <span class='ocrx_word' id='word_1_1032' title='bbox 590 3317 658 3359; x_wconf 66' lang='lat' dir='ltr'><strong>Mn</strong></span> <span class='ocrx_word' id='word_1_1033' title='bbox 675 3319 718 3351; x_wconf 86' lang='lat'><strong>22</strong></span> <span class='ocrx_word' id='word_1_1034' title='bbox 735 3319 835 3352; x_wconf 82' lang='grc' dir='ltr'><strong><em>ἐστιν</em></strong></span> <span class='ocrx_word' id='word_1_1035' title='bbox 857 3333 915 3352; x_wconf 88' lang='lat' dir='ltr'><strong>om.</strong></span> <span class='ocrx_word' id='word_1_1036' title='bbox 929 3321 959 3353; x_wconf 92' lang='lat' dir='ltr'><em>L</em></span> <span class='ocrx_word' id='word_1_1037' title='bbox 976 3319 989 3362; x_wconf 80' lang='grc' dir='ltr'>Ι</span> <span class='ocrx_word' id='word_1_1038' title='bbox 1007 3322 1049 3354; x_wconf 85' lang='grc'><strong>29</strong></span> <span class='ocrx_word' id='word_1_1039' title='bbox 1066 3315 1164 3353; x_wconf 69' lang='grc' dir='ltr'><strong><em>οὕτω</em></strong></span> 
     </span>
     <span class='ocr_line' id='line_1_76' title="bbox 99 3354 1162 3407; baseline 0.011 -18"><span class='ocrx_word' id='word_1_1040' title='bbox 99 3357 172 3398; x_wconf 62' lang='lat' dir='ltr'><strong>Mc]</strong></span> <span class='ocrx_word' id='word_1_1041' title='bbox 194 3354 253 3390; x_wconf 83' lang='grc' dir='ltr'><strong>δια</strong></span> <span class='ocrx_word' id='word_1_1042' title='bbox 273 3357 379 3391; x_wconf 76' lang='grc' dir='ltr'><strong><em>τοῦτο</em></strong></span> <span class='ocrx_word' id='word_1_1043' title='bbox 404 3360 432 3391; x_wconf 89' lang='lat' dir='ltr'><em>L</em></span> <span class='ocrx_word' id='word_1_1044' title='bbox 460 3361 473 3402; x_wconf 74' lang='grc'><strong>11</strong></span> <span class='ocrx_word' id='word_1_1045' title='bbox 500 3361 543 3395; x_wconf 86' lang='grc'><strong>30</strong></span> <span class='ocrx_word' id='word_1_1046' title='bbox 565 3358 687 3403; x_wconf 77' lang='grc' dir='ltr'><strong><em>μηδὲν]</em></strong></span> <span class='ocrx_word' id='word_1_1047' title='bbox 720 3363 836 3396; x_wconf 84' lang='lat' dir='ltr'><strong>nullus</strong></span> <span class='ocrx_word' id='word_1_1048' title='bbox 858 3366 893 3404; x_wconf 84' lang='lat' dir='ltr'><strong>(i.</strong></span> <span class='ocrx_word' id='word_1_1049' title='bbox 907 3377 933 3398; x_wconf 92' lang='lat' dir='ltr'><strong>e.</strong></span> <span class='ocrx_word' id='word_1_1050' title='bbox 953 3362 1102 3407; x_wconf 77' lang='grc' dir='ltr'><strong><em>μηδένα)</em></strong></span> <span class='ocrx_word' id='word_1_1051' title='bbox 1126 3377 1162 3401; x_wconf 55' lang='lat' dir='ltr'>ss</span> 
     </span>
     <span class='ocr_line' id='line_1_77' title="bbox 101 3398 1163 3451; baseline 0.006 -16"><span class='ocrx_word' id='word_1_1052' title='bbox 101 3402 162 3444; x_wconf 71' lang='lat' dir='ltr'><strong>leq.</strong></span> <span class='ocrx_word' id='word_1_1053' title='bbox 175 3398 312 3444; x_wconf 77' lang='grc' dir='ltr'><strong><em>μηδένα</em></strong></span> <span class='ocrx_word' id='word_1_1054' title='bbox 322 3400 457 3445; x_wconf 65' lang='grc' dir='ltr'><strong><em>μηδενὶ)</em></strong></span> <span class='ocrx_word' id='word_1_1055' title='bbox 473 3404 486 3443; x_wconf 68' lang='lat' dir='ltr'><strong>R</strong></span> <span class='ocrx_word' id='word_1_1056' title='bbox 503 3402 716 3450; x_wconf 78' lang='grc' dir='ltr'><strong><em>ἀγνοεῖσθαι</em></strong></span> <span class='ocrx_word' id='word_1_1057' title='bbox 729 3410 811 3441; x_wconf 84' lang='lat' dir='ltr'><strong>coni.</strong></span> <span class='ocrx_word' id='word_1_1058' title='bbox 826 3409 1011 3443; x_wconf 79' lang='lat' dir='ltr'><strong>Zachariae</strong></span> <span class='ocrx_word' id='word_1_1059' title='bbox 1026 3414 1038 3451; x_wconf 79' lang='lat' dir='ltr'>ss</span> <span class='ocrx_word' id='word_1_1060' title='bbox 1056 3411 1099 3443; x_wconf 87' lang='lat'><strong>32</strong></span> <span class='ocrx_word' id='word_1_1061' title='bbox 1113 3406 1163 3449; x_wconf 78' lang='grc' dir='ltr'><strong>δὲ]</strong></span> 
     </span>
     <span class='ocr_line' id='line_1_78' title="bbox 98 3446 1166 3498; baseline 0.008 -20"><span class='ocrx_word' id='word_1_1062' title='bbox 98 3447 140 3479; x_wconf 82' lang='grc' dir='ltr'><em>τὲ</em></span> <span class='ocrx_word' id='word_1_1063' title='bbox 157 3447 187 3479; x_wconf 94' lang='lat' dir='ltr'><em>L</em></span> <span class='ocrx_word' id='word_1_1064' title='bbox 203 3448 215 3490; x_wconf 82' lang='grc' dir='ltr'><strong>ΙΙ</strong></span> <span class='ocrx_word' id='word_1_1065' title='bbox 234 3448 276 3480; x_wconf 85' lang='grc'><strong>33</strong></span> <span class='ocrx_word' id='word_1_1066' title='bbox 295 3449 338 3480; x_wconf 87' lang='grc' dir='ltr'><strong>τέ</strong></span> <span class='ocrx_word' id='word_1_1067' title='bbox 351 3448 394 3481; x_wconf 86' lang='lat' dir='ltr'><em>M</em></span> <span class='ocrx_word' id='word_1_1068' title='bbox 398 3451 452 3490; x_wconf 67' lang='lat' dir='ltr'><strong>(5ss</strong></span> <span class='ocrx_word' id='word_1_1069' title='bbox 478 3446 520 3482; x_wconf 78' lang='grc' dir='ltr'><strong>δέ</strong></span> <span class='ocrx_word' id='word_1_1070' title='bbox 531 3451 563 3483; x_wconf 90' lang='lat' dir='ltr'><em>L</em></span> <span class='ocrx_word' id='word_1_1071' title='bbox 575 3452 660 3495; x_wconf 80' lang='lat' dir='ltr'><strong>vulq.</strong></span> <span class='ocrx_word' id='word_1_1072' title='bbox 677 3452 690 3495; x_wconf 84' lang='grc' dir='ltr'><strong>ΙΙ</strong></span> <span class='ocrx_word' id='word_1_1073' title='bbox 707 3454 749 3486; x_wconf 88' lang='grc'><strong>36</strong></span> <span class='ocrx_word' id='word_1_1074' title='bbox 768 3451 1097 3498; x_wconf 78' lang='grc' dir='ltr'><strong><em>παραληφθήσεται</em></strong></span> <span class='ocrx_word' id='word_1_1075' title='bbox 1110 3455 1140 3487; x_wconf 95' lang='lat' dir='ltr'><em>L</em></span> <span class='ocrx_word' id='word_1_1076' title='bbox 1153 3454 1166 3498; x_wconf 76' lang='lat' dir='ltr'>ss</span> 
     </span>
     <span class='ocr_line' id='line_1_79' title="bbox 99 3492 1000 3541; baseline 0.009 -18"><span class='ocrx_word' id='word_1_1077' title='bbox 99 3494 199 3524; x_wconf 84' lang='grc' dir='ltr'><strong><em>τίνας</em></strong></span> <span class='ocrx_word' id='word_1_1078' title='bbox 218 3492 252 3524; x_wconf 93' lang='lat' dir='ltr'><strong>-L</strong></span> <span class='ocrx_word' id='word_1_1079' title='bbox 264 3493 320 3535; x_wconf 77' lang='lat' dir='ltr'><strong>(qs.</strong></span> <span class='ocrx_word' id='word_1_1080' title='bbox 336 3493 380 3525; x_wconf 82' lang='lat' dir='ltr'><strong>ad</strong></span> <span class='ocrx_word' id='word_1_1081' title='bbox 395 3495 425 3533; x_wconf 81' lang='grc' dir='ltr'><strong>ς)</strong></span> <span class='ocrx_word' id='word_1_1082' title='bbox 440 3492 453 3536; x_wconf 79' lang='grc' dir='ltr'><strong>ΙΙ</strong></span> <span class='ocrx_word' id='word_1_1083' title='bbox 471 3495 511 3527; x_wconf 82' lang='grc'><strong>37</strong></span> <span class='ocrx_word' id='word_1_1084' title='bbox 536 3494 636 3540; x_wconf 78' lang='grc' dir='ltr'><strong><em>παρὰ</em></strong></span> <span class='ocrx_word' id='word_1_1085' title='bbox 659 3497 736 3530; x_wconf 84' lang='grc' dir='ltr'><strong>τῶν</strong></span> <span class='ocrx_word' id='word_1_1086' title='bbox 757 3495 885 3541; x_wconf 85' lang='grc' dir='ltr'><strong><em>νόμων</em></strong></span> <span class='ocrx_word' id='word_1_1087' title='bbox 909 3511 967 3531; x_wconf 85' lang='lat' dir='ltr'><strong>om.</strong></span> <span class='ocrx_word' id='word_1_1088' title='bbox 981 3510 1000 3535; x_wconf 86' lang='grc' dir='ltr'><strong><em>ς</em></strong></span> 
     </span>
    </p>
   </div>
   <div class='ocr_carea' id='block_1_12' title="bbox 98 3581 1166 3719">
    <p class='ocr_par' dir='ltr' id='par_1_15' title="bbox 98 3581 1166 3719">
     <span class='ocr_line' id='line_1_80' title="bbox 156 3581 1166 3632; baseline 0.008 -20"><span class='ocrx_word' id='word_1_1089' title='bbox 156 3582 172 3632; x_wconf 75' lang='lat'><strong>,¹</strong></span> <span class='ocrx_word' id='word_1_1090' title='bbox 198 3581 372 3623; x_wconf 84' lang='lat' dir='ltr'><strong>proferunt</strong></span> <span class='ocrx_word' id='word_1_1091' title='bbox 396 3582 442 3614; x_wconf 60' lang='grc' dir='ltr'><strong>Β*</strong></span> <span class='ocrx_word' id='word_1_1092' title='bbox 477 3585 680 3618; x_wconf 83' lang='lat' dir='ltr'><strong>transierunt</strong></span> <span class='ocrx_word' id='word_1_1093' title='bbox 709 3586 772 3629; x_wconf 72' lang='lat' dir='ltr'><strong>Vfl</strong></span> <span class='ocrx_word' id='word_1_1094' title='bbox 803 3586 844 3619; x_wconf 82' lang='lat' dir='ltr'><strong>ad</strong></span> <span class='ocrx_word' id='word_1_1095' title='bbox 867 3587 1055 3620; x_wconf 90' lang='lat' dir='ltr'><strong>huiusmodi</strong></span> <span class='ocrx_word' id='word_1_1096' title='bbox 1079 3587 1131 3620; x_wconf 68' lang='lat' dir='ltr'><strong>Ra</strong></span> <span class='ocrx_word' id='word_1_1097' title='bbox 1153 3587 1166 3632; x_wconf 78' lang='lat' dir='ltr'>ss</span> 
     </span>
     <span class='ocr_line' id='line_1_81' title="bbox 99 3623 1163 3674; baseline 0.007 -17"><span class='ocrx_word' id='word_1_1098' title='bbox 99 3623 182 3667; x_wconf 81' lang='lat' dir='ltr'><strong>legis</strong></span> <span class='ocrx_word' id='word_1_1099' title='bbox 255 3636 314 3659; x_wconf 78' lang='lat' dir='ltr'><strong>nes</strong></span> <span class='ocrx_word' id='word_1_1100' title='bbox 336 3628 406 3668; x_wconf 82' lang='lat' dir='ltr'><strong>(sic)</strong></span> <span class='ocrx_word' id='word_1_1101' title='bbox 426 3627 476 3660; x_wconf 83' lang='lat' dir='ltr'><strong>V¹</strong></span> <span class='ocrx_word' id='word_1_1102' title='bbox 499 3627 512 3671; x_wconf 86' lang='grc' dir='ltr'>Ι</span> <span class='ocrx_word' id='word_1_1103' title='bbox 536 3630 702 3671; x_wconf 84' lang='lat' dir='ltr'><strong>qnoniam]</strong></span> <span class='ocrx_word' id='word_1_1104' title='bbox 726 3629 740 3664; x_wconf 77' lang='lat'>1</span> <span class='ocrx_word' id='word_1_1105' title='bbox 763 3631 821 3672; x_wconf 91' lang='lat' dir='ltr'><strong>qui</strong></span> <span class='ocrx_word' id='word_1_1106' title='bbox 844 3644 913 3664; x_wconf 82' lang='lat' dir='ltr'><strong>s.v.</strong></span> <span class='ocrx_word' id='word_1_1107' title='bbox 933 3631 982 3664; x_wconf 77' lang='grc' dir='ltr'><strong>Τ2</strong></span> <span class='ocrx_word' id='word_1_1108' title='bbox 1004 3631 1017 3674; x_wconf 69' lang='grc' dir='ltr'><strong>Ε</strong></span> <span class='ocrx_word' id='word_1_1109' title='bbox 1042 3634 1062 3666; x_wconf 88' lang='grc'><strong>3</strong></span> <span class='ocrx_word' id='word_1_1110' title='bbox 1087 3642 1163 3664; x_wconf 83' lang='lat' dir='ltr'><strong>cau-</strong></span> 
     </span>
     <span class='ocr_line' id='line_1_82' title="bbox 98 3669 1163 3719; baseline 0.007 -17"><span class='ocrx_word' id='word_1_1111' title='bbox 98 3679 149 3702; x_wconf 85' lang='lat' dir='ltr'><strong>sas</strong></span> <span class='ocrx_word' id='word_1_1112' title='bbox 163 3669 237 3715; x_wconf 71' lang='grc' dir='ltr'><strong>ΕἸΙ</strong></span> <span class='ocrx_word' id='word_1_1113' title='bbox 255 3673 276 3706; x_wconf 89' lang='grc'><strong>5</strong></span> <span class='ocrx_word' id='word_1_1114' title='bbox 292 3681 331 3704; x_wconf 82' lang='lat' dir='ltr'><strong>ex</strong></span> <span class='ocrx_word' id='word_1_1115' title='bbox 350 3671 471 3713; x_wconf 84' lang='lat' dir='ltr'><strong>priore]</strong></span> <span class='ocrx_word' id='word_1_1116' title='bbox 495 3675 529 3706; x_wconf 84' lang='lat' dir='ltr'><strong>et</strong></span> <span class='ocrx_word' id='word_1_1117' title='bbox 549 3683 587 3706; x_wconf 84' lang='lat' dir='ltr'><strong>ex</strong></span> <span class='ocrx_word' id='word_1_1118' title='bbox 609 3674 719 3716; x_wconf 87' lang='lat' dir='ltr'><strong>priore</strong></span> <span class='ocrx_word' id='word_1_1119' title='bbox 738 3677 803 3709; x_wconf 75' lang='grc' dir='ltr'><strong>ΒΤ</strong></span> <span class='ocrx_word' id='word_1_1120' title='bbox 814 3675 827 3719; x_wconf 80' lang='grc' dir='ltr'><strong>ΙΙ</strong></span> <span class='ocrx_word' id='word_1_1121' title='bbox 846 3679 863 3709; x_wconf 87' lang='grc'><strong>7</strong></span> <span class='ocrx_word' id='word_1_1122' title='bbox 886 3676 1063 3709; x_wconf 85' lang='lat' dir='ltr'><strong>interdicto</strong></span> <span class='ocrx_word' id='word_1_1123' title='bbox 1084 3677 1134 3708; x_wconf 84' lang='lat' dir='ltr'><strong>R¹</strong></span> <span class='ocrx_word' id='word_1_1124' title='bbox 1151 3677 1163 3719; x_wconf 85' lang='lat' dir='ltr'>ss</span> 
     </span>
    </p>
   </div>
   <div class='ocr_carea' id='block_1_13' title="bbox 1231 3270 2306 3719">
    <p class='ocr_par' dir='ltr' id='par_1_16' title="bbox 1231 3270 2306 3719">
     <span class='ocr_line' id='line_1_83' title="bbox 1234 3270 2301 3318; baseline -0.007 -10"><span class='ocrx_word' id='word_1_1125' title='bbox 1234 3277 1271 3308; x_wconf 82' lang='lat'><strong>17</strong></span> <span class='ocrx_word' id='word_1_1126' title='bbox 1297 3277 1350 3316; x_wconf 89' lang='lat' dir='ltr'><strong>ne]</strong></span> <span class='ocrx_word' id='word_1_1127' title='bbox 1375 3276 1408 3307; x_wconf 91' lang='lat' dir='ltr'><strong>et</strong></span> <span class='ocrx_word' id='word_1_1128' title='bbox 1431 3285 1472 3307; x_wconf 88' lang='lat' dir='ltr'><strong>ne</strong></span> <span class='ocrx_word' id='word_1_1129' title='bbox 1494 3275 1547 3318; x_wconf 72' lang='lat' dir='ltr'><strong>Vl}</strong></span> <span class='ocrx_word' id='word_1_1130' title='bbox 1576 3277 1616 3309; x_wconf 88' lang='grc'><strong>18</strong></span> <span class='ocrx_word' id='word_1_1131' title='bbox 1636 3275 1799 3308; x_wconf 86' lang='lat' dir='ltr'><strong>credimus</strong></span> <span class='ocrx_word' id='word_1_1132' title='bbox 1820 3273 1913 3311; x_wconf 81' lang='lat' dir='ltr'><strong>RTn</strong></span> <span class='ocrx_word' id='word_1_1133' title='bbox 1939 3271 2212 3305; x_wconf 87' lang='lat' dir='ltr'><strong>constitutionum</strong></span> <span class='ocrx_word' id='word_1_1134' title='bbox 2234 3270 2267 3302; x_wconf 86' lang='lat' dir='ltr'><em>R</em></span> <span class='ocrx_word' id='word_1_1135' title='bbox 2289 3272 2301 3308; x_wconf 77' lang='lat' dir='ltr'>n</span> 
     </span>
     <span class='ocr_line' id='line_1_84' title="bbox 1231 3312 2301 3366; baseline -0.007 -14"><span class='ocrx_word' id='word_1_1136' title='bbox 1231 3330 1314 3361; x_wconf 89' lang='lat' dir='ltr'><strong>quae</strong></span> <span class='ocrx_word' id='word_1_1137' title='bbox 1337 3321 1410 3361; x_wconf 88' lang='lat' dir='ltr'><strong>pro]</strong></span> <span class='ocrx_word' id='word_1_1138' title='bbox 1433 3319 1470 3351; x_wconf 90' lang='lat' dir='ltr'><strong>in</strong></span> <span class='ocrx_word' id='word_1_1139' title='bbox 1496 3320 1540 3352; x_wconf 77' lang='grc' dir='ltr'><strong>Τι</strong></span> <span class='ocrx_word' id='word_1_1140' title='bbox 1555 3319 1568 3362; x_wconf 77' lang='grc' dir='ltr'><strong>ΙΙ</strong></span> <span class='ocrx_word' id='word_1_1141' title='bbox 1589 3322 1630 3354; x_wconf 84' lang='grc'><strong>19</strong></span> <span class='ocrx_word' id='word_1_1142' title='bbox 1653 3320 1817 3352; x_wconf 87' lang='lat' dir='ltr'><strong>suffitiant</strong></span> <span class='ocrx_word' id='word_1_1143' title='bbox 1838 3316 1953 3360; x_wconf 80' lang='lat' dir='ltr'><em>RT¹11</em></span> <span class='ocrx_word' id='word_1_1144' title='bbox 1972 3318 2014 3350; x_wconf 86' lang='lat'><strong>20</strong></span> <span class='ocrx_word' id='word_1_1145' title='bbox 2039 3315 2195 3366; x_wconf 66' lang='lat' dir='ltr'><strong>colligere</strong></span> <span class='ocrx_word' id='word_1_1146' title='bbox 2216 3313 2268 3346; x_wconf 74' lang='lat'><strong>13²</strong></span> <span class='ocrx_word' id='word_1_1147' title='bbox 2288 3312 2301 3361; x_wconf 80' lang='grc' dir='ltr'><strong>ΙΙ</strong></span> 
     </span>
     <span class='ocr_line' id='line_1_85' title="bbox 1232 3357 2300 3408; baseline -0.01 -9"><span class='ocrx_word' id='word_1_1148' title='bbox 1232 3366 1274 3399; x_wconf 86' lang='grc'><strong>22</strong></span> <span class='ocrx_word' id='word_1_1149' title='bbox 1299 3375 1439 3406; x_wconf 90' lang='lat' dir='ltr'><strong>namque</strong></span> <span class='ocrx_word' id='word_1_1150' title='bbox 1464 3367 1511 3397; x_wconf 82' lang='lat' dir='ltr'><strong>est</strong></span> <span class='ocrx_word' id='word_1_1151' title='bbox 1537 3365 1677 3408; x_wconf 70' lang='grc' dir='ltr'><strong><em>Τυαζη]</em></strong></span> <span class='ocrx_word' id='word_1_1152' title='bbox 1699 3368 1747 3398; x_wconf 88' lang='lat' dir='ltr'><strong>est</strong></span> <span class='ocrx_word' id='word_1_1153' title='bbox 1771 3371 1911 3403; x_wconf 83' lang='lat' dir='ltr'><strong>namque</strong></span> <span class='ocrx_word' id='word_1_1154' title='bbox 1927 3358 2026 3402; x_wconf 79' lang='lat' dir='ltr'><strong>RVfl</strong></span> <span class='ocrx_word' id='word_1_1155' title='bbox 2050 3369 2196 3391; x_wconf 78' lang='lat' dir='ltr'><strong>omnium</strong></span> <span class='ocrx_word' id='word_1_1156' title='bbox 2220 3357 2300 3408; x_wconf 32' lang='lat'><strong>13¹⁸„</strong></span> 
     </span>
     <span class='ocr_line' id='line_1_86' title="bbox 1231 3402 2302 3452; baseline -0.007 -10"><span class='ocrx_word' id='word_1_1157' title='bbox 1231 3410 1365 3451; x_wconf 86' lang='lat' dir='ltr'><strong>quidem</strong></span> <span class='ocrx_word' id='word_1_1158' title='bbox 1387 3408 1447 3441; x_wconf 73' lang='lat' dir='ltr'><strong>aiii</strong></span> <span class='ocrx_word' id='word_1_1159' title='bbox 1473 3410 1553 3452; x_wconf 76' lang='lat' dir='ltr'><strong>T⁶fl</strong></span> <span class='ocrx_word' id='word_1_1160' title='bbox 1574 3410 1616 3443; x_wconf 89' lang='lat'><strong>23</strong></span> <span class='ocrx_word' id='word_1_1161' title='bbox 1637 3409 1746 3449; x_wconf 88' lang='lat' dir='ltr'><strong>liberi]</strong></span> <span class='ocrx_word' id='word_1_1162' title='bbox 1770 3407 1869 3440; x_wconf 87' lang='lat' dir='ltr'><strong>liberi</strong></span> <span class='ocrx_word' id='word_1_1163' title='bbox 1888 3404 2020 3445; x_wconf 87' lang='lat' dir='ltr'><strong>quidem</strong></span> <span class='ocrx_word' id='word_1_1164' title='bbox 2037 3403 2115 3445; x_wconf 64' lang='lat' dir='ltr'>ch</span> <span class='ocrx_word' id='word_1_1165' title='bbox 2134 3403 2178 3436; x_wconf 83' lang='lat'><strong>24</strong></span> <span class='ocrx_word' id='word_1_1166' title='bbox 2197 3402 2302 3452; x_wconf 67' lang='lat' dir='ltr'><strong>fuerit</strong></span> 
     </span>
     <span class='ocr_line' id='line_1_87' title="bbox 1231 3446 2301 3498; baseline -0.009 -11"><span class='ocrx_word' id='word_1_1167' title='bbox 1231 3455 1276 3487; x_wconf 73' lang='lat' dir='ltr'><strong>R*</strong></span> <span class='ocrx_word' id='word_1_1168' title='bbox 1295 3453 1308 3498; x_wconf 88' lang='grc' dir='ltr'><strong>ΙΙ</strong></span> <span class='ocrx_word' id='word_1_1169' title='bbox 1327 3456 1368 3488; x_wconf 86' lang='grc'><strong>25</strong></span> <span class='ocrx_word' id='word_1_1170' title='bbox 1393 3454 1576 3486; x_wconf 82' lang='lat' dir='ltr'><strong>adtendunt</strong></span> <span class='ocrx_word' id='word_1_1171' title='bbox 1601 3453 1650 3486; x_wconf 65' lang='grc' dir='ltr'><strong>Β*</strong></span> <span class='ocrx_word' id='word_1_1172' title='bbox 1667 3453 1680 3495; x_wconf 86' lang='grc' dir='ltr'><strong>ΙΙ</strong></span> <span class='ocrx_word' id='word_1_1173' title='bbox 1704 3454 1746 3486; x_wconf 85' lang='grc'><strong>26</strong></span> <span class='ocrx_word' id='word_1_1174' title='bbox 1770 3453 1832 3483; x_wconf 89' lang='lat' dir='ltr'><strong>hoc</strong></span> <span class='ocrx_word' id='word_1_1175' title='bbox 1856 3462 1913 3482; x_wconf 87' lang='lat' dir='ltr'><strong>om.</strong></span> <span class='ocrx_word' id='word_1_1176' title='bbox 1929 3448 1976 3479; x_wconf 87' lang='lat' dir='ltr'><strong>R¹</strong></span> <span class='ocrx_word' id='word_1_1177' title='bbox 1997 3447 2009 3490; x_wconf 81' lang='grc' dir='ltr'><strong>ΙΙ</strong></span> <span class='ocrx_word' id='word_1_1178' title='bbox 2032 3457 2096 3488; x_wconf 77' lang='lat' dir='ltr'><strong>ipsi</strong></span> <span class='ocrx_word' id='word_1_1179' title='bbox 2121 3446 2179 3489; x_wconf 69' lang='lat' dir='ltr'><strong>T.</strong></span> <span class='ocrx_word' id='word_1_1180' title='bbox 2202 3447 2243 3479; x_wconf 81' lang='lat'><strong>27</strong></span> <span class='ocrx_word' id='word_1_1181' title='bbox 2269 3456 2301 3478; x_wconf 81' lang='lat' dir='ltr'><strong>ei</strong></span> 
     </span>
     <span class='ocr_line' id='line_1_88' title="bbox 1234 3490 2302 3543; baseline -0.009 -11"><span class='ocrx_word' id='word_1_1182' title='bbox 1234 3498 1296 3543; x_wconf 83' lang='grc' dir='ltr'><strong>ΤΙ]</strong></span> <span class='ocrx_word' id='word_1_1183' title='bbox 1327 3500 1368 3533; x_wconf 89' lang='grc'><strong>28</strong></span> <span class='ocrx_word' id='word_1_1184' title='bbox 1392 3499 1467 3539; x_wconf 89' lang='lat' dir='ltr'><strong>hoc]</strong></span> <span class='ocrx_word' id='word_1_1185' title='bbox 1503 3499 1539 3530; x_wconf 90' lang='lat' dir='ltr'><strong>in</strong></span> <span class='ocrx_word' id='word_1_1186' title='bbox 1562 3499 1624 3530; x_wconf 90' lang='lat' dir='ltr'><strong>hoc</strong></span> <span class='ocrx_word' id='word_1_1187' title='bbox 1652 3498 1686 3530; x_wconf 87' lang='lat' dir='ltr'><strong><em>V</em></strong></span> <span class='ocrx_word' id='word_1_1188' title='bbox 1706 3498 1718 3540; x_wconf 77' lang='grc' dir='ltr'>Ι</span> <span class='ocrx_word' id='word_1_1189' title='bbox 1750 3498 1794 3529; x_wconf 88' lang='grc'><strong>32</strong></span> <span class='ocrx_word' id='word_1_1190' title='bbox 1818 3493 2079 3543; x_wconf 76' lang='lat' dir='ltr'><strong>quibuscumque</strong></span> <span class='ocrx_word' id='word_1_1191' title='bbox 2104 3491 2136 3523; x_wconf 90' lang='lat' dir='ltr'><em>T</em></span> <span class='ocrx_word' id='word_1_1192' title='bbox 2160 3490 2173 3533; x_wconf 79' lang='grc' dir='ltr'>Ι</span> <span class='ocrx_word' id='word_1_1193' title='bbox 2201 3491 2244 3524; x_wconf 86' lang='grc'><strong>33</strong></span> <span class='ocrx_word' id='word_1_1194' title='bbox 2267 3492 2302 3523; x_wconf 85' lang='lat' dir='ltr'><strong>et</strong></span> 
     </span>
     <span class='ocr_line' id='line_1_89' title="bbox 1231 3536 2297 3587; baseline -0.004 -12"><span class='ocrx_word' id='word_1_1195' title='bbox 1231 3554 1316 3585; x_wconf 81' lang='lat' dir='ltr'><strong>quae</strong></span> <span class='ocrx_word' id='word_1_1196' title='bbox 1338 3544 1438 3587; x_wconf 69' lang='lat' dir='ltr'><strong>vuly]</strong></span> <span class='ocrx_word' id='word_1_1197' title='bbox 1470 3546 1569 3584; x_wconf 87' lang='lat' dir='ltr'><strong>atque</strong></span> <span class='ocrx_word' id='word_1_1198' title='bbox 1593 3542 1699 3574; x_wconf 82' lang='lat' dir='ltr'><strong>RVT</strong></span> <span class='ocrx_word' id='word_1_1199' title='bbox 1761 3542 1804 3573; x_wconf 88' lang='lat'><strong>35</strong></span> <span class='ocrx_word' id='word_1_1200' title='bbox 1827 3547 1904 3569; x_wconf 73' lang='lat' dir='ltr'><strong>vero</strong></span> <span class='ocrx_word' id='word_1_1201' title='bbox 1921 3537 2044 3586; x_wconf 63' lang='lat' dir='ltr'><strong>fddidt</strong></span> <span class='ocrx_word' id='word_1_1202' title='bbox 2073 3536 2195 3586; x_wconf 56' lang='lat' dir='ltr'><strong>(anf-em</strong></span> <span class='ocrx_word' id='word_1_1203' title='bbox 2219 3536 2297 3567; x_wconf 73' lang='lat' dir='ltr'><strong>add·</strong></span> 
     </span>
     <span class='ocr_line' id='line_1_90' title="bbox 1234 3580 2306 3630; baseline -0.007 -9"><span class='ocrx_word' id='word_1_1204' title='bbox 1234 3589 1336 3629; x_wconf 84' lang='lat' dir='ltr'><strong>Beck)</strong></span> <span class='ocrx_word' id='word_1_1205' title='bbox 1352 3587 1364 3630; x_wconf 83' lang='grc' dir='ltr'><strong>ΙΙ</strong></span> <span class='ocrx_word' id='word_1_1206' title='bbox 1382 3589 1443 3619; x_wconf 87' lang='lat' dir='ltr'><strong>hos</strong></span> <span class='ocrx_word' id='word_1_1207' title='bbox 1458 3588 1506 3620; x_wconf 78' lang='lat' dir='ltr'><strong>T⁰</strong></span> <span class='ocrx_word' id='word_1_1208' title='bbox 1524 3587 1536 3629; x_wconf 73' lang='lat' dir='ltr'>fl</span> <span class='ocrx_word' id='word_1_1209' title='bbox 1553 3588 1595 3620; x_wconf 88' lang='grc'><strong>36</strong></span> <span class='ocrx_word' id='word_1_1210' title='bbox 1609 3585 1716 3627; x_wconf 85' lang='lat' dir='ltr'><strong>*quod</strong></span> <span class='ocrx_word' id='word_1_1211' title='bbox 1732 3583 1876 3624; x_wconf 82' lang='lat' dir='ltr'><strong>quidam]</strong></span> <span class='ocrx_word' id='word_1_1212' title='bbox 1893 3590 1945 3621; x_wconf 87' lang='lat' dir='ltr'><strong>qm</strong></span> <span class='ocrx_word' id='word_1_1213' title='bbox 1961 3581 2018 3612; x_wconf 66' lang='lat'><strong>122.</strong></span> <span class='ocrx_word' id='word_1_1214' title='bbox 2031 3589 2188 3630; x_wconf 78' lang='lat' dir='ltr'><strong>quonlam</strong></span> <span class='ocrx_word' id='word_1_1215' title='bbox 2199 3580 2306 3613; x_wconf 83' lang='lat' dir='ltr'><strong>RVT</strong></span> 
     </span>
     <span class='ocr_line' id='line_1_91' title="bbox 1231 3624 2297 3675; baseline -0.008 -10"><span class='ocrx_word' id='word_1_1216' title='bbox 1231 3643 1276 3675; x_wconf 90' lang='lat' dir='ltr'><strong>qn</strong></span> <span class='ocrx_word' id='word_1_1217' title='bbox 1300 3632 1431 3673; x_wconf 89' lang='lat' dir='ltr'><strong>quidem</strong></span> <span class='ocrx_word' id='word_1_1218' title='bbox 1457 3633 1491 3671; x_wconf 86' lang='lat' dir='ltr'><strong>(i.</strong></span> <span class='ocrx_word' id='word_1_1219' title='bbox 1504 3644 1530 3663; x_wconf 84' lang='lat' dir='ltr'><strong>e.</strong></span> <span class='ocrx_word' id='word_1_1220' title='bbox 1552 3630 1684 3671; x_wconf 80' lang='lat' dir='ltr'><strong>quando</strong></span> <span class='ocrx_word' id='word_1_1221' title='bbox 1704 3627 1836 3668; x_wconf 85' lang='lat' dir='ltr'><strong>quidem</strong></span> <span class='ocrx_word' id='word_1_1222' title='bbox 1845 3626 1874 3665; x_wconf 67' lang='grc'><strong>*2)</strong></span> <span class='ocrx_word' id='word_1_1223' title='bbox 1898 3637 1924 3657; x_wconf 77' lang='lat' dir='ltr'><strong>s.</strong></span> <span class='ocrx_word' id='word_1_1224' title='bbox 1938 3636 1968 3656; x_wconf 86' lang='lat' dir='ltr'><strong>v.</strong></span> <span class='ocrx_word' id='word_1_1225' title='bbox 1990 3624 2029 3665; x_wconf 90' lang='lat' dir='ltr'><strong>V,</strong></span> <span class='ocrx_word' id='word_1_1226' title='bbox 2052 3634 2111 3665; x_wconf 83' lang='lat' dir='ltr'><strong>qui</strong></span> <span class='ocrx_word' id='word_1_1227' title='bbox 2133 3625 2218 3668; x_wconf 65' lang='grc' dir='ltr'><strong><em>σαῖς.</em></strong></span> <span class='ocrx_word' id='word_1_1228' title='bbox 2242 3626 2297 3665; x_wconf 88' lang='lat' dir='ltr'><strong>(cs.</strong></span> 
     </span>
     <span class='ocr_line' id='line_1_92' title="bbox 1231 3675 1638 3719; baseline -0.005 -11"><span class='ocrx_word' id='word_1_1229' title='bbox 1231 3678 1277 3709; x_wconf 81' lang='lat' dir='ltr'><strong>ad</strong></span> <span class='ocrx_word' id='word_1_1230' title='bbox 1299 3681 1330 3718; x_wconf 76' lang='grc' dir='ltr'><strong>ς)</strong></span> <span class='ocrx_word' id='word_1_1231' title='bbox 1347 3676 1359 3719; x_wconf 91' lang='grc' dir='ltr'><strong>ΙΙ</strong></span> <span class='ocrx_word' id='word_1_1232' title='bbox 1377 3678 1417 3709; x_wconf 71' lang='lat'><strong>37</strong></span> <span class='ocrx_word' id='word_1_1233' title='bbox 1440 3675 1542 3708; x_wconf 84' lang='lat' dir='ltr'><strong>fuerit</strong></span> <span class='ocrx_word' id='word_1_1234' title='bbox 1567 3675 1638 3707; x_wconf 76' lang='lat' dir='ltr'><strong>RV</strong></span> 
     </span>
    </p>
   </div>
  </div>
 </body>
</html>
