<?xml version="1.0" encoding="UTF-8"?>
<!DOCTYPE html PUBLIC "-//W3C//DTD XHTML 1.0 Transitional//EN"
    "http://www.w3.org/TR/xhtml1/DTD/xhtml1-transitional.dtd">
<html xmlns="http://www.w3.org/1999/xhtml" xml:lang="en" lang="en">
 <head>
  <title>
</title>
<meta http-equiv="Content-Type" content="text/html;charset=utf-8" />
  <meta name='ocr-system' content='tesseract 3.04.00' />
  <meta name='ocr-capabilities' content='ocr_page ocr_carea ocr_par ocr_line ocrx_word'/>
</head>
<body>
  <div class='ocr_page' id='page_1' title='image "./corpusjuriscivil00krueuoft_0156.png"; bbox 0 0 2592 3840; ppageno 0'>
   <div class='ocr_carea' id='block_1_1' title="bbox 210 61 623 107">
    <p class='ocr_par' dir='ltr' id='par_1_1' title="bbox 210 61 623 107">
     <span class='ocr_line' id='line_1_1' title="bbox 210 61 623 107; baseline -0.005 0"><span class='ocrx_word' id='word_1_1' title='bbox 210 61 316 107; x_wconf 82' lang='lat' dir='ltr'><strong>Nov.</strong></span> <span class='ocrx_word' id='word_1_2' title='bbox 345 63 486 107; x_wconf 81' lang='lat' dir='ltr'>XVIII</span> <span class='ocrx_word' id='word_1_3' title='bbox 515 64 623 106; x_wconf 86' lang='lat'><strong>3-5</strong></span> 
     </span>
    </p>
   </div>
   <div class='ocr_carea' id='block_1_2' title="bbox 214 168 1285 358">
    <p class='ocr_par' dir='ltr' id='par_1_2' title="bbox 214 168 1285 358">
     <span class='ocr_line' id='line_1_2' title="bbox 214 168 1280 222; baseline -0.008 -11"><span class='ocrx_word' id='word_1_4' title='bbox 214 174 348 222; x_wconf 83' lang='grc' dir='ltr'><em>πατρὸς</em></span> <span class='ocrx_word' id='word_1_5' title='bbox 369 172 490 220; x_wconf 76' lang='grc' dir='ltr'><em>μόνου,</em></span> <span class='ocrx_word' id='word_1_6' title='bbox 513 171 600 209; x_wconf 74' lang='grc' dir='ltr'><strong>ἀλλὰ</strong></span> <span class='ocrx_word' id='word_1_7' title='bbox 624 177 683 207; x_wconf 78' lang='grc' dir='ltr'><em>καὶ</em></span> <span class='ocrx_word' id='word_1_8' title='bbox 706 169 845 218; x_wconf 75' lang='grc' dir='ltr'><em>μητρός,</em></span> <span class='ocrx_word' id='word_1_9' title='bbox 866 174 926 205; x_wconf 78' lang='grc' dir='ltr'><em>καὶ</em></span> <span class='ocrx_word' id='word_1_10' title='bbox 943 168 1094 206; x_wconf 82' lang='grc' dir='ltr'><em>πάππου</em></span> <span class='ocrx_word' id='word_1_11' title='bbox 1114 172 1174 203; x_wconf 82' lang='grc' dir='ltr'><em>καὶ</em></span> <span class='ocrx_word' id='word_1_12' title='bbox 1196 182 1280 215; x_wconf 85' lang='grc' dir='ltr'><em>προ·</em></span> 
     </span>
     <span class='ocr_line' id='line_1_3' title="bbox 214 213 1285 268; baseline -0.008 -11"><span class='ocrx_word' id='word_1_13' title='bbox 214 219 363 257; x_wconf 75' lang='grc' dir='ltr'><em>πάππου</em></span> <span class='ocrx_word' id='word_1_14' title='bbox 379 222 439 254; x_wconf 74' lang='grc' dir='ltr'><em>καὶ</em></span> <span class='ocrx_word' id='word_1_15' title='bbox 458 220 536 254; x_wconf 80' lang='grc' dir='ltr'><strong>τῶν</strong></span> <span class='ocrx_word' id='word_1_16' title='bbox 550 220 845 266; x_wconf 81' lang='grc' dir='ltr'><em>παρεζευγμένων</em></span> <span class='ocrx_word' id='word_1_17' title='bbox 861 213 999 259; x_wconf 76' lang='grc' dir='ltr'><em>ἑκάστῳ</em></span> <span class='ocrx_word' id='word_1_18' title='bbox 1016 213 1171 268; x_wconf 41' lang='grc' dir='ltr'><strong>θῑηλείυνκ</strong></span> <span class='ocrx_word' id='word_1_19' title='bbox 1184 225 1285 259; x_wconf 85' lang='grc' dir='ltr'><em>προς·</em></span> 
     </span>
     <span class='ocr_line' id='line_1_4' title="bbox 215 260 1284 310; baseline -0.008 -9"><span class='ocrx_word' id='word_1_20' title='bbox 215 266 341 308; x_wconf 57' lang='lat' dir='ltr'><strong>doram,</strong></span> <span class='ocrx_word' id='word_1_21' title='bbox 370 265 512 310; x_wconf 82' lang='grc' dir='ltr'><em>μάμμης</em></span> <span class='ocrx_word' id='word_1_22' title='bbox 534 266 653 310; x_wconf 79' lang='grc' dir='ltr'><em>φαμὲν</em></span> <span class='ocrx_word' id='word_1_23' title='bbox 676 266 734 297; x_wconf 78' lang='grc' dir='ltr'><em>καὶ</em></span> <span class='ocrx_word' id='word_1_24' title='bbox 762 260 984 308; x_wconf 81' lang='grc' dir='ltr'><em>προμάμμης,</em></span> <span class='ocrx_word' id='word_1_25' title='bbox 1012 261 1083 294; x_wconf 70' lang='lat' dir='ltr'><strong>sin</strong></span> <span class='ocrx_word' id='word_1_26' title='bbox 1105 270 1194 306; x_wconf 87' lang='grc' dir='ltr'><em>προς</em></span> <span class='ocrx_word' id='word_1_27' title='bbox 1216 272 1284 295; x_wconf 85' lang='grc' dir='ltr'><em>πα-</em></span> 
     </span>
     <span class='ocr_line' id='line_1_5' title="bbox 216 308 758 358; baseline -0.007 -13"><span class='ocrx_word' id='word_1_28' title='bbox 216 310 299 358; x_wconf 83' lang='grc' dir='ltr'><em>τρὸς</em></span> <span class='ocrx_word' id='word_1_29' title='bbox 322 311 392 345; x_wconf 79' lang='grc' dir='ltr'><em>εἴτε</em></span> <span class='ocrx_word' id='word_1_30' title='bbox 415 308 503 356; x_wconf 83' lang='grc' dir='ltr'><em>πρὸς</em></span> <span class='ocrx_word' id='word_1_31' title='bbox 524 309 655 355; x_wconf 85' lang='grc' dir='ltr'><em>μητρὸς</em></span> <span class='ocrx_word' id='word_1_32' title='bbox 679 308 758 342; x_wconf 81' lang='grc' dir='ltr'><em>εἶεν.</em></span> 
     </span>
    </p>
   </div>
   <div class='ocr_carea' id='block_1_3' title="bbox 1276 52 1354 104">
    <p class='ocr_par' dir='ltr' id='par_1_3' title="bbox 1276 52 1354 104">
     <span class='ocr_line' id='line_1_6' title="bbox 1276 52 1354 104; baseline 0 -1"><span class='ocrx_word' id='word_1_33' title='bbox 1276 52 1354 104; x_wconf 85' lang='grc'>130</span> 
     </span>
    </p>
   </div>
   <div class='ocr_carea' id='block_1_4' title="bbox 1854 65 2430 104">
    <p class='ocr_par' dir='ltr' id='par_1_4' title="bbox 1854 35 2559 126">
     <span class='ocr_line' id='line_1_7' title="bbox 1854 65 2430 104; baseline 0.001 -2"><span class='ocrx_word' id='word_1_34' title='bbox 1854 67 1916 102; x_wconf 75' lang='lat' dir='ltr'><strong>DE</strong></span> <span class='ocrx_word' id='word_1_35' title='bbox 1943 65 2137 102; x_wconf 72' lang='lat' dir='ltr'><strong>&#39;mmm&#39;</strong></span> <span class='ocrx_word' id='word_1_36' title='bbox 2162 65 2430 104; x_wconf 63' lang='lat' dir='ltr'><strong>E‘I‘Snmssss</strong></span> 
     </span>
    </p>
   </div>
   <div class='ocr_carea' id='block_1_5' title="bbox 1349 168 2435 303">
    <p class='ocr_par' dir='ltr' id='par_1_5' title="bbox 1349 168 2435 303">
     <span class='ocr_line' id='line_1_8' title="bbox 1349 168 2431 216; baseline 0.002 -12"><span class='ocrx_word' id='word_1_37' title='bbox 1349 180 1429 205; x_wconf 89' lang='lat' dir='ltr'><strong>mus</strong></span> <span class='ocrx_word' id='word_1_38' title='bbox 1452 179 1526 204; x_wconf 90' lang='lat' dir='ltr'><strong>non</strong></span> <span class='ocrx_word' id='word_1_39' title='bbox 1545 169 1583 204; x_wconf 89' lang='lat' dir='ltr'><strong>in</strong></span> <span class='ocrx_word' id='word_1_40' title='bbox 1605 171 1708 213; x_wconf 83' lang='lat' dir='ltr'><strong>patre</strong></span> <span class='ocrx_word' id='word_1_41' title='bbox 1726 168 1815 211; x_wconf 88' lang='lat' dir='ltr'><strong>solo,</strong></span> <span class='ocrx_word' id='word_1_42' title='bbox 1838 168 1903 204; x_wconf 85' lang='lat' dir='ltr'><strong>sed</strong></span> <span class='ocrx_word' id='word_1_43' title='bbox 1919 171 1956 204; x_wconf 86' lang='lat' dir='ltr'><strong>et</strong></span> <span class='ocrx_word' id='word_1_44' title='bbox 1970 172 2086 204; x_wconf 84' lang='lat' dir='ltr'><strong>matre</strong></span> <span class='ocrx_word' id='word_1_45' title='bbox 2100 172 2137 206; x_wconf 90' lang='lat' dir='ltr'><strong>et</strong></span> <span class='ocrx_word' id='word_1_46' title='bbox 2155 179 2222 206; x_wconf 78' lang='lat' dir='ltr'><strong>avo</strong></span> <span class='ocrx_word' id='word_1_47' title='bbox 2237 171 2276 205; x_wconf 87' lang='lat' dir='ltr'><strong>et</strong></span> <span class='ocrx_word' id='word_1_48' title='bbox 2296 178 2431 216; x_wconf 78' lang='lat' dir='ltr'><strong>proavo</strong></span> 
     </span>
     <span class='ocr_line' id='line_1_9' title="bbox 1355 213 2435 259; baseline 0 -10"><span class='ocrx_word' id='word_1_49' title='bbox 1355 217 1392 249; x_wconf 87' lang='lat' dir='ltr'><strong>et</strong></span> <span class='ocrx_word' id='word_1_50' title='bbox 1420 213 1598 249; x_wconf 88' lang='lat' dir='ltr'><strong>adiunctis</strong></span> <span class='ocrx_word' id='word_1_51' title='bbox 1629 213 1823 257; x_wconf 87' lang='lat' dir='ltr'><strong>unicuique</strong></span> <span class='ocrx_word' id='word_1_52' title='bbox 1852 213 2063 250; x_wconf 85' lang='lat' dir='ltr'><strong>feminarum</strong></span> <span class='ocrx_word' id='word_1_53' title='bbox 2094 213 2276 259; x_wconf 82' lang='lat' dir='ltr'><strong>personis,</strong></span> <span class='ocrx_word' id='word_1_54' title='bbox 2309 213 2348 251; x_wconf 85' lang='lat' dir='ltr'><strong>id</strong></span> <span class='ocrx_word' id='word_1_55' title='bbox 2377 216 2435 250; x_wconf 82' lang='lat' dir='ltr'><strong>est</strong></span> 
     </span>
     <span class='ocr_line' id='line_1_10' title="bbox 1354 257 2387 303; baseline 0 -8"><span class='ocrx_word' id='word_1_56' title='bbox 1354 259 1432 295; x_wconf 86' lang='lat' dir='ltr'><strong>avia</strong></span> <span class='ocrx_word' id='word_1_57' title='bbox 1455 263 1491 294; x_wconf 90' lang='lat' dir='ltr'><strong>et</strong></span> <span class='ocrx_word' id='word_1_58' title='bbox 1512 258 1677 303; x_wconf 80' lang='lat' dir='ltr'><strong>proavia,</strong></span> <span class='ocrx_word' id='word_1_59' title='bbox 1709 257 1783 294; x_wconf 88' lang='lat' dir='ltr'><strong>sive</strong></span> <span class='ocrx_word' id='word_1_60' title='bbox 1806 260 1979 303; x_wconf 85' lang='lat' dir='ltr'><strong>paternae</strong></span> <span class='ocrx_word' id='word_1_61' title='bbox 2002 258 2075 295; x_wconf 88' lang='lat' dir='ltr'><strong>sive</strong></span> <span class='ocrx_word' id='word_1_62' title='bbox 2091 264 2281 297; x_wconf 74' lang='lat' dir='ltr'><strong>maternae</strong></span> <span class='ocrx_word' id='word_1_63' title='bbox 2303 259 2387 295; x_wconf 85' lang='lat' dir='ltr'><strong>sint.</strong></span> 
     </span>
    </p>
   </div>
   <div class='ocr_carea' id='block_1_6' title="bbox 262 393 2438 519">
    <p class='ocr_par' dir='ltr' id='par_1_6' title="bbox 262 393 2438 519">
     <span class='ocr_line' id='line_1_11' title="bbox 1198 393 1443 430; baseline 0 0"><span class='ocrx_word' id='word_1_64' title='bbox 1198 393 1353 430; x_wconf 78' lang='lat' dir='ltr'>CAPUT</span> <span class='ocrx_word' id='word_1_65' title='bbox 1381 394 1443 430; x_wconf 89' lang='lat' dir='ltr'><strong>IV.</strong></span> 
     </span>
     <span class='ocr_line' id='line_1_12' title="bbox 262 460 2438 519; baseline -0.003 -15"><span class='ocrx_word' id='word_1_66' title='bbox 262 466 352 505; x_wconf 67' lang='grc' dir='ltr'><strong>Οὐδὲ</strong></span> <span class='ocrx_word' id='word_1_67' title='bbox 375 471 507 502; x_wconf 75' lang='grc' dir='ltr'><em>ἐκείνου</em></span> <span class='ocrx_word' id='word_1_68' title='bbox 538 465 802 519; x_wconf 57' lang='grc' dir='ltr'><em>φυλαττομένου</em></span> <span class='ocrx_word' id='word_1_69' title='bbox 831 463 872 498; x_wconf 82' lang='grc' dir='ltr'><em>τὸ</em></span> <span class='ocrx_word' id='word_1_70' title='bbox 898 461 1026 497; x_wconf 76' lang='grc' dir='ltr'><em>λοιπὸν</em></span> <span class='ocrx_word' id='word_1_71' title='bbox 1050 464 1110 498; x_wconf 75' lang='grc' dir='ltr'><strong>ἐπὶ</strong></span> <span class='ocrx_word' id='word_1_72' title='bbox 1134 464 1207 496; x_wconf 84' lang='grc' dir='ltr'><em>τοῖς</em></span> <span class='ocrx_word' id='word_1_73' title='bbox 1231 463 1284 508; x_wconf 76' lang='grc' dir='ltr'><em>ἐγ·</em></span> <span class='ocrx_word' id='word_1_74' title='bbox 1321 465 1341 497; x_wconf 84' lang='grc'>5</span> <span class='ocrx_word' id='word_1_75' title='bbox 1398 460 1523 506; x_wconf 82' lang='lat' dir='ltr'>Neque</span> <span class='ocrx_word' id='word_1_76' title='bbox 1557 460 1619 497; x_wconf 89' lang='lat' dir='ltr'><strong>illo</strong></span> <span class='ocrx_word' id='word_1_77' title='bbox 1654 460 1700 496; x_wconf 83' lang='lat' dir='ltr'><strong>de</strong></span> <span class='ocrx_word' id='word_1_78' title='bbox 1735 464 1853 496; x_wconf 82' lang='lat' dir='ltr'><strong>cetero</strong></span> <span class='ocrx_word' id='word_1_79' title='bbox 1889 461 2064 498; x_wconf 74' lang='lat' dir='ltr'><strong>servando</strong></span> <span class='ocrx_word' id='word_1_80' title='bbox 2098 461 2139 497; x_wconf 84' lang='lat' dir='ltr'><strong>in</strong></span> <span class='ocrx_word' id='word_1_81' title='bbox 2171 460 2363 507; x_wconf 69' lang='lat' dir='ltr'><strong>nepotibus</strong></span> <span class='ocrx_word' id='word_1_82' title='bbox 2400 463 2438 497; x_wconf 68' lang='lat' dir='ltr'><strong>et</strong></span> 
     </span>
    </p>
   </div>
   <div class='ocr_carea' id='block_1_7' title="bbox 215 505 1287 696">
    <p class='ocr_par' dir='ltr' id='par_1_7' title="bbox 215 505 1287 696">
     <span class='ocr_line' id='line_1_13' title="bbox 215 505 1285 562; baseline -0.008 -13"><span class='ocrx_word' id='word_1_83' title='bbox 215 512 332 562; x_wconf 82' lang='grc' dir='ltr'><em>γόνοις</em></span> <span class='ocrx_word' id='word_1_84' title='bbox 354 516 413 547; x_wconf 82' lang='grc' dir='ltr'><em>καὶ</em></span> <span class='ocrx_word' id='word_1_85' title='bbox 437 523 672 559; x_wconf 83' lang='grc' dir='ltr'><em>προεγγονοις,</em></span> <span class='ocrx_word' id='word_1_86' title='bbox 695 513 767 544; x_wconf 80' lang='grc' dir='ltr'><em>τοῖς</em></span> <span class='ocrx_word' id='word_1_87' title='bbox 783 506 858 551; x_wconf 76' lang='grc' dir='ltr'><em>οὐχὶ</em></span> <span class='ocrx_word' id='word_1_88' title='bbox 877 510 937 542; x_wconf 82' lang='grc' dir='ltr'><em>καὶ</em></span> <span class='ocrx_word' id='word_1_89' title='bbox 954 518 1047 542; x_wconf 77' lang='lat' dir='ltr'><strong>sums</strong></span> <span class='ocrx_word' id='word_1_90' title='bbox 1063 509 1123 541; x_wconf 81' lang='grc' dir='ltr'><em>καὶ</em></span> <span class='ocrx_word' id='word_1_91' title='bbox 1139 505 1285 547; x_wconf 78' lang='grc' dir='ltr'><em>ὑπεξου·</em></span> 
     </span>
     <span class='ocr_line' id='line_1_14' title="bbox 216 550 1285 605; baseline -0.007 -12"><span class='ocrx_word' id='word_1_92' title='bbox 216 564 322 601; x_wconf 84' lang='grc' dir='ltr'><em>σίοις,</em></span> <span class='ocrx_word' id='word_1_93' title='bbox 349 557 435 593; x_wconf 76' lang='grc' dir='ltr'><em>ὦςτε</em></span> <span class='ocrx_word' id='word_1_94' title='bbox 459 559 556 603; x_wconf 76' lang='grc' dir='ltr'><em>παρὰ</em></span> <span class='ocrx_word' id='word_1_95' title='bbox 583 556 625 591; x_wconf 85' lang='grc' dir='ltr'><em>τὸ</em></span> <span class='ocrx_word' id='word_1_96' title='bbox 648 560 772 603; x_wconf 86' lang='grc' dir='ltr'><em>τρίτον</em></span> <span class='ocrx_word' id='word_1_97' title='bbox 796 556 890 596; x_wconf 78' lang='grc' dir='ltr'><em>ἔχειν</em></span> <span class='ocrx_word' id='word_1_98' title='bbox 914 550 1041 587; x_wconf 78' lang='grc' dir='ltr'><em>αὖτοὺς</em></span> <span class='ocrx_word' id='word_1_99' title='bbox 1063 553 1125 595; x_wconf 82' lang='grc' dir='ltr'><strong>τῆς</strong></span> <span class='ocrx_word' id='word_1_100' title='bbox 1151 556 1285 605; x_wconf 71' lang='grc' dir='ltr'><em>μοίρας,</em></span> 
     </span>
     <span class='ocr_line' id='line_1_15' title="bbox 217 596 1287 648; baseline -0.008 -9"><span class='ocrx_word' id='word_1_101' title='bbox 217 602 261 647; x_wconf 79' lang='grc' dir='ltr'><strong>ἢν</strong></span> <span class='ocrx_word' id='word_1_102' title='bbox 283 608 357 639; x_wconf 81' lang='grc' dir='ltr'><em>τοῖς</em></span> <span class='ocrx_word' id='word_1_103' title='bbox 381 601 502 637; x_wconf 77' lang='grc' dir='ltr'><em>αὐτῶν</em></span> <span class='ocrx_word' id='word_1_104' title='bbox 518 603 658 648; x_wconf 76' lang='grc' dir='ltr'><em>γονεῦσι</em></span> <span class='ocrx_word' id='word_1_105' title='bbox 676 600 861 646; x_wconf 78' lang='grc' dir='ltr'><em>περιοῦσιν</em></span> <span class='ocrx_word' id='word_1_106' title='bbox 884 596 957 632; x_wconf 80' lang='grc' dir='ltr'><em>ἔδει</em></span> <span class='ocrx_word' id='word_1_107' title='bbox 978 596 1190 632; x_wconf 78' lang='grc' dir='ltr'><em>καταλιπεῖν</em></span> <span class='ocrx_word' id='word_1_108' title='bbox 1205 607 1287 631; x_wconf 84' lang='grc' dir='ltr'><em>τους</em></span> 
     </span>
     <span class='ocr_line' id='line_1_16' title="bbox 219 639 1287 696; baseline -0.008 -12"><span class='ocrx_word' id='word_1_109' title='bbox 219 648 461 693; x_wconf 71' lang='grc' dir='ltr'><strong>διαθεμένους.</strong></span> <span class='ocrx_word' id='word_1_110' title='bbox 509 645 557 681; x_wconf 77' lang='grc' dir='ltr'><strong>Οὐ</strong></span> <span class='ocrx_word' id='word_1_111' title='bbox 588 645 655 693; x_wconf 84' lang='grc' dir='ltr'><strong>γὰρ</strong></span> <span class='ocrx_word' id='word_1_112' title='bbox 692 644 985 696; x_wconf 27' lang='grc' dir='ltr'><em>ἐξαιροῦμενκέτι</em></span> <span class='ocrx_word' id='word_1_113' title='bbox 1015 641 1096 677; x_wconf 74' lang='grc' dir='ltr'><em>τοὺς</em></span> <span class='ocrx_word' id='word_1_114' title='bbox 1126 639 1287 689; x_wconf 74' lang='grc' dir='ltr'><strong>ἐγγόνους</strong></span> 
     </span>
    </p>
   </div>
   <div class='ocr_carea' id='block_1_8' title="bbox 218 686 1974 743">
    <p class='ocr_par' dir='ltr' id='par_1_8' title="bbox 218 686 1974 743">
     <span class='ocr_line' id='line_1_17' title="bbox 218 686 1974 743; baseline -0.004 -13"><span class='ocrx_word' id='word_1_115' title='bbox 218 694 299 730; x_wconf 80' lang='grc' dir='ltr'><em>τοὺς</em></span> <span class='ocrx_word' id='word_1_116' title='bbox 329 692 399 743; x_wconf 66' lang='lat' dir='ltr'><strong>cino</strong></span> <span class='ocrx_word' id='word_1_117' title='bbox 432 691 558 727; x_wconf 79' lang='grc' dir='ltr'><em>παιδὸς</em></span> <span class='ocrx_word' id='word_1_118' title='bbox 580 702 652 725; x_wconf 83' lang='grc' dir='ltr'><em>τοις</em></span> <span class='ocrx_word' id='word_1_119' title='bbox 683 702 770 734; x_wconf 79' lang='grc' dir='ltr'><em>προς</em></span> <span class='ocrx_word' id='word_1_120' title='bbox 803 699 936 734; x_wconf 84' lang='grc' dir='ltr'><em>πατρος</em></span> <span class='ocrx_word' id='word_1_121' title='bbox 961 687 1124 723; x_wconf 76' lang='grc' dir='ltr'><em>πάπποις</em></span> <span class='ocrx_word' id='word_1_122' title='bbox 1142 689 1287 741; x_wconf 79' lang='grc' dir='ltr'><em>γενομέ-</em></span> <span class='ocrx_word' id='word_1_123' title='bbox 1304 691 1344 721; x_wconf 89' lang='lat'><strong>10</strong></span> <span class='ocrx_word' id='word_1_124' title='bbox 1357 690 1584 728; x_wconf 77' lang='lat' dir='ltr'><strong>accrescunt,</strong></span> <span class='ocrx_word' id='word_1_125' title='bbox 1617 689 1659 721; x_wconf 79' lang='lat' dir='ltr'><strong>ut</strong></span> <span class='ocrx_word' id='word_1_126' title='bbox 1689 686 1742 722; x_wconf 83' lang='lat' dir='ltr'><strong>illi</strong></span> <span class='ocrx_word' id='word_1_127' title='bbox 1765 687 1908 731; x_wconf 78' lang='lat' dir='ltr'><strong>quidem</strong></span> <span class='ocrx_word' id='word_1_128' title='bbox 1935 697 1974 723; x_wconf 83' lang='lat' dir='ltr'><strong>ln</strong></span> 
     </span>
    </p>
   </div>
   <div class='ocr_carea' id='block_1_9' title="bbox 219 731 1290 1102">
    <p class='ocr_par' dir='ltr' id='par_1_9' title="bbox 219 731 1290 1102">
     <span class='ocr_line' id='line_1_18' title="bbox 219 731 1288 780; baseline -0.008 -6"><span class='ocrx_word' id='word_1_129' title='bbox 219 751 315 780; x_wconf 83' lang='grc' dir='ltr'><em>νους,</em></span> <span class='ocrx_word' id='word_1_130' title='bbox 345 736 431 772; x_wconf 70' lang='grc' dir='ltr'><em>ὡςτε</em></span> <span class='ocrx_word' id='word_1_131' title='bbox 456 740 604 770; x_wconf 78' lang='grc' dir='ltr'><em>ἐκείνους</em></span> <span class='ocrx_word' id='word_1_132' title='bbox 630 737 696 780; x_wconf 83' lang='grc' dir='ltr'><strong>μὲν</strong></span> <span class='ocrx_word' id='word_1_133' title='bbox 725 733 859 768; x_wconf 68' lang='grc' dir='ltr'><em>τέλειον</em></span> <span class='ocrx_word' id='word_1_134' title='bbox 889 731 1088 777; x_wconf 77' lang='grc' dir='ltr'><em>λαμβάνειν</em></span> <span class='ocrx_word' id='word_1_135' title='bbox 1111 747 1154 767; x_wconf 85' lang='grc' dir='ltr'><strong>το</strong></span> <span class='ocrx_word' id='word_1_136' title='bbox 1186 735 1288 778; x_wconf 80' lang='grc' dir='ltr'><em>μέρος</em></span> 
     </span>
     <span class='ocr_line' id='line_1_19' title="bbox 219 776 1287 826; baseline -0.007 -8"><span class='ocrx_word' id='word_1_137' title='bbox 219 782 306 818; x_wconf 76' lang='grc' dir='ltr'><em>ὅσον</em></span> <span class='ocrx_word' id='word_1_138' title='bbox 329 781 374 817; x_wconf 77' lang='grc' dir='ltr'><strong>(ἲν</strong></span> <span class='ocrx_word' id='word_1_139' title='bbox 398 780 416 816; x_wconf 86' lang='grc' dir='ltr'><em>ὁ</em></span> <span class='ocrx_word' id='word_1_140' title='bbox 442 780 562 815; x_wconf 73' lang='grc' dir='ltr'><em>αὐτῶν</em></span> <span class='ocrx_word' id='word_1_141' title='bbox 586 780 703 826; x_wconf 83' lang='grc' dir='ltr'><em>πατὴρ</em></span> <span class='ocrx_word' id='word_1_142' title='bbox 731 778 861 823; x_wconf 73' lang='grc' dir='ltr'><em>ἔλαβεν</em></span> <span class='ocrx_word' id='word_1_143' title='bbox 885 777 1033 825; x_wconf 81' lang='grc' dir='ltr'><em>περιιόν,</em></span> <span class='ocrx_word' id='word_1_144' title='bbox 1065 777 1146 812; x_wconf 81' lang='grc' dir='ltr'><em>τοὺς</em></span> <span class='ocrx_word' id='word_1_145' title='bbox 1169 776 1210 812; x_wconf 81' lang='grc' dir='ltr'><strong>δὲ</strong></span> <span class='ocrx_word' id='word_1_146' title='bbox 1233 780 1287 823; x_wconf 82' lang='grc' dir='ltr'><em>ἐγ-</em></span> 
     </span>
     <span class='ocr_line' id='line_1_20' title="bbox 219 821 1287 876; baseline -0.007 -13"><span class='ocrx_word' id='word_1_147' title='bbox 219 827 340 876; x_wconf 76' lang='grc' dir='ltr'><em>γόνους</em></span> <span class='ocrx_word' id='word_1_148' title='bbox 361 827 440 861; x_wconf 76' lang='grc' dir='ltr'><em>τούς</em></span> <span class='ocrx_word' id='word_1_149' title='bbox 461 823 532 860; x_wconf 83' lang='grc' dir='ltr'><strong>άπὸ</strong></span> <span class='ocrx_word' id='word_1_150' title='bbox 555 826 617 859; x_wconf 79' lang='grc' dir='ltr'><strong>τοῦ</strong></span> <span class='ocrx_word' id='word_1_151' title='bbox 642 824 791 860; x_wconf 84' lang='grc' dir='ltr'><em>πάππου</em></span> <span class='ocrx_word' id='word_1_152' title='bbox 816 822 875 857; x_wconf 80' lang='grc' dir='ltr'><strong>διὰ</strong></span> <span class='ocrx_word' id='word_1_153' title='bbox 897 828 1004 868; x_wconf 76' lang='grc' dir='ltr'><em>μέσης</em></span> <span class='ocrx_word' id='word_1_154' title='bbox 1027 821 1209 870; x_wconf 70' lang='grc' dir='ltr'><em>θυγατρὸς</em></span> <span class='ocrx_word' id='word_1_155' title='bbox 1232 836 1287 869; x_wconf 78' lang='grc' dir='ltr'><strong>γε·</strong></span> 
     </span>
     <span class='ocr_line' id='line_1_21' title="bbox 220 866 1290 918; baseline -0.006 -11"><span class='ocrx_word' id='word_1_156' title='bbox 220 877 385 918; x_wconf 76' lang='grc' dir='ltr'><em>νομένους</em></span> <span class='ocrx_word' id='word_1_157' title='bbox 408 870 428 914; x_wconf 84' lang='grc' dir='ltr'><em>ἢ</em></span> <span class='ocrx_word' id='word_1_158' title='bbox 453 870 531 905; x_wconf 74' lang='grc' dir='ltr'><em>τοὺς</em></span> <span class='ocrx_word' id='word_1_159' title='bbox 554 867 625 904; x_wconf 77' lang='grc' dir='ltr'><strong>ἀπὸ</strong></span> <span class='ocrx_word' id='word_1_160' title='bbox 649 871 708 912; x_wconf 83' lang='grc' dir='ltr'><strong>τῆς</strong></span> <span class='ocrx_word' id='word_1_161' title='bbox 754 868 868 913; x_wconf 86' lang='grc' dir='ltr'><em>άμμης</em></span> <span class='ocrx_word' id='word_1_162' title='bbox 891 867 979 916; x_wconf 84' lang='grc' dir='ltr'><em>πρὸς</em></span> <span class='ocrx_word' id='word_1_163' title='bbox 999 867 1134 915; x_wconf 84' lang='grc' dir='ltr'><em>πατρὸς</em></span> <span class='ocrx_word' id='word_1_164' title='bbox 1157 867 1179 911; x_wconf 87' lang='grc' dir='ltr'><em>ἢ</em></span> <span class='ocrx_word' id='word_1_165' title='bbox 1203 866 1290 911; x_wconf 80' lang='grc' dir='ltr'><em>πρὸς</em></span> 
     </span>
     <span class='ocr_line' id='line_1_22' title="bbox 220 912 1248 967; baseline -0.007 -15"><span class='ocrx_word' id='word_1_166' title='bbox 220 918 350 962; x_wconf 73' lang='grc' dir='ltr'><em>μητρὸς</em></span> <span class='ocrx_word' id='word_1_167' title='bbox 379 916 474 961; x_wconf 81' lang='grc' dir='ltr'><em>παρὰ</em></span> <span class='ocrx_word' id='word_1_168' title='bbox 824 912 832 923; x_wconf 84' lang='grc'><em>’</em></span> <span class='ocrx_word' id='word_1_169' title='bbox 1238 955 1248 967; x_wconf 58' lang='lat'>,</span> 
     </span>
     <span class='ocr_line' id='line_1_23' title="bbox 223 955 1290 1008; baseline -0.004 -13"><span class='ocrx_word' id='word_1_170' title='bbox 223 961 280 1008; x_wconf 67' lang='grc' dir='ltr'><strong>ἐφ’</strong></span> <span class='ocrx_word' id='word_1_171' title='bbox 306 959 419 996; x_wconf 80' lang='grc' dir='ltr'><em>ἅπασι</em></span> <span class='ocrx_word' id='word_1_172' title='bbox 443 962 595 1003; x_wconf 71' lang='grc' dir='ltr'><em>τίθεμεν</em></span> <span class='ocrx_word' id='word_1_173' title='bbox 619 962 776 1007; x_wconf 78' lang='grc' dir='ltr'><em>ἐγγονοις</em></span> <span class='ocrx_word' id='word_1_174' title='bbox 798 961 1120 1006; x_wconf 80' lang='grc' dir='ltr'><em>καὶπροεγγονοις,</em></span> <span class='ocrx_word' id='word_1_175' title='bbox 1144 955 1206 992; x_wconf 77' lang='grc' dir='ltr'><em>οὐκ</em></span> <span class='ocrx_word' id='word_1_176' title='bbox 1228 967 1290 992; x_wconf 86' lang='grc' dir='ltr'><strong>αν-</strong></span> 
     </span>
     <span class='ocr_line' id='line_1_24' title="bbox 222 1001 1289 1050; baseline -0.004 -9"><span class='ocrx_word' id='word_1_177' title='bbox 222 1007 378 1050; x_wconf 79' lang='grc' dir='ltr'><em>εχόμενοι</em></span> <span class='ocrx_word' id='word_1_178' title='bbox 400 1005 441 1040; x_wconf 82' lang='grc' dir='ltr'><em>τὸ</em></span> <span class='ocrx_word' id='word_1_179' title='bbox 467 1004 560 1048; x_wconf 75' lang='grc' dir='ltr'><strong>θῆλυ</strong></span> <span class='ocrx_word' id='word_1_180' title='bbox 583 1008 645 1039; x_wconf 84' lang='grc' dir='ltr'><strong>τοῦ</strong></span> <span class='ocrx_word' id='word_1_181' title='bbox 670 1004 813 1049; x_wconf 80' lang='grc' dir='ltr'><em>ἄρρενος</em></span> <span class='ocrx_word' id='word_1_182' title='bbox 837 1006 877 1037; x_wconf 82' lang='grc' dir='ltr'><strong>ἐν</strong></span> <span class='ocrx_word' id='word_1_183' title='bbox 900 1007 972 1038; x_wconf 84' lang='grc' dir='ltr'><em>τοῖς</em></span> <span class='ocrx_word' id='word_1_184' title='bbox 995 1002 1167 1038; x_wconf 84' lang='grc' dir='ltr'><em>τοιούτοις</em></span> <span class='ocrx_word' id='word_1_185' title='bbox 1190 1001 1289 1037; x_wconf 78' lang='grc' dir='ltr'><em>ἐλατ-</em></span> 
     </span>
     <span class='ocr_line' id='line_1_25' title="bbox 222 1045 1290 1102; baseline -0.004 -16"><span class='ocrx_word' id='word_1_186' title='bbox 222 1055 316 1086; x_wconf 79' lang='grc' dir='ltr'><em>τοῦν.</em></span> <span class='ocrx_word' id='word_1_187' title='bbox 361 1051 442 1085; x_wconf 79' lang='grc' dir='ltr'><em>οὔτε</em></span> <span class='ocrx_word' id='word_1_188' title='bbox 470 1052 544 1102; x_wconf 49' lang='grc' dir='ltr'><strong>γάρΧ</strong></span> <span class='ocrx_word' id='word_1_189' title='bbox 571 1049 612 1085; x_wconf 84' lang='grc' dir='ltr'><em>τὸ</em></span> <span class='ocrx_word' id='word_1_190' title='bbox 641 1050 747 1096; x_wconf 73' lang='grc' dir='ltr'><em>ἄρρεν</em></span> <span class='ocrx_word' id='word_1_191' title='bbox 778 1047 864 1083; x_wconf 80' lang='grc' dir='ltr'><em>αὐτὸ</em></span> <span class='ocrx_word' id='word_1_192' title='bbox 896 1045 986 1083; x_wconf 69' lang='grc' dir='ltr'><em>καθ’</em></span> <span class='ocrx_word' id='word_1_193' title='bbox 1021 1046 1107 1082; x_wconf 80' lang='grc' dir='ltr'><em>αὑτὸ</em></span> <span class='ocrx_word' id='word_1_194' title='bbox 1139 1046 1220 1082; x_wconf 81' lang='grc' dir='ltr'><em>οὔτε</em></span> <span class='ocrx_word' id='word_1_195' title='bbox 1249 1046 1290 1082; x_wconf 83' lang='grc' dir='ltr'><em>τὸ</em></span> 
     </span>
    </p>
   </div>
   <div class='ocr_carea' id='block_1_10' title="bbox 1354 505 2490 868">
    <p class='ocr_par' dir='ltr' id='par_1_10' title="bbox 1354 505 2490 688">
     <span class='ocr_line' id='line_1_26' title="bbox 1355 505 2436 552; baseline 0.001 -11"><span class='ocrx_word' id='word_1_196' title='bbox 1355 505 1614 552; x_wconf 83' lang='lat' dir='ltr'><strong>pronepotibus</strong></span> <span class='ocrx_word' id='word_1_197' title='bbox 1645 516 1718 541; x_wconf 92' lang='lat' dir='ltr'><strong>non</strong></span> <span class='ocrx_word' id='word_1_198' title='bbox 1742 507 1817 542; x_wconf 89' lang='lat' dir='ltr'><strong>suis</strong></span> <span class='ocrx_word' id='word_1_199' title='bbox 1842 509 1879 542; x_wconf 87' lang='lat' dir='ltr'><strong>et</strong></span> <span class='ocrx_word' id='word_1_200' title='bbox 1901 507 1968 543; x_wconf 91' lang='lat' dir='ltr'><strong>sub</strong></span> <span class='ocrx_word' id='word_1_201' title='bbox 1994 508 2194 552; x_wconf 80' lang='lat' dir='ltr'><strong>potestate,</strong></span> <span class='ocrx_word' id='word_1_202' title='bbox 2222 506 2341 542; x_wconf 88' lang='lat' dir='ltr'><strong>minus</strong></span> <span class='ocrx_word' id='word_1_203' title='bbox 2362 509 2436 542; x_wconf 80' lang='lat' dir='ltr'><strong>ter·</strong></span> 
     </span>
     <span class='ocr_line' id='line_1_27' title="bbox 1354 551 2191 598; baseline 0.001 -12"><span class='ocrx_word' id='word_1_204' title='bbox 1354 551 1441 586; x_wconf 83' lang='lat' dir='ltr'><strong>tiam</strong></span> <span class='ocrx_word' id='word_1_205' title='bbox 1475 556 1612 596; x_wconf 83' lang='lat' dir='ltr'><strong>partem</strong></span> <span class='ocrx_word' id='word_1_206' title='bbox 1644 561 1706 587; x_wconf 91' lang='lat' dir='ltr'><strong>eos</strong></span> <span class='ocrx_word' id='word_1_207' title='bbox 1740 551 1892 594; x_wconf 89' lang='lat' dir='ltr'><strong>habere,</strong></span> <span class='ocrx_word' id='word_1_208' title='bbox 1928 563 2035 598; x_wconf 89' lang='lat' dir='ltr'><strong>quam</strong></span> <span class='ocrx_word' id='word_1_209' title='bbox 2068 562 2191 587; x_wconf 89' lang='lat' dir='ltr'><strong>eorum</strong></span> 
     </span>
     <span class='ocr_line' id='line_1_28' title="bbox 1355 595 2490 641; baseline 0.002 -10"><span class='ocrx_word' id='word_1_210' title='bbox 1355 597 1553 631; x_wconf 89' lang='lat' dir='ltr'><strong>viventibus</strong></span> <span class='ocrx_word' id='word_1_211' title='bbox 1577 596 1766 640; x_wconf 78' lang='lat' dir='ltr'><strong>oportebat</strong></span> <span class='ocrx_word' id='word_1_212' title='bbox 1782 597 1983 641; x_wconf 86' lang='lat' dir='ltr'><strong>relinquere</strong></span> <span class='ocrx_word' id='word_1_213' title='bbox 2005 599 2207 634; x_wconf 80' lang='lat' dir='ltr'><strong>testatores.</strong></span> <span class='ocrx_word' id='word_1_214' title='bbox 2241 595 2325 633; x_wconf 80' lang='lat' dir='ltr'><strong>Non</strong></span> <span class='ocrx_word' id='word_1_215' title='bbox 2343 605 2438 632; x_wconf 87' lang='lat' dir='ltr'><strong>emm</strong></span> <span class='ocrx_word' id='word_1_216' title='bbox 2482 626 2490 633; x_wconf 88' lang='lat'><strong>.</strong></span> 
     </span>
     <span class='ocr_line' id='line_1_29' title="bbox 1359 640 2438 688; baseline 0.001 -12"><span class='ocrx_word' id='word_1_217' title='bbox 1359 642 1562 686; x_wconf 84' lang='lat' dir='ltr'><strong>excepimus</strong></span> <span class='ocrx_word' id='word_1_218' title='bbox 1586 641 1735 676; x_wconf 88' lang='lat' dir='ltr'><strong>ulterius</strong></span> <span class='ocrx_word' id='word_1_219' title='bbox 1759 646 1918 686; x_wconf 76' lang='lat' dir='ltr'><strong>nepotes,</strong></span> <span class='ocrx_word' id='word_1_220' title='bbox 1943 642 2004 687; x_wconf 87' lang='lat' dir='ltr'><strong>qui</strong></span> <span class='ocrx_word' id='word_1_221' title='bbox 2025 653 2071 678; x_wconf 87' lang='lat' dir='ltr'><strong>ex</strong></span> <span class='ocrx_word' id='word_1_222' title='bbox 2088 642 2160 679; x_wconf 84' lang='lat' dir='ltr'><strong>filio</strong></span> <span class='ocrx_word' id='word_1_223' title='bbox 2176 641 2338 688; x_wconf 85' lang='lat' dir='ltr'><strong>paternis</strong></span> <span class='ocrx_word' id='word_1_224' title='bbox 2361 640 2438 677; x_wconf 77' lang='lat' dir='ltr'><strong>avis</strong></span> 
     </span>
    </p>

    <p class='ocr_par' dir='ltr' id='par_1_11' title="bbox 1357 686 2441 868">
     <span class='ocr_line' id='line_1_30' title="bbox 1938 686 2438 733; baseline -0.004 -9"><span class='ocrx_word' id='word_1_225' title='bbox 1938 687 1946 695; x_wconf 87' lang='lat'>&#39;</span> <span class='ocrx_word' id='word_1_226' title='bbox 1974 690 2111 733; x_wconf 81' lang='lat' dir='ltr'><strong>tegram</strong></span> <span class='ocrx_word' id='word_1_227' title='bbox 2142 686 2324 733; x_wconf 82' lang='lat' dir='ltr'><strong>accipiant</strong></span> <span class='ocrx_word' id='word_1_228' title='bbox 2352 695 2438 732; x_wconf 82' lang='lat' dir='ltr'><strong>par-</strong></span> 
     </span>
     <span class='ocr_line' id='line_1_31' title="bbox 1357 732 2436 778; baseline 0.002 -12"><span class='ocrx_word' id='word_1_229' title='bbox 1357 738 1438 775; x_wconf 88' lang='lat' dir='ltr'><strong>tem,</strong></span> <span class='ocrx_word' id='word_1_230' title='bbox 1463 735 1634 776; x_wconf 86' lang='lat' dir='ltr'><strong>quantam</strong></span> <span class='ocrx_word' id='word_1_231' title='bbox 1657 741 1780 767; x_wconf 90' lang='lat' dir='ltr'><strong>eorum</strong></span> <span class='ocrx_word' id='word_1_232' title='bbox 1802 734 1907 776; x_wconf 85' lang='lat' dir='ltr'><strong>pater</strong></span> <span class='ocrx_word' id='word_1_233' title='bbox 1929 732 2110 778; x_wconf 88' lang='lat' dir='ltr'><strong>acciperet</strong></span> <span class='ocrx_word' id='word_1_234' title='bbox 2130 733 2262 777; x_wconf 82' lang='lat' dir='ltr'><strong>vivens,</strong></span> <span class='ocrx_word' id='word_1_235' title='bbox 2285 734 2436 778; x_wconf 77' lang='lat' dir='ltr'><strong>nepotes</strong></span> 
     </span>
     <span class='ocr_line' id='line_1_32' title="bbox 1357 775 2439 822; baseline 0.001 -10"><span class='ocrx_word' id='word_1_236' title='bbox 1357 779 1476 812; x_wconf 86' lang='lat' dir='ltr'><strong>autem</strong></span> <span class='ocrx_word' id='word_1_237' title='bbox 1499 778 1545 811; x_wconf 86' lang='lat' dir='ltr'><strong>ab</strong></span> <span class='ocrx_word' id='word_1_238' title='bbox 1570 787 1636 812; x_wconf 84' lang='lat' dir='ltr'><strong>avo</strong></span> <span class='ocrx_word' id='word_1_239' title='bbox 1660 787 1726 821; x_wconf 91' lang='lat' dir='ltr'><strong>per</strong></span> <span class='ocrx_word' id='word_1_240' title='bbox 1748 777 1901 813; x_wconf 83' lang='lat' dir='ltr'><strong>mediam</strong></span> <span class='ocrx_word' id='word_1_241' title='bbox 1924 777 2035 813; x_wconf 81' lang='lat' dir='ltr'><strong>filiam</strong></span> <span class='ocrx_word' id='word_1_242' title='bbox 2054 778 2247 822; x_wconf 85' lang='lat' dir='ltr'><strong>venientes,</strong></span> <span class='ocrx_word' id='word_1_243' title='bbox 2270 778 2336 813; x_wconf 87' lang='lat' dir='ltr'><strong>aut</strong></span> <span class='ocrx_word' id='word_1_244' title='bbox 2359 775 2439 813; x_wconf 84' lang='lat' dir='ltr'><strong>avia</strong></span> 
     </span>
     <span class='ocr_line' id='line_1_33' title="bbox 1357 820 2441 868; baseline 0 -11"><span class='ocrx_word' id='word_1_245' title='bbox 1357 826 1508 867; x_wconf 83' lang='lat' dir='ltr'><strong>paterna</strong></span> <span class='ocrx_word' id='word_1_246' title='bbox 1531 826 1595 856; x_wconf 86' lang='lat' dir='ltr'><strong>aut</strong></span> <span class='ocrx_word' id='word_1_247' title='bbox 1618 826 1797 864; x_wconf 86' lang='lat' dir='ltr'><strong>materna,</strong></span> <span class='ocrx_word' id='word_1_248' title='bbox 1828 823 1946 858; x_wconf 87' lang='lat' dir='ltr'><strong>minus</strong></span> <span class='ocrx_word' id='word_1_249' title='bbox 1980 823 2122 859; x_wconf 75' lang='lat' dir='ltr'><strong>tertiam</strong></span> <span class='ocrx_word' id='word_1_250' title='bbox 2145 822 2341 868; x_wconf 79' lang='lat' dir='ltr'><strong>accipiant:</strong></span> <span class='ocrx_word' id='word_1_251' title='bbox 2376 820 2441 858; x_wconf 83' lang='lat' dir='ltr'><strong>sed</strong></span> 
     </span>
    </p>
   </div>
   <div class='ocr_carea' id='block_1_11' title="bbox 1358 866 2442 913">
    <p class='ocr_par' dir='ltr' id='par_1_12' title="bbox 1358 866 2442 913">
     <span class='ocr_line' id='line_1_34' title="bbox 1358 866 2442 913; baseline 0.001 -12"><span class='ocrx_word' id='word_1_252' title='bbox 1358 878 1469 902; x_wconf 91' lang='lat' dir='ltr'><strong>unum</strong></span> <span class='ocrx_word' id='word_1_253' title='bbox 1503 867 1663 902; x_wconf 88' lang='lat' dir='ltr'><strong>ordinem</strong></span> <span class='ocrx_word' id='word_1_254' title='bbox 1696 867 1735 902; x_wconf 90' lang='lat' dir='ltr'><strong>in</strong></span> <span class='ocrx_word' id='word_1_255' title='bbox 1772 868 1937 903; x_wconf 89' lang='lat' dir='ltr'><strong>omnibus</strong></span> <span class='ocrx_word' id='word_1_256' title='bbox 2004 868 2143 904; x_wconf 89' lang='lat' dir='ltr'><strong>onimus</strong></span> <span class='ocrx_word' id='word_1_257' title='bbox 2177 866 2369 913; x_wconf 78' lang='lat' dir='ltr'><strong>nepotibus</strong></span> <span class='ocrx_word' id='word_1_258' title='bbox 2403 868 2442 902; x_wconf 84' lang='lat' dir='ltr'><strong>et</strong></span> 
     </span>
    </p>
   </div>
   <div class='ocr_carea' id='block_1_12' title="bbox 497 910 2443 968">
    <p class='ocr_par' dir='ltr' id='par_1_13' title="bbox 497 910 2443 968">
     <span class='ocr_line' id='line_1_35' title="bbox 497 910 2443 968; baseline -0.002 -19"><span class='ocrx_word' id='word_1_259' title='bbox 497 915 538 949; x_wconf 81' lang='grc' dir='ltr'><strong>τὸ</strong></span> <span class='ocrx_word' id='word_1_260' title='bbox 562 919 698 968; x_wconf 44' lang='grc' dir='ltr'><em>τρίτον,</em></span> <span class='ocrx_word' id='word_1_261' title='bbox 739 918 931 958; x_wconf 79' lang='grc' dir='ltr'><em>αμβανειν·</em></span> <span class='ocrx_word' id='word_1_262' title='bbox 963 910 1052 967; x_wconf 54' lang='lat' dir='ltr'><strong>amsi</strong></span> <span class='ocrx_word' id='word_1_263' title='bbox 1074 917 1162 958; x_wconf 83' lang='grc' dir='ltr'><em>μίαν</em></span> <span class='ocrx_word' id='word_1_264' title='bbox 1186 912 1290 953; x_wconf 80' lang='grc' dir='ltr'><em>τάξιν</em></span> <span class='ocrx_word' id='word_1_265' title='bbox 1306 915 1344 948; x_wconf 88' lang='lat'><strong>15</strong></span> <span class='ocrx_word' id='word_1_266' title='bbox 1359 912 1633 957; x_wconf 87' lang='lat' dir='ltr'><strong>pronepotibus,</strong></span> <span class='ocrx_word' id='word_1_267' title='bbox 1669 923 1742 948; x_wconf 89' lang='lat' dir='ltr'><strong>non</strong></span> <span class='ocrx_word' id='word_1_268' title='bbox 1776 913 1934 948; x_wconf 86' lang='lat' dir='ltr'><strong>ferentes</strong></span> <span class='ocrx_word' id='word_1_269' title='bbox 1980 913 2132 948; x_wconf 87' lang='lat' dir='ltr'><strong>eminam</strong></span> <span class='ocrx_word' id='word_1_270' title='bbox 2161 923 2185 948; x_wconf 82' lang='lat' dir='ltr'><strong>a</strong></span> <span class='ocrx_word' id='word_1_271' title='bbox 2211 910 2373 947; x_wconf 84' lang='lat' dir='ltr'><strong>masculo</strong></span> <span class='ocrx_word' id='word_1_272' title='bbox 2402 910 2443 946; x_wconf 86' lang='lat' dir='ltr'><strong>in</strong></span> 
     </span>
    </p>
   </div>
   <div class='ocr_carea' id='block_1_13' title="bbox 1358 956 2444 1094">
    <p class='ocr_par' dir='ltr' id='par_1_14' title="bbox 1358 956 2444 1094">
     <span class='ocr_line' id='line_1_36' title="bbox 1359 956 2440 1003; baseline 0 -11"><span class='ocrx_word' id='word_1_273' title='bbox 1359 957 1493 993; x_wconf 90' lang='lat' dir='ltr'><strong>talibus</strong></span> <span class='ocrx_word' id='word_1_274' title='bbox 1515 957 1639 992; x_wconf 87' lang='lat' dir='ltr'><strong>minui.</strong></span> <span class='ocrx_word' id='word_1_275' title='bbox 1687 957 1813 1002; x_wconf 86' lang='lat' dir='ltr'><strong>Neque</strong></span> <span class='ocrx_word' id='word_1_276' title='bbox 1837 958 1931 993; x_wconf 89' lang='lat' dir='ltr'><strong>enim</strong></span> <span class='ocrx_word' id='word_1_277' title='bbox 1954 958 2135 994; x_wconf 85' lang='lat' dir='ltr'><strong>masculus</strong></span> <span class='ocrx_word' id='word_1_278' title='bbox 2157 958 2234 1003; x_wconf 88' lang='lat' dir='ltr'><strong>ipse</strong></span> <span class='ocrx_word' id='word_1_279' title='bbox 2253 956 2292 993; x_wconf 87' lang='lat' dir='ltr'><strong>in</strong></span> <span class='ocrx_word' id='word_1_280' title='bbox 2314 958 2356 993; x_wconf 72' lang='lat' dir='ltr'><strong>se</strong></span> <span class='ocrx_word' id='word_1_281' title='bbox 2377 965 2440 992; x_wconf 81' lang='lat' dir='ltr'><strong>ne-</strong></span> 
     </span>
     <span class='ocr_line' id='line_1_37' title="bbox 1360 999 2441 1049; baseline -0.001 -12"><span class='ocrx_word' id='word_1_282' title='bbox 1360 1013 1429 1047; x_wconf 91' lang='lat' dir='ltr'><strong>que</strong></span> <span class='ocrx_word' id='word_1_283' title='bbox 1451 1003 1584 1038; x_wconf 84' lang='lat' dir='ltr'><strong>femina</strong></span> <span class='ocrx_word' id='word_1_284' title='bbox 1608 1004 1724 1038; x_wconf 88' lang='lat' dir='ltr'><strong>solum</strong></span> <span class='ocrx_word' id='word_1_285' title='bbox 1747 1003 1794 1038; x_wconf 88' lang='lat' dir='ltr'><strong>ad</strong></span> <span class='ocrx_word' id='word_1_286' title='bbox 1818 1003 2016 1039; x_wconf 85' lang='lat' dir='ltr'><strong>nativitatis</strong></span> <span class='ocrx_word' id='word_1_287' title='bbox 2047 1002 2342 1049; x_wconf 75' lang='lat' dir='ltr'><strong>propagationem</strong></span> <span class='ocrx_word' id='word_1_288' title='bbox 2363 999 2441 1037; x_wconf 79' lang='lat' dir='ltr'><strong>suf-</strong></span> 
     </span>
     <span class='ocr_line' id='line_1_38' title="bbox 1358 1044 2444 1094; baseline -0.002 -11"><span class='ocrx_word' id='word_1_289' title='bbox 1358 1048 1483 1083; x_wconf 89' lang='lat' dir='ltr'><strong>ficiens</strong></span> <span class='ocrx_word' id='word_1_290' title='bbox 1513 1052 1586 1090; x_wconf 83' lang='lat' dir='ltr'><strong>est,</strong></span> <span class='ocrx_word' id='word_1_291' title='bbox 1623 1048 1686 1084; x_wconf 87' lang='lat' dir='ltr'><strong>sed</strong></span> <span class='ocrx_word' id='word_1_292' title='bbox 1717 1049 1811 1084; x_wconf 89' lang='lat' dir='ltr'><strong>sicut</strong></span> <span class='ocrx_word' id='word_1_293' title='bbox 1846 1054 2036 1094; x_wconf 87' lang='lat' dir='ltr'><strong>utrumque</strong></span> <span class='ocrx_word' id='word_1_294' title='bbox 2066 1048 2247 1094; x_wconf 81' lang='lat' dir='ltr'><strong>coaptavit</strong></span> <span class='ocrx_word' id='word_1_295' title='bbox 2277 1046 2366 1083; x_wconf 80' lang='lat' dir='ltr'><strong>deus</strong></span> <span class='ocrx_word' id='word_1_296' title='bbox 2395 1044 2444 1081; x_wconf 82' lang='lat' dir='ltr'><strong>ad</strong></span> 
     </span>
    </p>
   </div>
   <div class='ocr_carea' id='block_1_14' title="bbox 222 1090 2441 1196">
    <p class='ocr_par' dir='ltr' id='par_1_15' title="bbox 222 1090 2441 1196">
     <span class='ocr_line' id='line_1_39' title="bbox 223 1090 2441 1141; baseline -0.002 -10"><span class='ocrx_word' id='word_1_297' title='bbox 223 1097 314 1140; x_wconf 73' lang='grc' dir='ltr'><strong>θῆλυ</strong></span> <span class='ocrx_word' id='word_1_298' title='bbox 344 1095 457 1141; x_wconf 80' lang='grc' dir='ltr'><em>μόνον</em></span> <span class='ocrx_word' id='word_1_299' title='bbox 480 1107 567 1141; x_wconf 87' lang='grc' dir='ltr'><em>προς</em></span> <span class='ocrx_word' id='word_1_300' title='bbox 589 1098 822 1141; x_wconf 83' lang='grc' dir='ltr'><em>τεκνογονίαν</em></span> <span class='ocrx_word' id='word_1_301' title='bbox 851 1093 1036 1140; x_wconf 81' lang='grc' dir='ltr'><em>αὔταρκες,</em></span> <span class='ocrx_word' id='word_1_302' title='bbox 1066 1091 1147 1128; x_wconf 75' lang='grc' dir='ltr'><strong>ἀλλ’</strong></span> <span class='ocrx_word' id='word_1_303' title='bbox 1175 1090 1292 1140; x_wconf 71' lang='grc' dir='ltr'><em>ὥςπερ</em></span> <span class='ocrx_word' id='word_1_304' title='bbox 1359 1093 1600 1137; x_wconf 78' lang='lat' dir='ltr'><strong>generationis</strong></span> <span class='ocrx_word' id='word_1_305' title='bbox 1625 1104 1733 1138; x_wconf 79' lang='lat' dir='ltr'><strong>opus,</strong></span> <span class='ocrx_word' id='word_1_306' title='bbox 1766 1093 1821 1130; x_wconf 74' lang='lat' dir='ltr'><strong>ita</strong></span> <span class='ocrx_word' id='word_1_307' title='bbox 1844 1098 1880 1129; x_wconf 80' lang='lat' dir='ltr'><strong>et</strong></span> <span class='ocrx_word' id='word_1_308' title='bbox 1905 1105 1973 1130; x_wconf 80' lang='lat' dir='ltr'><strong>nos</strong></span> <span class='ocrx_word' id='word_1_309' title='bbox 2002 1093 2151 1130; x_wconf 71' lang='lat' dir='ltr'><strong>eandem</strong></span> <span class='ocrx_word' id='word_1_310' title='bbox 2179 1092 2342 1138; x_wconf 73' lang='lat' dir='ltr'><strong>utrisque</strong></span> <span class='ocrx_word' id='word_1_311' title='bbox 2365 1101 2441 1128; x_wconf 71' lang='grc' dir='ltr'><strong>ΕΘΓ·</strong></span> 
     </span>
     <span class='ocr_line' id='line_1_40' title="bbox 222 1137 1773 1196; baseline -0.001 -20"><span class='ocrx_word' id='word_1_312' title='bbox 222 1141 387 1187; x_wconf 80' lang='grc' dir='ltr'><em>ἑκάτερον</em></span> <span class='ocrx_word' id='word_1_313' title='bbox 409 1139 628 1196; x_wconf 55' lang='grc' dir='ltr'><em>συνήρμοσεν</em></span> <span class='ocrx_word' id='word_1_314' title='bbox 652 1137 671 1174; x_wconf 85' lang='grc' dir='ltr'>ὁ</span> <span class='ocrx_word' id='word_1_315' title='bbox 695 1139 782 1193; x_wconf 39' lang='lat' dir='ltr'><strong>&amp;eos</strong></span> <span class='ocrx_word' id='word_1_316' title='bbox 806 1139 893 1192; x_wconf 82' lang='grc' dir='ltr'><em>πρὸς</em></span> <span class='ocrx_word' id='word_1_317' title='bbox 919 1140 1070 1195; x_wconf 26' lang='grc' dir='ltr'><em>τηνχτῆς</em></span> <span class='ocrx_word' id='word_1_318' title='bbox 1091 1150 1291 1185; x_wconf 83' lang='grc' dir='ltr'><em>γενεσιουρ·</em></span> <span class='ocrx_word' id='word_1_319' title='bbox 1305 1140 1347 1173; x_wconf 84' lang='grc'><strong>20</strong></span> <span class='ocrx_word' id='word_1_320' title='bbox 1359 1149 1483 1173; x_wconf 84' lang='lat' dir='ltr'><strong>vamus</strong></span> <span class='ocrx_word' id='word_1_321' title='bbox 1507 1139 1773 1184; x_wconf 77' lang='lat' dir='ltr'><strong>aequalitatem.</strong></span> 
     </span>
    </p>
   </div>
   <div class='ocr_carea' id='block_1_15' title="bbox 221 1187 1293 1367">
    <p class='ocr_par' dir='ltr' id='par_1_16' title="bbox 221 1187 1293 1367">
     <span class='ocr_line' id='line_1_41' title="bbox 221 1187 1291 1235; baseline -0.005 -13"><span class='ocrx_word' id='word_1_322' title='bbox 221 1193 298 1235; x_wconf 87' lang='grc' dir='ltr'><em>γίας</em></span> <span class='ocrx_word' id='word_1_323' title='bbox 327 1190 459 1233; x_wconf 78' lang='grc' dir='ltr'><em>χρείαν,</em></span> <span class='ocrx_word' id='word_1_324' title='bbox 491 1200 586 1220; x_wconf 88' lang='grc' dir='ltr'><em>ουτω</em></span> <span class='ocrx_word' id='word_1_325' title='bbox 610 1189 669 1220; x_wconf 87' lang='grc' dir='ltr'><em>καὶ</em></span> <span class='ocrx_word' id='word_1_326' title='bbox 700 1189 796 1229; x_wconf 85' lang='grc' dir='ltr'><em>ημεῖς</em></span> <span class='ocrx_word' id='word_1_327' title='bbox 818 1199 885 1226; x_wconf 82' lang='grc' dir='ltr'><strong>την</strong></span> <span class='ocrx_word' id='word_1_328' title='bbox 913 1197 1024 1228; x_wconf 85' lang='grc' dir='ltr'><em>αυτην</em></span> <span class='ocrx_word' id='word_1_329' title='bbox 1047 1187 1204 1229; x_wconf 81' lang='grc' dir='ltr'><em>εκατέρῳ</em></span> <span class='ocrx_word' id='word_1_330' title='bbox 1229 1198 1291 1229; x_wconf 83' lang='grc' dir='ltr'><strong>φυ-</strong></span> 
     </span>
     <span class='ocr_line' id='line_1_42' title="bbox 221 1226 1291 1276; baseline -0.004 -9"><span class='ocrx_word' id='word_1_331' title='bbox 221 1237 242 1268; x_wconf 86' lang='grc'>1</span> <span class='ocrx_word' id='word_1_332' title='bbox 287 1230 462 1276; x_wconf 80' lang='grc' dir='ltr'><em>λάττομεν</em></span> <span class='ocrx_word' id='word_1_333' title='bbox 486 1230 644 1274; x_wconf 73' lang='grc' dir='ltr'><em>ἰσότητα.</em></span> <span class='ocrx_word' id='word_1_334' title='bbox 709 1227 803 1264; x_wconf 59' lang='grc' dir='ltr'><strong>Ἀλλ)</strong></span> <span class='ocrx_word' id='word_1_335' title='bbox 829 1227 911 1263; x_wconf 76' lang='grc' dir='ltr'><em>οὐδὲ</em></span> <span class='ocrx_word' id='word_1_336' title='bbox 932 1232 1034 1275; x_wconf 82' lang='grc' dir='ltr'><em>μέχρι</em></span> <span class='ocrx_word' id='word_1_337' title='bbox 1056 1226 1186 1264; x_wconf 82' lang='grc' dir='ltr'><em>τούτου</em></span> <span class='ocrx_word' id='word_1_338' title='bbox 1210 1226 1291 1272; x_wconf 82' lang='grc' dir='ltr'><em>στή-</em></span> 
     </span>
     <span class='ocr_line' id='line_1_43' title="bbox 223 1273 1293 1322; baseline -0.003 -11"><span class='ocrx_word' id='word_1_339' title='bbox 223 1291 331 1321; x_wconf 89' lang='grc' dir='ltr'><em>σομεν</em></span> <span class='ocrx_word' id='word_1_340' title='bbox 352 1276 418 1311; x_wconf 83' lang='grc' dir='ltr'><strong>τὸν</strong></span> <span class='ocrx_word' id='word_1_341' title='bbox 441 1276 560 1321; x_wconf 87' lang='grc' dir='ltr'><em>νόμον.</em></span> <span class='ocrx_word' id='word_1_342' title='bbox 607 1274 721 1310; x_wconf 81' lang='grc' dir='ltr'><em>ταύτὰ</em></span> <span class='ocrx_word' id='word_1_343' title='bbox 744 1274 811 1322; x_wconf 86' lang='grc' dir='ltr'><strong>γάρ</strong></span> <span class='ocrx_word' id='word_1_344' title='bbox 832 1289 951 1320; x_wconf 82' lang='grc' dir='ltr'><em>φαμεν</em></span> <span class='ocrx_word' id='word_1_345' title='bbox 971 1279 1031 1308; x_wconf 84' lang='grc' dir='ltr'><em>καὶ</em></span> <span class='ocrx_word' id='word_1_346' title='bbox 1055 1273 1117 1309; x_wconf 79' lang='grc' dir='ltr'><strong>ἐπ’</strong></span> <span class='ocrx_word' id='word_1_347' title='bbox 1145 1276 1293 1308; x_wconf 78' lang='grc' dir='ltr'><em>ἐκείνων</em></span> 
     </span>
     <span class='ocr_line' id='line_1_44' title="bbox 222 1318 1293 1367; baseline -0.005 -10"><span class='ocrx_word' id='word_1_348' title='bbox 222 1324 299 1357; x_wconf 84' lang='grc' dir='ltr'><strong>τῶν</strong></span> <span class='ocrx_word' id='word_1_349' title='bbox 317 1321 472 1363; x_wconf 79' lang='grc' dir='ltr'><em>παίδων,</em></span> <span class='ocrx_word' id='word_1_350' title='bbox 496 1322 598 1367; x_wconf 78' lang='grc' dir='ltr'><em>οἵπερ</em></span> <span class='ocrx_word' id='word_1_351' title='bbox 615 1323 652 1354; x_wconf 81' lang='grc' dir='ltr'><strong>ἐκ</strong></span> <span class='ocrx_word' id='word_1_352' title='bbox 697 1319 802 1364; x_wconf 85' lang='grc' dir='ltr'><em>άμων</em></span> <span class='ocrx_word' id='word_1_353' title='bbox 820 1322 888 1353; x_wconf 85' lang='grc' dir='ltr'><em>εἰσὶ</em></span> <span class='ocrx_word' id='word_1_354' title='bbox 911 1324 1083 1367; x_wconf 88' lang='grc' dir='ltr'><em>γνησίων,</em></span> <span class='ocrx_word' id='word_1_355' title='bbox 1107 1320 1138 1353; x_wconf 83' lang='grc' dir='ltr'><em>εἰ</em></span> <span class='ocrx_word' id='word_1_356' title='bbox 1161 1322 1220 1354; x_wconf 81' lang='grc' dir='ltr'><em>καὶ</em></span> <span class='ocrx_word' id='word_1_357' title='bbox 1243 1318 1293 1364; x_wconf 71' lang='grc' dir='ltr'><strong>μὴ</strong></span> 
     </span>
    </p>
   </div>
   <div class='ocr_carea' id='block_1_16' title="bbox 223 1361 2265 1419">
    <p class='ocr_par' dir='ltr' id='par_1_17' title="bbox 223 1361 2265 1419">
     <span class='ocr_line' id='line_1_45' title="bbox 223 1361 2265 1419; baseline -0.001 -16"><span class='ocrx_word' id='word_1_358' title='bbox 223 1370 362 1413; x_wconf 81' lang='grc' dir='ltr'><em>προῖκες</em></span> <span class='ocrx_word' id='word_1_359' title='bbox 377 1371 450 1401; x_wconf 83' lang='grc' dir='ltr'><em>τοῖς</em></span> <span class='ocrx_word' id='word_1_360' title='bbox 464 1366 593 1419; x_wconf 61' lang='grc' dir='ltr'><em>γάμοις</em></span> <span class='ocrx_word' id='word_1_361' title='bbox 603 1363 668 1400; x_wconf 82' lang='grc' dir='ltr'><em>ἀκο</em></span> <span class='ocrx_word' id='word_1_362' title='bbox 692 1365 899 1418; x_wconf 65' lang='grc' dir='ltr'><em>ουθῄσαιεν,</em></span> <span class='ocrx_word' id='word_1_363' title='bbox 915 1363 1005 1399; x_wconf 79' lang='grc' dir='ltr'><em>ἀλλὰ</em></span> <span class='ocrx_word' id='word_1_364' title='bbox 1021 1363 1185 1399; x_wconf 72' lang='grc' dir='ltr'><em>διάθεσις</em></span> <span class='ocrx_word' id='word_1_365' title='bbox 1199 1361 1291 1399; x_wconf 73' lang='grc' dir='ltr'><em>ώιιο-</em></span> <span class='ocrx_word' id='word_1_366' title='bbox 1307 1367 1348 1399; x_wconf 85' lang='grc'><strong>25</strong></span> <span class='ocrx_word' id='word_1_367' title='bbox 1363 1365 1512 1400; x_wconf 83' lang='lat' dir='ltr'><strong>affectus</strong></span> <span class='ocrx_word' id='word_1_368' title='bbox 1536 1364 1760 1401; x_wconf 77' lang='lat' dir='ltr'><strong>indubitatus</strong></span> <span class='ocrx_word' id='word_1_369' title='bbox 1785 1370 1821 1400; x_wconf 84' lang='lat' dir='ltr'><strong>et</strong></span> <span class='ocrx_word' id='word_1_370' title='bbox 1838 1365 2051 1405; x_wconf 75' lang='lat' dir='ltr'><strong>manifestus</strong></span> <span class='ocrx_word' id='word_1_371' title='bbox 2069 1365 2170 1401; x_wconf 81' lang='lat' dir='ltr'><strong>inter·</strong></span> <span class='ocrx_word' id='word_1_372' title='bbox 2182 1364 2265 1401; x_wconf 82' lang='lat' dir='ltr'><strong>coni</strong></span> 
     </span>
    </p>
   </div>
   <div class='ocr_carea' id='block_1_17' title="bbox 223 1402 1296 1591">
    <p class='ocr_par' dir='ltr' id='par_1_18' title="bbox 223 1402 1296 1591">
     <span class='ocr_line' id='line_1_46' title="bbox 224 1402 1293 1459; baseline -0.004 -12"><span class='ocrx_word' id='word_1_373' title='bbox 224 1413 395 1459; x_wconf 75' lang='grc' dir='ltr'><em>λογημένη</em></span> <span class='ocrx_word' id='word_1_374' title='bbox 419 1416 478 1446; x_wconf 81' lang='grc' dir='ltr'><em>καὶ</em></span> <span class='ocrx_word' id='word_1_375' title='bbox 503 1424 616 1457; x_wconf 82' lang='grc' dir='ltr'><em>σαφης</em></span> <span class='ocrx_word' id='word_1_376' title='bbox 644 1411 779 1456; x_wconf 77' lang='grc' dir='ltr'><em>μεταξυ</em></span> <span class='ocrx_word' id='word_1_377' title='bbox 809 1411 888 1445; x_wconf 81' lang='grc' dir='ltr'><strong>τῶν</strong></span> <span class='ocrx_word' id='word_1_378' title='bbox 917 1409 1184 1444; x_wconf 83' lang='grc' dir='ltr'><em>συνοικούντων</em></span> <span class='ocrx_word' id='word_1_379' title='bbox 1203 1402 1293 1444; x_wconf 59' lang='grc' dir='ltr'><em>οὕσα</em></span> 
     </span>
     <span class='ocr_line' id='line_1_47' title="bbox 223 1453 1292 1503; baseline -0.003 -11"><span class='ocrx_word' id='word_1_380' title='bbox 223 1461 296 1492; x_wconf 83' lang='grc' dir='ltr'><em>τοῖς</em></span> <span class='ocrx_word' id='word_1_381' title='bbox 318 1461 421 1492; x_wconf 85' lang='grc' dir='ltr'><em>παισὶ</em></span> <span class='ocrx_word' id='word_1_382' title='bbox 446 1455 559 1500; x_wconf 79' lang='grc' dir='ltr'><em>διδοίη</em></span> <span class='ocrx_word' id='word_1_383' title='bbox 582 1456 624 1491; x_wconf 84' lang='grc' dir='ltr'><em>τὸ</em></span> <span class='ocrx_word' id='word_1_384' title='bbox 648 1453 805 1502; x_wconf 77' lang='grc' dir='ltr'><em>γνήσιον.</em></span> <span class='ocrx_word' id='word_1_385' title='bbox 852 1458 983 1503; x_wconf 87' lang='grc' dir='ltr'><em>προῖκα</em></span> <span class='ocrx_word' id='word_1_386' title='bbox 1010 1457 1077 1500; x_wconf 84' lang='grc' dir='ltr'><strong>μὲν</strong></span> <span class='ocrx_word' id='word_1_387' title='bbox 1131 1454 1176 1502; x_wconf 86' lang='grc' dir='ltr'><em>ἀρ</em></span> <span class='ocrx_word' id='word_1_388' title='bbox 1207 1453 1292 1490; x_wconf 83' lang='grc' dir='ltr'><em>ἀπο-</em></span> 
     </span>
     <span class='ocr_line' id='line_1_48' title="bbox 224 1469 1294 1557; baseline -0.003 -20"><span class='ocrx_word' id='word_1_389' title='bbox 224 1502 317 1537; x_wconf 79' lang='grc' dir='ltr'><em>τελεῖ</em></span> <span class='ocrx_word' id='word_1_390' title='bbox 334 1502 452 1557; x_wconf 84' lang='grc' dir='ltr'><em>γάμος,</em></span> <span class='ocrx_word' id='word_1_391' title='bbox 475 1501 590 1557; x_wconf 68' lang='grc' dir='ltr'><em>γάμον</em></span> <span class='ocrx_word' id='word_1_392' title='bbox 611 1500 651 1535; x_wconf 76' lang='grc' dir='ltr'><strong>δὲ</strong></span> <span class='ocrx_word' id='word_1_393' title='bbox 666 1504 806 1547; x_wconf 85' lang='grc' dir='ltr'><em>προῖκες</em></span> <span class='ocrx_word' id='word_1_394' title='bbox 823 1497 863 1534; x_wconf 80' lang='grc' dir='ltr'><em>οὗ</em></span> <span class='ocrx_word' id='word_1_395' title='bbox 881 1502 1058 1542; x_wconf 83' lang='grc' dir='ltr'><em>ποιοῦσιν,</em></span> <span class='ocrx_word' id='word_1_396' title='bbox 1078 1469 1157 1534; x_wconf 53' lang='lat' dir='ltr'><strong>‹ih-²</strong></span> <span class='ocrx_word' id='word_1_397' title='bbox 1179 1497 1294 1544; x_wconf 81' lang='grc' dir='ltr'><em>ἡτῶν</em></span> 
     </span>
     <span class='ocr_line' id='line_1_49' title="bbox 226 1543 1296 1591; baseline -0.002 -9"><span class='ocrx_word' id='word_1_398' title='bbox 226 1560 489 1582; x_wconf 83' lang='grc' dir='ltr'><em>συνοικουντων</em></span> <span class='ocrx_word' id='word_1_399' title='bbox 512 1550 685 1591; x_wconf 82' lang='grc' dir='ltr'><em>αμοιβαία</em></span> <span class='ocrx_word' id='word_1_400' title='bbox 708 1544 880 1580; x_wconf 66' lang='grc' dir='ltr'><em>διάθεσις.</em></span> <span class='ocrx_word' id='word_1_401' title='bbox 923 1543 1036 1580; x_wconf 83' lang='grc' dir='ltr'><em>Ταῦτὸ</em></span> <span class='ocrx_word' id='word_1_402' title='bbox 1057 1544 1096 1580; x_wconf 72' lang='grc' dir='ltr'><strong>δὲ</strong></span> <span class='ocrx_word' id='word_1_403' title='bbox 1118 1549 1296 1590; x_wconf 85' lang='grc' dir='ltr'><em>κρατείτω</em></span> 
     </span>
    </p>
   </div>
   <div class='ocr_carea' id='block_1_18' title="bbox 1360 1226 2447 1591">
    <p class='ocr_par' dir='ltr' id='par_1_19' title="bbox 1360 1226 2447 1591">
     <span class='ocr_line' id='line_1_50' title="bbox 1360 1226 2444 1274; baseline -0.001 -10"><span class='ocrx_word' id='word_1_404' title='bbox 1360 1231 1380 1264; x_wconf 94' lang='grc'>1</span> <span class='ocrx_word' id='word_1_405' title='bbox 1427 1229 1498 1264; x_wconf 88' lang='lat' dir='ltr'><strong>Sed</strong></span> <span class='ocrx_word' id='word_1_406' title='bbox 1532 1239 1599 1264; x_wconf 88' lang='lat' dir='ltr'><strong>nec</strong></span> <span class='ocrx_word' id='word_1_407' title='bbox 1634 1239 1749 1274; x_wconf 90' lang='lat' dir='ltr'><strong>usque</strong></span> <span class='ocrx_word' id='word_1_408' title='bbox 1782 1229 1822 1264; x_wconf 90' lang='lat' dir='ltr'><strong>in</strong></span> <span class='ocrx_word' id='word_1_409' title='bbox 1852 1229 1923 1266; x_wconf 90' lang='lat' dir='ltr'><strong>hoc</strong></span> <span class='ocrx_word' id='word_1_410' title='bbox 1951 1229 2139 1266; x_wconf 82' lang='lat' dir='ltr'><strong>statuimus</strong></span> <span class='ocrx_word' id='word_1_411' title='bbox 2173 1228 2300 1274; x_wconf 84' lang='lat' dir='ltr'><strong>legem.</strong></span> <span class='ocrx_word' id='word_1_412' title='bbox 2345 1226 2444 1264; x_wconf 81' lang='lat' dir='ltr'><strong>Haec</strong></span> 
     </span>
     <span class='ocr_line' id='line_1_51' title="bbox 1361 1273 2446 1320; baseline -0.002 -11"><span class='ocrx_word' id='word_1_413' title='bbox 1361 1274 1455 1309; x_wconf 90' lang='lat' dir='ltr'><strong>enim</strong></span> <span class='ocrx_word' id='word_1_414' title='bbox 1485 1274 1634 1310; x_wconf 83' lang='lat' dir='ltr'><strong>dicimus</strong></span> <span class='ocrx_word' id='word_1_415' title='bbox 1659 1277 1694 1310; x_wconf 91' lang='lat' dir='ltr'><strong>et</strong></span> <span class='ocrx_word' id='word_1_416' title='bbox 1725 1274 1764 1310; x_wconf 91' lang='lat' dir='ltr'><strong>in</strong></span> <span class='ocrx_word' id='word_1_417' title='bbox 1791 1275 1861 1310; x_wconf 92' lang='lat' dir='ltr'><strong>illis</strong></span> <span class='ocrx_word' id='word_1_418' title='bbox 1892 1275 1992 1318; x_wconf 89' lang='lat' dir='ltr'><strong>filiis,</strong></span> <span class='ocrx_word' id='word_1_419' title='bbox 2024 1275 2085 1320; x_wconf 90' lang='lat' dir='ltr'><strong>qui</strong></span> <span class='ocrx_word' id='word_1_420' title='bbox 2114 1285 2159 1310; x_wconf 84' lang='lat' dir='ltr'><strong>ex</strong></span> <span class='ocrx_word' id='word_1_421' title='bbox 2190 1273 2326 1319; x_wconf 85' lang='lat' dir='ltr'><strong>nuptiis</strong></span> <span class='ocrx_word' id='word_1_422' title='bbox 2356 1275 2446 1311; x_wconf 83' lang='lat' dir='ltr'><strong>sunt</strong></span> 
     </span>
     <span class='ocr_line' id='line_1_52' title="bbox 1361 1317 2444 1372; baseline 0 -18"><span class='ocrx_word' id='word_1_423' title='bbox 1361 1319 1544 1363; x_wconf 87' lang='lat' dir='ltr'><strong>legitimis,</strong></span> <span class='ocrx_word' id='word_1_424' title='bbox 1576 1319 1662 1355; x_wconf 88' lang='lat' dir='ltr'><strong>licet</strong></span> <span class='ocrx_word' id='word_1_425' title='bbox 1684 1330 1757 1356; x_wconf 91' lang='lat' dir='ltr'><strong>non</strong></span> <span class='ocrx_word' id='word_1_426' title='bbox 1781 1321 1853 1356; x_wconf 88' lang='lat' dir='ltr'><strong>sint</strong></span> <span class='ocrx_word' id='word_1_427' title='bbox 1876 1324 2024 1356; x_wconf 85' lang='lat' dir='ltr'><strong>secutae</strong></span> <span class='ocrx_word' id='word_1_428' title='bbox 2053 1320 2199 1366; x_wconf 86' lang='lat' dir='ltr'><strong>nuptias</strong></span> <span class='ocrx_word' id='word_1_429' title='bbox 2223 1319 2346 1363; x_wconf 80' lang='lat' dir='ltr'><strong>dotes,</strong></span> <span class='ocrx_word' id='word_1_430' title='bbox 2378 1317 2444 1372; x_wconf 62' lang='lat' dir='ltr'><strong>sed</strong></span> 
     </span>
     <span class='ocr_line' id='line_1_53' title="bbox 2265 1373 2444 1409; baseline -0.006 0"><span class='ocrx_word' id='word_1_431' title='bbox 2265 1373 2352 1409; x_wconf 72' lang='lat'><strong>⁰80⁸</strong></span> <span class='ocrx_word' id='word_1_432' title='bbox 2367 1373 2444 1400; x_wconf 62' lang='grc' dir='ltr'><strong>ΕΠ·</strong></span> 
     </span>
     <span class='ocr_line' id='line_1_54' title="bbox 1363 1408 2446 1455; baseline -0.001 -10"><span class='ocrx_word' id='word_1_433' title='bbox 1363 1414 1461 1446; x_wconf 87' lang='lat' dir='ltr'><strong>stens</strong></span> <span class='ocrx_word' id='word_1_434' title='bbox 1492 1410 1584 1446; x_wconf 90' lang='lat' dir='ltr'><strong>filios</strong></span> <span class='ocrx_word' id='word_1_435' title='bbox 1614 1415 1775 1455; x_wconf 84' lang='lat' dir='ltr'><strong>praestet</strong></span> <span class='ocrx_word' id='word_1_436' title='bbox 1809 1421 1890 1446; x_wconf 88' lang='lat' dir='ltr'><strong>esse</strong></span> <span class='ocrx_word' id='word_1_437' title='bbox 1920 1410 2106 1455; x_wconf 84' lang='lat' dir='ltr'><strong>legitimos.</strong></span> <span class='ocrx_word' id='word_1_438' title='bbox 2151 1410 2283 1446; x_wconf 83' lang='lat' dir='ltr'><strong>Dotem</strong></span> <span class='ocrx_word' id='word_1_439' title='bbox 2315 1408 2446 1445; x_wconf 82' lang='lat' dir='ltr'><strong>etenim</strong></span> 
     </span>
     <span class='ocr_line' id='line_1_55' title="bbox 1363 1453 2445 1500; baseline -0.002 -10"><span class='ocrx_word' id='word_1_440' title='bbox 1363 1456 1547 1491; x_wconf 90' lang='lat' dir='ltr'><strong>celebrant</strong></span> <span class='ocrx_word' id='word_1_441' title='bbox 1568 1456 1735 1500; x_wconf 85' lang='lat' dir='ltr'><strong>nuptiae,</strong></span> <span class='ocrx_word' id='word_1_442' title='bbox 1759 1467 1809 1492; x_wconf 92' lang='lat' dir='ltr'><strong>nu</strong></span> <span class='ocrx_word' id='word_1_443' title='bbox 1835 1456 1904 1492; x_wconf 74' lang='lat' dir='ltr'><strong>tias</strong></span> <span class='ocrx_word' id='word_1_444' title='bbox 1929 1458 2049 1491; x_wconf 87' lang='lat' dir='ltr'><strong>autem</strong></span> <span class='ocrx_word' id='word_1_445' title='bbox 2072 1455 2174 1491; x_wconf 86' lang='lat' dir='ltr'><strong>dotes</strong></span> <span class='ocrx_word' id='word_1_446' title='bbox 2197 1465 2272 1491; x_wconf 89' lang='lat' dir='ltr'><strong>non</strong></span> <span class='ocrx_word' id='word_1_447' title='bbox 2291 1453 2445 1497; x_wconf 75' lang='lat' dir='ltr'><strong>faciunt,</strong></span> 
     </span>
     <span class='ocr_line' id='line_1_56' title="bbox 1363 1499 2447 1538; baseline -0.002 -2"><span class='ocrx_word' id='word_1_448' title='bbox 1363 1501 1427 1537; x_wconf 89' lang='lat' dir='ltr'><strong>sed</strong></span> <span class='ocrx_word' id='word_1_449' title='bbox 1460 1501 1734 1536; x_wconf 87' lang='lat' dir='ltr'><strong>coniunctorum</strong></span> <span class='ocrx_word' id='word_1_450' title='bbox 1812 1503 1925 1537; x_wconf 85' lang='lat' dir='ltr'><strong>ectus.</strong></span> <span class='ocrx_word' id='word_1_451' title='bbox 1972 1500 2052 1538; x_wconf 87' lang='lat' dir='ltr'><strong>Hoc</strong></span> <span class='ocrx_word' id='word_1_452' title='bbox 2084 1500 2178 1536; x_wconf 88' lang='lat' dir='ltr'><strong>idem</strong></span> <span class='ocrx_word' id='word_1_453' title='bbox 2213 1499 2377 1535; x_wconf 79' lang='lat' dir='ltr'><strong>obtineat</strong></span> <span class='ocrx_word' id='word_1_454' title='bbox 2409 1499 2447 1534; x_wconf 86' lang='lat' dir='ltr'><strong>et</strong></span> 
     </span>
     <span class='ocr_line' id='line_1_57' title="bbox 1364 1545 2445 1591; baseline -0.002 -11"><span class='ocrx_word' id='word_1_455' title='bbox 1364 1547 1402 1580; x_wconf 90' lang='lat' dir='ltr'><strong>in</strong></span> <span class='ocrx_word' id='word_1_456' title='bbox 1424 1546 1492 1589; x_wconf 85' lang='lat' dir='ltr'><strong>his,</strong></span> <span class='ocrx_word' id='word_1_457' title='bbox 1517 1545 1578 1590; x_wconf 92' lang='lat' dir='ltr'><strong>qui</strong></span> <span class='ocrx_word' id='word_1_458' title='bbox 1601 1555 1646 1580; x_wconf 86' lang='lat' dir='ltr'><strong>ex</strong></span> <span class='ocrx_word' id='word_1_459' title='bbox 1668 1546 1866 1591; x_wconf 88' lang='lat' dir='ltr'><strong>posteriore</strong></span> <span class='ocrx_word' id='word_1_460' title='bbox 1889 1545 2022 1582; x_wconf 82' lang='lat' dir='ltr'><strong>affectu</strong></span> <span class='ocrx_word' id='word_1_461' title='bbox 2045 1557 2127 1582; x_wconf 85' lang='lat' dir='ltr'><strong>eum</strong></span> <span class='ocrx_word' id='word_1_462' title='bbox 2151 1545 2294 1582; x_wconf 83' lang='lat' dir='ltr'><strong>dotibus</strong></span> <span class='ocrx_word' id='word_1_463' title='bbox 2317 1553 2445 1580; x_wconf 88' lang='lat' dir='ltr'><strong>secun-</strong></span> 
     </span>
    </p>
   </div>
   <div class='ocr_carea' id='block_1_19' title="bbox 225 1589 2446 1644">
    <p class='ocr_par' dir='ltr' id='par_1_20' title="bbox 225 1589 2446 1644">
     <span class='ocr_line' id='line_1_58' title="bbox 225 1589 2446 1644; baseline -0.002 -17"><span class='ocrx_word' id='word_1_464' title='bbox 225 1596 284 1627; x_wconf 78' lang='grc' dir='ltr'><em>καὶ</em></span> <span class='ocrx_word' id='word_1_465' title='bbox 308 1596 367 1627; x_wconf 83' lang='grc' dir='ltr'><strong>ἐπὶ</strong></span> <span class='ocrx_word' id='word_1_466' title='bbox 391 1594 467 1627; x_wconf 84' lang='grc' dir='ltr'><strong>τῶν</strong></span> <span class='ocrx_word' id='word_1_467' title='bbox 488 1595 525 1643; x_wconf 50' lang='grc' dir='ltr'><strong>ἐν</strong></span> <span class='ocrx_word' id='word_1_468' title='bbox 545 1595 842 1644; x_wconf 67' lang='grc' dir='ltr'><em>μεταγενεστέρας</em></span> <span class='ocrx_word' id='word_1_469' title='bbox 860 1589 1061 1625; x_wconf 69' lang='grc' dir='ltr'><em>διαθέσεως</em></span> <span class='ocrx_word' id='word_1_470' title='bbox 1081 1592 1173 1635; x_wconf 81' lang='grc' dir='ltr'><em>μετὰ</em></span> <span class='ocrx_word' id='word_1_471' title='bbox 1195 1603 1294 1638; x_wconf 87' lang='grc' dir='ltr'><em>προι-</em></span> <span class='ocrx_word' id='word_1_472' title='bbox 1310 1594 1351 1626; x_wconf 83' lang='lat'><strong>30</strong></span> <span class='ocrx_word' id='word_1_473' title='bbox 1365 1591 1449 1629; x_wconf 86' lang='lat' dir='ltr'><strong>dum</strong></span> <span class='ocrx_word' id='word_1_474' title='bbox 1477 1595 1619 1627; x_wconf 78' lang='lat' dir='ltr'><strong>nostras</strong></span> <span class='ocrx_word' id='word_1_475' title='bbox 1649 1592 1922 1627; x_wconf 75' lang='lat' dir='ltr'><strong>constitutiones</strong></span> <span class='ocrx_word' id='word_1_476' title='bbox 1953 1591 2100 1637; x_wconf 77' lang='lat' dir='ltr'><strong>legitimi</strong></span> <span class='ocrx_word' id='word_1_477' title='bbox 2127 1590 2231 1627; x_wconf 83' lang='lat' dir='ltr'><strong>fiunt.</strong></span> <span class='ocrx_word' id='word_1_478' title='bbox 2277 1589 2328 1627; x_wconf 76' lang='lat' dir='ltr'><strong>Et</strong></span> <span class='ocrx_word' id='word_1_479' title='bbox 2356 1589 2446 1624; x_wconf 66' lang='lat' dir='ltr'><strong>haec</strong></span> 
     </span>
    </p>
   </div>
   <div class='ocr_carea' id='block_1_20' title="bbox 226 1635 1295 1690">
    <p class='ocr_par' dir='ltr' id='par_1_21' title="bbox 226 1635 1295 1690">
     <span class='ocr_line' id='line_1_59' title="bbox 226 1635 1295 1690; baseline -0.001 -19"><span class='ocrx_word' id='word_1_480' title='bbox 226 1638 335 1681; x_wconf 83' lang='grc' dir='ltr'><em>κῴων</em></span> <span class='ocrx_word' id='word_1_481' title='bbox 366 1637 456 1672; x_wconf 79' lang='grc' dir='ltr'><em>κατὰ</em></span> <span class='ocrx_word' id='word_1_482' title='bbox 483 1649 546 1680; x_wconf 57' lang='grc' dir='ltr'><strong>[ας</strong></span> <span class='ocrx_word' id='word_1_483' title='bbox 573 1639 742 1682; x_wconf 81' lang='grc' dir='ltr'><em>ημετέρας</em></span> <span class='ocrx_word' id='word_1_484' title='bbox 774 1635 952 1690; x_wconf 56' lang='grc' dir='ltr'><em>διατάξεις</em></span> <span class='ocrx_word' id='word_1_485' title='bbox 978 1639 1185 1683; x_wconf 79' lang='grc' dir='ltr'><em>γενομένων</em></span> <span class='ocrx_word' id='word_1_486' title='bbox 1213 1650 1295 1684; x_wconf 90' lang='grc' dir='ltr'><em>γνη-</em></span> 
     </span>
    </p>
   </div>
   <div class='ocr_carea' id='block_1_21' title="bbox 227 1681 1299 1729">
    <p class='ocr_par' dir='ltr' id='par_1_22' title="bbox 227 1681 1299 1729">
     <span class='ocr_line' id='line_1_60' title="bbox 227 1681 1299 1729; baseline 0 -13"><span class='ocrx_word' id='word_1_487' title='bbox 227 1687 328 1718; x_wconf 84' lang='grc' dir='ltr'><em>σίων.</em></span> <span class='ocrx_word' id='word_1_488' title='bbox 376 1685 448 1716; x_wconf 61' lang='lat' dir='ltr'><strong>Kal</strong></span> <span class='ocrx_word' id='word_1_489' title='bbox 476 1681 577 1715; x_wconf 71' lang='grc' dir='ltr'><em>οὗτος</em></span> <span class='ocrx_word' id='word_1_490' title='bbox 606 1683 672 1727; x_wconf 81' lang='grc' dir='ltr'><strong>μὲν</strong></span> <span class='ocrx_word' id='word_1_491' title='bbox 701 1686 796 1716; x_wconf 75' lang='grc' dir='ltr'><em>ἐστω</em></span> <span class='ocrx_word' id='word_1_492' title='bbox 822 1693 929 1725; x_wconf 80' lang='grc' dir='ltr'><em>νυμος</em></span> <span class='ocrx_word' id='word_1_493' title='bbox 951 1685 1030 1715; x_wconf 84' lang='grc' dir='ltr'><em>ταῖς</em></span> <span class='ocrx_word' id='word_1_494' title='bbox 1056 1685 1220 1728; x_wconf 85' lang='grc' dir='ltr'><em>γνησίαις</em></span> <span class='ocrx_word' id='word_1_495' title='bbox 1241 1695 1299 1729; x_wconf 93' lang='grc' dir='ltr'><strong>γο-</strong></span> 
     </span>
    </p>
   </div>
   <div class='ocr_carea' id='block_1_22' title="bbox 226 1731 315 1762">
    <p class='ocr_par' dir='ltr' id='par_1_23' title="bbox 226 1731 315 1762">
     <span class='ocr_line' id='line_1_61' title="bbox 226 1731 315 1762; baseline 0.011 -1"><span class='ocrx_word' id='word_1_496' title='bbox 226 1731 315 1762; x_wconf 79' lang='grc' dir='ltr'><em>ναῖς.</em></span> 
     </span>
    </p>
   </div>
   <div class='ocr_carea' id='block_1_23' title="bbox 1365 1636 1926 1681">
    <p class='ocr_par' dir='ltr' id='par_1_24' title="bbox 1365 1636 1926 1681">
     <span class='ocr_line' id='line_1_62' title="bbox 1365 1636 1926 1681; baseline 0.002 -9"><span class='ocrx_word' id='word_1_497' title='bbox 1365 1637 1412 1672; x_wconf 86' lang='lat' dir='ltr'><strong>sit</strong></span> <span class='ocrx_word' id='word_1_498' title='bbox 1434 1636 1572 1673; x_wconf 88' lang='lat' dir='ltr'><strong>sanctio</strong></span> <span class='ocrx_word' id='word_1_499' title='bbox 1599 1636 1776 1681; x_wconf 83' lang='lat' dir='ltr'><strong>legitimae</strong></span> <span class='ocrx_word' id='word_1_500' title='bbox 1799 1637 1926 1675; x_wconf 89' lang='lat' dir='ltr'><strong>soboli.</strong></span> 
     </span>
    </p>
   </div>
   <div class='ocr_carea' id='block_1_24' title="bbox 1218 1817 1450 1855">
    <p class='ocr_par' dir='ltr' id='par_1_25' title="bbox 1218 1817 1450 1855">
     <span class='ocr_line' id='line_1_63' title="bbox 1218 1817 1450 1855; baseline 0.009 -2"><span class='ocrx_word' id='word_1_501' title='bbox 1218 1817 1374 1853; x_wconf 87' lang='lat' dir='ltr'><strong>CAPUT</strong></span> <span class='ocrx_word' id='word_1_502' title='bbox 1405 1818 1450 1855; x_wconf 90' lang='lat' dir='ltr'><strong>V.</strong></span> 
     </span>
    </p>
   </div>
   <div class='ocr_carea' id='block_1_25' title="bbox 274 1883 1293 1941">
    <p class='ocr_par' dir='ltr' id='par_1_26' title="bbox 274 1883 1293 1941">
     <span class='ocr_line' id='line_1_64' title="bbox 274 1883 1293 1941; baseline -0.002 -19"><span class='ocrx_word' id='word_1_503' title='bbox 274 1886 473 1931; x_wconf 69' lang='grc' dir='ltr'><em>Βλέψωμεν</em></span> <span class='ocrx_word' id='word_1_504' title='bbox 493 1883 533 1920; x_wconf 78' lang='grc' dir='ltr'><strong>δὲ</strong></span> <span class='ocrx_word' id='word_1_505' title='bbox 547 1883 641 1928; x_wconf 79' lang='grc' dir='ltr'><em>δήτι</em></span> <span class='ocrx_word' id='word_1_506' title='bbox 663 1888 723 1919; x_wconf 75' lang='grc' dir='ltr'><em>καὶ</em></span> <span class='ocrx_word' id='word_1_507' title='bbox 747 1884 835 1931; x_wconf 82' lang='grc' dir='ltr'><em>πρὸς</em></span> <span class='ocrx_word' id='word_1_508' title='bbox 856 1884 972 1938; x_wconf 76' lang='grc' dir='ltr'><em>μόνην</em></span> <span class='ocrx_word' id='word_1_509' title='bbox 994 1883 1076 1941; x_wconf 42' lang='grc' dir='ltr'><em>τὴν,</em></span> <span class='ocrx_word' id='word_1_510' title='bbox 1085 1883 1195 1931; x_wconf 80' lang='grc' dir='ltr'><em>φύσιν</em></span> <span class='ocrx_word' id='word_1_511' title='bbox 1217 1885 1293 1932; x_wconf 69' lang='grc' dir='ltr'><em>φιλ-</em></span> 
     </span>
    </p>
   </div>
   <div class='ocr_carea' id='block_1_26' title="bbox 1410 1884 2449 1931">
    <p class='ocr_par' dir='ltr' id='par_1_27' title="bbox 1410 1884 2449 1931">
     <span class='ocr_line' id='line_1_65' title="bbox 1410 1884 2449 1931; baseline 0 -9"><span class='ocrx_word' id='word_1_512' title='bbox 1410 1886 1685 1922; x_wconf 87' lang='lat' dir='ltr'><strong>Gonsideremus</strong></span> <span class='ocrx_word' id='word_1_513' title='bbox 1709 1884 1831 1922; x_wconf 68' lang='lat' dir='ltr'><strong>sutem</strong></span> <span class='ocrx_word' id='word_1_514' title='bbox 1853 1885 1989 1931; x_wconf 83' lang='lat' dir='ltr'><strong>aliquid</strong></span> <span class='ocrx_word' id='word_1_515' title='bbox 2014 1887 2052 1922; x_wconf 88' lang='lat' dir='ltr'><strong>et</strong></span> <span class='ocrx_word' id='word_1_516' title='bbox 2075 1885 2123 1922; x_wconf 87' lang='lat' dir='ltr'><strong>ad</strong></span> <span class='ocrx_word' id='word_1_517' title='bbox 2145 1885 2258 1922; x_wconf 83' lang='lat' dir='ltr'><strong>solam</strong></span> <span class='ocrx_word' id='word_1_518' title='bbox 2280 1885 2449 1922; x_wconf 68' lang='lat' dir='ltr'><strong>naturam</strong></span> 
     </span>
    </p>
   </div>
   <div class='ocr_carea' id='block_1_27' title="bbox 229 1928 2449 1984">
    <p class='ocr_par' dir='ltr' id='par_1_28' title="bbox 229 1928 2449 1984">
     <span class='ocr_line' id='line_1_66' title="bbox 229 1928 2449 1984; baseline -0.001 -18"><span class='ocrx_word' id='word_1_519' title='bbox 229 1930 442 1978; x_wconf 70' lang='grc' dir='ltr'><em>ἄνθρωπον.</em></span> <span class='ocrx_word' id='word_1_520' title='bbox 484 1929 608 1967; x_wconf 75' lang='grc' dir='ltr'><em>πολλοὶ</em></span> <span class='ocrx_word' id='word_1_521' title='bbox 631 1928 705 1984; x_wconf 52' lang='grc' dir='ltr'><em>γὰρ,</em></span> <span class='ocrx_word' id='word_1_522' title='bbox 722 1928 926 1972; x_wconf 74' lang='grc' dir='ltr'><em>ἐνοχλοῦσιν</em></span> <span class='ocrx_word' id='word_1_523' title='bbox 946 1942 1033 1974; x_wconf 87' lang='grc' dir='ltr'><em>ημας</em></span> <span class='ocrx_word' id='word_1_524' title='bbox 1056 1935 1122 1971; x_wconf 87' lang='grc' dir='ltr'><em>αεί,</em></span> <span class='ocrx_word' id='word_1_525' title='bbox 1146 1934 1206 1964; x_wconf 80' lang='grc' dir='ltr'><em>καὶ</em></span> <span class='ocrx_word' id='word_1_526' title='bbox 1230 1931 1296 1965; x_wconf 81' lang='grc' dir='ltr'><em>ἷκε·</em></span> <span class='ocrx_word' id='word_1_527' title='bbox 1311 1935 1352 1967; x_wconf 85' lang='grc'><strong>35</strong></span> <span class='ocrx_word' id='word_1_528' title='bbox 1367 1931 1532 1968; x_wconf 81' lang='lat' dir='ltr'><strong>clemens.</strong></span> <span class='ocrx_word' id='word_1_529' title='bbox 1580 1931 1687 1967; x_wconf 80' lang='lat' dir='ltr'><strong>Multi</strong></span> <span class='ocrx_word' id='word_1_530' title='bbox 1709 1941 1863 1976; x_wconf 72' lang='lat' dir='ltr'><strong>namque</strong></span> <span class='ocrx_word' id='word_1_531' title='bbox 1885 1931 2027 1967; x_wconf 72' lang='lat' dir='ltr'><strong>molesti</strong></span> <span class='ocrx_word' id='word_1_532' title='bbox 2058 1935 2144 1968; x_wconf 72' lang='lat' dir='ltr'><strong>sunt</strong></span> <span class='ocrx_word' id='word_1_533' title='bbox 2170 1930 2274 1967; x_wconf 70' lang='lat' dir='ltr'><strong>nobis</strong></span> <span class='ocrx_word' id='word_1_534' title='bbox 2297 1939 2373 1966; x_wconf 69' lang='lat' dir='ltr'><strong>sem</strong></span> <span class='ocrx_word' id='word_1_535' title='bbox 2399 1937 2449 1971; x_wconf 75' lang='lat' dir='ltr'><strong>er,</strong></span> 
     </span>
    </p>
   </div>
   <div class='ocr_carea' id='block_1_28' title="bbox 230 1973 1297 2069">
    <p class='ocr_par' dir='ltr' id='par_1_29' title="bbox 230 1973 1297 2069">
     <span class='ocr_line' id='line_1_67' title="bbox 230 1973 1297 2022; baseline 0 -11"><span class='ocrx_word' id='word_1_536' title='bbox 230 1982 321 2012; x_wconf 84' lang='grc' dir='ltr'><strong>τεῖαι</strong></span> <span class='ocrx_word' id='word_1_537' title='bbox 352 1979 476 2019; x_wconf 79' lang='grc' dir='ltr'><em>συχναὶ</em></span> <span class='ocrx_word' id='word_1_538' title='bbox 506 1978 564 2009; x_wconf 84' lang='grc' dir='ltr'><em>καὶ</em></span> <span class='ocrx_word' id='word_1_539' title='bbox 596 1974 808 2022; x_wconf 85' lang='grc' dir='ltr'><em>δακρυοντες</em></span> <span class='ocrx_word' id='word_1_540' title='bbox 837 1973 974 2010; x_wconf 87' lang='grc' dir='ltr'><em>παῖδες·</em></span> <span class='ocrx_word' id='word_1_541' title='bbox 1006 1978 1066 2009; x_wconf 82' lang='grc' dir='ltr'><em>καὶ</em></span> <span class='ocrx_word' id='word_1_542' title='bbox 1094 1973 1149 2010; x_wconf 81' lang='grc' dir='ltr'><em>ἀεὶ</em></span> <span class='ocrx_word' id='word_1_543' title='bbox 1172 1979 1239 2021; x_wconf 81' lang='grc' dir='ltr'><strong>μέν</strong></span> <span class='ocrx_word' id='word_1_544' title='bbox 1261 1990 1297 2011; x_wconf 90' lang='grc' dir='ltr'><strong>τι</strong></span> 
     </span>
     <span class='ocr_line' id='line_1_68' title="bbox 231 2017 1297 2069; baseline -0.001 -12"><span class='ocrx_word' id='word_1_545' title='bbox 231 2021 496 2069; x_wconf 72' lang='grc' dir='ltr'><em>φιλάνθρωπον</em></span> <span class='ocrx_word' id='word_1_546' title='bbox 512 2018 686 2067; x_wconf 81' lang='grc' dir='ltr'><em>ὁρίζομεν,</em></span> <span class='ocrx_word' id='word_1_547' title='bbox 710 2017 789 2054; x_wconf 74' lang='grc' dir='ltr'><strong>ἀλλ’</strong></span> <span class='ocrx_word' id='word_1_548' title='bbox 812 2017 868 2054; x_wconf 77' lang='grc' dir='ltr'><strong>ὅτι</strong></span> <span class='ocrx_word' id='word_1_549' title='bbox 884 2019 932 2064; x_wconf 79' lang='grc' dir='ltr'><strong>μὴ</strong></span> <span class='ocrx_word' id='word_1_550' title='bbox 950 2019 1039 2065; x_wconf 81' lang='grc' dir='ltr'><em>μετὰ</em></span> <span class='ocrx_word' id='word_1_551' title='bbox 1058 2018 1169 2066; x_wconf 81' lang='grc' dir='ltr'><em>νόμον</em></span> <span class='ocrx_word' id='word_1_552' title='bbox 1190 2023 1297 2056; x_wconf 75' lang='grc' dir='ltr'><em>τοῦτο</em></span> 
     </span>
    </p>
   </div>
   <div class='ocr_carea' id='block_1_29' title="bbox 1365 1973 2450 2067">
    <p class='ocr_par' dir='ltr' id='par_1_30' title="bbox 1365 1973 2450 2067">
     <span class='ocr_line' id='line_1_69' title="bbox 1365 1973 2450 2022; baseline -0.001 -11"><span class='ocrx_word' id='word_1_553' title='bbox 1365 1988 1561 2022; x_wconf 83' lang='lat' dir='ltr'><strong>precesque</strong></span> <span class='ocrx_word' id='word_1_554' title='bbox 1586 1977 1732 2012; x_wconf 78' lang='lat' dir='ltr'><strong>crebrae</strong></span> <span class='ocrx_word' id='word_1_555' title='bbox 1750 1981 1786 2012; x_wconf 89' lang='lat' dir='ltr'><strong>et</strong></span> <span class='ocrx_word' id='word_1_556' title='bbox 1808 1976 1936 2012; x_wconf 86' lang='lat' dir='ltr'><strong>flentes</strong></span> <span class='ocrx_word' id='word_1_557' title='bbox 1952 1976 2035 2012; x_wconf 83' lang='lat' dir='ltr'><strong>filii:</strong></span> <span class='ocrx_word' id='word_1_558' title='bbox 2058 1978 2096 2012; x_wconf 89' lang='lat' dir='ltr'><strong>et</strong></span> <span class='ocrx_word' id='word_1_559' title='bbox 2119 1986 2261 2021; x_wconf 87' lang='lat' dir='ltr'><strong>semper</strong></span> <span class='ocrx_word' id='word_1_560' title='bbox 2283 1973 2371 2019; x_wconf 85' lang='lat' dir='ltr'><strong>equi</strong></span> <span class='ocrx_word' id='word_1_561' title='bbox 2393 1983 2450 2010; x_wconf 85' lang='lat' dir='ltr'><strong>em</strong></span> 
     </span>
     <span class='ocr_line' id='line_1_70' title="bbox 1367 2020 2450 2067; baseline -0.003 -10"><span class='ocrx_word' id='word_1_562' title='bbox 1367 2023 1521 2058; x_wconf 89' lang='lat' dir='ltr'><strong>clemens</strong></span> <span class='ocrx_word' id='word_1_563' title='bbox 1554 2022 1687 2067; x_wconf 86' lang='lat' dir='ltr'><strong>aliquid</strong></span> <span class='ocrx_word' id='word_1_564' title='bbox 1719 2021 1925 2066; x_wconf 88' lang='lat' dir='ltr'><strong>definimus,</strong></span> <span class='ocrx_word' id='word_1_565' title='bbox 1957 2021 2021 2057; x_wconf 86' lang='lat' dir='ltr'><strong>sed</strong></span> <span class='ocrx_word' id='word_1_566' title='bbox 2050 2022 2136 2067; x_wconf 82' lang='lat' dir='ltr'><strong>quia</strong></span> <span class='ocrx_word' id='word_1_567' title='bbox 2165 2031 2237 2058; x_wconf 88' lang='lat' dir='ltr'><strong>non</strong></span> <span class='ocrx_word' id='word_1_568' title='bbox 2265 2020 2337 2056; x_wconf 83' lang='lat' dir='ltr'><strong>hoc</strong></span> <span class='ocrx_word' id='word_1_569' title='bbox 2369 2029 2450 2055; x_wconf 85' lang='lat' dir='ltr'><strong>cum</strong></span> 
     </span>
    </p>
   </div>
   <div class='ocr_carea' id='block_1_30' title="bbox 2226 532 2571 604">
    <p class='ocr_par' dir='ltr' id='par_1_31' title="bbox 2226 532 2571 604">
     <span class='ocr_line' id='line_1_71' title="bbox 2226 532 2571 604; baseline -0.003 -17"><span class='ocrx_word' id='word_1_570' title='bbox 2226 551 2437 604; x_wconf 61' lang='lat' dir='ltr'><strong>parentibus</strong></span> <span class='ocrx_word' id='word_1_571' title='bbox 2502 564 2506 568; x_wconf 94' lang='lat'>·</span> <span class='ocrx_word' id='word_1_572' title='bbox 2540 532 2554 559; x_wconf 27' lang='grc' dir='ltr'><strong>’ἦ</strong></span> <span class='ocrx_word' id='word_1_573' title='bbox 2566 561 2571 564; x_wconf 86' lang='lat'><em>·</em></span> 
     </span>
    </p>
   </div>
   <div class='ocr_carea' id='block_1_31' title="bbox 231 2131 2461 2950">
    <p class='ocr_par' dir='ltr' id='par_1_32' title="bbox 231 2131 2453 2227">
     <span class='ocr_line' id='line_1_72' title="bbox 231 2131 2453 2182; baseline -0.001 -12"><span class='ocrx_word' id='word_1_574' title='bbox 231 2136 275 2173; x_wconf 84' lang='lat' dir='ltr'><strong>de</strong></span> <span class='ocrx_word' id='word_1_575' title='bbox 292 2140 399 2181; x_wconf 87' lang='lat' dir='ltr'><strong>patre</strong></span> <span class='ocrx_word' id='word_1_576' title='bbox 416 2134 507 2177; x_wconf 83' lang='lat' dir='ltr'><strong>solo,</strong></span> <span class='ocrx_word' id='word_1_577' title='bbox 528 2133 592 2169; x_wconf 75' lang='lat' dir='ltr'><strong>secl</strong></span> <span class='ocrx_word' id='word_1_578' title='bbox 611 2134 718 2169; x_wconf 81' lang='lat' dir='ltr'><strong>etiam</strong></span> <span class='ocrx_word' id='word_1_579' title='bbox 738 2132 782 2167; x_wconf 74' lang='lat' dir='ltr'><strong>cle</strong></span> <span class='ocrx_word' id='word_1_580' title='bbox 802 2138 927 2175; x_wconf 82' lang='lat' dir='ltr'><strong>matre,</strong></span> <span class='ocrx_word' id='word_1_581' title='bbox 951 2138 987 2168; x_wconf 88' lang='lat' dir='ltr'><strong>et</strong></span> <span class='ocrx_word' id='word_1_582' title='bbox 1003 2145 1070 2170; x_wconf 81' lang='lat' dir='ltr'><strong>avo</strong></span> <span class='ocrx_word' id='word_1_583' title='bbox 1093 2138 1127 2169; x_wconf 89' lang='lat' dir='ltr'><strong>et</strong></span> <span class='ocrx_word' id='word_1_584' title='bbox 1139 2146 1285 2181; x_wconf 87' lang='lat' dir='ltr'><strong>proavo</strong></span> <span class='ocrx_word' id='word_1_585' title='bbox 1307 2140 1343 2171; x_wconf 87' lang='lat' dir='ltr'><strong>et</strong></span> <span class='ocrx_word' id='word_1_586' title='bbox 1361 2135 1565 2171; x_wconf 86' lang='lat' dir='ltr'><strong>coniunctis</strong></span> <span class='ocrx_word' id='word_1_587' title='bbox 1581 2134 1777 2181; x_wconf 84' lang='lat' dir='ltr'><strong>unicuique</strong></span> <span class='ocrx_word' id='word_1_588' title='bbox 1797 2134 1986 2181; x_wconf 78' lang='lat' dir='ltr'><strong>femininis</strong></span> <span class='ocrx_word' id='word_1_589' title='bbox 2000 2134 2187 2182; x_wconf 87' lang='lat' dir='ltr'><strong>personis,</strong></span> <span class='ocrx_word' id='word_1_590' title='bbox 2211 2132 2294 2170; x_wconf 82' lang='lat' dir='ltr'><strong>avia</strong></span> <span class='ocrx_word' id='word_1_591' title='bbox 2315 2131 2453 2168; x_wconf 78' lang='lat' dir='ltr'><strong>scilicet</strong></span> 
     </span>
     <span class='ocr_line' id='line_1_73' title="bbox 231 2178 1234 2227; baseline 0 -12"><span class='ocrx_word' id='word_1_592' title='bbox 231 2187 265 2216; x_wconf 85' lang='lat' dir='ltr'><strong>el</strong></span> <span class='ocrx_word' id='word_1_593' title='bbox 281 2179 452 2227; x_wconf 82' lang='lat' dir='ltr'><strong>proavia,</strong></span> <span class='ocrx_word' id='word_1_594' title='bbox 474 2180 547 2215; x_wconf 85' lang='lat' dir='ltr'><strong>sive</strong></span> <span class='ocrx_word' id='word_1_595' title='bbox 570 2190 633 2214; x_wconf 89' lang='lat' dir='ltr'><strong>eae</strong></span> <span class='ocrx_word' id='word_1_596' title='bbox 649 2182 829 2225; x_wconf 81' lang='lat' dir='ltr'><strong>paternae</strong></span> <span class='ocrx_word' id='word_1_597' title='bbox 850 2178 924 2214; x_wconf 88' lang='lat' dir='ltr'><strong>sive</strong></span> <span class='ocrx_word' id='word_1_598' title='bbox 947 2183 1131 2215; x_wconf 81' lang='lat' dir='ltr'><strong>maternae</strong></span> <span class='ocrx_word' id='word_1_599' title='bbox 1153 2180 1234 2215; x_wconf 87' lang='lat' dir='ltr'><strong>sint.</strong></span> 
     </span>
    </p>

    <p class='ocr_par' dir='ltr' id='par_1_33' title="bbox 232 2222 2461 2843">
     <span class='ocr_line' id='line_1_74' title="bbox 363 2222 2448 2276; baseline -0 -17"><span class='ocrx_word' id='word_1_600' title='bbox 363 2223 425 2260; x_wconf 86' lang='lat' dir='ltr'><strong>IV.</strong></span> <span class='ocrx_word' id='word_1_601' title='bbox 473 2224 528 2259; x_wconf 87' lang='lat' dir='ltr'><strong>Ne</strong></span> <span class='ocrx_word' id='word_1_602' title='bbox 550 2223 642 2259; x_wconf 85' lang='lat' dir='ltr'><strong>illud</strong></span> <span class='ocrx_word' id='word_1_603' title='bbox 669 2222 810 2269; x_wconf 81' lang='lat' dir='ltr'><strong>quidem</strong></span> <span class='ocrx_word' id='word_1_604' title='bbox 834 2223 871 2257; x_wconf 85' lang='lat' dir='ltr'><strong>in</strong></span> <span class='ocrx_word' id='word_1_605' title='bbox 896 2228 1087 2269; x_wconf 86' lang='lat' dir='ltr'><strong>posterum</strong></span> <span class='ocrx_word' id='word_1_606' title='bbox 1117 2225 1156 2259; x_wconf 88' lang='lat' dir='ltr'><strong>in</strong></span> <span class='ocrx_word' id='word_1_607' title='bbox 1183 2225 1376 2272; x_wconf 80' lang='lat' dir='ltr'><strong>nepotibus</strong></span> <span class='ocrx_word' id='word_1_608' title='bbox 1399 2230 1435 2262; x_wconf 85' lang='lat' dir='ltr'><strong>et</strong></span> <span class='ocrx_word' id='word_1_609' title='bbox 1449 2225 1736 2273; x_wconf 78' lang='lat' dir='ltr'><strong>pronepotibus,</strong></span> <span class='ocrx_word' id='word_1_610' title='bbox 1759 2225 1824 2272; x_wconf 87' lang='lat' dir='ltr'><strong>qui</strong></span> <span class='ocrx_word' id='word_1_611' title='bbox 1845 2236 1922 2261; x_wconf 87' lang='lat' dir='ltr'><strong>non</strong></span> <span class='ocrx_word' id='word_1_612' title='bbox 1943 2224 2002 2260; x_wconf 84' lang='lat' dir='ltr'><strong>sui</strong></span> <span class='ocrx_word' id='word_1_613' title='bbox 2024 2227 2062 2260; x_wconf 86' lang='lat' dir='ltr'><strong>et</strong></span> <span class='ocrx_word' id='word_1_614' title='bbox 2081 2223 2122 2260; x_wconf 78' lang='lat' dir='ltr'><strong>in</strong></span> <span class='ocrx_word' id='word_1_615' title='bbox 2146 2225 2328 2276; x_wconf 76' lang='lat' dir='ltr'><strong>potestate</strong></span> <span class='ocrx_word' id='word_1_616' title='bbox 2347 2225 2448 2263; x_wconf 71' lang='lat' dir='ltr'><strong>mc,</strong></span> 
     </span>
     <span class='ocr_line' id='line_1_75' title="bbox 232 2267 2452 2318; baseline -0.001 -12"><span class='ocrx_word' id='word_1_617' title='bbox 232 2270 447 2313; x_wconf 80' lang='lat' dir='ltr'><strong>observetur,</strong></span> <span class='ocrx_word' id='word_1_618' title='bbox 476 2274 516 2304; x_wconf 89' lang='lat' dir='ltr'><strong>ut</strong></span> <span class='ocrx_word' id='word_1_619' title='bbox 538 2269 655 2304; x_wconf 85' lang='lat' dir='ltr'><strong>minus</strong></span> <span class='ocrx_word' id='word_1_620' title='bbox 679 2268 784 2303; x_wconf 89' lang='lat' dir='ltr'><strong>tertia</strong></span> <span class='ocrx_word' id='word_1_621' title='bbox 805 2274 914 2315; x_wconf 87' lang='lat' dir='ltr'><strong>parte</strong></span> <span class='ocrx_word' id='word_1_622' title='bbox 936 2267 1092 2304; x_wconf 79' lang='lat' dir='ltr'><strong>habeant</strong></span> <span class='ocrx_word' id='word_1_623' title='bbox 1114 2270 1190 2305; x_wconf 85' lang='lat' dir='ltr'><strong>eius</strong></span> <span class='ocrx_word' id='word_1_624' title='bbox 1210 2271 1415 2317; x_wconf 86' lang='lat' dir='ltr'><strong>portionis,</strong></span> <span class='ocrx_word' id='word_1_625' title='bbox 1445 2282 1554 2318; x_wconf 86' lang='lat' dir='ltr'><strong>qaam</strong></span> <span class='ocrx_word' id='word_1_626' title='bbox 1575 2270 1796 2318; x_wconf 87' lang='lat' dir='ltr'><strong>parentibus</strong></span> <span class='ocrx_word' id='word_1_627' title='bbox 1822 2281 1946 2307; x_wconf 85' lang='lat' dir='ltr'><strong>eorum</strong></span> <span class='ocrx_word' id='word_1_628' title='bbox 1968 2268 2224 2316; x_wconf 76' lang='lat' dir='ltr'><strong>superstitibus</strong></span> <span class='ocrx_word' id='word_1_629' title='bbox 2244 2267 2452 2315; x_wconf 69' lang='lat' dir='ltr'><strong>relinquere</strong></span> 
     </span>
     <span class='ocr_line' id='line_1_76' title="bbox 234 2310 2453 2364; baseline -0.001 -14"><span class='ocrx_word' id='word_1_630' title='bbox 234 2319 422 2351; x_wconf 82' lang='lat' dir='ltr'><strong>testatores</strong></span> <span class='ocrx_word' id='word_1_631' title='bbox 445 2315 642 2361; x_wconf 84' lang='lat' dir='ltr'><strong>oportebat.</strong></span> <span class='ocrx_word' id='word_1_632' title='bbox 691 2313 815 2359; x_wconf 83' lang='lat' dir='ltr'><strong>Neque</strong></span> <span class='ocrx_word' id='word_1_633' title='bbox 845 2314 937 2349; x_wconf 88' lang='lat' dir='ltr'><strong>enim</strong></span> <span class='ocrx_word' id='word_1_634' title='bbox 969 2314 1124 2361; x_wconf 85' lang='lat' dir='ltr'><strong>amplius</strong></span> <span class='ocrx_word' id='word_1_635' title='bbox 1146 2316 1350 2362; x_wconf 80' lang='lat' dir='ltr'><strong>excipimus</strong></span> <span class='ocrx_word' id='word_1_636' title='bbox 1374 2320 1534 2363; x_wconf 83' lang='lat' dir='ltr'><strong>nepotes,</strong></span> <span class='ocrx_word' id='word_1_637' title='bbox 1565 2316 1630 2363; x_wconf 83' lang='lat' dir='ltr'><strong>qui</strong></span> <span class='ocrx_word' id='word_1_638' title='bbox 1653 2326 1703 2352; x_wconf 80' lang='lat' dir='ltr'><strong>ex</strong></span> <span class='ocrx_word' id='word_1_639' title='bbox 1722 2315 1803 2361; x_wconf 79' lang='lat' dir='ltr'><strong>filio</strong></span> <span class='ocrx_word' id='word_1_640' title='bbox 1824 2315 1902 2352; x_wconf 85' lang='lat' dir='ltr'><strong>avis</strong></span> <span class='ocrx_word' id='word_1_641' title='bbox 1920 2314 2088 2362; x_wconf 80' lang='lat' dir='ltr'><strong>paternis</strong></span> <span class='ocrx_word' id='word_1_642' title='bbox 2109 2314 2188 2350; x_wconf 85' lang='lat' dir='ltr'><strong>nati</strong></span> <span class='ocrx_word' id='word_1_643' title='bbox 2214 2317 2311 2356; x_wconf 81' lang='lat' dir='ltr'><strong>sunt,</strong></span> <span class='ocrx_word' id='word_1_644' title='bbox 2333 2316 2378 2350; x_wconf 81' lang='lat' dir='ltr'><strong>at</strong></span> <span class='ocrx_word' id='word_1_645' title='bbox 2393 2310 2453 2364; x_wconf 57' lang='lat' dir='ltr'><strong>ita:</strong></span> 
     </span>
     <span class='ocr_line' id='line_1_77' title="bbox 233 2358 2453 2408; baseline -0 -13"><span class='ocrx_word' id='word_1_646' title='bbox 233 2360 374 2406; x_wconf 82' lang='lat' dir='ltr'><strong>quidem</strong></span> <span class='ocrx_word' id='word_1_647' title='bbox 396 2360 575 2406; x_wconf 75' lang='lat' dir='ltr'><strong>inteqram</strong></span> <span class='ocrx_word' id='word_1_648' title='bbox 601 2358 783 2404; x_wconf 81' lang='lat' dir='ltr'><strong>accipiant</strong></span> <span class='ocrx_word' id='word_1_649' title='bbox 810 2363 953 2404; x_wconf 87' lang='lat' dir='ltr'><strong>partem</strong></span> <span class='ocrx_word' id='word_1_650' title='bbox 977 2364 1149 2405; x_wconf 84' lang='lat' dir='ltr'><strong>quantam</strong></span> <span class='ocrx_word' id='word_1_651' title='bbox 1173 2366 1286 2408; x_wconf 88' lang='lat' dir='ltr'><strong>pater</strong></span> <span class='ocrx_word' id='word_1_652' title='bbox 1317 2372 1442 2397; x_wconf 88' lang='lat' dir='ltr'><strong>eorum</strong></span> <span class='ocrx_word' id='word_1_653' title='bbox 1465 2365 1650 2408; x_wconf 87' lang='lat' dir='ltr'><strong>superstes</strong></span> <span class='ocrx_word' id='word_1_654' title='bbox 1680 2365 1899 2408; x_wconf 88' lang='lat' dir='ltr'><strong>accepturus</strong></span> <span class='ocrx_word' id='word_1_655' title='bbox 1929 2363 2038 2404; x_wconf 87' lang='lat' dir='ltr'><strong>esset,</strong></span> <span class='ocrx_word' id='word_1_656' title='bbox 2073 2370 2098 2395; x_wconf 86' lang='lat' dir='ltr'><strong>n</strong></span> <span class='ocrx_word' id='word_1_657' title='bbox 2147 2362 2224 2396; x_wconf 83' lang='lat' dir='ltr'><strong>otes</strong></span> <span class='ocrx_word' id='word_1_658' title='bbox 2252 2362 2373 2395; x_wconf 85' lang='lat' dir='ltr'><strong>autem</strong></span> <span class='ocrx_word' id='word_1_659' title='bbox 2391 2367 2453 2394; x_wconf 69' lang='lat' dir='ltr'><strong>av·</strong></span> 
     </span>
     <span class='ocr_line' id='line_1_78' title="bbox 233 2401 2453 2453; baseline -0 -13"><span class='ocrx_word' id='word_1_660' title='bbox 233 2417 282 2441; x_wconf 77' lang='lat' dir='ltr'><strong>ex</strong></span> <span class='ocrx_word' id='word_1_661' title='bbox 301 2405 381 2450; x_wconf 87' lang='lat' dir='ltr'><strong>filia</strong></span> <span class='ocrx_word' id='word_1_662' title='bbox 412 2406 491 2440; x_wconf 85' lang='lat' dir='ltr'><strong>nati</strong></span> <span class='ocrx_word' id='word_1_663' title='bbox 520 2404 576 2440; x_wconf 85' lang='lat' dir='ltr'><strong>vel</strong></span> <span class='ocrx_word' id='word_1_664' title='bbox 602 2409 751 2450; x_wconf 85' lang='lat' dir='ltr'><strong>nepotes</strong></span> <span class='ocrx_word' id='word_1_665' title='bbox 773 2404 876 2439; x_wconf 84' lang='lat' dir='ltr'><strong>aviae</strong></span> <span class='ocrx_word' id='word_1_666' title='bbox 899 2409 1080 2450; x_wconf 88' lang='lat' dir='ltr'><strong>paternae</strong></span> <span class='ocrx_word' id='word_1_667' title='bbox 1103 2411 1167 2441; x_wconf 91' lang='lat' dir='ltr'><strong>aut</strong></span> <span class='ocrx_word' id='word_1_668' title='bbox 1189 2410 1374 2443; x_wconf 86' lang='lat' dir='ltr'><strong>maternae</strong></span> <span class='ocrx_word' id='word_1_669' title='bbox 1396 2407 1515 2442; x_wconf 86' lang='lat' dir='ltr'><strong>minus</strong></span> <span class='ocrx_word' id='word_1_670' title='bbox 1546 2406 1654 2443; x_wconf 89' lang='lat' dir='ltr'><strong>tertia</strong></span> <span class='ocrx_word' id='word_1_671' title='bbox 1678 2411 1792 2453; x_wconf 87' lang='lat' dir='ltr'><strong>parte</strong></span> <span class='ocrx_word' id='word_1_672' title='bbox 1814 2406 2018 2452; x_wconf 80' lang='lat' dir='ltr'><strong>accipiant:</strong></span> <span class='ocrx_word' id='word_1_673' title='bbox 2051 2415 2092 2442; x_wconf 89' lang='lat' dir='ltr'><strong>se</strong></span> <span class='ocrx_word' id='word_1_674' title='bbox 2145 2414 2256 2440; x_wconf 86' lang='lat' dir='ltr'><strong>unum</strong></span> <span class='ocrx_word' id='word_1_675' title='bbox 2287 2401 2453 2439; x_wconf 76' lang='lat' dir='ltr'><strong>ordinem</strong></span> 
     </span>
     <span class='ocr_line' id='line_1_79' title="bbox 233 2446 2453 2498; baseline 0 -14"><span class='ocrx_word' id='word_1_676' title='bbox 233 2451 270 2484; x_wconf 81' lang='lat' dir='ltr'><strong>in</strong></span> <span class='ocrx_word' id='word_1_677' title='bbox 300 2450 461 2485; x_wconf 85' lang='lat' dir='ltr'><strong>omnibus</strong></span> <span class='ocrx_word' id='word_1_678' title='bbox 490 2450 680 2485; x_wconf 84' lang='lat' dir='ltr'><strong>statuimus</strong></span> <span class='ocrx_word' id='word_1_679' title='bbox 710 2449 900 2496; x_wconf 83' lang='lat' dir='ltr'><strong>nepotibus</strong></span> <span class='ocrx_word' id='word_1_680' title='bbox 930 2453 965 2484; x_wconf 85' lang='lat' dir='ltr'><strong>et</strong></span> <span class='ocrx_word' id='word_1_681' title='bbox 988 2452 1273 2497; x_wconf 69' lang='lat' dir='ltr'><strong>pronepotibus}</strong></span> <span class='ocrx_word' id='word_1_682' title='bbox 1303 2462 1369 2487; x_wconf 90' lang='lat' dir='ltr'><strong>nec</strong></span> <span class='ocrx_word' id='word_1_683' title='bbox 1391 2452 1561 2498; x_wconf 85' lang='lat' dir='ltr'><strong>patimur</strong></span> <span class='ocrx_word' id='word_1_684' title='bbox 1581 2451 1757 2498; x_wconf 83' lang='lat' dir='ltr'><strong>feminam</strong></span> <span class='ocrx_word' id='word_1_685' title='bbox 1789 2451 1828 2486; x_wconf 83' lang='lat' dir='ltr'><strong>in</strong></span> <span class='ocrx_word' id='word_1_686' title='bbox 1858 2451 1991 2487; x_wconf 81' lang='lat' dir='ltr'><strong>talibus</strong></span> <span class='ocrx_word' id='word_1_687' title='bbox 2020 2450 2118 2486; x_wconf 78' lang='lat' dir='ltr'><strong>mari</strong></span> <span class='ocrx_word' id='word_1_688' title='bbox 2143 2448 2279 2486; x_wconf 84' lang='lat' dir='ltr'><strong>cedere.</strong></span> <span class='ocrx_word' id='word_1_689' title='bbox 2326 2446 2453 2494; x_wconf 77' lang='lat' dir='ltr'><strong>Neque</strong></span> 
     </span>
     <span class='ocr_line' id='line_1_80' title="bbox 234 2494 2454 2574; baseline 0 -45"><span class='ocrx_word' id='word_1_690' title='bbox 234 2495 325 2530; x_wconf 84' lang='lat' dir='ltr'><strong>enim</strong></span> <span class='ocrx_word' id='word_1_691' title='bbox 348 2494 528 2530; x_wconf 83' lang='lat' dir='ltr'><strong>masculus</strong></span> <span class='ocrx_word' id='word_1_692' title='bbox 553 2505 623 2540; x_wconf 90' lang='lat' dir='ltr'><strong>per</strong></span> <span class='ocrx_word' id='word_1_693' title='bbox 644 2494 782 2540; x_wconf 85' lang='lat' dir='ltr'><strong>seipse</strong></span> <span class='ocrx_word' id='word_1_694' title='bbox 810 2506 923 2545; x_wconf 78' lang='lat' dir='ltr'><strong>neque</strong></span> <span class='ocrx_word' id='word_1_695' title='bbox 944 2496 1084 2540; x_wconf 87' lang='lat' dir='ltr'><strong>femina</strong></span> <span class='ocrx_word' id='word_1_696' title='bbox 1114 2496 1195 2531; x_wconf 85' lang='lat' dir='ltr'><strong>sola</strong></span> <span class='ocrx_word' id='word_1_697' title='bbox 1225 2497 1275 2532; x_wconf 84' lang='lat' dir='ltr'><strong>ad</strong></span> <span class='ocrx_word' id='word_1_698' title='bbox 1304 2497 1500 2533; x_wconf 86' lang='lat' dir='ltr'><strong>liberorum</strong></span> <span class='ocrx_word' id='word_1_699' title='bbox 1558 2498 1821 2533; x_wconf 85' lang='lat' dir='ltr'><strong>rocreationem</strong></span> <span class='ocrx_word' id='word_1_700' title='bbox 1851 2495 2012 2542; x_wconf 82' lang='lat' dir='ltr'><strong>sufficit,</strong></span> <span class='ocrx_word' id='word_1_701' title='bbox 2041 2494 2108 2531; x_wconf 86' lang='lat' dir='ltr'><strong>sed</strong></span> <span class='ocrx_word' id='word_1_702' title='bbox 2135 2495 2232 2531; x_wconf 81' lang='lat' dir='ltr'><strong>sicut</strong></span> <span class='ocrx_word' id='word_1_703' title='bbox 2259 2497 2454 2574; x_wconf 59' lang='grc' dir='ltr'><em>ιιονηιὲἕε</em></span> 
     </span>
     <span class='ocr_line' id='line_1_81' title="bbox 234 2535 2455 2589; baseline -0 -14"><span class='ocrx_word' id='word_1_704' title='bbox 234 2543 253 2575; x_wconf 92' lang='lat' dir='ltr'><strong>l</strong></span> <span class='ocrx_word' id='word_1_705' title='bbox 299 2540 489 2575; x_wconf 77' lang='lat' dir='ltr'><strong>coniunxit</strong></span> <span class='ocrx_word' id='word_1_706' title='bbox 516 2539 604 2574; x_wconf 86' lang='lat' dir='ltr'><strong>deus</strong></span> <span class='ocrx_word' id='word_1_707' title='bbox 627 2538 676 2574; x_wconf 87' lang='lat' dir='ltr'><strong>ad</strong></span> <span class='ocrx_word' id='word_1_708' title='bbox 697 2540 942 2585; x_wconf 78' lang='lat' dir='ltr'><strong>qeneratzonis</strong></span> <span class='ocrx_word' id='word_1_709' title='bbox 965 2552 1073 2586; x_wconf 87' lang='lat' dir='ltr'><strong>opus,</strong></span> <span class='ocrx_word' id='word_1_710' title='bbox 1103 2541 1157 2576; x_wconf 87' lang='lat' dir='ltr'><strong>ita</strong></span> <span class='ocrx_word' id='word_1_711' title='bbox 1187 2553 1255 2577; x_wconf 88' lang='lat' dir='ltr'><strong>nos</strong></span> <span class='ocrx_word' id='word_1_712' title='bbox 1279 2553 1422 2589; x_wconf 80' lang='lat' dir='ltr'><strong>quoque</strong></span> <span class='ocrx_word' id='word_1_713' title='bbox 1445 2553 1514 2578; x_wconf 90' lang='lat' dir='ltr'><strong>ean</strong></span> <span class='ocrx_word' id='word_1_714' title='bbox 1540 2553 1594 2578; x_wconf 88' lang='lat' dir='ltr'><strong>em</strong></span> <span class='ocrx_word' id='word_1_715' title='bbox 1625 2541 1772 2588; x_wconf 83' lang='lat' dir='ltr'><strong>utrique</strong></span> <span class='ocrx_word' id='word_1_716' title='bbox 1805 2551 1991 2578; x_wconf 83' lang='lat' dir='ltr'><strong>servamus</strong></span> <span class='ocrx_word' id='word_1_717' title='bbox 2021 2539 2287 2587; x_wconf 81' lang='lat' dir='ltr'><strong>aequalitatem.</strong></span> <span class='ocrx_word' id='word_1_718' title='bbox 2428 2535 2455 2574; x_wconf 84' lang='lat' dir='ltr'><em>d</em></span> 
     </span>
     <span class='ocr_line' id='line_1_82' title="bbox 235 2581 2452 2632; baseline 0 -14"><span class='ocrx_word' id='word_1_719' title='bbox 235 2596 280 2619; x_wconf 85' lang='lat' dir='ltr'><strong>nc</strong></span> <span class='ocrx_word' id='word_1_720' title='bbox 302 2584 369 2619; x_wconf 75' lang='lat' dir='ltr'><strong>hoc</strong></span> <span class='ocrx_word' id='word_1_721' title='bbox 391 2584 531 2630; x_wconf 81' lang='lat' dir='ltr'><strong>quidem</strong></span> <span class='ocrx_word' id='word_1_722' title='bbox 556 2584 706 2619; x_wconf 70' lang='lat' dir='ltr'><strong>termino</strong></span> <span class='ocrx_word' id='word_1_723' title='bbox 734 2584 847 2630; x_wconf 73' lang='lat' dir='ltr'><strong>leqem</strong></span> <span class='ocrx_word' id='word_1_724' title='bbox 876 2585 1124 2621; x_wconf 85' lang='lat' dir='ltr'><strong>coercebimus.</strong></span> <span class='ocrx_word' id='word_1_725' title='bbox 1172 2585 1310 2623; x_wconf 85' lang='lat' dir='ltr'><strong>Eadem</strong></span> <span class='ocrx_word' id='word_1_726' title='bbox 1333 2588 1426 2623; x_wconf 85' lang='lat' dir='ltr'><strong>enim</strong></span> <span class='ocrx_word' id='word_1_727' title='bbox 1449 2588 1558 2623; x_wconf 84' lang='lat' dir='ltr'><strong>etiam</strong></span> <span class='ocrx_word' id='word_1_728' title='bbox 1579 2586 1623 2623; x_wconf 88' lang='lat' dir='ltr'><strong>de</strong></span> <span class='ocrx_word' id='word_1_729' title='bbox 1645 2586 1719 2622; x_wconf 79' lang='lat' dir='ltr'><strong>illis</strong></span> <span class='ocrx_word' id='word_1_730' title='bbox 1741 2586 1864 2623; x_wconf 85' lang='lat' dir='ltr'><strong>liberis</strong></span> <span class='ocrx_word' id='word_1_731' title='bbox 1886 2585 2050 2629; x_wconf 80' lang='lat' dir='ltr'><strong>dicimuS,</strong></span> <span class='ocrx_word' id='word_1_732' title='bbox 2082 2584 2146 2632; x_wconf 75' lang='lat' dir='ltr'><strong>qui</strong></span> <span class='ocrx_word' id='word_1_733' title='bbox 2172 2594 2223 2621; x_wconf 76' lang='lat' dir='ltr'><strong>ex</strong></span> <span class='ocrx_word' id='word_1_734' title='bbox 2244 2582 2384 2631; x_wconf 69' lang='lat' dir='ltr'><strong>nuptiis</strong></span> <span class='ocrx_word' id='word_1_735' title='bbox 2403 2581 2452 2619; x_wconf 80' lang='lat' dir='ltr'><strong>le·-</strong></span> 
     </span>
     <span class='ocr_line' id='line_1_83' title="bbox 238 2627 2454 2685; baseline 0 -23"><span class='ocrx_word' id='word_1_736' title='bbox 238 2630 369 2663; x_wconf 71' lang='lat' dir='ltr'><strong>ritimis</strong></span> <span class='ocrx_word' id='word_1_737' title='bbox 390 2630 470 2663; x_wconf 82' lang='lat' dir='ltr'><strong>nati</strong></span> <span class='ocrx_word' id='word_1_738' title='bbox 490 2634 585 2670; x_wconf 82' lang='lat' dir='ltr'><strong>sunt,</strong></span> <span class='ocrx_word' id='word_1_739' title='bbox 609 2629 748 2663; x_wconf 82' lang='lat' dir='ltr'><strong>etiamsi</strong></span> <span class='ocrx_word' id='word_1_740' title='bbox 774 2629 876 2664; x_wconf 84' lang='lat' dir='ltr'><strong>dotes</strong></span> <span class='ocrx_word' id='word_1_741' title='bbox 905 2630 1051 2675; x_wconf 79' lang='lat' dir='ltr'><strong>nuptias</strong></span> <span class='ocrx_word' id='word_1_742' title='bbox 1073 2636 1218 2668; x_wconf 84' lang='lat' dir='ltr'><strong>secutae</strong></span> <span class='ocrx_word' id='word_1_743' title='bbox 1245 2643 1318 2667; x_wconf 84' lang='lat' dir='ltr'><strong>non</strong></span> <span class='ocrx_word' id='word_1_744' title='bbox 1341 2633 1434 2674; x_wconf 85' lang='lat' dir='ltr'><strong>sint,</strong></span> <span class='ocrx_word' id='word_1_745' title='bbox 1457 2633 1523 2668; x_wconf 85' lang='lat' dir='ltr'><strong>sed</strong></span> <span class='ocrx_word' id='word_1_746' title='bbox 1545 2632 1701 2685; x_wconf 85' lang='lat' dir='ltr'><strong>affectus</strong></span> <span class='ocrx_word' id='word_1_747' title='bbox 1722 2631 1940 2678; x_wconf 83' lang='lat' dir='ltr'><strong>manifestus</strong></span> <span class='ocrx_word' id='word_1_748' title='bbox 1962 2635 1999 2667; x_wconf 89' lang='lat' dir='ltr'><strong>et</strong></span> <span class='ocrx_word' id='word_1_749' title='bbox 2020 2635 2141 2667; x_wconf 88' lang='lat' dir='ltr'><strong>certus</strong></span> <span class='ocrx_word' id='word_1_750' title='bbox 2162 2629 2259 2666; x_wconf 86' lang='lat' dir='ltr'><strong>inter</strong></span> <span class='ocrx_word' id='word_1_751' title='bbox 2281 2627 2454 2675; x_wconf 69' lang='lat' dir='ltr'><strong>coniuqes</strong></span> 
     </span>
     <span class='ocr_line' id='line_1_84' title="bbox 236 2641 2453 2725; baseline -0 -16"><span class='ocrx_word' id='word_1_752' title='bbox 236 2641 314 2725; x_wconf 42' lang='lat'><em>7400.</em></span> <span class='ocrx_word' id='word_1_753' title='bbox 328 2673 448 2708; x_wconf 80' lang='lat' dir='ltr'><strong>liberis</strong></span> <span class='ocrx_word' id='word_1_754' title='bbox 471 2677 652 2724; x_wconf 72' lang='lat' dir='ltr'><strong>praestet,</strong></span> <span class='ocrx_word' id='word_1_755' title='bbox 683 2678 722 2709; x_wconf 83' lang='lat' dir='ltr'><strong>ut</strong></span> <span class='ocrx_word' id='word_1_756' title='bbox 746 2673 895 2719; x_wconf 75' lang='lat' dir='ltr'><strong>leqilimi</strong></span> <span class='ocrx_word' id='word_1_757' title='bbox 917 2674 998 2709; x_wconf 87' lang='lat' dir='ltr'><strong>sint.</strong></span> <span class='ocrx_word' id='word_1_758' title='bbox 1046 2674 1175 2711; x_wconf 88' lang='lat' dir='ltr'><strong>Dotem</strong></span> <span class='ocrx_word' id='word_1_759' title='bbox 1202 2677 1295 2712; x_wconf 84' lang='lat' dir='ltr'><strong>enim</strong></span> <span class='ocrx_word' id='word_1_760' title='bbox 1326 2678 1477 2724; x_wconf 84' lang='lat' dir='ltr'><strong>nuptiae</strong></span> <span class='ocrx_word' id='word_1_761' title='bbox 1507 2677 1651 2724; x_wconf 76' lang='lat' dir='ltr'><strong>quidem</strong></span> <span class='ocrx_word' id='word_1_762' title='bbox 1682 2677 1925 2720; x_wconf 83' lang='lat' dir='ltr'><strong>constituunt,</strong></span> <span class='ocrx_word' id='word_1_763' title='bbox 1955 2675 2104 2723; x_wconf 85' lang='lat' dir='ltr'><strong>nuptias</strong></span> <span class='ocrx_word' id='word_1_764' title='bbox 2133 2684 2217 2711; x_wconf 87' lang='lat' dir='ltr'><strong>vero</strong></span> <span class='ocrx_word' id='word_1_765' title='bbox 2245 2672 2350 2710; x_wconf 78' lang='lat' dir='ltr'><strong>dotes</strong></span> <span class='ocrx_word' id='word_1_766' title='bbox 2377 2682 2453 2709; x_wconf 83' lang='lat' dir='ltr'><strong>non</strong></span> 
     </span>
     <span class='ocr_line' id='line_1_85' title="bbox 234 2718 2461 2767; baseline 0 -14"><span class='ocrx_word' id='word_1_767' title='bbox 234 2719 400 2764; x_wconf 73' lang='lat' dir='ltr'><strong>sectant,</strong></span> <span class='ocrx_word' id='word_1_768' title='bbox 429 2718 493 2753; x_wconf 85' lang='lat' dir='ltr'><strong>sed</strong></span> <span class='ocrx_word' id='word_1_769' title='bbox 520 2729 711 2763; x_wconf 76' lang='lat' dir='ltr'><strong>comuqum</strong></span> <span class='ocrx_word' id='word_1_770' title='bbox 742 2723 885 2753; x_wconf 87' lang='lat' dir='ltr'><strong>mutuus</strong></span> <span class='ocrx_word' id='word_1_771' title='bbox 911 2719 1074 2764; x_wconf 82' lang='lat' dir='ltr'><strong>affectus.</strong></span> <span class='ocrx_word' id='word_1_772' title='bbox 1122 2719 1222 2756; x_wconf 87' lang='lat' dir='ltr'><strong>Idem</strong></span> <span class='ocrx_word' id='word_1_773' title='bbox 1246 2727 1365 2758; x_wconf 87' lang='lat' dir='ltr'><strong>autem</strong></span> <span class='ocrx_word' id='word_1_774' title='bbox 1389 2722 1551 2759; x_wconf 84' lang='lat' dir='ltr'><strong>obtineat</strong></span> <span class='ocrx_word' id='word_1_775' title='bbox 1573 2723 1681 2759; x_wconf 87' lang='lat' dir='ltr'><strong>etiam</strong></span> <span class='ocrx_word' id='word_1_776' title='bbox 1704 2722 1743 2757; x_wconf 88' lang='lat' dir='ltr'><strong>in</strong></span> <span class='ocrx_word' id='word_1_777' title='bbox 1766 2722 1812 2758; x_wconf 85' lang='lat' dir='ltr'><strong>iis</strong></span> <span class='ocrx_word' id='word_1_778' title='bbox 1860 2722 1898 2757; x_wconf 87' lang='lat' dir='ltr'><strong>ui</strong></span> <span class='ocrx_word' id='word_1_779' title='bbox 1924 2731 1975 2757; x_wconf 79' lang='lat' dir='ltr'><strong>ex</strong></span> <span class='ocrx_word' id='word_1_780' title='bbox 1991 2719 2200 2767; x_wconf 84' lang='lat' dir='ltr'><strong>posteriore</strong></span> <span class='ocrx_word' id='word_1_781' title='bbox 2222 2718 2360 2766; x_wconf 76' lang='lat' dir='ltr'><strong>affectu</strong></span> <span class='ocrx_word' id='word_1_782' title='bbox 2379 2727 2461 2765; x_wconf 55' lang='lat' dir='ltr'><strong>per*</strong></span> 
     </span>
     <span class='ocr_line' id='line_1_86' title="bbox 236 2761 2460 2843; baseline 0 -45"><span class='ocrx_word' id='word_1_783' title='bbox 236 2763 374 2843; x_wconf 59' lang='grc' dir='ltr'><em>άοτιῖζία</em></span> <span class='ocrx_word' id='word_1_784' title='bbox 395 2763 631 2842; x_wconf 46' lang='lat' dir='ltr'><strong>instruptenta</strong></span> <span class='ocrx_word' id='word_1_785' title='bbox 653 2763 845 2798; x_wconf 83' lang='lat' dir='ltr'><strong>secundum</strong></span> <span class='ocrx_word' id='word_1_786' title='bbox 869 2770 1014 2798; x_wconf 84' lang='lat' dir='ltr'><strong>nostras</strong></span> <span class='ocrx_word' id='word_1_787' title='bbox 1037 2766 1310 2802; x_wconf 84' lang='lat' dir='ltr'><strong>constitutiones</strong></span> <span class='ocrx_word' id='word_1_788' title='bbox 1331 2767 1427 2812; x_wconf 82' lang='lat' dir='ltr'><strong>sacti</strong></span> <span class='ocrx_word' id='word_1_789' title='bbox 1448 2772 1535 2803; x_wconf 86' lang='lat' dir='ltr'><strong>sunt</strong></span> <span class='ocrx_word' id='word_1_790' title='bbox 1557 2767 1717 2814; x_wconf 63' lang='lat' dir='ltr'><strong>lepitimi.</strong></span> <span class='ocrx_word' id='word_1_791' title='bbox 1765 2765 1816 2802; x_wconf 87' lang='lat' dir='ltr'><strong>Et</strong></span> <span class='ocrx_word' id='word_1_792' title='bbox 1863 2777 1927 2803; x_wconf 89' lang='lat' dir='ltr'><strong>aec</strong></span> <span class='ocrx_word' id='word_1_793' title='bbox 1950 2765 2093 2813; x_wconf 81' lang='lat' dir='ltr'><strong>quidem</strong></span> <span class='ocrx_word' id='word_1_794' title='bbox 2116 2764 2179 2802; x_wconf 77' lang='lat' dir='ltr'><strong>lex</strong></span> <span class='ocrx_word' id='word_1_795' title='bbox 2200 2763 2252 2800; x_wconf 83' lang='lat' dir='ltr'><strong>sit</strong></span> <span class='ocrx_word' id='word_1_796' title='bbox 2272 2761 2460 2811; x_wconf 70' lang='lat' dir='ltr'><strong>leqitimae</strong></span> 
     </span>
    </p>

    <p class='ocr_par' dir='ltr' id='par_1_34' title="bbox 234 2813 2460 2950">
     <span class='ocr_line' id='line_1_87' title="bbox 263 2813 559 2843; baseline -0.003 0"><span class='ocrx_word' id='word_1_797' title='bbox 263 2819 305 2843; x_wconf 90' lang='lat' dir='ltr'><strong>ro</strong></span> <span class='ocrx_word' id='word_1_798' title='bbox 320 2819 332 2842; x_wconf 84' lang='grc' dir='ltr'><strong>ι</strong></span> <span class='ocrx_word' id='word_1_799' title='bbox 356 2818 443 2843; x_wconf 84' lang='lat' dir='ltr'><strong>cons</strong></span> <span class='ocrx_word' id='word_1_800' title='bbox 459 2813 510 2842; x_wconf 71' lang='lat' dir='ltr'><strong>itu</strong></span> <span class='ocrx_word' id='word_1_801' title='bbox 527 2819 559 2842; x_wconf 90' lang='lat' dir='ltr'><strong>a.</strong></span> 
     </span>
     <span class='ocr_line' id='line_1_88' title="bbox 234 2820 2459 2901; baseline 0.001 -13"><span class='ocrx_word' id='word_1_802' title='bbox 234 2820 260 2855; x_wconf 73' lang='lat' dir='ltr'><em>p</em></span> <span class='ocrx_word' id='word_1_803' title='bbox 370 2852 415 2888; x_wconf 85' lang='lat' dir='ltr'><strong>V.</strong></span> <span class='ocrx_word' id='word_1_804' title='bbox 462 2851 540 2887; x_wconf 88' lang='lat' dir='ltr'><strong>Iam</strong></span> <span class='ocrx_word' id='word_1_805' title='bbox 573 2863 657 2887; x_wconf 89' lang='lat' dir='ltr'><strong>vero</strong></span> <span class='ocrx_word' id='word_1_806' title='bbox 694 2852 956 2888; x_wconf 84' lang='lat' dir='ltr'><strong>consideremus</strong></span> <span class='ocrx_word' id='word_1_807' title='bbox 985 2854 1139 2899; x_wconf 83' lang='lat' dir='ltr'><strong>aliquid,</strong></span> <span class='ocrx_word' id='word_1_808' title='bbox 1172 2855 1272 2901; x_wconf 85' lang='lat' dir='ltr'><strong>quod</strong></span> <span class='ocrx_word' id='word_1_809' title='bbox 1300 2856 1493 2892; x_wconf 75' lang='lat' dir='ltr'><strong>numanum</strong></span> <span class='ocrx_word' id='word_1_810' title='bbox 1525 2858 1574 2893; x_wconf 87' lang='lat' dir='ltr'><strong>sit</strong></span> <span class='ocrx_word' id='word_1_811' title='bbox 1603 2858 1642 2893; x_wconf 86' lang='lat' dir='ltr'><strong>in</strong></span> <span class='ocrx_word' id='word_1_812' title='bbox 1668 2857 1786 2894; x_wconf 85' lang='lat' dir='ltr'><strong>solam</strong></span> <span class='ocrx_word' id='word_1_813' title='bbox 1814 2861 1994 2892; x_wconf 88' lang='lat' dir='ltr'><strong>naturam.</strong></span> <span class='ocrx_word' id='word_1_814' title='bbox 2042 2854 2150 2891; x_wconf 80' lang='lat' dir='ltr'><strong>Multi</strong></span> <span class='ocrx_word' id='word_1_815' title='bbox 2179 2854 2275 2891; x_wconf 79' lang='lat' dir='ltr'><strong>enim</strong></span> <span class='ocrx_word' id='word_1_816' title='bbox 2303 2864 2352 2891; x_wconf 82' lang='lat' dir='ltr'><strong>ne</strong></span> <span class='ocrx_word' id='word_1_817' title='bbox 2377 2853 2459 2891; x_wconf 65' lang='lat' dir='ltr'><strong>oriar</strong></span> 
     </span>
     <span class='ocr_line' id='line_1_89' title="bbox 237 2898 2460 2950; baseline 0.001 -17"><span class='ocrx_word' id='word_1_818' title='bbox 237 2898 497 2944; x_wconf 66' lang='lat' dir='ltr'><strong>nobis-semper</strong></span> <span class='ocrx_word' id='word_1_819' title='bbox 517 2898 723 2943; x_wconf 79' lang='lat' dir='ltr'><strong>facessunt,</strong></span> <span class='ocrx_word' id='word_1_820' title='bbox 748 2908 948 2943; x_wconf 86' lang='lat' dir='ltr'><strong>precesque</strong></span> <span class='ocrx_word' id='word_1_821' title='bbox 971 2899 1117 2934; x_wconf 83' lang='lat' dir='ltr'><strong>crebrae</strong></span> <span class='ocrx_word' id='word_1_822' title='bbox 1140 2904 1177 2935; x_wconf 88' lang='lat' dir='ltr'><strong>et</strong></span> <span class='ocrx_word' id='word_1_823' title='bbox 1198 2900 1429 2937; x_wconf 85' lang='lat' dir='ltr'><strong>lacrimantes</strong></span> <span class='ocrx_word' id='word_1_824' title='bbox 1452 2902 1577 2938; x_wconf 87' lang='lat' dir='ltr'><strong>liberi:</strong></span> <span class='ocrx_word' id='word_1_825' title='bbox 1600 2913 1645 2939; x_wconf 91' lang='lat' dir='ltr'><strong>ac</strong></span> <span class='ocrx_word' id='word_1_826' title='bbox 1666 2913 1808 2950; x_wconf 87' lang='lat' dir='ltr'><strong>semper</strong></span> <span class='ocrx_word' id='word_1_827' title='bbox 1830 2901 1975 2948; x_wconf 84' lang='lat' dir='ltr'><strong>quidem</strong></span> <span class='ocrx_word' id='word_1_828' title='bbox 1997 2899 2141 2948; x_wconf 84' lang='lat' dir='ltr'><strong>aliquid</strong></span> <span class='ocrx_word' id='word_1_829' title='bbox 2162 2898 2310 2936; x_wconf 74' lang='lat' dir='ltr'><strong>humani</strong></span> <span class='ocrx_word' id='word_1_830' title='bbox 2377 2908 2460 2936; x_wconf 74' lang='lat' dir='ltr'><strong>eer-</strong></span> 
     </span>
    </p>
   </div>
   <div class='ocr_carea' id='block_1_32' title="bbox 237 3008 1310 3685">
    <p class='ocr_par' dir='ltr' id='par_1_35' title="bbox 237 3008 1310 3685">
     <span class='ocr_line' id='line_1_90' title="bbox 284 3008 1307 3057; baseline 0.002 -12"><span class='ocrx_word' id='word_1_831' title='bbox 284 3014 299 3047; x_wconf 92' lang='lat'>1</span> <span class='ocrx_word' id='word_1_832' title='bbox 325 3009 467 3057; x_wconf 81' lang='grc' dir='ltr'><em>μητρὸς]</em></span> <span class='ocrx_word' id='word_1_833' title='bbox 492 3011 551 3045; x_wconf 74' lang='grc' dir='ltr'><strong>ἐπὶ</strong></span> <span class='ocrx_word' id='word_1_834' title='bbox 572 3008 703 3055; x_wconf 79' lang='grc' dir='ltr'><em>μητρὸς</em></span> <span class='ocrx_word' id='word_1_835' title='bbox 727 3013 891 3054; x_wconf 82' lang='grc' dir='ltr'><em>(μητερας</em></span> <span class='ocrx_word' id='word_1_836' title='bbox 905 3012 947 3052; x_wconf 90' lang='lat' dir='ltr'><strong>L)</strong></span> <span class='ocrx_word' id='word_1_837' title='bbox 966 3013 1035 3045; x_wconf 90' lang='lat' dir='ltr'><strong>LB</strong></span> <span class='ocrx_word' id='word_1_838' title='bbox 1053 3012 1065 3056; x_wconf 92' lang='grc'><strong>11</strong></span> <span class='ocrx_word' id='word_1_839' title='bbox 1082 3015 1101 3046; x_wconf 86' lang='lat'>3</span> <span class='ocrx_word' id='word_1_840' title='bbox 1114 3027 1161 3056; x_wconf 83' lang='lat' dir='ltr'><strong>sq.</strong></span> <span class='ocrx_word' id='word_1_841' title='bbox 1184 3013 1307 3047; x_wconf 83' lang='grc' dir='ltr'><em>εἴτε-</em></span> 
     </span>
     <span class='ocr_line' id='line_1_91' title="bbox 237 3054 1305 3101; baseline -0.001 -10"><span class='ocrx_word' id='word_1_842' title='bbox 237 3057 319 3100; x_wconf 77' lang='grc' dir='ltr'><em>εἴτε]</em></span> <span class='ocrx_word' id='word_1_843' title='bbox 344 3056 414 3091; x_wconf 76' lang='grc' dir='ltr'><em>εἴτε</em></span> <span class='ocrx_word' id='word_1_844' title='bbox 437 3058 496 3089; x_wconf 77' lang='grc' dir='ltr'><em>καὶ</em></span> <span class='ocrx_word' id='word_1_845' title='bbox 516 3074 560 3079; x_wconf 93' lang='grc'>-</span> <span class='ocrx_word' id='word_1_846' title='bbox 583 3054 653 3088; x_wconf 79' lang='grc' dir='ltr'><em>εἴτε</em></span> <span class='ocrx_word' id='word_1_847' title='bbox 674 3057 732 3087; x_wconf 81' lang='grc' dir='ltr'><em>καὶ</em></span> <span class='ocrx_word' id='word_1_848' title='bbox 758 3056 804 3089; x_wconf 66' lang='lat'><strong>15⁵</strong></span> <span class='ocrx_word' id='word_1_849' title='bbox 828 3056 840 3098; x_wconf 89' lang='grc'><strong>11</strong></span> <span class='ocrx_word' id='word_1_850' title='bbox 862 3059 880 3088; x_wconf 82' lang='lat'><strong>5</strong></span> <span class='ocrx_word' id='word_1_851' title='bbox 902 3069 950 3099; x_wconf 78' lang='lat' dir='ltr'><strong>eq.</strong></span> <span class='ocrx_word' id='word_1_852' title='bbox 975 3059 1017 3100; x_wconf 87' lang='lat' dir='ltr'><strong>cs.</strong></span> <span class='ocrx_word' id='word_1_853' title='bbox 1047 3059 1123 3092; x_wconf 78' lang='lat' dir='ltr'><strong>Cod.</strong></span> <span class='ocrx_word' id='word_1_854' title='bbox 1150 3062 1180 3098; x_wconf 80' lang='grc'><strong>6,</strong></span> <span class='ocrx_word' id='word_1_855' title='bbox 1207 3068 1252 3101; x_wconf 76' lang='lat'><strong>55,</strong></span> <span class='ocrx_word' id='word_1_856' title='bbox 1279 3069 1305 3093; x_wconf 79' lang='grc' dir='ltr'><strong>υ,</strong></span> 
     </span>
     <span class='ocr_line' id='line_1_92' title="bbox 238 3100 1307 3147; baseline 0.001 -12"><span class='ocrx_word' id='word_1_857' title='bbox 238 3112 287 3144; x_wconf 83' lang='lat'><strong>20,</strong></span> <span class='ocrx_word' id='word_1_858' title='bbox 312 3110 344 3137; x_wconf 78' lang='lat'><strong>19</strong></span> <span class='ocrx_word' id='word_1_859' title='bbox 365 3101 379 3146; x_wconf 67' lang='lat' dir='ltr'>fl</span> <span class='ocrx_word' id='word_1_860' title='bbox 405 3104 425 3135; x_wconf 83' lang='lat'><strong>6</strong></span> <span class='ocrx_word' id='word_1_861' title='bbox 448 3102 508 3134; x_wconf 75' lang='grc' dir='ltr'><em>καὶ</em></span> <span class='ocrx_word' id='word_1_862' title='bbox 531 3101 620 3132; x_wconf 84' lang='lat' dir='ltr'><strong>suois</strong></span> <span class='ocrx_word' id='word_1_863' title='bbox 645 3100 700 3140; x_wconf 84' lang='lat' dir='ltr'><strong>M]</strong></span> <span class='ocrx_word' id='word_1_864' title='bbox 725 3103 881 3145; x_wconf 75' lang='grc' dir='ltr'><em>γνησίοις</em></span> <span class='ocrx_word' id='word_1_865' title='bbox 906 3102 946 3133; x_wconf 91' lang='grc' dir='ltr'><em>Μ</em></span> <span class='ocrx_word' id='word_1_866' title='bbox 966 3115 992 3134; x_wconf 82' lang='lat' dir='ltr'><strong>s.</strong></span> <span class='ocrx_word' id='word_1_867' title='bbox 1016 3115 1057 3144; x_wconf 85' lang='lat' dir='ltr'><strong>v.‚</strong></span> <span class='ocrx_word' id='word_1_868' title='bbox 1082 3103 1150 3135; x_wconf 79' lang='lat' dir='ltr'><strong>LR</strong></span> <span class='ocrx_word' id='word_1_869' title='bbox 1169 3102 1180 3147; x_wconf 90' lang='grc'><strong>11</strong></span> <span class='ocrx_word' id='word_1_870' title='bbox 1197 3105 1215 3136; x_wconf 80' lang='lat'>7</span> <span class='ocrx_word' id='word_1_871' title='bbox 1240 3101 1307 3145; x_wconf 83' lang='grc' dir='ltr'><strong>τὴν</strong></span> 
     </span>
     <span class='ocr_line' id='line_1_93' title="bbox 237 3142 1307 3192; baseline 0.001 -12"><span class='ocrx_word' id='word_1_872' title='bbox 237 3150 367 3192; x_wconf 83' lang='grc' dir='ltr'><em>μοῖραν</em></span> <span class='ocrx_word' id='word_1_873' title='bbox 382 3146 432 3179; x_wconf 73' lang='lat' dir='ltr'><strong>B!</strong></span> <span class='ocrx_word' id='word_1_874' title='bbox 443 3145 455 3190; x_wconf 92' lang='grc'><strong>11</strong></span> <span class='ocrx_word' id='word_1_875' title='bbox 474 3148 494 3179; x_wconf 85' lang='grc'>9</span> <span class='ocrx_word' id='word_1_876' title='bbox 518 3142 790 3186; x_wconf 72' lang='grc' dir='ltr'><em>διατιθεμένους</em></span> <span class='ocrx_word' id='word_1_877' title='bbox 813 3146 857 3177; x_wconf 70' lang='lat' dir='ltr'><strong>B*</strong></span> <span class='ocrx_word' id='word_1_878' title='bbox 875 3145 887 3189; x_wconf 93' lang='grc'><strong>11</strong></span> <span class='ocrx_word' id='word_1_879' title='bbox 903 3144 983 3178; x_wconf 82' lang='grc' dir='ltr'><em>τοὺς</em></span> <span class='ocrx_word' id='word_1_880' title='bbox 1006 3159 1063 3180; x_wconf 82' lang='grc' dir='ltr'><em>οηι.</em></span> <span class='ocrx_word' id='word_1_881' title='bbox 1081 3147 1129 3179; x_wconf 81' lang='grc' dir='ltr'><strong>ΒῙ</strong></span> <span class='ocrx_word' id='word_1_882' title='bbox 1142 3148 1154 3191; x_wconf 92' lang='grc'><strong>11</strong></span> <span class='ocrx_word' id='word_1_883' title='bbox 1177 3152 1214 3181; x_wconf 86' lang='grc'><strong>10</strong></span> <span class='ocrx_word' id='word_1_884' title='bbox 1235 3151 1307 3181; x_wconf 85' lang='grc' dir='ltr'><em>τοῖς</em></span> 
     </span>
     <span class='ocr_line' id='line_1_94' title="bbox 238 3188 1305 3236; baseline -0.001 -9"><span class='ocrx_word' id='word_1_885' title='bbox 238 3206 275 3227; x_wconf 86' lang='grc' dir='ltr'><strong>π.</strong></span> <span class='ocrx_word' id='word_1_886' title='bbox 300 3204 338 3227; x_wconf 87' lang='grc' dir='ltr'><strong>π.</strong></span> <span class='ocrx_word' id='word_1_887' title='bbox 363 3189 525 3226; x_wconf 80' lang='grc' dir='ltr'><em>πάπποις</em></span> <span class='ocrx_word' id='word_1_888' title='bbox 549 3190 658 3229; x_wconf 74' lang='grc' dir='ltr'><em>ΜΒς]</em></span> <span class='ocrx_word' id='word_1_889' title='bbox 688 3189 750 3222; x_wconf 80' lang='grc' dir='ltr'><em>τοῦ</em></span> <span class='ocrx_word' id='word_1_890' title='bbox 774 3201 812 3223; x_wconf 85' lang='grc' dir='ltr'><strong>π.</strong></span> <span class='ocrx_word' id='word_1_891' title='bbox 838 3200 876 3222; x_wconf 83' lang='grc' dir='ltr'><strong>π.</strong></span> <span class='ocrx_word' id='word_1_892' title='bbox 901 3188 1051 3224; x_wconf 83' lang='grc' dir='ltr'><em>πάππου</em></span> <span class='ocrx_word' id='word_1_893' title='bbox 1076 3192 1106 3224; x_wconf 89' lang='lat' dir='ltr'><em>L</em></span> <span class='ocrx_word' id='word_1_894' title='bbox 1130 3193 1141 3232; x_wconf 81' lang='grc'><strong>11</strong></span> <span class='ocrx_word' id='word_1_895' title='bbox 1190 3195 1305 3236; x_wconf 78' lang='grc' dir='ltr'><em>ενομέ-</em></span> 
     </span>
     <span class='ocr_line' id='line_1_95' title="bbox 238 3231 1304 3280; baseline -0.002 -10"><span class='ocrx_word' id='word_1_896' title='bbox 238 3249 311 3271; x_wconf 86' lang='grc' dir='ltr'><em>νοις</em></span> <span class='ocrx_word' id='word_1_897' title='bbox 334 3237 437 3271; x_wconf 78' lang='lat' dir='ltr'><strong>L⁰B⁸</strong></span> <span class='ocrx_word' id='word_1_898' title='bbox 466 3235 479 3279; x_wconf 92' lang='grc'><strong>11</strong></span> <span class='ocrx_word' id='word_1_899' title='bbox 511 3238 544 3269; x_wconf 84' lang='grc'><strong>11</strong></span> <span class='ocrx_word' id='word_1_900' title='bbox 581 3231 768 3277; x_wconf 73' lang='grc' dir='ltr'><em>λαμβάνην</em></span> <span class='ocrx_word' id='word_1_901' title='bbox 791 3232 925 3267; x_wconf 77' lang='grc' dir='ltr'><em>τέλειον</em></span> <span class='ocrx_word' id='word_1_902' title='bbox 951 3236 981 3267; x_wconf 90' lang='lat' dir='ltr'><em>L</em></span> <span class='ocrx_word' id='word_1_903' title='bbox 1013 3235 1025 3278; x_wconf 92' lang='grc'><strong>11</strong></span> <span class='ocrx_word' id='word_1_904' title='bbox 1052 3234 1093 3269; x_wconf 78' lang='grc' dir='ltr'><em>τὸ</em></span> <span class='ocrx_word' id='word_1_905' title='bbox 1121 3248 1224 3280; x_wconf 82' lang='grc' dir='ltr'><em>μερος</em></span> <span class='ocrx_word' id='word_1_906' title='bbox 1248 3252 1304 3270; x_wconf 85' lang='lat' dir='ltr'><strong>om.</strong></span> 
     </span>
     <span class='ocr_line' id='line_1_96' title="bbox 242 3278 1306 3358; baseline 0.005 -48"><span class='ocrx_word' id='word_1_907' title='bbox 242 3283 289 3315; x_wconf 77' lang='lat' dir='ltr'><strong>B!</strong></span> <span class='ocrx_word' id='word_1_908' title='bbox 304 3282 316 3326; x_wconf 84' lang='grc'><strong>11</strong></span> <span class='ocrx_word' id='word_1_909' title='bbox 336 3284 374 3316; x_wconf 85' lang='lat'><strong>12</strong></span> <span class='ocrx_word' id='word_1_910' title='bbox 395 3278 574 3324; x_wconf 74' lang='grc' dir='ltr'><em>ἐλάμβανε</em></span> <span class='ocrx_word' id='word_1_911' title='bbox 589 3280 625 3313; x_wconf 90' lang='grc' dir='ltr'><em>Β</em></span> <span class='ocrx_word' id='word_1_912' title='bbox 632 3278 654 3358; x_wconf 56' lang='lat' dir='ltr'><em>g</em></span> <span class='ocrx_word' id='word_1_913' title='bbox 676 3282 713 3312; x_wconf 87' lang='grc'><strong>13</strong></span> <span class='ocrx_word' id='word_1_914' title='bbox 737 3280 842 3322; x_wconf 73' lang='grc' dir='ltr'><em>μέσης</em></span> <span class='ocrx_word' id='word_1_915' title='bbox 861 3279 922 3321; x_wconf 74' lang='grc' dir='ltr'><strong>τῆς</strong></span> <span class='ocrx_word' id='word_1_916' title='bbox 942 3279 1120 3325; x_wconf 76' lang='grc' dir='ltr'><em>θυγατρὸς</em></span> <span class='ocrx_word' id='word_1_917' title='bbox 1136 3283 1166 3314; x_wconf 93' lang='lat' dir='ltr'><em>L</em></span> <span class='ocrx_word' id='word_1_918' title='bbox 1182 3281 1194 3325; x_wconf 89' lang='grc'><strong>11</strong></span> <span class='ocrx_word' id='word_1_919' title='bbox 1212 3294 1306 3327; x_wconf 82' lang='grc' dir='ltr'><em>γενο-</em></span> 
     </span>
     <span class='ocr_line' id='line_1_97' title="bbox 237 3320 1308 3370; baseline 0 -10"><span class='ocrx_word' id='word_1_920' title='bbox 237 3329 343 3370; x_wconf 73' lang='grc' dir='ltr'><em>μένης</em></span> <span class='ocrx_word' id='word_1_921' title='bbox 369 3325 420 3360; x_wconf 78' lang='lat' dir='ltr'><strong>B!</strong></span> <span class='ocrx_word' id='word_1_922' title='bbox 444 3326 457 3370; x_wconf 93' lang='grc'><strong>11</strong></span> <span class='ocrx_word' id='word_1_923' title='bbox 491 3327 532 3360; x_wconf 84' lang='grc'><strong>18</strong></span> <span class='ocrx_word' id='word_1_924' title='bbox 561 3321 628 3357; x_wconf 79' lang='grc' dir='ltr'><em>*οὗ</em></span> <span class='ocrx_word' id='word_1_925' title='bbox 654 3325 671 3356; x_wconf 75' lang='grc' dir='ltr'><strong>ἐ</strong></span> <span class='ocrx_word' id='word_1_926' title='bbox 694 3343 737 3348; x_wconf 93' lang='lat'>—</span> <span class='ocrx_word' id='word_1_927' title='bbox 761 3320 843 3356; x_wconf 65' lang='grc' dir='ltr'><em>οὐδὲ</em></span> <span class='ocrx_word' id='word_1_928' title='bbox 874 3326 950 3357; x_wconf 83' lang='lat' dir='ltr'><strong>libri</strong></span> <span class='ocrx_word' id='word_1_929' title='bbox 978 3324 991 3366; x_wconf 91' lang='grc'><strong>11</strong></span> <span class='ocrx_word' id='word_1_930' title='bbox 1024 3323 1117 3358; x_wconf 75' lang='grc' dir='ltr'><em>καθ’</em></span> <span class='ocrx_word' id='word_1_931' title='bbox 1144 3325 1248 3359; x_wconf 76' lang='grc' dir='ltr'><em>ἑαυτὸ</em></span> <span class='ocrx_word' id='word_1_932' title='bbox 1272 3329 1308 3360; x_wconf 75' lang='grc' dir='ltr'><em>Β</em></span> 
     </span>
     <span class='ocr_line' id='line_1_98' title="bbox 238 3366 1308 3415; baseline -0.001 -10"><span class='ocrx_word' id='word_1_933' title='bbox 238 3370 394 3405; x_wconf 82' lang='grc' dir='ltr'><em>καταυτὸ</em></span> <span class='ocrx_word' id='word_1_934' title='bbox 419 3371 450 3404; x_wconf 89' lang='lat' dir='ltr'><em>L</em></span> <span class='ocrx_word' id='word_1_935' title='bbox 476 3370 488 3414; x_wconf 95' lang='grc'><strong>11</strong></span> <span class='ocrx_word' id='word_1_936' title='bbox 512 3373 550 3404; x_wconf 82' lang='grc'><strong>21</strong></span> <span class='ocrx_word' id='word_1_937' title='bbox 573 3368 642 3412; x_wconf 86' lang='grc' dir='ltr'><strong>τὴν</strong></span> <span class='ocrx_word' id='word_1_938' title='bbox 671 3366 842 3411; x_wconf 80' lang='grc' dir='ltr'><em>τοιαύτην</em></span> <span class='ocrx_word' id='word_1_939' title='bbox 866 3369 901 3401; x_wconf 89' lang='grc' dir='ltr'><em>Β</em></span> <span class='ocrx_word' id='word_1_940' title='bbox 924 3367 936 3412; x_wconf 92' lang='grc'><strong>11</strong></span> <span class='ocrx_word' id='word_1_941' title='bbox 969 3371 1011 3403; x_wconf 87' lang='grc'><strong>23</strong></span> <span class='ocrx_word' id='word_1_942' title='bbox 1036 3370 1179 3403; x_wconf 77' lang='grc' dir='ltr'><em>*ταῦτα</em></span> <span class='ocrx_word' id='word_1_943' title='bbox 1201 3372 1276 3404; x_wconf 80' lang='lat' dir='ltr'><strong>libri</strong></span> <span class='ocrx_word' id='word_1_944' title='bbox 1296 3372 1308 3415; x_wconf 95' lang='grc'><strong>11</strong></span> 
     </span>
     <span class='ocr_line' id='line_1_99' title="bbox 239 3410 1309 3462; baseline -0.002 -11"><span class='ocrx_word' id='word_1_945' title='bbox 239 3421 281 3451; x_wconf 84' lang='lat'><strong>25</strong></span> <span class='ocrx_word' id='word_1_946' title='bbox 303 3429 428 3462; x_wconf 73' lang='grc' dir='ltr'><em>προικο</em></span> <span class='ocrx_word' id='word_1_947' title='bbox 451 3415 529 3449; x_wconf 84' lang='grc' dir='ltr'><strong>τῶν</strong></span> <span class='ocrx_word' id='word_1_948' title='bbox 546 3413 674 3461; x_wconf 84' lang='grc' dir='ltr'><em>γάμων</em></span> <span class='ocrx_word' id='word_1_949' title='bbox 704 3414 770 3450; x_wconf 78' lang='grc' dir='ltr'><strong>(τῶ</strong></span> <span class='ocrx_word' id='word_1_950' title='bbox 796 3410 900 3459; x_wconf 84' lang='grc' dir='ltr'><em>γάμω</em></span> <span class='ocrx_word' id='word_1_951' title='bbox 922 3413 981 3454; x_wconf 82' lang='lat' dir='ltr'><strong>L2)</strong></span> <span class='ocrx_word' id='word_1_952' title='bbox 1005 3411 1309 3456; x_wconf 70' lang='grc' dir='ltr'><em>ἀκουλουθὴσιυεν</em></span> 
     </span>
     <span class='ocr_line' id='line_1_100' title="bbox 242 3456 1309 3506; baseline -0.002 -11"><span class='ocrx_word' id='word_1_953' title='bbox 242 3463 270 3495; x_wconf 82' lang='lat' dir='ltr'><em>L</em></span> <span class='ocrx_word' id='word_1_954' title='bbox 296 3462 308 3506; x_wconf 89' lang='grc'><strong>11</strong></span> <span class='ocrx_word' id='word_1_955' title='bbox 335 3465 377 3496; x_wconf 80' lang='grc'><strong>26</strong></span> <span class='ocrx_word' id='word_1_956' title='bbox 402 3461 527 3505; x_wconf 80' lang='grc' dir='ltr'><em>σαφῶς</em></span> <span class='ocrx_word' id='word_1_957' title='bbox 550 3461 582 3494; x_wconf 91' lang='lat' dir='ltr'><em>L</em></span> <span class='ocrx_word' id='word_1_958' title='bbox 604 3459 617 3504; x_wconf 91' lang='grc'><strong>11</strong></span> <span class='ocrx_word' id='word_1_959' title='bbox 645 3461 685 3493; x_wconf 83' lang='grc'><strong>27</strong></span> <span class='ocrx_word' id='word_1_960' title='bbox 712 3456 827 3501; x_wconf 78' lang='grc' dir='ltr'><em>διδοίη</em></span> <span class='ocrx_word' id='word_1_961' title='bbox 854 3459 954 3498; x_wconf 76' lang='grc' dir='ltr'><strong>ΜΒἾ</strong></span> <span class='ocrx_word' id='word_1_962' title='bbox 987 3456 1066 3500; x_wconf 86' lang='grc' dir='ltr'><em>δοίη</em></span> <span class='ocrx_word' id='word_1_963' title='bbox 1092 3459 1142 3492; x_wconf 77' lang='grc' dir='ltr'><strong>ΒΓ</strong></span> <span class='ocrx_word' id='word_1_964' title='bbox 1163 3457 1309 3494; x_wconf 80' lang='grc' dir='ltr'><em>δεδοίως</em></span> 
     </span>
     <span class='ocr_line' id='line_1_101' title="bbox 242 3500 1309 3546; baseline -0.001 -7"><span class='ocrx_word' id='word_1_965' title='bbox 242 3507 287 3539; x_wconf 85' lang='lat' dir='ltr'><strong>L¹</strong></span> <span class='ocrx_word' id='word_1_966' title='bbox 311 3503 476 3539; x_wconf 77' lang='grc' dir='ltr'><em>δεδωκὼς</em></span> <span class='ocrx_word' id='word_1_967' title='bbox 488 3505 563 3545; x_wconf 76' lang='lat' dir='ltr'><strong>L²ll</strong></span> <span class='ocrx_word' id='word_1_968' title='bbox 583 3507 625 3539; x_wconf 84' lang='lat'><strong>28</strong></span> <span class='ocrx_word' id='word_1_969' title='bbox 650 3503 944 3538; x_wconf 80' lang='grc' dir='ltr'><em>ποοῒκοποιοῦσιν</em></span> <span class='ocrx_word' id='word_1_970' title='bbox 966 3504 1011 3536; x_wconf 90' lang='lat' dir='ltr'><strong>L¹</strong></span> <span class='ocrx_word' id='word_1_971' title='bbox 1030 3503 1043 3546; x_wconf 91' lang='grc'><strong>11</strong></span> <span class='ocrx_word' id='word_1_972' title='bbox 1058 3500 1138 3536; x_wconf 77' lang='grc' dir='ltr'><strong>ἀλλ’</strong></span> <span class='ocrx_word' id='word_1_973' title='bbox 1165 3501 1197 3546; x_wconf 87' lang='grc' dir='ltr'><strong>ἡ]</strong></span> <span class='ocrx_word' id='word_1_974' title='bbox 1222 3502 1309 3538; x_wconf 75' lang='grc' dir='ltr'><strong>ἀλλὰ</strong></span> 
     </span>
     <span class='ocr_line' id='line_1_102' title="bbox 244 3537 1309 3594; baseline 0.001 -11"><span class='ocrx_word' id='word_1_975' title='bbox 244 3551 290 3583; x_wconf 83' lang='grc' dir='ltr'><strong>Β’</strong></span> <span class='ocrx_word' id='word_1_976' title='bbox 310 3552 380 3593; x_wconf 81' lang='grc'>1129</span> <span class='ocrx_word' id='word_1_977' title='bbox 403 3547 602 3594; x_wconf 78' lang='grc' dir='ltr'><em>ἀμοιβαδὸν</em></span> <span class='ocrx_word' id='word_1_978' title='bbox 614 3549 665 3584; x_wconf 75' lang='lat' dir='ltr'><strong>B!</strong></span> <span class='ocrx_word' id='word_1_979' title='bbox 680 3537 693 3592; x_wconf 66' lang='grc'>1</span> <span class='ocrx_word' id='word_1_980' title='bbox 707 3549 822 3582; x_wconf 78' lang='grc' dir='ltr'><em>ταῦτα</em></span> <span class='ocrx_word' id='word_1_981' title='bbox 835 3549 866 3582; x_wconf 91' lang='lat' dir='ltr'><em>L</em></span> <span class='ocrx_word' id='word_1_982' title='bbox 884 3547 897 3592; x_wconf 91' lang='grc'><strong>11</strong></span> <span class='ocrx_word' id='word_1_983' title='bbox 913 3549 955 3581; x_wconf 85' lang='grc'><strong>29</strong></span> <span class='ocrx_word' id='word_1_984' title='bbox 968 3561 1014 3591; x_wconf 79' lang='lat' dir='ltr'><strong>sq.</strong></span> <span class='ocrx_word' id='word_1_985' title='bbox 1041 3548 1080 3581; x_wconf 83' lang='lat' dir='ltr'><strong>In</strong></span> <span class='ocrx_word' id='word_1_986' title='bbox 1099 3549 1225 3582; x_wconf 78' lang='lat' dir='ltr'><strong>Iuliani</strong></span> <span class='ocrx_word' id='word_1_987' title='bbox 1244 3552 1309 3593; x_wconf 66' lang='lat' dir='ltr'><strong>opi-</strong></span> 
     </span>
     <span class='ocr_line' id='line_1_103' title="bbox 244 3594 1308 3637; baseline -0.001 -9"><span class='ocrx_word' id='word_1_988' title='bbox 244 3604 325 3628; x_wconf 73' lang='lat' dir='ltr'><strong>roma</strong></span> <span class='ocrx_word' id='word_1_989' title='bbox 356 3598 404 3630; x_wconf 77' lang='lat' dir='ltr'><strong>his</strong></span> <span class='ocrx_word' id='word_1_990' title='bbox 438 3597 546 3630; x_wconf 77' lang='lat' dir='ltr'><strong>aliena</strong></span> <span class='ocrx_word' id='word_1_991' title='bbox 570 3597 741 3629; x_wconf 72' lang='lat' dir='ltr'><strong>substituta</strong></span> <span class='ocrx_word' id='word_1_992' title='bbox 764 3601 838 3627; x_wconf 79' lang='lat' dir='ltr'><strong>sunl</strong></span> <span class='ocrx_word' id='word_1_993' title='bbox 863 3596 916 3633; x_wconf 75' lang='lat' dir='ltr'><strong>(ex</strong></span> <span class='ocrx_word' id='word_1_994' title='bbox 937 3605 1006 3627; x_wconf 77' lang='grc' dir='ltr'><em>που.</em></span> <span class='ocrx_word' id='word_1_995' title='bbox 1036 3594 1180 3626; x_wconf 76' lang='lat' dir='ltr'><em>CXVII</em></span> <span class='ocrx_word' id='word_1_996' title='bbox 1204 3597 1308 3637; x_wconf 75' lang='lat' dir='ltr'><strong>potins</strong></span> 
     </span>
     <span class='ocr_line' id='line_1_104' title="bbox 244 3633 1310 3685; baseline -0.002 -11"><span class='ocrx_word' id='word_1_997' title='bbox 244 3642 439 3685; x_wconf 79' lang='lat' dir='ltr'><strong>deprompta,</strong></span> <span class='ocrx_word' id='word_1_998' title='bbox 464 3643 503 3685; x_wconf 70' lang='lat' dir='ltr'><strong>qs.</strong></span> <span class='ocrx_word' id='word_1_999' title='bbox 521 3641 654 3683; x_wconf 68' lang='lat' dir='ltr'><strong>Tlteod.)</strong></span> <span class='ocrx_word' id='word_1_1000' title='bbox 672 3639 742 3685; x_wconf 85' lang='grc'>1130</span> <span class='ocrx_word' id='word_1_1001' title='bbox 767 3633 951 3685; x_wconf 60' lang='grc' dir='ltr'><em>προικῖευν</em></span> <span class='ocrx_word' id='word_1_1002' title='bbox 970 3638 1013 3671; x_wconf 87' lang='lat' dir='ltr'><strong>L¹</strong></span> <span class='ocrx_word' id='word_1_1003' title='bbox 1040 3640 1200 3683; x_wconf 81' lang='grc' dir='ltr'><em>προικῶν</em></span> <span class='ocrx_word' id='word_1_1004' title='bbox 1222 3641 1267 3672; x_wconf 81' lang='lat' dir='ltr'><strong>L²</strong></span> <span class='ocrx_word' id='word_1_1005' title='bbox 1298 3641 1310 3683; x_wconf 91' lang='grc'><strong>11</strong></span> 
     </span>
    </p>
   </div>
   <div class='ocr_carea' id='block_1_33' title="bbox 1373 3008 2460 3107">
    <p class='ocr_par' dir='ltr' id='par_1_36' title="bbox 1373 3008 2460 3107">
     <span class='ocr_line' id='line_1_105' title="bbox 1375 3008 2460 3059; baseline -0.003 -10"><span class='ocrx_word' id='word_1_1006' title='bbox 1375 3017 1415 3050; x_wconf 87' lang='grc'><strong>31</strong></span> <span class='ocrx_word' id='word_1_1007' title='bbox 1442 3013 1632 3058; x_wconf 83' lang='grc' dir='ltr'><em>διατάξεις]</em></span> <span class='ocrx_word' id='word_1_1008' title='bbox 1672 3017 1749 3051; x_wconf 81' lang='lat' dir='ltr'><strong>cod.</strong></span> <span class='ocrx_word' id='word_1_1009' title='bbox 1774 3019 1807 3059; x_wconf 89' lang='lat'><strong>5,</strong></span> <span class='ocrx_word' id='word_1_1010' title='bbox 1831 3023 1879 3058; x_wconf 83' lang='lat'><strong>27,</strong></span> <span class='ocrx_word' id='word_1_1011' title='bbox 1903 3024 1948 3051; x_wconf 86' lang='lat'><strong>10.</strong></span> <span class='ocrx_word' id='word_1_1012' title='bbox 1973 3023 2002 3050; x_wconf 83' lang='lat'><strong>11</strong></span> <span class='ocrx_word' id='word_1_1013' title='bbox 2027 3014 2040 3054; x_wconf 89' lang='grc'><strong>11</strong></span> <span class='ocrx_word' id='word_1_1014' title='bbox 2064 3015 2107 3049; x_wconf 84' lang='grc'><strong>32</strong></span> <span class='ocrx_word' id='word_1_1015' title='bbox 2137 3010 2244 3058; x_wconf 79' lang='grc' dir='ltr'><em>νόμος</em></span> <span class='ocrx_word' id='word_1_1016' title='bbox 2265 3015 2362 3048; x_wconf 62' lang='grc' dir='ltr'><em>ἔστω</em></span> <span class='ocrx_word' id='word_1_1017' title='bbox 2388 3013 2422 3047; x_wconf 90' lang='grc' dir='ltr'><em>Β</em></span> <span class='ocrx_word' id='word_1_1018' title='bbox 2442 3008 2460 3058; x_wconf 81' lang='grc'><strong>11</strong></span> 
     </span>
     <span class='ocr_line' id='line_1_106' title="bbox 1373 3060 2045 3107; baseline 0.001 -14"><span class='ocrx_word' id='word_1_1019' title='bbox 1373 3063 1510 3107; x_wconf 81' lang='grc' dir='ltr'><em>γενεαῖς</em></span> <span class='ocrx_word' id='word_1_1020' title='bbox 1534 3062 1571 3095; x_wconf 86' lang='grc' dir='ltr'><em>Β</em></span> <span class='ocrx_word' id='word_1_1021' title='bbox 1590 3061 1724 3107; x_wconf 69' lang='grc'>113439.</span> <span class='ocrx_word' id='word_1_1022' title='bbox 1746 3075 1819 3106; x_wconf 87' lang='lat' dir='ltr'><strong>cap.</strong></span> <span class='ocrx_word' id='word_1_1023' title='bbox 1845 3064 1865 3096; x_wconf 82' lang='lat'>5</span> <span class='ocrx_word' id='word_1_1024' title='bbox 1891 3074 1949 3095; x_wconf 88' lang='lat' dir='ltr'><strong>om.</strong></span> <span class='ocrx_word' id='word_1_1025' title='bbox 1974 3060 2045 3094; x_wconf 88' lang='lat' dir='ltr'><strong>LB</strong></span> 
     </span>
    </p>
   </div>
   <div class='ocr_carea' id='block_1_34' title="bbox 1375 3140 2459 3598">
    <p class='ocr_par' dir='ltr' id='par_1_37' title="bbox 1375 3140 2459 3598">
     <span class='ocr_line' id='line_1_107' title="bbox 1424 3140 2457 3195; baseline -0.004 -10"><span class='ocrx_word' id='word_1_1026' title='bbox 1424 3154 1438 3185; x_wconf 91' lang='lat'>1</span> <span class='ocrx_word' id='word_1_1027' title='bbox 1465 3152 1521 3185; x_wconf 89' lang='lat' dir='ltr'><strong>sed</strong></span> <span class='ocrx_word' id='word_1_1028' title='bbox 1546 3154 1589 3193; x_wconf 90' lang='lat' dir='ltr'><strong>et]</strong></span> <span class='ocrx_word' id='word_1_1029' title='bbox 1615 3155 1664 3186; x_wconf 86' lang='lat' dir='ltr'><strong>set</strong></span> <span class='ocrx_word' id='word_1_1030' title='bbox 1685 3153 1783 3186; x_wconf 79' lang='lat' dir='ltr'><strong>etiam</strong></span> <span class='ocrx_word' id='word_1_1031' title='bbox 1807 3153 1844 3185; x_wconf 88' lang='lat' dir='ltr'><strong>in</strong></span> <span class='ocrx_word' id='word_1_1032' title='bbox 1864 3151 1942 3193; x_wconf 75' lang='lat' dir='ltr'><strong>17²ss</strong></span> <span class='ocrx_word' id='word_1_1033' title='bbox 1961 3153 1981 3186; x_wconf 81' lang='lat'>2</span> <span class='ocrx_word' id='word_1_1034' title='bbox 2003 3160 2219 3195; x_wconf 81' lang='lat' dir='ltr'><strong>personarum</strong></span> <span class='ocrx_word' id='word_1_1035' title='bbox 2235 3148 2367 3183; x_wconf 79' lang='lat' dir='ltr'><strong>feminis</strong></span> <span class='ocrx_word' id='word_1_1036' title='bbox 2381 3140 2457 3193; x_wconf 68' lang='lat'><strong>12¹1!</strong></span> 
     </span>
     <span class='ocr_line' id='line_1_108' title="bbox 1375 3193 2456 3242; baseline -0.002 -14"><span class='ocrx_word' id='word_1_1037' title='bbox 1375 3196 1409 3228; x_wconf 88' lang='lat' dir='ltr'><strong>id</strong></span> <span class='ocrx_word' id='word_1_1038' title='bbox 1433 3198 1493 3238; x_wconf 87' lang='lat' dir='ltr'><strong>est]</strong></span> <span class='ocrx_word' id='word_1_1039' title='bbox 1536 3197 1591 3231; x_wconf 65' lang='lat' dir='ltr'><strong>ide</strong></span> <span class='ocrx_word' id='word_1_1040' title='bbox 1629 3198 1728 3242; x_wconf 81' lang='lat' dir='ltr'><strong>RVu</strong></span> <span class='ocrx_word' id='word_1_1041' title='bbox 1753 3200 1772 3232; x_wconf 82' lang='lat'>5</span> <span class='ocrx_word' id='word_1_1042' title='bbox 1799 3199 1888 3231; x_wconf 85' lang='lat' dir='ltr'><strong>rubr.</strong></span> <span class='ocrx_word' id='word_1_1043' title='bbox 1919 3195 2202 3235; x_wconf 84' lang='lat' dir='ltr'><strong>Quemadmodum</strong></span> <span class='ocrx_word' id='word_1_1044' title='bbox 2230 3193 2272 3228; x_wconf 81' lang='lat' dir='ltr'><strong>ab</strong></span> <span class='ocrx_word' id='word_1_1045' title='bbox 2299 3193 2456 3228; x_wconf 70' lang='lat' dir='ltr'><strong>intestato</strong></span> 
     </span>
     <span class='ocr_line' id='line_1_109' title="bbox 1375 3237 2455 3284; baseline -0.001 -12"><span class='ocrx_word' id='word_1_1046' title='bbox 1375 3240 1476 3274; x_wconf 87' lang='lat' dir='ltr'><strong>liberi</strong></span> <span class='ocrx_word' id='word_1_1047' title='bbox 1507 3252 1566 3284; x_wconf 86' lang='lat' dir='ltr'><strong>per</strong></span> <span class='ocrx_word' id='word_1_1048' title='bbox 1590 3242 1788 3276; x_wconf 77' lang='lat' dir='ltr'><strong>femininum</strong></span> <span class='ocrx_word' id='word_1_1049' title='bbox 1811 3253 1924 3276; x_wconf 83' lang='lat' dir='ltr'><strong>sexum</strong></span> <span class='ocrx_word' id='word_1_1050' title='bbox 1955 3240 2188 3274; x_wconf 78' lang='lat' dir='ltr'><strong>descendentes</strong></span> <span class='ocrx_word' id='word_1_1051' title='bbox 2215 3238 2283 3273; x_wconf 73' lang='lat' dir='ltr'><strong>suis</strong></span> <span class='ocrx_word' id='word_1_1052' title='bbox 2308 3237 2455 3282; x_wconf 71' lang='lat' dir='ltr'><strong>parenti-</strong></span> 
     </span>
     <span class='ocr_line' id='line_1_110' title="bbox 1376 3278 2456 3332; baseline 0 -15"><span class='ocrx_word' id='word_1_1053' title='bbox 1376 3285 1436 3317; x_wconf 86' lang='lat' dir='ltr'><strong>bus</strong></span> <span class='ocrx_word' id='word_1_1054' title='bbox 1467 3287 1639 3320; x_wconf 88' lang='lat' dir='ltr'><strong>succedere</strong></span> <span class='ocrx_word' id='word_1_1055' title='bbox 1663 3287 1804 3321; x_wconf 86' lang='lat' dir='ltr'><strong>debeant</strong></span> <span class='ocrx_word' id='word_1_1056' title='bbox 1833 3288 1868 3322; x_wconf 86' lang='lat' dir='ltr'><em>R</em></span> <span class='ocrx_word' id='word_1_1057' title='bbox 1891 3301 1954 3332; x_wconf 73' lang='lat' dir='ltr'><strong>my.</strong></span> <span class='ocrx_word' id='word_1_1058' title='bbox 1980 3285 1993 3332; x_wconf 93' lang='grc'><strong>11</strong></span> <span class='ocrx_word' id='word_1_1059' title='bbox 2023 3288 2044 3321; x_wconf 86' lang='grc'><strong>6</strong></span> <span class='ocrx_word' id='word_1_1060' title='bbox 2074 3285 2176 3319; x_wconf 78' lang='lat' dir='ltr'><strong>tortia</strong></span> <span class='ocrx_word' id='word_1_1061' title='bbox 2203 3286 2298 3328; x_wconf 72' lang='lat' dir='ltr'><strong>parte</strong></span> <span class='ocrx_word' id='word_1_1062' title='bbox 2323 3278 2409 3329; x_wconf 69' lang='lat' dir='ltr'><strong>vuly‘.</strong></span> <span class='ocrx_word' id='word_1_1063' title='bbox 2452 3286 2456 3302; x_wconf 74' lang='lat'><em>⁶</em></span> 
     </span>
     <span class='ocr_line' id='line_1_111' title="bbox 1376 3304 2459 3376; baseline -0.002 -12"><span class='ocrx_word' id='word_1_1064' title='bbox 1376 3332 1396 3364; x_wconf 86' lang='lat'>9</span> <span class='ocrx_word' id='word_1_1065' title='bbox 1416 3330 1597 3373; x_wconf 82' lang='lat' dir='ltr'><strong>excipimus</strong></span> <span class='ocrx_word' id='word_1_1066' title='bbox 1617 3333 1702 3376; x_wconf 66' lang='lat' dir='ltr'><strong>vulp.</strong></span> <span class='ocrx_word' id='word_1_1067' title='bbox 1719 3332 1732 3375; x_wconf 92' lang='grc'><strong>11</strong></span> <span class='ocrx_word' id='word_1_1068' title='bbox 1753 3334 1792 3367; x_wconf 87' lang='grc'><strong>13</strong></span> <span class='ocrx_word' id='word_1_1069' title='bbox 1817 3335 1876 3365; x_wconf 88' lang='lat' dir='ltr'><strong>aut</strong></span> <span class='ocrx_word' id='word_1_1070' title='bbox 1897 3334 2047 3365; x_wconf 81' lang='lat' dir='ltr'><strong>materna</strong></span> <span class='ocrx_word' id='word_1_1071' title='bbox 2065 3343 2124 3365; x_wconf 82' lang='lat' dir='ltr'><strong>om.</strong></span> <span class='ocrx_word' id='word_1_1072' title='bbox 2138 3330 2170 3364; x_wconf 82' lang='lat' dir='ltr'><em>R</em></span> <span class='ocrx_word' id='word_1_1073' title='bbox 2215 3328 2315 3363; x_wconf 74' lang='lat' dir='ltr'><strong>tertia</strong></span> <span class='ocrx_word' id='word_1_1074' title='bbox 2334 3329 2391 3363; x_wconf 84' lang='lat' dir='ltr'><strong>vul</strong></span> <span class='ocrx_word' id='word_1_1075' title='bbox 2411 3353 2421 3362; x_wconf 88' lang='lat'><strong>.</strong></span> <span class='ocrx_word' id='word_1_1076' title='bbox 2451 3304 2459 3372; x_wconf 91' lang='grc'><strong>1</strong></span> 
     </span>
     <span class='ocr_line' id='line_1_112' title="bbox 1380 3373 2456 3421; baseline 0 -15"><span class='ocrx_word' id='word_1_1077' title='bbox 1380 3377 1419 3407; x_wconf 87' lang='grc'><strong>15</strong></span> <span class='ocrx_word' id='word_1_1078' title='bbox 1443 3385 1463 3406; x_wconf 82' lang='lat' dir='ltr'><strong>a</strong></span> <span class='ocrx_word' id='word_1_1079' title='bbox 1486 3388 1544 3409; x_wconf 89' lang='lat' dir='ltr'><strong>om.</strong></span> <span class='ocrx_word' id='word_1_1080' title='bbox 1567 3376 1614 3408; x_wconf 66' lang='lat'><strong>13¹</strong></span> <span class='ocrx_word' id='word_1_1081' title='bbox 1634 3376 1705 3420; x_wconf 90' lang='grc'>1116</span> <span class='ocrx_word' id='word_1_1082' title='bbox 1725 3387 1785 3410; x_wconf 86' lang='lat' dir='ltr'><strong>nee</strong></span> <span class='ocrx_word' id='word_1_1083' title='bbox 1803 3378 1891 3410; x_wconf 85' lang='lat' dir='ltr'><strong>enim</strong></span> <span class='ocrx_word' id='word_1_1084' title='bbox 1912 3377 1967 3421; x_wconf 73' lang='lat' dir='ltr'><strong>Vss</strong></span> <span class='ocrx_word' id='word_1_1085' title='bbox 1987 3378 2028 3411; x_wconf 83' lang='lat'><strong>18</strong></span> <span class='ocrx_word' id='word_1_1086' title='bbox 2047 3375 2091 3409; x_wconf 79' lang='lat' dir='ltr'><strong>ad</strong></span> <span class='ocrx_word' id='word_1_1087' title='bbox 2109 3387 2168 3408; x_wconf 88' lang='lat' dir='ltr'><strong>om.</strong></span> <span class='ocrx_word' id='word_1_1088' title='bbox 2225 3374 2235 3395; x_wconf 91' lang='lat'><strong>¹</strong></span> <span class='ocrx_word' id='word_1_1089' title='bbox 2253 3373 2266 3416; x_wconf 74' lang='grc' dir='ltr'>Ι</span> <span class='ocrx_word' id='word_1_1090' title='bbox 2286 3374 2324 3408; x_wconf 84' lang='grc'>19</span> <span class='ocrx_word' id='word_1_1091' title='bbox 2405 3382 2456 3406; x_wconf 83' lang='lat' dir='ltr'><strong>em</strong></span> 
     </span>
     <span class='ocr_line' id='line_1_113' title="bbox 1377 3417 2457 3466; baseline -0.001 -15"><span class='ocrx_word' id='word_1_1092' title='bbox 1377 3418 1425 3451; x_wconf 75' lang='lat' dir='ltr'><strong>R*</strong></span> <span class='ocrx_word' id='word_1_1093' title='bbox 1442 3418 1454 3462; x_wconf 93' lang='grc'><strong>11</strong></span> <span class='ocrx_word' id='word_1_1094' title='bbox 1473 3421 1516 3453; x_wconf 81' lang='lat'><strong>22</strong></span> <span class='ocrx_word' id='word_1_1095' title='bbox 1535 3421 1638 3464; x_wconf 84' lang='lat' dir='ltr'><strong>Haec]</strong></span> <span class='ocrx_word' id='word_1_1096' title='bbox 1663 3422 1727 3455; x_wconf 84' lang='lat' dir='ltr'><strong>hoe</strong></span> <span class='ocrx_word' id='word_1_1097' title='bbox 1749 3421 1800 3456; x_wconf 65' lang='grc' dir='ltr'><strong>Β*</strong></span> <span class='ocrx_word' id='word_1_1098' title='bbox 1815 3422 1828 3466; x_wconf 91' lang='grc'><strong>11</strong></span> <span class='ocrx_word' id='word_1_1099' title='bbox 1846 3424 1889 3457; x_wconf 82' lang='grc'><strong>23</strong></span> <span class='ocrx_word' id='word_1_1100' title='bbox 1914 3423 1947 3455; x_wconf 79' lang='lat' dir='ltr'><strong>et</strong></span> <span class='ocrx_word' id='word_1_1101' title='bbox 1965 3428 2084 3466; x_wconf 83' lang='lat' dir='ltr'><strong>puncto</strong></span> <span class='ocrx_word' id='word_1_1102' title='bbox 2107 3427 2198 3454; x_wconf 79' lang='lat' dir='ltr'><strong>notat</strong></span> <span class='ocrx_word' id='word_1_1103' title='bbox 2217 3418 2280 3463; x_wconf 75' lang='grc' dir='ltr'><strong>ΕΙ</strong></span> <span class='ocrx_word' id='word_1_1104' title='bbox 2298 3419 2342 3453; x_wconf 79' lang='lat'><strong>24</strong></span> <span class='ocrx_word' id='word_1_1105' title='bbox 2365 3417 2457 3451; x_wconf 77' lang='lat' dir='ltr'><strong>dotes</strong></span> 
     </span>
     <span class='ocr_line' id='line_1_114' title="bbox 1377 3464 2456 3510; baseline 0.001 -15"><span class='ocrx_word' id='word_1_1106' title='bbox 1377 3476 1436 3496; x_wconf 83' lang='lat' dir='ltr'><strong>om.</strong></span> <span class='ocrx_word' id='word_1_1107' title='bbox 1456 3464 1502 3497; x_wconf 88' lang='lat' dir='ltr'><strong>R¹</strong></span> <span class='ocrx_word' id='word_1_1108' title='bbox 1522 3464 1535 3507; x_wconf 84' lang='grc'><strong>11</strong></span> <span class='ocrx_word' id='word_1_1109' title='bbox 1558 3466 1600 3498; x_wconf 86' lang='grc'><strong>25</strong></span> <span class='ocrx_word' id='word_1_1110' title='bbox 1625 3466 1805 3499; x_wconf 84' lang='lat' dir='ltr'><strong>consistens</strong></span> <span class='ocrx_word' id='word_1_1111' title='bbox 1837 3467 1871 3501; x_wconf 90' lang='lat' dir='ltr'><strong><em>V</em></strong></span> <span class='ocrx_word' id='word_1_1112' title='bbox 1887 3466 1900 3510; x_wconf 90' lang='grc'><strong>11</strong></span> <span class='ocrx_word' id='word_1_1113' title='bbox 1923 3469 1966 3500; x_wconf 86' lang='grc'><strong>26</strong></span> <span class='ocrx_word' id='word_1_1114' title='bbox 1990 3467 2134 3509; x_wconf 81' lang='lat' dir='ltr'><strong>praestet</strong></span> <span class='ocrx_word' id='word_1_1115' title='bbox 2156 3465 2235 3506; x_wconf 85' lang='lat' dir='ltr'><strong>esse]</strong></span> <span class='ocrx_word' id='word_1_1116' title='bbox 2257 3465 2456 3507; x_wconf 72' lang='lat' dir='ltr'><strong>praetere-se</strong></span> 
     </span>
     <span class='ocr_line' id='line_1_115' title="bbox 1379 3505 2457 3584; baseline 0 -44"><span class='ocrx_word' id='word_1_1117' title='bbox 1379 3508 1424 3540; x_wconf 83' lang='lat' dir='ltr'><strong>R¹</strong></span> <span class='ocrx_word' id='word_1_1118' title='bbox 1441 3507 1453 3552; x_wconf 91' lang='grc'><strong>11</strong></span> <span class='ocrx_word' id='word_1_1119' title='bbox 1473 3509 1515 3542; x_wconf 86' lang='grc'><strong>28</strong></span> <span class='ocrx_word' id='word_1_1120' title='bbox 1537 3511 1766 3544; x_wconf 86' lang='lat' dir='ltr'><strong>conuictorum</strong></span> <span class='ocrx_word' id='word_1_1121' title='bbox 1785 3511 1821 3545; x_wconf 87' lang='lat' dir='ltr'><strong><em>R</em></strong></span> <span class='ocrx_word' id='word_1_1122' title='bbox 1838 3510 1851 3552; x_wconf 92' lang='grc'><strong>11</strong></span> <span class='ocrx_word' id='word_1_1123' title='bbox 1866 3512 2003 3544; x_wconf 83' lang='lat' dir='ltr'><strong>affectus</strong></span> <span class='ocrx_word' id='word_1_1124' title='bbox 2028 3523 2087 3545; x_wconf 86' lang='lat' dir='ltr'><strong>om.</strong></span> <span class='ocrx_word' id='word_1_1125' title='bbox 2107 3509 2155 3544; x_wconf 84' lang='lat' dir='ltr'><strong>R¹</strong></span> <span class='ocrx_word' id='word_1_1126' title='bbox 2173 3509 2187 3554; x_wconf 89' lang='grc'><strong>11</strong></span> <span class='ocrx_word' id='word_1_1127' title='bbox 2202 3508 2376 3542; x_wconf 79' lang='lat' dir='ltr'><strong>obtineant</strong></span> <span class='ocrx_word' id='word_1_1128' title='bbox 2395 3505 2457 3584; x_wconf 59' lang='grc' dir='ltr'>Ἤ</span> 
     </span>
     <span class='ocr_line' id='line_1_116' title="bbox 1377 3551 2395 3598; baseline -0.001 -11"><span class='ocrx_word' id='word_1_1129' title='bbox 1377 3555 1419 3585; x_wconf 85' lang='grc'><strong>30</strong></span> <span class='ocrx_word' id='word_1_1130' title='bbox 1440 3553 1565 3585; x_wconf 80' lang='lat' dir='ltr'><strong>suerint</strong></span> <span class='ocrx_word' id='word_1_1131' title='bbox 1586 3554 1642 3597; x_wconf 73' lang='lat' dir='ltr'><strong>Vll</strong></span> <span class='ocrx_word' id='word_1_1132' title='bbox 1659 3557 1699 3589; x_wconf 81' lang='lat'><strong>34</strong></span> <span class='ocrx_word' id='word_1_1133' title='bbox 1721 3558 1807 3590; x_wconf 84' lang='lat' dir='ltr'><strong>rubr.</strong></span> <span class='ocrx_word' id='word_1_1134' title='bbox 1827 3557 1876 3589; x_wconf 90' lang='lat' dir='ltr'><strong>De</strong></span> <span class='ocrx_word' id='word_1_1135' title='bbox 1894 3555 2105 3590; x_wconf 83' lang='lat' dir='ltr'><strong>naturalibus</strong></span> <span class='ocrx_word' id='word_1_1136' title='bbox 2122 3554 2238 3587; x_wconf 85' lang='lat' dir='ltr'><strong>liberis</strong></span> <span class='ocrx_word' id='word_1_1137' title='bbox 2258 3553 2292 3587; x_wconf 80' lang='lat' dir='ltr'><strong><em>R</em></strong></span> <span class='ocrx_word' id='word_1_1138' title='bbox 2304 3551 2395 3598; x_wconf 51' lang='lat' dir='ltr'><strong>man</strong></span> 
     </span>
    </p>
   </div>
   <div class='ocr_carea' id='block_1_35' title="bbox 1377 3596 2453 3687">
    <p class='ocr_par' dir='ltr' id='par_1_38' title="bbox 1377 3596 2453 3687">
     <span class='ocr_line' id='line_1_117' title="bbox 1378 3596 2453 3644; baseline 0.001 -15"><span class='ocrx_word' id='word_1_1139' title='bbox 1378 3609 1434 3631; x_wconf 84' lang='lat' dir='ltr'><strong>om.</strong></span> <span class='ocrx_word' id='word_1_1140' title='bbox 1458 3598 1506 3630; x_wconf 91' lang='lat' dir='ltr'><strong>V¹</strong></span> <span class='ocrx_word' id='word_1_1141' title='bbox 1523 3596 1535 3640; x_wconf 91' lang='grc'><strong>11</strong></span> <span class='ocrx_word' id='word_1_1142' title='bbox 1555 3601 1595 3631; x_wconf 74' lang='lat'><strong>315</strong></span> <span class='ocrx_word' id='word_1_1143' title='bbox 1620 3610 1796 3641; x_wconf 82' lang='lat' dir='ltr'><strong>precesque</strong></span> <span class='ocrx_word' id='word_1_1144' title='bbox 1820 3601 1915 3634; x_wconf 90' lang='lat' dir='ltr'><strong>nobis</strong></span> <span class='ocrx_word' id='word_1_1145' title='bbox 1938 3601 2071 3634; x_wconf 82' lang='lat' dir='ltr'><strong>crebrae</strong></span> <span class='ocrx_word' id='word_1_1146' title='bbox 2102 3599 2135 3634; x_wconf 90' lang='lat' dir='ltr'><strong><em>V</em></strong></span> <span class='ocrx_word' id='word_1_1147' title='bbox 2155 3599 2168 3644; x_wconf 92' lang='grc'><strong>11</strong></span> <span class='ocrx_word' id='word_1_1148' title='bbox 2191 3596 2355 3642; x_wconf 83' lang='lat' dir='ltr'><strong>equidem]</strong></span> <span class='ocrx_word' id='word_1_1149' title='bbox 2378 3596 2453 3641; x_wconf 81' lang='lat' dir='ltr'><strong>qui·</strong></span> 
     </span>
     <span class='ocr_line' id='line_1_118' title="bbox 1377 3641 1766 3687; baseline 0.01 -13"><span class='ocrx_word' id='word_1_1150' title='bbox 1377 3641 1447 3674; x_wconf 83' lang='lat' dir='ltr'><strong>dem</strong></span> <span class='ocrx_word' id='word_1_1151' title='bbox 1471 3642 1606 3687; x_wconf 72' lang='lat' dir='ltr'><strong>V³1137</strong></span> <span class='ocrx_word' id='word_1_1152' title='bbox 1635 3645 1713 3677; x_wconf 86' lang='lat' dir='ltr'><strong>haec</strong></span> <span class='ocrx_word' id='word_1_1153' title='bbox 1737 3646 1766 3678; x_wconf 79' lang='lat' dir='ltr'><em>V</em></span> 
     </span>
    </p>
   </div>
   <div class='ocr_carea' id='block_1_36' title="bbox 2472 0 2592 3840">
    <p class='ocr_par' dir='ltr' id='par_1_39' title="bbox 2472 0 2592 3840">
     <span class='ocr_line' id='line_1_119' title="bbox 2472 0 2592 3840; baseline 0 0"><span class='ocrx_word' id='word_1_1154' title='bbox 2472 0 2592 3840; x_wconf 95' lang='lat' dir='ltr'><strong> </strong></span> 
     </span>
    </p>
   </div>
  </div>
 </body>
</html>
