2592 3840
264 75 372 122 Nov.
404 78 606 123 LXXXV
625 94 688 136 pr.
721 82 739 123 1

265 185 353 223 ὦςτε
381 190 427 225 τὰ
450 188 624 238 πρότερα,
658 191 756 246 εἴπερ
781 186 803 233 ἢ
827 187 996 224 δικαστοῦ
1011 188 1132 244 φήφῳ
1157 187 1180 235 ἢ
1203 196 1338 237 συμβα-

1325 77 1408 126 414

2256 98 2318 131 nn·
2345 79 2480 132 Anum

1406 193 1478 228 turi
1502 194 1597 229 sunt.
1644 193 1822 236 Quocirca
1844 193 1982 239 priora,
2013 194 2044 231 si
2067 198 2130 231 aut
2151 196 2278 234 iudicis
2302 197 2479 234 sententia

263 238 396 280 τηρίοις
415 233 641 279 ἀπήλλακται
673 246 815 279 τυποις,
847 237 956 277 ἐχέτω
979 248 1048 278 την
1068 237 1204 271 οἰκείαν
1225 239 1339 282 τομὴν
1407 240 1472 273 aut
1500 238 1707 283 pactionum
1737 238 1903 318 expedita
1935 241 2021 276 sunt
2042 240 2184 283 formis,
2215 242 2371 279 habeant
2392 253 2474 288 pro-

263 280 324 322 τῆς
347 282 386 314 ἐκ
409 279 515 315 τοῦδε
538 282 602 315 τοῦ
627 279 737 325 νόμου
760 279 809 324 μὴ
834 278 987 323 δεόμενα
1010 283 1167 327 κρίσεως.

315 325 602 373 <Ἐπι’λογος.>
654 323 701 360 ‘H
726 328 850 359 τοίνυν
884 324 928 368 σὴ
959 322 1115 371 ὑπεροὴ
1147 326 1193 361 τὰ
1223 340 1338 375 παρα·

1406 283 1520 327 priam
1544 283 1758 320 decisionem
1808 283 1889 320 nius
1913 283 2000 329 legis
2023 284 2154 321 iudicio
2177 297 2250 323 non
2272 287 2421 332 egentia.

1450 328 1717 374 (Epilogus.)
1763 328 1843 365 Tua
1865 329 1974 374 igitur
1997 330 2189 367 eminentia
2228 335 2307 368 *uae
2329 333 2476 378 placue-

263 372 402 405 στάντα
425 369 511 416 ἡμῖν
542 373 603 404 καὶ
626 367 685 404 διὰ
709 368 813 404 τοῦδε
843 370 907 404 τοῦ
929 370 1033 404 θείου
1080 369 1257 416 ηλούμενα
1279 371 1338 407 aab·
1374 376 1393 408 5
1406 376 1490 408 runt
1524 373 1627 410 nobis
1661 378 1698 410 et
1733 384 1797 419 per
1828 375 1922 410 hanc
1957 384 2097 411 sacram
2132 386 2216 413 man
2245 380 2360 414 estate
2392 379 2477 415 sunt

263 427 330 458 μου
362 413 422 449 διά
455 414 749 464 προγραμμάτων
777 416 920 450 οἰκείων
951 415 1089 462 φανερὰ
1112 417 1201 452 πᾶσι
1230 431 1337 452 κατα-

264 459 432 502 στησάτω
448 465 508 495 καὶ
525 462 573 495 εἰς
592 460 634 495 τὸ
652 458 807 504 διηνεκὲς
822 458 1117 506 παραφυλάττειν
1132 460 1337 498 σπευσάτω.

307 506 390 540 Dat.
412 517 473 541 xv.
499 507 535 541 k.
559 506 638 541 lun.
665 506 735 541 GP.
758 506 842 550 imp.
864 505 921 542 dn.
947 505 1136 543 Iustiniani
1158 517 1218 554 pp.
1243 509 1336 552 Aug.

262 559 355 585 anno
369 550 468 586 XIII.
494 550 636 596 Apione
658 561 690 586 v.
707 560 738 586 c.
761 561 859 587 cons.

765 733 826 776 ‘nn

472 807 651 861 ΠΕΡΙ
680 807 830 862 ΤΩΝ
860 807 1136 864 ΟΠΛῼΝ.

262 882 510 933 Αὗτοκράτωρ
538 885 790 923 ’Ῑουστινιανὸς
820 886 1030 934 Αὔγουστος
1060 887 1255 937 Βασιλείδῃ
1284 889 1337 932 τῷ

358 929 585 976 ἐνδοξοτάτῳ
609 937 795 980 μαγίστρῳ
819 933 897 967 τῶν
916 933 1036 968 θείων
1059 931 1253 980 ὀφφικίων.

304 1000 362 1045 <Π
367 1013 387 1043 ρ
396 1013 415 1033 ο
425 1012 444 1033 ο
454 1003 468 1033 ί
474 1014 500 1044 μ
510 1015 522 1034 ι
531 1001 608 1055 αν.)
661 1001 860 1056 Τὸνιμέγαν
875 999 969 1054 θἐὁν
988 1003 1048 1034 καὶ
1064 1002 1166 1046 σωτῆ
1189 1015 1212 1035 α
1235 998 1339 1047 ἡμῶν

1406 418 1518 462 legem
1549 428 1615 463 per
1644 419 1783 455 litteras
1814 420 1979 472 proprias
2006 420 2188 457 declarare
2212 422 2349 459 cunctis
2380 425 2417 459 et
2439 423 2476 458 in

1406 466 1616 545 Peffaftfuffi
1631 464 2006 556 {ifieffifecfssfffii
2021 510 2079 546 dn.
2102 510 2290 548 lastiniani
2309 523 2369 559 pp.
2385 513 2477 558 Aug.

1312 556 1358 595 [a.
1375 555 1452 595 539]
1521 563 1616 591 anno
1628 554 1725 590 XIII.
1750 555 1914 601 Appione
1937 566 1969 591 v.
1991 565 2022 592 c.
2049 566 2146 592 cons.

1641 744 1822 782 Lxxxv.
1870 746 1978 781 Auth.
1992 745 2190 782 Lxxxvl.
2216 745 2477 783 coll.vltit.13

1685 814 1739 863 R
1771 814 1865 863 DE
1900 815 2106 866 ARMIS
2136 815 2189 865 R

1432 888 1530 924 Idem
1552 889 1644 935 Aug.
1669 890 1819 926 Basilidi
1841 891 2010 936 magistro
2035 901 2219 929 sacrorum
2241 891 2454 929 officiorum.

1451 1001 1738 1047 (Praefatio.)
1783 1002 1952 1047 Magnum
1977 995 2081 1039 deum
2110 1006 2148 1039 et
2173 1004 2384 1040 salvatorem
2413 1014 2477 1040 no-

258 1041 394 1087 Ἰησοῦν
418 1048 582 1090 Χριστον
612 1049 672 1080 καὶ
704 1059 772 1089 την
802 1058 915 1080 αυτου
946 1045 1126 1091 βοήθειαν
1181 1046 1220 1082 ιὰ
1247 1059 1338 1082 παν-
1353 1050 1394 1083 15
1408 1049 1521 1083 strum
1543 1046 1660 1083 Iesum
1685 1047 1866 1084 Christum
1895 1052 1932 1084 et
1960 1049 2037 1084 eius
2064 1048 2235 1084 auxilium
2264 1058 2402 1094 semper
2422 1048 2478 1084 in-

260 1090 320 1123 τὸς
352 1089 627 1135 ἐπικαλούμενοι
651 1088 854 1135 σπεύδομεν
885 1086 1024 1126 πάντας
1047 1092 1129 1126 τοὺς
1152 1089 1340 1139 ἡμετέρους
1408 1096 1576 1128 vocantes
1599 1093 1782 1128 studemus
1806 1103 1929 1129 omnes
1949 1097 2094 1129 nostros
2112 1094 2304 1138 subiectos,
2352 1103 2479 1130 uorum

260 1132 445 1177 ὑπηκόους,
479 1136 533 1170 ιῦν
556 1136 625 1179 τὴν
650 1134 826 1180 διοίκησιν
849 1133 870 1170 ὁ
895 1135 983 1170 θεὸς
1009 1134 1094 1181 ἡμῖν
1118 1138 1338 1180 ἐπίστευσεν,

261 1177 430 1225 ἀβλαβεῖς
458 1184 519 1215 καὶ
547 1178 830 1229 ἀνεπηρεάστως
859 1180 1064 1237 φυλάττειν,
1095 1185 1156 1216 καὶ
1186 1181 1339 1217 κωλύειν

261 1225 342 1259 τοὺς
375 1224 565 1280 πολέμους,
597 1223 656 1261 οὓς
688 1228 726 1261 ἐκ
757 1227 819 1270 τῆς
850 1227 992 1260 εαυτιῦν
1022 1225 1190 1270 ἀβουλίας
1222 1227 1337 1273 αἱρού-

1408 1137 1563 1182 regimen
1598 1138 1746 1174 credidit
1776 1138 1881 1174 nobis
1912 1138 2018 1182 deus,
2053 1138 2207 1175 inlaesos
2242 1142 2279 1174 et
2369 1148 2390 1174 e
2418 1147 2478 1175 ca-

1406 1182 1541 1218 lumnia
1565 1183 1762 1226 custodire,
1791 1186 1829 1219 et
1857 1183 2016 1220 inhibere
2044 1183 2140 1219 bella
2170 1194 2262 1229 quae
2290 1193 2355 1229 per
2377 1193 2479 1220 suam

1406 1228 1743 1264 inconsiderantiam
1789 1229 2025 1274 suscipientes
2072 1229 2240 1265 adversus
2285 1230 2478 1266 alterutros

260 1283 362 1315 μενοι
385 1282 466 1305 τους
489 1269 573 1306 κατ’
601 1269 769 1325 ἀλλῄλων
792 1271 1006 1319 ἐργάζονται
1029 1270 1174 1326 φιξνουσ,
1206 1271 1339 1326 διπλῆν
1352 1276 1395 1309 20
1407 1277 1603 1325 operantur
1627 1274 1783 1317 dolores,
1815 1275 1948 1319 duplex
1972 1284 2017 1310 ex
2039 1274 2109 1310 hoc
2133 1278 2260 1311 contra
2282 1284 2322 1311 se
2344 1274 2478 1320 suppli-

261 1318 299 1349 ἐκ
316 1314 443 1350 τούτου
459 1313 551 1352 καθ’
567 1317 710 1352 ἑαυτων
726 1318 795 1361 τὴν
810 1320 990 1365 τιμωρίαν
1006 1318 1077 1352 ἐπα
1102 1329 1211 1360 οντες,
1230 1331 1337 1353 τουτο

259 1363 325 1406 μὲν
349 1357 396 1405 ἣν
419 1362 557 1396 ἑαυτοῖς
580 1363 788 1409 ἐπιφέρουσι
811 1364 919 1396 τοῦτο
940 1359 980 1396 δὲ
1003 1359 1051 1406 ἣν
1066 1330 1105 1397 gc
1120 1362 1199 1398 τῶν
1213 1363 1339 1409 νόμων

260 1407 338 1440 τῶν
367 1406 436 1450 τὴν
464 1411 601 1451 μανίαν
630 1405 753 1443 αὐτῶν
780 1405 1015 1450 κολαζόντων
1040 1405 1269 1454 ὑφίστανται.

1262 1499 1421 1536 CAPUT
1443 1500 1472 1535 I.

316 1549 539 1597 Βουλόμενοι
569 1557 692 1588 τοίνυν
727 1555 805 1588 τῶν
834 1553 1011 1588 τοιούτων
1042 1553 1224 1590 θανάτων
1258 1555 1338 1589 τοὺς

1407 1329 1501 1354 cium
1530 1318 1743 1363 inferentes,
1778 1321 1853 1355 tam
1884 1319 1979 1364 quod
2010 1319 2150 1355 sibimet
2179 1319 2340 1356 inferunt
2372 1329 2480 1365 quam

1406 1364 1582 1445 {lilaffimex
1615 1364 1752 1410 legibus
1786 1366 1966 1401 vesaniam
2001 1374 2123 1401 eorum
2155 1365 2398 1419 punientibus
2413 1374 2479 1410 pa-

1451 1556 1619 1592 Volentes
1642 1556 1751 1601 igitur
1773 1556 1976 1592 huiusmodi
2007 1557 2180 1593 mortibus
2210 1556 2369 1593 homines
2391 1555 2480 1592 libe-

261 1594 482 1643 ἀνθρώπους
498 1596 741 1645 ἐλευθερῶσαι
758 1597 967 1643 συνοίδαμεν
985 1599 1027 1634 τὸ
1044 1602 1105 1644 τῆς
1121 1598 1335 1635 ὁπλοποιίας
1347 1604 1389 1636 25
1403 1610 1484 1637 rare
1513 1602 1757 1647 perspeximus
1786 1602 2040 1638 armifacturae
2070 1612 2161 1647 opus
2193 1602 2330 1639 nullum
2361 1602 2480 1648 priva·

262 1644 367 1689 ἔργον
401 1641 538 1687 μηδένα

261 1689 414 1722 ἐκείνους
444 1686 490 1721 τὰ
514 1685 564 1723 ὅπ
587 1702 610 1721 α
639 1688 917 1731 κατασκευάζειν
948 1690 1030 1725 τοὺς
1059 1691 1099 1725 ἐν
1122 1694 1200 1724 ταῖς
1231 1688 1338 1735 δημο-

261 1737 355 1767 σίαις
370 1731 670 1780 καταλεγομένους
693 1732 920 1769 ὁπλοποιίαις
943 1734 1022 1777 ἢτοι
1038 1738 1114 1769 ταῖς
1136 1735 1339 1782 λεγομέναις

599 1645 638 1677 ἐν
674 1641 825 1687 ἰδιώτην
861 1641 1097 1691 ἐργάζεσθαι,
1138 1644 1267 1690 μόνους
1301 1643 1341 1679 δὲ
1408 1648 1485 1681 tum
1508 1646 1668 1691 operari,
1701 1647 1797 1683 solos
1820 1649 1940 1682 autem
1963 1647 2044 1683 illos
2067 1657 2166 1683 arma
2187 1647 2328 1691 facere,

2384 1647 2480 1683 uiin

1407 1691 1562 1736 publicis
1587 1691 1748 1737 deputati
1780 1696 1864 1728 sunt
1887 1692 2150 1729 armificatoriis
2180 1696 2244 1729 aut
2270 1692 2331 1739 qui
2391 1702 2478 1731 cun-

316 1825 401 1858 Nov.
427 1825 621 1858 LXXXV
645 1826 809 1863 (Anthent.
834 1826 1038 1859 LXXXVI
1057 1840 1101 1852 =
1129 1826 1208 1859 0022.
1233 1828 1285 1860 VI
1305 1829 1351 1861 tit.
1372 1828 1429 1862 13:
1452 1828 1564 1872 yloss.)
1593 1828 1718 1882 Graece
1741 1836 1828 1863 extat
1850 1830 1884 1863 in
1906 1829 1978 1862 ML
2003 1830 2090 1872 (suit
2113 1830 2148 1863 Β
2172 1831 2226 1871 57,
2247 1830 2289 1872 9).
2311 1848 2356 1855 -
2386 1829 2477 1874 Epit.

262 1869 382 1903 Theod.
398 1871 457 1910 85,
481 1870 602 1903 Athan.
618 1871 671 1910 20,
684 1878 712 1904 4.
758 1870 881 1904 Iulian.
906 1877 1005 1904 const.
1030 1871 1202 1906 LXXIX.

316 1927 342 1948 c.
367 1915 392 1948 1
411 1910 614 1958 Κελεύομεν
636 1914 678 1948 τὸ
699 1914 765 1958 ’τῆς
788 1911 1001 1950 ὁπλοποιίας
1024 1935 1068 1940 -
1092 1918 1171 1959 415,
1185 1925 1200 1950 7
1225 1915 1486 1962 στρατεύονται
1510 1931 1549 1952 esc
1573 1919 1608 1952 B
1632 1920 1728 1952 habet
1750 1919 1800 1952 Β*
1825 1920 1854 1953 Ο
1869 1921 1887 1953 7
1909 1932 1944 1963 p.
1959 1920 2025 1953 532
2049 1919 2153 1954 Zach.

258 2008 343 2039 sunt
359 2003 422 2040 *vel
444 2004 551 2039 etiam
574 2014 670 2039 nuno
686 2004 859 2051 pendent.
906 2004 1002 2040 Nam
1019 2005 1171 2051 priora,
1202 2006 1277 2042 sive
1299 2006 1430 2042 iudicis
1452 2007 1630 2043 sententia
1659 2006 1733 2043 sive
1750 2007 1875 2053 pactis
1905 2008 2104 2054 composita
2127 2011 2228 2050 sunt,
2258 2017 2361 2044 suam
2383 2007 2478 2044 deon·-

259 2049 396 2084 sionem
420 2048 577 2085 habeant
599 2060 686 2085 neve
707 2049 842 2085 iudicio
870 2060 921 2086 ex
943 2049 1012 2085 hac
1034 2051 1112 2096 leqe
1135 2055 1275 2097 eqeant.

395 2093 638 2141 Epilogus.
687 2093 765 2130 Tua
787 2094 902 2142 iqitur
924 2095 1125 2131 sublimitas
1155 2107 1250 2142 quae
1277 2096 1382 2132 nobis
1399 2097 1621 2144 placuerunt
1651 2101 1688 2134 et
1709 2107 1783 2144 per
1806 2096 1900 2132 hano
1930 2107 2072 2134 sacram
2102 2097 2217 2144 leqem
2246 2096 2481 2134 declarantur

253 2150 326 2186 per
349 2139 467 2175 edicta
490 2149 557 2175 sua
580 2139 778 2185 manifesta
803 2140 967 2178 omnibus
988 2140 1107 2186 faciat
1136 2145 1172 2177 et
1194 2141 1233 2176 in
1253 2146 1470 2189 perpetuum
1494 2142 1684 2179 observare
1706 2141 1859 2178 studeat.

1281 2277 1470 2314 LXXXV.

1181 2344 1283 2395 DE
1312 2343 1558 2396 ARMIS.

513 2420 608 2470 Imp.
634 2420 861 2459 Iustinianus
883 2422 1070 2468 Auqustus
1094 2423 1283 2460 Basilidae
1306 2424 1569 2470 qtoriosissimo
1592 2423 1768 2470 maqistro
1791 2434 1979 2460 sacrorum
2003 2421 2224 2468 officiorum.

395 2488 658 2536 Praefatio.
706 2490 881 2537 Magnum
905 2489 1010 2525 deum
1040 2493 1076 2526 et
1098 2495 1317 2526 servatorem
1340 2494 1504 2527 nostrum
1527 2489 1647 2527 Iesum
1672 2490 1852 2527 Christum
1882 2491 2030 2538 eiusque
2053 2489 2233 2526 auxilium
2261 2498 2402 2536 semper
2423 2488 2479 2524 iw-

260 2538 429 2570 voeantes
452 2546 601 2582 operam
622 2536 761 2579 damus,
787 2539 827 2571 ut
849 2545 972 2570 omnes
993 2534 1173 2571 subiectos
1196 2539 1355 2579 nostros,
1379 2547 1533 2582 quorum
1556 2536 1660 2572 nobis
1682 2535 1978 2583 qubernationem
2001 2535 2089 2571 deus
2112 2533 2275 2577 eredidit,
2300 2545 2324 2569 a
2346 2533 2479 2571 damno

261 2585 368 2626 atque
392 2580 527 2616 iniuria
550 2581 723 2616 immunes
741 2590 931 2622 servemus,
956 2583 1064 2625 atque
1080 2581 1173 2616 bella
1189 2580 1458 2627 prohibeamus,
1482 2581 1612 2628 quibus
1631 2592 1701 2628 per
1715 2581 1994 2635 imprudentiam
2015 2591 2117 2616 suam
2138 2579 2315 2625 susceptis
2336 2584 2480 2615 mutuas

262 2624 389 2660 caedes
412 2624 533 2667 edunt,
559 2625 735 2671 duplicem
755 2626 839 2661 inde
861 2625 931 2660 sibi
950 2636 1107 2671 poenam
1131 2625 1290 2669 illaturi,
1322 2637 1403 2662 eum
1425 2637 1504 2662 eam
1528 2637 1636 2672 quam
1659 2626 1729 2662 sibi
1751 2626 1823 2673 ipsi
1844 2627 2014 2672 irrogant
2041 2629 2113 2661 tum
2137 2634 2246 2671 quam
2269 2634 2320 2660 σω
2341 2623 2480 2671 leqibus

260 2670 426 2714 furorem
450 2680 573 2704 eorum
590 2670 828 2723 punientibus
851 2670 1012 2706 subeunt.

395 2713 423 2748 I.
473 2714 557 2749 Cum
583 2720 696 2761 iqttur
719 2714 893 2750 eiusmodi
916 2714 1086 2751 caedibus
1106 2715 1266 2751 homines
1285 2716 1441 2752 liberare
1459 2715 1617 2758 velimus,
1646 2716 1788 2762 placuit
1809 2726 1855 2752 ne
1874 2716 1956 2762 quis
1970 2715 2139 2762 privatus
2158 2723 2341 2750 armorum
2360 2712 2479 2760 fabri-

262 2758 460 2794 candor-um
486 2770 578 2805 opus
601 2766 783 2803 exerceat,
814 2759 879 2796 sed
901 2764 942 2795 ut
964 2760 1020 2794 illi
1049 2760 1120 2796 soli
1152 2772 1257 2796 arma
1287 2761 1495 2806 conficiant,
1528 2761 1591 2807 qui
1613 2760 1652 2795 in
1673 2760 1829 2807 publicis
1851 2771 2035 2796 armorum
2060 2759 2222 2805 officinis
2250 2757 2305 2795 vel
2323 2757 2480 2804 fabricis

320 2850 340 2882 6
365 2847 502 2894 φανερὰ
528 2849 617 2882 πᾶσι
640 2848 918 2891 καταστησάτω]
943 2849 1110 2883 declarare
1133 2851 1262 2883 cunctis
1285 2862 1305 2886 ς
1327 2850 1340 2893 ΙΙ

263 2897 282 2929 8
307 2894 373 2926 dat.
394 2913 437 2917 —
457 2904 546 2926 cons.
561 2896 591 2935 ς]
617 2894 682 2927 dat.
704 2905 764 2927 xv,
789 2896 860 2928 iun.
880 2905 930 2938 cp.
954 2895 1034 2938 imp.
1055 2894 1111 2927 dn.
1128 2895 1179 2937 M,
1203 2891 1337 2951 ἐγράφη

262 2937 444 2983 βασιλείας
463 2935 715 2972 ’Ῑουστινιανοῦ
735 2938 778 2972 τὸ
797 2938 850 2983 ιβ’
865 2940 960 2981 (corr.
974 2936 1039 2986 ιγ’)
1063 2937 1134 2984 πρὸ
1155 2939 1195 2972 ιε’
1209 2938 1337 2974 καλαν-

263 2983 340 3018 δων
354 2980 513 3017 Ἰουνίων
534 2980 708 3018 ὑπατείας
729 2980 903 3018 Ἀπίωνος
919 2985 994 3018 ΔεῘι.
1020 2983 1237 3039 ἐξεφωνὴθη
1252 2987 1338 3027 μηνὶ

263 3028 385 3072 ἰουλίῳ
410 3030 505 3071 (corr.
520 3029 655 3071 ἰουνίῳ)
679 3027 863 3072 βασιλείας
883 3030 955 3063 ἔτει
979 3028 1023 3082 ιγ’
1047 3026 1203 3072 ὑπατείᾳ
1221 3031 1338 3063 Απίο-

263 3085 322 3108 νος
346 3075 465 3108 ΤΙιεοᾰ.
502 3075 568 3107 dat.
595 3074 661 3107 kal.
685 3074 756 3107 iun.
781 3074 859 3117 imp.
884 3074 1061 3107 iustiniani
1092 3085 1180 3108 anno
1213 3075 1339 3108 decimo

263 3120 363 3154 tertio
387 3119 488 3162 Iul.¹0,
513 3132 570 3153 om.
592 3119 655 3153 Iul.
676 3120 769 3152 codd.
793 3126 860 3152 cett.
891 3119 904 3163 fl
934 3121 973 3153 10
988 3123 1075 3153 rubr.
1101 3121 1190 3163 Περὶ
1211 3115 1339 3153 ὅπλων

266 3167 386 3199 ΤΙιεοιΙ.
405 3165 417 3207 11
434 3166 474 3199 21
501 3165 539 3197 ἐκ
557 3161 699 3198 τούτων
718 3159 813 3197 καθ’
828 3163 961 3206 ἑαυτὴν
986 3165 1016 3198 L
1034 3164 1046 3208 ΙΙ
1064 3165 1107 3197 22
1130 3163 1267 3197 ἑαυτοῖς
1280 3165 1338 3206 Μ]

264 3211 304 3244 ἐν
319 3209 456 3243 ἑαυτοῖς
469 3210 500 3243 L
518 3209 531 3252 ΙΙ
555 3210 598 3243 28
622 3205 851 3244 ὁπλοποιίαις
863 3228 906 3233 —-
920 3211 995 3249 415,
1005 3217 1022 3243 2
1039 3207 1339 3255 συγκαταλεγομέ-

262 3266 343 3289 νους
355 3269 413 3289 om.
425 3255 472 3288 M
479 3255 492 3297 ΙΙ
510 3253 591 3297 ἢτοι
606 3256 684 3288 ταῖς
701 3251 905 3299 λεγομέναις
924 3252 1073 3301 φάβριξι
1090 3253 1265 3297 (φαίριξιῗ
1279 3255 1340 3295 L1)

263 3302 358 3344 L(c)]
384 3313 443 3334 om.
459 3301 508 3334 Β·

311 3438 326 3469 1
352 3435 380 3466 si
397 3447 454 3467 om.
467 3433 565 3466 R¹T²
581 3432 595 3477 ΙΙ
613 3435 632 3467 5
656 3431 867 3465 manifestata
891 3432 1028 3476 Pauly]
1051 3433 1225 3466 manifesta
1237 3433 1339 3477 RVu

265 3482 284 3513 6
304 3491 363 3522 per
385 3492 443 3513 om.
466 3478 522 3522 Vl}
548 3479 568 3513 8
588 3479 851 3522 subscriptionem
863 3484 1036 3521 praesume
1056 3477 1248 3511 VBame
1262 3478 1338 3512 Am-

266 3528 364 3567 brae„
389 3527 460 3558 item
482 3537 550 3557 cum
566 3525 698 3557 rubrica
715 3523 859 3557 novellae
874 3535 940 3566 seq.
957 3525 1121 3565 confusam
1135 3524 1205 3556 cod.
1220 3523 1339 3557 Mona-

265 3572 367 3603 censis
390 3572 444 3603 [αἱ.
460 3571 547 3603 6359
572 3569 659 3608 (olim
684 3569 899 3612 Risinqemie
915 3569 989 3610 159)
1012 3580 1096 3602 saec.
1113 3568 1211 3601 XIV
1228 3568 1241 3611 ΙΙ
1264 3571 1338 3610 xv.]

263 3626 297 3646 v.
319 3614 377 3656 Vfl
392 3614 471 3656 CR]
488 3618 538 3657 ep.
561 3614 616 3657 Vss
633 3614 701 3655 dn.]
721 3613 798 3646 doii.
820 3614 851 3646 V
870 3613 977 3647 donus
989 3613 1098 3646 Ambr.
1124 3613 1202 3646 diffi.
1217 3613 1337 3648 Bamb.

265 3660 320 3692 dfii
344 3659 432 3693 Mon.
460 3659 472 3703 ΙΙ
500 3659 578 3693 inst.
604 3660 682 3693 libri
703 3659 715 3702 ss
742 3669 796 3701 pp.
820 3659 865 3700 V]
891 3671 950 3692 om.
965 3658 1084 3691 Bamb.
1098 3659 1206 3692 Ambr.
1225 3659 1312 3692 Mon.
1326 3658 1339 3703 ΙΙ

1406 2860 1481 2892 aug.
1502 2850 1674 2891 VBamb.]
1704 2860 1733 2883 a.
1758 2851 1869 2883 Ambr.
1889 2850 1979 2883 Mon.
2002 2849 2015 2892 ΙΙ
2040 2851 2061 2884 9
2085 2858 2139 2881 an.
2157 2847 2248 2881 XIII
2270 2848 2394 2890 Amba,
2419 2850 2478 2883 om.

1406 2902 1476 2930 cett.
1494 2894 1508 2939 ΙΙ
1530 2905 1603 2938 app.
1626 2895 1753 2928 VMon.
1779 2905 1807 2927 a.
1827 2905 1882 2937 pp.
1897 2895 2016 2928 Bamb.
2040 2903 2096 2936 pp.
2112 2894 2220 2926 Ambr.
2244 2892 2258 2937 fl
2282 2903 2317 2927 u.
2338 2904 2366 2927 o.
2388 2904 2477 2927 cons.

1414 2941 1447 2973 V
1464 2950 1516 2973 uc.
1538 2941 1687 2973 constan.
1702 2940 1822 2973 Bamb.
1846 2939 1942 2973 vicet.
1958 2939 2048 2979 Mon.
2073 2949 2144 2971 con.
2160 2938 2271 2972 Ambr.
2285 2938 2300 2981 ΙΙ
2328 2940 2368 2974 10
2394 2939 2477 2973 Non.

1406 2986 1553 3018 LXXX
1558 2985 1640 3017 V=
1658 2985 1807 3018 Anthent.
1824 2983 2035 3017 LXXXVI
2050 2985 2140 3027 infra
2160 2984 2243 3017 inter
2260 2990 2477 3028 extravayan-

1407 3038 1452 3064 tes
1472 3031 1657 3063 Authentici
1675 3037 1752 3073 post
1774 3041 1845 3063 nov.
1870 3028 2004 3062 LXIII
2024 3035 2169 3072 repetunt
2191 3028 2225 3061 R
2239 3031 2271 3071 f
2298 3030 2356 3063 '14'
2377 3030 2434 3072 (=
2448 3042 2466 3063 ι

1407 3082 1438 3109 et
1459 3074 1532 3118 Vs.
1548 3075 1628 3109 184*
1643 3075 1699 3114 (=
1711 3075 1744 3117 υ)
1761 3074 1774 3117 ΙΙ
1794 3075 1832 3108 11
1847 3076 1934 3107 rubr.
1960 3072 2075 3106 Titulo
2099 3073 2138 3105 de
2162 3073 2261 3106 armis
2281 3074 2319 3115 V,
2336 3087 2394 3108 om.
2407 3087 2445 3108 vz

1410 3121 1450 3154 12
1463 3118 1614 3153 bassilidi
1630 3132 1651 3152 v
1668 3119 1681 3163 ΙΙ
1695 3119 1847 3160 magistri
1868 3118 1901 3151 V
1912 3118 1924 3162 ΙΙ
1941 3128 2108 3151 sacrorum
2129 3131 2186 3151 om.
2200 3119 2269 3152 BT
2280 3119 2292 3161 ΙΙ
2313 3121 2355 3154 14
2367 3118 2477 3161 deum]

1407 3164 1466 3207 dig
1555 3164 1653 3197 deum
1665 3165 1736 3206 (sic)
1749 3163 1797 3206 υἱ,
1819 3163 1959 3206 dignum
1983 3163 2079 3196 deum
2098 3162 2147 3206 υἷ’,
2161 3164 2220 3197 sed
2236 3164 2346 3198 eadem
2362 3176 2401 3198 m.
2414 3164 2476 3198 dal.

1407 3210 1546 3251 dignum
1571 3209 1584 3252 fl
1613 3211 1647 3242 et
1670 3221 1728 3242 om.
1743 3221 1764 3242 v
1786 3213 1799 3251 11
1831 3210 1872 3242 15
1892 3207 2057 3241 auxilinm
2080 3221 2139 3242 om.
2162 3221 2183 3241 v
2252 3211 2293 3244 17
2318 3209 2476 3251 reffmen]

1407 3254 1520 3296 reg-i·-
1549 3253 1598 3287 Τι
1627 3252 1640 3298 Ι
1667 3253 1771 3287 eredit
1793 3253 1880 3287 ΒΤι
1948 3252 2059 3287 illesos
2080 3254 2160 3287 deus
2246 3252 2258 3298 ΙΙ
2287 3254 2328 3289 18
2353 3256 2386 3288 et
2408 3253 2474 3287 ini-

1406 3299 1484 3333 bere
1515 3298 1592 3332 VR¹
1628 3298 1728 3332 etiam
1750 3298 1840 3332 ibere
1860 3312 1878 3331 z
1905 3297 1910 3341 Ι
1949 3300 1989 3333 19
2019 3298 2335 3333 inconsiderantiam
2365 3299 2476 3334 Haim-

1409 3345 1500 3385 bach]
1537 3343 1815 3377 considerantiam
1836 3355 1873 3377 uz
1911 3343 2206 3377 considerationem
2230 3345 2263 3378 R
2279 3344 2350 3379 VT
2370 3344 2384 3388 Ι
2413 3343 2477 3378 alt-

1407 3391 1499 3423 utros
1525 3389 1558 3422 Τ
1587 3388 1707 3422 alteros
1729 3389 1907 3422 alterutros
1930 3402 1949 3423 υ
1971 3387 1984 3432 ΙΙ
2015 3390 2056 3423 20
2080 3391 2260 3432 operantur
2284 3402 2341 3423 om.
2366 3389 2436 3423 ΒΤ
2463 3387 2477 3434 ΙΙ

1408 3444 1447 3468 ex
1471 3444 1562 3468 orn-z
1587 3433 1600 3477 ΙΙ
1630 3434 1692 3468 hoc
1717 3447 1774 3468 om.
1790 3447 1809 3468 v
1837 3433 1849 3477 ΙΙ
1879 3435 1918 3468 21
1945 3436 2012 3467 tam
2035 3434 2134 3476 quod]
2165 3437 2231 3467 tam
2255 3434 2315 3477 qni
2343 3434 2377 3468 V
2393 3435 2476 3467 tam-

1408 3489 1506 3521 quam
1528 3492 1549 3512 υ
1565 3478 1578 3522 ΙΙ
1604 3480 1646 3514 22
1671 3479 1852 3521 uesanique
1875 3492 1893 3512 v
1910 3480 1922 3522 ΙΙ
1939 3479 2165 3522 penitentibus
2187 3479 2241 3523 Vfl
2266 3481 2311 3514 24
2332 3478 2475 3513 uolenti·

1407 3524 1468 3557 bus
1492 3538 1528 3558 vz
1545 3525 1557 3564 11
1582 3525 1624 3558 26
1644 3524 1728 3557 solas
1749 3524 1798 3557 V²
1821 3523 1929 3556 solum
1948 3525 1996 3558 T*
2012 3524 2025 3568 ΙΙ
2042 3525 2101 3566 qni
2124 3524 2172 3567 in]
2198 3524 2232 3558 di
2253 3525 2358 3568 21127
2400 3524 2476 3558 uni-

1408 3569 1454 3602 cis
1473 3582 1492 3603 v
1509 3569 1522 3612 ΙΙ
1546 3569 1696 3611 deputati
1720 3582 1776 3603 om.
1790 3575 1827 3602 vs
1844 3570 1856 3613 [Ι
1879 3569 2112 3602 armifactoriis
2131 3582 2168 3603 vz
2180 3570 2234 3613 (cf.
2245 3571 2321 3611 415,
2330 3570 2360 3611 8)
2405 3570 2475 3609 aut]

1409 3615 1446 3646 ·i·
1468 3615 1503 3655 (i.
1517 3627 1543 3647 e.
1557 3614 1591 3646 id
1610 3617 1670 3656 est)
1689 3627 1715 3647 3.
1728 3627 1759 3647 υ.
1778 3614 1812 3647 V
1829 3613 1842 3658 fl
1867 3615 1924 3656 qui
1944 3614 2097 3648 dicentur
2111 3627 2132 3647 υ
2156 3614 2290 3656 quidam
2308 3614 2359 3648 T*
2383 3613 2475 3656 quic-

1407 3659 1487 3702 quid
1510 3659 1668 3692 dicuntur
1690 3673 1707 3693 z
