2592 3840
217 90 323 133 Nov.
345 90 415 132 CV
445 93 469 131 2
1291 82 1374 130 506
2077 98 2138 128 nu
2165 97 2434 131 consulamus

216 199 401 235 παντελῶς
430 199 547 241 οὐδέν,
580 196 661 232 ἀλλ’
688 197 901 243 αὐθημερὸν
926 199 965 232 ἐν
989 199 1120 241 μέθαις
1142 200 1202 231 καὶ
1225 195 1291 231 πό-
1360 206 1404 231 ea
1435 195 1491 230 die
1521 195 1558 231 in
1581 195 1813 231 ebrietatibus
1837 198 1874 230 et
1896 195 2140 240 potationibus
2164 196 2281 231 omnia
2302 206 2432 241 expen-

214 257 288 279 τοις
319 242 466 279 ἅπαντα
497 243 755 279 δαπανῶντας·
793 244 823 276 εἰ
851 241 893 276 δέ
913 257 948 276 τι
972 241 1142 277 πολλάκις
1172 239 1291 276 ἐλπίδι
1360 241 1500 283 dentes;
1532 240 1563 275 si
1586 251 1668 276 vero
1691 240 1813 276 forsan
1838 250 1902 285 spe
1925 240 2016 276 lucri
2038 239 2180 275 maioris
2203 241 2308 276 etiam
2331 251 2433 286 prae-

215 288 355 334 κέρδους
374 293 535 334 μείζονος
564 292 622 322 καὶ
654 285 1001 332 προδαπανὴσαντες
1026 288 1162 329 ἔτυχον,
1191 283 1289 321 ὅστε·
1359 285 1568 331 expendisse
1590 285 1756 330 contigit,
1783 289 1910 330 postea
1931 295 2015 320 vero
2040 286 2104 320 aut
2123 285 2212 320 nihil
2234 289 2299 321 aut
2319 287 2434 322 minus

215 348 280 380 ρον
310 334 348 369 δὲ
378 334 401 378 ἢ
424 333 529 369 οὐδὲν
553 332 574 376 ἢ
598 332 753 367 ἔλαττον
777 332 933 376 λάβοιεν,
959 335 1018 365 καὶ
1039 334 1169 376 ζημίαν
1190 343 1290 377 προς·
1360 330 1524 375 excipiat,
1549 330 1654 366 etiam
1675 330 1840 366 damnum
1858 334 1894 365 et
1913 330 2070 366 debitum
2090 330 2246 373 habebit,
2270 333 2306 366 et
2321 330 2435 376 plagis

215 379 446 426 οφλισκάνειν
481 382 540 413 καὶ
571 377 720 424 πληγαῖς
754 391 792 412 τε
827 381 886 411 καὶ
917 378 1098 423 τραύμασι
1129 379 1189 411 καὶ
1217 381 1291 411 τοῖς
1327 381 1396 412 5et
1418 375 1622 411 vulneribus
1652 378 1690 411 et
1713 386 1756 411 ex
1780 376 1849 410 hoc
1872 375 1974 410 malis
1997 375 2179 410 incurrere
2203 385 2245 410 co
2270 375 2350 410 itur.
2397 375 2435 411 Si

215 426 390 459 ἐντεῦθεν
426 428 657 468 περιπίπτειν
696 426 812 457 κακοῖς
848 419 1132 468 ἀναγκάζεσθαι.
1186 422 1217 456 εἶ
1252 420 1291 456 δὲ
1359 424 1478 456 autem
1511 420 1686 456 mediocre
1709 421 1757 456 sit
1779 420 1873 465 quod
1893 420 2090 465 spargitur,
2122 429 2189 455 nec
2212 430 2253 455 ve
2279 423 2436 456 emente!

213 473 359 514 μέτριον
383 465 404 516 ᾗ
425 470 467 503 τὸ
494 469 725 516 ῥιπτόμενον,
759 465 799 501 οὐ
823 466 965 513 σφόδρα
981 466 1291 513 φιλονεικήσουσιν
1360 465 1575 501 contendent
1609 475 1676 501 nec
1711 469 1880 510 quaestus
1917 467 2146 510 expectantes
2181 465 2436 500 abundantiam

214 512 297 550 οὐδὲ
321 515 362 549 τὸ
385 516 450 548 τοῦ
475 516 588 558 πόρου
615 511 878 558 προςδοκῶντες
900 512 1071 558 ἄφθονον
1101 513 1289 566 τραύματα
1359 510 1506 546 vulnera
1530 514 1565 545 et
1588 511 1712 555 plagas
1742 510 1924 546 alterutris
1948 510 2043 545 ultra
2065 519 2266 545 mensuram
2289 510 2435 546 dabunt.

214 563 273 594 καὶ
304 558 440 605 πληγὰς
463 556 625 601 ἀλλήλοις
657 556 747 603 ὑπὲρ
771 561 903 603 μέτρον
923 558 1148 602 παρέξουσιν.
1200 554 1290 592 sian
1359 555 1512 599 Ideoque
1527 565 1747 591 communem
1761 555 2017 609 providentiam
2036 555 2292 590 introducimus
2308 564 2353 590 ex
2367 555 2437 591 hac

213 605 338 647 κοινὴν
374 604 552 649 πρόνοιαν
587 603 744 647 ἱστῶμεν
780 604 817 636 ἐκ
848 601 955 637 τοῦδε
989 604 1053 637 τοῦ
1083 604 1196 647 νόμου
1231 601 1436 645 xai101ege
1460 602 1497 635 et
1520 600 1698 636 communi
1720 600 1938 646 reipublicae
1965 599 2119 646 figurae,
2150 602 2325 645 quatenus
2348 603 2436 635 tem·

213 651 265 692 τῷ
290 650 399 692 κοινῷ
430 651 492 691 τῆς
517 648 697 684 πολιτείας
721 647 892 692 σχήματι,
924 643 1025 682 ὅπως
1053 646 1101 682 ἂν
1124 645 1144 682 ό
1165 645 1291 692 χρόνος
1359 657 1426 691 pus
1451 645 1583 681 habeat
1606 649 1688 691 post
1710 645 1895 690 imperium
1924 648 1960 680 et
1987 644 2143 680 consulis
2166 645 2283 690 iugem
2304 654 2435 680 memo-

214 696 286 736 ἔχοι
310 694 400 738 μετὰ
425 695 492 737 τὴν
517 693 705 737 βασιλείαν
735 696 793 726 καὶ
824 692 892 736 τὴν
922 693 986 727 τοῦ
1011 691 1152 728 ὑπάτου
1176 691 1290 735 διηνε-
1358 691 1447 726 riam
1475 694 1583 735 atque
1612 690 1823 726 vocabulum
1852 691 1890 725 in
1912 690 2173 744 gloriosissimis
2193 689 2324 726 nostris
2346 689 2436 726 iudi-

213 741 282 773 κῶς
304 738 448 783 μνήμην
471 753 511 773 τε
526 742 586 772 καὶ
602 741 838 785 προςηγορίαν
861 740 901 772 έν
916 741 989 772 τοῖς
1005 736 1164 779 ἐνδόξοις
1187 735 1291 781 ἡμῶν
1359 736 1458 771 cibus
1475 739 1510 771 et
1527 734 1588 780 qui
1609 745 1654 770 ex
1675 735 1826 771 maxima
1846 746 1946 771 cuna
1961 738 2055 778 sunt,
2076 745 2118 771 eo
2143 735 2238 781 quod
2259 735 2437 771 honorare

214 784 360 828 ἄρχουσι
383 787 443 817 καὶ
466 787 538 818 τοῖς
562 787 600 817 έκ
622 785 685 827 τῆς
708 782 861 829 μεγάλης
882 782 1030 826 βουλῆς,
1061 781 1156 817 διότι
1179 784 1291 827 τιμᾶν
1359 781 1460 816 nobis
1489 780 1608 826 placet
1636 779 1761 824 dignos
1795 790 1866 815 non
1895 781 2132 826 expendentes
2159 780 2337 823 inmens03
2367 779 2438 826 (et)

214 830 252 870 ἐξ
265 827 388 863 αὐτῶν
405 829 557 874 πάρεστι
575 828 654 863 τοὺς
671 825 800 870 ἀξίους,
816 828 865 871 μὴ
877 826 1121 863 δαπανῶντας
1136 826 1288 872 ἄμετρα·
1307 830 1344 862 15
1359 826 1540 861 decentem
1573 825 1698 861 damus
1730 825 2007 861 consolationem
2038 828 2075 860 et
2097 828 2220 861 nostro
2243 825 2377 870 populo
2401 829 2438 861 et

213 874 422 920 πρέπουσάν
437 887 477 907 τε
493 872 641 917 δίδομεν
665 874 906 919 παραμυθίαν
928 875 981 916 τῷ
1002 871 1163 921 ἡμετέρῳ
1188 871 1289 916 δήμῳ
1359 871 1436 906 aliis
1469 870 1633 906 omnibus
1663 870 1750 906 licet
1772 869 2043 915 desperantibus
2066 870 2137 904 iam
2161 879 2322 913 causam,
2353 879 2436 915 pro·

213 924 272 953 καὶ
297 923 368 954 τοῖς
397 919 515 953 ἄλλοις
541 916 658 953 ἅπασι
690 923 749 952 καὶ
779 922 851 953 τοῖς
871 915 1125 965 ἀπεγνωκόσιν
1153 916 1222 962 ἤδη
1246 918 1288 952 τὸ
1359 921 1482 969 pterea
1505 915 1600 961 quod
1618 915 1836 960 superfluum
1851 919 1907 950 est
1921 915 2134 959 auferentes,
2158 917 2200 950 ut
2214 915 2437 951 consulatum

214 967 379 1012 πρᾶγμα,
412 962 471 998 διὰ
495 966 603 998 τοῦτο
633 964 676 998 τὸ
702 964 875 1009 περιττὸν
898 961 1108 1010 ἀφελόντες,
1139 964 1199 998 ἵνα
1222 962 1291 1006 τὴν
1359 962 1583 996 inmortalem
1607 961 1825 1006 reipublicae
1848 964 2059 996 statuamus.

213 1010 390 1045 ὑπατείαν
420 1007 614 1043 ἀθάνατον
645 1010 697 1053 τῷ
731 1008 966 1053 πολιτεύματι
996 1008 1290 1052 καταστήσωμεν.

213 1056 238 1091 4
282 1054 511 1090 ‘moneta-⁹⁶0
533 1059 669 1099 τοίνυν,
693 1054 861 1099 καθάπερ
882 1054 1044 1088 εἰπόντες
1067 1054 1247 1100 ἑφθημεν,
1270 1051 1292 1096 ἡ
1305 1051 1384 1087 204
1430 1050 1620 1086 Subiaceat
1641 1050 1765 1096 igitur,
1801 1050 1908 1086 sicuti
1931 1049 2190 1094 praediximus,
2220 1052 2344 1085 nostra
2364 1048 2437 1085 dis-

215 1098 367 1145 ἡμιτέρα
391 1098 613 1134 διατύπωσιε
636 1098 732 1143 τῷδε
755 1097 776 1143 ἡ
806 1100 860 1133 ῶν
882 1100 938 1142 τῷ
961 1098 1075 1143 νόμῳ,
1099 1098 1139 1142 ἧς
1162 1098 1203 1133 τὸ
1220 1098 1291 1132 ἰσό-
1358 1096 1488 1142 positio
1518 1095 1601 1131 huic
1632 1095 1720 1140 legi,
1753 1095 1856 1130 cuius
1888 1094 2104 1140 exemplaria
2133 1094 2372 1130 recondentur
2401 1094 2439 1131 in

213 1158 330 1180 τυπον
354 1142 585 1180 ἀποκείσεται
617 1147 656 1179 ἐν
687 1146 741 1188 τῷ
789 1147 984 1190 ικαστηρίῳ
1015 1145 1078 1187 τῆς
1101 1145 1164 1187 σῆς
1187 1141 1291 1188 ὑπὲρ·
1358 1143 1437 1177 foro
1461 1144 1544 1176 tuae
1568 1140 1787 1176 celsitudinis
1812 1150 1892 1176 eum
1914 1141 1984 1175 hac
2000 1141 2089 1184 lege,
2113 1150 2219 1185 quam
2240 1139 2336 1185 apud
2360 1148 2437 1175 eam

213 1192 294 1234 οχῆς
313 1187 387 1234 ἅμα
402 1188 497 1233 τῷδε
514 1192 567 1233 τῷ
583 1191 686 1234 νόμῳ
711 1191 799 1235 πρὸς
816 1186 930 1232 αὐτὴν
952 1188 1291 1232 καταπεμπόμενον.
1360 1186 1561 1222 direximus.
1617 1186 1687 1222 Per
1716 1190 1877 1231 tempora
1905 1187 2025 1221 tamen
2053 1184 2324 1230 gloriosissimos
2355 1194 2439 1220 con-

220 1237 305 1271 Τοὺς
333 1239 457 1280 μέντοι
488 1235 579 1270 κατὰ
609 1235 736 1280 καιρὸν
766 1233 1018 1275 ἐνδοξοτάτους
1050 1232 1208 1269 ὑπάτους
1230 1234 1292 1268 θε·
1360 1231 1454 1267 sules
1471 1231 1651 1267 sancimus
1667 1241 1711 1267 ex
1729 1231 1805 1266 solo
1821 1234 1883 1266 tuo
1900 1231 1978 1266 foro
1992 1230 2173 1276 exemplar
2189 1229 2439 1275 descriptionis

214 1284 390 1325 σπίζομεν
421 1283 459 1315 ἐκ
488 1280 601 1325 μόνου
625 1282 690 1314 τοῦ
716 1281 780 1314 σοῦ
806 1277 1036 1326 δικαστηρίου
1060 1279 1101 1314 τὸ
1119 1278 1293 1314 ἰσότυπον
1306 1280 1347 1313 25
1360 1277 1523 1322 accipere
1546 1277 1630 1311 huie
1654 1276 1818 1312 subditae
1840 1276 1918 1320 legi,
1938 1277 1980 1311 ut
2003 1275 2197 1311 secundum
2220 1285 2299 1311 eam
2321 1273 2440 1311 omnia

214 1328 276 1370 τῆς
290 1324 502 1373 ἀπογραφῆς
522 1325 723 1371 λαμβάνειν
739 1327 802 1368 τῆς
819 1322 915 1367 τῷδε
935 1323 1223 1371 ὑποτεταγμένης
1238 1325 1291 1368 τῷ
1360 1322 1498 1357 dentur.
1542 1322 1824 1366 Descriptionem
1849 1331 2001 1366 namque
2022 1321 2102 1357 ideo
2127 1330 2150 1356 a
2172 1319 2254 1356 sede
2277 1324 2340 1356 tua
2361 1318 2440 1356 dari

214 1371 328 1416 νόμῳ,
359 1368 446 1406 ὥςτε
477 1370 561 1405 κατ’
597 1368 711 1415 αὐτὴν
743 1367 891 1405 ἅπαντα
923 1368 1077 1404 διδόναι.
1128 1369 1195 1413 τὴν
1224 1369 1292 1415 γὰρ
1360 1368 1531 1410 volumus,
1556 1371 1597 1402 ut
1620 1378 1686 1402 nec
1709 1367 1796 1412 ipsis
1820 1365 1927 1402 liceat
1949 1365 2188 1411 praevaricari
2209 1374 2277 1402 nec
2299 1364 2354 1401 his
2378 1364 2440 1410 qui

215 1415 432 1463 ἀπογραφὴν
465 1415 525 1450 διὰ
553 1418 662 1450 τοῦτο
690 1419 729 1449 ἐκ
758 1417 821 1450 τοῦ
848 1415 986 1462 θρόνου
1015 1416 1080 1449 τοῦ
1110 1416 1173 1449 σοῐι
1197 1412 1291 1449 δι’δο-
1360 1415 1534 1448 vocantur
1564 1412 1779 1448 breviatores
1810 1412 2004 1447 adulterari
2032 1410 2164 1456 aliquid
2191 1410 2320 1446 horum
2348 1419 2440 1456 quae

215 1463 308 1497 σθαι
338 1461 567 1506 βουλόμεθα,
600 1462 660 1495 ἵνα
690 1460 780 1505 μήτε
811 1458 931 1494 αὐτοῖς
960 1460 1022 1504 ἐξῆ
1051 1464 1293 1505 παραβαίνειν
1361 1468 1384 1492 a
1411 1458 1514 1493 nobis
1546 1457 1720 1503 disposita
1751 1461 1852 1498 sunt,
1884 1457 1948 1493 sed
1977 1457 2135 1502 periculo
2166 1455 2440 1499 custodientium

213 1506 303 1552 μήτε
333 1511 406 1542 τοῖς
436 1506 662 1551 καλουμένοις
690 1505 921 1552 βρεβιάτορσι
951 1496 1122 1540 νοθεύειν
1153 1519 1189 1539 τι
1216 1506 1293 1539 τῶν
1306 1508 1348 1539 30
1361 1503 1455 1538 hane
1485 1503 1758 1547 descriptionem
1788 1503 1825 1538 in
1848 1502 1926 1538 foro
1960 1506 2045 1538 tuae
2067 1501 2200 1546 gloriae
2223 1501 2300 1537 dari
2321 1510 2439 1536 exem-

215 1549 302 1598 παρ’
335 1551 441 1597 ἡμῶν
471 1550 774 1598 διατεταγμένων,
810 1547 901 1585 ἀλλὰ
931 1549 1090 1594 κινδύνῳ
1121 1552 1199 1584 τῶν
1230 1564 1293 1596 φυ-
1362 1548 1440 1593 plat
1470 1548 1545 1583 eius
1578 1558 1657 1583 cum
1689 1547 1954 1592 subscriptione
1976 1547 2156 1592 cingulum
2183 1545 2346 1582 habentis
2370 1545 2440 1581 hoc

216 1597 430 1631 λαττόντων
449 1598 586 1640 ταύτην
610 1598 676 1641 τὴν
693 1594 909 1642 ἀπογραφὴν
932 1597 972 1630 ἐν
996 1598 1050 1638 τῷ
1075 1593 1293 1641 δικαστηρίῳ
1363 1594 1420 1628 cui
1444 1604 1539 1628 nunc
1561 1593 1640 1638 ipse
1663 1593 1865 1639 praesides,
1897 1594 1939 1628 ut
1969 1602 2033 1637 per
2063 1591 2183 1628 omnia
2203 1590 2440 1627 inadulterata

215 1644 276 1686 τῆς
311 1644 374 1697 σῇς
413 1640 645 1684 ἐνδοξότητος
682 1639 856 1676 δίδοσθαι
894 1640 937 1675 τὸ
975 1641 1151 1676 ἰσότυπον
1189 1637 1295 1683 αὐτῆς
1361 1642 1530 1673 maneant
1553 1648 1643 1682 quae
1666 1649 1688 1673 a
1710 1638 1813 1674 nobis
1844 1638 2018 1683 disposita
2041 1643 2135 1672 sunt.
2183 1635 2440 1672 Difficultatem

213 1684 304 1732 μεθ’
331 1686 629 1731 υποσημειώσεως
658 1688 722 1721 τοῦ
750 1686 819 1729 τὴν
843 1683 954 1731 ἀρχὴν
983 1688 1123 1729 ἔχοντος
1146 1683 1294 1729 ταύτην,
1363 1694 1443 1718 vero
1466 1683 1587 1718 nullus
1611 1683 1758 1719 habebit
1774 1683 1906 1718 horum
1929 1682 1990 1727 qui
2010 1683 2056 1718 ad
2073 1681 2280 1718 consulatus
2296 1681 2442 1717 veniunt

215 1733 306 1779 ὴπερ
337 1734 405 1767 νῦν
439 1730 546 1767 αὐτὸς
576 1735 790 1779 ἐφέστηκας,
829 1732 890 1765 ἵνα
922 1729 983 1764 διὰ
1018 1730 1172 1766 πάντων
1208 1727 1293 1764 ἀνό-
1307 1732 1349 1764 35
1361 1728 1548 1772 honorem,
1576 1728 1607 1764 si
1630 1729 1841 1765 mediocrem
1864 1729 1917 1763 ita
1939 1727 2074 1763 faciens
2098 1737 2290 1774 expensam
2312 1735 2442 1762 nomen

215 1770 333 1812 {Jevra
364 1775 450 1821 ἡμῖν
480 1773 502 1825 ᾗ
532 1778 577 1811 τὰ
608 1776 696 1822 παρ’
722 1774 827 1820 ἡμῶν
851 1774 1122 1822 διατεταγμένα.
1171 1778 1293 1818 Δυςχε-
1361 1774 1511 1819 tempori
1541 1773 1613 1809 fiet.
1659 1774 1802 1809 Etenim
1830 1783 1934 1809 omne
1965 1772 2132 1818 quicquid
2158 1772 2332 1808 hactenus
2355 1781 2439 1807 con-

215 1827 370 1868 ραινέτω
403 1821 443 1857 δὲ
472 1821 594 1867 μηδεὶς
626 1824 703 1856 τῶν
732 1822 779 1856 εἰς
811 1821 879 1865 τὴν
909 1818 1051 1855 ὕπατον
1083 1819 1298 1866 παριόντων

214 1868 334 1912 τιμήν,
366 1869 397 1901 εἰ
419 1871 689 1913 μεμετρημένην
720 1864 835 1901 οὕτως
867 1866 1107 1910 ποιησάμενος
1130 1865 1297 1909 δαπάνην

215 1912 333 1958 ὄνομα
362 1915 417 1956 τῷ
448 1914 569 1957 χρόνῳ
600 1913 799 1960 γενήσεται.
847 1914 907 1945 καὶ
938 1911 1008 1958 γὰρ
1040 1910 1084 1955 δὴ
1111 1913 1186 1947 πᾶν
1209 1908 1299 1946 ὅσον

215 2025 446 2063 ebrietatibus
468 2029 503 2060 et
518 2024 774 2071 potationibus
798 2024 918 2059 omnia
942 2034 1150 2059 consumere
1158 2036 1173 2065 ;
1208 2022 1340 2069 quodsi
1369 2022 1458 2069 quid
1486 2023 1588 2068 forte
1618 2031 1683 2067 spe
1702 2020 1853 2055 maioris
1876 2019 1970 2055 lucri
2000 2019 2106 2055 etiam
2130 2023 2239 2055 antea
2261 2018 2442 2066 expende-

214 2075 317 2114 runt,
350 2069 478 2106 deinde
501 2080 585 2105 vero
609 2073 675 2105 aut
697 2068 789 2104 nibil
812 2073 877 2104 aut
894 2080 1030 2116 parum
1054 2068 1264 2114 accipiant,
1286 2068 1342 2104 vel
1363 2069 1533 2103 damnum
1555 2067 1705 2112 insuper
1724 2066 1807 2112 pati
1836 2070 1872 2101 et
1895 2065 1979 2111 coqi
2001 2065 2039 2099 in
2062 2064 2209 2100 verbera
2235 2067 2272 2100 et
2293 2064 2443 2100 vulnera

215 2122 250 2152 et
272 2127 366 2162 quae
388 2115 471 2151 inde
495 2116 663 2150 oriantur
692 2114 789 2149 mala
820 2113 987 2150 incidere.
1039 2113 1082 2150 Si
1111 2125 1194 2150 vero
1225 2113 1399 2149 modicum
1430 2113 1479 2148 sit
1508 2112 1606 2158 quod
1635 2110 1836 2157 spargitur,
1871 2120 1946 2145 non
1977 2109 2199 2146 veliementer
2229 2108 2444 2145 contendent
2505 2114 2511 2138 ἵ

215 2172 331 2208 neque
352 2164 525 2207 quaestus
547 2160 689 2211 copiam
713 2164 949 2206 expectantes
972 2159 1122 2195 vulnera
1154 2162 1189 2194 et
1212 2158 1359 2195 verbera
1391 2157 1460 2193 sibi
1482 2157 1632 2193 invicem
1652 2159 1801 2202 praeter
1823 2155 1967 2190 modum
1989 2154 2159 2201 inferent.
2206 2152 2327 2197 Quare
2349 2163 2442 2190 com·
2492 2174 2498 2179 »-

215 2217 356 2242 munem
381 2205 650 2252 providentiam
681 2215 731 2241 ex
761 2203 831 2240 liac
862 2204 941 2249 leqe
971 2205 1079 2240 etiam
1111 2204 1290 2240 communi
1320 2202 1539 2250 reipublicae
1560 2203 1708 2248 formae
1737 2200 1941 2243 statuimus,
1974 2204 2016 2235 ut
2039 2203 2106 2235 tem
2135 2199 2212 2235 oris
2239 2199 2442 2246 desiqnatio
2502 2211 2506 2214 ’

210 2257 299 2299 post
330 2252 584 2298 imperatorem
617 2249 724 2285 etiam
756 2243 917 2285 consulis
948 2253 1128 2296 perpetuo
1164 2249 1295 2285 habeat
1327 2248 1535 2284 memoriam
1569 2251 1605 2283 et
1636 2246 1918 2293 appellationem
1952 2245 2047 2280 inter
2121 2244 2264 2280 oriosos
2299 2248 2446 2280 nostros
2491 2253 2496 2257 ·

216 2298 453 2343 maqistratus
476 2296 609 2341 quique
632 2306 682 2330 ex
705 2305 837 2341 maqno
861 2299 990 2330 senatu
1012 2300 1109 2336 sunt,
1134 2295 1304 2341 quoniam
1325 2305 1374 2329 ex
1390 2304 1432 2330 eo
1450 2303 1599 2328 'tumere
1625 2292 1708 2327 ticet
1731 2291 1861 2337 diqnos
1881 2289 2021 2326 nonore
2038 2301 2061 2324 a
2080 2289 2191 2334 ficere
2214 2299 2280 2325 nec
2291 2292 2446 2336 praeter

217 2342 361 2378 modum
383 2352 433 2377 ex
460 2352 566 2376 ensas
587 2341 758 2385 facturos
764 2353 779 2381 ;
813 2345 850 2375 et
872 2339 1038 2375 idoneum
1061 2339 1234 2376 solacium
1258 2339 1386 2374 damus
1406 2337 1548 2386 populo
1573 2341 1699 2373 nostro
1723 2341 1758 2372 et
1781 2336 1909 2371 ceteris
1932 2334 2094 2371 omnibus
2116 2338 2227 2380 atque
2248 2334 2351 2381 ipsis,
2436 2333 2445 2342 “

217 2388 289 2423 iam
312 2398 386 2423 rem
435 2390 667 2432 esperarunt,
699 2396 779 2420 cum
806 2389 1003 2432 propterea
1032 2395 1303 2432 supervacanea
1335 2384 1596 2425 sustulerimus,
1627 2387 1669 2418 ut
1699 2380 1927 2418 consulatum
1956 2379 2177 2427 reipublicae
2206 2379 2375 2415 immor-ta
2447 2400 2449 2402 -

217 2433 243 2469 4
287 2432 502 2479 efficiamus.
590 2429 785 2466 Subiaceat
810 2431 936 2476 iqitur,
961 2431 1055 2465 sicut
1075 2434 1184 2466 antea
1202 2430 1371 2472 dioeimus,
1395 2428 1479 2465 huic
1498 2431 1645 2463 nostrae
1669 2427 1741 2474 leqi
1756 2425 1948 2473 dispositio
1970 2429 2117 2477 nostra,
2136 2425 2238 2477 cuius
2256 2423 2447 2472 exemplar

219 2479 256 2513 in
280 2477 413 2512 iudicio
441 2481 523 2512 tuae
545 2475 775 2511 sublimitatis
797 2475 1013 2511 recondetur
1042 2487 1118 2511 una
1142 2486 1222 2511 cum
1253 2474 1322 2510 hac
1346 2475 1424 2520 teqe
1455 2473 1505 2509 ad
1536 2484 1615 2509 eam
1645 2470 1966 2508 transmittendum.
2017 2470 2300 2506 Gloriosa-simos
2326 2473 2447 2506 autem

218 2534 288 2569 pro
315 2527 474 2568 tempore
497 2521 661 2557 consules
691 2521 873 2556 sancimus
903 2532 954 2556 ex
982 2520 1058 2556 solo
1088 2520 1223 2557 iudicio
1257 2524 1316 2556 tuo
1347 2519 1539 2566 exemplar
1567 2518 1685 2554 descri
1713 2517 1822 2553 tionis
1850 2515 1934 2551 lenio
1965 2515 2038 2561 leqi
2066 2514 2246 2551 subiectae
2268 2514 2458 2562 accipere,

219 2572 261 2603 ut
287 2567 480 2603 secundum
511 2577 589 2601 eam
619 2567 741 2601 omnia
772 2565 866 2601 dent.
914 2565 1202 2612 Descriptionem
1231 2565 1324 2602 enim
1346 2569 1550 2618 propterea
1582 2575 1605 2599 α
1634 2574 1673 2599 se
1699 2574 1718 2598 e
1750 2566 1813 2598 tua
1844 2560 1928 2596 dari
1959 2560 2138 2603 volumus,
2170 2563 2212 2595 ut
2233 2570 2349 2612 neque
2371 2557 2477 2597 illiso

221 2612 357 2648 violare
388 2622 432 2647 ne
458 2622 503 2647 ue
526 2610 788 2647 breviatoribus
817 2611 880 2657 qui
904 2616 1081 2647 vocantur
1104 2611 1306 2647 adulterari
1328 2610 1437 2646 liceat
1457 2609 1650 2657 quicquam
1674 2618 1798 2644 eorum
1831 2615 1926 2653 quae
1953 2616 1978 2641 a
2005 2606 2110 2642 nobis
2131 2608 2326 2641 constituta
2347 2606 2445 2648 sunt,
2491 2635 2496 2641 .

221 2657 285 2693 sed
301 2657 431 2703 pera'cu
447 2667 469 2691 o
493 2666 617 2691 eorum
640 2657 706 2701 qui
727 2655 822 2691 banc
845 2655 1122 2703 descriptionem
1151 2656 1190 2691 in
1214 2655 1348 2692 iudicio
1381 2659 1464 2691 tuae
1485 2654 1627 2701 qloriae
1651 2652 1872 2694 custodiunt,
1905 2650 2094 2698 exemplar
2123 2650 2201 2685 eius
2229 2649 2335 2686 detur
2365 2652 2445 2685 cim

221 2702 483 2747 subscriptione
517 2700 595 2735 eius
655 2701 693 2735 ui
723 2701 976 2746 maqistratum
1012 2700 1108 2736 hunc
1137 2701 1196 2738 cui
1229 2706 1267 2736 tu
1298 2710 1395 2736 nunc
1423 2710 1557 2747 praees
1585 2698 1774 2734 habiturus
1804 2699 1875 2740 est,
1911 2700 1953 2732 ut
1975 2706 2050 2742 per
2079 2695 2199 2731 onmia
2232 2694 2446 2742 incorrupta
2474 2718 2475 2723 ,

222 2750 392 2782 maneant
416 2756 509 2792 quae
531 2757 554 2780 a
578 2711 682 2781 uagis
706 2747 902 2781 constituta
925 2750 1020 2781 sunt.
1070 2746 1182 2782 Nemo
1203 2751 1322 2782 autem
1342 2756 1467 2782 eorum
1489 2744 1553 2791 qui
1571 2744 1621 2779 ad
1638 2742 1848 2780 consulatus
1870 2740 2082 2788 diqnitatem
2099 2739 2318 2787 perveniunt
2336 2741 2478 2792 σαψ-ς’

222 2793 340 2838 ferat,
367 2792 400 2826 si
423 2791 477 2826 ita
506 2789 692 2826 moderato
724 2795 869 2837 sumptu
899 2791 1004 2836 facto
1034 2802 1162 2827 nomen
1195 2791 1348 2838 tempori
1378 2790 1532 2826 dabitur.
1581 2788 1724 2825 Etenim
1755 2797 1858 2823 omne
1889 2785 2067 2833 quidquid
2093 2795 2208 2832 usque
2233 2783 2353 2820 adhuc
2382 2793 2447 2832 qua

277 2906 298 2939 2
321 2916 358 2937 τι
383 2904 437 2944 Μ]
461 2912 556 2936 τινες
580 2903 622 2944 L,
647 2916 706 2936 om.
720 2914 739 2939 ς
759 2901 772 2946 ΙΙ
797 2905 818 2936 4
841 2899 864 2944 ἢ
887 2899 1006 2944 οὐδὲν]
1031 2899 1053 2943 ἢ
1076 2915 1135 2935 om.
1161 2903 1192 2936 L
1208 2903 1220 2946 ΙΙ
1246 2898 1303 2936 λά-
1430 2903 1446 2935 1
1473 2901 1670 2935 ebritatibus
1685 2899 1762 2945 R¹fl
1781 2902 1802 2935 2
1825 2901 1854 2934 si
1873 2902 1962 2942 vero]
1986 2899 2057 2932 siue
2085 2898 2139 2942 ΤΙΙ
2162 2898 2262 2931 etiam
2285 2909 2343 2932 σπι.
2363 2896 2429 2932 Τ*
2446 2893 2449 2903 ’
2469 2926 2478 2932 ,γ

224 2952 326 2994 βοιεν
345 2950 406 2982 καὶ
422 2949 554 2991 ζημίαν
571 2946 900 2992 προςοφλισκάνειν]
926 2947 1069 2990 excipiat
1093 2948 1192 2979 etiam
1213 2947 1305 2980 dam·
1372 2949 1394 2980 4
1417 2947 1561 2990 excipiat
1583 2947 1657 2987 VT]
1680 2946 1823 2989 accipiat
1846 2946 1977 2988 Rvulq.
1995 2944 2008 2988 ΙΙ
2025 2943 2135 2985 etiam]
2158 2945 2193 2976 et
2211 2942 2289 2987 13¹]
2306 2944 2341 2976 et
2355 2941 2388 2977 d
2447 2955 2455 2961 ·

225 3006 306 3029 num
321 2996 355 3027 et
370 2993 518 3027 debitum
535 2992 670 3025 habebit
687 3005 706 3029 ς
722 2993 735 3035 ΙΙ
754 2995 770 3026 7
786 2986 820 3037 ᾗ]
836 2989 859 3034 ἢ
873 2993 904 3025 L
916 2993 927 3035 ΙΙ
940 2990 1230 3036 φιλονικήσουσιν
1242 2993 1288 3026 Μ
1293 2992 1305 3033 ΙΙ
1372 2994 1455 3033 tum]
1480 2994 1539 3025 aut
1562 2991 1711 3024 debitum
1735 2991 1768 3024 T
1785 2990 1798 3035 ΙΙ
1828 2993 1847 3025 5
1873 2994 1905 3023 et
1928 2988 2133 3030 vulneribus]
2158 2990 2192 3021 et
2213 3000 2272 3021 om.
2285 2987 2337 3021 13¹
2358 2985 2374 3032 Ι
2392 2980 2452 3026 iip-

227 3042 247 3075 8
270 3038 313 3074 τὸ
340 3052 398 3072 om.
412 3038 444 3072 L
462 3036 475 3082 ΙΙ
489 3037 680 3081 τραύματα
703 3038 889 3071 Zachariae
911 3051 949 3070 ex
968 3039 999 3078 ς]
1024 3036 1175 3082 πρᾶγμα
1199 3038 1271 3071 ML
1293 3036 1306 3082 ΙΙ
1372 3046 1469 3070 curre
1497 3036 1574 3079 T¹n
1597 3037 1618 3070 6
1641 3036 1679 3068 fit
1701 3036 1733 3069 T
1745 3035 1758 3079 ΙΙ
1782 3035 1882 3078 quod]
1906 3035 2040 3077 quidem
2065 3034 2098 3067 T
2106 3034 2115 3054 ¹
2179 3034 2198 3067 ’1
2223 3034 2295 3075 nec]
2318 3042 2362 3066 ne
2384 3028 2423 3073 2¹,-
2440 3030 2468 3079 i}

226 3088 247 3120 9
260 3087 320 3118 καὶ
328 3085 393 3125 Le]
407 3097 465 3117 om.
477 3084 517 3116 M
533 3083 546 3126 11
565 3084 605 3116 13
620 3079 779 3122 ἐνδόξοις
789 3082 872 3123 ML]
889 3078 1136 3122 ἐνδοξοτάτοις
1153 3095 1191 3115 ex
1203 3083 1305 3119 ςΗα-
1372 3081 1623 3122 abundantiam]
1648 3080 1878 3114 habundantia
1897 3078 2026 3122 RVTu
2052 3079 2072 3113 8
2095 3087 2142 3111 uu
2158 3087 2232 3111 nem
2255 3078 2303 3112 R·
2319 3076 2334 3123 Ι
2368 3095 2381 3105 ν
2399 3060 2473 3145 7ss

229 3132 373 3171 leander,
390 3127 509 3172 valan
535 3130 576 3163 14
599 3127 661 3170 τῆς
678 3125 840 3172 μεγάλης]
864 3127 927 3169 τῆς
940 3139 984 3170 με
1001 3140 1039 3160 ex
1053 3126 1196 3160 τούτων
1221 3140 1304 3161 corr.
1372 3137 1450 3160 sura
1472 3126 1522 3160 R¹
1546 3126 1560 3170 11
1587 3127 1608 3160 9
1631 3125 1875 3158 introducimus
1902 3125 1949 3166 V]
1979 3122 2226 3156 introduximus
2249 3122 2426 3168 lero-119²
2446 3132 2463 3166 k

228 3177 259 3210 L
274 3175 287 3219 11
308 3177 349 3209 15
370 3173 409 3214 ἐξ
432 3169 554 3207 αὐτῶν
578 3170 743 3217 πάρεστι]
768 3171 864 3205 nobis
886 3172 995 3214 placet
1019 3183 1038 3208 ς
1055 3172 1067 3214 ΙΙ
1088 3173 1128 3206 16
1148 3172 1201 3214 τῷ
1223 3169 1306 3216 ἦμε-
1377 3173 1417 3206 10
1442 3172 1592 3205 comunis
1619 3171 1651 3204 T
1673 3170 1686 3213 11
1715 3173 1843 3212 tempus
1867 3169 1987 3202 habeat
2008 3169 2109 3212 ναῖς]
2144 3170 2274 3211 tempus
2304 3167 2362 3200 hs·
2405 3171 2469 3209 &s

226 3222 319 3265 τέρῳ
342 3216 458 3263 δήμῳ]
483 3221 516 3251 et
534 3220 646 3251 nostro
666 3217 790 3260 populo
815 3229 834 3253 ς
849 3217 861 3254 11
883 3219 923 3252 19
947 3216 1220 3260 καταστήσομεν
1234 3218 1279 3250 Μ
1296 3216 1308 3262 ΙΙ
1378 3217 1450 3250 RV
1468 3215 1591 3249 habent
1614 3218 1743 3258 tempus
1767 3215 1800 3248 T
1823 3214 1836 3257 ΙΙ
1866 3216 1903 3248 11
1929 3214 2040 3256 iugem
2065 3213 2193 3256 (ingere
2214 3211 2274 3255 V¹)
2306 3211 2386 3246 Vim
2404 3207 2466 3256 “1‘'2—

229 3268 272 3301 23
296 3262 373 3308 ἅμα
395 3260 492 3307 τῷδε
515 3276 553 3297 ez·
577 3275 596 3300 ς’
619 3263 818 3303 Zachariae]
844 3257 919 3305 ἅμα
944 3259 983 3295 δὲ
1008 3262 1079 3294 ML
1098 3265 1109 3303 ΙΙ
1125 3274 1307 3306 καταπεμ-
1375 3273 1434 3294 om.
1449 3260 1544 3304 RTn
1563 3261 1604 3294 12
1624 3259 1674 3302 in]
1696 3262 1729 3292 et
1744 3260 1813 3293 RT
1824 3259 1837 3303 ΙΙ
1857 3261 1896 3294 13
1914 3259 1973 3301 qui
1992 3258 2112 3292 om.R¹
2127 3257 2140 3302 ΙΙ
2161 3259 2202 3293 14
2221 3258 2301 3299 11011]
2321 3260 2365 3290 no'
2388 3258 2413 3285 ι’*
2446 3255 2452 3268 '¹
2489 3267 2491 3270 ⁴

228 3311 402 3355 πόμενον]
427 3319 526 3351 quam
543 3327 584 3333 —
602 3308 783 3341 direximus
807 3308 840 3349 (ἱ.
859 3320 884 3341 e.
903 3309 1230 3349 καταπεμπομένῳ)
1256 3320 1275 3343 ς
1296 3306 1308 3351 ΙΙ
1373 3306 1520 3339 inmense
1552 3306 1627 3347 VT]
1663 3314 1772 3337 mense
1797 3305 1845 3343 R;
1879 3305 2036 3337 immensa
2058 3304 2150 3337 malit
2177 3303 2405 3346 Osenbruqqut
2448 3308 2469 3345 σμγ

230 3359 272 3391 25
297 3356 362 3390 σοῦ
395 3368 452 3388 om.
479 3354 510 3387 L
539 3352 551 3398 ΙΙ
581 3352 636 3395 τὸ]
667 3353 733 3387 τοῦ
758 3353 808 3386 L⁶
835 3351 847 3392 ΙΙ
882 3354 924 3386 29
937 3365 985 3405 sq.
1011 3348 1128 3394 *μηδὲ
1160 3371 1190 3375 -ν
1218 3349 1308 3394 μηδὲ
1374 3351 1435 3384 *et
1458 3352 1577 3385 addidi
1590 3351 1601 3391 ΙΙ
1622 3352 1663 3384 15
1688 3350 1817 3383 dicente
1833 3350 1881 3382 Β*
1906 3349 2074 3383 decentem
2092 3360 2151 3382 om.
2169 3346 2259 3426 1¹¹}
2275 3347 2318 3381 16
2339 3345 2450 3390 w·

232 3402 303 3435 ML
321 3401 332 3445 ΙΙ
360 3396 484 3434 αὐταῖς
508 3398 579 3439 ἕξει
603 3399 634 3432 L
658 3398 671 3442 ΙΙ
695 3400 739 3433 34
760 3394 1114 3441 ὑποσημειωσασθαι
1140 3397 1189 3430 La
1220 3394 1305 3430 ὑπο·
1375 3396 1527 3429 rantibus
1541 3396 1626 3429 R¹T
1638 3395 1650 3439 ΙΙ
1668 3405 1764 3428 causa
1776 3394 1822 3427 R·
1842 3394 1854 3438 ΙΙ
1871 3396 2058 3438 propterea]
2077 3395 2212 3436 propter
2265 3391 2276 3413 ¹
2298 3401 2321 3434 p
2439 3423 2444 3426 .

230 3444 373 3490 σημειώΙ
389 3447 460 3488 (sic)
475 3445 516 3478 M
529 3444 542 3489 ΙΙ
559 3445 604 3479 35
627 3444 820 3488 ἐφέστηκεν
842 3442 961 3486 [11136
985 3440 1072 3496 ἡμῖν
1095 3435 1118 3487 ᾗ
1139 3442 1196 3482 Μ]
1222 3439 1307 3484 ἡμῖν
1375 3451 1476 3483 eaque
1497 3440 1577 3485 17311
1597 3443 1634 3474 17
1660 3440 1863 3474 auferentem
1886 3439 1940 3484 Vl]
1963 3441 2002 3474 18
2026 3437 2202 3472 inmortale
2227 3435 2283 3480 ΤΙ
2301 3437 2344 3471 20
2491 3477 2494 3479 Α

231 3491 282 3533 εἴη
308 3493 338 3525 L
362 3492 518 3523 maneant
543 3491 579 3530 (i.
596 3502 619 3522 e.
643 3490 760 3534 μείνῃ)
783 3500 803 3525 ς
818 3489 830 3530 ΙΙ
850 3490 890 3522 3ῖ
914 3484 988 3531 μὴδ
1019 3485 1067 3520 εἷς
1084 3487 1132 3527 Μ,
1155 3483 1238 3519 οὐδὲ
1259 3485 1307 3520 εἷς
1375 3486 1502 3519 iacebat
1523 3486 1568 3519 V¹
1599 3486 1611 3529 ΙΙ
1641 3487 1682 3520 23
1707 3484 1898 3526 direximus]
1930 3487 2044 3518 nostra
2067 3482 2239 3527 dispositio
2262 3481 2339 3515 add.
2362 3476 2426 3518 Β*
2479 3495 2495 3519 ,“

234 3538 263 3570 L
289 3537 301 3580 ΙΙ
329 3535 533 3578 περιόντων
557 3534 789 3579 (περιϊόντων
816 3533 871 3575 L¹)
898 3533 979 3574 ML,
1004 3545 1086 3566 corr.
1113 3533 1306 3565 Haloander
1374 3533 1418 3564 tffu
1441 3531 1473 3563 R
1503 3533 1515 3573 1]
1544 3532 1585 3565 24
1610 3530 1833 3563 sanctissimus
1856 3531 1888 3563 R
1914 3530 1926 3573 ΙΙ
1942 3541 2002 3563 suo
2029 3529 2076 3563 T¹
2101 3528 2115 3572 ΙΙ
2132 3524 2338 3562 discretioni·
2362 3520 2415 3558 Τ*

1375 3577 1416 3611 25
1446 3575 1519 3618 leg·
1556 3577 1604 3608 V¹
1633 3576 1646 3621 fl
1675 3576 1718 3610 26
1749 3574 1995 3617 discriptionem
2022 3575 2054 3608 T
2074 3575 2131 3615 (id.
2155 3573 2212 3614 30)
2238 3570 2251 3614 1
2281 3571 2322 3604 27
2351 3574 2445 3612 pnn-
2484 3583 2485 3586 ¹

1374 3622 1524 3654 uarieare
1557 3621 1619 3657 VT
1641 3623 1654 3667 ΙΙ
1684 3620 1754 3664 qui]
1786 3619 1865 3662 quia
1888 3620 2014 3664 R¹V11
2045 3620 2089 3654 34
2110 3616 2257 3658 habebit]
2290 3614 2332 3648 sb
2355 3611 2403 3648 Β*
2430 3606 2446 3658 Ι
2487 3633 2492 3636 -

1375 3677 1438 3708 que
1464 3667 1511 3699 Η*
