2476 3854
184 112 292 156 Nov.
323 112 460 156 CVIII
489 126 551 167 pr.
585 115 603 153 1

183 225 295 267 νόμου
320 220 566 268 ὀφειλομένων
598 219 698 264 (ιῦτῷ
731 223 768 254 ἐκ
797 222 875 254 τῶν
900 217 989 265 παρ’
1017 217 1128 254 αὐτοῦ
1152 234 1261 255 κατα-

183 268 465 312 λιμπανομένων
505 265 605 309 αὐτῷ
639 265 867 311 πραγμάτων
906 265 953 299 τὰ
990 264 1098 299 λοιπὰ
1139 265 1263 300 πάντα

184 311 380 360 πράγματα
397 317 456 346 καὶ
473 311 610 353 δίκαια,
635 307 705 344 ὅσα
723 307 813 356 παρ’
833 307 933 353 αὐτῷ
955 312 994 344 ἐν
1014 312 1127 355 καιρῷ
1146 309 1261 344 τελευ-

184 360 246 413 της
278 355 461 405 εὑρεθείη,
494 357 665 402 ἔρχεσθαι
698 359 756 389 καὶ
788 352 1121 390 ἀποκαθίστασθαι
1147 356 1199 399 τῷ
1225 355 1263 396 ἐξ

185 405 309 437 αυτῶν
333 403 498 447 περιόντι
523 401 543 444 ἢ
566 405 638 435 τοῖς
662 399 772 434 αὐτοῦ
796 404 936 443 παισίν,
960 401 995 434 εἴ
1015 414 1054 444 γε
1078 398 1186 435 αὐτὸς
1208 414 1263 435 τε-

185 448 379 490 λευτήσειε,
401 448 516 488 πάσης
532 444 705 492 ἀργούσης
719 445 855 489 μεταξὺ
874 443 997 479 αὐτῶν
1014 443 1073 479 διὰ
1090 445 1158 489 τὴν
1173 446 1263 491 εἰρη-

184 497 297 537 μένην
322 490 621 527 ἀποκατάστασιν
645 487 840 536 ἀσφαλείας
869 504 909 524 τε
942 494 1002 524 καὶ
1025 488 1156 537 ἐγγύης.
1204 493 1264 525 ἐπὶ

185 538 324 572 τούτοις
354 535 463 570 αὐτοῦ
493 535 788 579 τελευτήσαντος,
819 539 878 569 καὶ
909 537 974 569 τοῦ
996 538 1063 580 μὲν
1086 535 1165 571 ἑνὸς
1187 537 1264 570 τῶν

186 580 298 616 αὐτοῦ
320 581 466 616 παίδων
487 585 546 615 καὶ
563 580 797 626 κληρονόμων
818 579 949 615 παῖδας
969 583 1119 623 ἔχοντος,
1143 582 1208 615 τοῦ
1225 579 1265 614 δὲ

768 625 775 635 x

1258 105 1340 153 514

1921 119 1981 149 DE
2008 117 2402 151 RESTITU'I'IONIBUS

1328 230 1372 255 ex
1396 219 1446 253 eis
1477 227 1568 262 quae
1591 218 1637 253 ab
1662 228 1704 254 eo
1728 217 2019 262 relinquebantur
2041 217 2074 251 ei
2103 216 2210 252 rebus
2244 216 2398 261 reliquas

1331 274 1451 299 omnes
1475 273 1532 298 res
1561 266 1598 298 et
1619 263 1716 304 iura,
1749 271 1992 308 quaecumque
2021 260 2116 307 apud
2144 271 2223 296 eum
2254 261 2289 296 in
2312 264 2400 297 tem·

1330 319 1417 354 pore
1447 307 1570 343 mortis
1600 308 1852 350 invenirentur,
1884 307 2004 342 venire
2033 310 2070 342 et
2100 305 2243 342 restitui
2273 315 2317 341 ex
2345 305 2401 340 his

1333 352 1524 398 superstiti,
1549 356 1613 389 aut
1629 353 1705 389 eius
1729 352 1811 388 filiis
1836 352 1867 387 si
1886 352 1963 396 ipse
1980 355 2188 394 moreretur,
2212 350 2308 386 omni
2327 360 2402 386 ces-

1299 403 1317 434 5
1333 401 1434 434 sante
1468 399 1562 433 inter
1593 408 1654 434 eos
1686 400 1834 443 propter
1862 401 2090 432 memoratam
2119 395 2404 432 substitutionem

1333 443 1500 479 cautione
1523 446 1560 478 et
1581 443 1819 479 fideiussione.
1866 442 1909 477 In
1933 442 1986 477 his
2011 452 2052 476 eo
2076 440 2247 477 moriente
2276 444 2312 475 et
2333 450 2405 475 uno

1333 488 1474 534 quidem
1498 488 1573 523 eius
1595 488 1749 524 filiorum
1772 491 1808 523 et
1831 486 2001 523 heredum
2023 486 2114 521 filios
2139 486 2303 528 habente,
2333 484 2405 520 alio

1333 544 1415 569 vero
1439 537 1603 568 manente
1626 534 1703 569 sine
1725 533 1824 577 filiis,
1850 532 2014 578 prohibet
2037 541 2118 567 eum
2141 530 2201 576 qui
2224 530 2300 566 sine
2322 529 2406 565 filiis

1333 583 1388 614 est
1410 579 1442 614 is
1465 579 1525 623 qui
1546 578 1639 613 filios
1663 579 1770 614 habet
1800 578 1854 613 uti
1876 578 1983 613 rebus
2012 579 2136 621 utpote
2159 585 2220 611 eas
2244 575 2405 611 deteren-

185 631 372 671 μείναντος
396 624 566 667 ἄπαιδος,
591 625 721 660 κωλύει
737 639 804 659 τον
820 624 961 660 ἄπαιδα
985 626 1004 659 ὁ
1030 627 1111 660 τοὺς
1134 624 1265 660 παῖδας
1281 629 1319 660 10
1333 629 1420 665 tem,
1453 628 1491 658 at
1514 623 1574 658 ille
1599 627 1701 658 utens
1732 623 1847 658 verbis
1871 622 2092 664 testamenti,
2125 621 2207 666 quia
2239 618 2407 666 quicquid

186 675 279 714 ἔχων
295 672 495 715 κεχρῆσθαι
511 674 583 705 τοῖς
599 670 808 717 πράγμασιν
828 668 876 704 ὠς
891 673 1008 706 ταῦτα
1025 670 1262 706 ἐλαττοῦντα-

186 716 205 751 ὁ
238 716 277 751 δὲ
307 714 588 761 ἀποκεχρημένος
618 719 691 750 τοῖς
721 715 855 761 ῥήμασι
885 717 948 759 τῆς
979 715 1171 760 διαθήκης,
1205 719 1266 749 καὶ

186 759 245 796 ὅτι
261 762 297 794 εἴ
308 776 344 795 τι
361 757 528 806 εὑρεθείη
550 763 589 794 ἐν
606 763 719 806 καιρῷ
737 759 900 804 τελευτῆς
916 758 1006 807 παρ’
1027 758 1137 804 αὐτῷ,
1157 763 1265 795 τοῦτο

187 804 300 840 αὐτὸν
321 804 582 840 ἀποκαθιστᾶν
598 805 766 848 ἐκέλευσε,
790 806 882 840 κατὰ
903 807 1011 840 τοῦτο
1034 805 1202 851 βούλεται
1222 805 1264 840 τὸ

1333 668 1549 704 inveniretur
1578 668 1616 703 111
1638 672 1797 714 tempore
1826 668 1950 703 mortis
1981 667 2076 713 apud
2105 677 2202 709 eum,
2233 665 2407 718 hocpnm

1334 714 1522 749 restituere
1543 713 1664 756 iussit,
1696 713 1889 749 secundum
1919 712 1989 748 hoc
2021 711 2097 747 vult
2127 711 2271 747 schema
2296 710 2405 745 hoen-

1334 760 1419 794 tiam
1443 759 1575 793 habere
1604 759 1656 793 uti
1679 759 1787 795 rebus
1818 758 1911 793 sicut
1930 757 2094 797 voluerit,
2126 756 2226 792 nulla
2247 754 2406 801 prohibi-

1335 805 1432 840 tione
1455 804 1499 839 de
1522 813 1644 839 earum
1666 803 1922 848 gubernatione
1943 802 2044 838 illata
2067 801 2111 838 ei.

187 854 305 906 {filim
330 855 534 896 παρρησίαν
567 853 660 893 ἔχειν
690 851 852 896 χρῆσθαι
883 854 956 885 τοῖς
978 851 1188 906 πράγμασιν
1219 849 1267 904 (ἐς
1282 854 1321 887 15

187 911 234 931 αν
264 896 478 941 βουληθείη,
513 895 687 941 μηδεμιᾶς
714 895 902 930 κωλύσεως
938 900 1020 942 περὶ
1049 908 1112 940 της
1143 909 1267 930 αυτων

187 943 211 977 2
265 941 471 986 διοικήσεως
495 943 714 988 έπαγομένης
739 938 845 984 αὐτῷ.
922 939 1036 986 Ἡμεῖς
1059 945 1183 976 τοίνυν
1206 939 1266 975 λα-

187 986 315 1031 βόντες
338 989 376 1020 ἐκ
399 986 528 1021 τούτου
553 986 739 1033 πρόφασιν
762 983 939 1030 ᾠήθημεν
962 988 1090 1032 χρῆναι
1117 990 1177 1021 καὶ
1199 986 1268 1030 τὴν

188 1032 349 1067 παλαιὰν
373 1030 562 1111 ἀοριστίαν
586 1036 645 1066 καὶ
668 1031 737 1075 τὴν
760 1034 777 1064 ἐ
807 1032 884 1075 εξῆς
909 1030 1088 1087 διάκρισιν
1111 1031 1180 1075 τὴν
1201 1033 1268 1076 μὲν

1334 941 1358 976 2
1404 939 1480 975 Nos
1503 939 1612 983 igitur
1634 940 1813 974 sumentes
1837 947 1881 973 ex
1903 937 1973 973 hoc
1996 936 2220 973 occasionem
2242 934 2407 971 aestima-

1335 985 1447 1021 vimus
1481 989 1644 1029 oportere
1677 988 1713 1018 et
1741 982 1922 1027 antiquam
1946 981 2221 1017 indefinitionem
2250 982 2287 1016 et
2309 980 2407 1016 dein-

1336 1040 1420 1074 ceps
1444 1029 1692 1064 discretionem
1720 1028 1813 1064 hanc
1836 1027 1977 1073 quidem
2001 1026 2147 1062 definire
2175 1026 2268 1061 hanc
2291 1028 2409 1061 autem

188 1075 308 1123 ὁρίσαι
326 1077 394 1120 τὴν
439 1079 455 1110 ὲ
470 1077 643 1132 καθαρὰν
665 1079 705 1111 ἐν
722 1046 935 1122 ἀνθρώποις
958 1077 1185 1119 αποθέσθαι,
1209 1080 1268 1110 καὶ
1282 1079 1322 1111 20
1336 1086 1460 1121 puram
1484 1074 1684 1110 hominibus
1708 1082 1891 1118 reponere,
1915 1074 1951 1108 et
1965 1075 2156 1118 propterea
2170 1071 2248 1115 lege
2265 1080 2409 1106 causam

189 1121 249 1156 διὰ
265 1124 373 1156 τοῦτο
397 1121 501 1167 νόμῳ
526 1136 569 1156 το
594 1123 739 1169 πρᾶγμα
764 1121 982 1167 περιλαβεῖν,
1006 1119 1107 1157 ὅπως
1131 1120 1178 1156 ἂν
1200 1121 1268 1166 μά-

189 1168 294 1211 θοιεν
324 1166 523 1212 ἅνθρωποι
553 1167 622 1211 τὴν
646 1169 771 1202 πᾶσαν
800 1168 864 1201 τοῦ
889 1167 1002 1211 νόμου
1025 1168 1142 1212 τάξιν,
1173 1163 1266 1212 μεθ’

189 1214 228 1255 ἡς
252 1213 417 1258 προςήκει
448 1213 495 1246 τὰ
525 1214 678 1247 τοιαῦτα
709 1216 769 1246 καὶ
799 1212 1010 1257 μανθάνειν
1041 1216 1102 1246 καὶ
1124 1216 1268 1258 κρίνειν.

189 1259 292 1302 ἴσμεν
317 1263 441 1292 τοίνυν
465 1259 686 1301 flammam?
720 1260 772 1301 τῷ
798 1257 1001 1304 σοφωτάτῳ
1032 1258 1148 1303 ῥηθέν
1171 1271 1207 1291 τι
1231 1259 1270 1291 ἐν

1337 1119 1645 1166 comprehendere,
1673 1120 1714 1154 ut
1738 1119 1876 1155 discant
1898 1117 2057 1153 homines
2081 1126 2218 1153 omnem
2240 1115 2273 1168 ie
2351 1125 2409 1151 or-

1339 1166 1465 1209 dinem,
1490 1175 1570 1200 cum
1587 1175 1656 1210 quo
1678 1164 1847 1208 competit
1866 1163 1954 1198 talia
1976 1167 2011 1198 et
2027 1162 2162 1198 discere
2182 1163 2219 1197 et
2237 1171 2275 1196 111
2301 1170 2407 1196 icaro.

1338 1211 1508 1246 Novimus
1549 1210 1656 1255 igitur
1697 1208 1793 1254 apud
1833 1207 2071 1253 Papinianum
2112 1206 2410 1252 sapientissimum

1338 1256 1470 1291 dictum
1493 1256 1531 1290 in
1554 1265 1648 1291 nono
1677 1254 1812 1290 decimo
1841 1253 1916 1289 eius
1940 1252 2213 1298 Quaestionum,
2243 1251 2306 1287 ubi
2327 1260 2409 1296 per-

189 1305 244 1346 τῷ
268 1304 330 1337 ιθ’
355 1305 434 1338 τῶν
458 1300 568 1337 αὐτοῦ
594 1303 845 1348 quaestionwv‚
878 1303 976 1337 ἔνθα
1000 1305 1184 1348 ἐπιτρέπει
1206 1302 1271 1337 τὰς
1284 1306 1325 1337 25
1338 1302 1446 1336 mittit
1468 1301 1700 1336 alienationes
1723 1300 1760 1335 in
1778 1298 1843 1334 tali
1866 1309 1972 1342 casu,
2000 1298 2089 1334 illud
2111 1297 2226 1333 solum
2247 1296 2344 1332 velut
2365 1306 2410 1331 ex

190 1346 390 1391 ἑκποιήσεις
413 1350 475 1383 ἐπὶ
497 1348 661 1382 τοιούτου
687 1349 856 1391 θέματος,
880 1350 993 1382 έκεῖνο
1017 1349 1131 1392 μόνον
1155 1344 1270 1392 ὥςπερ
1340 1346 1457 1382 studio
1489 1347 1527 1381 in
1557 1346 1753 1390 aenigmate
1783 1354 2004 1390 proponens,
2040 1347 2080 1378 ut
2109 1346 2196 1377 tunc
2231 1344 2411 1387 oporteret

191 1392 393 1436 ἐξεπίτηδες
425 1396 464 1427 έν
497 1395 681 1440 αἰνίγματι
705 1394 874 1439 προςθεὶς
904 1393 947 1427 τὸ
972 1395 1171 1436 τηνικαῦτα
1196 1391 1271 1427 δεῖν
1339 1391 1519 1437 prohiberi
1546 1391 1794 1432 alienationes,
1827 1400 1907 1425 cum
1935 1388 1982 1424 ad
2004 1387 2208 1424 solvendum
2229 1386 2409 1440 1111θί00111-

190 1438 421 1473 κεκωλῦσθαι
444 1438 508 1472 τὰς
532 1439 749 1482 ἑκποιήσεις,
780 1437 887 1482 ἡνίκα
912 1441 972 1473 ἐπὶ
995 1440 1048 1482 τῷ
1073 1437 1272 1472 καταλῦσαι
1339 1437 1484 1472 missum
1508 1447 1552 1472 ex
1574 1436 1692 1472 Studio
1717 1435 1779 1481 qui
1800 1435 1868 1470 hoc
1893 1437 2061 1470 oneratus
2085 1437 2139 1468 est
2161 1432 2206 1468 ad
2229 1432 2409 1467 alienatio-

189 1483 232 1517 τὸ
266 1482 564 1530 φιδεϊκόμμισσον
581 1482 800 1531 ,ἐξεπίτηδες
831 1483 850 1517 ὁ
882 1484 1000 1527 τούτῳ
1030 1487 1272 1529 βεβαρημένος
1339 1493 1420 1518 nem
1443 1482 1548 1518 venit.
1596 1482 1645 1516 Et
1671 1486 1851 1526 tamquam
1881 1479 2153 1525 philosophatus
2183 1477 2276 1529 intel:
2297 1477 2410 1530 impet

191 1531 251 1564 ἐπὶ
274 1530 342 1572 τὴν
366 1532 554 1572 έκποίησιν
574 1528 677 1572 ἦλθε.
725 1532 785 1562 καὶ
818 1527 837 1563 ὁ
872 1527 1067 1575 φιλόσοφος
1098 1531 1137 1563 ἐν
1168 1532 1271 1573 βασι-
1285 1532 1326 1564 30
1340 1532 1477 1563 ratores
1496 1526 1642 1562 Marcus
1664 1526 1729 1562 tali
1752 1526 1905 1571 quodam
1925 1524 2108 1569 proposito
2133 1533 2220 1558 casu
2243 1533 2308 1557 viri
2327 1521 2412 1557 bom

191 1573 289 1608 λεῦσι
314 1576 477 1619 Μᾶρκος,
509 1574 674 1608 τοιούτου
704 1574 804 1608 τινὸς
835 1572 1079 1608 ὑποτεθέντος
1102 1575 1271 1619 θ’ἐματος,
1340 1573 1552 1608 arbitratum
1576 1572 1685 1607 videri
1706 1572 1822 1607 inesse
1845 1570 1976 1606 talibus
1998 1569 2113 1605 Verbis
2137 1567 2321 1615 disposuit.

192 1616 323 1673 ἀνδρὸς
346 1617 489 1666 ἀγαθοῦ
510 1623 695 1663 μεσιτείαν
715 1617 834 1654 δοκεῖν
853 1621 987 1654 ἐνεῖναι
1010 1622 1083 1653 τοῖς
1098 1618 1273 1654 τοιούτοις

193 1665 327 1709 ῥημασι
349 1663 584 1699 διετύπωσεν.

1192 1754 1348 1791 CAPUT
1371 1754 1400 1791 Ι.

247 1820 350 1866 Ἡμῖν
374 1816 440 1856 οὖν
464 1819 590 1867 ὀρθῶς
612 1820 736 1863 ἔδοξεν
767 1824 861 1865 ἔχειν
891 1819 988 1857 οὕτω
1013 1825 1182 1858 τυπῶσαι
1204 1823 1273 1866 τὴν
1410 1822 1523 1858 Nobis
1548 1832 1631 1866 ergo
1654 1824 1751 1857 recte
1775 1820 1888 1856 visum
1915 1825 1971 1857 est
1991 1821 2123 1856 habere
2150 1820 2202 1856 ita
2225 1821 2412 1865 disponere

192 1868 428 1911 νομοθεσίαν,
453 1864 540 1901 ὥςτε
563 1868 594 1901 εἰ
617 1870 684 1911 μὲν
708 1867 872 1902 καθόλου
895 1880 949 1903 τις
972 1869 1065 1904 εἴποι
1090 1866 1274 1902 άποκατά-
1288 1871 1330 1903 35
1343 1868 1614 1913 legislationem,
1629 1870 1678 1902 'ut
1698 1866 1727 1902 Si
1748 1866 1887 1911 quidem
1907 1866 2152 1902 universaliter
2171 1865 2297 1911 aliquis
2317 1864 2414 1900 dicat

192 1925 322 1946 στασιν
349 1914 414 1946 τοῦ
440 1911 750 1958 φιδεϊκομμίσσου,
785 1915 902 1947 ταῦτα
921 1916 1067 1959 κρατεῖν
1098 1909 1190 1958 ἅπερ
1214 1915 1274 1948 ἐπὶ
1343 1913 1601 1949 restitutionem
1621 1911 1894 1955 fideicommissi,
1917 1912 2008 1947 haec
2026 1915 2148 1947 tenere
2170 1921 2262 1956 quae
2278 1910 2317 1946 in
2331 1910 2412 1946 tali·

191 1959 269 1992 τῶν
292 1959 468 1992 τοιούτων
492 1956 683 2002 διώρισται
707 1961 766 1991 καὶ
791 1949 879 2004 παρ)
907 1955 1012 2002 ἡμῶν
1035 1956 1104 2002 ἤδη
1127 1972 1274 2003 νενομο-
1341 1959 1410 1994 bus
1434 1958 1579 1993 decreta
1610 1961 1694 1993 sunt
1724 1960 1759 1992 et
1789 1967 1812 1992 a
1835 1956 1938 1993 nobis
1968 1957 2039 1992 iam
2062 1956 2218 2002 sancita3
2252 1955 2308 1992 Sin
2330 1965 2413 1991 vero

193 2061 304 2105 teqem
328 2060 360 2095 ei
383 2059 555 2095 debentur
578 2071 628 2095 ex
651 2059 757 2095 rebus
780 2058 824 2094 ab
850 2059 931 2105 ipso
956 2059 988 2094 ei
1011 2059 1148 2095 relictis
1170 2060 1331 2105 reliquas
1355 2068 1477 2094 omnes
1499 2069 1558 2093 res
1580 2063 1615 2093 et
1638 2059 1739 2100 iura,
1764 2067 2008 2103 quaecumque
2031 2055 2131 2103 apud
2153 2067 2232 2092 eum
2256 2061 2414 2103 tempore

191 2105 319 2140 mortis
341 2109 488 2151 reperta
510 2104 595 2146 sint,
629 2105 786 2140 transire
808 2107 844 2139 et
866 2103 1009 2139 restitui
1040 2104 1073 2139 ei
1096 2105 1162 2150 qui
1182 2115 1232 2140 ex
1254 2104 1328 2140 illis
1349 2108 1533 2150 superstes
1554 2104 1706 2149 futurus
1733 2103 1783 2138 sit
1805 2101 1861 2138 vel
1880 2101 1999 2137 liberis
2021 2101 2109 2144 eius,
2139 2100 2314 2148 siquidem
2336 2102 2414 2149 ipse

192 2150 386 2195 defunctus
401 2151 458 2191 sit,
484 2150 581 2184 omni
605 2151 773 2185 cautione
795 2154 831 2184 et
850 2149 1083 2194 fideiussione
1099 2155 1259 2196 propter
1282 2149 1544 2185 restitutionem
1567 2148 1673 2183 modo
1698 2147 1830 2183 dictam
1852 2147 1947 2183 inter
1967 2157 2029 2182 eos
2052 2153 2222 2183 cessante.
2269 2146 2341 2182 His
2361 2148 2414 2183 ita

191 2196 302 2242 qestis
326 2205 404 2230 cnm
428 2199 593 2230 mortuus
622 2195 672 2230 sit
699 2199 733 2230 et
757 2205 850 2229 unus
871 2194 1013 2240 quidem
1037 2205 1087 2229 ex
1110 2194 1231 2230 liberis
1261 2198 1297 2230 et
1320 2194 1510 2230 heredibus
1540 2195 1616 2229 eius
1641 2193 1772 2229 liberos
1794 2191 1940 2234 habeat,
1973 2191 2064 2228 atter
2087 2202 2170 2228 vero
2191 2192 2270 2228 sine
2293 2191 2415 2228 liberis

192 2240 381 2282 manserit,
440 2239 582 2275 rokibet
603 2240 635 2275 is
658 2239 721 2286 qui
744 2239 874 2274 liberos
896 2238 1004 2275 habet
1034 2251 1113 2274 eum
1144 2239 1208 2285 qui
1231 2239 1352 2275 liberis
1382 2244 1483 2274 caret
1504 2239 1610 2275 rebus
1632 2238 1696 2281 uti,
1728 2238 1864 2284 quippe
1886 2237 1950 2283 qui
1972 2247 2034 2272 eas
2057 2236 2261 2280 deminuat;
2295 2242 2333 2272 at
2355 2237 2416 2274 ille

193 2285 327 2321 abusus
349 2296 411 2321 ver
435 2286 467 2320 is
491 2286 695 2321 testamenti
716 2290 750 2319 et
770 2284 885 2330 quod,
916 2285 949 2319 si
973 2285 1061 2330 quid
1084 2289 1243 2331 tempore
1265 2285 1391 2320 mortis
1412 2285 1514 2331 apud
1534 2285 1652 2331 ipsum
1674 2288 1856 2330 repertum
1879 2283 1938 2324 sit,
1968 2281 2037 2318 hoc
2061 2286 2198 2317 tantum
2222 2283 2339 2329 ipsum
2359 2294 2415 2319 re-

192 2331 340 2366 stituere
357 2335 470 2376 pater
484 2330 641 2372 iusserit,
664 2329 861 2365 secundum
877 2329 982 2365 istam
1000 2331 1177 2365 rationem
1201 2330 1381 2366 licentiam
1400 2340 1439 2365 se
1455 2329 1586 2365 habere
1609 2329 1809 2364 arbitratur
1833 2338 1905 2375 quo
1921 2326 2028 2363 modo
2049 2327 2135 2363 velit
2152 2327 2259 2363 rebus
2277 2327 2415 2371 utendi,

193 2376 217 2411 2
263 2386 342 2410 cum
366 2375 503 2410 nullum
526 2375 816 2422 impedimentum
839 2375 883 2411 de
903 2374 1216 2411 administratione
1239 2385 1363 2411 earum
1386 2374 1454 2410 sibi
1475 2375 1671 2420 inferatur.
1755 2372 1834 2409 Nos
1853 2373 1965 2419 iqitur
1987 2371 2071 2408 hinc
2091 2373 2281 2408 occasione
2329 2373 2417 2409 etita

193 2421 477 2456 existimavimus
508 2426 544 2455 et
573 2425 726 2456 veterem
758 2420 1028 2465 ambiquitatem
1059 2424 1095 2455 et
1127 2420 1390 2456 distinctionem
1425 2419 1593 2465 deinceps
1619 2423 1779 2455 secutam
1815 2419 1966 2454 alteram
1995 2417 2233 2462 definiendam
2265 2429 2288 2454 a
2304 2423 2417 2454 teram

194 2467 371 2511 inteqram
396 2466 600 2501 hominibus
623 2465 870 2511 reponendam
893 2476 986 2506 esse,
1017 2470 1052 2500 et
1071 2470 1272 2519 propterea
1297 2465 1373 2511 leqe
1396 2476 1471 2500 rem
1494 2463 1883 2512 comprehendendam,
1906 2467 1956 2498 ⁴ut
1978 2461 2138 2498 homines
2160 2473 2297 2498 omnem
2327 2462 2418 2510 leqis

195 2511 357 2546 ordinem
380 2511 602 2556 intelleqant,
626 2511 821 2546 secundum
845 2521 949 2556 quem
970 2510 1058 2545 llaec
1086 2511 1174 2546 talia
1198 2516 1233 2547 et
1255 2510 1393 2546 discere
1417 2515 1453 2546 et
1475 2510 1637 2545 iudicare
1660 2509 1793 2545 deceat.
1841 2509 1958 2560 Atque
1976 2508 2139 2544 novimus
2162 2519 2185 2543 a
2209 2506 2417 2560 Papiniano

194 2556 272 2591 viro
291 2555 573 2601 prudentissimo
605 2556 738 2590 dictum
769 2566 846 2591 esse
880 2555 1020 2601 aliquid
1052 2556 1089 2590 in
1114 2555 1205 2592 libro
1236 2555 1371 2592 decimo
1402 2566 1500 2591 nono
1533 2555 1799 2601 quaestionum,
1831 2553 1891 2589 ubi
1915 2553 2152 2589 alienationes
2181 2553 2220 2588 in
2242 2552 2418 2589 eiusmodi

195 2611 281 2635 casu
298 2602 498 2652 permittit,
529 2600 596 2636 lzoc
619 2601 735 2636 solum
768 2605 950 2646 tamquam
980 2600 1024 2636 de
1047 2600 1229 2636 industria
1260 2602 1298 2637 in
1321 2601 1524 2647 aeniqmate
1546 2599 1723 2643 adiciens,
1755 2604 1829 2635 tum
1852 2598 1992 2634 demum
2021 2598 2148 2634 debere
2179 2598 2418 2634 alienationes

188 2645 398 2692 prohibitas
420 2657 507 2687 esse,
539 2645 600 2680 ubi
622 2646 880 2681 intervertendi
899 2646 1166 2690 fideicommissi
1188 2647 1312 2692 qratia
1335 2645 1379 2682 de
1403 2645 1581 2681 industria
1613 2646 1645 2681 is
1668 2645 1731 2691 qui
1753 2655 1795 2681 eo
1820 2648 1992 2680 oneratus
2018 2649 2072 2679 est
2093 2642 2143 2679 ad
2165 2643 2417 2679 alienationem

195 2690 300 2725 venit.
350 2689 401 2725 Et
427 2690 670 2736 philosophus
699 2690 794 2725 inter
823 2691 1062 2737 imperatores
1093 2690 1243 2727 Marcus
1272 2690 1448 2728 eiusmodi
1480 2690 1637 2737 quodam
1672 2701 1759 2726 casu
1786 2689 1980 2737 proposito
2016 2688 2087 2724 viri
2114 2687 2198 2724 boni
2227 2687 2418 2725 arbitrium

196 2736 311 2771 inesse
335 2735 449 2770 videri
470 2736 509 2770 in
535 2736 664 2771 talibus
688 2736 804 2771 verbis
824 2736 1022 2782 praecepit.

330 2780 359 2815 Ι.
407 2780 522 2816 Nobis
550 2781 664 2826 ἐρέται·
695 2786 791 2816 recte
821 2791 860 2816 se
891 2780 1022 2816 habere
1052 2782 1165 2816 visum
1189 2785 1243 2817 est
1267 2782 1320 2816 ita
1343 2781 1457 2827 leqem
1482 2782 1668 2816 instituere
1688 2779 1897 2826 serendam,
1928 2781 1968 2814 ut
1989 2778 2022 2813 si
2044 2779 2126 2824 quis
2152 2778 2191 2813 in
2214 2779 2417 2814 universum

196 2825 295 2861 dicat
322 2824 590 2868 fideicommissi
619 2826 893 2868 restitutionem,
925 2837 969 2861 ea
1000 2826 1145 2862 valeant
1175 2837 1269 2872 quae
1298 2826 1337 2861 in
1366 2826 1542 2862 eiusmodi
1571 2825 1714 2861 casibus
1744 2825 1893 2870 definita
1922 2828 1958 2859 et
1988 2834 2012 2859 a
2041 2823 2147 2859 nobis
2174 2823 2248 2858 iam
2275 2823 2418 2859 sancita

254 2930 273 2962 5
298 2924 529 2968 *τελευτήσω
550 2927 622 2959 ML
646 2928 657 2968 l}
686 2929 703 2959 7
730 2922 1040 2967 ἀποκατάστασιν]
1066 2927 1273 2961 substitutio-

197 2984 272 3006 nem
296 2974 316 3005 i.
342 2985 368 3005 e.
394 2969 691 3005 ὑποκατάστασιν
714 2984 734 3007 ς
761 2972 774 3014 ΙΙ
806 2973 845 3004 12
870 2974 929 3004 καὶ
954 2985 1011 3004 om.
1027 2984 1046 3008 ς
1075 2971 1087 3015 ΙΙ
1117 2974 1156 3007 13
1182 2968 1271 3016 παρ’

198 3032 256 3051 om.
267 3019 317 3050 La
329 3016 341 3061 Η
357 3019 395 3051 15
409 3017 535 3058 ἔχειςΙι
552 3018 563 3059 ΙΙ
584 3019 624 3049 19
638 3012 837 3059 ἀοριστίαν]
855 3015 1017 3060 ἱστορίαν
1028 3018 1076 3049 La
1087 3016 1099 3061 ΙΙ
1116 3019 1159 3051 24
1172 3017 1275 3060 ἴσμεν

197 3066 322 3097 τοίνυν
347 3075 404 3095 om.
421 3062 465 3094 M
483 3061 495 3105 ΙΙ
518 3062 724 3095 παππιανῶ
751 3062 781 3094 L
813 3062 987 3094 παπιανῶ
1014 3061 1062 3094 M.
1088 3063 1169 3105 Diy.
1185 3065 1275 3102 36,1‚

198 3118 234 3143 56
249 3110 308 3151 (54)
327 3107 339 3151 ΙΙ
356 3106 472 3154 ῥηθέν
490 3118 526 3139 τι
547 3107 738 3139 Halounder
761 3106 899 3145 (dictum
924 3109 966 3148 ς)]
992 3106 1155 3151 ῥηθέντα
1172 3109 1243 3141 ML

199 3156 240 3188 25
255 3149 522 3187 ένακαιδεκατω
535 3151 581 3184 L¹
599 3151 611 3196 ΙΙ
630 3147 739 3183 αὐτοῦ
757 3152 1013 3192 ῙΙαίοαηιίει-(ςΠ
1035 3151 1164 3185 ἑαυτοῦ
1180 3154 1251 3185 ML

198 3199 422 3232 cuaestionam
433 3197 478 3230 M
490 3195 755 3229 κοιαιστιώνων
768 3195 815 3228 L2
833 3199 1067 3229 uomca'tt'vwv
1077 3198 1124 3230 L¹
1135 3196 1147 3241 ΙΙ
1160 3198 1202 3230 26
1215 3198 1275 3231 ἐπὶ

197 3247 269 3277 τοῖς
292 3242 468 3277 τοιούτοις
492 3241 652 3285 θέμασιν
677 3242 707 3273 L
730 3240 743 3284 ΙΙ
771 3237 898 3283 μόνον]
921 3242 988 3283 μὲν
1014 3243 1041 3274 L
1063 3243 1075 3283 ΙΙ
1106 3243 1146 3275 27
1173 3253 1275 3286 προς-

198 3290 288 3330 θεὶς]
319 3298 506 3331 proponens
530 3289 551 3320 i.
577 3301 604 3320 e.
629 3285 780 3330 προθεὶς
803 3297 823 3321 ς
849 3286 860 3322 ΙΙ
892 3287 933 3319 ’29
958 3283 1212 3330 φιδικόμισσον
1239 3289 1281 3320 Μ

198 3337 292 3376 (idem
305 3336 395 3377 infra
407 3334 551 3376 saepius)
566 3327 838 3377 φειδικόμισσον
851 3331 881 3363 L
894 3330 905 3374 Η
917 3331 1024 3364 τοῦτο
1040 3331 1071 3364 L
1090 3332 1102 3373 ΙΙ
1119 3333 1155 3364 31
1176 3332 1274 3377 Μᾶρ-

198 3383 266 3421 κος]
292 3380 372 3423 Diy.
389 3380 408 3411 l.
423 3391 450 3411 c.
470 3379 511 3421 cf.
527 3379 558 3418 5,
572 3385 599 3419 3,
613 3385 648 3411 25
667 3378 816 3417 §16(vicl.
834 3377 878 3408 ad
893 3377 969 3416 513,
984 3378 1036 3416 23)
1053 3375 1066 3418 ΙΙ
1084 3377 1126 3409 32
1143 3378 1276 3410 ἐνεῖναι

199 3427 251 3461 Le
271 3426 325 3468 (Cfi
339 3424 420 3466 Diq.
436 3425 455 3457 ί.
471 3425 523 3465 c.)]
548 3421 641 3456 εἶναι
665 3422 711 3455 Μ
723 3423 734 3462 ΙΙ
751 3422 793 3455 36
818 3417 1084 3465 φιδεικομίσσου
1112 3422 1139 3454 L
1165 3424 1208 3462 (et
1229 3424 1276 3454 sic

199 3472 301 3514 infra)
323 3469 335 3509 ΙΙ
361 3471 400 3503 37
427 3467 726 3511 νενομοθέτηται]
753 3467 830 3500 C'od.
857 3468 887 3507 6,
909 3473 956 3502 49,
979 3474 1004 3498 Ἴ.
1020 3476 1036 3499 8

247 3563 261 3593 1
280 3559 425 3600 reliquas
442 3557 539 3590 rebus
556 3556 605 3589 R*
623 3556 635 3599 ΙΙ
651 3557 670 3590 3
688 3556 736 3589 eis
760 3556 805 3589 1²¹
823 3556 835 3598 ΙΙ
854 3557 874 3589 4
895 3564 969 3588 ante
989 3557 1048 3587 aut
1071 3562 1154 3597 spat.
1169 3567 1238 3588 vac.
1254 3557 1273 3589 3

201 3607 258 3639 litt.
284 3606 316 3638 in
338 3604 394 3647 Vn
412 3605 565 3635 censante
591 3602 645 3643 ΤΙΙ
673 3604 693 3636 6
717 3601 904 3634 cautionem
925 3601 988 3642 1⁷⁰,
1014 3613 1070 3633 om.
1086 3601 1133 3632 R¹
1153 3599 1272 3643 11111101-

199 3650 347 3683 iussione
375 3650 407 3682 T
436 3647 679 3680 fideiussionem
711 3646 779 3690 Vn
806 3646 842 3678 in
867 3646 930 3686 his]
963 3649 995 3678 et
1027 3645 1062 3677 in
1094 3644 1146 3677 his
1177 3645 1274 3688 RTH

202 3698 217 3728 7
244 3695 310 3726 alia
335 3695 364 3727 T
375 3694 384 3714 ¹
402 3694 415 3737 ss
433 3694 452 3727 8
475 3695 630 3725 manento
654 3693 687 3725 R
704 3692 716 3735 ΙΙ
734 3694 754 3726 9
773 3692 814 3733 is]
841 3690 911 3723 nis
933 3691 980 3724 R¹
1005 3693 1037 3723 et
1058 3690 1109 3723 V⁰
1124 3689 1136 3733 ΙΙ
1155 3690 1275 3723 habeat

1343 2929 1375 2961 R
1392 2927 1405 2971 ΙΙ
1422 2930 1461 2959 111
1482 2929 1562 2970 pute
1590 2927 1640 2960 Τι
1671 2930 1710 2959 111
1732 2930 1805 2968 post
1829 2926 1877 2959 Β*
1895 2926 1908 2968 ΙΙ
1931 2936 1986 2959 eos
2010 2925 2082 2958 RT
2092 2923 2106 2969 Ι]
2121 2924 2288 2958 deterente
2302 2925 2337 2957 R
2359 2923 2416 2956 de-

1344 2975 1490 3005 terrente
1510 2973 1575 3005 VT
1586 2972 1599 3014 [1
1617 2974 1656 3006 10
1679 2974 1725 3012 at]
1747 2974 1786 3003 ut
1801 2971 1849 3004 Β*
1861 2971 1918 3011 17¹,
1935 2971 1997 3003 dei.
2019 2969 2070 3003 1⁷⁸
2085 2969 2099 3013 ΙΙ
2115 2968 2209 3001 uerbi
2229 2969 2278 3003 V¹
2293 2967 2307 3013 ΙΙ
2325 2967 2416 3010 quia]

1342 3027 1439 3059 quem
1462 3017 1508 3050 V¹
1527 3016 1540 3060 ΙΙ
1566 3019 1602 3051 11
1625 3018 1685 3049 hoo
1702 3027 1778 3049 eum
1794 3029 1853 3048 om.
1875 3015 1913 3057 V,
1933 3025 2007 3048 eum
2024 3027 2081 3047 om.
2097 3013 2156 3057 Ru
2184 3015 2225 3048 12
2240 3014 2416 3047 instituere

1351 3062 1401 3095 V¹
1419 3062 1431 3104 11
1450 3064 1491 3096 14
1501 3071 1615 3094 eorum
1633 3060 1725 3104 RVn
1744 3060 1849 3093 inlata
1869 3060 1918 3093 V¹
1936 3060 1949 3103 ΙΙ
1976 3061 2015 3094 17
2029 3059 2199 3091 occasione
2211 3058 2261 3091 1³¹
2310 3060 2350 3093 18
2362 3058 2416 3093 in-

1342 3106 1567 3139 definitionem
1582 3105 1641 3147 R¹]
1666 3105 1935 3138 indisfinitionem
1951 3105 1983 3137 T
2003 3103 2236 3136 diffinitionem
2306 3103 2415 3136 difini-

1342 3152 1466 3184 tionem
1479 3151 1529 3184 13²
1545 3150 1558 3194 ΙΙ
1585 3152 1625 3185 19
1649 3149 1903 3192 disci-optionem
1919 3150 1951 3182 T
1968 3149 2017 3190 (in
2040 3148 2128 3181 libro
2145 3159 2195 3181 s».
2220 3148 2416 3191 descriptio-

1342 3207 1418 3229 nem
1440 3196 1539 3229 schol.
1555 3195 1601 3236 T)
1617 3195 1630 3238 ΙΙ
1648 3195 1782 3236 quidam
1803 3195 1834 3228 V
1847 3194 1859 3237 ΙΙ
1875 3195 1916 3228 20
1941 3196 2070 3238 puram]
2096 3204 2188 3226 uram
2213 3207 2271 3228 om.
2285 3196 2317 3228 in
2330 3202 2415 3238 spat.

1342 3253 1410 3275 vae.
1426 3242 1447 3274 4
1466 3241 1524 3274 litt.
1547 3239 1596 3273 V²
1616 3243 1629 3283 n
1656 3240 1698 3273 22
1722 3241 1808 3280 cum]
1834 3249 1907 3272 eum
1930 3239 1980 3272 Va
1998 3239 2009 3282 ΙΙ
2033 3241 2110 3280 quo]
2135 3239 2250 3272 ordine
2273 3252 2299 3272 s.
2314 3253 2343 3274 v.
2357 3240 2415 3274 ad-

1341 3298 1404 3319 εον.
1425 3285 1475 3319 1⁷³
1497 3284 1510 3328 ΙΙ
1540 3285 1581 3318 23
1606 3284 1787 3327 panianum
1812 3284 1860 3317 R²
1883 3284 1896 3327 ΙΙ
1920 3283 2212 3327 sapientissimum]
2243 3284 2415 3327 sapientis-

1342 3330 1461 3363 simum
1484 3329 1596 3362 uirum
1620 3330 1653 3362 V
1674 3330 1785 3362 uirum
1802 3329 2079 3373 sapientissimum
2100 3330 2131 3363 T
2137 3329 2151 3349 ²
2167 3329 2180 3373 fl
2198 3330 2241 3364 24
2258 3330 2317 3363 ubi
2340 3340 2414 3372 per-

1341 3376 1453 3407 mittat
1475 3374 1523 3407 R*
1555 3374 1758 3417 supermittit
1785 3375 1816 3407 Τ
1824 3375 1833 3394 ¹
1862 3374 1874 3418 ΙΙ
1904 3375 1944 3408 25
1970 3373 2056 3407 illud
2081 3387 2138 3407 om.
2151 3374 2199 3407 R¹
2229 3374 2242 3418 Ι
2269 3376 2311 3410 26
2336 3385 2414 3415 eug·

1342 3422 1428 3452 mate
1454 3419 1529 3463 13¹1!
1549 3421 1590 3453 28
1617 3420 1678 3452 1100
1702 3433 1759 3453 om.
1775 3420 1808 3453 T
1819 3419 1832 3462 ΙΙ
1857 3419 2036 3452 honeratus
2061 3420 2093 3452 T
2112 3420 2293 3453 honoratus
2311 3420 2388 3454 RV
2404 3419 2416 3463 ΙΙ

1342 3466 1384 3499 30
1409 3464 1593 3506 propositio
1617 3465 1649 3497 R
1673 3465 1685 3507 ΙΙ
1712 3466 1751 3499 31
1777 3464 1986 3506 arbitratum]
2012 3466 2046 3497 in
2070 3464 2234 3499 arbitratu
2259 3466 2290 3498 R
2326 3464 2414 3498 arbi-

1342 3511 1443 3542 trium
1460 3510 1491 3542 T
1498 3510 1511 3529 ²
1526 3511 1537 3547 ΙΙ
1557 3511 1600 3543 34
1619 3509 1749 3552 (mobis
1766 3528 1807 3533 -—
1825 3511 1901 3550 515,
1916 3517 1931 3543 3
1948 3510 2201 3543 fideieomissum
2223 3522 2284 3543 scr.
2308 3509 2357 3543 V²
2381 3511 2414 3543 iu

1340 3563 1424 3597 spat.
1438 3567 1509 3588 vac.
1527 3555 1539 3597 ΙΙ
1557 3555 1667 3588 uisum
1684 3558 1732 3588 est
1747 3554 1867 3587 habere
1886 3558 1972 3587 recte
1994 3556 2024 3588 R
2043 3555 2055 3599 ΙΙ
2070 3556 2113 3589 35
2131 3554 2318 3588 uniuersale
2330 3554 2379 3588 R·
2401 3552 2414 3599 ΙΙ

1341 3601 1384 3633 36
1405 3600 1659 3640 restitutionem]
1683 3600 1867 3633 faciendam
1888 3600 1998 3633 statim
2019 3613 2044 3634 s.
2057 3613 2088 3633 v.
2102 3601 2208 3634 adscr.
2223 3600 2256 3633 T
2261 3599 2276 3620 ²
2293 3599 2306 3644 ΙΙ
2321 3598 2414 3632 fidei-

1341 3646 1470 3678 oomissi
1491 3645 1523 3678 V
1540 3645 1823 3678 fideicommissum
1846 3646 1895 3677 Ra
1914 3644 1926 3690 ΙΙ
1941 3646 2022 3678 haec
2041 3663 2086 3670 ·-
2110 3647 2186 3686 515,
2199 3652 2216 3679 3
2235 3644 2304 3678 sola
2323 3642 2410 3690 fidei}

1341 3703 1401 3724 scr.
1416 3690 1466 3723 R²
1486 3692 1518 3723 in
1543 3704 1608 3724 ras.
1624 3692 1666 3735 2}
1683 3703 1728 3724 vs.
1745 3689 1757 3732 ΙΙ
1776 3691 1816 3723 37
1842 3694 1921 3723 sunt
1945 3690 2075 3724 decreta
2100 3689 2172 3732 R(²)
2190 3689 2246 3735 1Ιεί
2270 3688 2346 3736 R(²)
