<?xml version="1.0" encoding="UTF-8"?>
<!DOCTYPE html PUBLIC "-//W3C//DTD XHTML 1.0 Transitional//EN"
    "http://www.w3.org/TR/xhtml1/DTD/xhtml1-transitional.dtd">
<html xmlns="http://www.w3.org/1999/xhtml" xml:lang="en" lang="en">
 <head>
  <title>
</title>
<meta http-equiv="Content-Type" content="text/html;charset=utf-8" />
  <meta name='ocr-system' content='tesseract 3.04.00' />
  <meta name='ocr-capabilities' content='ocr_page ocr_carea ocr_par ocr_line ocrx_word'/>
</head>
<body>
  <div class='ocr_page' id='page_1' title='image "./corpusjuriscivil00krueuoft_0013.png"; bbox 0 0 2592 3840; ppageno 0'>
   <div class='ocr_carea' id='block_1_1' title="bbox 83 1547 342 1596">
    <p class='ocr_par' dir='ltr' id='par_1_1' title="bbox 83 1547 342 1596">
     <span class='ocr_line' id='line_1_1' title="bbox 83 1547 342 1596; baseline 0.004 -11"><span class='ocrx_word' id='word_1_1' title='bbox 83 1590 88 1596; x_wconf 47' lang='grc'><strong>,</strong></span> <span class='ocrx_word' id='word_1_2' title='bbox 156 1547 342 1586; x_wconf 83' lang='grc' dir='ltr'><strong><em>τιωτῶν.</em></strong></span> 
     </span>
    </p>
   </div>
   <div class='ocr_carea' id='block_1_2' title="bbox 0 638 73 3840">
    <p class='ocr_par' dir='ltr' id='par_1_2' title="bbox 0 638 73 3840">
     <span class='ocr_line' id='line_1_2' title="bbox 0 638 73 3840; baseline 0 0"><span class='ocrx_word' id='word_1_3' title='bbox 0 638 73 3840; x_wconf 95' lang='lat' dir='ltr'><strong> </strong></span> 
     </span>
    </p>
   </div>
   <div class='ocr_carea' id='block_1_3' title="bbox 1080 142 1234 150">
    <p class='ocr_par' dir='ltr' id='par_1_3' title="bbox 1080 142 1234 150">
     <span class='ocr_line' id='line_1_3' title="bbox 1080 142 1234 150; baseline 0 3690"><span class='ocrx_word' id='word_1_4' title='bbox 1080 142 1234 150; x_wconf 95' lang='lat' dir='ltr'><strong> </strong></span> 
     </span>
    </p>
   </div>
   <div class='ocr_carea' id='block_1_4' title="bbox 155 194 1236 2673">
    <p class='ocr_par' dir='ltr' id='par_1_4' title="bbox 162 194 1236 479">
     <span class='ocr_line' id='line_1_4' title="bbox 165 194 1236 265; baseline -0.005 -22"><span class='ocrx_word' id='word_1_5' title='bbox 165 199 282 243; x_wconf 84' lang='grc' dir='ltr'><strong>σιλεῖ</strong></span> <span class='ocrx_word' id='word_1_6' title='bbox 299 194 503 253; x_wconf 71' lang='grc' dir='ltr'><strong><em>εὐσεβοῦς</em></strong></span> <span class='ocrx_word' id='word_1_7' title='bbox 519 198 740 265; x_wconf 86' lang='grc' dir='ltr'><strong>βασιλέως</strong></span> <span class='ocrx_word' id='word_1_8' title='bbox 756 197 967 264; x_wconf 78' lang='grc' dir='ltr'><strong><em>ῥωμαίων</em></strong></span> <span class='ocrx_word' id='word_1_9' title='bbox 987 195 1036 239; x_wconf 81' lang='grc' dir='ltr'><strong><em>αἱ</em></strong></span> <span class='ocrx_word' id='word_1_10' title='bbox 1053 199 1143 238; x_wconf 82' lang='grc' dir='ltr'><strong>τῶν</strong></span> <span class='ocrx_word' id='word_1_11' title='bbox 1162 194 1236 238; x_wconf 87' lang='grc' dir='ltr'><strong>νό-</strong></span> 
     </span>
     <span class='ocr_line' id='line_1_5' title="bbox 162 250 1233 311; baseline -0.002 -13"><span class='ocrx_word' id='word_1_12' title='bbox 162 271 260 310; x_wconf 91' lang='grc' dir='ltr'><strong>μων</strong></span> <span class='ocrx_word' id='word_1_13' title='bbox 278 254 639 311; x_wconf 67' lang='grc' dir='ltr'><strong><em>ὲπανορθωτααὶ</em></strong></span> <span class='ocrx_word' id='word_1_14' title='bbox 658 250 1002 306; x_wconf 68' lang='grc' dir='ltr'><strong>ἆνακαθάρσεις.</strong></span> <span class='ocrx_word' id='word_1_15' title='bbox 1045 252 1233 296; x_wconf 79' lang='lat' dir='ltr'><strong>Deinde:</strong></span> 
     </span>
     <span class='ocr_line' id='line_1_6' title="bbox 164 309 1234 366; baseline -0.002 -13"><span class='ocrx_word' id='word_1_16' title='bbox 164 314 412 366; x_wconf 66' lang='grc' dir='ltr'><strong>προοιπιίοη</strong></span> <span class='ocrx_word' id='word_1_17' title='bbox 440 312 548 363; x_wconf 88' lang='lat' dir='ltr'><strong>(sic).</strong></span> <span class='ocrx_word' id='word_1_18' title='bbox 568 333 625 341; x_wconf 92' lang='lat'>—</span> <span class='ocrx_word' id='word_1_19' title='bbox 644 310 886 365; x_wconf 88' lang='lat' dir='ltr'><strong>Sequuntur</strong></span> <span class='ocrx_word' id='word_1_20' title='bbox 904 309 1061 353; x_wconf 88' lang='lat' dir='ltr'><strong>Leonis</strong></span> <span class='ocrx_word' id='word_1_21' title='bbox 1088 309 1234 352; x_wconf 84' lang='lat' dir='ltr'><strong>novel</strong></span> 
     </span>
     <span class='ocr_line' id='line_1_7' title="bbox 163 362 1231 434; baseline -0.005 -23"><span class='ocrx_word' id='word_1_22' title='bbox 163 369 233 411; x_wconf 88' lang='lat' dir='ltr'><strong>lae</strong></span> <span class='ocrx_word' id='word_1_23' title='bbox 255 369 350 423; x_wconf 87' lang='lat'><strong>113,</strong></span> <span class='ocrx_word' id='word_1_24' title='bbox 378 380 578 434; x_wconf 87' lang='lat' dir='ltr'><strong>quarum</strong></span> <span class='ocrx_word' id='word_1_25' title='bbox 584 367 735 410; x_wconf 91' lang='lat' dir='ltr'><strong>ultima</strong></span> <span class='ocrx_word' id='word_1_26' title='bbox 761 365 920 409; x_wconf 77' lang='lat' dir='ltr'><strong>desinit</strong></span> <span class='ocrx_word' id='word_1_27' title='bbox 946 366 977 408; x_wconf 85' lang='lat' dir='ltr'><strong>f.</strong></span> <span class='ocrx_word' id='word_1_28' title='bbox 1000 366 1072 408; x_wconf 73' lang='lat'><strong>62¹</strong></span> <span class='ocrx_word' id='word_1_29' title='bbox 1101 366 1146 408; x_wconf 90' lang='lat' dir='ltr'><strong>in</strong></span> <span class='ocrx_word' id='word_1_30' title='bbox 1172 362 1231 420; x_wconf 84' lang='grc' dir='ltr'><strong><em>μὴ</em></strong></span> 
     </span>
     <span class='ocr_line' id='line_1_8' title="bbox 166 417 893 479; baseline -0.006 -13"><span class='ocrx_word' id='word_1_31' title='bbox 166 425 525 479; x_wconf 78' lang='grc' dir='ltr'><strong><em>παραιτουμένης</em></strong></span> <span class='ocrx_word' id='word_1_32' title='bbox 553 417 859 471; x_wconf 73' lang='grc' dir='ltr'><strong><em>ἀποστάσεως.</em></strong></span> <span class='ocrx_word' id='word_1_33' title='bbox 862 422 893 471; x_wconf 89' lang='lat'><strong>¹)</strong></span> 
     </span>
    </p>

    <p class='ocr_par' dir='ltr' id='par_1_5' title="bbox 158 474 1234 925">
     <span class='ocr_line' id='line_1_9' title="bbox 246 474 1234 545; baseline -0.004 -23"><span class='ocrx_word' id='word_1_34' title='bbox 246 480 276 522; x_wconf 85' lang='lat' dir='ltr'><strong>f.</strong></span> <span class='ocrx_word' id='word_1_35' title='bbox 296 481 499 522; x_wconf 52' lang='grc' dir='ltr'><strong>621-67Υ</strong></span> <span class='ocrx_word' id='word_1_36' title='bbox 533 478 690 534; x_wconf 80' lang='grc' dir='ltr'><strong><em>μελέτη</em></strong></span> <span class='ocrx_word' id='word_1_37' title='bbox 729 478 835 545; x_wconf 83' lang='grc' dir='ltr'><strong><em>περὶ</em></strong></span> <span class='ocrx_word' id='word_1_38' title='bbox 869 477 1018 544; x_wconf 81' lang='grc' dir='ltr'><strong>ψιλῶν</strong></span> <span class='ocrx_word' id='word_1_39' title='bbox 1048 474 1234 533; x_wconf 82' lang='grc' dir='ltr'><strong><em>συμφώ·</em></strong></span> 
     </span>
     <span class='ocr_line' id='line_1_10' title="bbox 163 529 1232 603; baseline 0 -27"><span class='ocrx_word' id='word_1_40' title='bbox 163 550 262 577; x_wconf 85' lang='grc' dir='ltr'><strong><em>νων.</em></strong></span> <span class='ocrx_word' id='word_1_41' title='bbox 315 535 491 603; x_wconf 76' lang='lat' dir='ltr'><strong>Incipit.</strong></span> <span class='ocrx_word' id='word_1_42' title='bbox 520 533 561 577; x_wconf 87' lang='grc' dir='ltr'><strong><em>εἰ</em></strong></span> <span class='ocrx_word' id='word_1_43' title='bbox 587 533 668 588; x_wconf 83' lang='grc' dir='ltr'><strong>μὲν</strong></span> <span class='ocrx_word' id='word_1_44' title='bbox 697 529 759 576; x_wconf 80' lang='grc' dir='ltr'><strong>δι’</strong></span> <span class='ocrx_word' id='word_1_45' title='bbox 793 531 885 601; x_wconf 81' lang='grc' dir='ltr'><strong>ἔριν</strong></span> <span class='ocrx_word' id='word_1_46' title='bbox 912 531 1027 585; x_wconf 81' lang='grc' dir='ltr'><strong>τινὰ,</strong></span> <span class='ocrx_word' id='word_1_47' title='bbox 1057 533 1232 577; x_wconf 88' lang='lat' dir='ltr'><strong>desinit:</strong></span> 
     </span>
     <span class='ocr_line' id='line_1_11' title="bbox 161 585 1231 647; baseline -0.002 -14"><span class='ocrx_word' id='word_1_48' title='bbox 161 589 237 633; x_wconf 78' lang='grc' dir='ltr'><strong>ἵνα</strong></span> <span class='ocrx_word' id='word_1_49' title='bbox 263 591 337 633; x_wconf 77' lang='grc' dir='ltr'><strong>καὶ</strong></span> <span class='ocrx_word' id='word_1_50' title='bbox 366 587 493 647; x_wconf 81' lang='grc' dir='ltr'><em>ἡμεῖς</em></span> <span class='ocrx_word' id='word_1_51' title='bbox 523 585 667 633; x_wconf 74' lang='grc' dir='ltr'><strong><em>αὗτῶν</em></strong></span> <span class='ocrx_word' id='word_1_52' title='bbox 695 585 995 643; x_wconf 70' lang='grc' dir='ltr'><strong><em>ἇκουσώμεθα</em></strong></span> <span class='ocrx_word' id='word_1_53' title='bbox 1013 594 1061 633; x_wconf 89' lang='grc' dir='ltr'><strong>ιιι</strong></span> <span class='ocrx_word' id='word_1_54' title='bbox 1078 590 1125 632; x_wconf 91' lang='lat' dir='ltr'><strong>in</strong></span> <span class='ocrx_word' id='word_1_55' title='bbox 1143 589 1231 632; x_wconf 90' lang='lat' dir='ltr'><strong>edi·</strong></span> 
     </span>
     <span class='ocr_line' id='line_1_12' title="bbox 161 645 1232 690; baseline -0.004 0"><span class='ocrx_word' id='word_1_56' title='bbox 161 648 278 690; x_wconf 86' lang='lat' dir='ltr'><strong>tione</strong></span> <span class='ocrx_word' id='word_1_57' title='bbox 314 647 564 690; x_wconf 81' lang='lat' dir='ltr'><strong>Leunclavii</strong></span> <span class='ocrx_word' id='word_1_58' title='bbox 600 647 671 690; x_wconf 90' lang='lat' dir='ltr'><strong>Ius</strong></span> <span class='ocrx_word' id='word_1_59' title='bbox 708 646 900 690; x_wconf 69' lang='lat' dir='ltr'><strong>Gmco·</strong></span> <span class='ocrx_word' id='word_1_60' title='bbox 910 647 1034 690; x_wconf 85' lang='lat' dir='ltr'><strong>Rom.</strong></span> <span class='ocrx_word' id='word_1_61' title='bbox 1064 645 1108 688; x_wconf 93' lang='lat'><strong>11</strong></span> <span class='ocrx_word' id='word_1_62' title='bbox 1136 647 1232 687; x_wconf 89' lang='grc'><strong>202.</strong></span> 
     </span>
     <span class='ocr_line' id='line_1_13' title="bbox 162 702 1232 770; baseline -0.002 -24"><span class='ocrx_word' id='word_1_63' title='bbox 162 702 364 757; x_wconf 66' lang='lat' dir='ltr'><strong>Seqmtur</strong></span> <span class='ocrx_word' id='word_1_64' title='bbox 391 703 646 770; x_wconf 78' lang='lat' dir='ltr'><strong>subscriptio</strong></span> <span class='ocrx_word' id='word_1_65' title='bbox 674 703 732 745; x_wconf 88' lang='lat' dir='ltr'><strong>ad</strong></span> <span class='ocrx_word' id='word_1_66' title='bbox 751 703 908 746; x_wconf 85' lang='lat' dir='ltr'><strong>Leonis</strong></span> <span class='ocrx_word' id='word_1_67' title='bbox 925 703 1120 746; x_wconf 79' lang='lat' dir='ltr'><strong>novellas</strong></span> <span class='ocrx_word' id='word_1_68' title='bbox 1124 715 1232 768; x_wconf 84' lang='lat' dir='ltr'><strong>per-</strong></span> 
     </span>
     <span class='ocr_line' id='line_1_14' title="bbox 161 756 1234 812; baseline -0.002 -10"><span class='ocrx_word' id='word_1_69' title='bbox 161 759 320 802; x_wconf 74' lang='lat' dir='ltr'><strong>tineus:</strong></span> <span class='ocrx_word' id='word_1_70' title='bbox 362 759 489 808; x_wconf 98' lang='grc' dir='ltr'><strong><em>τέλος</em></strong></span> <span class='ocrx_word' id='word_1_71' title='bbox 515 763 604 801; x_wconf 81' lang='grc' dir='ltr'><strong>τῶν</strong></span> <span class='ocrx_word' id='word_1_72' title='bbox 634 757 942 812; x_wconf 71' lang='grc' dir='ltr'><strong>διορθωτικῶν</strong></span> <span class='ocrx_word' id='word_1_73' title='bbox 968 759 1057 800; x_wconf 88' lang='grc' dir='ltr'><strong>τῶν</strong></span> <span class='ocrx_word' id='word_1_74' title='bbox 1086 756 1234 811; x_wconf 91' lang='grc' dir='ltr'><strong><em>νόμων</em></strong></span> 
     </span>
     <span class='ocr_line' id='line_1_15' title="bbox 162 808 1233 882; baseline -0.001 -24"><span class='ocrx_word' id='word_1_75' title='bbox 162 808 524 882; x_wconf 72' lang='grc' dir='ltr'><strong><em>ἇνακαθάρσεων.</em></strong></span> <span class='ocrx_word' id='word_1_76' title='bbox 572 815 677 859; x_wconf 90' lang='lat' dir='ltr'><strong>Post</strong></span> <span class='ocrx_word' id='word_1_77' title='bbox 703 816 887 870; x_wconf 85' lang='lat' dir='ltr'><strong>spatium</strong></span> <span class='ocrx_word' id='word_1_78' title='bbox 915 819 1079 869; x_wconf 78' lang='lat' dir='ltr'><strong>septem</strong></span> <span class='ocrx_word' id='word_1_79' title='bbox 1101 815 1233 858; x_wconf 87' lang='lat' dir='ltr'><strong>linea·</strong></span> 
     </span>
     <span class='ocr_line' id='line_1_16' title="bbox 158 871 431 925; baseline 0 -11"><span class='ocrx_word' id='word_1_80' title='bbox 158 883 252 914; x_wconf 88' lang='lat' dir='ltr'><strong>rum</strong></span> <span class='ocrx_word' id='word_1_81' title='bbox 281 871 431 925; x_wconf 80' lang='lat' dir='ltr'><strong>incipit</strong></span> 
     </span>
    </p>

    <p class='ocr_par' dir='ltr' id='par_1_6' title="bbox 155 924 1233 1938">
     <span class='ocr_line' id='line_1_17' title="bbox 243 924 1233 994; baseline -0.002 -25"><span class='ocrx_word' id='word_1_82' title='bbox 243 927 275 969; x_wconf 81' lang='lat' dir='ltr'><strong>f.</strong></span> <span class='ocrx_word' id='word_1_83' title='bbox 302 929 377 969; x_wconf 66' lang='lat'><strong>67*</strong></span> <span class='ocrx_word' id='word_1_84' title='bbox 421 926 553 970; x_wconf 86' lang='lat' dir='ltr'><strong>index</strong></span> <span class='ocrx_word' id='word_1_85' title='bbox 593 939 751 970; x_wconf 79' lang='lat' dir='ltr'><strong>novus·</strong></span> <span class='ocrx_word' id='word_1_86' title='bbox 801 924 1004 976; x_wconf 81' lang='grc' dir='ltr'><strong>διάταξις</strong></span> <span class='ocrx_word' id='word_1_87' title='bbox 1044 924 1233 994; x_wconf 79' lang='grc' dir='ltr'><strong><em>ζήνωνος</em></strong></span> 
     </span>
     <span class='ocr_line' id='line_1_18' title="bbox 158 981 1231 1039; baseline 0 -15"><span class='ocrx_word' id='word_1_88' title='bbox 158 981 379 1036; x_wconf 81' lang='grc' dir='ltr'><strong>βασιλέως</strong></span> <span class='ocrx_word' id='word_1_89' title='bbox 414 984 520 1038; x_wconf 79' lang='grc' dir='ltr'><strong><em>περὶ</em></strong></span> <span class='ocrx_word' id='word_1_90' title='bbox 558 984 864 1036; x_wconf 84' lang='grc' dir='ltr'><strong><em>καινοτομιῶν.</em></strong></span> <span class='ocrx_word' id='word_1_91' title='bbox 922 982 1028 1038; x_wconf 79' lang='grc' dir='ltr'><strong><em>περὶ</em></strong></span> <span class='ocrx_word' id='word_1_92' title='bbox 1063 986 1142 1024; x_wconf 89' lang='grc' dir='ltr'><strong>τσῦ</strong></span> <span class='ocrx_word' id='word_1_93' title='bbox 1171 981 1231 1039; x_wconf 87' lang='grc' dir='ltr'><strong><em>μὴ</em></strong></span> 
     </span>
     <span class='ocr_line' id='line_1_19' title="bbox 158 1036 1231 1150; baseline 0 -12"><span class='ocrx_word' id='word_1_94' title='bbox 158 1036 1231 1150; x_wconf 50' lang='grc' dir='ltr'><strong>ἒέιξῖῗέξέῗῖηξξωέ*ὦῗῗξἪωιῗοῖῗῧιηἛ</strong></span> 
     </span>
     <span class='ocr_line' id='line_1_20' title="bbox 159 1151 1231 1279; baseline 0 -29"><span class='ocrx_word' id='word_1_95' title='bbox 159 1152 854 1279; x_wconf 50' lang='lat' dir='ltr'><strong>iiissfflffiluffssnffffiig</strong></span> <span class='ocrx_word' id='word_1_96' title='bbox 869 1151 1231 1278; x_wconf 49' lang='grc' dir='ltr'><strong>ῗῗᾳῖἓῗξςᾞῖἶ</strong></span> 
     </span>
     <span class='ocr_line' id='line_1_21' title="bbox 158 1259 1229 1331; baseline 0.001 -26"><span class='ocrx_word' id='word_1_97' title='bbox 158 1267 248 1306; x_wconf 83' lang='grc' dir='ltr'><strong>τῶν</strong></span> <span class='ocrx_word' id='word_1_98' title='bbox 268 1259 588 1330; x_wconf 79' lang='grc' dir='ltr'><strong><em>ἁλεξανδρέων</em></strong></span> <span class='ocrx_word' id='word_1_99' title='bbox 580 1264 655 1305; x_wconf 83' lang='grc' dir='ltr'><strong>καὶ</strong></span> <span class='ocrx_word' id='word_1_100' title='bbox 670 1267 759 1305; x_wconf 85' lang='grc' dir='ltr'><strong>τῶν</strong></span> <span class='ocrx_word' id='word_1_101' title='bbox 773 1262 1075 1318; x_wconf 81' lang='grc' dir='ltr'><strong>αἰγυπτιακῶν</strong></span> <span class='ocrx_word' id='word_1_102' title='bbox 1089 1261 1229 1331; x_wconf 76' lang='grc' dir='ltr'><strong><em>ἐπαρ-</em></strong></span> 
     </span>
     <span class='ocr_line' id='line_1_22' title="bbox 155 1314 1230 1387; baseline 0 -25"><span class='ocrx_word' id='word_1_103' title='bbox 155 1322 278 1372; x_wconf 75' lang='grc' dir='ltr'><strong>χιών.</strong></span> <span class='ocrx_word' id='word_1_104' title='bbox 334 1319 535 1374; x_wconf 79' lang='lat' dir='ltr'><strong>Sequitur</strong></span> <span class='ocrx_word' id='word_1_105' title='bbox 564 1314 671 1387; x_wconf 68' lang='grc' dir='ltr'><strong>ἂρχιὶ</strong></span> <span class='ocrx_word' id='word_1_106' title='bbox 701 1323 781 1362; x_wconf 84' lang='grc' dir='ltr'><strong>τοῦ</strong></span> <span class='ocrx_word' id='word_1_107' title='bbox 811 1319 1034 1363; x_wconf 84' lang='grc' dir='ltr'><strong><em>ἰουστίνου</em></strong></span> <span class='ocrx_word' id='word_1_108' title='bbox 1063 1325 1230 1374; x_wconf 79' lang='grc' dir='ltr'><strong><em>νεαρῶν</em></strong></span> 
     </span>
     <span class='ocr_line' id='line_1_23' title="bbox 159 1373 1229 1443; baseline 0.002 -26"><span class='ocrx_word' id='word_1_109' title='bbox 159 1373 219 1426; x_wconf 92' lang='grc' dir='ltr'><strong>(α’</strong></span> <span class='ocrx_word' id='word_1_110' title='bbox 223 1373 342 1427; x_wconf 89' lang='grc' dir='ltr'><strong>-ε’),</strong></span> <span class='ocrx_word' id='word_1_111' title='bbox 378 1376 536 1419; x_wconf 85' lang='lat' dir='ltr'><strong>deinde</strong></span> <span class='ocrx_word' id='word_1_112' title='bbox 566 1391 673 1432; x_wconf 75' lang='grc' dir='ltr'><strong><em>αρχη</em></strong></span> <span class='ocrx_word' id='word_1_113' title='bbox 703 1379 791 1419; x_wconf 84' lang='grc' dir='ltr'><strong>τῶν</strong></span> <span class='ocrx_word' id='word_1_114' title='bbox 819 1379 1015 1443; x_wconf 64' lang='grc' dir='ltr'><strong>τιβερίου</strong></span> <span class='ocrx_word' id='word_1_115' title='bbox 1044 1380 1091 1424; x_wconf 95' lang='grc' dir='ltr'><strong>(α</strong></span> <span class='ocrx_word' id='word_1_116' title='bbox 1091 1375 1229 1429; x_wconf 72' lang='lat'><strong>&#39;—5‘),</strong></span> 
     </span>
     <span class='ocr_line' id='line_1_24' title="bbox 158 1429 1230 1487; baseline 0 -12"><span class='ocrx_word' id='word_1_117' title='bbox 158 1435 247 1475; x_wconf 83' lang='lat' dir='ltr'><strong>tum</strong></span> <span class='ocrx_word' id='word_1_118' title='bbox 277 1429 317 1473; x_wconf 87' lang='grc' dir='ltr'><strong><em>α’</em></strong></span> <span class='ocrx_word' id='word_1_119' title='bbox 348 1436 470 1480; x_wconf 87' lang='lat' dir='ltr'><strong>(corr.</strong></span> <span class='ocrx_word' id='word_1_120' title='bbox 500 1445 558 1475; x_wconf 87' lang='lat' dir='ltr'><strong>ex</strong></span> <span class='ocrx_word' id='word_1_121' title='bbox 585 1430 620 1483; x_wconf 84' lang='grc' dir='ltr'><strong><em>ζ</em></strong></span> <span class='ocrx_word' id='word_1_122' title='bbox 622 1437 639 1483; x_wconf 83' lang='grc'><strong>)</strong></span> <span class='ocrx_word' id='word_1_123' title='bbox 667 1434 798 1482; x_wconf 73' lang='grc' dir='ltr'><strong><em>θεῖος</em></strong></span> <span class='ocrx_word' id='word_1_124' title='bbox 824 1448 966 1482; x_wconf 79' lang='grc' dir='ltr'><strong><em>τυπος</em></strong></span> <span class='ocrx_word' id='word_1_125' title='bbox 993 1433 1097 1487; x_wconf 81' lang='grc' dir='ltr'><strong><em>περὶ</em></strong></span> <span class='ocrx_word' id='word_1_126' title='bbox 1129 1431 1230 1475; x_wconf 79' lang='grc' dir='ltr'><strong>ἐπι-</strong></span> 
     </span>
     <span class='ocr_line' id='line_1_25' title="bbox 156 1485 1231 1557; baseline 0.002 -28"><span class='ocrx_word' id='word_1_127' title='bbox 156 1487 311 1542; x_wconf 83' lang='grc' dir='ltr'><strong><em>βολῆς·</em></strong></span> <span class='ocrx_word' id='word_1_128' title='bbox 339 1485 382 1541; x_wconf 75' lang='grc' dir='ltr'><strong>β’</strong></span> <span class='ocrx_word' id='word_1_129' title='bbox 411 1488 517 1542; x_wconf 77' lang='grc' dir='ltr'><strong><em>περὶ</em></strong></span> <span class='ocrx_word' id='word_1_130' title='bbox 546 1489 842 1543; x_wconf 79' lang='grc' dir='ltr'><strong>στρατιωτῶν.</strong></span> <span class='ocrx_word' id='word_1_131' title='bbox 889 1489 926 1544; x_wconf 79' lang='grc' dir='ltr'><strong>γ’</strong></span> <span class='ocrx_word' id='word_1_132' title='bbox 958 1490 1063 1544; x_wconf 79' lang='grc' dir='ltr'><strong><em>περὶ</em></strong></span> <span class='ocrx_word' id='word_1_133' title='bbox 1094 1502 1231 1557; x_wconf 69' lang='grc' dir='ltr'><strong><em>στρα-</em></strong></span> 
     </span>
     <span class='ocr_line' id='line_1_26' title="bbox 477 1545 1231 1613; baseline 0.004 -28.073"><span class='ocrx_word' id='word_1_134' title='bbox 477 1545 599 1611; x_wconf 85' lang='grc' dir='ltr'><strong><em>περὶ</em></strong></span> <span class='ocrx_word' id='word_1_135' title='bbox 626 1546 1010 1613; x_wconf 77' lang='grc' dir='ltr'><strong>παρασποριτῶν.</strong></span> <span class='ocrx_word' id='word_1_136' title='bbox 1082 1559 1104 1588; x_wconf 84' lang='grc' dir='ltr'><strong><em>ε</em></strong></span> <span class='ocrx_word' id='word_1_137' title='bbox 1159 1561 1231 1588; x_wconf 90' lang='grc' dir='ltr'><strong>οτι</strong></span> 
     </span>
     <span class='ocr_line' id='line_1_27' title="bbox 156 1594 1230 1670; baseline 0.003 -29"><span class='ocrx_word' id='word_1_138' title='bbox 156 1606 257 1649; x_wconf 83' lang='grc' dir='ltr'><strong><em>ταῖς</em></strong></span> <span class='ocrx_word' id='word_1_139' title='bbox 284 1594 438 1668; x_wconf 70' lang='grc' dir='ltr'><strong><em>ἀρχαῖς</em></strong></span> <span class='ocrx_word' id='word_1_140' title='bbox 467 1594 558 1642; x_wconf 75' lang='grc' dir='ltr'><strong><em>ἄλλ’</em></strong></span> <span class='ocrx_word' id='word_1_141' title='bbox 593 1595 645 1643; x_wconf 78' lang='grc' dir='ltr'><strong>οὐ</strong></span> <span class='ocrx_word' id='word_1_142' title='bbox 672 1609 768 1650; x_wconf 88' lang='grc' dir='ltr'><strong><em>τοῖς</em></strong></span> <span class='ocrx_word' id='word_1_143' title='bbox 796 1597 1018 1669; x_wconf 77' lang='grc' dir='ltr'><strong>ἄρχουσιν</strong></span> <span class='ocrx_word' id='word_1_144' title='bbox 1024 1596 1230 1670; x_wconf 70' lang='grc' dir='ltr'><strong>ἀντιγρά-</strong></span> 
     </span>
     <span class='ocr_line' id='line_1_28' title="bbox 158 1651 1229 1724; baseline 0.002 -26"><span class='ocrx_word' id='word_1_145' title='bbox 158 1670 238 1724; x_wconf 70' lang='grc' dir='ltr'><strong>φει</strong></span> <span class='ocrx_word' id='word_1_146' title='bbox 278 1651 302 1698; x_wconf 82' lang='grc' dir='ltr'><em>ὃ</em></span> <span class='ocrx_word' id='word_1_147' title='bbox 346 1651 569 1710; x_wconf 82' lang='grc' dir='ltr'><strong>βασιλεύς.</strong></span> <span class='ocrx_word' id='word_1_148' title='bbox 626 1657 747 1701; x_wconf 88' lang='lat' dir='ltr'><strong>Haec</strong></span> <span class='ocrx_word' id='word_1_149' title='bbox 791 1659 952 1713; x_wconf 87' lang='lat' dir='ltr'><strong>excipit</strong></span> <span class='ocrx_word' id='word_1_150' title='bbox 993 1653 1104 1716; x_wconf 82' lang='grc' dir='ltr'><strong>ἇρχή</strong></span> <span class='ocrx_word' id='word_1_151' title='bbox 1140 1663 1229 1700; x_wconf 83' lang='grc' dir='ltr'><strong>τῶν</strong></span> 
     </span>
     <span class='ocr_line' id='line_1_29' title="bbox 157 1711 1228 1770; baseline 0.004 -16"><span class='ocrx_word' id='word_1_152' title='bbox 157 1713 409 1766; x_wconf 77' lang='grc' dir='ltr'><strong>υπαρχικῶν</strong></span> <span class='ocrx_word' id='word_1_153' title='bbox 436 1711 603 1764; x_wconf 81' lang='grc' dir='ltr'><strong><em>τύπων,</em></strong></span> <span class='ocrx_word' id='word_1_154' title='bbox 632 1714 763 1757; x_wconf 88' lang='lat' dir='ltr'><strong>index</strong></span> <span class='ocrx_word' id='word_1_155' title='bbox 786 1714 1015 1758; x_wconf 84' lang='lat' dir='ltr'><strong>formarum</strong></span> <span class='ocrx_word' id='word_1_156' title='bbox 1035 1715 1228 1770; x_wconf 87' lang='lat' dir='ltr'><strong>eparchi-</strong></span> 
     </span>
     <span class='ocr_line' id='line_1_30' title="bbox 158 1765 1227 1823; baseline 0.002 -10"><span class='ocrx_word' id='word_1_157' title='bbox 158 1781 303 1813; x_wconf 85' lang='lat' dir='ltr'><strong>carum</strong></span> <span class='ocrx_word' id='word_1_158' title='bbox 332 1781 458 1823; x_wconf 89' lang='lat' dir='ltr'><strong>quem</strong></span> <span class='ocrx_word' id='word_1_159' title='bbox 486 1769 623 1812; x_wconf 85' lang='lat' dir='ltr'><strong>edidit</strong></span> <span class='ocrx_word' id='word_1_160' title='bbox 646 1769 882 1814; x_wconf 74' lang='lat' dir='ltr'><strong>Zachariae</strong></span> <span class='ocrx_word' id='word_1_161' title='bbox 912 1765 1053 1813; x_wconf 79' lang='grc' dir='ltr'><strong><em>ἇνέκδ.</em></strong></span> <span class='ocrx_word' id='word_1_162' title='bbox 1074 1772 1156 1813; x_wconf 88' lang='grc'><strong>258</strong></span> <span class='ocrx_word' id='word_1_163' title='bbox 1171 1785 1227 1815; x_wconf 90' lang='lat' dir='ltr'><strong>ss.</strong></span> 
     </span>
     <span class='ocr_line' id='line_1_31' title="bbox 157 1824 1226 1876; baseline 0.001 -8"><span class='ocrx_word' id='word_1_164' title='bbox 157 1825 327 1868; x_wconf 76' lang='lat' dir='ltr'><strong>Desinit</strong></span> <span class='ocrx_word' id='word_1_165' title='bbox 344 1825 375 1867; x_wconf 82' lang='lat' dir='ltr'><strong>f.</strong></span> <span class='ocrx_word' id='word_1_166' title='bbox 396 1827 488 1867; x_wconf 76' lang='lat'><strong>73&#39;:</strong></span> <span class='ocrx_word' id='word_1_167' title='bbox 519 1824 593 1866; x_wconf 65' lang='lat'><strong>43&#39;</strong></span> <span class='ocrx_word' id='word_1_168' title='bbox 623 1824 764 1875; x_wconf 79' lang='grc' dir='ltr'><strong><em>τύπος</em></strong></span> <span class='ocrx_word' id='word_1_169' title='bbox 793 1825 969 1876; x_wconf 78' lang='grc' dir='ltr'><strong><em>λέοντος</em></strong></span> <span class='ocrx_word' id='word_1_170' title='bbox 995 1831 1075 1869; x_wconf 85' lang='grc' dir='ltr'><strong>τοῦ</strong></span> <span class='ocrx_word' id='word_1_171' title='bbox 1105 1826 1226 1869; x_wconf 77' lang='grc' dir='ltr'><strong><em>ἐνδο-</em></strong></span> 
     </span>
     <span class='ocr_line' id='line_1_32' title="bbox 158 1878 1130 1947; baseline 0.005 -25"><span class='ocrx_word' id='word_1_172' title='bbox 158 1878 357 1947; x_wconf 73' lang='grc' dir='ltr'><strong><em>ξοτάτου.</em></strong></span> <span class='ocrx_word' id='word_1_173' title='bbox 414 1881 518 1925; x_wconf 94' lang='lat' dir='ltr'><strong>Post</strong></span> <span class='ocrx_word' id='word_1_174' title='bbox 545 1882 703 1925; x_wconf 90' lang='lat' dir='ltr'><strong>lineam</strong></span> <span class='ocrx_word' id='word_1_175' title='bbox 731 1896 911 1926; x_wconf 83' lang='lat' dir='ltr'><strong>vacuam</strong></span> <span class='ocrx_word' id='word_1_176' title='bbox 940 1885 1130 1938; x_wconf 89' lang='lat' dir='ltr'><strong>sequitur</strong></span> 
     </span>
    </p>

    <p class='ocr_par' dir='ltr' id='par_1_7' title="bbox 155 1934 1228 2108">
     <span class='ocr_line' id='line_1_33' title="bbox 242 1934 1227 2007; baseline 0.004 -29"><span class='ocrx_word' id='word_1_177' title='bbox 242 1934 282 1978; x_wconf 91' lang='grc' dir='ltr'><strong><em>α’</em></strong></span> <span class='ocrx_word' id='word_1_178' title='bbox 313 1935 481 1979; x_wconf 84' lang='grc' dir='ltr'><strong>ιδικτον</strong></span> <span class='ocrx_word' id='word_1_179' title='bbox 505 1941 738 1992; x_wconf 73' lang='grc' dir='ltr'><strong>μαυρικίου</strong></span> <span class='ocrx_word' id='word_1_180' title='bbox 757 1941 974 1993; x_wconf 78' lang='grc' dir='ltr'><strong>τιβερίου·</strong></span> <span class='ocrx_word' id='word_1_181' title='bbox 1004 1940 1227 2007; x_wconf 72' lang='grc' dir='ltr'><strong><em>προτεθὲν</em></strong></span> 
     </span>
     <span class='ocr_line' id='line_1_34' title="bbox 155 1994 1228 2066; baseline 0.005 -32"><span class='ocrx_word' id='word_1_182' title='bbox 155 1999 253 2042; x_wconf 85' lang='grc' dir='ltr'><strong><em>τοῖς</em></strong></span> <span class='ocrx_word' id='word_1_183' title='bbox 271 1994 803 2044; x_wconf 82' lang='grc' dir='ltr'><strong><em>κωνσταντινουπολίταις</em></strong></span> <span class='ocrx_word' id='word_1_184' title='bbox 822 1994 1228 2066; x_wconf 74' lang='grc' dir='ltr'><strong><em>παρακελευόμενον</em></strong></span> 
     </span>
     <span class='ocr_line' id='line_1_35' title="bbox 158 2043 1100 2119; baseline 0.005 -29"><span class='ocrx_word' id='word_1_185' title='bbox 158 2043 445 2102; x_wconf 77' lang='grc' dir='ltr'><strong>ἃναιρεῑσθαι</strong></span> <span class='ocrx_word' id='word_1_186' title='bbox 471 2048 553 2099; x_wconf 84' lang='grc' dir='ltr'><strong>τὰς</strong></span> <span class='ocrx_word' id='word_1_187' title='bbox 579 2049 867 2106; x_wconf 84' lang='grc' dir='ltr'><strong>μιτατορικὰς</strong></span> <span class='ocrx_word' id='word_1_188' title='bbox 895 2051 1100 2119; x_wconf 82' lang='grc' dir='ltr'><strong>οἰκήσεις.</strong></span> 
     </span>
    </p>

    <p class='ocr_par' dir='ltr' id='par_1_8' title="bbox 239 2103 1077 2176">
     <span class='ocr_line' id='line_1_36' title="bbox 239 2103 1077 2176; baseline 0.005 -30"><span class='ocrx_word' id='word_1_189' title='bbox 239 2103 282 2159; x_wconf 73' lang='grc' dir='ltr'><strong>β’</strong></span> <span class='ocrx_word' id='word_1_190' title='bbox 310 2108 543 2171; x_wconf 81' lang='grc' dir='ltr'><strong>μαυρικίου</strong></span> <span class='ocrx_word' id='word_1_191' title='bbox 572 2107 677 2160; x_wconf 85' lang='grc' dir='ltr'><strong><em>περὶ</em></strong></span> <span class='ocrx_word' id='word_1_192' title='bbox 708 2107 1077 2176; x_wconf 54' lang='grc' dir='ltr'><strong><em>λιθορολούντων.</em></strong></span> 
     </span>
    </p>

    <p class='ocr_par' dir='ltr' id='par_1_9' title="bbox 156 2159 1227 2389">
     <span class='ocr_line' id='line_1_37' title="bbox 239 2159 1227 2232; baseline 0.004 -29"><span class='ocrx_word' id='word_1_193' title='bbox 239 2161 269 2204; x_wconf 78' lang='grc' dir='ltr'><strong>ι’.</strong></span> <span class='ocrx_word' id='word_1_194' title='bbox 299 2163 370 2203; x_wconf 85' lang='lat'><strong>&#39;¹14¹&#39;</strong></span> <span class='ocrx_word' id='word_1_195' title='bbox 403 2159 468 2203; x_wconf 78' lang='lat' dir='ltr'><strong>a&#39;:</strong></span> <span class='ocrx_word' id='word_1_196' title='bbox 514 2164 752 2216; x_wconf 74' lang='grc' dir='ltr'><strong>θέσπισμα</strong></span> <span class='ocrx_word' id='word_1_197' title='bbox 799 2179 930 2219; x_wconf 75' lang='grc' dir='ltr'><strong><em>ηγουν</em></strong></span> <span class='ocrx_word' id='word_1_198' title='bbox 977 2167 1227 2232; x_wconf 72' lang='grc' dir='ltr'><strong><em>νομοθεσία</em></strong></span> 
     </span>
     <span class='ocr_line' id='line_1_38' title="bbox 158 2214 1226 2288; baseline 0.006 -30"><span class='ocrx_word' id='word_1_199' title='bbox 158 2214 330 2284; x_wconf 78' lang='grc' dir='ltr'><strong><em>εἰρήνης</em></strong></span> <span class='ocrx_word' id='word_1_200' title='bbox 357 2216 548 2272; x_wconf 79' lang='grc' dir='ltr'><strong><em>μεγάλου</em></strong></span> <span class='ocrx_word' id='word_1_201' title='bbox 575 2219 796 2286; x_wconf 83' lang='grc' dir='ltr'><strong>βασιλέως</strong></span> <span class='ocrx_word' id='word_1_202' title='bbox 823 2220 1033 2288; x_wconf 81' lang='grc' dir='ltr'><strong><em>ρωμαίων</em></strong></span> <span class='ocrx_word' id='word_1_203' title='bbox 1050 2222 1126 2264; x_wconf 87' lang='grc' dir='ltr'><strong>καὶ</strong></span> <span class='ocrx_word' id='word_1_204' title='bbox 1146 2217 1226 2264; x_wconf 79' lang='grc' dir='ltr'><strong><em>αὗ-</em></strong></span> 
     </span>
     <span class='ocr_line' id='line_1_39' title="bbox 156 2270 1225 2342; baseline 0.007 -29"><span class='ocrx_word' id='word_1_205' title='bbox 156 2272 421 2328; x_wconf 81' lang='grc' dir='ltr'><strong><em>τοκράτορος</em></strong></span> <span class='ocrx_word' id='word_1_206' title='bbox 435 2274 540 2328; x_wconf 78' lang='grc' dir='ltr'><strong><em>περὶ</em></strong></span> <span class='ocrx_word' id='word_1_207' title='bbox 554 2275 634 2317; x_wconf 82' lang='grc' dir='ltr'><strong>τοῦ</strong></span> <span class='ocrx_word' id='word_1_208' title='bbox 646 2273 707 2329; x_wconf 89' lang='grc' dir='ltr'><strong><em>μὴ</em></strong></span> <span class='ocrx_word' id='word_1_209' title='bbox 722 2270 898 2342; x_wconf 83' lang='grc' dir='ltr'><strong>ὀμνύειν</strong></span> <span class='ocrx_word' id='word_1_210' title='bbox 910 2274 1009 2318; x_wconf 82' lang='grc' dir='ltr'><strong>τινὰ</strong></span> <span class='ocrx_word' id='word_1_211' title='bbox 1023 2276 1225 2332; x_wconf 81' lang='grc' dir='ltr'><strong><em>παραγό-</em></strong></span> 
     </span>
     <span class='ocr_line' id='line_1_40' title="bbox 157 2327 1224 2401; baseline 0.005 -31"><span class='ocrx_word' id='word_1_212' title='bbox 157 2342 289 2382; x_wconf 82' lang='grc' dir='ltr'><strong><em>μενον</em></strong></span> <span class='ocrx_word' id='word_1_213' title='bbox 302 2327 366 2378; x_wconf 82' lang='grc' dir='ltr'><strong>εἰς</strong></span> <span class='ocrx_word' id='word_1_214' title='bbox 377 2333 623 2397; x_wconf 79' lang='grc' dir='ltr'><strong><em>μαρτυρίαν</em></strong></span> <span class='ocrx_word' id='word_1_215' title='bbox 635 2332 707 2373; x_wconf 85' lang='grc' dir='ltr'><strong>καὶ</strong></span> <span class='ocrx_word' id='word_1_216' title='bbox 721 2327 833 2397; x_wconf 79' lang='grc' dir='ltr'><strong><em>ἀμφ.</em></strong></span> <span class='ocrx_word' id='word_1_217' title='bbox 843 2331 1001 2383; x_wconf 66' lang='lat' dir='ltr'><strong>(cornd</strong></span> <span class='ocrx_word' id='word_1_218' title='bbox 1004 2349 1101 2401; x_wconf 87' lang='grc' dir='ltr'><strong>ιαφ.</strong></span> <span class='ocrx_word' id='word_1_219' title='bbox 1105 2335 1224 2389; x_wconf 77' lang='grc' dir='ltr'><strong><em>)κεφ.</em></strong></span> 
     </span>
    </p>

    <p class='ocr_par' dir='ltr' id='par_1_10' title="bbox 156 2382 1227 2663">
     <span class='ocr_line' id='line_1_41' title="bbox 241 2382 1225 2442; baseline 0.007 -18"><span class='ocrx_word' id='word_1_220' title='bbox 241 2382 283 2437; x_wconf 76' lang='grc' dir='ltr'><strong>β’</strong></span> <span class='ocrx_word' id='word_1_221' title='bbox 294 2398 310 2424; x_wconf 84' lang='grc'><strong>.-</strong></span> <span class='ocrx_word' id='word_1_222' title='bbox 345 2400 369 2426; x_wconf 97' lang='grc' dir='ltr'><strong><em>ο</em></strong></span> <span class='ocrx_word' id='word_1_223' title='bbox 409 2383 541 2434; x_wconf 78' lang='grc' dir='ltr'><strong><em>αὐτὸς</em></strong></span> <span class='ocrx_word' id='word_1_224' title='bbox 574 2385 783 2439; x_wconf 81' lang='grc' dir='ltr'><strong>βασιλεὺς</strong></span> <span class='ocrx_word' id='word_1_225' title='bbox 811 2402 914 2441; x_wconf 82' lang='grc' dir='ltr'><strong>περι</strong></span> <span class='ocrx_word' id='word_1_226' title='bbox 943 2389 1032 2430; x_wconf 83' lang='grc' dir='ltr'><strong>τῶν</strong></span> <span class='ocrx_word' id='word_1_227' title='bbox 1061 2388 1225 2442; x_wconf 76' lang='grc' dir='ltr'><strong><em>ἀθεμί-</em></strong></span> 
     </span>
     <span class='ocr_line' id='line_1_42' title="bbox 157 2441 1227 2498; baseline 0.006 -17"><span class='ocrx_word' id='word_1_228' title='bbox 157 2453 246 2488; x_wconf 90' lang='grc' dir='ltr'><strong>τως</strong></span> <span class='ocrx_word' id='word_1_229' title='bbox 282 2443 625 2494; x_wconf 77' lang='grc' dir='ltr'><strong><em>συναπτομένων</em></strong></span> <span class='ocrx_word' id='word_1_230' title='bbox 663 2441 755 2484; x_wconf 76' lang='grc' dir='ltr'><strong>ἀπὸ</strong></span> <span class='ocrx_word' id='word_1_231' title='bbox 793 2446 944 2497; x_wconf 82' lang='grc' dir='ltr'><strong><em>τρίτου</em></strong></span> <span class='ocrx_word' id='word_1_232' title='bbox 980 2442 1123 2498; x_wconf 79' lang='grc' dir='ltr'><strong><em>γάμου</em></strong></span> <span class='ocrx_word' id='word_1_233' title='bbox 1152 2446 1227 2488; x_wconf 86' lang='grc' dir='ltr'><strong>καὶ</strong></span> 
     </span>
     <span class='ocr_line' id='line_1_43' title="bbox 159 2493 1225 2552; baseline 0.006 -15"><span class='ocrx_word' id='word_1_234' title='bbox 159 2493 362 2538; x_wconf 78' lang='grc' dir='ltr'><strong>ἐπέκεινα</strong></span> <span class='ocrx_word' id='word_1_235' title='bbox 398 2497 472 2539; x_wconf 88' lang='grc' dir='ltr'><strong>και</strong></span> <span class='ocrx_word' id='word_1_236' title='bbox 510 2498 615 2551; x_wconf 83' lang='grc' dir='ltr'><strong><em>περὶ</em></strong></span> <span class='ocrx_word' id='word_1_237' title='bbox 643 2499 731 2540; x_wconf 84' lang='grc' dir='ltr'><strong>τῶν</strong></span> <span class='ocrx_word' id='word_1_238' title='bbox 761 2502 1102 2552; x_wconf 70' lang='grc' dir='ltr'><strong><em>συναπτομένων</em></strong></span> <span class='ocrx_word' id='word_1_239' title='bbox 1132 2496 1225 2543; x_wconf 75' lang='grc' dir='ltr'><strong>ἀπὸ</strong></span> 
     </span>
     <span class='ocr_line' id='line_1_44' title="bbox 156 2552 1226 2611; baseline 0.006 -18"><span class='ocrx_word' id='word_1_240' title='bbox 156 2554 309 2606; x_wconf 84' lang='grc' dir='ltr'><strong><em>τρίτου</em></strong></span> <span class='ocrx_word' id='word_1_241' title='bbox 351 2567 494 2606; x_wconf 80' lang='grc' dir='ltr'><strong><em>γαμου</em></strong></span> <span class='ocrx_word' id='word_1_242' title='bbox 529 2554 603 2596; x_wconf 82' lang='grc' dir='ltr'><strong>καὶ</strong></span> <span class='ocrx_word' id='word_1_243' title='bbox 640 2552 843 2597; x_wconf 77' lang='grc' dir='ltr'><strong>ἐπέκεινα</strong></span> <span class='ocrx_word' id='word_1_244' title='bbox 879 2556 972 2606; x_wconf 91' lang='lat' dir='ltr'><strong>(sic)</strong></span> <span class='ocrx_word' id='word_1_245' title='bbox 1010 2557 1083 2599; x_wconf 84' lang='grc' dir='ltr'><strong>καὶ</strong></span> <span class='ocrx_word' id='word_1_246' title='bbox 1122 2558 1226 2611; x_wconf 84' lang='grc' dir='ltr'><strong><em>περὶ</em></strong></span> 
     </span>
     <span class='ocr_line' id='line_1_45' title="bbox 156 2608 1227 2673; baseline 0.006 -24"><span class='ocrx_word' id='word_1_247' title='bbox 156 2608 247 2650; x_wconf 84' lang='grc' dir='ltr'><strong>τῶν</strong></span> <span class='ocrx_word' id='word_1_248' title='bbox 273 2608 624 2673; x_wconf 80' lang='grc' dir='ltr'><strong><em>συναπτομένων</em></strong></span> <span class='ocrx_word' id='word_1_249' title='bbox 652 2618 751 2660; x_wconf 89' lang='grc' dir='ltr'><strong><em>ταῖς</em></strong></span> <span class='ocrx_word' id='word_1_250' title='bbox 781 2609 964 2661; x_wconf 81' lang='grc' dir='ltr'><strong>οἰκείαις</strong></span> <span class='ocrx_word' id='word_1_251' title='bbox 993 2610 1227 2663; x_wconf 83' lang='grc' dir='ltr'><strong><em>δουλείαις.</em></strong></span> 
     </span>
    </p>
   </div>
   <div class='ocr_carea' id='block_1_5' title="bbox 158 2663 1228 2776">
    <p class='ocr_par' dir='ltr' id='par_1_11' title="bbox 158 2663 1228 2776">
     <span class='ocr_line' id='line_1_46' title="bbox 158 2663 1228 2776; baseline 0.007 -72"><span class='ocrx_word' id='word_1_252' title='bbox 158 2657 375 2776; x_wconf 40' lang='lat' dir='ltr'><strong>Gaffiot}</strong></span> <span class='ocrx_word' id='word_1_253' title='bbox 379 2666 700 2720; x_wconf 78' lang='grc' dir='ltr'><strong><em>προγενεστέρα</em></strong></span> <span class='ocrx_word' id='word_1_254' title='bbox 728 2665 823 2709; x_wconf 78' lang='grc' dir='ltr'><strong>ἐστι</strong></span> <span class='ocrx_word' id='word_1_255' title='bbox 852 2663 1025 2724; x_wconf 81' lang='grc' dir='ltr'><strong><em>εἰρήνης</em></strong></span> <span class='ocrx_word' id='word_1_256' title='bbox 1046 2671 1125 2726; x_wconf 87' lang='grc' dir='ltr'><strong>τῆς</strong></span> <span class='ocrx_word' id='word_1_257' title='bbox 1144 2672 1228 2723; x_wconf 77' lang='grc' dir='ltr'><strong><em>βα-</em></strong></span> 
     </span>
    </p>
   </div>
   <div class='ocr_carea' id='block_1_6' title="bbox 155 2774 1227 3506">
    <p class='ocr_par' dir='ltr' id='par_1_12' title="bbox 155 2774 1227 3056">
     <span class='ocr_line' id='line_1_47' title="bbox 242 2774 1227 2829; baseline 0.006 -12"><span class='ocrx_word' id='word_1_258' title='bbox 242 2774 299 2817; x_wconf 82' lang='lat' dir='ltr'><strong>a&#39;:</strong></span> <span class='ocrx_word' id='word_1_259' title='bbox 328 2777 576 2829; x_wconf 73' lang='grc' dir='ltr'><strong><em>νομοθεσία</em></strong></span> <span class='ocrx_word' id='word_1_260' title='bbox 600 2776 775 2827; x_wconf 85' lang='grc' dir='ltr'><strong><em>λέοντος</em></strong></span> <span class='ocrx_word' id='word_1_261' title='bbox 803 2778 875 2820; x_wconf 80' lang='grc' dir='ltr'><strong>καὶ</strong></span> <span class='ocrx_word' id='word_1_262' title='bbox 905 2783 1227 2823; x_wconf 85' lang='grc' dir='ltr'><strong><em>κωνσταντίνου</em></strong></span> 
     </span>
     <span class='ocr_line' id='line_1_48' title="bbox 156 2830 1226 2899; baseline 0.007 -27"><span class='ocrx_word' id='word_1_263' title='bbox 156 2830 359 2886; x_wconf 77' lang='grc' dir='ltr'><strong><em>μεγάλων</em></strong></span> <span class='ocrx_word' id='word_1_264' title='bbox 376 2832 598 2899; x_wconf 86' lang='grc' dir='ltr'><strong>βασιλέων</strong></span> <span class='ocrx_word' id='word_1_265' title='bbox 628 2833 838 2887; x_wconf 81' lang='grc' dir='ltr'><strong><em>ῥωμαίων</em></strong></span> <span class='ocrx_word' id='word_1_266' title='bbox 865 2835 939 2877; x_wconf 85' lang='grc' dir='ltr'><strong>καὶ</strong></span> <span class='ocrx_word' id='word_1_267' title='bbox 961 2830 1226 2890; x_wconf 75' lang='grc' dir='ltr'><strong><em>αὐτοκρατό-</em></strong></span> 
     </span>
     <span class='ocr_line' id='line_1_49' title="bbox 157 2885 1227 2956; baseline 0.007 -28"><span class='ocrx_word' id='word_1_268' title='bbox 157 2902 246 2939; x_wconf 91' lang='grc' dir='ltr'><strong>ρων</strong></span> <span class='ocrx_word' id='word_1_269' title='bbox 266 2888 379 2956; x_wconf 79' lang='grc' dir='ltr'><strong><em>περὶ</em></strong></span> <span class='ocrx_word' id='word_1_270' title='bbox 406 2889 496 2929; x_wconf 74' lang='grc' dir='ltr'><strong>τῶν</strong></span> <span class='ocrx_word' id='word_1_271' title='bbox 531 2885 588 2930; x_wconf 85' lang='grc' dir='ltr'><strong>τὰ</strong></span> <span class='ocrx_word' id='word_1_272' title='bbox 616 2887 714 2931; x_wconf 80' lang='grc' dir='ltr'><strong>ἰ’ὄια</strong></span> <span class='ocrx_word' id='word_1_273' title='bbox 749 2891 878 2931; x_wconf 88' lang='grc' dir='ltr'><strong><em>τέκνα</em></strong></span> <span class='ocrx_word' id='word_1_274' title='bbox 907 2890 1199 2945; x_wconf 78' lang='grc' dir='ltr'><strong><em>δεχομένων’</em></strong></span> <span class='ocrx_word' id='word_1_275' title='bbox 1181 2909 1227 2935; x_wconf 79' lang='grc' dir='ltr'><strong>εκ</strong></span> 
     </span>
     <span class='ocr_line' id='line_1_50' title="bbox 155 2940 1225 3010; baseline 0.007 -26"><span class='ocrx_word' id='word_1_276' title='bbox 155 2943 235 2985; x_wconf 83' lang='grc' dir='ltr'><strong>τοῦ</strong></span> <span class='ocrx_word' id='word_1_277' title='bbox 255 2940 381 2998; x_wconf 74' lang='grc' dir='ltr'><strong><em>ἁγίου</em></strong></span> <span class='ocrx_word' id='word_1_278' title='bbox 400 2944 475 2986; x_wconf 77' lang='grc' dir='ltr'><strong><em>καὶ</em></strong></span> <span class='ocrx_word' id='word_1_279' title='bbox 491 2943 804 3010; x_wconf 82' lang='grc' dir='ltr'><strong>σωτηριώδους</strong></span> <span class='ocrx_word' id='word_1_280' title='bbox 821 2948 1134 3001; x_wconf 83' lang='grc' dir='ltr'><strong><em>βαπτίσματος</em></strong></span> <span class='ocrx_word' id='word_1_281' title='bbox 1153 2952 1225 2993; x_wconf 90' lang='grc' dir='ltr'><strong>καὶ</strong></span> 
     </span>
     <span class='ocr_line' id='line_1_51' title="bbox 159 2993 840 3068; baseline 0.006 -29"><span class='ocrx_word' id='word_1_282' title='bbox 159 2993 424 3055; x_wconf 74' lang='grc' dir='ltr'><strong><em>ἀμφοτέρων</em></strong></span> <span class='ocrx_word' id='word_1_283' title='bbox 452 3000 544 3050; x_wconf 85' lang='lat' dir='ltr'><strong>(sic)</strong></span> <span class='ocrx_word' id='word_1_284' title='bbox 572 3000 840 3068; x_wconf 87' lang='grc' dir='ltr'><strong><em>κεφαλαίων.</em></strong></span> 
     </span>
    </p>

    <p class='ocr_par' dir='ltr' id='par_1_13' title="bbox 157 3054 1226 3506">
     <span class='ocr_line' id='line_1_52' title="bbox 238 3054 1224 3126; baseline 0.007 -29"><span class='ocrx_word' id='word_1_285' title='bbox 238 3055 363 3099; x_wconf 90' lang='lat' dir='ltr'><strong>Hunc</strong></span> <span class='ocrx_word' id='word_1_286' title='bbox 399 3055 583 3099; x_wconf 90' lang='lat' dir='ltr'><strong>indicem</strong></span> <span class='ocrx_word' id='word_1_287' title='bbox 614 3058 775 3112; x_wconf 89' lang='lat' dir='ltr'><strong>excipit</strong></span> <span class='ocrx_word' id='word_1_288' title='bbox 802 3059 897 3112; x_wconf 86' lang='lat' dir='ltr'><strong>ipsa</strong></span> <span class='ocrx_word' id='word_1_289' title='bbox 925 3054 1125 3126; x_wconf 70' lang='grc' dir='ltr'><strong>διάτάξις</strong></span> <span class='ocrx_word' id='word_1_290' title='bbox 1155 3059 1224 3117; x_wconf 86' lang='grc' dir='ltr'><strong>ζή-</strong></span> 
     </span>
     <span class='ocr_line' id='line_1_53' title="bbox 157 3111 1226 3181; baseline 0.008 -30"><span class='ocrx_word' id='word_1_291' title='bbox 157 3125 295 3160; x_wconf 88' lang='grc' dir='ltr'><strong><em>νωνος</em></strong></span> <span class='ocrx_word' id='word_1_292' title='bbox 339 3111 559 3163; x_wconf 83' lang='grc' dir='ltr'><strong>βασιλέως</strong></span> <span class='ocrx_word' id='word_1_293' title='bbox 605 3114 711 3167; x_wconf 84' lang='grc' dir='ltr'><strong><em>περὶ</em></strong></span> <span class='ocrx_word' id='word_1_294' title='bbox 757 3119 1072 3181; x_wconf 85' lang='grc' dir='ltr'><strong>καινοτομιῶν;</strong></span> <span class='ocrx_word' id='word_1_295' title='bbox 1130 3123 1226 3171; x_wconf 88' lang='lat' dir='ltr'><strong>post</strong></span> 
     </span>
     <span class='ocr_line' id='line_1_54' title="bbox 158 3165 1223 3226; baseline 0.007 -19"><span class='ocrx_word' id='word_1_296' title='bbox 158 3165 268 3210; x_wconf 83' lang='lat' dir='ltr'><strong>hanc</strong></span> <span class='ocrx_word' id='word_1_297' title='bbox 294 3166 323 3209; x_wconf 82' lang='lat' dir='ltr'><strong>f.</strong></span> <span class='ocrx_word' id='word_1_298' title='bbox 346 3169 420 3209; x_wconf 68' lang='grc'><strong>76*</strong></span> <span class='ocrx_word' id='word_1_299' title='bbox 444 3181 473 3210; x_wconf 91' lang='lat' dir='ltr'><strong>a</strong></span> <span class='ocrx_word' id='word_1_300' title='bbox 493 3170 557 3209; x_wconf 78' lang='lat' dir='ltr'><strong>m²</strong></span> <span class='ocrx_word' id='word_1_301' title='bbox 577 3170 777 3223; x_wconf 89' lang='lat' dir='ltr'><strong>scriptum</strong></span> <span class='ocrx_word' id='word_1_302' title='bbox 797 3176 881 3213; x_wconf 89' lang='lat' dir='ltr'><strong>est:</strong></span> <span class='ocrx_word' id='word_1_303' title='bbox 902 3167 1010 3226; x_wconf 78' lang='grc' dir='ltr'><strong>ἀρχὴ</strong></span> <span class='ocrx_word' id='word_1_304' title='bbox 1032 3185 1109 3213; x_wconf 85' lang='grc' dir='ltr'><strong>σιν</strong></span> <span class='ocrx_word' id='word_1_305' title='bbox 1128 3176 1223 3214; x_wconf 73' lang='grc' dir='ltr'><strong><em>θεώ</em></strong></span> 
     </span>
     <span class='ocr_line' id='line_1_55' title="bbox 157 3221 1224 3283; baseline 0.009 -21"><span class='ocrx_word' id='word_1_306' title='bbox 157 3222 245 3263; x_wconf 82' lang='grc' dir='ltr'><strong>τῶν</strong></span> <span class='ocrx_word' id='word_1_307' title='bbox 273 3226 439 3276; x_wconf 84' lang='grc' dir='ltr'><strong><em>νεαρῶν</em></strong></span> <span class='ocrx_word' id='word_1_308' title='bbox 469 3221 765 3267; x_wconf 84' lang='grc' dir='ltr'><strong>ἰουστινιανοῦ</strong></span> <span class='ocrx_word' id='word_1_309' title='bbox 794 3227 864 3276; x_wconf 81' lang='lat' dir='ltr'><strong>(cf.</strong></span> <span class='ocrx_word' id='word_1_310' title='bbox 891 3227 949 3270; x_wconf 90' lang='lat' dir='ltr'><strong>ad</strong></span> <span class='ocrx_word' id='word_1_311' title='bbox 982 3233 1018 3283; x_wconf 98' lang='grc'><strong>1,</strong></span> <span class='ocrx_word' id='word_1_312' title='bbox 1041 3230 1086 3279; x_wconf 90' lang='grc' dir='ltr'><strong>ι).</strong></span> <span class='ocrx_word' id='word_1_313' title='bbox 1140 3230 1224 3271; x_wconf 82' lang='lat' dir='ltr'><strong>Ex·</strong></span> 
     </span>
     <span class='ocr_line' id='line_1_56' title="bbox 158 3276 1223 3335; baseline 0.008 -16"><span class='ocrx_word' id='word_1_314' title='bbox 158 3276 354 3321; x_wconf 88' lang='lat' dir='ltr'><strong>hibentur</strong></span> <span class='ocrx_word' id='word_1_315' title='bbox 394 3279 576 3334; x_wconf 73' lang='lat' dir='ltr'><strong>primum</strong></span> <span class='ocrx_word' id='word_1_316' title='bbox 617 3282 805 3335; x_wconf 88' lang='lat' dir='ltr'><strong>corporis</strong></span> <span class='ocrx_word' id='word_1_317' title='bbox 844 3284 924 3325; x_wconf 84' lang='lat'><strong>168</strong></span> <span class='ocrx_word' id='word_1_318' title='bbox 961 3285 1223 3327; x_wconf 81' lang='lat' dir='ltr'><strong>novellarum</strong></span> 
     </span>
     <span class='ocr_line' id='line_1_57' title="bbox 157 3334 1223 3393; baseline 0.007 -17"><span class='ocrx_word' id='word_1_319' title='bbox 157 3346 337 3387; x_wconf 81' lang='lat' dir='ltr'><strong>graecae</strong></span> <span class='ocrx_word' id='word_1_320' title='bbox 356 3334 578 3378; x_wconf 87' lang='lat' dir='ltr'><strong>Iustiniani</strong></span> <span class='ocrx_word' id='word_1_321' title='bbox 598 3338 918 3382; x_wconf 82' lang='lat' dir='ltr'><strong>constitutiones</strong></span> <span class='ocrx_word' id='word_1_322' title='bbox 937 3345 1107 3393; x_wconf 89' lang='lat' dir='ltr'><strong>praeter</strong></span> <span class='ocrx_word' id='word_1_323' title='bbox 1126 3354 1223 3384; x_wconf 85' lang='lat' dir='ltr'><strong>nov.</strong></span> 
     </span>
     <span class='ocr_line' id='line_1_58' title="bbox 157 3387 1224 3450; baseline 0.007 -19"><span class='ocrx_word' id='word_1_324' title='bbox 157 3387 319 3432; x_wconf 85' lang='lat' dir='ltr'>CXXII</span> <span class='ocrx_word' id='word_1_325' title='bbox 355 3395 399 3432; x_wconf 89' lang='lat' dir='ltr'><strong>et</strong></span> <span class='ocrx_word' id='word_1_326' title='bbox 435 3390 620 3434; x_wconf 90' lang='lat' dir='ltr'><strong>edictum</strong></span> <span class='ocrx_word' id='word_1_327' title='bbox 658 3394 856 3436; x_wconf 82' lang='lat' dir='ltr'><strong>novellae</strong></span> <span class='ocrx_word' id='word_1_328' title='bbox 871 3395 973 3437; x_wconf 88' lang='lat' dir='ltr'>VIII</span> <span class='ocrx_word' id='word_1_329' title='bbox 1002 3395 1224 3450; x_wconf 83' lang='lat' dir='ltr'><strong>insertum3</strong></span> 
     </span>
     <span class='ocr_line' id='line_1_59' title="bbox 157 3445 1223 3506; baseline 0.008 -20"><span class='ocrx_word' id='word_1_330' title='bbox 157 3445 338 3488; x_wconf 88' lang='lat' dir='ltr'><strong>omissae</strong></span> <span class='ocrx_word' id='word_1_331' title='bbox 376 3451 474 3489; x_wconf 89' lang='lat' dir='ltr'><strong>sunt</strong></span> <span class='ocrx_word' id='word_1_332' title='bbox 500 3447 659 3491; x_wconf 87' lang='lat' dir='ltr'><strong>latinae</strong></span> <span class='ocrx_word' id='word_1_333' title='bbox 688 3452 882 3503; x_wconf 85' lang='lat' dir='ltr'><strong>(quarum</strong></span> <span class='ocrx_word' id='word_1_334' title='bbox 910 3464 1223 3506; x_wconf 81' lang='lat' dir='ltr'><strong>nonnumquam</strong></span> 
     </span>
    </p>
   </div>
   <div class='ocr_carea' id='block_1_7' title="bbox 160 3500 422 3508">
    <p class='ocr_par' dir='ltr' id='par_1_14' title="bbox 160 3500 422 3508">
     <span class='ocr_line' id='line_1_60' title="bbox 160 3500 422 3508; baseline 0 332"><span class='ocrx_word' id='word_1_335' title='bbox 160 3500 422 3508; x_wconf 95' lang='lat' dir='ltr'><strong> </strong></span> 
     </span>
    </p>
   </div>
   <div class='ocr_carea' id='block_1_8' title="bbox 157 3531 1226 3668">
    <p class='ocr_par' dir='ltr' id='par_1_15' title="bbox 157 3531 1226 3668">
     <span class='ocr_line' id='line_1_61' title="bbox 250 3531 1225 3572; baseline 0.006 -6"><span class='ocrx_word' id='word_1_336' title='bbox 250 3533 282 3572; x_wconf 87' lang='grc' dir='ltr'><strong>ι)</strong></span> <span class='ocrx_word' id='word_1_337' title='bbox 315 3531 403 3567; x_wconf 79' lang='lat' dir='ltr'><strong>Nov.</strong></span> <span class='ocrx_word' id='word_1_338' title='bbox 425 3532 543 3569; x_wconf 83' lang='lat' dir='ltr'>LXVI</span> <span class='ocrx_word' id='word_1_339' title='bbox 574 3534 699 3570; x_wconf 82' lang='lat' dir='ltr'><strong>deesse</strong></span> <span class='ocrx_word' id='word_1_340' title='bbox 726 3545 848 3570; x_wconf 82' lang='lat' dir='ltr'><strong>verum</strong></span> <span class='ocrx_word' id='word_1_341' title='bbox 879 3546 952 3570; x_wconf 89' lang='lat' dir='ltr'><strong>non</strong></span> <span class='ocrx_word' id='word_1_342' title='bbox 981 3539 1051 3571; x_wconf 88' lang='lat' dir='ltr'><strong>est:</strong></span> <span class='ocrx_word' id='word_1_343' title='bbox 1088 3538 1225 3572; x_wconf 88' lang='lat' dir='ltr'><strong>numeri</strong></span> 
     </span>
     <span class='ocr_line' id='line_1_62' title="bbox 157 3573 1226 3630; baseline 0.006 -20"><span class='ocrx_word' id='word_1_344' title='bbox 157 3573 269 3610; x_wconf 72' lang='lat' dir='ltr'><strong>additi</strong></span> <span class='ocrx_word' id='word_1_345' title='bbox 291 3579 552 3630; x_wconf 41' lang='lat' dir='ltr'><strong>sunt-a‘manu</strong></span> <span class='ocrx_word' id='word_1_346' title='bbox 574 3579 783 3620; x_wconf 82' lang='lat' dir='ltr'><strong>recentiore,</strong></span> <span class='ocrx_word' id='word_1_347' title='bbox 807 3590 914 3624; x_wconf 85' lang='lat' dir='ltr'><strong>saepe</strong></span> <span class='ocrx_word' id='word_1_348' title='bbox 937 3581 1075 3616; x_wconf 84' lang='lat' dir='ltr'><strong>desunt.</strong></span> <span class='ocrx_word' id='word_1_349' title='bbox 1121 3582 1226 3617; x_wconf 85' lang='lat' dir='ltr'><strong>Hanc</strong></span> 
     </span>
     <span class='ocr_line' id='line_1_63' title="bbox 157 3621 962 3668; baseline 0.006 -14"><span class='ocrx_word' id='word_1_350' title='bbox 157 3629 298 3666; x_wconf 76' lang='lat' dir='ltr'><strong>quoque</strong></span> <span class='ocrx_word' id='word_1_351' title='bbox 321 3621 453 3657; x_wconf 74' lang='lat' dir='ltr'><strong>codicis</strong></span> <span class='ocrx_word' id='word_1_352' title='bbox 475 3626 615 3668; x_wconf 79' lang='lat' dir='ltr'><strong>partem</strong></span> <span class='ocrx_word' id='word_1_353' title='bbox 637 3625 789 3659; x_wconf 87' lang='lat' dir='ltr'><strong>contulit</strong></span> <span class='ocrx_word' id='word_1_354' title='bbox 810 3624 962 3659; x_wconf 86' lang='lat' dir='ltr'><strong>Schoell.</strong></span> 
     </span>
    </p>
   </div>
   <div class='ocr_carea' id='block_1_9' title="bbox 1248 85 1314 128">
    <p class='ocr_par' dir='ltr' id='par_1_16' title="bbox 1248 85 1314 128">
     <span class='ocr_line' id='line_1_64' title="bbox 1248 85 1314 128; baseline 0 0"><span class='ocrx_word' id='word_1_355' title='bbox 1248 85 1314 128; x_wconf 92' lang='lat' dir='ltr'><strong>IX</strong></span> 
     </span>
    </p>
   </div>
   <div class='ocr_carea' id='block_1_10' title="bbox 2124 93 2380 127">
    <p class='ocr_par' dir='ltr' id='par_1_17' title="bbox 2124 93 2380 127">
     <span class='ocr_line' id='line_1_65' title="bbox 2124 93 2380 127; baseline 0 -1"><span class='ocrx_word' id='word_1_356' title='bbox 2124 93 2380 127; x_wconf 73' lang='lat' dir='ltr'>PRAEFATIO</span> 
     </span>
    </p>
   </div>
   <div class='ocr_carea' id='block_1_11' title="bbox 1242 140 1464 147">
    <p class='ocr_par' dir='ltr' id='par_1_18' title="bbox 1242 140 1464 147">
     <span class='ocr_line' id='line_1_66' title="bbox 1242 140 1464 147; baseline 0 3693"><span class='ocrx_word' id='word_1_357' title='bbox 1242 140 1464 147; x_wconf 95' lang='lat' dir='ltr'><strong> </strong></span> 
     </span>
    </p>
   </div>
   <div class='ocr_carea' id='block_1_12' title="bbox 1296 194 2380 1881">
    <p class='ocr_par' dir='ltr' id='par_1_19' title="bbox 1296 194 2380 1319">
     <span class='ocr_line' id='line_1_67' title="bbox 1304 194 2380 251; baseline 0 -12"><span class='ocrx_word' id='word_1_358' title='bbox 1304 208 1496 240; x_wconf 89' lang='lat' dir='ltr'><strong>summae</strong></span> <span class='ocrx_word' id='word_1_359' title='bbox 1524 208 1550 239; x_wconf 91' lang='lat' dir='ltr'><strong>e</strong></span> <span class='ocrx_word' id='word_1_360' title='bbox 1579 194 1747 239; x_wconf 85' lang='lat' dir='ltr'><strong>Theod.</strong></span> <span class='ocrx_word' id='word_1_361' title='bbox 1776 195 2020 251; x_wconf 76' lang='lat' dir='ltr'><strong>adscriptae</strong></span> <span class='ocrx_word' id='word_1_362' title='bbox 2049 199 2159 248; x_wconf 88' lang='lat' dir='ltr'><strong>suut,</strong></span> <span class='ocrx_word' id='word_1_363' title='bbox 2196 208 2294 238; x_wconf 85' lang='lat' dir='ltr'><strong>nov.</strong></span> <span class='ocrx_word' id='word_1_364' title='bbox 2315 196 2380 239; x_wconf 90' lang='lat' dir='ltr'><strong>XI</strong></span> 
     </span>
     <span class='ocr_line' id='line_1_68' title="bbox 1303 251 2379 307; baseline 0 -13"><span class='ocrx_word' id='word_1_365' title='bbox 1303 253 1473 296; x_wconf 84' lang='lat' dir='ltr'><strong>rubrica</strong></span> <span class='ocrx_word' id='word_1_366' title='bbox 1521 265 1577 295; x_wconf 88' lang='lat' dir='ltr'><strong>ex</strong></span> <span class='ocrx_word' id='word_1_367' title='bbox 1618 251 1735 301; x_wconf 87' lang='lat' dir='ltr'><strong>Ath.)</strong></span> <span class='ocrx_word' id='word_1_368' title='bbox 1782 265 1979 307; x_wconf 89' lang='lat' dir='ltr'><strong>quaeque</strong></span> <span class='ocrx_word' id='word_1_369' title='bbox 2019 251 2172 295; x_wconf 90' lang='lat' dir='ltr'><strong>Iustini</strong></span> <span class='ocrx_word' id='word_1_370' title='bbox 2213 252 2379 294; x_wconf 83' lang='lat' dir='ltr'><strong>Tiberii</strong></span> 
     </span>
     <span class='ocr_line' id='line_1_69' title="bbox 1303 307 2379 362; baseline -0.001 -11"><span class='ocrx_word' id='word_1_371' title='bbox 1303 309 1616 362; x_wconf 85' lang='lat' dir='ltr'><strong>praefectorum</strong></span> <span class='ocrx_word' id='word_1_372' title='bbox 1651 307 1795 357; x_wconf 90' lang='lat' dir='ltr'><strong>sunt.¹)</strong></span> <span class='ocrx_word' id='word_1_373' title='bbox 1855 308 1979 352; x_wconf 88' lang='lat' dir='ltr'><strong>Hunc</strong></span> <span class='ocrx_word' id='word_1_374' title='bbox 2016 307 2209 351; x_wconf 87' lang='lat' dir='ltr'><strong>ordinem</strong></span> <span class='ocrx_word' id='word_1_375' title='bbox 2237 321 2323 351; x_wconf 92' lang='lat' dir='ltr'><strong>non</strong></span> <span class='ocrx_word' id='word_1_376' title='bbox 2350 321 2379 350; x_wconf 93' lang='lat' dir='ltr'><strong>a</strong></span> 
     </span>
     <span class='ocr_line' id='line_1_70' title="bbox 1302 363 2376 419; baseline 0 -13"><span class='ocrx_word' id='word_1_377' title='bbox 1302 365 1478 408; x_wconf 87' lang='lat' dir='ltr'><strong>librario</strong></span> <span class='ocrx_word' id='word_1_378' title='bbox 1499 364 1670 408; x_wconf 89' lang='lat' dir='ltr'><strong>demum</strong></span> <span class='ocrx_word' id='word_1_379' title='bbox 1690 364 1940 418; x_wconf 88' lang='lat' dir='ltr'><strong>institutum,</strong></span> <span class='ocrx_word' id='word_1_380' title='bbox 1970 363 2048 408; x_wconf 89' lang='lat' dir='ltr'><strong>sed</strong></span> <span class='ocrx_word' id='word_1_381' title='bbox 2067 377 2124 407; x_wconf 85' lang='lat' dir='ltr'><strong>ex</strong></span> <span class='ocrx_word' id='word_1_382' title='bbox 2142 363 2376 419; x_wconf 86' lang='lat' dir='ltr'><strong>archetypo</strong></span> 
     </span>
     <span class='ocr_line' id='line_1_71' title="bbox 1302 419 2375 464; baseline 0.001 -2"><span class='ocrx_word' id='word_1_383' title='bbox 1302 421 1551 463; x_wconf 87' lang='lat' dir='ltr'><strong>translatum</strong></span> <span class='ocrx_word' id='word_1_384' title='bbox 1589 433 1685 464; x_wconf 90' lang='lat' dir='ltr'><strong>esse</strong></span> <span class='ocrx_word' id='word_1_385' title='bbox 1721 420 2034 464; x_wconf 85' lang='lat' dir='ltr'><strong>demonstratur</strong></span> <span class='ocrx_word' id='word_1_386' title='bbox 2071 419 2247 464; x_wconf 85' lang='lat' dir='ltr'><strong>scholiis</strong></span> <span class='ocrx_word' id='word_1_387' title='bbox 2281 421 2375 463; x_wconf 88' lang='lat' dir='ltr'><strong>loco</strong></span> 
     </span>
     <span class='ocr_line' id='line_1_72' title="bbox 1302 469 2374 541; baseline -0.001 -23"><span class='ocrx_word' id='word_1_388' title='bbox 1302 477 1567 520; x_wconf 81' lang='lat' dir='ltr'><strong>novellarum</strong></span> <span class='ocrx_word' id='word_1_389' title='bbox 1597 477 1848 521; x_wconf 81' lang='lat' dir='ltr'><strong>emissarum</strong></span> <span class='ocrx_word' id='word_1_390' title='bbox 1877 477 2125 531; x_wconf 85' lang='lat' dir='ltr'><strong>adscriptis:</strong></span> <span class='ocrx_word' id='word_1_391' title='bbox 2160 476 2236 518; x_wconf 86' lang='grc' dir='ltr'><strong>καὶ</strong></span> <span class='ocrx_word' id='word_1_392' title='bbox 2266 469 2374 541; x_wconf 77' lang='grc' dir='ltr'><strong><em>αἵτη</em></strong></span> 
     </span>
     <span class='ocr_line' id='line_1_73' title="bbox 1303 526 2374 602; baseline 0 -28"><span class='ocrx_word' id='word_1_393' title='bbox 1303 527 1380 598; x_wconf 74' lang='grc' dir='ltr'><strong>οὐχ</strong></span> <span class='ocrx_word' id='word_1_394' title='bbox 1410 529 1571 602; x_wconf 67' lang='grc' dir='ltr'><strong><em>εὑρέθη</em></strong></span> <span class='ocrx_word' id='word_1_395' title='bbox 1608 538 1651 576; x_wconf 90' lang='lat' dir='ltr'><strong>et</strong></span> <span class='ocrx_word' id='word_1_396' title='bbox 1679 533 1774 576; x_wconf 87' lang='lat' dir='ltr'><strong>sim.</strong></span> <span class='ocrx_word' id='word_1_397' title='bbox 1832 532 1917 577; x_wconf 89' lang='lat' dir='ltr'><strong>Ubi</strong></span> <span class='ocrx_word' id='word_1_398' title='bbox 1947 537 2090 575; x_wconf 83' lang='lat' dir='ltr'><strong>tamen</strong></span> <span class='ocrx_word' id='word_1_399' title='bbox 2119 537 2238 575; x_wconf 87' lang='lat' dir='ltr'><strong>extat</strong></span> <span class='ocrx_word' id='word_1_400' title='bbox 2266 526 2374 587; x_wconf 72' lang='grc' dir='ltr'><strong><em>αἱπη</em></strong></span> 
     </span>
     <span class='ocr_line' id='line_1_74' title="bbox 1303 583 2375 645; baseline 0.002 -16"><span class='ocrx_word' id='word_1_401' title='bbox 1303 603 1381 630; x_wconf 87' lang='grc' dir='ltr'><strong>ουκ</strong></span> <span class='ocrx_word' id='word_1_402' title='bbox 1418 585 1589 645; x_wconf 80' lang='grc' dir='ltr'><strong><em>ἐγράφη</em></strong></span> <span class='ocrx_word' id='word_1_403' title='bbox 1626 583 1716 631; x_wconf 84' lang='grc' dir='ltr'><strong>ωδε</strong></span> <span class='ocrx_word' id='word_1_404' title='bbox 1751 592 1796 632; x_wconf 89' lang='lat' dir='ltr'><strong>et</strong></span> <span class='ocrx_word' id='word_1_405' title='bbox 1822 589 1931 641; x_wconf 65' lang='lat' dir='ltr'><strong>sim„</strong></span> <span class='ocrx_word' id='word_1_406' title='bbox 1968 589 2149 632; x_wconf 84' lang='lat' dir='ltr'><strong>fortasse</strong></span> <span class='ocrx_word' id='word_1_407' title='bbox 2178 589 2375 631; x_wconf 87' lang='lat' dir='ltr'><strong>librarius</strong></span> 
     </span>
     <span class='ocr_line' id='line_1_75' title="bbox 1302 643 2374 700; baseline 0.001 -13"><span class='ocrx_word' id='word_1_408' title='bbox 1302 645 1495 688; x_wconf 90' lang='lat' dir='ltr'><strong>ordinem</strong></span> <span class='ocrx_word' id='word_1_409' title='bbox 1514 646 1707 688; x_wconf 80' lang='lat' dir='ltr'><strong>mutavit.</strong></span> <span class='ocrx_word' id='word_1_410' title='bbox 1755 645 1860 688; x_wconf 91' lang='lat' dir='ltr'><strong>Post</strong></span> <span class='ocrx_word' id='word_1_411' title='bbox 1887 643 2080 688; x_wconf 86' lang='lat' dir='ltr'><strong>scholion</strong></span> <span class='ocrx_word' id='word_1_412' title='bbox 2108 658 2151 700; x_wconf 89' lang='lat' dir='ltr'><strong>p.</strong></span> <span class='ocrx_word' id='word_1_413' title='bbox 2173 647 2254 686; x_wconf 88' lang='grc'><strong>749</strong></span> <span class='ocrx_word' id='word_1_414' title='bbox 2285 645 2374 688; x_wconf 90' lang='lat' dir='ltr'><strong>edi·</strong></span> 
     </span>
     <span class='ocr_line' id='line_1_76' title="bbox 1301 697 2375 756; baseline -0.002 -12"><span class='ocrx_word' id='word_1_415' title='bbox 1301 705 1390 744; x_wconf 82' lang='lat' dir='ltr'><strong>tum</strong></span> <span class='ocrx_word' id='word_1_416' title='bbox 1420 702 1575 756; x_wconf 78' lang='lat' dir='ltr'><strong>legitur</strong></span> <span class='ocrx_word' id='word_1_417' title='bbox 1598 702 1626 743; x_wconf 81' lang='lat' dir='ltr'><strong>f.</strong></span> <span class='ocrx_word' id='word_1_418' title='bbox 1650 703 1768 744; x_wconf 77' lang='lat'><strong>391¹:</strong></span> <span class='ocrx_word' id='word_1_419' title='bbox 1797 700 1924 750; x_wconf 90' lang='grc' dir='ltr'><strong><em>τέλος</em></strong></span> <span class='ocrx_word' id='word_1_420' title='bbox 1952 697 2032 742; x_wconf 77' lang='grc' dir='ltr'><strong>σὺν</strong></span> <span class='ocrx_word' id='word_1_421' title='bbox 2060 703 2158 742; x_wconf 73' lang='grc' dir='ltr'><strong><em>θεῶ</em></strong></span> <span class='ocrx_word' id='word_1_422' title='bbox 2187 705 2275 742; x_wconf 83' lang='grc' dir='ltr'><strong>τῶν</strong></span> <span class='ocrx_word' id='word_1_423' title='bbox 2304 716 2375 742; x_wconf 90' lang='grc' dir='ltr'><strong>νε-</strong></span> 
     </span>
     <span class='ocr_line' id='line_1_77' title="bbox 1300 766 2374 868; baseline 0.003 -14"><span class='ocrx_word' id='word_1_424' title='bbox 1300 752 2374 868; x_wconf 51' lang='lat' dir='ltr'><strong>53&#39;5353032&#39;4333&#39;55.§.3353ssng</strong></span> 
     </span>
     <span class='ocr_line' id='line_1_78' title="bbox 1302 869 2373 925; baseline -0.001 -12"><span class='ocrx_word' id='word_1_425' title='bbox 1302 883 1384 925; x_wconf 93' lang='lat' dir='ltr'><strong>que</strong></span> <span class='ocrx_word' id='word_1_426' title='bbox 1413 870 1471 913; x_wconf 90' lang='lat' dir='ltr'><strong>ad</strong></span> <span class='ocrx_word' id='word_1_427' title='bbox 1499 871 1528 912; x_wconf 82' lang='lat' dir='ltr'><strong>f.</strong></span> <span class='ocrx_word' id='word_1_428' title='bbox 1549 873 1662 912; x_wconf 80' lang='lat'><strong>410¹.</strong></span> <span class='ocrx_word' id='word_1_429' title='bbox 1709 871 1814 914; x_wconf 92' lang='lat' dir='ltr'><strong>Post</strong></span> <span class='ocrx_word' id='word_1_430' title='bbox 1842 883 2020 913; x_wconf 84' lang='lat' dir='ltr'><strong>vacuam</strong></span> <span class='ocrx_word' id='word_1_431' title='bbox 2049 869 2269 913; x_wconf 87' lang='lat' dir='ltr'><strong>dimidiam</strong></span> <span class='ocrx_word' id='word_1_432' title='bbox 2298 883 2373 924; x_wconf 89' lang='lat' dir='ltr'><strong>pa-</strong></span> 
     </span>
     <span class='ocr_line' id='line_1_79' title="bbox 1300 926 2373 994; baseline -0.002 -25"><span class='ocrx_word' id='word_1_433' title='bbox 1300 928 1445 993; x_wconf 88' lang='lat' dir='ltr'><strong>ginam</strong></span> <span class='ocrx_word' id='word_1_434' title='bbox 1459 927 1634 994; x_wconf 87' lang='lat' dir='ltr'><strong>legitur:</strong></span> <span class='ocrx_word' id='word_1_435' title='bbox 1652 926 1779 975; x_wconf 89' lang='grc' dir='ltr'><strong><em>τέλος</em></strong></span> <span class='ocrx_word' id='word_1_436' title='bbox 1791 927 1882 968; x_wconf 77' lang='grc' dir='ltr'><strong>τῶν</strong></span> <span class='ocrx_word' id='word_1_437' title='bbox 1896 930 2062 980; x_wconf 82' lang='grc' dir='ltr'><strong><em>νεαρῶν</em></strong></span> <span class='ocrx_word' id='word_1_438' title='bbox 2082 926 2373 968; x_wconf 60' lang='lat' dir='ltr'><strong>concursione:</strong></span> 
     </span>
     <span class='ocr_line' id='line_1_80' title="bbox 1299 978 2372 1038; baseline 0 -14"><span class='ocrx_word' id='word_1_439' title='bbox 1299 1005 1357 1012; x_wconf 89' lang='lat'><strong>—</strong></span> <span class='ocrx_word' id='word_1_440' title='bbox 1375 978 1483 1038; x_wconf 79' lang='grc' dir='ltr'><strong><em>ἆρχη</em></strong></span> <span class='ocrx_word' id='word_1_441' title='bbox 1523 986 1612 1024; x_wconf 80' lang='grc' dir='ltr'><strong>τῶν</strong></span> <span class='ocrx_word' id='word_1_442' title='bbox 1647 983 1814 1036; x_wconf 79' lang='grc' dir='ltr'><strong><em>νεαρῶν</em></strong></span> <span class='ocrx_word' id='word_1_443' title='bbox 1843 981 2080 1025; x_wconf 82' lang='grc' dir='ltr'><strong><em>ἷουστίνου.</em></strong></span> <span class='ocrx_word' id='word_1_444' title='bbox 2137 982 2247 1026; x_wconf 85' lang='lat' dir='ltr'><strong>Sunt</strong></span> <span class='ocrx_word' id='word_1_445' title='bbox 2272 995 2372 1025; x_wconf 79' lang='lat' dir='ltr'><strong>nov.</strong></span> 
     </span>
     <span class='ocr_line' id='line_1_81' title="bbox 1300 999 2372 1082; baseline -0.002 0"><span class='ocrx_word' id='word_1_446' title='bbox 1300 999 1528 1082; x_wconf 91' lang='lat' dir='ltr'><strong>CXLVIII.</strong></span> <span class='ocrx_word' id='word_1_447' title='bbox 1559 1039 1685 1082; x_wconf 91' lang='lat' dir='ltr'><strong>CXL.</strong></span> <span class='ocrx_word' id='word_1_448' title='bbox 1743 1039 1894 1082; x_wconf 86' lang='lat' dir='ltr'><strong>Iustini</strong></span> <span class='ocrx_word' id='word_1_449' title='bbox 1922 1039 1998 1082; x_wconf 86' lang='lat'><strong>111.</strong></span> <span class='ocrx_word' id='word_1_450' title='bbox 2056 1052 2156 1082; x_wconf 82' lang='lat' dir='ltr'><strong>nov.</strong></span> <span class='ocrx_word' id='word_1_451' title='bbox 2181 1038 2372 1082; x_wconf 90' lang='lat' dir='ltr'><strong>CXLIX.</strong></span> 
     </span>
     <span class='ocr_line' id='line_1_82' title="bbox 1299 1094 2374 1150; baseline -0.003 -11"><span class='ocrx_word' id='word_1_452' title='bbox 1299 1094 1473 1139; x_wconf 89' lang='lat' dir='ltr'><strong>CXLIV</strong></span> <span class='ocrx_word' id='word_1_453' title='bbox 1492 1096 1636 1138; x_wconf 88' lang='lat' dir='ltr'><strong>Tiber.</strong></span> <span class='ocrx_word' id='word_1_454' title='bbox 1656 1095 1677 1136; x_wconf 95' lang='lat' dir='ltr'><strong>I</strong></span> <span class='ocrx_word' id='word_1_455' title='bbox 1697 1096 2014 1150; x_wconf 85' lang='lat' dir='ltr'><strong>(praescribitur</strong></span> <span class='ocrx_word' id='word_1_456' title='bbox 2041 1097 2239 1149; x_wconf 83' lang='grc' dir='ltr'><strong>τιβερίου</strong></span> <span class='ocrx_word' id='word_1_457' title='bbox 2267 1095 2374 1148; x_wconf 84' lang='grc' dir='ltr'><strong><em>περὶ</em></strong></span> 
     </span>
     <span class='ocr_line' id='line_1_83' title="bbox 1297 1150 2373 1200; baseline 0 -8"><span class='ocrx_word' id='word_1_458' title='bbox 1297 1156 1386 1193; x_wconf 83' lang='grc' dir='ltr'><strong>τῶν</strong></span> <span class='ocrx_word' id='word_1_459' title='bbox 1404 1153 1546 1193; x_wconf 75' lang='grc' dir='ltr'><strong><em>θείων</em></strong></span> <span class='ocrx_word' id='word_1_460' title='bbox 1566 1150 1714 1200; x_wconf 79' lang='grc' dir='ltr'><strong><em>οἴκων)</em></strong></span> <span class='ocrx_word' id='word_1_461' title='bbox 1743 1152 1862 1194; x_wconf 90' lang='lat' dir='ltr'><strong>cuius</strong></span> <span class='ocrx_word' id='word_1_462' title='bbox 1881 1152 1925 1194; x_wconf 90' lang='lat' dir='ltr'><strong>in</strong></span> <span class='ocrx_word' id='word_1_463' title='bbox 1945 1152 2105 1195; x_wconf 85' lang='lat' dir='ltr'><strong>ultimis</strong></span> <span class='ocrx_word' id='word_1_464' title='bbox 2124 1151 2266 1196; x_wconf 81' lang='lat' dir='ltr'><strong>verbis</strong></span> <span class='ocrx_word' id='word_1_465' title='bbox 2284 1166 2373 1193; x_wconf 85' lang='grc' dir='ltr'><strong>τοι·</strong></span> 
     </span>
     <span class='ocr_line' id='line_1_84' title="bbox 1299 1206 2376 1263; baseline 0.001 -14"><span class='ocrx_word' id='word_1_466' title='bbox 1299 1206 1401 1250; x_wconf 88' lang='grc' dir='ltr'><strong><em>οὖτό</em></strong></span> <span class='ocrx_word' id='word_1_467' title='bbox 1431 1223 1477 1250; x_wconf 92' lang='grc' dir='ltr'><strong>τι</strong></span> <span class='ocrx_word' id='word_1_468' title='bbox 1503 1210 1717 1262; x_wconf 74' lang='grc' dir='ltr'><strong>γενέσθαι</strong></span> <span class='ocrx_word' id='word_1_469' title='bbox 1738 1209 2041 1263; x_wconf 80' lang='grc' dir='ltr'><strong><em>συγχωροῦμεν</em></strong></span> <span class='ocrx_word' id='word_1_470' title='bbox 2061 1208 2199 1252; x_wconf 83' lang='lat' dir='ltr'><strong>codex</strong></span> <span class='ocrx_word' id='word_1_471' title='bbox 2217 1208 2376 1251; x_wconf 83' lang='lat' dir='ltr'><strong>desinit</strong></span> 
     </span>
     <span class='ocr_line' id='line_1_85' title="bbox 1296 1262 2372 1319; baseline 0.001 -14"><span class='ocrx_word' id='word_1_472' title='bbox 1296 1262 1325 1306; x_wconf 87' lang='lat' dir='ltr'><strong>f.</strong></span> <span class='ocrx_word' id='word_1_473' title='bbox 1329 1267 1433 1306; x_wconf 85' lang='lat'><strong>415</strong></span> <span class='ocrx_word' id='word_1_474' title='bbox 1441 1265 1593 1308; x_wconf 87' lang='lat' dir='ltr'><strong>ceteris</strong></span> <span class='ocrx_word' id='word_1_475' title='bbox 1608 1278 1718 1319; x_wconf 90' lang='lat' dir='ltr'><strong>quae</strong></span> <span class='ocrx_word' id='word_1_476' title='bbox 1734 1265 1875 1307; x_wconf 88' lang='lat' dir='ltr'><strong>iudice</strong></span> <span class='ocrx_word' id='word_1_477' title='bbox 1886 1269 2183 1307; x_wconf 87' lang='lat' dir='ltr'><strong>enumerantur</strong></span> <span class='ocrx_word' id='word_1_478' title='bbox 2191 1265 2372 1307; x_wconf 85' lang='lat' dir='ltr'><strong>omissis.</strong></span> 
     </span>
    </p>

    <p class='ocr_par' dir='ltr' id='par_1_20' title="bbox 1296 1320 2375 1881">
     <span class='ocr_line' id='line_1_86' title="bbox 1388 1320 2372 1364; baseline -0.001 -1"><span class='ocrx_word' id='word_1_479' title='bbox 1388 1321 1617 1364; x_wconf 88' lang='lat' dir='ltr'><strong>Praeterea</strong></span> <span class='ocrx_word' id='word_1_480' title='bbox 1664 1321 1772 1363; x_wconf 87' lang='lat' dir='ltr'><strong>haec</strong></span> <span class='ocrx_word' id='word_1_481' title='bbox 1820 1320 2018 1363; x_wconf 84' lang='lat' dir='ltr'><strong>videntur</strong></span> <span class='ocrx_word' id='word_1_482' title='bbox 2065 1321 2372 1364; x_wconf 88' lang='lat' dir='ltr'><strong>memorabilia.</strong></span> 
     </span>
     <span class='ocr_line' id='line_1_87' title="bbox 1298 1376 2375 1432; baseline 0 -13"><span class='ocrx_word' id='word_1_483' title='bbox 1298 1376 1568 1432; x_wconf 84' lang='lat' dir='ltr'><strong>Archetypus</strong></span> <span class='ocrx_word' id='word_1_484' title='bbox 1598 1377 1752 1420; x_wconf 89' lang='lat' dir='ltr'><strong>litteris</strong></span> <span class='ocrx_word' id='word_1_485' title='bbox 1780 1377 2027 1420; x_wconf 88' lang='lat' dir='ltr'><strong>minusculis</strong></span> <span class='ocrx_word' id='word_1_486' title='bbox 2056 1381 2256 1420; x_wconf 87' lang='lat' dir='ltr'><strong>exaratus</strong></span> <span class='ocrx_word' id='word_1_487' title='bbox 2293 1377 2375 1419; x_wconf 82' lang='lat' dir='ltr'><strong>fuit</strong></span> 
     </span>
     <span class='ocr_line' id='line_1_88' title="bbox 1298 1434 2372 1488; baseline 0 -13"><span class='ocrx_word' id='word_1_488' title='bbox 1298 1434 1547 1488; x_wconf 86' lang='lat' dir='ltr'><strong>lacunisque</strong></span> <span class='ocrx_word' id='word_1_489' title='bbox 1592 1435 1676 1487; x_wconf 88' lang='lat'><strong>(49,</strong></span> <span class='ocrx_word' id='word_1_490' title='bbox 1704 1440 1754 1475; x_wconf 66' lang='lat' dir='ltr'><strong>z).</strong></span> <span class='ocrx_word' id='word_1_491' title='bbox 1794 1435 1891 1487; x_wconf 89' lang='grc'><strong>502,</strong></span> <span class='ocrx_word' id='word_1_492' title='bbox 1918 1440 1968 1475; x_wconf 82' lang='lat'><strong>25.</strong></span> <span class='ocrx_word' id='word_1_493' title='bbox 2006 1434 2105 1486; x_wconf 86' lang='lat'><strong>691,</strong></span> <span class='ocrx_word' id='word_1_494' title='bbox 2131 1440 2163 1474; x_wconf 81' lang='grc'><strong>3.</strong></span> <span class='ocrx_word' id='word_1_495' title='bbox 2204 1435 2372 1486; x_wconf 82' lang='lat'><strong>737,12.</strong></span> 
     </span>
     <span class='ocr_line' id='line_1_89' title="bbox 1300 1489 2372 1543; baseline 0.001 -13"><span class='ocrx_word' id='word_1_496' title='bbox 1300 1491 1395 1543; x_wconf 91' lang='grc'><strong>743,</strong></span> <span class='ocrx_word' id='word_1_497' title='bbox 1416 1497 1465 1532; x_wconf 78' lang='grc'><strong>20.</strong></span> <span class='ocrx_word' id='word_1_498' title='bbox 1487 1497 1536 1532; x_wconf 80' lang='lat'><strong>22.</strong></span> <span class='ocrx_word' id='word_1_499' title='bbox 1576 1490 1747 1542; x_wconf 85' lang='grc'><strong>782,19)</strong></span> <span class='ocrx_word' id='word_1_500' title='bbox 1784 1490 1985 1543; x_wconf 88' lang='lat' dir='ltr'><strong>foliisque</strong></span> <span class='ocrx_word' id='word_1_501' title='bbox 2023 1490 2195 1532; x_wconf 88' lang='lat' dir='ltr'><strong>mutatis</strong></span> <span class='ocrx_word' id='word_1_502' title='bbox 2233 1489 2372 1532; x_wconf 84' lang='lat' dir='ltr'><strong>defor-</strong></span> 
     </span>
     <span class='ocr_line' id='line_1_90' title="bbox 1297 1544 2374 1600; baseline 0.001 -13"><span class='ocrx_word' id='word_1_503' title='bbox 1297 1551 1449 1589; x_wconf 83' lang='lat' dir='ltr'><strong>matus.</strong></span> <span class='ocrx_word' id='word_1_504' title='bbox 1493 1545 1711 1589; x_wconf 88' lang='lat' dir='ltr'><strong>Librarius</strong></span> <span class='ocrx_word' id='word_1_505' title='bbox 1741 1559 1836 1589; x_wconf 90' lang='lat' dir='ltr'><strong>cum</strong></span> <span class='ocrx_word' id='word_1_506' title='bbox 1855 1546 1945 1588; x_wconf 89' lang='lat' dir='ltr'><strong>alia</strong></span> <span class='ocrx_word' id='word_1_507' title='bbox 1962 1544 2129 1589; x_wconf 88' lang='lat' dir='ltr'><strong>scholia</strong></span> <span class='ocrx_word' id='word_1_508' title='bbox 2146 1545 2374 1600; x_wconf 84' lang='lat' dir='ltr'><strong>adscripsit</strong></span> 
     </span>
     <span class='ocr_line' id='line_1_91' title="bbox 1298 1601 2372 1671; baseline -0.001 -26"><span class='ocrx_word' id='word_1_509' title='bbox 1298 1615 1476 1656; x_wconf 89' lang='lat' dir='ltr'><strong>quorum</strong></span> <span class='ocrx_word' id='word_1_510' title='bbox 1504 1603 1705 1656; x_wconf 85' lang='lat' dir='ltr'><strong>graviora</strong></span> <span class='ocrx_word' id='word_1_511' title='bbox 1724 1603 1914 1645; x_wconf 84' lang='lat' dir='ltr'><strong>enotavit</strong></span> <span class='ocrx_word' id='word_1_512' title='bbox 1912 1601 2120 1671; x_wconf 90' lang='lat' dir='ltr'><strong>Schoell,</strong></span> <span class='ocrx_word' id='word_1_513' title='bbox 2150 1603 2275 1656; x_wconf 89' lang='lat' dir='ltr'><strong>plura</strong></span> <span class='ocrx_word' id='word_1_514' title='bbox 2293 1602 2372 1644; x_wconf 84' lang='lat' dir='ltr'><strong>Za·</strong></span> 
     </span>
     <span class='ocr_line' id='line_1_92' title="bbox 1297 1652 2372 1712; baseline -0.001 -10"><span class='ocrx_word' id='word_1_515' title='bbox 1297 1658 1491 1712; x_wconf 88' lang='lat' dir='ltr'><strong>chariae,</strong></span> <span class='ocrx_word' id='word_1_516' title='bbox 1535 1663 1624 1701; x_wconf 92' lang='lat' dir='ltr'><strong>tum</strong></span> <span class='ocrx_word' id='word_1_517' title='bbox 1662 1658 1874 1701; x_wconf 88' lang='lat' dir='ltr'><strong>interdum</strong></span> <span class='ocrx_word' id='word_1_518' title='bbox 1912 1656 1995 1707; x_wconf 85' lang='grc' dir='ltr'><strong><em>ε’ως</em></strong></span> <span class='ocrx_word' id='word_1_519' title='bbox 2029 1652 2117 1699; x_wconf 78' lang='grc' dir='ltr'><strong>ωδε</strong></span> <span class='ocrx_word' id='word_1_520' title='bbox 2155 1659 2372 1712; x_wconf 88' lang='lat' dir='ltr'><strong>hucusque</strong></span> 
     </span>
     <span class='ocr_line' id='line_1_93' title="bbox 1296 1691 2372 1758; baseline -0.001 0"><span class='ocrx_word' id='word_1_521' title='bbox 1296 1691 1561 1758; x_wconf 53' lang='lat' dir='ltr'><strong>novell&#39;assum</strong></span> <span class='ocrx_word' id='word_1_522' title='bbox 1595 1715 1728 1757; x_wconf 83' lang='lat' dir='ltr'><strong>verba</strong></span> <span class='ocrx_word' id='word_1_523' title='bbox 1756 1714 1800 1757; x_wconf 91' lang='lat' dir='ltr'><strong>iu</strong></span> <span class='ocrx_word' id='word_1_524' title='bbox 1829 1714 2017 1758; x_wconf 87' lang='lat' dir='ltr'><strong>Basilica</strong></span> <span class='ocrx_word' id='word_1_525' title='bbox 2045 1715 2251 1758; x_wconf 87' lang='lat' dir='ltr'><strong>translata</strong></span> <span class='ocrx_word' id='word_1_526' title='bbox 2277 1727 2372 1757; x_wconf 84' lang='lat' dir='ltr'><strong>esse</strong></span> 
     </span>
     <span class='ocr_line' id='line_1_94' title="bbox 1296 1768 2372 1825; baseline -0.002 -11"><span class='ocrx_word' id='word_1_527' title='bbox 1296 1770 1552 1838; x_wconf 83' lang='lat' dir='ltr'><strong>significans.</strong></span> <span class='ocrx_word' id='word_1_528' title='bbox 1601 1771 1853 1825; x_wconf 89' lang='lat' dir='ltr'><strong>Ubicunque</strong></span> <span class='ocrx_word' id='word_1_529' title='bbox 1883 1772 2092 1814; x_wconf 88' lang='lat' dir='ltr'><strong>recentior</strong></span> <span class='ocrx_word' id='word_1_530' title='bbox 2121 1784 2269 1813; x_wconf 88' lang='lat' dir='ltr'><strong>manus</strong></span> <span class='ocrx_word' id='word_1_531' title='bbox 2290 1768 2372 1820; x_wconf 79' lang='grc' dir='ltr'><strong>ἕως</strong></span> 
     </span>
     <span class='ocr_line' id='line_1_95' title="bbox 1297 1784 2372 1881; baseline 0.002 -13"><span class='ocrx_word' id='word_1_532' title='bbox 1297 1784 1391 1868; x_wconf 80' lang='grc' dir='ltr'><strong><em>ὧδε</em></strong></span> <span class='ocrx_word' id='word_1_533' title='bbox 1412 1828 1483 1869; x_wconf 81' lang='lat' dir='ltr'><strong>vel</strong></span> <span class='ocrx_word' id='word_1_534' title='bbox 1512 1843 1541 1868; x_wconf 88' lang='grc' dir='ltr'><strong><em>α</em></strong></span> <span class='ocrx_word' id='word_1_535' title='bbox 1542 1825 1646 1881; x_wconf 87' lang='grc' dir='ltr'><strong><em>ρξου</em></strong></span> <span class='ocrx_word' id='word_1_536' title='bbox 1665 1826 1899 1881; x_wconf 80' lang='lat' dir='ltr'><strong>adnotavit,</strong></span> <span class='ocrx_word' id='word_1_537' title='bbox 1929 1839 2026 1870; x_wconf 91' lang='lat' dir='ltr'><strong>eum</strong></span> <span class='ocrx_word' id='word_1_538' title='bbox 2050 1827 2372 1881; x_wconf 90' lang='lat' dir='ltr'><strong>deprehendere</strong></span> 
     </span>
    </p>
   </div>
   <div class='ocr_carea' id='block_1_13' title="bbox 1298 1883 2370 1938">
    <p class='ocr_par' dir='ltr' id='par_1_21' title="bbox 1298 1883 2370 1938">
     <span class='ocr_line' id='line_1_96' title="bbox 1298 1883 2370 1938; baseline 0 -13"><span class='ocrx_word' id='word_1_539' title='bbox 1298 1884 1503 1938; x_wconf 84' lang='lat' dir='ltr'><strong>videmur,</strong></span> <span class='ocrx_word' id='word_1_540' title='bbox 1525 1884 1598 1937; x_wconf 90' lang='lat' dir='ltr'><strong>qui</strong></span> <span class='ocrx_word' id='word_1_541' title='bbox 1613 1883 1804 1926; x_wconf 90' lang='lat' dir='ltr'><strong>codicem</strong></span> <span class='ocrx_word' id='word_1_542' title='bbox 1822 1883 2060 1938; x_wconf 87' lang='lat' dir='ltr'><strong>descripsit,</strong></span> <span class='ocrx_word' id='word_1_543' title='bbox 2082 1884 2259 1926; x_wconf 86' lang='lat' dir='ltr'><strong>forsitan</strong></span> <span class='ocrx_word' id='word_1_544' title='bbox 2274 1897 2370 1927; x_wconf 89' lang='lat' dir='ltr'><strong>eum</strong></span> 
     </span>
    </p>
   </div>
   <div class='ocr_carea' id='block_1_14' title="bbox 1291 1939 2371 2331">
    <p class='ocr_par' dir='ltr' id='par_1_22' title="bbox 1294 1939 2371 2162">
     <span class='ocr_line' id='line_1_97' title="bbox 1296 1939 2371 1994; baseline 0 -12"><span class='ocrx_word' id='word_1_545' title='bbox 1296 1940 1370 1994; x_wconf 91' lang='lat' dir='ltr'><strong>qui</strong></span> <span class='ocrx_word' id='word_1_546' title='bbox 1397 1939 1638 1982; x_wconf 87' lang='lat' dir='ltr'><strong>Palatinum</strong></span> <span class='ocrx_word' id='word_1_547' title='bbox 1660 1940 1742 1982; x_wconf 89' lang='grc'><strong>387</strong></span> <span class='ocrx_word' id='word_1_548' title='bbox 1772 1940 1944 1983; x_wconf 90' lang='lat' dir='ltr'><strong>saeculo</strong></span> <span class='ocrx_word' id='word_1_549' title='bbox 1968 1945 2091 1982; x_wconf 86' lang='lat' dir='ltr'><strong>sexto</strong></span> <span class='ocrx_word' id='word_1_550' title='bbox 2112 1940 2278 1982; x_wconf 86' lang='lat' dir='ltr'><strong>decimo</strong></span> <span class='ocrx_word' id='word_1_551' title='bbox 2298 1952 2371 1982; x_wconf 84' lang='lat' dir='ltr'><strong>ex-</strong></span> 
     </span>
     <span class='ocr_line' id='line_1_98' title="bbox 1295 1996 2371 2039; baseline -0.001 -1"><span class='ocrx_word' id='word_1_552' title='bbox 1295 1996 1446 2039; x_wconf 79' lang='lat' dir='ltr'><strong>aravit.</strong></span> <span class='ocrx_word' id='word_1_553' title='bbox 1494 1996 1682 2039; x_wconf 89' lang='lat' dir='ltr'><strong>Litterae</strong></span> <span class='ocrx_word' id='word_1_554' title='bbox 1710 1996 1946 2039; x_wconf 82' lang='lat' dir='ltr'><strong>intervallis</strong></span> <span class='ocrx_word' id='word_1_555' title='bbox 1980 1996 2161 2039; x_wconf 87' lang='lat' dir='ltr'><strong>diversis</strong></span> <span class='ocrx_word' id='word_1_556' title='bbox 2189 2009 2217 2038; x_wconf 92' lang='lat' dir='ltr'><strong>a</strong></span> <span class='ocrx_word' id='word_1_557' title='bbox 2245 2009 2371 2038; x_wconf 90' lang='lat' dir='ltr'><strong>mauu</strong></span> 
     </span>
     <span class='ocr_line' id='line_1_99' title="bbox 1294 2052 2370 2107; baseline -0.001 -13"><span class='ocrx_word' id='word_1_558' title='bbox 1294 2052 1455 2095; x_wconf 89' lang='lat' dir='ltr'><strong>recenti</strong></span> <span class='ocrx_word' id='word_1_559' title='bbox 1475 2052 1656 2107; x_wconf 84' lang='lat' dir='ltr'><strong>margini</strong></span> <span class='ocrx_word' id='word_1_560' title='bbox 1676 2053 1899 2107; x_wconf 83' lang='lat' dir='ltr'><strong>appositae</strong></span> <span class='ocrx_word' id='word_1_561' title='bbox 1920 2053 2074 2107; x_wconf 88' lang='lat' dir='ltr'><strong>(prima</strong></span> <span class='ocrx_word' id='word_1_562' title='bbox 2093 2058 2158 2095; x_wconf 88' lang='lat' dir='ltr'><strong>est</strong></span> <span class='ocrx_word' id='word_1_563' title='bbox 2178 2054 2218 2093; x_wconf 93' lang='grc' dir='ltr'><strong><em>Γ</em></strong></span> <span class='ocrx_word' id='word_1_564' title='bbox 2232 2053 2261 2094; x_wconf 84' lang='lat' dir='ltr'><strong>f.</strong></span> <span class='ocrx_word' id='word_1_565' title='bbox 2284 2053 2370 2105; x_wconf 72' lang='lat'><strong>88&#39;,</strong></span> 
     </span>
     <span class='ocr_line' id='line_1_100' title="bbox 1295 2108 2369 2162; baseline -0.001 -11"><span class='ocrx_word' id='word_1_566' title='bbox 1295 2113 1487 2151; x_wconf 85' lang='lat' dir='ltr'><strong>extrema</strong></span> <span class='ocrx_word' id='word_1_567' title='bbox 1512 2108 1551 2151; x_wconf 88' lang='grc' dir='ltr'><strong>Τ</strong></span> <span class='ocrx_word' id='word_1_568' title='bbox 1570 2109 1598 2150; x_wconf 78' lang='lat' dir='ltr'><strong>s.</strong></span> <span class='ocrx_word' id='word_1_569' title='bbox 1620 2109 1739 2159; x_wconf 69' lang='lat'><strong>372&#39;)</strong></span> <span class='ocrx_word' id='word_1_570' title='bbox 1767 2108 1871 2162; x_wconf 90' lang='lat' dir='ltr'><strong>quid</strong></span> <span class='ocrx_word' id='word_1_571' title='bbox 1900 2109 1982 2151; x_wconf 89' lang='lat' dir='ltr'><strong>sibi</strong></span> <span class='ocrx_word' id='word_1_572' title='bbox 2012 2108 2146 2151; x_wconf 86' lang='lat' dir='ltr'><strong>velint</strong></span> <span class='ocrx_word' id='word_1_573' title='bbox 2174 2109 2369 2157; x_wconf 82' lang='lat' dir='ltr'><strong>nescio.²)</strong></span> 
     </span>
    </p>

    <p class='ocr_par' dir='ltr' id='par_1_23' title="bbox 1291 2163 2368 2331">
     <span class='ocr_line' id='line_1_101' title="bbox 1379 2163 2368 2218; baseline -0.002 -10"><span class='ocrx_word' id='word_1_574' title='bbox 1379 2165 1583 2208; x_wconf 88' lang='lat' dir='ltr'><strong>Codicem</strong></span> <span class='ocrx_word' id='word_1_575' title='bbox 1613 2165 1791 2207; x_wconf 87' lang='lat' dir='ltr'><strong>contulit</strong></span> <span class='ocrx_word' id='word_1_576' title='bbox 1810 2163 2006 2217; x_wconf 88' lang='lat' dir='ltr'><strong>Schoell;</strong></span> <span class='ocrx_word' id='word_1_577' title='bbox 2037 2165 2109 2206; x_wconf 89' lang='lat' dir='ltr'><strong>ubi</strong></span> <span class='ocrx_word' id='word_1_578' title='bbox 2138 2165 2227 2206; x_wconf 89' lang='lat' dir='ltr'><strong>alia</strong></span> <span class='ocrx_word' id='word_1_579' title='bbox 2254 2165 2368 2218; x_wconf 81' lang='lat' dir='ltr'><strong>lege·</strong></span> 
     </span>
     <span class='ocr_line' id='line_1_102' title="bbox 1295 2220 2368 2274; baseline -0.002 -10"><span class='ocrx_word' id='word_1_580' title='bbox 1295 2225 1362 2264; x_wconf 90' lang='lat' dir='ltr'><strong>rat</strong></span> <span class='ocrx_word' id='word_1_581' title='bbox 1391 2220 1640 2273; x_wconf 89' lang='lat' dir='ltr'><strong>Zachariae,</strong></span> <span class='ocrx_word' id='word_1_582' title='bbox 1679 2221 1929 2274; x_wconf 89' lang='lat' dir='ltr'><strong>plerumque</strong></span> <span class='ocrx_word' id='word_1_583' title='bbox 1967 2220 2107 2262; x_wconf 86' lang='lat' dir='ltr'><strong>denuo</strong></span> <span class='ocrx_word' id='word_1_584' title='bbox 2146 2221 2263 2263; x_wconf 87' lang='lat' dir='ltr'><strong>locos</strong></span> <span class='ocrx_word' id='word_1_585' title='bbox 2292 2221 2368 2262; x_wconf 89' lang='lat' dir='ltr'><strong>du-</strong></span> 
     </span>
     <span class='ocr_line' id='line_1_103' title="bbox 1291 2275 2367 2331; baseline -0.001 -12"><span class='ocrx_word' id='word_1_586' title='bbox 1291 2277 1386 2320; x_wconf 87' lang='lat' dir='ltr'><strong>bios</strong></span> <span class='ocrx_word' id='word_1_587' title='bbox 1429 2275 1717 2331; x_wconf 89' lang='lat' dir='ltr'><strong>inspiciendos</strong></span> <span class='ocrx_word' id='word_1_588' title='bbox 1762 2276 1938 2318; x_wconf 81' lang='lat' dir='ltr'><strong>curavit.</strong></span> <span class='ocrx_word' id='word_1_589' title='bbox 2005 2275 2228 2318; x_wconf 86' lang='lat' dir='ltr'><strong>Lectiones</strong></span> <span class='ocrx_word' id='word_1_590' title='bbox 2271 2275 2367 2318; x_wconf 91' lang='lat' dir='ltr'><strong>dili·</strong></span> 
     </span>
    </p>
   </div>
   <div class='ocr_carea' id='block_1_15' title="bbox 1297 2341 1558 2349">
    <p class='ocr_par' dir='ltr' id='par_1_24' title="bbox 1297 2341 1558 2349">
     <span class='ocr_line' id='line_1_104' title="bbox 1297 2341 1558 2349; baseline 0 0"><span class='ocrx_word' id='word_1_591' title='bbox 1297 2341 1558 2349; x_wconf 95' lang='lat' dir='ltr'><strong> </strong></span> 
     </span>
    </p>
   </div>
   <div class='ocr_carea' id='block_1_16' title="bbox 1292 2369 2367 3448">
    <p class='ocr_par' dir='ltr' id='par_1_25' title="bbox 1293 2369 2367 2867">
     <span class='ocr_line' id='line_1_105' title="bbox 1385 2369 2366 2417; baseline 0.001 -10"><span class='ocrx_word' id='word_1_592' title='bbox 1385 2376 1418 2414; x_wconf 85' lang='lat'><strong>1)</strong></span> <span class='ocrx_word' id='word_1_593' title='bbox 1441 2373 1626 2409; x_wconf 82' lang='lat' dir='ltr'><strong>Mentione</strong></span> <span class='ocrx_word' id='word_1_594' title='bbox 1649 2374 1794 2417; x_wconf 84' lang='lat' dir='ltr'><strong>dignum</strong></span> <span class='ocrx_word' id='word_1_595' title='bbox 1817 2375 1873 2408; x_wconf 88' lang='lat' dir='ltr'><strong>est</strong></span> <span class='ocrx_word' id='word_1_596' title='bbox 1896 2372 2053 2408; x_wconf 88' lang='lat' dir='ltr'><strong>Psellum</strong></span> <span class='ocrx_word' id='word_1_597' title='bbox 2071 2372 2282 2415; x_wconf 85' lang='lat' dir='ltr'><strong>(Heimbach</strong></span> <span class='ocrx_word' id='word_1_598' title='bbox 2308 2369 2366 2409; x_wconf 81' lang='grc' dir='ltr'><strong>ιῖν.</strong></span> 
     </span>
     <span class='ocr_line' id='line_1_106' title="bbox 1293 2417 2367 2498; baseline -0.002 -44"><span class='ocrx_word' id='word_1_599' title='bbox 1293 2418 1423 2498; x_wconf 44' lang='grc' dir='ltr'><strong>ἓξὲξ)</strong></span> <span class='ocrx_word' id='word_1_600' title='bbox 1445 2418 1603 2453; x_wconf 84' lang='lat' dir='ltr'><strong>codicem</strong></span> <span class='ocrx_word' id='word_1_601' title='bbox 1620 2419 1790 2453; x_wconf 85' lang='lat' dir='ltr'><strong>habuisse</strong></span> <span class='ocrx_word' id='word_1_602' title='bbox 1805 2428 1829 2452; x_wconf 84' lang='lat' dir='ltr'><strong>a</strong></span> <span class='ocrx_word' id='word_1_603' title='bbox 1844 2428 1914 2462; x_wconf 91' lang='lat' dir='ltr'><strong>quo</strong></span> <span class='ocrx_word' id='word_1_604' title='bbox 1931 2418 2083 2452; x_wconf 86' lang='lat' dir='ltr'><strong>aberant</strong></span> <span class='ocrx_word' id='word_1_605' title='bbox 2099 2417 2200 2453; x_wconf 79' lang='lat' dir='ltr'><strong>CXL.</strong></span> <span class='ocrx_word' id='word_1_606' title='bbox 2230 2418 2367 2453; x_wconf 77' lang='lat' dir='ltr'><strong>CLXI?</strong></span> 
     </span>
     <span class='ocr_line' id='line_1_107' title="bbox 1386 2507 2366 2550; baseline 0 -8"><span class='ocrx_word' id='word_1_607' title='bbox 1386 2511 1419 2550; x_wconf 95' lang='grc'><strong>2)</strong></span> <span class='ocrx_word' id='word_1_608' title='bbox 1454 2507 1590 2542; x_wconf 82' lang='lat' dir='ltr'><strong>Textus</strong></span> <span class='ocrx_word' id='word_1_609' title='bbox 1618 2507 1804 2542; x_wconf 82' lang='lat' dir='ltr'><strong>historiam</strong></span> <span class='ocrx_word' id='word_1_610' title='bbox 1833 2516 1889 2541; x_wconf 91' lang='lat' dir='ltr'><strong>me</strong></span> <span class='ocrx_word' id='word_1_611' title='bbox 1920 2508 2170 2541; x_wconf 85' lang='lat' dir='ltr'><strong>enarraturum</strong></span> <span class='ocrx_word' id='word_1_612' title='bbox 2200 2516 2279 2542; x_wconf 85' lang='lat' dir='ltr'><strong>esse</strong></span> <span class='ocrx_word' id='word_1_613' title='bbox 2302 2517 2366 2542; x_wconf 85' lang='lat' dir='ltr'><strong>ne-</strong></span> 
     </span>
     <span class='ocr_line' id='line_1_108' title="bbox 1294 2551 2365 2596; baseline 0 -9"><span class='ocrx_word' id='word_1_614' title='bbox 1294 2552 1392 2596; x_wconf 80' lang='lat' dir='ltr'><strong>gavi;</strong></span> <span class='ocrx_word' id='word_1_615' title='bbox 1428 2552 1491 2587; x_wconf 88' lang='lat' dir='ltr'><strong>sed</strong></span> <span class='ocrx_word' id='word_1_616' title='bbox 1521 2555 1639 2587; x_wconf 68' lang='lat' dir='ltr'><strong>tamen</strong></span> <span class='ocrx_word' id='word_1_617' title='bbox 1670 2552 1842 2587; x_wconf 84' lang='lat' dir='ltr'><strong>nonnulla</strong></span> <span class='ocrx_word' id='word_1_618' title='bbox 1870 2551 1918 2586; x_wconf 84' lang='lat' dir='ltr'><strong>ad</strong></span> <span class='ocrx_word' id='word_1_619' title='bbox 1949 2561 2070 2586; x_wconf 79' lang='lat' dir='ltr'><strong>verum</strong></span> <span class='ocrx_word' id='word_1_620' title='bbox 2099 2551 2144 2586; x_wconf 88' lang='lat' dir='ltr'><strong>de</strong></span> <span class='ocrx_word' id='word_1_621' title='bbox 2174 2552 2297 2586; x_wconf 88' lang='lat' dir='ltr'><strong>codice</strong></span> <span class='ocrx_word' id='word_1_622' title='bbox 2325 2553 2365 2587; x_wconf 87' lang='lat' dir='ltr'><strong>M</strong></span> 
     </span>
     <span class='ocr_line' id='line_1_109' title="bbox 1295 2596 2365 2640; baseline -0.001 -8"><span class='ocrx_word' id='word_1_623' title='bbox 1295 2597 1465 2633; x_wconf 85' lang='lat' dir='ltr'><strong>iudicium</strong></span> <span class='ocrx_word' id='word_1_624' title='bbox 1499 2596 1686 2632; x_wconf 82' lang='lat' dir='ltr'><strong>ferendum</strong></span> <span class='ocrx_word' id='word_1_625' title='bbox 1721 2597 1822 2632; x_wconf 85' lang='lat' dir='ltr'><strong>utilia</strong></span> <span class='ocrx_word' id='word_1_626' title='bbox 1857 2597 2030 2639; x_wconf 83' lang='lat' dir='ltr'><strong>congessi.</strong></span> <span class='ocrx_word' id='word_1_627' title='bbox 2082 2596 2222 2640; x_wconf 90' lang='lat' dir='ltr'><strong>Corpus</strong></span> <span class='ocrx_word' id='word_1_628' title='bbox 2258 2597 2365 2640; x_wconf 85' lang='lat' dir='ltr'><strong>igitur</strong></span> 
     </span>
     <span class='ocr_line' id='line_1_110' title="bbox 1300 2642 2365 2686; baseline -0.001 -8"><span class='ocrx_word' id='word_1_629' title='bbox 1300 2646 1363 2678; x_wconf 88' lang='grc'><strong>168</strong></span> <span class='ocrx_word' id='word_1_630' title='bbox 1392 2642 1612 2677; x_wconf 77' lang='lat' dir='ltr'><strong>novellarum</strong></span> <span class='ocrx_word' id='word_1_631' title='bbox 1645 2652 1718 2677; x_wconf 90' lang='lat' dir='ltr'><strong>non</strong></span> <span class='ocrx_word' id='word_1_632' title='bbox 1746 2651 1886 2686; x_wconf 88' lang='lat' dir='ltr'><strong>semper</strong></span> <span class='ocrx_word' id='word_1_633' title='bbox 1908 2646 2045 2677; x_wconf 83' lang='lat' dir='ltr'><strong>textum</strong></span> <span class='ocrx_word' id='word_1_634' title='bbox 2069 2644 2219 2686; x_wconf 86' lang='lat' dir='ltr'><strong>praebet</strong></span> <span class='ocrx_word' id='word_1_635' title='bbox 2240 2642 2365 2685; x_wconf 83' lang='lat' dir='ltr'><strong>genui·</strong></span> 
     </span>
     <span class='ocr_line' id='line_1_111' title="bbox 1295 2686 2364 2731; baseline -0.001 -9"><span class='ocrx_word' id='word_1_636' title='bbox 1295 2697 1400 2731; x_wconf 81' lang='lat' dir='ltr'><strong>num;</strong></span> <span class='ocrx_word' id='word_1_637' title='bbox 1431 2689 1467 2721; x_wconf 89' lang='lat' dir='ltr'><strong>in</strong></span> <span class='ocrx_word' id='word_1_638' title='bbox 1574 2686 1767 2722; x_wconf 85' lang='lat' dir='ltr'><strong>lationibus</strong></span> <span class='ocrx_word' id='word_1_639' title='bbox 1795 2687 1889 2721; x_wconf 83' lang='lat' dir='ltr'><strong>enim</strong></span> <span class='ocrx_word' id='word_1_640' title='bbox 1921 2687 2175 2722; x_wconf 81' lang='lat' dir='ltr'><strong>vetustioribus</strong></span> <span class='ocrx_word' id='word_1_641' title='bbox 2204 2690 2364 2730; x_wconf 79' lang='grc'><strong>(663,12.</strong></span> 
     </span>
     <span class='ocr_line' id='line_1_112' title="bbox 1296 2731 2364 2775; baseline -0.001 -8"><span class='ocrx_word' id='word_1_642' title='bbox 1296 2735 1375 2775; x_wconf 87' lang='grc'><strong>668,</strong></span> <span class='ocrx_word' id='word_1_643' title='bbox 1398 2734 1433 2774; x_wconf 90' lang='grc'><strong>2)</strong></span> <span class='ocrx_word' id='word_1_644' title='bbox 1463 2731 1631 2767; x_wconf 67' lang='lat' dir='ltr'><strong>redactur</strong></span> <span class='ocrx_word' id='word_1_645' title='bbox 1659 2731 1798 2766; x_wconf 79' lang='lat' dir='ltr'><strong>addidit</strong></span> <span class='ocrx_word' id='word_1_646' title='bbox 1827 2742 1912 2766; x_wconf 70' lang='lat' dir='ltr'><strong>suas</strong></span> <span class='ocrx_word' id='word_1_647' title='bbox 1941 2737 1992 2771; x_wconf 85' lang='grc'><strong>(11</strong></span> <span class='ocrx_word' id='word_1_648' title='bbox 1979 2735 2033 2771; x_wconf 90' lang='grc'><strong>’,0</strong></span> <span class='ocrx_word' id='word_1_649' title='bbox 2058 2739 2188 2765; x_wconf 78' lang='lat'><strong>22—24.</strong></span> <span class='ocrx_word' id='word_1_650' title='bbox 2214 2734 2292 2773; x_wconf 86' lang='grc'><strong>387,</strong></span> <span class='ocrx_word' id='word_1_651' title='bbox 2315 2740 2364 2766; x_wconf 86' lang='lat'><strong>32.</strong></span> 
     </span>
     <span class='ocr_line' id='line_1_113' title="bbox 1296 2775 2362 2821; baseline -0.002 -9"><span class='ocrx_word' id='word_1_652' title='bbox 1296 2780 1374 2820; x_wconf 82' lang='grc'><strong>459,</strong></span> <span class='ocrx_word' id='word_1_653' title='bbox 1391 2785 1440 2814; x_wconf 81' lang='lat'><strong>20</strong></span> <span class='ocrx_word' id='word_1_654' title='bbox 1464 2779 1543 2818; x_wconf 89' lang='grc'><strong>460,</strong></span> <span class='ocrx_word' id='word_1_655' title='bbox 1555 2786 1663 2812; x_wconf 86' lang='lat'><strong>4—10.</strong></span> <span class='ocrx_word' id='word_1_656' title='bbox 1687 2779 1767 2818; x_wconf 90' lang='grc'><strong>594,</strong></span> <span class='ocrx_word' id='word_1_657' title='bbox 1780 2780 1834 2819; x_wconf 84' lang='grc'><strong>4);</strong></span> <span class='ocrx_word' id='word_1_658' title='bbox 1856 2777 1905 2811; x_wconf 82' lang='lat' dir='ltr'><strong>ibi</strong></span> <span class='ocrx_word' id='word_1_659' title='bbox 1921 2775 2156 2821; x_wconf 79' lang='lat' dir='ltr'><strong>potlssimum</strong></span> <span class='ocrx_word' id='word_1_660' title='bbox 2179 2776 2242 2811; x_wconf 78' lang='lat' dir='ltr'><strong>ubi</strong></span> <span class='ocrx_word' id='word_1_661' title='bbox 2258 2786 2362 2820; x_wconf 84' lang='lat' dir='ltr'><strong>prae·</strong></span> 
     </span>
     <span class='ocr_line' id='line_1_114' title="bbox 1294 2821 2362 2872; baseline -0.003 -14.76"><span class='ocrx_word' id='word_1_662' title='bbox 1294 2828 1394 2859; x_wconf 56' lang='lat' dir='ltr'><strong>ters-</strong></span> <span class='ocrx_word' id='word_1_663' title='bbox 1414 2821 1487 2856; x_wconf 78' lang='lat' dir='ltr'><strong>alia</strong></span> <span class='ocrx_word' id='word_1_664' title='bbox 1509 2831 1651 2867; x_wconf 88' lang='lat' dir='ltr'><strong>quoque</strong></span> <span class='ocrx_word' id='word_1_665' title='bbox 1673 2821 1835 2856; x_wconf 81' lang='lat' dir='ltr'><strong>diversae</strong></span> <span class='ocrx_word' id='word_1_666' title='bbox 1850 2822 2066 2856; x_wconf 82' lang='lat' dir='ltr'><strong>recensionis</strong></span> <span class='ocrx_word' id='word_1_667' title='bbox 2082 2821 2244 2872; x_wconf 80' lang='lat' dir='ltr'><strong>exempla</strong></span> <span class='ocrx_word' id='word_1_668' title='bbox 2260 2831 2362 2864; x_wconf 84' lang='lat' dir='ltr'><strong>prae-</strong></span> 
     </span>
    </p>

    <p class='ocr_par' dir='ltr' id='par_1_26' title="bbox 1292 2865 2362 2995">
     <span class='ocr_line' id='line_1_115' title="bbox 1294 2865 2362 2910; baseline -0.003 -8"><span class='ocrx_word' id='word_1_669' title='bbox 1294 2870 1350 2902; x_wconf 89' lang='lat' dir='ltr'><strong>sto</strong></span> <span class='ocrx_word' id='word_1_670' title='bbox 1382 2872 1477 2907; x_wconf 90' lang='lat' dir='ltr'><strong>sunt,</strong></span> <span class='ocrx_word' id='word_1_671' title='bbox 1508 2867 1616 2901; x_wconf 74' lang='lat' dir='ltr'><strong>verba</strong></span> <span class='ocrx_word' id='word_1_672' title='bbox 1644 2867 1796 2910; x_wconf 82' lang='lat' dir='ltr'><strong>pristina</strong></span> <span class='ocrx_word' id='word_1_673' title='bbox 1823 2867 1861 2900; x_wconf 90' lang='lat' dir='ltr'><strong>in</strong></span> <span class='ocrx_word' id='word_1_674' title='bbox 1884 2866 1987 2901; x_wconf 87' lang='lat' dir='ltr'><strong>MLB</strong></span> <span class='ocrx_word' id='word_1_675' title='bbox 2099 2867 2146 2899; x_wconf 91' lang='lat' dir='ltr'><strong>im</strong></span> <span class='ocrx_word' id='word_1_676' title='bbox 2170 2865 2237 2909; x_wconf 88' lang='lat' dir='ltr'><strong>dep</strong></span> <span class='ocrx_word' id='word_1_677' title='bbox 2241 2870 2362 2900; x_wconf 79' lang='lat' dir='ltr'><strong>ravata</strong></span> 
     </span>
     <span class='ocr_line' id='line_1_116' title="bbox 1292 2910 2361 2997; baseline -0.005 -49"><span class='ocrx_word' id='word_1_678' title='bbox 1292 2912 1668 2997; x_wconf 48' lang='grc' dir='ltr'><strong>ῗὲἒιῖῗςὲοἷοῶιιιιιεε</strong></span> <span class='ocrx_word' id='word_1_679' title='bbox 1706 2912 1802 2946; x_wconf 85' lang='lat' dir='ltr'><strong>velut</strong></span> <span class='ocrx_word' id='word_1_680' title='bbox 1834 2911 1877 2990; x_wconf 89' lang='lat' dir='ltr'><strong>in1</strong></span> <span class='ocrx_word' id='word_1_681' title='bbox 1901 2921 2010 2995; x_wconf 52' lang='grc' dir='ltr'><strong>ὃὲᾍ)</strong></span> <span class='ocrx_word' id='word_1_682' title='bbox 2041 2910 2110 2944; x_wconf 87' lang='lat' dir='ltr'><strong>XX</strong></span> <span class='ocrx_word' id='word_1_683' title='bbox 2146 2910 2275 2989; x_wconf 44' lang='grc'><strong>01,-1111818</strong></span> <span class='ocrx_word' id='word_1_684' title='bbox 2277 2921 2361 2989; x_wconf 64' lang='grc' dir='ltr'><strong>1κέ1ιὲ</strong></span> 
     </span>
     <span class='ocr_line' id='line_1_117' title="bbox 1496 2955 2339 2994; baseline -0.008 0"><span class='ocrx_word' id='word_1_685' title='bbox 1496 2970 1515 2994; x_wconf 79' lang='grc' dir='ltr'><strong><em>ς</em></strong></span> <span class='ocrx_word' id='word_1_686' title='bbox 1631 2967 1669 2991; x_wconf 85' lang='grc' dir='ltr'><strong>ιιι</strong></span> <span class='ocrx_word' id='word_1_687' title='bbox 1692 2955 1859 2990; x_wconf 68' lang='grc' dir='ltr'>ΟΧΠΠ</span> <span class='ocrx_word' id='word_1_688' title='bbox 2038 2965 2159 2989; x_wconf 80' lang='lat' dir='ltr'><strong>verum</strong></span> <span class='ocrx_word' id='word_1_689' title='bbox 2321 2965 2339 2988; x_wconf 91' lang='lat' dir='ltr'><strong>r</strong></span> 
     </span>
    </p>

    <p class='ocr_par' dir='ltr' id='par_1_27' title="bbox 1293 2999 2359 3448">
     <span class='ocr_line' id='line_1_118' title="bbox 1293 2999 2359 3044; baseline -0.004 -8"><span class='ocrx_word' id='word_1_690' title='bbox 1293 3002 1411 3036; x_wconf 88' lang='lat' dir='ltr'><strong>solent</strong></span> <span class='ocrx_word' id='word_1_691' title='bbox 1439 3006 1565 3036; x_wconf 85' lang='lat' dir='ltr'><strong>contra</strong></span> <span class='ocrx_word' id='word_1_692' title='bbox 1589 3001 1702 3035; x_wconf 87' lang='lat' dir='ltr'><strong>MLB.</strong></span> <span class='ocrx_word' id='word_1_693' title='bbox 1749 3001 1819 3035; x_wconf 85' lang='lat' dir='ltr'><strong>Sed</strong></span> <span class='ocrx_word' id='word_1_694' title='bbox 1847 3000 1926 3035; x_wconf 81' lang='lat' dir='ltr'><strong>aliis</strong></span> <span class='ocrx_word' id='word_1_695' title='bbox 1958 3009 2098 3044; x_wconf 90' lang='lat' dir='ltr'><strong>quoque</strong></span> <span class='ocrx_word' id='word_1_696' title='bbox 2127 3009 2162 3033; x_wconf 95' lang='lat' dir='ltr'><strong>m</strong></span> <span class='ocrx_word' id='word_1_697' title='bbox 2202 2999 2248 3034; x_wconf 84' lang='lat' dir='ltr'><strong>tis</strong></span> <span class='ocrx_word' id='word_1_698' title='bbox 2270 2999 2359 3033; x_wconf 88' lang='lat' dir='ltr'><strong>locis</strong></span> 
     </span>
     <span class='ocr_line' id='line_1_119' title="bbox 1293 3043 2357 3090; baseline -0.004 -10"><span class='ocrx_word' id='word_1_699' title='bbox 1293 3046 1399 3082; x_wconf 86' lang='lat' dir='ltr'><strong>huius</strong></span> <span class='ocrx_word' id='word_1_700' title='bbox 1424 3047 1645 3082; x_wconf 86' lang='lat' dir='ltr'><strong>recensionis</strong></span> <span class='ocrx_word' id='word_1_701' title='bbox 1662 3045 1882 3090; x_wconf 84' lang='lat' dir='ltr'><strong>corruptelas</strong></span> <span class='ocrx_word' id='word_1_702' title='bbox 1899 3045 2093 3090; x_wconf 71' lang='lat' dir='ltr'><strong>detegimus</strong></span> <span class='ocrx_word' id='word_1_703' title='bbox 2110 3043 2243 3086; x_wconf 88' lang='lat' dir='ltr'><strong>(MLB:</strong></span> <span class='ocrx_word' id='word_1_704' title='bbox 2268 3046 2357 3081; x_wconf 86' lang='grc'><strong>6,19.</strong></span> 
     </span>
     <span class='ocr_line' id='line_1_120' title="bbox 1295 3090 2356 3133; baseline -0.005 -6.971"><span class='ocrx_word' id='word_1_705' title='bbox 1295 3095 1411 3133; x_wconf 79' lang='lat'><strong>74,27.</strong></span> <span class='ocrx_word' id='word_1_706' title='bbox 1436 3094 1513 3130; x_wconf 82' lang='grc'><strong>217.</strong></span> <span class='ocrx_word' id='word_1_707' title='bbox 1531 3100 1561 3126; x_wconf 97' lang='grc'><strong>9.</strong></span> <span class='ocrx_word' id='word_1_708' title='bbox 1587 3093 1724 3133; x_wconf 79' lang='grc'><strong>226,17</strong></span> <span class='ocrx_word' id='word_1_709' title='bbox 1750 3094 1889 3131; x_wconf 64' lang='grc'><strong>475,12</strong></span> <span class='ocrx_word' id='word_1_710' title='bbox 1924 3093 2000 3131; x_wconf 89' lang='lat'><strong>537</strong></span> <span class='ocrx_word' id='word_1_711' title='bbox 2017 3098 2064 3123; x_wconf 81' lang='lat'><strong>24.</strong></span> <span class='ocrx_word' id='word_1_712' title='bbox 2090 3092 2211 3129; x_wconf 80' lang='lat' dir='ltr'><strong>540,s.</strong></span> <span class='ocrx_word' id='word_1_713' title='bbox 2236 3090 2356 3129; x_wconf 79' lang='lat' dir='ltr'><strong>629‚.s</strong></span> 
     </span>
     <span class='ocr_line' id='line_1_121' title="bbox 1294 3114 2355 3178; baseline -0.007 -7"><span class='ocrx_word' id='word_1_714' title='bbox 1294 3118 1372 3178; x_wconf 80' lang='lat'><strong>63&#39;9,</strong></span> <span class='ocrx_word' id='word_1_715' title='bbox 1392 3144 1440 3171; x_wconf 75' lang='lat'><strong>32.</strong></span> <span class='ocrx_word' id='word_1_716' title='bbox 1465 3139 1543 3177; x_wconf 90' lang='grc'><strong>665,</strong></span> <span class='ocrx_word' id='word_1_717' title='bbox 1559 3144 1606 3170; x_wconf 84' lang='lat'><strong>23.</strong></span> <span class='ocrx_word' id='word_1_718' title='bbox 1631 3138 1743 3175; x_wconf 86' lang='grc'><strong>684,·</strong></span> <span class='ocrx_word' id='word_1_719' title='bbox 1733 3138 1805 3169; x_wconf 82' lang='grc' dir='ltr'><strong>1ει</strong></span> <span class='ocrx_word' id='word_1_720' title='bbox 1826 3134 1889 3168; x_wconf 83' lang='lat' dir='ltr'><strong>ubi</strong></span> <span class='ocrx_word' id='word_1_721' title='bbox 1912 3134 1940 3168; x_wconf 91' lang='lat' dir='ltr'>B</span> <span class='ocrx_word' id='word_1_722' title='bbox 1965 3114 2186 3168; x_wconf 64' lang='lat' dir='ltr'><strong>deficitML:</strong></span> <span class='ocrx_word' id='word_1_723' title='bbox 2223 3134 2355 3174; x_wconf 83' lang='grc'><strong>128,15.</strong></span> 
     </span>
     <span class='ocr_line' id='line_1_122' title="bbox 1298 3178 2354 3223; baseline -0.007 -8"><span class='ocrx_word' id='word_1_724' title='bbox 1298 3183 1371 3223; x_wconf 88' lang='grc'><strong>139,</strong></span> <span class='ocrx_word' id='word_1_725' title='bbox 1395 3189 1445 3216; x_wconf 77' lang='lat'><strong>26.</strong></span> <span class='ocrx_word' id='word_1_726' title='bbox 1488 3184 1564 3223; x_wconf 90' lang='grc'><strong>147,</strong></span> <span class='ocrx_word' id='word_1_727' title='bbox 1589 3189 1636 3215; x_wconf 94' lang='lat'><strong>34.</strong></span> <span class='ocrx_word' id='word_1_728' title='bbox 1677 3182 1754 3220; x_wconf 92' lang='grc'><strong>224,</strong></span> <span class='ocrx_word' id='word_1_729' title='bbox 1777 3190 1805 3213; x_wconf 83' lang='grc'><strong>5.</strong></span> <span class='ocrx_word' id='word_1_730' title='bbox 1842 3182 1919 3222; x_wconf 87' lang='grc'><strong>250,</strong></span> <span class='ocrx_word' id='word_1_731' title='bbox 1944 3187 1992 3213; x_wconf 84' lang='lat'><strong>3⁰.</strong></span> <span class='ocrx_word' id='word_1_732' title='bbox 2028 3180 2103 3218; x_wconf 87' lang='grc'><strong>263,</strong></span> <span class='ocrx_word' id='word_1_733' title='bbox 2123 3185 2169 3211; x_wconf 46' lang='grc'><strong>(2.4</strong></span> <span class='ocrx_word' id='word_1_734' title='bbox 2207 3178 2283 3215; x_wconf 85' lang='grc'><strong>265,</strong></span> <span class='ocrx_word' id='word_1_735' title='bbox 2306 3183 2354 3209; x_wconf 75' lang='lat'><strong>3⁶.</strong></span> 
     </span>
     <span class='ocr_line' id='line_1_123' title="bbox 1295 3222 2353 3269; baseline -0.008 -8"><span class='ocrx_word' id='word_1_736' title='bbox 1295 3230 1419 3269; x_wconf 91' lang='grc'><strong>501,1.</strong></span> <span class='ocrx_word' id='word_1_737' title='bbox 1460 3229 1605 3266; x_wconf 87' lang='grc'><strong>504,14.</strong></span> <span class='ocrx_word' id='word_1_738' title='bbox 1646 3227 1788 3265; x_wconf 88' lang='grc'><strong>592,11.</strong></span> <span class='ocrx_word' id='word_1_739' title='bbox 1829 3227 1905 3265; x_wconf 88' lang='grc'><strong>699,</strong></span> <span class='ocrx_word' id='word_1_740' title='bbox 1934 3232 1981 3258; x_wconf 77' lang='lat'><strong>25.</strong></span> <span class='ocrx_word' id='word_1_741' title='bbox 2021 3225 2098 3261; x_wconf 91' lang='grc'><strong>715,</strong></span> <span class='ocrx_word' id='word_1_742' title='bbox 2123 3229 2166 3255; x_wconf 83' lang='grc'><strong>19.</strong></span> <span class='ocrx_word' id='word_1_743' title='bbox 2210 3222 2353 3259; x_wconf 89' lang='grc'><strong>731,14.</strong></span> 
     </span>
     <span class='ocr_line' id='line_1_124' title="bbox 1294 3266 2354 3312; baseline -0.008 -6.82"><span class='ocrx_word' id='word_1_744' title='bbox 1294 3274 1371 3312; x_wconf 88' lang='grc'><strong>317</strong></span> <span class='ocrx_word' id='word_1_745' title='bbox 1384 3275 1433 3311; x_wconf 83' lang='lat'><strong>24)</strong></span> <span class='ocrx_word' id='word_1_746' title='bbox 1458 3271 1504 3305; x_wconf 88' lang='lat' dir='ltr'><strong>cf.</strong></span> <span class='ocrx_word' id='word_1_747' title='bbox 1529 3271 1636 3304; x_wconf 87' lang='lat' dir='ltr'><strong>etiam</strong></span> <span class='ocrx_word' id='word_1_748' title='bbox 1660 3272 1738 3309; x_wconf 90' lang='grc'><strong>695,</strong></span> <span class='ocrx_word' id='word_1_749' title='bbox 1755 3277 1782 3304; x_wconf 85' lang='lat'><strong>3.</strong></span> <span class='ocrx_word' id='word_1_750' title='bbox 1831 3268 1951 3303; x_wconf 90' lang='lat' dir='ltr'><strong>Sicubi</strong></span> <span class='ocrx_word' id='word_1_751' title='bbox 1975 3266 2129 3301; x_wconf 84' lang='lat' dir='ltr'><strong>Basilica</strong></span> <span class='ocrx_word' id='word_1_752' title='bbox 2152 3274 2272 3299; x_wconf 78' lang='lat' dir='ltr'><strong>verum</strong></span> <span class='ocrx_word' id='word_1_753' title='bbox 2294 3273 2354 3298; x_wconf 82' lang='lat' dir='ltr'><strong>ex·</strong></span> 
     </span>
     <span class='ocr_line' id='line_1_125' title="bbox 1294 3310 2351 3355; baseline -0.01 -5"><span class='ocrx_word' id='word_1_754' title='bbox 1294 3315 1417 3350; x_wconf 84' lang='lat' dir='ltr'><strong>hibent</strong></span> <span class='ocrx_word' id='word_1_755' title='bbox 1447 3319 1574 3350; x_wconf 87' lang='lat' dir='ltr'><strong>contra</strong></span> <span class='ocrx_word' id='word_1_756' title='bbox 1602 3314 1674 3348; x_wconf 84' lang='lat' dir='ltr'><strong>ML</strong></span> <span class='ocrx_word' id='word_1_757' title='bbox 1701 3317 1792 3355; x_wconf 89' lang='grc'><strong>(145,</strong></span> <span class='ocrx_word' id='word_1_758' title='bbox 1808 3322 1857 3347; x_wconf 77' lang='lat'><strong>38</strong></span> <span class='ocrx_word' id='word_1_759' title='bbox 1886 3310 2351 3353; x_wconf 69' lang='grc' dir='ltr'><strong>168,1ο.181,1ο.192·,ι4.</strong></span> 
     </span>
     <span class='ocr_line' id='line_1_126' title="bbox 1293 3352 2354 3402; baseline -0.007 -8"><span class='ocrx_word' id='word_1_760' title='bbox 1293 3363 1371 3401; x_wconf 88' lang='grc'><strong>210,</strong></span> <span class='ocrx_word' id='word_1_761' title='bbox 1386 3369 1435 3394; x_wconf 83' lang='lat'><strong>20.</strong></span> <span class='ocrx_word' id='word_1_762' title='bbox 1467 3363 1544 3402; x_wconf 88' lang='grc'><strong>331,</strong></span> <span class='ocrx_word' id='word_1_763' title='bbox 1564 3367 1607 3393; x_wconf 90' lang='grc'><strong>19.</strong></span> <span class='ocrx_word' id='word_1_764' title='bbox 1640 3361 1717 3397; x_wconf 87' lang='grc'><strong>495</strong></span> <span class='ocrx_word' id='word_1_765' title='bbox 1737 3364 1786 3391; x_wconf 85' lang='grc'><strong>19.</strong></span> <span class='ocrx_word' id='word_1_766' title='bbox 1816 3360 1895 3398; x_wconf 86' lang='grc'><strong>585,</strong></span> <span class='ocrx_word' id='word_1_767' title='bbox 1912 3365 1958 3391; x_wconf 81' lang='lat'><strong>23.</strong></span> <span class='ocrx_word' id='word_1_768' title='bbox 1985 3358 2062 3395; x_wconf 87' lang='grc'><strong>58,</strong></span> <span class='ocrx_word' id='word_1_769' title='bbox 2079 3358 2124 3393; x_wconf 81' lang='grc'><strong>15)</strong></span> <span class='ocrx_word' id='word_1_770' title='bbox 2146 3356 2209 3386; x_wconf 82' lang='lat' dir='ltr'><strong>aut</strong></span> <span class='ocrx_word' id='word_1_771' title='bbox 2232 3352 2354 3387; x_wconf 80' lang='lat' dir='ltr'><strong>codice</strong></span> 
     </span>
     <span class='ocr_line' id='line_1_127' title="bbox 1294 3396 2354 3448; baseline -0.009 -8"><span class='ocrx_word' id='word_1_772' title='bbox 1294 3404 1455 3448; x_wconf 87' lang='lat' dir='ltr'><strong>corporis</strong></span> <span class='ocrx_word' id='word_1_773' title='bbox 1490 3404 1634 3448; x_wconf 84' lang='lat' dir='ltr'><strong>puriore</strong></span> <span class='ocrx_word' id='word_1_774' title='bbox 1664 3412 1731 3437; x_wconf 82' lang='lat' dir='ltr'><strong>usa</strong></span> <span class='ocrx_word' id='word_1_775' title='bbox 1762 3405 1845 3436; x_wconf 85' lang='lat' dir='ltr'><strong>sunt</strong></span> <span class='ocrx_word' id='word_1_776' title='bbox 1876 3405 1939 3435; x_wconf 83' lang='lat' dir='ltr'><strong>aut</strong></span> <span class='ocrx_word' id='word_1_777' title='bbox 1968 3409 2012 3433; x_wconf 84' lang='lat' dir='ltr'><strong>ex</strong></span> <span class='ocrx_word' id='word_1_778' title='bbox 2042 3398 2113 3431; x_wconf 83' lang='lat' dir='ltr'><strong>alia</strong></span> <span class='ocrx_word' id='word_1_779' title='bbox 2144 3396 2354 3431; x_wconf 86' lang='lat' dir='ltr'><strong>collectione</strong></span> 
     </span>
    </p>
   </div>
   <div class='ocr_carea' id='block_1_17' title="bbox 1291 3444 2351 3535">
    <p class='ocr_par' dir='ltr' id='par_1_28' title="bbox 1291 3444 2351 3532">
     <span class='ocr_line' id='line_1_128' title="bbox 1291 3444 2351 3493; baseline -0.01 -10"><span class='ocrx_word' id='word_1_780' title='bbox 1291 3448 1582 3493; x_wconf 74' lang='lat' dir='ltr'><strong>interpolataoef.</strong></span> <span class='ocrx_word' id='word_1_781' title='bbox 1604 3450 1678 3487; x_wconf 84' lang='lat'><strong>181.</strong></span> <span class='ocrx_word' id='word_1_782' title='bbox 1693 3456 1736 3481; x_wconf 90' lang='lat'><strong>10.</strong></span> <span class='ocrx_word' id='word_1_783' title='bbox 1762 3450 1803 3481; x_wconf 87' lang='lat'><strong>45</strong></span> <span class='ocrx_word' id='word_1_784' title='bbox 1808 3450 1838 3481; x_wconf 90' lang='grc'><strong>5.</strong></span> <span class='ocrx_word' id='word_1_785' title='bbox 1852 3453 1900 3479; x_wconf 83' lang='lat'><strong>32.</strong></span> <span class='ocrx_word' id='word_1_786' title='bbox 1925 3447 2000 3483; x_wconf 91' lang='grc'><strong>487</strong></span> <span class='ocrx_word' id='word_1_787' title='bbox 2014 3452 2039 3476; x_wconf 92' lang='grc'><strong>1.</strong></span> <span class='ocrx_word' id='word_1_788' title='bbox 2064 3444 2141 3480; x_wconf 69' lang='grc'><strong>589.</strong></span> <span class='ocrx_word' id='word_1_789' title='bbox 2155 3450 2183 3474; x_wconf 93' lang='lat'><strong>17</strong></span> <span class='ocrx_word' id='word_1_790' title='bbox 2188 3445 2291 3482; x_wconf 87' lang='grc'><strong>.,600</strong></span> <span class='ocrx_word' id='word_1_791' title='bbox 2307 3450 2351 3475; x_wconf 76' lang='lat' dir='ltr'><strong>rs.</strong></span> 
     </span>
     <span class='ocr_line' id='line_1_129' title="bbox 1294 3485 2351 3535; baseline -0.01 -7"><span class='ocrx_word' id='word_1_792' title='bbox 1294 3497 1371 3535; x_wconf 85' lang='grc'><strong>602,</strong></span> <span class='ocrx_word' id='word_1_793' title='bbox 1389 3502 1432 3527; x_wconf 76' lang='grc'><strong>16.</strong></span> <span class='ocrx_word' id='word_1_794' title='bbox 1458 3495 1535 3534; x_wconf 88' lang='grc'><strong>607</strong></span> <span class='ocrx_word' id='word_1_795' title='bbox 1622 3495 1699 3532; x_wconf 83' lang='grc'><strong>665,</strong></span> <span class='ocrx_word' id='word_1_796' title='bbox 1717 3494 1781 3531; x_wconf 75' lang='lat'><strong>²³):</strong></span> <span class='ocrx_word' id='word_1_797' title='bbox 1805 3490 1963 3532; x_wconf 86' lang='lat' dir='ltr'><strong>1dque1n</strong></span> <span class='ocrx_word' id='word_1_798' title='bbox 1978 3486 2144 3521; x_wconf 75' lang='lat' dir='ltr'><strong>universa</strong></span> <span class='ocrx_word' id='word_1_799' title='bbox 2158 3485 2226 3519; x_wconf 80' lang='lat' dir='ltr'><strong>hae</strong></span> <span class='ocrx_word' id='word_1_800' title='bbox 2243 3495 2351 3530; x_wconf 82' lang='lat' dir='ltr'><strong>quae-</strong></span> 
     </span>
    </p>
   </div>
   <div class='ocr_carea' id='block_1_18' title="bbox 1292 3502 2352 3670">
    <p class='ocr_par' dir='ltr' id='par_1_29' title="bbox 1292 3502 2352 3670">
     <span class='ocr_line' id='line_1_130' title="bbox 1292 3502 2352 3578; baseline -0.008 -6"><span class='ocrx_word' id='word_1_801' title='bbox 1292 3541 1408 3572; x_wconf 88' lang='lat' dir='ltr'><strong>stione</strong></span> <span class='ocrx_word' id='word_1_802' title='bbox 1430 3502 1620 3572; x_wconf 84' lang='lat' dir='ltr'><strong>tenendum</strong></span> <span class='ocrx_word' id='word_1_803' title='bbox 1644 3539 1710 3578; x_wconf 78' lang='lat' dir='ltr'><strong>est,</strong></span> <span class='ocrx_word' id='word_1_804' title='bbox 1737 3535 1836 3568; x_wconf 80' lang='lat' dir='ltr'><strong>alteri</strong></span> <span class='ocrx_word' id='word_1_805' title='bbox 1840 3544 1881 3566; x_wconf 90' lang='lat' dir='ltr'><strong>us</strong></span> <span class='ocrx_word' id='word_1_806' title='bbox 1906 3530 2121 3566; x_wconf 86' lang='lat' dir='ltr'><strong>recensionis</strong></span> <span class='ocrx_word' id='word_1_807' title='bbox 2144 3530 2285 3564; x_wconf 81' lang='lat' dir='ltr'><strong>codices</strong></span> <span class='ocrx_word' id='word_1_808' title='bbox 2307 3540 2352 3564; x_wconf 83' lang='lat' dir='ltr'><strong>ex</strong></span> 
     </span>
     <span class='ocr_line' id='line_1_131' title="bbox 1293 3574 2352 3618; baseline -0.008 -2"><span class='ocrx_word' id='word_1_809' title='bbox 1293 3583 1407 3616; x_wconf 84' lang='lat' dir='ltr'><strong>altera</strong></span> <span class='ocrx_word' id='word_1_810' title='bbox 1431 3588 1613 3616; x_wconf 87' lang='lat' dir='ltr'><strong>correctos</strong></span> <span class='ocrx_word' id='word_1_811' title='bbox 1638 3590 1725 3614; x_wconf 84' lang='lat' dir='ltr'><strong>esse.</strong></span> <span class='ocrx_word' id='word_1_812' title='bbox 1774 3578 1937 3611; x_wconf 83' lang='lat' dir='ltr'><strong>Ceterum</strong></span> <span class='ocrx_word' id='word_1_813' title='bbox 1961 3578 2003 3609; x_wconf 90' lang='lat' dir='ltr'><strong>de</strong></span> <span class='ocrx_word' id='word_1_814' title='bbox 2023 3574 2184 3609; x_wconf 88' lang='lat' dir='ltr'><strong>Basilicis</strong></span> <span class='ocrx_word' id='word_1_815' title='bbox 2199 3574 2352 3618; x_wconf 85' lang='lat' dir='ltr'><strong>pessime</strong></span> 
     </span>
     <span class='ocr_line' id='line_1_132' title="bbox 1293 3618 2349 3670; baseline -0.009 -9"><span class='ocrx_word' id='word_1_816' title='bbox 1293 3627 1396 3661; x_wconf 87' lang='lat' dir='ltr'><strong>editis</strong></span> <span class='ocrx_word' id='word_1_817' title='bbox 1431 3635 1603 3670; x_wconf 85' lang='lat' dir='ltr'><strong>persaepe</strong></span> <span class='ocrx_word' id='word_1_818' title='bbox 1636 3624 1685 3657; x_wconf 83' lang='lat' dir='ltr'><strong>nil</strong></span> <span class='ocrx_word' id='word_1_819' title='bbox 1718 3622 1805 3656; x_wconf 88' lang='lat' dir='ltr'><strong>certi</strong></span> <span class='ocrx_word' id='word_1_820' title='bbox 1834 3621 1942 3654; x_wconf 77' lang='lat' dir='ltr'><strong>statui</strong></span> <span class='ocrx_word' id='word_1_821' title='bbox 1970 3621 2108 3664; x_wconf 77' lang='lat' dir='ltr'><strong>potest;</strong></span> <span class='ocrx_word' id='word_1_822' title='bbox 2145 3618 2191 3652; x_wconf 85' lang='lat' dir='ltr'><strong>ad</strong></span> <span class='ocrx_word' id='word_1_823' title='bbox 2220 3620 2349 3653; x_wconf 84' lang='lat' dir='ltr'><strong>certius</strong></span> 
     </span>
    </p>
   </div>
   <div class='ocr_carea' id='block_1_19' title="bbox 2056 3676 2083 3706">
    <p class='ocr_par' dir='ltr' id='par_1_30' title="bbox 2056 3676 2083 3706">
     <span class='ocr_line' id='line_1_133' title="bbox 2056 3676 2083 3706; baseline 0 0"><span class='ocrx_word' id='word_1_824' title='bbox 2056 3676 2083 3706; x_wconf 87' lang='lat' dir='ltr'>B</span> 
     </span>
    </p>
   </div>
  </div>
 </body>
</html>
