2592 3840
228 55 335 98 Nov.
358 56 542 99 LXXIII
573 59 680 99 3-7
715 51 720 56 ’

228 162 385 209 ἀληθέσι
409 166 547 212 μᾶλλον
577 164 659 201 ἀντὶ
687 167 765 201 τῶν
787 164 967 200 τοιούτων
990 169 1188 202 πιστεῦσαι.
1237 172 1309 203 Καὶ

227 209 323 254 ἡμεῖς
342 215 410 256 μὲν
429 211 519 247 κατὰ
543 213 672 247 τοῦτον
695 213 760 247 τὸν
779 208 917 259 τρόπον
940 210 1094 256 οἰόμεθα
1119 210 1196 247 δεῖν
1218 211 1306 249 ἀπο-

228 255 443 292 δείκνυσθαι
468 258 579 292 πιστὰ
604 257 650 291 τὰ
674 253 888 302 συμβόλαια.

1301 54 1387 102 366

1954 73 2014 104 ΒΕ
2043 72 2448 108 ῙΝΒΤΒΠΜΕΝΤΟΒΠΜ

1376 143 1503 248 Kotius'
1523 179 1589 213 pro
1609 170 1742 206 talibus
1763 169 1894 223 credat.
1938 170 1988 205 Et
2007 181 2072 207 nos
2096 171 2236 216 quidem
2255 173 2450 227 seeundum

1379 214 1649 296 ‹lxxmae-gum
1685 217 1912 251 aestimamus
1953 218 2118 261 oportere
2152 218 2299 263 proban
2331 218 2450 256 fideha

1221 373 1379 409 CAPUT
1403 373 1464 409 IV.

278 439 325 471 Εἰ
345 441 468 482 μέντοι
491 450 545 472 τις
575 435 597 481 ἢ
621 438 1007 485 παρακατατιθέμενος
1023 436 1060 495 ’ἢ
1083 437 1261 483 δανείζων
1286 437 1308 484 ἢ

1421 441 1459 476 Si
1476 442 1598 477 tamen
1617 441 1804 488 quisquam
1827 443 1891 478 aut
1910 442 2091 488 deponens
2115 446 2178 478 aut
2195 437 2365 479 mutu‘ans
2387 446 2451 480 aut

227 481 342 517 ἄλλως
376 482 593 538 συμράλλων
627 480 822 529 ἀρκεσθείη
859 486 932 517 τοῖς
965 497 1150 537 γραμμασι
1185 483 1308 539 μόνοις
1344 491 1363 522 5
1378 485 1480 521 aliter
1513 488 1725 523 contrahens
1758 490 1946 524 contentus
1978 488 2025 524 sit
2055 487 2236 534 scriptura
2267 489 2344 524 sola
2373 489 2449 524 eius

227 529 290 561 τοῦ
315 528 402 575 πρὸς
425 541 538 562 αυτον
562 526 843 573 συμβάλλοντος,
869 526 928 562 ἐπ’
952 526 1052 573 αὗτῳ
1077 533 1233 565 κείσεται
1263 543 1306 565 το

225 573 435 618 γινώσκειν,
474 571 522 608 οἷς
557 575 618 617 τῆς
651 575 787 608 ἐκείνου
822 577 979 609 πίστεως
1012 575 1054 609 τὸ
1091 576 1166 611 πᾶν
1200 573 1306 611 αὐτὸς

226 615 461 665 ἀνηρτήσατο.
515 622 574 653 καὶ
607 616 696 654 ὅσον
729 621 797 673 μὲν
828 621 866 653 ἐκ
897 620 958 662 τῆς
990 621 1128 667 γραφῆς
1161 618 1225 655 οὐκ
1261 618 1306 655 ἂν

227 661 402 711 αὐτάρκης
434 662 548 704 δόξειε
575 662 666 699 κατὰ
698 677 765 699 τον
795 661 968 712 ἡμέτερον
999 664 1111 710 νόμον
1141 667 1195 710 τῷ
1220 678 1305 711 συμ-

990 706 998 718 (

226 707 363 752 βολαίῳ
393 710 664 757 προςτίθςσθαι
695 713 831 752 πίστις,
861 710 892 743 εἰ
916 707 957 744 δὲ
980 723 1002 753 η
1024 716 1205 766 παρουρία
1229 713 1306 746 τῶν
1321 717 1361 748 10
1376 712 1516 757 dulitas‚
1542 716 1604 748 aut
1624 713 1655 750 si
1673 714 1876 759 praesentia
1895 715 2050 758 testium,
2075 725 2195 751 coram
2214 714 2343 761 quibus
2360 724 2448 750 con·
2510 717 2519 728 ·

224 753 430 801 μαρτύρων,
454 752 515 801 ἐφ’
544 753 598 789 ὠν
621 754 663 790 τὸ
688 753 919 801 συνάλλαγμα
941 758 1098 803 γέγονεν,
1130 770 1152 800 η
1175 757 1262 791 ἴσως
1284 754 1306 800 ἡ

224 798 411 833 τελευταία
435 801 499 834 τοῦ
520 798 727 845 πράγματος
750 799 938 848 καταφυγὴ
962 800 1182 845 βοηθήσειεν
1206 799 1306 846 αὐτῷ

225 847 357 889 (φαμὲν
384 843 424 879 δὲ
453 845 521 888 τὴν
553 845 590 886 ἐξ
621 842 771 893 ὅρκων),
808 843 874 880 οὐκ
906 845 1105 892 ἀκυροῦμεν
1137 848 1179 882 τὸ
1210 848 1305 894 γινό-

223 902 345 943 μενον.
387 889 452 924 τὰς
474 889 541 938 γὰρ
567 891 828 937 παραποιήσεις
850 894 910 947 καὶ
934 891 997 926 τὰς
1018 891 1182 947 μἰμήσεις
1203 890 1305 927 εὐλα-

1373 542 1468 612 fiiliffs
1490 542 1560 612 cilinio
1595 532 1784 613 ῗοέιιηίιῇ,
1816 533 1854 568 in
1885 533 1964 579 ipso
1983 533 2064 613 (frit
2093 535 2143 614 ἓξ
2166 534 2268 614 scis-ag,
2300 534 2384 578 quia
2413 534 2451 569 in

1374 626 1450 657 tum
1479 631 1524 657 ex
1546 587 1834 669 gcffpffiaqffix
1848 583 2044 660 sfflffigess
2064 590 2240 660 videbfflii·
2257 588 2451 660 (6ιέοὲαῇἚῖ

1376 667 1571 703 secundum
1594 671 1753 704 nostram
1782 668 1894 714 legem
1924 668 2100 705 adiciatur
2130 669 2342 706 documento
2373 678 2449 704 cre·

1374 761 1512 794 tractus
1542 757 1664 794 factus
1695 761 1761 801 est,
1793 762 1857 794 aut
1879 759 2002 796 forsan
2033 760 2262 797 novissimum
2294 769 2373 796 eum
2396 760 2450 796 rei

1374 803 1550 848 refugium
1572 803 1711 847 iuverit,
1736 803 1886 840 dicimus
1906 807 2027 841 autem
2047 805 2143 850 quod
2158 815 2204 842 ex
2220 803 2447 841 iureiurando

1375 851 1446 884 est:
1484 859 1567 884 nam
1598 859 1672 885 non
1701 848 1924 886 infirmamus
1955 850 2051 896 quod
2079 851 2216 886 factum
2244 852 2310 886 est.
2357 849 2449 886 Nam

1373 893 1552 931 falsitates
1585 898 1623 930 et
1643 894 1859 931 imitationes
1882 899 2080 932 metuentes
2113 898 2150 932 et
2171 895 2277 932 nudis
2301 895 2351 931 eis
2375 895 2447 931 exi-

223 939 391 989 βρυμενοι
411 939 481 990 ’καὶ
511 939 662 991 γξιμναῖς
701 935 823 971 οὔσαις
853 939 977 971 αυταῖς
1007 950 1049 971 ου
1076 937 1307 973 πιστεύοντες
1321 943 1360 975 15
1374 940 1549 975 stentibus
1572 950 1647 976 non
1671 940 1855 976 credentes
1878 941 2078 977 huiusmodi
2109 940 2340 977 subtilitatem
2363 950 2448 976 cau-

225 993 290 1034 rqv
319 993 492 1024 τοιαυτην
523 984 712 1029 ακρίβειαν
742 982 796 1026 τῷ
830 981 928 1031 πράγ
955 995 1015 1017 ατι
1050 983 1303 1030 προςτίθεμεν,

222 1038 285 1067 ουχ
305 1026 366 1060 ἵνα
385 1026 467 1060 τοὺς
484 1026 721 1061 πιστεύοντας
738 1023 907 1074 ἄφελώμε
940 1041 963 1061 α
981 1027 1043 1071 τῆς
1061 1028 1205 1064 ἑαυτῶν
1221 1032 1304 1078 περὶ

223 1070 303 1105 τοὺς
327 1070 446 1117 φίλους
470 1075 644 1114 πίστεως,
675 1070 757 1107 ἀλλ’
783 1073 844 1106 ἵνα
869 1070 917 1107 οἱς
939 1071 1017 1108 οἷόν
1039 1086 1080 1108 τε
1099 1072 1166 1118 τὴν
1188 1071 1303 1122 ἀγνω-

222 1116 382 1161 μοσύνην
413 1130 453 1152 τε
482 1120 542 1151 καὶ
573 1115 726 1166 ἄρνησιν
756 1116 898 1153 πολλοῖς
920 1117 1121 1166 ἐλέγχωμαν
1144 1116 1301 1169 τρόποις.

1374 995 1436 1020 sae
1467 985 1648 1028 addimus,
1680 995 1753 1022 non
1785 987 1826 1021 ut
1857 985 2043 1022 credentes
2073 986 2250 1032 privemus
2284 985 2354 1022 fide
2383 994 2449 1020 sua

1374 1030 1470 1067 circa
1489 1030 1634 1075 amicos,
1658 1031 1723 1067 sed
1745 1032 1787 1066 ut
1804 1034 1978 1077 quantum
1999 1030 2169 1077 possibile
2190 1033 2247 1067 est
2263 1029 2449 1077 perfidiam

1373 1077 1409 1113 et
1432 1076 1656 1122 negationem
1679 1076 1800 1113 multis
1824 1076 2115 1114 reconvincamus
2138 1075 2262 1114 modis.

1225 1243 1382 1281 CAPUT
1407 1245 1450 1282 V.

272 1305 376 1343 Ἀλλὰ
404 1312 464 1343 καὶ
495 1308 541 1343 τὰ
570 1306 775 1354 συμβόλαια
803 1309 849 1345 τὰ
883 1308 943 1346 ἐπ’
969 1308 1098 1358 ἀγορᾶς
1120 1311 1305 1347 συντελού-
1318 1314 1361 1348 20
1420 1312 1490 1349 Sed
1513 1314 1551 1348 et
1573 1313 1809 1349 instrumenta
1831 1313 1975 1359 publice
1998 1311 2162 1348 confecta.
2184 1312 2267 1348 licet
2285 1311 2448 1348 tabellio·

223 1366 322 1395 ιιενα,
341 1355 372 1388 εἰ
392 1358 452 1388 καὶ
468 1353 535 1398 τὴν
552 1356 631 1389 τῶν
646 1353 997 1411 συμβολαιογρᾶφων
1016 1359 1091 1400 ἔχοι
1107 1355 1304 1409 πλήρωσιν,

222 1398 527 1453 προςλαμβανεῇτω
551 1404 612 1434 καὶ
637 1398 729 1457 αὐτα
753 1401 824 1456 πρὸ
845 1402 913 1457 ,τοῦ
937 1400 1150 1447 τελέσματος
1172 1401 1240 1447 τὴν
1262 1404 1303 1438 ἐν

220 1457 406 1490 γραμμασι
429 1458 509 1481 των
531 1459 728 1492 μαρτυρων
753 1457 803 1481 ως
825 1460 964 1494 ειρηται
987 1451 1200 1495 παρουσίαν.

1373 1368 1458 1393 num
1482 1358 1638 1394 habeant
1669 1359 1972 1404 supplementum,
2004 1356 2179 1394 adiciatur
2206 1362 2243 1393 et
2270 1357 2322 1394 eis
2346 1361 2447 1393 ante-

1371 1413 1477 1449 quam
1513 1404 1774 1449 compleantur,
1811 1403 1906 1440 sicut
1942 1403 2078 1440 dictum
2111 1406 2185 1447 est,
2224 1403 2369 1440 testium
2402 1411 2447 1439 ex

1371 1449 1506 1495 scripto
1530 1449 1744 1495 praesentia.

1216 1573 1376 1610 CAPUT
1400 1571 1461 1610 VI.

266 1639 332 1671 Δεῖ
351 1640 476 1683 μέντοι
499 1636 580 1673 τοὺς
609 1636 823 1681 δικάζοντας
852 1642 912 1674 καὶ
936 1640 973 1674 εἴ
987 1653 1071 1675 τινα
1095 1643 1223 1686 σημεῖα
1246 1638 1301 1676 ei}-

1424 1642 1575 1686 Oportet
1597 1643 1717 1676 autem
1738 1641 1938 1677 iudicantes
1969 1643 2005 1675 et
2028 1640 2059 1675 si
2082 1631 2151 1684 qua
2181 1639 2283 1685 signa
2304 1639 2446 1675 invene-

221 1695 318 1738 ροιεν
341 1686 657 1740 προςγεγραμμένα
679 1688 752 1718 τοῖς
774 1685 930 1733 χάρταις,
955 1689 1015 1720 καὶ
1031 1687 1149 1721 ταῦτα
1171 1684 1300 1730 ἀναζη-
1315 1689 1357 1723 25
1371 1687 1442 1722 rint
1464 1686 1647 1732 adscripta
1667 1686 1812 1731 chartis,
1837 1686 1945 1722 etiam
1964 1686 2055 1722 haec
2074 1685 2254 1765 reffiirere
2277 1689 2313 1721 et
2331 1685 2448 1730 legere

220 1741 296 1763 τειν
319 1731 380 1763 καὶ
400 1739 665 1776 αναγινωσκειν
696 1730 900 1775 πειρᾶσθαι
930 1729 1059 1775 (πολλὰ
1088 1732 1176 1779 γοῦν
1197 1732 1302 1778 ἴσμεν

220 1777 280 1808 καὶ
312 1775 351 1815 ἐξ
382 1776 533 1808 ἐκείνων
563 1772 818 1821 διαφανεῑντα),
849 1779 909 1810 καὶ
936 1775 985 1821 μὴ
1015 1781 1212 1826 προχείρως
1242 1777 1302 1813 τὰς

220 1823 359 1854 πίστεις
381 1821 460 1854 τῶν
475 1819 702 1867 γραμμάτων
722 1822 761 1855 ἐκ
781 1821 1023 1867 παραθέσεως
1045 1822 1180 1870 ἑτέρων
1198 1834 1300 1872 προς-

221 1865 348 1899 cauom
377 1863 437 1900 διὰ
459 1863 522 1900 τὰς
543 1866 758 1914 ἔμπροσθεν
780 1863 865 1911 ἡμῖν
888 1867 1074 1913 εἰρημένας
1097 1868 1223 1904 αἰτίας.

1370 1733 1437 1768 niti
1461 1732 1628 1778 (plurima
1647 1742 1802 1778 namque
1822 1732 1983 1767 novimus
2005 1733 2043 1767 et
2059 1740 2104 1765 ex
2159 1730 2190 1766 is
2209 1730 2445 1776 apparuisse),

1370 1780 1408 1814 et
1429 1787 1501 1814 non
1524 1777 1631 1814 facile
1652 1777 1759 1813 fidem
1781 1776 1982 1813 litterarum
2010 1786 2056 1812 ex
2083 1776 2234 1811 aliarum
2257 1775 2447 1812 collatione

1369 1823 1528 1869 recipere
1551 1826 1701 1869 propter
1723 1822 1856 1859 dudum
1880 1822 1995 1858 dictas
2019 1831 2042 1858 a
2065 1821 2169 1857 nobis
2193 1830 2334 1866 causas.

1212 1992 1369 2029 CAPUT
1394 1992 1475 2030 VII.

273 2059 332 2114 3²„
340 2061 466 2104 μέντοι
485 2056 799 2116 γε’τελερτήσαιεν
821 2054 981 2094 ἅπαντες
1003 2060 1039 2094 οἱ
1059 2060 1250 2107 μάρτυρες,
1279 2058 1357 2104 ἢ30
1423 2060 1462 2097 Si
1485 2070 1567 2096 vero
1590 2060 1788 2096 moriantur
1811 2070 1933 2096 omnes
1956 2063 2067 2097 testes
2099 2065 2163 2096 aut
2184 2060 2305 2096 forsan
2328 2059 2448 2097 absint

163 2112 165 2115 ⁴
220 2108 278 2139 καὶ
309 2116 431 2140 απεισι
461 2117 581 2148 τυχον,
615 2118 637 2149 η
668 2107 729 2138 καὶ
756 2102 872 2139 ἄλλως
899 2101 940 2140 οὗ
965 2104 1096 2153 ῥᾴδιόν
1127 2107 1204 2142 ἐστι
1234 2105 1302 2150 τὴν

1371 2109 1435 2142 aut
1453 2105 1558 2142 aliter
1575 2116 1649 2142 non
1666 2105 1775 2142 facile
1798 2106 1845 2142 sit
1862 2105 1968 2142 fidem
1992 2116 2036 2142 ex
2055 2106 2200 2143 testium
2214 2105 2447 2152 subscriptio-

219 2218 271 2253 eis
294 2227 387 2264 quae
410 2216 555 2253 veriora
576 2220 662 2252 sunt
677 2225 775 2264 prae
797 2215 975 2253 eiusmodi
999 2217 1212 2254 testimoniis
1231 2218 1341 2263 fidem
1365 2218 1506 2255 habeat.
1550 2218 1603 2253 Ac
1626 2227 1696 2253 nos
1718 2217 1862 2264 quidem
1885 2218 1953 2254 ltoc
1975 2217 2082 2254 modo
2107 2228 2290 2256 censemus
2311 2219 2446 2256 instru-

219 2267 338 2299 menta
359 2262 433 2305 fide
456 2261 571 2315 diqna
587 2273 670 2314 ‘esse
685 2262 897 2310 probanda.

353 2307 416 2344 IV.
466 2307 505 2343 Si
530 2318 613 2354 quis
632 2318 731 2351 vem,
762 2319 843 2344 cum
867 2307 923 2344 vel

944 2307 1097 2355 deponit
1126 2308 1183 2345 vel
1205 2292 1366 2344 mutuum
1389 2308 1455 2345 dat
1484 2308 1543 2345 vel
1563 2309 1672 2345 aliter
1694 2307 1889 2352 contrahit,
1920 2312 2111 2346 contentus
2131 2309 2181 2346 sit
2207 2309 2338 2347 litteris
2358 2310 2448 2347 solis

219 2355 297 2390 eius
318 2364 399 2389 cum
418 2364 492 2400 quo
513 2352 708 2396 contrahit,
726 2364 843 2400 penes
865 2354 985 2399 ipsum
1009 2354 1080 2390 erit
1102 2358 1142 2390 ut
1165 2353 1355 2400 intelleqat
1375 2365 1413 2390 se
1433 2354 1483 2390 ad
1499 2353 1599 2389 illius
1614 2353 1724 2408 fidem
1741 2357 1854 2389 totam
1875 2364 1950 2390 rem
1970 2354 2160 2391 rettulisse.
2205 2353 2256 2391 Et
2272 2359 2448 2402 quantum

220 2400 269 2435 ad
288 2399 510 2446 scripturam
539 2399 701 2445 pertinet
729 2410 803 2435 non
825 2399 1015 2445 sufficiens
1045 2399 1242 2435 secundum
1275 2403 1439 2436 nostram
1463 2399 1576 2446 leqem
1607 2402 1844 2436 instrumento
1865 2398 1939 2445 fide

216 2444 426 2496 praesentia
452 2444 593 2480 testium
615 2454 740 2479 coram
763 2444 894 2491 quibus
917 2449 1129 2480 contractus
1150 2445 1277 2490 factus
1299 2449 1363 2487 est,
1388 2444 1447 2481 vel
1465 2445 1567 2491 forte
1585 2444 1752 2481 ultimum
1774 2443 1829 2480 rei
1847 2444 2034 2498 refugium
2056 2444 2223 2488 (dicimus
2240 2445 2285 2482 ill

1940 2409 1959 2434 s
1990 2399 2078 2435 addi
2100 2399 2287 2443 videbitur,
2342 2400 2450 2437 uodsi

2351 2445 2451 2499 quod

220 2502 269 2526 ex
292 2489 526 2541 iureiurando
544 2490 700 2542 petitur)
723 2501 804 2542 eum
818 2489 1116 2542 'adiuverithnon
1136 2490 1363 2536 infirmamus
1385 2489 1425 2525 id
1446 2489 1547 2542 quod
1566 2490 1711 2542 factum
1735 2493 1804 2542 θεῖ..
1845 2488 2043 2526 Falsitates
2061 2491 2155 2527 enim
2175 2494 2211 2527 et
2229 2490 2450 2543 imitationes

221 2536 425 2571 litterarum
449 2538 552 2571 νον-ιιι
581 2545 696 2581 neque
723 2546 770 2570 iis
792 2546 823 2570 st
847 2535 968 2571 nudae
997 2539 1073 2571 sint
1095 2535 1224 2581 confisi
1251 2534 1359 2571 talem
1381 2534 1615 2572 subtilitatem
1637 2545 1690 2572 ret
1715 2533 1937 2579 adhibemus,
1967 2546 2043 2571 non
2065 2539 2107 2572 ut
2125 2546 2189 2572 eos
2212 2546 2273 2583 qut
2297 2536 2451 2574 credunt

218 2580 292 2626 fide
316 2580 440 2615 amicis
453 2581 638 2627 praestita
654 2579 854 2627 privemus,
885 2580 951 2616 sed
973 2584 1015 2616 ut
1036 2580 1162 2627 quoad
1185 2580 1270 2626 sieri
1286 2583 1413 2628 potest
1435 2584 1472 2617 et
1492 2580 1666 2626 fraudem
1697 2583 1734 2616 et
1755 2579 2008 2626 infitiationem
2038 2580 2160 2617 multis
2183 2580 2300 2618 modis
2320 2581 2448 2619 redar-

222 2636 385 2672 quamus.

355 2670 400 2707 V.
446 2668 522 2706 Sed
543 2671 651 2706 etiam
674 2671 713 2706 in
735 2670 982 2706 instrumentis
997 2670 1147 2717 publice
1170 2670 1360 2716 confectis,
1393 2670 1477 2707 licet
1500 2671 1734 2708 tabellionum
1756 2668 1913 2708 habeant
1935 2670 2220 2752 comfflteffom’
2246 2648 2338 2719 ipsis
2358 2682 2447 2719 quo-

222 2728 292 2763 que
315 2718 399 2751 ante
423 2715 695 2762 completionem
719 2716 862 2751 testium
878 2716 1089 2762 praesentia
1111 2715 1376 2762 subscriptione
1393 2715 1569 2763 probata,
1594 2716 1648 2752 uti
1671 2715 1805 2751 dictum
1827 2719 1893 2758 est,
1917 2726 2001 2752 acce

355 2760 418 2797 VI.
468 2759 622 2807 Oportet
644 2765 764 2796 autem
786 2760 924 2796 iudices
947 2760 1054 2797 etiam
1075 2762 1111 2797 si
1130 2772 1224 2807 quas
1247 2764 1355 2797 notas
1374 2761 1577 2798 invenerint
1598 2760 1735 2797 chartis
1757 2760 1981 2807 adscriptas,
2012 2761 2052 2797 in
2074 2772 2138 2797 eas
2185 2765 2304 2815 uoq‘ue
2326 2762 2364 2798 in
2391 2762 2446 2799 ui·

221 2819 303 2843 rere
323 2817 367 2842 ac
391 2806 509 2852 leqere
531 2816 594 2841 eas
619 2810 793 2852 temptare
815 2808 927 2848 (certe
949 2805 1063 2842 multa
1086 2817 1136 2843 ex
1159 2805 1232 2842 illis
1254 2817 1399 2853 quoque
1421 2807 1554 2842 scimus
1576 2805 1818 2853 apparuisse),
1850 2816 1916 2842 neo
1939 2809 2069 2843 temere
2096 2817 2167 2853 pro
2191 2811 2331 2843 ottones
2368 2811 2446 2844 itte—

221 2863 347 2889 rarum
368 2862 418 2887 eoe
441 2851 596 2887 aliarum
620 2851 892 2897 comparatione
916 2849 1106 2888 admittere
1118 2854 1282 2904 ‘propter
1305 2861 1436 2887 causas
1455 2862 1479 2887 a
1502 2851 1607 2888 nobis
1629 2861 1745 2903 supra
1768 2849 1896 2886 dictas.

357 2896 437 2934 VII.

272 3016 287 3048 1
302 3011 381 3046 τῶν
391 3009 581 3052 τοιούτων]
601 3010 680 3044 τῶν
692 3008 872 3044 ὑπόπτων
884 3011 995 3054 Epan.
1012 3011 1143 3044 lectione
1154 3012 1302 3055 speciosa

223 3060 281 3093 sed
304 3058 502 3101 interpolata
519 3056 532 3099 11
547 3058 607 3089 καὶ
623 3075 667 3080 -
682 3057 702 3090 3
720 3053 924 3099 συμβόλαια
941 3068 1000 3089 om.
1016 3056 1126 3099 Epan.
1143 3054 1157 3099 ΙΙ
1183 3057 1205 3090 4
1220 3057 1301 3099 με’ν-

223 3117 280 3139 τοι
297 3117 356 3138 om.
368 3102 478 3147 Epan.
494 3100 508 3146 ss
525 3110 579 3135 τις
598 3098 631 3143 ἢ]
652 3096 673 3142 ἢ
696 3114 753 3133 om.
767 3100 933 3143 Bpran.
952 3099 965 3140 ΙΙ
983 3102 1003 3135 5
1026 3097 1149 3142 μόνοις
1169 3101 1222 3137 Le
1246 3102 1302 3143 (cf.

223 3164 255 3194 ρ.
272 3151 349 3191 364,
358 3150 419 3191 34)]
432 3145 544 3191 μόνου
559 3147 668 3190 Epan.
679 3146 729 3179 B‘
746 3143 861 3189 μόνον
870 3145 962 3179 MR!
976 3145 988 3188 ΙΙ
1014 3148 1033 3180 6
1048 3143 1299 3189 συμβάληοοι

225 3198 274 3229 La
289 3195 302 3234 ΙΙ
325 3194 379 3228 τῶ
393 3193 443 3228 L²
457 3192 470 3238 Ι]
496 3195 514 3226 7
535 3189 584 3226 ὥς
602 3191 651 3224 εἰς
665 3189 732 3234 τὴν
749 3191 885 3224 ἐκείνου
903 3193 1030 3224 πίστιν
1046 3192 1155 3234 Epan.
1174 3191 1187 3230 ΙΙ
1216 3193 1254 3225 10
1271 3190 1303 3224 εἰ

225 3239 264 3274 δὲ
284 3237 305 3282 ἦ
324 3235 358 3286 (ᾗ
375 3239 461 3274 Βύ.
478 3239 511 3281 l.)
532 3238 700 3281 BEpan.]
720 3233 742 3279 ἡ
764 3233 802 3269 δὲ
820 3232 907 3314 {M
922 3232 1009 3268 εἰδὲ
1026 3232 1066 3268 οὗ
1083 3236 1115 3269 L
1139 3238 1198 3268 aut
1214 3236 1242 3269 si
1260 3248 1279 3272 ς

229 3289 265 3322 11
286 3285 374 3319 ἴσως
398 3298 455 3318 om.
471 3284 581 3327 Epan.
599 3283 611 3327 ΙΙ
631 3282 671 3317 13
692 3282 811 3327 φαμὲν
849 3279 871 3323 ὴ
889 3281 919 3314 L
935 3279 948 3325 ss
966 3276 1042 3322 οὐκ]
1068 3291 1145 3314 nam
1160 3291 1227 3313 non
1249 3294 1269 3318 ς

230 3334 268 3366 16
300 3329 542 3376 προςτίθεμεν
573 3327 627 3371 τῷ
657 3326 842 3373 πράγματι
866 3325 917 3359 B⁸
946 3325 959 3368 ss
994 3328 1032 3360 17
1066 3324 1303 3360 πιστεύοντας

227 3374 446 3420 MBpranJ
473 3371 737 3409 πιστεύσαντας
753 3372 836 3406 LB‘
854 3371 866 3415 ΙΙ
883 3367 1108 3416 ἀφελώμεθα
1119 3371 1168 3404 B³
1178 3372 1301 3415 Epora]

224 3420 449 3468 ἀφελοίμεθα
462 3417 590 3454 MLB!
602 3418 616 3464 fl
642 3419 685 3453 18
702 3414 750 3451 ὠς
764 3415 842 3451 οἶόν
857 3428 897 3450 τε
915 3416 997 3450 LB⁸
1011 3417 1133 3459 Epan.]
1159 3411 1206 3449 οὖς
1225 3414 1302 3450 οἶόν

225 3481 264 3500 τε
286 3460 309 3514 ᾗ
331 3466 425 3501 MR!
438 3466 451 3510 ΙΙ
471 3477 512 3499 τε
535 3478 593 3498 om.
608 3476 628 3501 ς
641 3463 655 3509 ΙΙ
675 3465 716 3498 19
741 3460 949 3509 ἐλλέγχομεν
966 3461 1012 3494 Μ
1022 3460 1035 3505 ΙΙ
1051 3461 1094 3495 20
1115 3458 1220 3494 Ἀλλὰ
1242 3463 1302 3494 καὶ

227 3539 284 3561 om.
298 3526 406 3568 Epan.
423 3523 437 3567 ΙΙ
462 3526 502 3557 21
527 3522 570 3564 εἰ]
592 3516 615 3564 ἢ
639 3521 671 3555 L
691 3521 703 3561 ΙΙ
728 3519 807 3575 τῷν
829 3504 983 3573 συμρολῖ
1002 3513 1032 3570 ὁ,
1046 3512 1198 3583 γράῗων
1223 3517 1271 3550 L¹
1291 3510 1303 3554 ΙΙ

225 3571 296 3611 ἔχει
309 3571 345 3603 Β
361 3570 374 3613 11
392 3570 434 3604 26
458 3567 555 3614 γοῦν]
579 3566 648 3614 γὰρ
660 3566 709 3600 Β8
725 3566 737 3610 ΙΙ
755 3565 870 3617 ισμεν]
893 3573 942 3597 εις
963 3573 1052 3606 ημας
1079 3563 1106 3596 L
1154 3561 1302 3607 εῑσμενῗ

227 3616 274 3648 L2
289 3618 301 3657 ΙΙ
320 3617 360 3649 27
387 3612 642 3659 διαφανέντων
665 3610 742 3654 L¹ss
767 3611 810 3645 29
831 3610 919 3662 mgb
941 3607 1154 3653 ona-Epamfl
1179 3609 1222 3643 30
1246 3620 1301 3642 τε·

227 3658 425 3703 λευτήσειεν
450 3660 499 3691 L⁰
527 3658 540 3702 ΙΙ
570 3652 592 3700 ἢ
615 3658 675 3691 καὶ
698 3653 833 3698 ἄπεισι]
862 3666 885 3698 η
909 3666 968 3688 om.
981 3653 1034 3687 Π*

486 2897 528 2932 Si
551 2907 635 2932 vero
660 2907 783 2932 omnes
806 2900 912 2932 testes
935 2897 1072 2932 mortui
1091 2901 1167 2932 sint
1189 2896 1246 2933 vel
1265 2896 1368 2942 sorte
1390 2897 1521 2939 absint,
1552 2895 1610 2933 vel
1640 2899 1747 2932 etiam
1771 2894 1846 2931 alia
1868 2895 1913 2932 de
1936 2905 2050 2933 causa
2071 2907 2146 2934 non
2167 2891 2282 2943 facile
2310 2897 2360 2934 sit
2375 2908 2447 2945 per

2344 2973 2443 2980 —-

1417 3012 1438 3044 2
1462 3010 1670 3042 aestimamus
1690 3010 1735 3052 V]
1760 3010 1985 3043 estimauimus
2002 3010 2035 3043 T
2053 3011 2287 3043 extimauimus
2306 3011 2340 3044 R
2356 3010 2369 3055 ΙΙ
2394 3021 2445 3045 re-

1369 3054 1504 3097 probari
1524 3054 1559 3087 V
1577 3053 1589 3098 ΙΙ
1620 3056 1742 3089 4rubr.
1764 3054 1813 3088 De
1837 3054 2061 3088 contractibus
2083 3055 2218 3090 incaute
2240 3056 2359 3099 positis
2379 3055 2445 3099 (in-

1369 3102 1466 3133 caute
1497 3099 1633 3133 uicariis
1663 3098 1821 3151 depositis
1843 3099 1895 3138 R;
1936 3100 1996 3151 leq.
2021 3100 2154 3134 incaute
2185 3101 2387 3153 compositis)
2413 3104 2446 3136 in

1370 3143 2089 3225 aenean]
2108 3145 2410 3226 mazam
2433 3146 2448 3236 l

1370 3237 1391 3270 9
1403 3234 1544 3268 creditas
1556 3234 1605 3267 12¹
1629 3233 1839 3267 credulitatis
1856 3234 1906 3268 Τ*
1921 3202 1948 3279 'f
1965 3237 2004 3270 10
2017 3235 2046 3268 si
2062 3248 2120 3270 om.
2135 3236 2258 3280 Tvuly.
2315 3239 2353 3271 11
2371 3247 2447 3271 eum

1369 3279 1419 3313 rei
1440 3279 1502 3321 V¹J
1528 3279 1599 3312 eius
1620 3279 1671 3312 1⁷⁸
1702 3278 1774 3313 eius
1797 3280 1845 3313 rei
1869 3279 2002 3324 Rvulq.
2033 3280 2134 3314 huius
2156 3281 2206 3316 rei
2233 3282 2265 3315 T
2294 3281 2300 3326 Ι
2329 3283 2370 3317 12
2391 3282 2446 3316 iu·
2510 3284 2513 3287 “

1370 3325 1467 3366 verit]
1492 3324 1660 3357 inuenerit
1688 3323 1798 3358 V³T²
1866 3323 1988 3358 dicens.
2005 3326 2051 3359 Β*
2079 3325 2092 3371 ΙΙ
2123 3329 2163 3361 14
2186 3327 2389 3361 imitationes
2417 3326 2452 3361 V

1369 3370 1607 3403 inmutationes
1631 3369 1704 3404 ΕΤ
1724 3368 1738 3414 ΙΙ
1767 3380 1820 3402 mo
1846 3370 1872 3402 ‘s
1897 3370 1946 3403 13²
1974 3369 1987 3414 ΙΙ
2018 3372 2058 3406 18
2082 3372 2357 3406 reconuincamus
2380 3374 2444 3413 (re-

1370 3415 1649 3448 communicamus
1662 3415 1724 3457 R')
1746 3414 1924 3458 RTvuly.]
1950 3417 2186 3450 conuincamu„
2210 3417 2325 3481 V⁸¹r²⁰
2345 3419 2379 3450 et
2398 3416 2444 3458 R]

1370 3461 1433 3494 etsi
1451 3460 1607 3505 VTvulq.
1626 3459 1640 3505 ΙΙ
1662 3460 1812 3494 confecta
1837 3459 1898 3501 R¹J
1923 3461 2072 3495 confecta
2095 3463 2162 3496 sint
2185 3462 2262 3497 13²1
2284 3463 2408 3506 Tvulq.
2432 3461 2446 3507 ΙΙ

1370 3507 1414 3541 22
1426 3516 1465 3539 ex
1481 3516 1549 3539 non
1565 3506 1689 3550 scripto
1710 3504 1762 3541 V·
1807 3506 1851 3540 24
1866 3507 1899 3538 et
1913 3505 1943 3538 si
1959 3509 2036 3549 qua]
2054 3507 2081 3540 si
2098 3518 2165 3550 qua
2181 3509 2215 3540 et
2234 3508 2267 3542 V
2308 3509 2350 3542 25
2365 3508 2445 3540 haec

1370 3564 1427 3585 om.
1449 3551 1485 3585 V
1502 3550 1515 3595 ΙΙ
1538 3551 1645 3594 legem
1668 3551 1701 3585 R
1755 3551 1776 3585 2
1823 3552 1856 3584 et
1878 3552 1931 3592 ex]
1955 3554 1988 3585 et
2012 3565 2070 3586 om.
2088 3552 2151 3597 ΤΙΙ
2181 3553 2222 3587 27
2248 3564 2288 3587 co
2302 3551 2445 3587 lectione

1369 3596 1502 3640 131131
1530 3600 1590 3630 aut
1613 3596 1711 3631 aliter
1746 3597 1785 3629 ut
1807 3594 1905 3629 aliter
1927 3597 1960 3630 V
