2592 3840
228 81 335 125 NOV.
356 83 482 125 XXII
512 85 679 125 40—42

227 191 311 228 οὐδὲ
333 196 393 250 τῆς
415 192 571 240 χρήσεως
599 191 689 240 παρ’
717 191 841 227 αὐταῖς
869 191 1053 237 μενούσης.
1095 196 1155 228 καὶ
1179 190 1302 230 ἁπλῶς

228 239 310 282 ἴσην
334 238 445 282 αυτὴν
475 241 628 284 τίθεμεν
660 237 720 273 διὰ
750 237 818 281 τὴν
846 240 925 272 τῶν
946 237 1074 284 γάμων
1096 235 1235 286 ἀωρίαν
1257 242 1303 287 τῇ

229 285 299 331 πρὸ
322 286 386 319 τοῦ
410 285 592 328 πενθίμου
616 282 743 331 χρόνου
765 286 962 331 γημαμένῃ.
1008 284 1055 317 Εἰ
1078 281 1119 317 δὲ
1141 287 1201 318 καὶ
1224 286 1303 319 τῶν

278 331 391 364 σικῶν
419 326 647 376 ἐπιτροπεύοι
677 327 822 364 παίδων
853 331 925 368 (καὶ
972 327 1016 375 ἀρ
1040 326 1084 371 δὴ
1113 332 1172 362 καὶ
1196 332 1303 364 τοῦτο

242 373 437 418 Χεδώκαμεν
461 373 581 417 αὐτῆ),
615 371 697 408 ἀλλ’
722 367 786 407 οὖν
810 374 858 407 εἰς
888 370 934 406 ἄν
958 371 1018 420 ρὸς
1050 372 1212 408 ἐλθοῦσα
1242 377 1303 409 καὶ

226 419 276 464 μὴ
310 421 427 454 ταῦτα
460 411 629 465 πράξασα
663 415 754 461 ἅπερ
789 418 1002 463 ἑζιιπροσθεν
1036 418 1191 465 εἴρηται,
1225 422 1303 454 ταῖς

229 464 353 498 αὐταῖς
382 462 593 499 ὑποκείσθω
623 466 774 498 ποιναῖς.
822 462 981 507 Πρόνοια
1014 461 1054 498 δὲ
1083 465 1179 498 ἔστω
1210 463 1303 498 κατὰ

227 512 294 554 μὲν
323 509 384 544 τὰς
415 511 585 554 ἐπαρχίας
616 511 688 542 τοῖς
720 508 798 541 τῶν
830 508 957 541 ἐθνῶν
989 504 1211 554 ἡγουμένοις,
1248 512 1301 543 ἐν·

229 555 354 589 ταῦθα
390 553 430 588 δὲ
464 555 518 597 τῷ
555 550 777 607 ἐνδοξοτάτῳ
813 549 959 598 ἐπάρχῳ
986 554 1060 607 ττῆς
1095 551 1303 597 εὐδαίμονος

1308 80 1387 128 176

2182 100 2243 130 ΒΕ
2269 99 2448 132 ΠΠΡΤΠΒ

1368 206 1507 239 rerum,
1538 205 1653 240 neque
1684 195 1875 231 usufructu
1906 195 2004 240 apud
2034 205 2097 232 eas
2127 201 2342 234 remanente.
2397 198 2448 234 Et

1373 240 1579 286 simpliciter
1610 241 1794 285 aequalem
1825 250 1903 276 eam
1934 240 2099 286 ponimus
2130 246 2278 287 propter
2302 245 2447 289 nuptia-

1371 296 1450 321 rum
1483 286 1774 321 immaturitatem
1809 285 1843 320 ei
1878 294 1970 330 quae
2003 289 2087 321 ante
2123 286 2272 331 lugubre
2306 291 2447 334 tempus

1371 330 1504 375 nupsit.
1564 331 1603 366 Si
1636 340 1718 365 vero
1755 330 1861 365 etiam
1900 330 2118 366 naturalium
2157 332 2307 367 tutelam
2346 337 2449 378 gerat

1338 379 1358 410 5
1371 376 1526 411 filiorum
1550 378 1646 417 (nam
1668 375 1736 410 hoc
1761 384 1902 419 quoque
1924 375 2153 420 praebuimus
2176 377 2233 421 ei),
2259 380 2379 414 tamen
2401 378 2447 414 ad

1370 421 1484 456 virum
1507 420 1652 455 veniens
1682 423 1718 454 et
1741 430 1812 455 non
1844 420 1933 455 haec
1957 429 2083 465 agens,
2116 431 2208 473 quae
2229 422 2327 475 prius
2351 423 2448 459 dicta

1372 468 1465 509 sunt,
1490 465 1614 500 iisdem
1638 464 1822 500 subiaceat
1844 465 1980 510 poenis.
2036 465 2263 502 Providentia
2293 477 2376 503 vero
2400 469 2448 504 sit

1370 521 1436 555 per
1470 509 1672 555 provincias
1706 509 1847 555 quidem
1878 519 1901 544 a
1922 510 2080 555 gentium
2111 511 2353 556 praesidibus,
2388 513 2447 548 hic

1371 558 1493 590 autem
1516 554 1770 599 gloriosissimo
1794 555 1974 600 praefecto
2007 555 2233 591 felicissimae
2255 557 2361 592 huius
2385 568 2446 593 ur·

228 597 358 643 ταύτης
390 597 526 650 πόλεως
555 611 629 642 αμα
663 598 716 640 τῷ
749 600 931 644 πραέτωρι
973 612 1003 642 ῳ
1036 597 1164 632 τούτου
1202 598 1301 644 μέλει
1316 603 1356 634 10
1370 600 1425 635 bis
1449 609 1522 634 una
1548 610 1628 635 cum
1652 603 1829 645 praetore,
1859 600 1917 635 cui
1938 599 2046 635 huius
2069 601 2183 646 partis
2208 611 2294 637 cura
2316 605 2383 644 est,
2406 604 2449 638 ut

228 646 291 678 τοῦ
320 647 459 691 μέρους,
492 641 578 677 ὧςτε
609 641 824 687 βουλομένης
855 642 902 675 εἰς
932 641 1063 689 γάμους
1094 642 1217 677 ἐλθεῖν
1241 646 1301 687 τῆς

228 688 525 736 ἐπιτροπευούσης
554 687 718 734 γυναικὸς
749 690 808 720 καὶ
833 686 1091 733 προβληθῆναι
1114 692 1187 723 τοῖς
1210 692 1301 723 νέοις

227 736 425 780 ἐπίτροπον
448 736 507 767 καὶ
532 731 611 767 τοὺς
632 731 818 788 λογισμοὺς
848 728 1100 773 ὑποδέξασθαι
1128 736 1188 768 καὶ
1210 730 1300 781 ὅπερ

226 779 249 857 3‘
271 779 385 826 μήτηρ
405 776 538 824 ὀφείλει
560 790 738 824 προφασει
761 778 823 820 τῆς
842 775 1060 821 διοικήσεως,
1082 779 1189 813 τοῦτο
1213 777 1299 814 ἀπο-

250 837 360 859 ουναμ

1370 645 1510 680 volente
1541 644 1587 679 ad
1616 646 1760 689 nuptias
1790 644 1909 680 venire
1945 645 2094 681 tutelam
2124 648 2269 690 gerente
2299 647 2448 683 muliere

1371 692 1408 725 et
1424 689 1608 724 ordinetur
1628 690 1826 725 minoribus
1849 691 1949 725 tutor
1972 693 2009 725 et
2027 690 2185 726 rationes
2205 692 2448 746 suscipiantur

1369 734 1529 814 etdgupd
1558 736 1672 770 mater
1702 735 1809 771 debet
1840 734 2029 771 occasione
2059 736 2345 782 gubernationis,
2377 737 2447 773 hoc

1368 789 1407 814 re
1457 789 1478 814 a
1495 790 1549 814 ur.

1197 891 1354 927 CAPUT
1377 891 1474 927 XLI.

275 946 428 993 Ἀρέσκει
459 944 500 979 δὲ
529 944 613 990 ἡμῖν
635 942 658 988 ἡ
682 942 851 990 Ζήνωνος
879 946 944 980 τοῦ
972 947 1034 990 τῆς
1054 944 1223 992 εὐσεβοῦς
1247 947 1302 991 λή-

230 993 313 1032 ξεως
337 991 511 1032 διάταξις,
536 989 734 1035 βουλομένη
757 989 823 1025 τὸν
846 994 1005 1038 πατέρα,
1037 994 1070 1026 εἰ
1092 992 1302 1036 κελευσθείη

229 1039 277 1081 τῷ
310 1038 428 1079 οἰκείῳ
464 1034 569 1070 παιδὶ
605 1038 799 1082 πρεσβεῖον
836 1034 908 1071 ὑπὸ
945 1038 1084 1084 αἵρεσιν
1114 1035 1137 1081 ἢ
1177 1035 1302 1084 Κμε’ραν

226 1082 366 1123 δοῦναι,
395 1080 444 1126 μὴ
475 1079 589 1115 ἄλλως
612 1078 852 1115 ἀπαιτεῖσθαι
875 1080 942 1124 τὴν
970 1080 1061 1128 ὑπὲρ
1085 1084 1146 1126 τῆς
1192 1080 1302 1117 όσεως

1417 948 1542 983 Placet
1588 958 1706 993 uoque
1729 948 1833 984 nobis
1856 949 2011 985 Zenonis
2041 950 2125 995 piae
2148 950 2338 987 memoriae
2361 961 2446 987 con-

1372 993 1512 1029 stitutio
1535 1004 1579 1029 vo
1594 1003 1657 1029 ens
1681 998 1829 1039 patrem,
1854 994 1886 1030 si
1903 995 2070 1030 iubeatur
2091 996 2238 1041 proprio
2256 995 2332 1032 filio
2350 995 2446 1040 lega-

1371 1039 1447 1073 tum
1477 1038 1545 1074 sub
1576 1038 1785 1075 condicione
1815 1042 1877 1074 aut
1909 1039 1966 1075 die
1998 1039 2103 1082 dare,
2134 1051 2207 1076 non
2229 1041 2333 1076 aliter
2355 1040 2448 1085 exigi

1371 1093 1436 1128 pro
1461 1082 1653 1119 donatione
1684 1084 1883 1128 legatorum
1914 1084 2132 1129 cautionem,
2164 1086 2258 1122 hanc
2284 1085 2448 1121 videlicet

224 1128 301 1161 τῶν
325 1138 354 1161 π
377 1130 528 1170 εσβείων
551 1123 751 1172 ἀσφάλειαν
772 1125 922 1170 (ταύτην
946 1124 991 1170 δὴ
1012 1127 1080 1170 τὴν
1103 1128 1136 1163 le
1160 1132 1302 1163 atorum
1314 1130 1357 1163 20
1371 1138 1462 1173 quae
1484 1129 1684 1173 legatorum
1707 1129 1962 1165 servandorum
1983 1139 2093 1166 causa
2115 1135 2275 1173 vocatur,
2299 1131 2369 1166 nisi
2390 1139 2446 1166 se-

225 1183 351 1207 servan
376 1182 476 1207 orum
499 1181 608 1206 causa
628 1170 876 1215 καλουμένην),
896 1170 990 1213 πλὴν
1008 1173 1040 1206 εἰ
1057 1171 1107 1216 μὴ
1149 1176 1302 1220 ευτέροις

223 1215 242 1251 ὁ
267 1217 385 1265 πατὴρ
414 1213 592 1261 ὁμιλήσειε
613 1214 750 1263 γάμοις.
795 1219 891 1251 ἔστω
915 1216 983 1264 γὰρ
1014 1221 1074 1251 καὶ
1097 1219 1204 1252 τοῦτο
1228 1222 1301 1253 τοῖς

224 1261 541 1310 δευτερογαμοῦσιν
562 1263 755 1306 ἐπιτίμιον.

1372 1173 1507 1209 cundas
1530 1176 1636 1219 pater
1665 1174 1882 1210 contraxerit
1904 1175 2059 1221 nuptias.
2113 1175 2170 1212 Sit
2199 1176 2294 1212 enim
2317 1179 2354 1211 et
2376 1175 2447 1212 hoc

1370 1218 1528 1255 secundo
1551 1219 1768 1255 nubentibus
1791 1230 1917 1265 poena.

1184 1330 1341 1367 CAPUT
1373 1331 1488 1368 XLII.

271 1384 377 1421 Ἀλλὰ
400 1384 467 1420 κᾶν
490 1386 526 1420 εἴ
543 1396 597 1420 τις
620 1387 660 1419 ἐν
683 1388 756 1419 τοῖς
779 1383 1052 1430 εὐλαβεστάτοις
1080 1384 1198 1421 τελῶν
1221 1386 1300 1428 κλη-

1422 1387 1493 1423 Sed
1524 1389 1562 1423 et
1591 1387 1622 1423 si
1653 1387 1733 1433 quis
1764 1388 1859 1424 inter
1895 1389 2196 1426 reverentissimos
2229 1389 2446 1426 constitutus

224 1434 348 1477 ρικοῖς,
380 1434 454 1466 τοῖς
483 1428 590 1486 ὑπέρΙ
604 1429 670 1464 τὸν
693 1427 935 1485 ἀναγνώστην
958 1427 988 1484 τί
1002 1429 1145 1484 ψάλτην
1169 1435 1356 1478 φαμέν,25
1370 1433 1541 1475 clericos,
1572 1433 1670 1468 ultra
1693 1433 1863 1469 lectorem
1887 1438 1951 1470 aut
1974 1437 2155 1470 cantorem
2179 1434 2347 1478 dicimus,
2371 1446 2446 1471 om-

223 1477 314 1512 ἷίλως
342 1475 517 1521 ὁμιλήσειε
547 1487 688 1523 γαμοις,
715 1488 846 1510 τουτον
877 1477 916 1510 ἐκ
947 1487 1008 1519 της
1031 1480 1201 1524 ημετέρας
1225 1475 1301 1512 δια-

222 1520 355 1563 τάξεως
378 1523 567 1557 ἐκπίπτειν
590 1522 651 1564 τῆς
683 1520 876 1567 ἱερωσύνης
899 1519 1146 1566 διεταξάμεθά
1177 1535 1218 1557 τε
1241 1526 1302 1556 καὶ

222 1566 330 1613 βουλό
378 1567 441 1601 θα.
489 1567 535 1600 Εἰ
557 1569 722 1613 μέντοιγε
749 1563 985 1613 ἀναγνώστης
1016 1564 1069 1601 ὧν
1099 1571 1160 1601 καὶ
1189 1565 1303 1614 γήμας

223 1614 299 1647 εἶτα
320 1580 381 1646 δῆλά
397 1626 482 1646 τινα
501 1610 753 1666 ἀπαραίτητον
765 1609 931 1666 ,ἀνάγκην
955 1612 1003 1645 εἰς
1026 1610 1208 1659 δευτέρους
1234 1611 1300 1659 ἄφ-

1368 1478 1453 1513 nino
1486 1478 1706 1513 contraxerit
1736 1479 1899 1524 nuptias,
1931 1480 2027 1515 hunc
2052 1489 2096 1515 ex
2124 1481 2446 1518 nostra-constitu-

1369 1523 1465 1558 tione
1489 1523 1616 1559 cadere
1640 1523 1840 1560 sacerdotio
1873 1525 2121 1561 constituimus
2143 1528 2251 1570 atque
2273 1524 2445 1562 volumus.

1370 1568 1409 1604 Si
1439 1578 1522 1604 vero
1559 1569 1672 1605 lector
1703 1569 1860 1605 existens
1897 1572 1935 1606 et
1969 1570 2114 1616 nuptias
2148 1569 2286 1606 faciens
2320 1569 2446 1606 deinde

1369 1615 1517 1659 propter
1539 1613 1696 1659 aliquam
1719 1614 1956 1650 inevitabilem
1978 1615 2229 1651 necessitatem
2250 1615 2298 1652 ad
2316 1625 2446 1652 secun-

223 1662 335 1692 ίκοιτο
357 1654 504 1702 γάμους,
535 1670 598 1691 ουκ
621 1658 676 1690 ἔτι
706 1668 810 1710 noos*
819 1671 863 1691 τα
886 1658 999 1712 μείζω
1022 1658 1083 1711 τῇς
1104 1656 1302 1712 ἱερωσύνης
1315 1661 1358 1694 30
1371 1660 1435 1694 das
1466 1658 1586 1694 veniat
1615 1658 1779 1704 nuptias,
1815 1669 2040 1706 nequaquam
2071 1660 2118 1696 ad
2149 1660 2294 1696 maioris
2325 1670 2445 1696 sacer-

223 1700 442 1747 ἀναβήσεται
465 1706 567 1749 γέρα,
592 1698 672 1735 ἀλλ’
700 1699 808 1743 αὐτου
832 1715 933 1746 μενει
956 1714 1055 1746 παρα
1078 1715 1123 1750 τῃ
1146 1707 1301 1750 γυναικί,

223 1747 288 1790 τὴν
311 1746 399 1793 ὑπὲρ
424 1749 558 1790 ἐκείνης
581 1750 775 1793 προκρίνας
798 1745 960 1790 σπουδὴν
983 1749 1045 1790 τῆς
1068 1749 1129 1783 ἐπὶ
1153 1747 1198 1783 τὰ
1221 1747 1301 1793 βελ-

1371 1704 1459 1739 dotii
1488 1704 1660 1739 ascendat
1683 1705 1840 1747 culmen,
1874 1706 1936 1740 sed
1965 1705 2039 1741 illic
2063 1705 2220 1741 manebit
2249 1705 2347 1751 apud
2367 1716 2446 1742 mu-

1369 1749 1503 1791 lierem,
1528 1749 1696 1784 affectum
1719 1750 1816 1785 illius
1839 1760 2063 1796 praeponens
2089 1749 2227 1786 meliori
2249 1751 2445 1796 provectui.

222 1797 290 1827 τι’ω
314 1790 481 1838 προόδου.
527 1793 573 1826 Εἰ
597 1789 636 1826 δὲ
659 1794 699 1825 ἐν
724 1790 887 1826 ἰδιώταις
912 1790 967 1827 aiv
991 1794 1052 1827 ἐπὶ
1074 1797 1301 1839 χειροτονίαν
1370 1794 1410 1829 Si
1431 1805 1526 1838 vero,
1553 1805 1633 1830 cum
1656 1795 1704 1830 sit
1727 1795 1852 1837 laicus,
1885 1796 1931 1831 ad
1954 1796 2213 1832 ordinationem
2235 1795 2448 1832 subdiaconi

221 1835 461 1873 ὑποδιακόνου
492 1835 515 1880 ἢ
549 1835 713 1871 διακόνου
745 1833 767 1880 ἢ
795 1840 1039 1884 πρεσβυτέρου
1068 1836 1193 1872 ἐλθεῖν
1216 1838 1299 1883 βού-
1369 1841 1434 1874 aut
1466 1839 1609 1875 diaconi
1640 1842 1703 1874 aut
1734 1841 1842 1885 presb
1883 1840 1935 1876 eri
1964 1841 2084 1876 venire
2114 1840 2284 1884 voluerit,
2320 1841 2446 1877 deinde

225 1882 335 1924 λοιτο,
369 1883 447 1917 εἶτα
478 1886 607 1928 φανείη
635 1886 786 1928 γυναῖκα
818 1885 914 1925 ἔχων
943 1883 992 1927 μὴ
1024 1884 1063 1917 ἐκ
1095 1884 1300 1930 παρθενίας
1313 1887 1355 1919 35
1368 1889 1545 1930 appareat
1577 1885 1758 1921 mulierem
1791 1885 1840 1921 ha
1866 1895 1928 1921 ens
1962 1896 2035 1921 non
2069 1895 2115 1921 ex
2148 1885 2349 1930 virginitate
2377 1886 2447 1922 sibi

223 1926 322 1971 αὐτῷ
356 1927 636 1970 συνοικήσασαν,
675 1925 755 1960 ἀλλ’
787 1924 809 1970 ἢ
837 1926 1086 1974 διεζευγμένην
1116 1926 1187 1963 ἀνδ
1210 1927 1247 1963 ὸς
1277 1927 1299 1972 ἢ
1369 1930 1592 1974 copulatam,
1625 1930 1695 1965 Sed
1719 1933 1784 1966 aut
1815 1930 2027 1966 disiunctum
2051 1940 2074 1966 8.
2096 1930 2223 1966 marito
2257 1935 2321 1966 aut
2343 1931 2447 1967 aliter

222 1972 336 2007 ἄλλως
365 1971 429 2007 οὐκ
458 1973 499 2013 ἐξ
529 1970 633 2018 ἀρχῆς
663 1970 772 2006 εὐθὺς
796 1971 896 2017 αὐτῷ
919 1977 1080 2018 νομίμως
1103 1986 1187 2008 συνε
1211 1974 1297 2008 &017-
1367 1985 1441 2010 non
1476 1975 1521 2010 ab
1556 1975 1659 2011 initio
1690 1986 1773 2011 mox
1807 1975 1878 2011 sibi
1912 1976 2065 2021 legitime
2101 1976 2346 2017 coniunctam,
2381 1981 2447 2012 aut

223 2030 301 2057 σαν,
326 2015 347 2061 ἢ
369 2021 429 2051 καὶ
449 2016 555 2052 αὐτὸς
579 2016 667 2063 πρὸς
691 2015 872 2063 δευτέρους
893 2017 1060 2064 ἀφίκοιτο
1082 2016 1233 2065 γάμους,
1257 2017 1297 2053 οὗ
1368 2020 1475 2055 etiam
1503 2021 1582 2064 ipse
1612 2020 1659 2055 ad
1683 2021 1858 2056 secundas
1882 2021 2019 2056 venerit
2044 2021 2209 2066 nuptias,
2239 2031 2311 2057 non
2333 2021 2444 2066 impe-

222 2061 384 2103 τεύξεται
404 2064 466 2107 τῆς
486 2063 696 2109 ἱερωσύνης·
720 2060 809 2096 ἀλλὰ
829 2060 896 2098 κᾶν
916 2064 948 2097 εἰ
968 2061 1102 2098 λαθών
1122 2064 1170 2099 εἰς
1191 2065 1299 2099 τοῦτο
1368 2065 1480 2100 trabit
1503 2065 1751 2108 sacerdotium,
1777 2067 1841 2102 sed
1857 2065 1943 2102 licet
1961 2066 2116 2102 latenter
2138 2065 2186 2101 ad
2207 2065 2277 2102 hoc
2297 2066 2444 2110 venerit,

222 2107 344 2150 ἔλθοι,
369 2107 514 2142 πάντως
538 2105 641 2151 αὐτῆς
664 2109 878 2143 ἐκπεσεῖται.
1312 2112 1356 2144 40
1369 2110 1513 2145 omnino
1537 2120 1580 2146 eo
1606 2111 1720 2146 cadet.

242 2165 247 2169 Α
267 2189 339 2220 cap.
353 2177 469 2210 XLII
481 2190 563 2219 pars
578 2178 674 2220 prior
693 2178 860 2211 decurtata
879 2184 966 2211 extat
978 2177 1028 2211 B‘
1043 2190 1079 2221 p.
1095 2178 1159 2212 198
1172 2178 1277 2212 Zach.
1312 2178 1467 2211 Eiusdem
1486 2180 1603 2222 capitis
1621 2180 1825 2213 summarium
1845 2179 1942 2213 habet
1958 2179 2092 2214 Nomoc.
2104 2179 2137 2214 L
2155 2181 2203 2214 tit.
2213 2181 2256 2214 26
2270 2192 2311 2214 er
2322 2180 2442 2214 Athan-

222 2255 299 2279 eam
319 2247 477 2290 propter
497 2244 606 2279 intem
633 2243 765 2279 estivas
788 2244 937 2290 nuptias
960 2243 1131 2279 habemus
1149 2249 1259 2290 atque
1281 2255 1360 2280 eam
1380 2255 1479 2325 guae
1498 2249 1583 2281 ante
1602 2250 1741 2298 tempus
1759 2245 1873 2281 luctui
1892 2250 2067 2282 statumm
2086 2246 2260 2294 nupserit.
2295 2245 2436 2298 Quodsi

222 2290 328 2324 etiam
352 2289 573 2324 naturalium
611 2289 791 2324 iberorum
816 2289 964 2324 tutelam
987 2294 1095 2335 qerat
1122 2291 1220 2332 (uam
1242 2290 1350 2325 etiam
1406 2300 1450 2325 oc
1473 2289 1617 2336 quidem
1643 2302 1675 2326 ez
1701 2291 1972 2334 concessimus),
2006 2295 2124 2327 tamen
2154 2291 2324 2337 coniuqio
2354 2292 2446 2327 inito

224 2346 266 2370 ne
293 2346 337 2369 ue
360 2334 451 2369 actis
473 2334 519 2368 iis
542 2345 636 2380 quae
658 2337 742 2370 ante
765 2334 864 2369 dicta
886 2338 973 2370 sunt
996 2334 1121 2369 iisdem
1144 2334 1328 2370 subiaceat
1348 2335 1487 2382 poenis.
1537 2335 1655 2371 Curae
1677 2340 1797 2371 autem
1819 2336 1867 2371 sit
1888 2337 1928 2371 in
1944 2336 2149 2383 provinciis
2172 2336 2316 2383 quidem
2335 2347 2445 2383 prae—

222 2346 358 2414 stdqibus
378 2379 667 2425 provinciarum,
700 2379 758 2414 hic
787 2389 873 2414 vero
904 2379 1169 2426 qloriosissimo
1194 2380 1392 2432 praefecto
1424 2380 1532 2415 huius
1560 2380 1687 2426 felicis
1716 2380 1817 2416 urbis
1839 2391 1915 2416 una
1938 2392 2018 2416 cum
2033 2387 2229 2429 praetore,
2264 2382 2331 2428 qui
2351 2380 2447 2417 hanc

219 2428 362 2470 partem
392 2428 517 2466 curat,
550 2428 609 2466 ut,
632 2424 664 2459 si
687 2424 817 2460 mulier
840 2435 935 2471 quae
959 2425 1108 2460 tutelam
1130 2429 1229 2471 qerit
1257 2425 1307 2460 ad
1333 2426 1482 2472 nuptias
1512 2426 1634 2461 venire
1661 2425 1764 2468 velit,
1796 2429 1831 2461 et
1852 2426 2011 2479 pupillis
2043 2430 2143 2462 tutor
2173 2426 2382 2473 desiqnetm·
2410 2430 2447 2462 et

224 2469 384 2504 rationes
407 2469 609 2504 reddantur
631 2473 666 2504 et
685 2469 783 2515 quod
805 2474 921 2505 mater
946 2470 1079 2506 tutelae
1102 2470 1378 2506 administratae
1400 2470 1546 2506 nomine
1568 2470 1682 2514 debet,
1706 2471 1747 2506 id
1768 2475 1948 2507 restituat.

358 2513 452 2548 XLI.
501 2513 628 2549 Placet
649 2518 767 2550 autem
789 2514 894 2550 nobis
919 2514 1077 2551 Zenonis
1095 2516 1183 2562 piae
1205 2515 1399 2551 memoriae
1421 2516 1644 2559 constitutio,
1667 2526 1761 2562 quae
1783 2516 1862 2552 vult
1883 2521 1924 2552 ut
1946 2527 1970 2552 a
1991 2519 2111 2564 patre,
2134 2515 2167 2552 si
2183 2516 2344 2563 proprio
2365 2515 2445 2561 filio

225 2559 382 2604 teqatum
412 2557 477 2593 sub
507 2558 718 2595 condicione
747 2559 806 2595 vel
834 2559 892 2595 die
918 2564 1110 2607 praestare
1139 2561 1261 2596 iussus
1290 2561 1355 2603 sit,
1386 2571 1462 2596 non
1491 2561 1599 2596 aliter
1629 2561 1751 2596 cautio
1783 2561 1828 2597 de
1855 2561 2090 2608 praestandis
2114 2561 2245 2608 leqatis
2270 2561 2447 2607 ecciqatur

227 2609 282 2643 (ea
313 2603 453 2648 quidem
482 2614 575 2649 quae
602 2604 804 2650 leqatorum
834 2606 1096 2640 servandorum
1128 2616 1241 2641 causa
1270 2609 1434 2649 vocatur)
1469 2606 1541 2641 nisi
1569 2606 1603 2641 si
1632 2610 1742 2652 pater
1766 2605 1945 2642 secundas
1975 2607 2124 2653 nuptias
2153 2605 2284 2642 inierit.
2353 2605 2445 2642 Esto

226 2648 317 2683 enim
342 2647 430 2683 haec
476 2659 593 2694 uoque
615 2649 771 2684 secundo
795 2650 1002 2685 nubentium
1017 2661 1153 2698 poena.

360 2659 473 2728 xmf.
532 2692 606 2728 Sed
627 2694 734 2728 etiam
757 2694 790 2728 si
813 2695 895 2740 quis
915 2705 964 2731 ex
987 2696 1344 2742 reliqiosissimorum
1368 2695 1582 2732 clericorum
1605 2706 1769 2738 numero,
1793 2706 1918 2732 eorum
1938 2695 2091 2748 dicimus
2113 2696 2180 2748 qui
2199 2706 2315 2742 supra
2337 2695 2446 2732 lecto-

227 2749 301 2773 rem
325 2742 392 2772 aut
413 2740 596 2772 cantorem
619 2743 715 2780 sunt,
740 2739 885 2774 omnino
908 2751 957 2774 nu
987 2742 1057 2776 tias
1078 2741 1213 2784 inierit,
1244 2740 1303 2776 hic
1326 2745 1368 2777 ut
1389 2751 1440 2777 ex
1462 2744 1592 2777 nostra
1615 2741 1872 2776 constitutione
1893 2741 2098 2776 sacerdotio
2113 2746 2284 2787 privetur
2306 2745 2344 2776 et
2362 2751 2446 2777 con-

227 2783 408 2818 stituimus
437 2787 473 2817 et
503 2782 675 2818 volumus.
735 2783 778 2818 Si
806 2788 922 2819 tamen
967 2790 1066 2821 ector
1099 2786 1150 2822 sit
1177 2791 1212 2822 et
1242 2796 1398 2822 uxorem
1428 2786 1612 2829 habuerit,
1648 2785 1777 2821 deinde
1803 2790 1963 2831 propter
1991 2785 2231 2822 inevitabilem
2262 2785 2447 2832 quandam

228 2827 472 2862 necessitatem
500 2827 549 2861 ad
575 2827 753 2862 secundas
781 2830 929 2875 nuptias
959 2831 1114 2874 venerit,
1147 2842 1221 2866 non
1247 2842 1306 2866 am
1334 2831 1404 2867 lius
1427 2831 1478 2867 ad
1506 2831 1648 2867 maiora
1670 2830 1867 2866 sacerdotii
1889 2841 2040 2866 munera
2064 2829 2251 2874 ascendet,
2285 2829 2350 2866 sed
2370 2830 2447 2866 illic

228 2871 383 2907 manebit
406 2871 507 2918 apud
529 2882 695 2915 uxorem,
727 2876 853 2924 utpote
881 2875 943 2920 qui
966 2876 1123 2910 studium
1147 2887 1237 2922 erqa
1260 2876 1289 2911 il
1303 2887 1361 2911 am
1377 2876 1598 2923 proqressui
1619 2875 1670 2911 ad
1690 2875 1825 2911 altiora
1846 2875 2074 2922 praetulerit.
2131 2874 2272 2919 Quodsi
2292 2875 2376 2922 quis
2396 2886 2447 2912 ex

228 2917 404 2952 laicorum
432 2927 581 2951 numero
611 2917 660 2951 ad
687 2917 948 2954 ordinationem
975 2920 1187 2956 subdiaconi
1217 2921 1274 2957 vel
1301 2921 1449 2957 diaconi
1482 2921 1539 2957 vel
1560 2920 1766 2968 presbyteri
1789 2921 1910 2957 venire
1933 2920 2035 2963 velit,
2067 2931 2112 2956 ac
2128 2923 2263 2968 postea
2291 2930 2446 2957 uxorem

228 2973 307 2998 eum
331 2961 462 2997 habere
485 2966 665 3007 appareat
692 2973 766 2997 non
789 2974 838 2998 ex
861 2964 1067 3009 virqinitate
1090 2970 1260 3012 nuptam,
1289 2966 1354 3002 sed
1382 2972 1449 3002 aut
1469 2971 1679 3013 separatam
1703 2977 1727 3001 a
1750 2966 1829 3002 viro
1853 2969 1920 3001 aut
1942 2965 2016 3001 alio
2039 2964 2146 3001 modo
2174 2975 2248 3000 non
2271 2963 2317 3001 ab
2340 2965 2446 3001 initio

227 3007 350 3043 statim
379 3006 533 3052 leqitime
563 3017 643 3041 cum
673 3007 737 3041 illo
767 3009 992 3053 copulatam,
1033 3010 1088 3046 vel
1118 3011 1227 3046 etiam
1256 3011 1290 3046 si
1318 3012 1397 3058 ipse
1426 3011 1476 3047 ad
1502 3010 1681 3047 secundas
1708 3010 1859 3057 nuptias
1894 3010 2099 3053 transierit,
2137 3020 2212 3045 non
2239 3009 2447 3057 impetrabit

227 3051 485 3093 sacerdotium,
510 3051 597 3096 quin
619 3051 727 3085 etiam
750 3053 784 3085 si
802 3053 892 3086 clam
916 3064 957 3088 eo
978 3057 1196 3099 pervenerit,
1222 3056 1366 3091 omnino
1387 3067 1431 3092 eo
1451 3059 1615 3092 exuetur.

274 3134 292 3165 2
319 3131 398 3164 ἴσον
418 3128 540 3163 αὐτῶν
560 3131 592 3164 L
608 3130 619 3174 11
638 3131 701 3162 τοῦ
721 3130 834 3175 γάμου
848 3132 895 3165 Bt
913 3132 925 3175 11
942 3136 961 3166 3
984 3146 1023 3179 γε
1049 3137 1209 3178 αμημένη
1225 3136 1269 3169 13¹
1290 3136 1303 3180 11

230 3182 248 3213 5
274 3174 495 3219 δεδώκαμεν]
514 3177 632 3228 C⁰d'25'
645 3182 691 3215 35,
705 3184 719 3207 3
738 3175 750 3218 11
768 3178 787 3208 9
807 3174 954 3220 ὑπάρχῳ
969 3147 1077 3212 ΜΚΒ
1097 3181 1108 3222 11
1127 3183 1167 3214 14
1184 3170 1302 3221 τοῦτο]

229 3224 287 3255 καὶ
310 3222 418 3255 τοῦτο
441 3222 475 3254 Β
491 3221 503 3263 11
525 3222 564 3254 16
589 3221 676 3263 ημᾶς
692 3221 723 3252 L
740 3228 751 3261 n
770 3221 845 3261 τοῦ]
865 3221 978 3263 πάσης
994 3222 1059 3255 τοῦ
1081 3225 1115 3256 Β
1130 3224 1143 3268 11
1165 3227 1202 3258 17
1229 3222 1302 3257 διά-

228 3267 340 3308 ταξις]
358 3267 435 3301 Cod.
449 3268 481 3306 6,
497 3273 544 3306 ⁴19,
559 3273 575 3298 6
592 3270 629 3304 §1
647 3265 658 3306 11
677 3262 861 3307 κελευθείη
888 3267 916 3298 L
933 3267 944 3308 11
967 3269 1006 3300 18
1030 3264 1052 3309 ἢ
1075 3263 1145 3302 ὑπὸ
1169 3266 1304 3313 ἡμέραν

231 3314 266 3346 Β
281 3312 294 3357 11
321 3314 363 3345 20
385 3308 523 3351 ταύτην
546 3329 591 3335 —-
615 3311 652 3344 21
682 3308 902 3352 καλουμένην
926 3323 983 3343 om.
999 3312 1034 3344 B
1052 3311 1064 3355 11
1086 3310 1130 3354 δὴ
1155 3327 1211 3346 om.
1228 3316 1257 3347 L
1292 3314 1304 3358 11

231 3353 447 3403 λεγατόρουμ
471 3352 740 3401 σερβανδόρουμ
763 3355 877 3386 ‚cabaa
905 3356 952 3394 Μ
970 3369 1028 3390 om.
1044 3358 1074 3389 L
1104 3359 1117 3397 11
1144 3360 1185 3391 22
1209 3357 1300 3404 γάμοι

232 3404 277 3435 L¹
296 3402 308 3445 11
325 3403 367 3435 26
387 3398 594 3441 διατάξεως]
608 3400 691 3433 Nov.
710 3400 758 3432 VI
768 3403 821 3432 c.5
838 3400 850 3441 11
870 3401 911 3432 28
928 3402 1051 3442 μέντοι
1065 3402 1114 3434 Β11
1129 3402 1141 3444 11
1161 3404 1203 3436 32
1219 3415 1303 3447 προ.

230 3450 351 3491 κρίνας
377 3449 424 3479 bis
446 3459 507 3479 scr.
524 3447 570 3479 M
592 3447 603 3486 11
632 3447 674 3478 36
700 3440 822 3477 αὐτῶν
847 3445 894 3476 L¹
923 3444 935 3487 11
964 3444 1203 3487 συνοικήσασα
1228 3449 1258 3480 L
1291 3447 1304 3492 11

232 3491 485 3536 διεζευγμένοις
505 3491 550 3524 L¹
567 3490 580 3535 11
600 3492 640 3523 37
666 3501 718 3523 πα
743 3486 926 3522 ελθούσαν
944 3490 974 3522 L
999 3489 1303 3525 συνεισελθοῖισαν

232 3537 278 3569 B1
293 3536 305 3580 11
325 3539 367 3570 38
392 3533 555 3580 ἀφίκοιτο
579 3534 692 3575 ΕΒῙς]
714 3537 861 3578 αφίκετο
885 3534 973 3566 MB¹
991 3534 1061 3577 1140
1087 3532 1204 3569 αὐτοῖς
1230 3538 1258 3569 L

1371 3137 1486 3180 vulqj
1534 3137 1728 3179 raesidibus]
1752 3142 1968 3180 prouentu-e
1996 3135 2045 3168 R¹
2067 3133 2083 3179 11
2111 3135 2190 3168 huie
2210 3132 2274 3178 V·
2300 3135 2321 3168 9
2346 3134 2447 3166 huius

1372 3195 1430 3215 om.
1444 3181 1493 3216 R¹
1510 3147 1584 3225 1110
1608 3182 1664 3215 oui
1681 3181 1794 3223 huius]
1819 3182 1916 3214 ouius
1935 3180 1968 3213 R
1985 3179 1998 3224 11
2015 3189 2092 3212 cure
2111 3179 2181 3212 ΒΤ
2199 3188 2279 3211 our·
2301 3179 2349 3212 V¹
2369 3177 2382 3223 11
2397 3182 2447 3212 est

1371 3229 1410 3259 ut
1429 3226 1564 3259 uolente
1586 3226 1636 3260 1⁷²
1648 3229 1681 3260 in
1694 3239 1763 3260 ras.
1778 3227 1790 3270 11
1811 3227 1852 3260 13
1874 3225 2061 3259 occasiones
2077 3223 2126 3257 R*
2145 3222 2158 3267 11
2177 3225 2313 3258 lssrubr.
2334 3224 2371 3256 Si
2383 3223 2445 3256 sub

1371 3272 1562 3305 conditione
1580 3274 1685 3305 mater
1703 3271 1849 3313 legatum
1868 3269 1924 3303 uel
1937 3268 2221 3302 fideicommissum
2238 3267 2309 3301 filio
2322 3278 2382 3302 suo
2394 3279 2444 3301 re-

1370 3316 1510 3358 liquerit
1524 3317 1559 3350 R
1571 3329 1631 3360 my.
1649 3317 1661 3358 11
1679 3316 1794 3349 Placet
1810 3314 1979 3359 suppl.V²
1992 3315 2025 3347 in
2037 3321 2123 3357 spat.
2135 3325 2206 3347 vac.
2223 3313 2236 3356 ΙΙ
2257 3315 2295 3347 17
2315 3313 2444 3357 proprii

1380 3362 1428 3394 V¹
1444 3362 1456 3405 11
1477 3363 1518 3396 18
1543 3362 1628 3403 erigi
1646 3361 1695 3395 R¹
1712 3359 1726 3405 11
1745 3362 1785 3394 19
1807 3360 1993 3402 legatorum
2011 3370 2069 3391 om.
2087 3357 2130 3390 12¹
2147 3357 2160 3402 11
2179 3358 2348 3391 cautiones
2359 3358 2410 3391 13¹
2431 3356 2445 3400 11

1372 3407 1415 3439 20
1436 3406 1736 3439 conseruandorum
1752 3405 1783 3438 R
1802 3404 1814 3449 11
1831 3407 1872 3438 22
1893 3413 2000 3447 poena
2014 3401 2137 3446 om.VH
2156 3404 2295 3437 24rubr.
2317 3403 2367 3436 De
2378 3402 2444 3435 ele-

1372 3451 1450 3483 ricis
1466 3452 1525 3493 qui
1537 3451 1672 3494 nuptias
1683 3452 1878 3483 contrahere
1894 3458 1961 3481 non
1974 3449 2112 3491 possunt
2134 3448 2230 3491 qu.
2246 3446 2259 3491 11
2278 3449 2322 3481 25
2340 3447 2446 3480 eleros

1373 3495 1420 3527 R¹
1437 3495 1449 3539 11
1469 3499 1510 3530 26
1536 3497 1637 3537 hune]
1662 3496 1761 3528 habet
1783 3492 1860 3538 R¹ss
1880 3495 1920 3527 27
1946 3503 2036 3525 sacer
2054 3493 2145 3525 datio
2165 3493 2199 3526 R
2216 3491 2228 3536 11
2245 3494 2287 3526 30
2311 3492 2445 3535 nuptias

1373 3552 1430 3572 om.
1455 3540 1509 3584 Vl}
1528 3542 1570 3574 32
1595 3542 1746 3573 effectum
1766 3539 1842 3579 7111
1861 3539 1904 3573 33
1926 3537 2075 3571 ordinem
2088 3537 2123 3570 R
2138 3537 2149 3579 ΙΙ
2169 3539 2211 3572 34
2235 3539 2294 3569 aut
2312 3537 2444 3570 diaconi

1374 3597 1431 3616 om.
1455 3584 1509 3628 Vn
1537 3588 1579 3619 35
1603 3586 1777 3628 aperuerat
1802 3582 1879 3626 R¹n
1904 3593 1970 3615 non
1996 3593 2035 3614 ox
2059 3594 2117 3615 om.
2143 3582 2194 3614 V¹
2209 3581 2221 3626 ΙΙ
2248 3583 2290 3616 36
2314 3582 2382 3622 sed]
2405 3591 2442 3614 s·

1382 3629 1430 3660 1⁷¹
1446 3628 1458 3670 11
1477 3629 1571 3661 audis
1593 3631 1741 3662 iunctam
1760 3629 1809 3662 R·
1834 3628 1846 3671 ΙΙ
1869 3629 1910 3662 37
1938 3638 2005 3660 11011
2029 3639 2088 3660 om.
2108 3626 2159 3660 R¹
2188 3625 2202 3670 11
2229 3628 2271 3660 38
2294 3637 2362 3660 11011
2383 3638 2441 3660 om.

281 3630 293 3660 1
322 3638 375 3659 eos
396 3627 450 3669 Vll
468 3629 621 3659 manente
639 3626 793 3669 υα19.112
817 3626 982 3668 ponimus]
1008 3625 1186 3667 inponibus
1209 3626 1257 3659 R¹
1293 3630 1306 3670 11
1374 3672 1420 3704 Β,
1439 3672 1511 3715 1139
1536 3676 1585 3706 set
1608 3675 1697 3716 RV]
1722 3674 1779 3707 sed
1801 3675 1836 3706 et
1858 3673 1932 3717 vulq
1962 3672 2032 3717 1140
2057 3682 2096 3704 eo
2119 3683 2166 3704 om
2190 3671 2241 3704 R.

233 3674 252 3705 3
277 3672 502 3704 maturitatem
524 3671 578 3715 Vll
597 3674 614 3704 7
641 3671 765 3703 hisdem
791 3671 886 3713 RVH
904 3669 1051 3702 subiacet
1064 3671 1131 3703 RT
1141 3670 1154 3714 11
1174 3673 1193 3704 8
1213 3680 1233 3702 a
1246 3684 1303 3704 om.
