2476 3854
152 76 229 120 Ed.
250 77 292 120 X
321 90 383 133 pr.
410 81 426 118 1
1004 96 1006 98 ·
1222 72 1309 120 776
1950 92 2011 123 ms
2040 91 2380 126 conomAman

153 190 331 233 γυναῖκας,
362 186 501 231 ταύτην
532 183 615 231 παρ’
643 184 765 219 αὐτῶν
793 183 885 218 κατὰ
908 183 977 218 τὸν
998 183 1114 229 νόμον
1138 183 1324 231 εὑρίσκειν,
1346 185 1452 221 οὐδὲν
1475 185 1662 222 παντελῶς
1685 189 1764 223 τῶν
1787 188 2092 234 προκοιιισάντων
2111 189 2294 235 βλαβῆναι
2317 189 2378 225 διὰ

154 235 175 268 1
222 232 291 274 τὴν
317 231 543 278 προκομιδὴν
574 230 889 277 συγχωρουμένων.
939 229 984 262 Εἰ
1013 227 1053 263 δὲ
1083 229 1391 278 ἀντισυγγράφους
1426 232 1559 266 ἔθεντο
1583 231 1673 278 πρός
1695 245 1796 268 τινας
1819 224 2006 281 ὁμολογίας
2028 231 2052 278 ἢ
2075 233 2252 270 διαλύσεις
2274 232 2297 277 ἢ
2319 238 2380 269 καὶ

153 276 295 311 οἱαςοῦν
327 276 512 319 συνθήκας
541 273 563 318 ἢ
595 278 655 308 καὶ
686 273 776 317 μετὰ
808 274 925 307 ταῦτα
957 275 1156 318 ποιήσαιεν,
1185 280 1245 310 καὶ
1270 277 1307 310 αι’
1330 273 1414 321 παρ’
1442 275 1560 311 αὐτοῖς
1584 281 1744 322 κείμεναι
1767 278 1860 312 κατὰ
1885 277 2075 326 διαφόρους
2095 278 2249 325 τρόπους
2277 279 2380 314 ἀπώ-

156 321 271 363 λοντο,
296 320 571 368 ἀναγκάζεσθαι
594 319 677 353 τοὺς
700 322 847 360 ἔχοντας
870 317 916 352 τά
943 316 1219 367 ἆντισύγγραφα
1243 325 1473 367 προκομίζων
1494 319 1518 365 ἢ
1540 319 1649 368 ὅρκον
1671 325 1851 368 παρέχειν,
1875 322 1924 358 ὦς
1938 321 2046 358 οὐδὲν
2060 325 2225 360 τοιοῦτον
2237 326 2381 368 ἔχουσιν

154 365 239 400 οὐδὲ
262 370 479 412 προκομίσαι
500 364 647 399 δυνατοὶ
671 362 954 406 καθεστήκασιν.
1002 365 1033 399 εἰ
1056 365 1125 410 γὰρ
1148 367 1279 400 τοῦτον
1299 366 1367 400 τὸν
1389 364 1498 411 ὅρκον
1522 368 1562 400 ἐν
1584 364 1817 423 ὑπομνήμασι
1840 368 2071 415 παράσχοιεν,
2101 366 2230 404 αὐτοὺς
2252 367 2293 403 οὗ
2309 369 2375 415 χρὴ
2400 373 2421 405 5

155 415 355 458 περαιτέρω
386 408 782 462 πολυπραγμονεῖσθαι.
830 405 944 442 οὐδεὶς
974 406 1014 443 δὲ
1043 407 1287 455 ὑπερβήσεται
1318 411 1361 446 τὸ
1390 414 1524 457 μέτρον
1551 412 1613 454 τῆς
1642 415 1815 458 ημετέρας
1847 411 2044 454 διατάξεως
2067 412 2248 460 προφάσει
2271 424 2381 459 σπορ-

154 455 294 491 τούλων
323 454 346 499 ἢ
378 453 599 489 δικαστικων
622 452 910 497 δαπανημάτων,
934 452 1003 497 τὴν
1022 456 1155 499 ποινὴν
1177 452 1439 500 εὐλαβούμενος
1461 455 1531 499 τὴν
1554 457 1781 502 ἐπικειμένην
1806 461 1880 493 τοῖς
1903 458 1949 492 τὰ
1971 459 2124 493 τοιαῦτα
2147 458 2380 504 πράττουσιν.

1128 555 1285 592 CAPUT
1310 557 1407 593 VIII.

287 619 385 657 Ἐπεὶ
417 620 458 656 δὲ
489 620 682 667 ἀρχόμενοι
711 622 790 655 τῶν
814 619 973 664 δεήσεων
995 620 1146 669 ᾔτησαν,
1168 620 1257 658 ciis-te
1276 627 1336 657 καὶ
1359 623 1429 667 τὴν
1452 623 1523 667 σὴν
1544 623 1723 679 ὑπεροχὴν
1745 629 1915 671 προνοεῖν
1938 622 2063 660 αὐτῶν
2088 629 2148 660 καὶ
2171 622 2381 671 ἀκροᾶσθαι

154 669 230 701 τῶν
254 664 473 702 ὑποθέσεων
495 668 574 701 τῶν
597 668 832 713 ἐπαγομένων
856 665 984 710 αὐτοῖς,
1017 670 1076 701 καὶ
1100 668 1137 702 εἴ
1151 680 1252 703 τινας
1277 668 1418 711 ἐνόχους
1441 670 1582 711 ἔχουσιν
1605 683 1626 712 η
1651 671 1768 716 ἕτεροι
1791 671 1901 715 [πρὸς]
1919 667 2056 713 αὐτούς,
2076 669 2221 705 τούτων
2237 667 2382 704 ἀκούειν

154 712 246 746 κατὰ
278 712 320 746 τὸ
347 714 411 746 τοῦ
442 711 555 746 ἰδικοῦ
588 709 759 745 δικαστοῦ
790 713 942 756 σχ“μα,,1
953 711 1014 746 διὰ
1051 714 1120 756 τὴν
1144 717 1226 758 περὶ
1249 712 1332 747 τοὺς
1355 713 1486 748 νόιιους
1508 710 1698 759 ἀκρίβειαν
1720 717 1779 748 καὶ
1804 717 1873 758 τὴν
1896 716 1960 750 τοῦ
1985 714 2124 750 δικαίου
2146 713 2298 771 τήρησιν
2320 717 2380 748 καὶ
2406 717 2448 750 10

154 758 195 790 τὸ
229 756 384 802 τρόπους
413 758 627 802 ἐξευρίσκειν
658 754 801 800 ῥᾳδίως,
856 755 877 789 ι’
914 756 968 791 ὡν
999 757 1117 797 ἔξεστι
1141 762 1202 792 καὶ
1234 758 1281 792 τὰ
1314 757 1384 804 σφό
1412 772 1458 804 ρα
1488 757 1667 794 δοκοῦντα
1690 757 1840 794 δι”ςκολά
1863 773 1904 794 τε
1926 763 1987 794 καὶ
2009 761 2141 806 ἑτέροις
2163 772 2229 794 ουκ
2252 758 2380 806 ἐφικτὰ

155 800 326 843 διαλύειν,
356 803 592 847 θεσπίζομεν,
623 802 717 835 κατὰ
746 801 792 835 τὰ
825 798 908 847 παρ’
935 798 1039 845 ἡμῶν
1062 803 1322 837 θεσπισθέντα
1345 806 1405 837 καὶ
1429 801 1635 849 ἀκροᾶσθαι
1654 801 1776 838 αὐτῶν
1800 805 1894 839 κατὰ
1915 804 1958 839 τὸ
1983 806 2047 840 τοῦ
2070 803 2183 839 ἰδικοῦ
2208 803 2380 839 δικαστοῦ
2436 829 2439 832 -

155 849 285 891 σχῆμα,
317 846 529 893 ἐναγόντων
560 859 600 881 τε
631 848 691 880 καὶ
721 847 962 892 ἐναγομένων,
993 850 1053 880 καὶ
1084 847 1132 882 τοὶ
1157 846 1402 901 παρῳχηκότα
1426 848 1612 882 διαθεῖναι
1635 848 1729 883 κατὰ
1752 847 1859 884 τόνδε
1881 849 1950 884 τὸν
1972 848 2099 895 νόμον,
2123 852 2183 884 καὶ
2206 848 2358 884 ‚tabam

155 890 204 925 ἅν
226 889 353 937 ὀρθῶς
377 892 471 934 ἐχειν
495 890 662 935 συνίδοις,
681 894 741 924 καὶ
763 893 829 925 τοῦ
853 891 1043 935 μέλλοντος
1067 897 1247 938 προνοεῖν,
1271 891 1359 928 ῶςτε
1381 896 1643 950 νενομισμένην
1666 893 1749 928 τινὰ
1773 897 1832 929 καὶ
1857 898 2068 941 πρέπουσαν
2090 893 2271 939 βοήθειαν
2294 905 2370 937 παρ

155 935 260 980 ἡμῶν
291 935 409 971 αὐτοῖς
439 935 671 979 ἐπιδοθῆναι.
720 934 776 970 δεῖ
803 936 874 992 γὰρ
906 937 988 971 τοὺς
1011 937 1153 980 ἐνόχους
1175 941 1381 985 γινομένους
1403 936 1495 984 ὑπὲρ
1515 939 1694 973 απάντων
1717 942 1776 972 καὶ
1798 943 1988 985 χρησίμους
2011 940 2152 983 έκάστῳ
2177 939 2380 985 φαίνεσθαι
2407 941 2448 974 15

155 979 379 1016 σπεύδοντας
410 985 469 1016 καὶ
501 982 682 1028 ἐξαιρέτου
713 981 813 1015 τινὸς
845 980 1049 1016 απολαῖσαι
1080 984 1265 1027 βοηθείας.
1312 984 1468 1018 πάντων
1499 981 1636 1037 δηλαδὴ
1669 985 1747 1018 τῶν
1766 997 1805 1018 τε
1824 986 1893 1019 νῦν
1915 986 1993 1019 τῶν
2015 997 2056 1019 τε
2079 981 2209 1030 πρώην
2231 995 2381 1029 πεπορι-

155 1029 301 1071 σμένων
334 1024 454 1061 αὐτοῖς
484 1027 508 1070 ἢ
539 1027 578 1067 ἐξ
600 1024 783 1071 ἡμετέρων
806 1025 933 1071 νόμων
957 1024 979 1070 ἢ
1003 1029 1042 1061 ἐκ
1065 1029 1184 1062 θείων
1208 1030 1472 1075 πραγματικῶν
1495 1041 1635 1071 τυπων,
1659 1027 1840 1075 ἀκεραίων
1864 1029 2156 1075 φυλαττομένων,
2177 1031 2237 1063 καὶ
2259 1028 2383 1074 χώραν

157 1069 319 1114 ἐχόντων
340 1073 403 1105 ἐπί
425 1085 465 1106 τε
489 1074 567 1106 τῶν
585 1074 905 1117 προγεγενημένων
930 1072 1083 1117 φάκτων
1108 1075 1171 1109 ἐπί
1189 1087 1229 1108 τε
1251 1075 1330 1108 τῶν
1380 1074 1443 1108 ετὰ
1469 1074 1586 1108 ταῦτα
1604 1076 1870 1128 γενησομένων.

288 1114 575 1163 <Ἐπίλογος.>
629 1116 679 1149 Τὰ
708 1120 831 1151 τοίνυν
863 1117 1107 1162 παραστάντα
1139 1116 1227 1163 ἡμῖν
1259 1121 1318 1152 καὶ
1343 1087 1403 1152 δῖα
1422 1116 1529 1153 τοῦδε
1555 1130 1619 1152 του
1642 1118 1748 1153 θείου
1770 1120 2020 1166 πραγματικοῦ
2046 1116 2246 1164 δηλούμενα
2269 1115 2383 1163 νόμον

154 1157 176 1204 ἥ
198 1175 238 1196 τε
261 1162 306 1206 σὴ
330 1160 521 1204 ένδοξότης
545 1164 606 1196 καὶ
630 1162 701 1196 πᾶς
725 1159 895 1205 δικαστὴς
918 1164 1036 1209 ἕτερος
1058 1164 1122 1207 τῆς
1145 1164 1315 1210 ἡμετέρας
1338 1162 1519 1199 πολιτείας
1541 1166 1676 1208 βέβαια
1699 1162 1907 1210 φυλαξάτω.
2405 1165 2450 1199 20

1250 1323 1300 1332 n·—

1264 1333 1278 1364 1

948 1398 1126 1450 ΠΕΡΙ
1176 1397 1590 1454 ΤΑΞΕῼΤῼΝ.

291 1475 602 1522 (Προοίμιον.)
654 1474 725 1519 Τὴν
754 1476 833 1511 τῶν
865 1476 1071 1522 ἐπιχωρίων
1101 1476 1299 1517 ταξεωτῶν
1331 1475 1536 1521 ἐπιβουλήν,
1567 1473 1613 1520 ἢν
1642 1480 1725 1523 περὶ
1755 1476 1798 1512 τὸ
1825 1475 1999 1522 δημόσιον
2022 1478 2173 1521 ἔχουσιν,
2198 1477 2238 1519 ἐξ
2261 1474 2384 1512 abrah

156 1520 322 1556 πολλάκις
346 1526 508 1569 ἔγνωμεν
532 1522 609 1555 τῶν
634 1521 869 1567 πραγμάτων.
1170 1565 1328 1602 CAPUT
1350 1565 1369 1601 I

288 1630 434 1676 Ἐπειδὴ
465 1636 589 1667 τοίνυν
619 1630 865 1676 ἐδιδάχθημεν
896 1635 956 1666 καὶ
985 1633 1092 1666 τοῦτο
1120 1635 1161 1666 ἓν
1191 1633 1284 1668 εἶναι
1317 1634 1379 1676 τῆς
1400 1632 1524 1668 αὐτῶν
1548 1631 1790 1678 θρασύτητος,
1816 1634 1857 1669 τὸ
1881 1634 1928 1669 τὰ
1951 1633 2110 1678 δημόσια
2131 1635 2199 1678 μὲν
2222 1635 2263 1667 ἐν
2285 1635 2383 1689 χερσὶ
2406 1636 2449 1670 25

156 1677 368 1722 λαμβάνειν,
399 1680 471 1712 ἔσω
504 1676 544 1712 δὲ
568 1679 646 1711 τῶν
677 1677 786 1724 ἱερῶν
817 1682 963 1724 χωρίων
994 1677 1140 1712 ἑαυτοὺς
1166 1677 1436 1725 κατακρύπτειν
1466 1681 1527 1712 καὶ
1557 1679 1703 1714 οἴεσθαι
1733 1679 1849 1727 ταύτῃ
1873 1677 2140 1725 διαδιδράσκειν
2162 1678 2227 1714 τὰς
2250 1679 2269 1712 ἑ
2329 1676 2385 1712 αἶς

155 1722 391 1766 εὐθυνθῆναι
422 1722 553 1757 δίκαιοι
581 1722 787 1757 καθεστᾶσι
817 1722 955 1765 ποινάς,
987 1723 1214 1768 θεσπίζομεν
1241 1738 1256 1755 ε
1275 1738 1291 1755 ιι
1310 1738 1325 1755 ι
1353 1723 1423 1767 τὴν
1455 1723 1523 1767 σὴν
1547 1721 1726 1770 ὑπεροχήν
1749 1726 1869 1769 (τοῦτο
1891 1721 1985 1771 ὅπερ
2009 1723 2053 1769 δὴ
2077 1727 2137 1758 καὶ
2160 1726 2234 1759 τοῖς
2288 1735 2384 1769 εοφι·

291 1813 494 1847 EdictumX
520 1813 645 1847 Graece
674 1820 794 1847 tantum
819 1820 906 1847 extat
929 1814 962 1846 in
987 1813 1036 1846 M.

158 1957 331 1994 adversus
362 1956 529 1992 mulieres
556 1956 641 2001 fieri
670 1955 866 2001 coeqerint,
899 1954 994 1990 liunc
1023 1954 1218 1990 secundum
1239 1955 1355 2008 quem
1377 1966 1428 1992 ex
1447 1956 1494 1992 iis
1515 1957 1684 1999 sentiant,
1707 1957 1759 1992 ita
1782 1960 1823 1993 ut
1846 1956 1946 1993 nullo
1976 1967 2132 2005 prorsus
2154 1956 2298 1999 damno,
2321 1956 2388 2003 qui

159 2006 179 2039 1
224 2001 461 2049 protulerint,
490 2011 540 2036 ex
562 2000 773 2047 prolatione
804 2000 912 2046 affici
940 2000 1196 2036 concedantur.
1244 2000 1310 2036 Sin
1341 2005 1461 2036 autem
1484 2001 1794 2048 antisynqraplzas
1816 2002 1866 2037 ad
1887 2003 2032 2048 aliquos
2059 2002 2308 2048 confessiones
2330 2000 2387 2037 vel

159 2047 390 2083 liberationes
420 2046 476 2082 vel
506 2046 686 2091 quaelibet
704 2048 817 2092 pacta
849 2045 1087 2091 exposuerint
1115 2050 1181 2080 aut
1210 2045 1318 2080 etiam
1343 2046 1500 2092 posthac
1530 2051 1730 2093 exponant,
1754 2051 1790 2082 et
1813 2058 1907 2093 quae
1930 2047 2031 2094 apud
2054 2047 2153 2094 ipsos
2175 2049 2386 2082 manserunt

159 2093 270 2129 variis
293 2092 408 2127 modis
423 2092 616 2137 perierint,
641 2100 702 2126 eos
725 2091 790 2136 qui
810 2089 1105 2137 antisynqraplza
1128 2089 1269 2132 liabent,
1295 2101 1339 2126 ea
1354 2092 1535 2138 proferre
1561 2095 1628 2127 aut
1649 2092 1900 2127 iusiurandum
1924 2091 2013 2128 dare
2035 2103 2074 2128 se
2097 2091 2191 2127 nihil
2209 2090 2388 2128 eiusmodi

159 2138 288 2173 nabere
319 2141 383 2172 aut
411 2136 585 2182 proferre
609 2146 731 2182 posse.
779 2135 820 2170 Si
849 2136 942 2171 enim
973 2133 1043 2170 ltoc
1066 2134 1318 2170 iusiurandum
1342 2136 1444 2182 apud
1466 2140 1550 2172 acta
1567 2137 1832 2183 praestiterint,
1856 2147 1931 2172 non
1954 2137 2107 2173 ulterius
2129 2146 2191 2172 eos
2220 2135 2385 2172 molestia

159 2183 264 2228 affici
289 2185 442 2227 oportet.
491 2180 605 2216 Nemo
630 2191 714 2217 vero
739 2180 889 2216 excedet
912 2184 1062 2216 nostrae
1084 2180 1351 2215 constitutionis
1374 2180 1517 2216 modum
1532 2182 1596 2217 sub
1610 2185 1809 2228 praetextu
1823 2181 2073 2229 sportularum
2089 2181 2147 2218 vel
2160 2180 2384 2217 iudicialium

159 2237 414 2274 expensarum,
436 2237 593 2272 poenam
617 2226 761 2268 veritus,
785 2236 879 2271 quae
904 2225 994 2261 talia
1018 2224 1318 2261 committentibus
1341 2225 1508 2262 imminet.

293 2271 391 2307 VIII.
439 2270 616 2314 Quoniam
647 2281 731 2306 vero
763 2270 801 2305 in
830 2280 978 2316 precum
1002 2269 1159 2305 exordio
1181 2269 1374 2316 petierunt,
1410 2274 1451 2306 ut
1482 2271 1589 2307 etiam
1614 2274 1676 2306 tua
1700 2270 1916 2307 excellentia
1937 2270 2007 2306 sibi
2028 2269 2221 2317 provideat
2247 2273 2284 2306 et
2305 2268 2386 2306 lites

159 2317 248 2364 ipsis
271 2316 395 2352 illatas
417 2316 554 2358 audiat,
576 2320 611 2350 et
633 2316 666 2350 si
689 2325 779 2361 quos
801 2315 982 2361 obliqatos
1005 2314 1162 2350 babeant
1185 2318 1251 2350 aut
1273 2314 1338 2350 alii
1361 2316 1474 2361 ipsos,
1499 2315 1556 2351 liis
1577 2316 1643 2351 sub
1664 2315 1790 2362 forma
1811 2315 1982 2362 specialis
2003 2314 2135 2350 iudicis
2163 2313 2384 2352 audientiam

157 2362 349 2410 praebeat,
379 2365 539 2407 propter
567 2360 730 2396 subtilem
763 2360 880 2405 lequm
912 2360 1152 2406 coqm'tionem
1183 2363 1218 2395 et
1249 2359 1337 2395 iusti
1362 2360 1646 2396 observationem
1679 2364 1714 2395 et
1740 2359 2102 2406 facilem·rationum
2134 2359 2384 2402 inventionem,

161 2408 288 2453 quibus
318 2417 412 2452 quae
443 2405 545 2441 valde
575 2405 748 2451 diflicilia
779 2405 945 2441 videntur
974 2408 1010 2440 et
1043 2404 1088 2439 ab
1112 2404 1195 2439 aliis
1218 2414 1292 2439 non
1316 2405 1546 2440 inveniuntur
1569 2404 1718 2441 dissolvi
1741 2408 1887 2450 queant,
1910 2404 2102 2446 sancimus,
2126 2408 2167 2439 ut
2189 2402 2384 2440 secundum

160 2465 214 2495 ca,
246 2463 340 2497 quae
370 2462 394 2486 a
425 2451 527 2486 nobis
557 2450 753 2486 constituta
784 2454 880 2492 sunt,
916 2452 950 2485 et
981 2449 1112 2484 audias
1140 2459 1203 2485 eos
1225 2449 1299 2485 sive
1322 2454 1466 2485 actores
1485 2454 1571 2485 sunt
1592 2451 1665 2486 sive
1688 2451 1742 2485 rei
1766 2449 1804 2484 in
1827 2448 1997 2496 specialis
2019 2449 2148 2485 iudicis
2170 2447 2326 2491 modum,
2349 2451 2385 2484 et

158 2497 359 2543 praeterita
389 2495 583 2531 seeundum
615 2494 709 2530 lianc
741 2494 853 2540 leqem
877 2504 1086 2540 componas,
1110 2497 1146 2529 et
1168 2493 1465 2539 quemadmodum
1488 2505 1642 2540 aequum
1667 2495 1730 2530 tibi
1754 2493 1941 2537 videbitur,
1966 2494 2074 2529 etiam
2095 2493 2235 2540 suturis
2257 2502 2384 2529 euram

161 2541 343 2582 adhibeas,
367 2544 406 2574 ut
430 2540 624 2584 leqitimum
649 2539 831 2585 quoddam
854 2549 899 2574 ac
923 2539 1137 2574 conveniens
1160 2549 1183 2573 a
1207 2538 1309 2574 nobis
1331 2540 1383 2574 eis
1406 2540 1587 2575 tribuatur
1609 2539 1800 2575 auxilium.
1847 2540 2008 2585 Aequum
2033 2542 2087 2574 est
2109 2538 2202 2574 enim
2225 2548 2297 2580 eos,
2347 2537 2385 2573 ui

158 2598 229 2632 pro
261 2586 424 2621 omnibus
455 2596 493 2620 se
527 2585 755 2631 obstrinqunt
784 2584 1016 2629 omnibusque
1048 2583 1155 2619 utiles
1183 2594 1222 2619 se
1251 2582 1422 2620 exhibere
1451 2583 1613 2629 student,
1648 2584 1755 2620 etiam
1786 2583 1922 2620 eximio
1953 2583 2078 2638 aliquo
2108 2583 2192 2628 frui
2218 2583 2313 2618 auxi
2331 2585 2386 2624 ’05

161 2631 324 2666 omnibus
347 2630 521 2672 videlicet,
553 2641 646 2676 quae
674 2634 711 2665 et
733 2629 801 2664 boc
825 2633 983 2675 tempore
1006 2632 1042 2663 et
1065 2628 1149 2663 olim
1173 2633 1237 2664 aut
1259 2629 1395 2665 nostris
1417 2628 1555 2676 leqibus
1578 2633 1644 2665 aut
1665 2628 1782 2664 sacris
1798 2628 2039 2675 praqmaticns
2059 2628 2192 2674 formis
2215 2637 2385 2664 concessa

161 2677 207 2711 iis
229 2679 322 2718 sunt,
345 2675 581 2710 incolumibus
602 2675 764 2715 servatis,
788 2679 823 2709 et
846 2674 884 2708 in
907 2674 965 2716 iis,
989 2683 1082 2719 quae
1105 2677 1212 2708 antea
1234 2673 1341 2718 facta
1364 2680 1449 2709 sunt
1471 2678 1507 2710 et
1530 2684 1622 2720 quae
1640 2673 1798 2720 posthac
1817 2673 1919 2718 fient,
1943 2673 2059 2709 locum
2083 2671 2304 2717 habentibus.

298 2719 537 2766 Epiloqus.
585 2719 683 2761 Quae
713 2719 827 2763 iqitur
861 2719 966 2754 nobis
989 2718 1210 2764 placuerunt
1240 2728 1285 2752 ac
1310 2728 1383 2765 per
1412 2718 1507 2754 lianc
1535 2729 1679 2754 sacram
1706 2718 1974 2765 praqmaticam
2002 2717 2237 2754 declarantur
2259 2717 2384 2764 leqem,

163 2770 197 2801 et
220 2765 341 2811 qloria
367 2770 427 2799 tua
451 2769 485 2799 et
509 2764 657 2810 quilibet
679 2764 775 2799 alius
797 2763 1017 2810 reipublicae
1039 2766 1187 2798 nostrae
1210 2763 1324 2799 iudex
1343 2763 1453 2808 firma
1476 2767 1671 2800 conservet.

916 2986 1018 3037 DE
1075 2920 1627 3038 COHOZTALIBUS.

297 3067 564 3114 Praefatio.
612 3064 894 3100 Prouincialium
925 3064 1164 3101 cohortalium
1195 3065 1334 3109 dolum,
1365 3076 1469 3112 quem
1498 3065 1596 3100 circa
1624 3065 1752 3109 fiscum
1783 3064 1933 3107 habent,
1963 3074 2014 3100 ex
2036 3064 2126 3111 ipsis
2145 3074 2256 3112 saepe
2277 3064 2384 3101 rebus

163 3125 552 3202 coqnovfmlijuoniam
576 3155 690 3202 iqitur
712 3154 819 3189 etiam
843 3153 911 3189 hoc
933 3165 1042 3189 unum
1065 3155 1226 3200 ipsorum
1251 3153 1427 3191 audaciae
1449 3157 1560 3199 caput
1582 3163 1659 3189 esse
1674 3152 1794 3188 edocti
1811 3163 1945 3195 sumus,
1969 3152 2070 3199 quod
2080 3153 2224 3199 fiscalia
2240 3153 2383 3200 quidem

163 3208 200 3241 in
232 3214 361 3241 manus
391 3202 586 3249 accipiunt,
614 3199 678 3235 sed
707 3199 807 3234 intra
837 3209 944 3234 sacra
977 3198 1057 3234 loca
1089 3210 1128 3234 se
1159 3199 1343 3235 occultant
1366 3202 1401 3234 et
1423 3198 1590 3234 videntur
1612 3197 1681 3232 sibi
1704 3197 1772 3232 bac
1795 3198 1938 3234 ratione
1953 3208 2109 3245 poenas,
2130 3198 2260 3244 quibus
2281 3197 2384 3246 diqni

162 3256 246 3286 sunt
277 3250 340 3296 qui
370 3250 605 3294 castiqentur‚
635 3244 808 3290 effuqere,
834 3243 1028 3285 sancimus,
1061 3243 1113 3287 (id
1134 3243 1235 3290 quod
1256 3244 1364 3279 etiam
1387 3242 1446 3278 dei
1468 3242 1723 3278 amantissimis
1739 3242 2012 3289 provinciarum
2035 3242 2214 3290 episcopis
2235 3243 2382 3290 scripsi·

213 3398 228 3430 1
255 3393 412 3438 λαβῆναι
436 3394 481 3427 Μ
508 3392 521 3437 ΙΙ
554 3396 573 3427 5
598 3389 679 3425 οὔτε
700 3391 750 3432 M,
775 3390 902 3423 correxi
932 3389 944 3433 ss
978 3389 998 3421 6
1023 3386 1238 3430 διατάξεως]
1307 3398 1476 3422 sacrarum
1507 3389 1713 3431 Iarqitionum
1731 3390 1945 3431 pertinuerint
1971 3390 2226 3432 arqentariorum
2248 3401 2378 3425 causas.

171 3443 247 3475 Cod.
265 3441 296 3481 3,
314 3441 344 3481 2,
358 3448 374 3474 5
399 3438 412 3482 11
437 3441 457 3472 9
483 3436 573 3482 πρὸς
594 3438 655 3470 del.
674 3435 839 3480 Aqylaeus
856 3434 868 3478 ΙΙ
897 3435 937 3469 12
962 3432 1184 3476 θεσπίζομέν
1200 3443 1240 3466 σε
1312 3433 1408 3472 Quod
1424 3445 1542 3476 parum
1559 3440 1675 3466 certum
1693 3446 1759 3467 esse
1774 3434 1866 3467 vides
1882 3445 1920 3467 ει·
1933 3434 1981 3467 ed.
1994 3433 2065 3467 Vll
2077 3446 2102 3468 c.
2117 3434 2137 3467 6
2153 3433 2166 3477 Π
2186 3435 2227 3469 23
2245 3432 2379 3474 ταξεω-

165 3486 363 3526 ΖαεΙιανίαε,
386 3485 470 3527 sort.
494 3496 555 3526 pro
587 3476 710 3515 αὐτῶν
740 3476 856 3522 αὐτὴν
877 3480 1042 3523 leqendum
1063 3478 1076 3521 ΙΙ
1107 3479 1147 3512 16
1172 3478 1239 3511 νῦν
1307 3477 1384 3511 τῶν
1404 3478 1581 3521 Aqylaeus]
1606 3475 1812 3521 βουλευτῶν
1832 3478 1878 3512 Μ
1888 3478 1901 3522 ss
1929 3479 1971 3513 26
1995 3479 2102 3512 malim
2126 3474 2185 3523 ὑφ’
2212 3476 2265 3512 αἶς
2288 3484 2301 3521 u
2325 3490 2378 3512 ειε-

164 3531 240 3563 τῶν
253 3530 430 3574 Aqylaeus]
454 3527 599 3561 ναυτῶν
617 3527 662 3560 Μ
671 3526 684 3569 ΙΙ
702 3527 744 3559 20
769 3526 850 3558 data
872 3531 920 3558 est
941 3531 1040 3558 const.
1066 3530 1149 3557 certe
1165 3530 1239 3556 ante
1307 3524 1423 3556 cidisse
1435 3524 1615 3566 putaverim
1633 3524 1760 3566 aliquid
1776 3524 1934 3557 eiusmodi
1939 3536 1951 3557 .-
1973 3519 2070 3565 τῷδε
2090 3523 2143 3566 τῷ
2163 3522 2257 3566 θείῳ
2272 3519 2378 3566 τόπῳ

168 3576 360 3609 Triboniani
384 3580 510 3607 mortem
527 3575 570 3614 (a.
584 3573 685 3613 545)‚·
703 3573 906 3605 recentiorem
922 3575 1020 3603 const.
1038 3568 1182 3602 C'XXX
1192 3567 1243 3600 VI
1305 3566 1480 3611 χρώμενοι
1497 3565 1595 3611 πρὸς.
1635 3568 1715 3601 Post
1730 3563 1907 3613 ὑπεροχὴν
1921 3569 2051 3613 supplet
2065 3568 2252 3603 Zachariae
2275 3576 2378 3613 προς·

164 3622 208 3660 (k.
223 3620 330 3663 April.
357 3632 386 3652 a.
402 3620 479 3660 536)
501 3625 596 3662 putat
611 3617 811 3657 Zachariae,
835 3615 923 3659 quod
942 3621 1005 3647 tum
1030 3614 1076 3646 ad
1098 3613 1236 3646 comitem
1304 3610 1426 3653 τάξεσι
1450 3612 1610 3657 χρῆσθαι
1634 3612 1734 3647 κατὰ.
