2592 3840
267 107 374 180 Νον.
405 107 585 151 LXXIV
619 112 637 149 1

267 214 416 253 δίδωσιν
437 211 476 253 οὗ
495 218 614 253 ποιῶν
637 215 657 253 ὁ
681 218 797 263 νόμος.
846 221 923 255 ταῖς
942 218 1125 257 τοιαύταις
1148 213 1214 255 οὖν
1240 218 1336 256 ἀντι-

265 260 452 305 τάξασθαι
483 266 622 307 τέχναις
653 263 764 307 νόμου
787 264 1014 308 καθέστηκεν
1044 263 1139 301 'tame
1161 262 1339 314 ἀκριβοῦς,

267 305 308 343 ἓν
333 310 372 343 ἐν
394 310 449 352 τῷ
473 308 628 358 παρόντι
652 310 815 354 τίθεμεν.

1330 108 1417 155 372

1865 124 2027 163 QUIBUS
2057 124 2191 157 MODIS
2221 125 2485 159 NATURALES

1408 221 1503 266 quod
1526 221 1688 266 patribus
1714 197 1776 257 dat
1803 222 1894 258 bene
1917 222 2052 259 faciens
2077 223 2144 260 lex.
2192 217 2340 260 Talibus
2363 225 2484 270 itaque

1409 267 1574 302 resistere
1593 268 1731 303 artibus
1747 267 1834 312 legis
1859 272 1913 304 est
1936 269 2120 314 proprium
2144 269 2296 314 subtilis,
2317 280 2423 316 quam
2446 271 2483 306 in

1407 313 1588 357 praesenti
1611 313 1801 349 sancimus.
2166 323 2169 327 ’

1271 447 1426 485 CAPUT
1453 448 1483 484 I.

311 525 364 559 Εἴ
392 536 444 558 τις
475 518 538 559 οὖν
569 521 631 558 οὐκ
659 525 753 567 ἔχων
785 523 915 560 παῖδας
943 529 1122 571 νομίμους,
1146 526 1279 562 νόθους
1303 525 1342 561 δὲ

258 567 389 614 μόνον,
414 567 542 603 αὐτοὺς
561 571 627 613 μὲν
643 573 809 615 γνησίους
830 567 1059 613 ποιήσασθαι
1073 563 1254 617 βούλεται,
1276 572 1342 616 τὴν

264 618 415 662 γυναῖκα
445 613 483 649 δὲ
506 611 527 658 ἢ
551 611 614 648 otu
638 617 711 657 ἔχοι
735 614 924 650 παντελῶς
953 612 974 659 ἢ
997 615 1061 652 οὐκ
1085 615 1341 663 ἀναμάρτητον

265 659 287 704 ἢ
316 659 357 695 οὐ
386 662 608 705 φαινομένην
638 662 711 702 ἔχοι
743 657 765 703 ἢ
793 659 884 697 κατά
919 674 955 696 τι
985 659 1140 707 νόμιμον
1175 661 1264 711 πρὸς
1297 663 1340 697 τὸ

266 708 486 739 συνοικέσιον
510 702 823 749 ἑμποὸιζομένην,“
841 704 988 751 δίδομεν
1012 704 1111 751 αύτῷ
1132 712 1340 756 ’παρρησίαν

265 751 348 798 ξένῃ
380 753 453 785 τινὶ
484 753 544 784 καὶ
567 751 635 784 νῦν
659 751 875 806 έξηυρημένῃ
909 750 999 799 παρ’
1026 750 1129 798 ἡμῶν
1152 752 1226 797 ὁδῷ
1252 754 1341 801 πρὸς

1455 526 1494 563 Si
1517 527 1596 571 quis
1621 537 1704 572 ergo
1728 539 1801 564 non
1823 529 1961 565 habens
1979 528 2073 570 filios
2091 528 2278 573 legitimos,
2303 529 2483 565 naturales

1377 576 1396 608 5
1411 574 1531 608 autem
1547 573 1804 618 tantummodo,
1824 574 1922 620 ipsos
1935 574 2077 620 quidem
2092 584 2177 611 suos
2189 574 2309 612 facere
2321 574 2482 617 voluerit,

1410 618 1604 660 mulierem.
1620 628 1703 654 vero
1734 623 1798 655 aut
1827 630 1901 659 non
1933 620 2043 656 habet
2073 620 2232 665 penitus,
2269 623 2334 655 aut
2357 620 2485 666 <qua-e>

1409 674 1482 700 non
1505 663 1580 699 sine
1605 663 1733 700 delicto
1762 665 1810 701 sit
1841 668 1905 701 aut
1933 675 2027 711 quae
2057 676 2129 702 non
2159 669 2334 719 appareat
2352 664 2484 702 habeat

1409 711 1473 745 aut
1485 709 1680 749 secundum
1693 710 1871 754 quandam
1890 711 2002 755 legem
2025 710 2072 746 ad
2094 711 2356 748 matrimonium
2378 719 2483 755 prae-

1408 755 1582 800 peditam,
1618 754 1742 798 damus
1772 756 1806 792 ei
1836 755 2005 792 fiduciam
2034 766 2128 793 nova
2151 756 2311 801 quadam
2328 757 2366 791 et
2386 765 2484 798 nunc

263 799 429 850 γνησίους
452 793 606 850 ’ἀγαγεῖν
635 807 715 831 τους
746 797 895 851 νόθους,
924 795 1064 853 ,δηλαδὴ
1086 803 1248 846 γνησίων
1278 803 1339 834 ἐπὶ
1355 802 1396 835 10
1408 799 1598 836 adinventa
1617 810 1640 835 a
1662 801 1767 836 hobis
1790 801 1847 838 via
1869 802 1916 837 ad
1938 801 2172 855 legitimorum
2198 802 2255 838 ius
2286 800 2486 847 perducere

264 855 341 876 των
365 854 541 875 τοιουτων
564 841 739 886 θεμάτων
767 839 830 878 οὐκ
852 855 982 878 οντων.
1033 855 1147 891 ωςπερ
1170 845 1238 892 γὰρ
1261 846 1339 879 ἔστι

227 888 232 893 ’
264 898 317 921 τις
340 889 412 920 τοῖς
436 886 506 933 πρὸ
539 884 643 932 ἡμῶν
667 887 898 935 ἐξηυρημένος
929 888 1062 934 τρόπος
1091 887 1129 925 ὃς
1159 890 1241 925 τούς
1271 888 1338 925 ἀπ-

264 931 471 979 ελευθέρους
502 931 549 966 εἰς
572 930 754 979 εὐγένειαν
779 932 866 981 ἄγει,
898 935 1165 983 προκαθαίρων
1188 937 1255 980 μὲν
1280 932 1341 969 αύ-

263 977 343 1012 τοὺς
362 977 465 1024 ἑτέρᾳ
489 980 563 1011 τινὶ
587 977 715 1025 πράξει
737 982 796 1012 καὶ
818 976 934 1014 διδοὺς
959 978 1078 1015 αὐτοῖς
1101 980 1143 1015 τὸ
1164 982 1242 1015 τῶν
1260 994 1338 1029 χρυ-

1409 845 1609 890 naturales,
1643 846 1770 891 procul
1800 846 1908 883 dubio
1933 857 2007 883 suls
2029 846 2067 883 in
2089 847 2222 884 talibus
2246 846 2388 883 casibus
2410 856 2484 883 non

1409 891 1653 927 existentibus.
1687 891 1787 927 Sicut
1802 892 1895 927 enim
1917 895 1971 928 est
1991 891 2134 937 quidam
2148 902 2172 930 a
2215 891 2483 929 raecedentibus

1408 936 1511 974 nobis
1532 935 1745 972 adinventus
1768 937 1894 973 modus
1916 937 1978 982 qui
2000 937 2148 976 libertos
2164 947 2187 974 a
2229 936 2484 983 ingenuitatem

1410 981 1564 1026 deducit,
1586 982 1849 1027 praemundans
1871 982 2013 1028 quidem
2037 992 2098 1018 eos
2121 982 2192 1020 alio
2219 982 2374 1027 quodam
2398 984 2484 1018 actu

264 1024 341 1057 σῶν
365 1020 569 1058 δακτυλίων
593 1021 744 1066 δίκαιον,
777 1020 928 1073 ὕστερον
953 1023 993 1059 δι’
1024 1027 1071 1060 εἰς
1092 1021 1206 1070 αὐτὴν
1229 1028 1395 1063 enar-15
1409 1030 1445 1063 et
1469 1027 1558 1064 dans
1583 1028 1634 1063 eis
1658 1037 1847 1064 aureorum
1869 1029 1926 1064 ius
1950 1027 2157 1071 mulorum,
2183 1030 2310 1073 postea
2331 1036 2414 1063 vero
2439 1026 2485 1062 ad

263 1066 363 1114 ἄγων
382 1067 454 1112 τὴν.
464 1067 574 1114 φύσιν
596 1068 664 1124 τὴν
681 1067 812 1103 δοῦλόν
829 1083 868 1103 τε
884 1073 944 1104 καὶ
960 1069 1088 1106 §lettre
1113 1085 1155 1106 ον
1180 1072 1218 1113 ἐξ
1236 1071 1340 1118 ἀρχῆς

262 1113 309 1158 μὴ
334 1112 582 1160 ὃιακρίνασαν,
616 1112 697 1148 αλλ’
724 1113 921 1163 ἐλευθέραν
945 1116 1012 1160 τὴν
1035 1085 1237 1163 aagendam)
1261 1130 1339 1153 ποι-

262 1162 446 1203 ησαμένην
474 1159 600 1206 γονήν·
637 1156 734 1194 οὕτω
765 1158 808 1204 δὴ
840 1164 900 1195 καὶ
921 1159 1018 1205 ἡμεῖς
1047 1164 1178 1205 τοῦτον
1208 1162 1251 1207 δὴ
1273 1163 1340 1197 τὸν

263 1204 400 1249 τρόπον
437 1206 652 1249 ἐπινοοῦμεν
688 1206 744 1249 τῷ
779 1204 974 1259 πρόιγματι.
1018 1209 1079 1242 καὶ
1116 1202 1248 1248 ἐξέστω
1284 1209 1337 1251 τῷ

1407 1074 1523 1118 ipsam
1546 1072 1725 1109 deducens
1749 1077 1926 1114 naturam,
1951 1083 2042 1118 quae
2057 1084 2197 1111 servum
2210 1077 2250 1110 et
2268 1073 2420 1109 liberum
2437 1072 2484 1108 ab

1407 1118 1509 1154 initio
1525 1129 1600 1154 non
1613 1119 1789 1162 discrevit,
1810 1119 1873 1155 sed
1888 1119 2037 1155 liberam
2054 1118 2207 1156 hominis
2221 1118 2308 1154 fecit
2329 1118 2483 1163 prolem:

1409 1164 1461 1199 sic
1495 1166 1532 1200 et
1566 1174 1632 1200 nos
1667 1165 1763 1200 hunc
1797 1164 1940 1201 modum
1976 1164 2216 1200 adinvenimus
2246 1172 2389 1201 causae.
2435 1162 2486 1198 Et

1407 1209 1530 1245 licebit
1544 1209 1581 1245 id
1596 1210 1700 1255 patri,
1717 1214 1758 1245 ut
1773 1210 1811 1245 in
1827 1210 1882 1246 his
1903 1210 1964 1255 qui
1984 1209 2117 1247 dudum
2136 1219 2159 1244 a
2172 1209 2277 1246 nobis
2294 1208 2380 1245 dicti
2400 1209 2486 1245 sunt

263 1253 375 1304 πατρὶ
405 1251 466 1305 ἐπὶ
495 1251 572 1284 τῶν
595 1250 809 1305 ἔμπροσθεν
833 1254 917 1306 ημῖν
951 1253 1150 1306 εἰρημένων
1178 1253 1338 1298 τρόπων,
1353 1257 1394 1290 20
1407 1255 1530 1299 modis,
1554 1256 1612 1291 vel
1631 1255 1737 1291 etiam
1758 1256 1792 1291 ‚si
1816 1256 1894 1301 quis
1918 1255 2011 1291 alter
2026 1255 2223 1291 occurrerit
2235 1254 2318 1292 talis
2338 1253 2486 1297 (multae

262 1309 283 1339 η
315 1298 375 1329 καὶ
408 1297 438 1329 εὶ
467 1307 519 1329 τις
549 1297 666 1341 ἔτερος
701 1308 901 1340 απαντησει
935 1309 1094 1333 τοιουτος
1129 1298 1255 1341 (πολλὰ
1289 1297 1338 1340 δέ,

262 1339 433 1388 καθάπερ
456 1341 625 1386 ἔφθημεν
649 1340 827 1385 εἰπόντες,
857 1342 901 1376 τὰ
925 1344 986 1387 τῆς
1015 1342 1154 1389 φύσεως
1177 1357 1338 1392 καινουρ-

261 1386 428 1433 γήματα),
460 1386 594 1427 ἐξέστω
620 1391 744 1421 τοίνυν
767 1386 937 1434 καθάπερ
969 1390 1107 1434 ὲῖγαμεν
1137 1391 1190 1433 τῷ
1216 1393 1338 1434 πατρί,

263 1432 361 1477 εἴπερ
384 1430 623 1487 γνησίαςηούκί
643 1430 811 1479 εὐποροίη
834 1435 950 1487 γρνῆς,
982 1433 1063 1469 τοὺς
1087 1433 1218 1470 παῖδας
1249 1433 1339 1469 ἀπο-

1408 1310 1560 1346 namque
1591 1301 1685 1336 sicut
1713 1300 1954 1346 praediximus
1985 1303 2139 1336 naturae
2169 1302 2255 1343 sunt
2282 1300 2486 1342 novitates),

1407 1346 1516 1382 liceat
1537 1346 1645 1391 igitur
1678 1346 1772 1384 sicut
1803 1346 1956 1382 diximus
1986 1346 2100 1391 patri,
2135 1345 2167 1381 si
2196 1344 2386 1390 legitimam
2411 1353 2486 1380 non

1408 1391 1540 1427 habeat
1563 1391 1732 1436 sobolem,
1756 1391 1848 1427 filios
1871 1391 2062 1427 restituere
2085 1394 2237 1429 naturae
2259 1394 2297 1426 et
2315 1390 2495 1435 antiquae.

1407 1437 1632 1482 ingenuitati,
1668 1438 1698 1474 si
1720 1447 1765 1473 ex
1788 1437 1903 1473 libera
1925 1438 1964 1474 ei·
1979 1436 2085 1479 fiant,
2120 1438 2158 1478 et
2182 1446 2267 1472 suos
2291 1435 2336 1471 de
2366 1439 2494 1471 cetero>

263 1479 486 1519 καταστῆσαι
510 1491 554 1524 τῃ
574 1490 683 1533 ,φυσει
703 1481 763 1512 καὶ
786 1491 830 1525 τῃ
855 1479 1006 1513 ανωθεν
1038 1477 1214 1527 εὐγενείᾳ,
1247 1481 1283 1515 εἴ
1299 1493 1339 1536 γε
1349 1484 1395 1518 ,25
1408 1486 1445 1518 et
1469 1483 1534 1518 sub
1565 1486 1744 1529 potestate
1774 1483 1918 1519 habere.
1966 1482 2093 1528 Neque
2123 1481 2218 1519 enim
2246 1491 2270 1517 ὃ
2298 1480 2486 1527 ΡΐίηῦὶΡίβ»

263 1522 302 1563 ἐξ
326 1522 518 1576 ἐλὲευθέρας
542 1537 639 1566 αυτῳ
664 1526 839 1571 γένοιντο,
871 1527 930 1558 καὶ
953 1528 1119 1572 γνησίους
1144 1526 1186 1561 τὸ
1211 1525 1340 1571 λοιπον

263 1572 322 1603 καὶ
345 1568 572 1612 υπεξουσίους
595 1571 700 1612 ἔχειν.
747 1566 858 1614 <ούδὲ
880 1569 948 1618 γὰρ
973 1571 1011 1612 ἐξ
1034 1568 1158 1619 ἀρχῆς,
1191 1569 1294 1615 ἡνίκα
1319 1569 1340 1614 ἦ

263 1612 382 1660 φύσις)
408 1612 686 1667 διεθεσμοθξτει
710 1617 783 1648 τοῖς
804 1612 1018 1671 ἀνθρωπείης
1032 1616 1137 1661 μόνη,
1158 1620 1246 1664 πρὶν
1261 1616 1342 1651 τους

1410 1528 1552 1572 quando
1577 1529 1655 1564 sola
1677 1532 1808 1564 natura
1832 1528 2018 1565 sanciebat
2042 1527 2260 1571 hominibus,
2295 1528 2487 1572 antequam
2527 1546 2532 1550 ·

1412 1573 1567 1618 scriptae
1590 1574 1819 1619 provenirent
1837 1574 1949 1618 leges,
1987 1573 2056 1609 fuit
2087 1572 2262 1619 quaedam
2285 1571 2487 1608 differentia

1411 1619 1585 1655 naturalis
1609 1623 1716 1665 atque
1739 1619 1896 1664 legitimi,
1922 1618 1984 1655 sed
2007 1618 2164 1663 antiquis
2186 1617 2398 1663 parentibus
2421 1626 2486 1652 an-

261 1659 442 1707 γραπτοὺς
473 1660 692 1705 εἰςφοιτησοιι
723 1659 869 1704 νόμους,
886 1675 946 1715 ,ην
969 1672 1021 1696 τις
1045 1659 1201 1716 διαφορὰ
1223 1662 1340 1697 νόθου
1409 1663 1500 1709 tiqui
1529 1664 1595 1700 filii
1622 1675 1705 1700 mox
1734 1667 1777 1700 ut
1806 1664 2050 1710 procedebant
2081 1664 2219 1700 fiebant
2251 1662 2430 1744 legtimis
2450 1665 2488 1698 et

262 1718 302 1738 τε
326 1707 385 1738 καὶ
406 1708 572 1758 γνησίου,
605 1703 694 1739 ἀλλὰ
717 1709 790 1739 τοῖς
813 1718 971 1761 πρωτοις
993 1718 1160 1755 γονευσιν
1184 1707 1220 1742 οἱ
1241 1711 1337 1761 πρῷ-
1353 1711 1396 1743 30
1410 1709 1504 1745 sicut
1533 1710 1571 1745 iu
1599 1710 1720 1746 liberis
1749 1714 1879 1748 natura
1903 1709 2044 1764 quidem
2065 1709 2197 1745 liberos
2230 1708 2288 1745 fec

262 1763 318 1784 τοι
343 1748 467 1784 παῖδες
491 1763 566 1794 αμα
589 1751 634 1797 τῇ
659 1749 806 1805 προόὸω
827 1763 998 1799 γεγονασι
1020 1751 1172 1799 γνήσιοι,
1195 1757 1255 1788 καὶ
1277 1751 1339 1788 ὡς·

263 1808 330 1842 περ
355 1797 416 1831 ἐπὶ
437 1796 516 1831 τῶν
543 1794 748 1843 ἐλευθέρων
770 1810 792 1840 η
815 1799 883 1841 μὲν
908 1795 1011 1843 φύσις
1042 1797 1250 1847 ἐλευθέρους
1278 1813 1338 1833 πε-

263 1844 412 1884 ποίηκεν
433 1838 607 1884 ἅπαντας,
628 1841 664 1875 οἱ
682 1840 831 1896 πόλεμοι
853 1840 893 1876 δὲ
911 1841 979 1886 τὴν
999 1841 1164 1878 δουλείαν
1183 1844 1337 1899 ἐξεῦρον,

1409 1755 1503 1790 bella
1523 1765 1605 1791 vero
1631 1755 1838 1792 servitutem
1868 1755 2143 1797 adinvenerunt,
2180 1753 2232 1790 sic
2263 1716 2487 1790 etiam'mfflsd
2512 1772 2517 1777 -

1409 1804 1538 1836 natura
1563 1801 1702 1845 quidem
1725 1800 1898 1846 legitimas
1919 1800 2091 1846 produxit
2107 1800 2260 1842 soboles,
2283 1802 2324 1835 at
2337 1808 2423 1835 vero
2439 1798 2487 1834 ad

1409 1846 1737 1891 concupiscentiam
1783 1846 1934 1883 diversio
1982 1841 2165 1882 naturales
2204 1845 2255 1880 eis
2293 1843 2485 1880 inmiscuit.

263 1884 357 1921 οὕτω
389 1884 583 1921 κάνταῦθα
610 1884 632 1931 ἦ
663 1889 730 1931 μὲν
748 1899 864 1934 ,φυσις
893 1892 1042 1935 γνησίας
1065 1888 1246 1937 προήγαγε
1275 1901 1338 1925 τας
1407 1891 1605 1937 Tamquam
1635 1902 1719 1936 ergo
1750 1891 1922 1928 similibus
1948 1890 2180 1937 >passionibus
2211 1889 2318 1925 factis
2343 1890 2489 1935 oportet

261 1932 381 1979 γονάς,
413 1930 435 1976 ἦ
460 1930 499 1966 δὲ
523 1933 570 1967 εἰς
594 1932 798 1977 ἐπιθυμίαν
822 1931 977 1987 ἐπιτροπὴ
1008 1934 1050 1969 τὸ
1074 1934 1193 1970 νόθον
1219 1934 1341 1969 αὐταῖς
1354 1937 1397 1971 35
1410 1937 1517 1972 etiam
1539 1936 1713 1975 medelam
1734 1948 1779 1973 ex
1801 1937 2076 1983 aequalitatibus
2099 1935 2266 1981 inveniri,
2289 1934 2387 1972 illam
2409 1934 2486 1980 qui·
2515 1951 2517 1954 ⁴

263 1977 563 2025 προςανεμάξατο.
613 1975 700 2013 ὥςτε
720 1975 858 2026 ὁμοίων
881 1992 959 2014 των
978 1979 1120 2015 παθῶν
1133 1983 1341 2027 γενομένων

264 2022 318 2057 δεῖ
339 2027 398 2057 καὶ
421 2023 488 2067 τὴν
509 2024 715 2071 θεραπείαν
739 2025 778 2061 ἐκ,
801 2025 879 2059 τῶν
898 2025 992 2058 ἴσων
1008 2025 1254 2072 ἐξευρεθῆναι,
1277 2026 1345 2070 τὴν

262 2071 328 2113 μὲν
352 2068 451 2116 παρὰ
475 2069 553 2103 τῶν
578 2069 648 2117 πρὸ
673 2068 777 2114 ἡμῶν
800 2068 868 2114 τὴν
892 2067 932 2104 δὲ
955 2068 1021 2117 ὑφ’
1048 2067 1164 2116 ἡμῶν.
1311 2081 1314 2083 ’

261 2205 438 2252 potiendi,
454 2206 496 2242 id
506 2206 606 2253 quod
613 2204 787 2252 patribus
811 2205 874 2241 lea:
889 2205 1018 2242 merito
1044 2205 1178 2246 tribuit.
1229 2203 1374 2243 Talibus
1396 2218 1410 2244 ι

262 2262 369 2296 quam
390 2261 429 2285 m
450 2252 635 2297 praesenti
652 2251 844 2291 sancimus.

396 2296 426 2331 I.
474 2295 518 2332 Si
538 2296 620 2343 quis
643 2296 757 2344 iqitur
780 2307 854 2333 non

1410 1982 1489 2020 dem
1511 1992 1534 2019 a
1556 1982 1848 2034 praecessoribus
1870 1983 2012 2026 nostris,
2036 1982 2131 2025 hanc
2154 1991 2236 2018 vero
2261 1990 2284 2017 a
2302 1980 2418 2018 nobis.

2393 2158 2479 2165 m

1411 2208 1512 2254 qitur
1535 2209 1674 2249 artibus
1697 2210 1864 2246 resistere
1883 2208 1974 2255 leqis
1994 2208 2187 2256 proprium
2208 2212 2264 2245 est
2285 2213 2488 2252 accuratae,

878 2296 1014 2333 liabens
1037 2275 1171 2334 liberos
1195 2297 1383 2344 leqitimOS,
1406 2298 1469 2335 sed
1491 2299 1680 2337 naturales
1704 2303 1855 2343 tantum,
1879 2311 1941 2336 eos
1965 2299 2107 2346 quidem
2138 2299 2318 2346 leyitimos
2338 2283 2507 2337 reddere*

262 2342 348 2385 vult,
368 2341 553 2378 mulierem
576 2345 695 2383 autem
719 2341 775 2378 vel
797 2342 942 2379 omnino
967 2354 1042 2379 non
1066 2342 1198 2380 habeat
1220 2343 1276 2381 vel
1298 2355 1392 2390 quae
1408 2344 1552 2392 probro
1576 2356 1651 2384 non
1671 2349 1799 2382 eareat
1822 2344 1878 2381 vel
1900 2356 1995 2392 quae
2017 2355 2092 2382 non
2115 2356 2163 2392 ap
2190 2348 2296 2381 areat
2315 2345 2373 2382 vel
2393 2356 2489 2392 quae

261 2388 455 2424 secundum
477 2387 636 2434 aliquam
660 2387 772 2434 leqem
793 2388 843 2424 ad
865 2388 1028 2442 nuptias·
1035 2388 1230 2435 faciendas
1248 2388 1487 2437 impediatur,
1521 2390 1701 2429 licentiam
1723 2390 1757 2426 ei
1779 2389 1908 2429 damus
1941 2401 2036 2428 nova
2067 2401 2116 2437 qu
2167 2401 2225 2426 am
2254 2390 2314 2426 via
2334 2394 2372 2427 et
2394 2401 2512 2427 nune

217 2450 220 2453 *
261 2433 474 2479 excoqz'tata
498 2444 521 2468 a
545 2432 649 2469 nobis
672 2433 723 2469 ad
745 2433 988 2480 leqitimorum
1013 2444 1069 2470 ius
1092 2433 1247 2471 ducendi
1270 2435 1468 2479 naturales,
1492 2436 1631 2473 scilicet
1660 2436 1694 2472 si
1716 2436 1867 2483 leqitimi
1897 2436 1937 2472 in
1967 2433 2142 2472 eiusmodi
2171 2435 2314 2471 casibus
2340 2440 2492 2483 praesto

262 2490 336 2514 non
356 2479 438 2516 sint.
475 2477 590 2514 Sicut
613 2479 706 2514 enim
729 2479 824 2515 ratio
849 2479 1026 2526 quaedam
1050 2484 1105 2517 est
1127 2492 1150 2515 a
1174 2480 1421 2522 decessoribus
1444 2481 1580 2518 nostris
1597 2482 1812 2528 excoqitata
1836 2492 1929 2527 quae
1952 2481 2139 2519 libertinos
2163 2480 2212 2517 ad
2233 2481 2492 2527 inqenuitatem

262 2524 371 2567 ducit,
396 2535 475 2559 cum
499 2535 562 2561 eos
581 2524 690 2571 prius
705 2535 779 2571 per
803 2524 914 2561 alium
938 2525 1117 2571 quendam
1141 2529 1261 2563 actum
1277 2531 1419 2574 purqet
1447 2526 1577 2573 detque
1607 2527 1653 2565 iis
1680 2527 1738 2564 ius
1761 2537 1956 2565 aureorum
1979 2526 2192 2570 anulorum,
2221 2525 2350 2564 deinde
2371 2531 2492 2565 auam

262 2570 333 2616 ipsi
361 2580 423 2605 eos
455 2574 608 2605 naturae
636 2571 823 2613 restituat,
859 2581 953 2617 quae
983 2581 1123 2607 servum
1161 2574 1197 2607 et
1226 2571 1377 2608 liberum
1408 2573 1452 2609 ab
1485 2572 1590 2609 initio
1621 2583 1696 2608 non
1725 2571 1913 2616 discrevit,
1945 2572 2010 2609 sed
2039 2572 2189 2609 liberam
2218 2572 2311 2617 feeit
2338 2570 2493 2610 bominis

256 2615 421 2661 prolem.-
446 2615 499 2651 ita
522 2615 594 2650 iam
618 2626 686 2651 nos
707 2626 852 2661 quoque
874 2615 970 2651 buno
993 2615 1138 2653 modum
1162 2616 1218 2654 illi
1240 2627 1374 2655 causae
1395 2618 1595 2656 statuimus.
1642 2618 1762 2664 Atque
1785 2617 1893 2655 liceat
1906 2617 2014 2664 patri
2034 2617 2075 2653 in
2097 2616 2214 2653 modis
2237 2627 2260 2653 a
2283 2616 2386 2653 nobis
2407 2621 2494 2654 ante

263 2660 380 2702 dictis,
412 2659 467 2696 vel
496 2660 603 2695 etiam
634 2661 672 2695 si.
697 2660 780 2707 quis
811 2662 888 2697 eius
916 2662 1062 2708 qeneris
1091 2662 1186 2698 alius
1216 2662 1390 2699 acciderit
1418 2663 1544 2707 (multa
1577 2665 1688 2707 enim,
1725 2662 1826 2699 siout
1841 2673 1957 2709 supra
1979 2662 2152 2705 diximus,
2183 2673 2207 2698 a
2229 2665 2364 2707 natura
2387 2662 2510 2698 inno--

263 2710 424 2757 vantur),
456 2704 563 2740 liceat
585 2705 699 2757 iqitur
721 2705 775 2757 uti
798 2705 1003 2758 dicebamus
1023 2708 1145 2753 patri,
1176 2708 1208 2743 si
1232 2708 1375 2788 quidem
1399 2708 1580 2755 leqitimae
1600 2707 1739 2744 subolis
1770 2708 1879 2755 copia
1901 2707 1935 2744 ei
1957 2718 2031 2743 non
2053 2708 2117 2750 sit,
2149 2707 2282 2744 liberos
2303 2706 2492 2743 resumere
2527 2739 2531 2744 .

263 2750 446 2787 natalibus
470 2754 506 2786 et
528 2754 701 2797 antiquae
724 2752 954 2797 znqenuitatn,
977 2752 1010 2787 si
1032 2752 1140 2788 modo
1163 2764 1213 2789 ex
1251 2753 1352 2791 ibera
1375 2754 1411 2790 ei
1431 2754 1511 2790 nati
1533 2754 1619 2796 sint,
1643 2756 1678 2789 et
1701 2753 1879 2799 leqitimos
1900 2753 1940 2789 in
1958 2756 2146 2799 posterum
2165 2762 2210 2788 ae
2227 2752 2294 2788 sub
2305 2755 2493 2799 potestate

264 2796 404 2832 habere.
453 2794 578 2842 Neque
601 2795 694 2831 enim
717 2807 740 2831 a
786 2797 953 2845 rineipio,
978 2807 1057 2834 cum
1081 2802 1216 2834 natura
1240 2797 1444 2835 hominibus
1465 2798 1547 2835 sola
1571 2798 1668 2845 leqes
1690 2797 1806 2842 daret,
1837 2801 2032 2844 antequam
2054 2797 2128 2833 sori
2156 2801 2214 2834 tae
2235 2796 2493 2837 inducerentur·

265 2842 372 2888 leqes,
396 2841 605 2887 differentia
627 2845 709 2876 erat
727 2852 751 2876 u
767 2841 804 2877 la
826 2842 922 2878 inter
945 2843 1149 2879 naturalem
1172 2847 1209 2880 et
1231 2843 1445 2890 leqitimum,
1481 2843 1546 2880 sed
1569 2843 1705 2890 primis
1727 2843 1947 2890 parentibus
1970 2843 2085 2897 primi
2139 2842 2189 2878 lii
2208 2841 2316 2878 simul
2339 2852 2383 2878 ao
2398 2852 2491 2890 pro-

289 2888 376 2923 eniti
398 2890 484 2922 sunt
507 2885 657 2932 leqitimi
680 2887 899 2930 extiterunt,
936 2890 971 2924 et
1001 2888 1302 2935 quemadmodum
1325 2889 1363 2924 in
1388 2887 1511 2925 liberis
1534 2888 1737 2925 hominibus
1759 2892 1895 2924 natura
1919 2887 2063 2935 quadem
2087 2898 2209 2923 omnes
2231 2887 2325 2933 feeit
2347 2887 2491 2931 liberos,

286 2932 358 2969 ella
373 2936 493 2968 autem
507 2932 713 2968 servitutem
730 2932 953 2975 invenerunt,
971 2933 1025 2969 ita
1039 2932 1096 2969 laic
1108 2945 1252 2981 quoque
1266 2938 1400 2971 natura
1415 2934 1559 2980 quidem
1575 2933 1771 2980 leqitimam
1785 2931 1968 2982 produaeit
1982 2932 2153 2975 subolem,
2171 2932 2356 2969 conversio
2373 2936 2492 2970 autem

265 2978 314 3014 ad
336 2976 516 3014 libidinem
540 2977 761 3013 naturalium
786 2982 906 3013 notam
930 2978 976 3013 iis
997 2978 1188 3025 impressit.
1238 2977 1298 3016 Ita
1326 2990 1370 3015 ue
1393 2989 1474 3015 oum
1495 2979 1631 3015 similes
1653 2978 1809 3024 affectus
1830 2978 1927 3023 facti
1950 2978 2034 3021 sint,
2058 2977 2253 3014 remedium
2276 2988 2421 3025 quoque
2443 2988 2495 3016 ex

192 3031 196 3035 ·
264 3023 438 3061 similibus
461 3022 668 3068 excoquam·
688 3033 761 3069 par
785 3027 856 3066 est,
888 3023 1042 3059 alterum
1066 3036 1089 3060 a
1112 3024 1293 3061 decessori
1317 3035 1360 3060 us
1383 3024 1519 3060 nostris
1543 3023 1697 3061 alterum
1721 3035 1744 3060 a
1764 3022 1877 3059 nobis.

313 3165 332 3198 5
356 3160 481 3206 μόνων
504 3160 551 3194 Μ
568 3159 582 3203 ΙΙ
606 3160 627 3193 6
651 3155 714 3192 οὐκ
738 3161 822 3201 ἔχοι]
848 3169 915 3192 non
935 3159 1035 3194 habet
1059 3172 1078 3196 ς
1095 3159 1107 3204 ΙΙ
1135 3162 1174 3194 19
1199 3160 1345 3203 ἐξέστω]

265 3208 381 3242 licebit
404 3207 439 3240 id
464 3218 483 3243 ς
499 3206 512 3250 ΙΙ
537 3207 578 3240 27
604 3201 833 3244 ὑπεξουσίους
858 3217 915 3238 om.
932 3205 978 3238 Μ
980 3208 1028 3246 ⁰11
1053 3207 1145 3246 ἔχειν
1163 3206 1222 3248 Μ]
1248 3208 1347 3247 σχεῖν

267 3267 335 3289 cum
359 3254 543 3296 Scrimqero
568 3252 652 3295 vulq.
681 3254 692 3290 11
721 3246 813 3284 Οὐδὲ
836 3268 879 3273 -
904 3251 948 3284 28
973 3248 1078 3294 φύσις
1107 3252 1225 3285 omissa
1250 3254 1283 3285 in
1307 3251 1353 3285 M

268 3314 305 3334 ex
324 3312 344 3337 ς
360 3307 390 3333 et
408 3298 494 3333 Nov.
512 3296 716 3331 LXXXIX
737 3308 763 3329 c.
781 3297 796 3330 1
823 3294 975 3339 supplevi
994 3296 1075 3338 (sim.
1090 3296 1259 3330 Her-aldus
1283 3310 1346 3330 rer.

235 3368 238 3371 -
267 3346 388 3390 quotid.
402 3345 426 3378 I
435 3345 467 3386 5)
485 3343 497 3387 11
516 3344 558 3377 33
572 3339 722 3386 πόλεμοι
737 3341 904 3375 Heraldus
918 3353 956 3374 ex
969 3352 988 3377 ς
1002 3348 1032 3375 et
1047 3340 1134 3375 Νου.
1147 3342 1351 3375 LXXXIX

269 3406 293 3424 ι’.
310 3393 341 3432 1]
367 3387 530 3433 πολέμιοι
554 3388 600 3423 Μ’

315 3484 330 3515 1
356 3481 456 3514 dabat
480 3480 511 3513 T
523 3478 535 3522 ss
560 3478 666 3519 legem
685 3476 733 3509 V²
752 3475 765 3521 fl
781 3477 802 3510 2
821 3476 978 3510 subtilius
1000 3478 1033 3511 V
1042 3476 1056 3522 ss
1074 3479 1185 3520 quam]
1206 3478 1253 3510 est
1274 3476 1322 3510 V¹
1337 3474 1349 3521 ΙΙ

270 3530 288 3561 5
301 3526 448 3559 uoluerit
464 3525 569 3558 facere
582 3533 659 3556 suos
675 3523 705 3555 R
725 3522 832 3555 facere
848 3524 960 3557 autem
972 3524 1098 3564 (autem
1110 3523 1171 3556 del.
1190 3523 1222 3555 T
1227 3521 1254 3563 2)
1271 3532 1348 3554 suos

269 3572 416 3605 uoluerit
427 3571 473 3613 ΤΗ
489 3571 508 3604 6
519 3579 603 3611 quae
617 3568 694 3602 add.
705 3568 793 3612 vulg.
804 3567 815 3611 ΙΙ
828 3570 847 3603 7
850 3581 898 3613 sq.
908 3567 1030 3601 babeat
1041 3570 1151 3602 autem
1167 3568 1252 3609 libri,
1264 3579 1346 3600 corr.

270 3617 365 3650 Beck
376 3617 387 3660 Η
399 3616 597 3651 91ἰοεῐηίαω
609 3614 640 3647 T
646 3611 659 3659 ΙΙ
671 3615 712 3647 10
721 3613 914 3657 perducere]
926 3613 1104 3658 procedere
1112 3613 1146 3646 R
1154 3611 1167 3658 ΙΙ
1181 3614 1223 3647 14
1234 3613 1347 3655 *prae-

270 3662 432 3694 mundans
441 3661 610 3694 Her-aldus
623 3672 683 3692 rer.
695 3660 815 3703 quotid.
829 3660 854 3693 I
862 3661 894 3701 5]
907 3659 1149 3703 praemandans
1162 3660 1346 3702 (praeman-

271 3708 355 3740 dan*
375 3706 406 3740 V
414 3707 436 3746 ¹)
458 3706 520 3739 VT
528 3707 615 3750 vulq.
639 3705 853 3747 praemendas
866 3705 1108 3748 (praeendens‘P
1121 3717 1205 3738 corr.
1215 3703 1276 3746 13³)
1291 3703 1324 3736 R
1336 3702 1348 3747 ΙΙ

1415 3160 1556 3202 quodam
1581 3158 1648 3194 alio
1674 3159 1705 3192 R
1762 3160 1803 3193 15
1828 3157 2005 3192 anulorum
2025 3158 2079 3192 ius
2103 3168 2279 3191 aureorum
2300 3158 2365 3203 Vfl
2393 3161 2433 3195 19
2457 3159 2493 3193 id

1416 3218 1474 3239 om.
1490 3205 1538 3239 2⁷¹
1557 3203 1570 3248 ΙΙ
1595 3214 1692 3246 quem
1754 3204 1764 3224 ¹
1793 3203 1805 3247 ΙΙ
1830 3214 1850 3237 a
1874 3216 1932 3238 om.
1948 3204 1994 3237 R¹
2022 3203 2035 3247 ΙΙ
2066 3205 2105 3238 21
2131 3206 2286 3246 namque]
2311 3214 2387 3238 nam
2409 3204 2459 3238 Β*

1414 3249 1640 3294 praediximus
1658 3249 1742 3290 ΒΤ]
1768 3259 1871 3291 supra
1895 3249 2039 3282 diximus
2060 3248 2114 3295 1711
2141 3250 2186 3284 24
2208 3249 2418 3292 ingenuitate
2438 3250 2470 3284 V

1415 3296 1473 3328 fiat
1495 3295 1525 3328 V
1545 3296 1625 3327 sunt
1646 3294 1679 3327 T
1699 3294 1712 3335 ΙΙ
1740 3295 1782 3329 26
1807 3294 1952 3336 quando]
1976 3296 2053 3327 ante
2074 3294 2122 3329 V¹
2147 3294 2159 3339 ΙΙ
2187 3294 2368 3337 sanciebat]
2392 3294 2492 3330 faeie-

1416 3341 1496 3373 bant
1519 3339 1566 3373 R*
1586 3339 1599 3384 ΙΙ
1622 3338 1813 3372 hominibus
1829 3339 2028 3384 Hombequ]
2053 3339 2198 3373 hominis
2210 3340 2319 3374 R¹V²
2342 3340 2493 3373 homines

1418 3386 1466 3419 3³
1476 3384 1594 3429 V²Tn
1623 3385 1664 3418 27
1690 3384 1853 3427 scripture
1877 3386 2053 3427 peruenire
2075 3386 2122 3419 12¹
2148 3385 2161 3428 ΙΙ
2185 3386 2228 3419 28
2252 3385 2403 3428 legitima
2430 3384 2495 3430 Vn

1417 3432 1460 3465 30
1483 3430 1520 3463 ἰιι
1539 3429 1655 3463 liberis
1674 3430 1807 3471 quidem
1830 3432 1952 3463 natura
1975 3430 2106 3473 quidem
2131 3430 2254 3464 liberos
2278 3440 2390 3464 ornnes
2410 3430 2493 3463 fecit

1424 3476 1459 3509 V
1477 3475 1489 3518 ΙΙ
1506 3477 1545 3509 31
1570 3476 1812 3509 adiuuenerant
1834 3475 2067 3517 (adiuueniant
2090 3476 2153 3519 1²¹)
2179 3477 2265 3519 libri,
2278 3488 2360 3510 corr.
2373 3476 2463 3519 vulq.
2479 3474 2493 3519 fl

1416 3520 1507 3562 hinc]
1534 3521 1612 3554 huic
1630 3520 1712 3562 RV,
1725 3534 1783 3555 om.
1800 3521 1833 3554 T
1845 3520 1857 3564 ΙΙ
1875 3522 1918 3554 32
1937 3520 2102 3564 legitimas
2121 3521 2254 3564 quidem
2275 3519 2335 3565 Vfl
2358 3522 2400 3555 33
2414 3530 2493 3553 con-

1416 3566 1636 3609 cupiscentias
1662 3566 1694 3599 T
1718 3565 1732 3610 ΙΙ
1758 3565 1903 3600 diuersio
1929 3567 2026 3608 TR²1
2059 3567 2190 3600 diuerso
2213 3566 2263 3599 R*
2291 3565 2420 3599 diui-io
2442 3564 2493 3599 V¹

1417 3611 1540 3644 diuisio
1558 3610 1630 3655 V³11
1643 3610 1806 3644 naturalis
1819 3611 1852 3644 R
1863 3611 1910 3644 17ι
1921 3612 1953 3644 T
1967 3610 1979 3656 ΙΙ
1995 3614 2038 3648 35
2052 3610 2311 3655 aequalitatihus
2319 3611 2492 3655 Spanqen-

1418 3659 1506 3701 bery]
1531 3656 1750 3699 qualitatibus
1773 3657 1850 3691 libri
1865 3655 1878 3699 ΙΙ
1895 3656 2049 3692 inuenire
2062 3658 2131 3691 ΒΤ
2143 3657 2156 3702 ΙΙ
2174 3657 2217 3690 36
2233 3655 2490 3700 praedecessori-

1415 3702 1477 3735 bus
1500 3702 1550 3736 V³
1560 3702 1677 3746 vala„
1703 3712 1780 3735 vero
1803 3711 1823 3734 a
1844 3714 1902 3735 om.
1927 3702 1974 3735 V¹
