2592 3840
259 122 366 166 Nov.
397 123 534 167 XLVI
563 138 626 180 pr.
1330 122 1411 170 280
1951 140 2012 171 DE
2040 139 2479 175 EccnnsiAS'rchRuu

769 306 839 357 ΒΤζ
1879 317 2007 352 XLVI.
2245 317 2376 354 Couv
2392 318 2447 355 tit.
2459 321 2474 354 1

372 381 548 434 HEPI
578 382 723 433 ΤΗΣ
754 381 901 434 ΤΩΝ
934 382 1224 435 ΕΚΚΛΗ-
1399 386 1453 434 R
1473 386 1567 435 DE
1589 385 2266 436 ECGLESIASTIOARUM
2287 386 2478 436 ΙΜΜΟ-

260 448 660 501 ΣΙΑΣΤΙΚῼΝ
682 449 1087 502 ΑΚΙΝΗΤῼΝ
1116 451 1335 504 ΠΡΑΓ-
1405 454 1657 504 BILIUM
1713 454 1950 503 RERUM
1994 453 2480 505 ALIENATIONE

261 516 534 570 ΜΑΤῼΝ
598 516 1139 570 ΕΚΠΟΙΗΣΕΩΣ
1197 518 1335 571 ΚΑΙ
1639 522 1732 570 ΕΤ
1769 520 2157 571 SOLUTIONE
2194 522 2249 571 R

261 584 747 645 ΚΑΤΑΒΟΛΗΣ,
800 584 979 637 ΔΙΧΑ
1034 583 1184 637 ΤΩΝ
1234 586 1337 638 ΕΝ
1372 602 1391 633 5

381 650 1219 705 ΚῼΝΣΤΑΝΤΙΝΟῩΠΟΛΕΙ.

259 729 295 765 Ὁ
315 728 421 766 αὐτὸς
443 729 609 774 βασιλεὺς
628 728 778 778 Ἰωάννῃ
802 728 948 777 ἐπάρχῳ
972 734 1209 778 πραιτωρίων
1228 730 1271 766 τὸ
1286 729 1335 777 β’,
1493 731 1582 777 Imp.
1603 732 1822 769 lastinianus
1845 734 1938 778 Aug.
1959 733 2111 769 Iohanni
2133 745 2194 779 pp.
2218 733 2386 770 secundo.

522 773 595 811 ἀπὸ
618 774 772 811 ὑπάτων
795 779 855 810 καὶ
878 780 1070 823 πατρικίῳ.

308 844 608 890 (Προοίμιον.)
654 847 728 879 Καὶ
758 843 801 879 τὸ
833 846 915 890 περὶ
950 843 1032 878 τοὺς
1062 841 1191 887 νόμους
1225 843 1333 879 σπού-
1458 844 1746 890 (Praefatio.)
1802 844 1852 879 Et
1887 844 1982 879 circa
2015 845 2110 889 leges
2145 845 2302 881 studium
2340 849 2377 882 et
2410 846 2482 882 alia

260 888 380 932 δασμα
402 893 462 923 καὶ
477 889 590 923 τάλλα
613 889 736 925 πάντα
758 887 843 934 ἡμῖν
865 887 924 923 διὰ
941 890 1046 923 τοῦτο
1068 886 1161 923 καθ’
1180 887 1335 931 ἑκάστην
1349 891 1389 923 10
1403 890 1520 925 omnia.
1550 890 1653 925 nobis
1685 889 1767 924 ideo
1799 889 1929 925 cotidie
1964 900 2045 924 cum
2079 889 2203 925 labore
2237 894 2404 935 aguntur,
2440 895 2481 927 ut

259 937 480 976 ἐκπονεῖται,
512 936 572 968 ἵνα
595 934 638 970 τὸ
663 939 845 982 συμφέρον
869 937 943 968 τοῖς
965 931 1146 978 ἡμετέροις
1168 934 1334 978 ὑπηκόοις
1402 935 1591 970 utilitatem
1615 934 1748 970 nostris
1772 934 1939 969 subiectis
1962 934 2190 978 inveniamus,
2212 935 2308 980 quod
2327 935 2480 972 effusum

259 980 517 1025 ἐξευρίσκοιμεν
540 979 583 1014 τὸ
605 983 672 1025 μὲν
689 982 918 1024 ἐκκεχυμένον
941 983 1003 1013 καὶ
1021 977 1177 1024 ἄμετρον
1201 977 1333 1014 παύον-
1403 979 1545 1025 quidem
1579 983 1615 1014 et
1647 980 1847 1015 inmensum
1881 983 1937 1015 est
1967 984 2198 1023 removentes,
2233 980 2329 1026 quod
2361 984 2481 1017 autem

258 1036 324 1066 τες,
344 1024 386 1059 τὸ
404 1023 444 1059 δὲ
461 1023 607 1070 ὁριστόν
623 1039 663 1060 τε
682 1028 743 1059 καὶ
758 1027 1024 1072 μεμετρημένον
1039 1022 1333 1071 ἆντειςφέροντες.
1403 1025 1575 1070 optimum
1599 1028 1636 1059 et
1657 1025 1818 1060 metitum
1842 1025 2089 1070 subrogantes.
2135 1024 2186 1059 Et
2209 1035 2318 1071 saepe
2339 1036 2480 1072 quoque

257 1073 318 1104 καὶ
348 1068 463 1104 πολλὰ
494 1069 697 1114 ἐξεπίτηδες
728 1069 787 1104 διὰ
817 1070 885 1114 τὴν
915 1070 1129 1116 ἔμπροσθεν
1158 1069 1335 1117 ἀμετρίαν
1402 1080 1447 1105 ex
1470 1070 1588 1106 studio
1611 1074 1757 1115 propter
1785 1070 1940 1115 prlorem
1962 1069 2224 1106 inmensitatem
2253 1070 2361 1106 etiam
2383 1072 2481 1107 ultra

258 1118 317 1148 καὶ
340 1118 433 1161 πέρα
456 1117 519 1149 τοῦ
543 1120 688 1162 μετρίου
711 1115 778 1150 τὸν
800 1116 913 1159 νόμον
938 1115 1250 1162 περιεσφίγξαμεν,
1274 1114 1334 1148 ἵνα
1349 1117 1389 1149 15
1402 1125 1605 1151 mensuram
1639 1116 1753 1160 legem
1787 1115 2081 1157 constrinximus,
2116 1118 2158 1150 ut
2187 1115 2282 1161 quod
2314 1115 2480 1162 primitus

258 1159 299 1194 τὸ
323 1160 491 1207 πρόσθεν
523 1163 689 1208 ἐπιρρέον
720 1160 923 1195 στείλαντες
945 1157 1041 1194 οὕτω
1078 1160 1147 1204 τὴν
1185 1159 1334 1202 ἰσότητα
1403 1160 1573 1196 effluebat
1595 1161 1789 1196 retinentes
1810 1160 1864 1195 ita
1886 1160 2139 1206 aequalitatem
2161 1159 2206 1196 de
2222 1165 2342 1197 cetero
2365 1161 2478 1197 intro-

257 1206 298 1240 τὸ
324 1205 451 1241 λοιπὸν
474 1205 723 1254 εἰςαγάγωμεν.
773 1206 942 1253 Ἔναγχος
972 1209 1096 1240 τοίνυν
1127 1203 1335 1252 ἐγράψαμεν
1403 1207 1624 1242 duceremus.
1673 1205 1796 1251 Nuper
1818 1205 1927 1250 igitur
1949 1205 2156 1251 scripsimus
2186 1205 2301 1251 legem
2323 1206 2478 1243 sanctis-

258 1249 370 1295 νόμον
401 1254 478 1286 ταῖς
507 1250 726 1299 ἁγιωτάταις
755 1250 952 1295 ἐκκλησίαις
980 1247 1134 1286 ἁπάσαις
1155 1261 1333 1295 μοναστη-
1402 1251 1501 1287 simis
1536 1251 1696 1287 ecclesiis
1731 1251 1893 1287 omnibus
1932 1253 1968 1286 et
1997 1251 2223 1287 monasteriis
2262 1253 2300 1287 et
2331 1252 2477 1306 reliquis

258 1301 346 1341 ριόις
367 1309 408 1331 τε
430 1300 490 1330 καὶ
514 1296 648 1332 λοιποῖς
671 1295 835 1343 εὗαγέσιν
858 1297 981 1338 οἴκοις,
1013 1294 1192 1340 μηδεμίαν
1216 1294 1334 1331 αὐτοῖς
1402 1296 1663 1332 venerabilibus
1693 1296 1873 1341 domibus,
1905 1295 2039 1331 nullam
2070 1295 2122 1331 eis
2153 1306 2232 1332 esse
2262 1306 2382 1332 rerum
2411 1308 2478 1332 un·

258 1342 352 1376 εῖναι
376 1341 602 1389 πραγμάτων
631 1340 814 1386 ἀκινήτων
843 1340 1058 1385 ἐκποιήσεως
1085 1339 1223 1375 ἄδειαν.
1269 1341 1333 1374 ἑω-
1348 1343 1389 1375 20
1403 1342 1584 1377 mobilium
1607 1342 1832 1377 alienationis
1852 1341 2031 1377 licentiam
2053 1341 2328 1386 permittentem.
2370 1341 2477 1378 Vide-

258 1388 379 1432 ρῶμεν
399 1385 467 1434 γὰρ
497 1386 540 1422 τὸ
570 1390 644 1433 πρᾶ
666 1401 718 1432 μα
742 1389 983 1431 ἐκκεχυμένον,
1012 1389 1072 1420 καὶ
1096 1385 1188 1420 κατὰ
1206 1385 1334 1433 μικρὸν
1402 1387 1529 1423 bamus
1558 1387 1651 1422 enim
1682 1394 1827 1422 causam
1857 1386 2016 1428 effusam,
2048 1390 2084 1422 et
2112 1386 2286 1431 paulatim
2318 1386 2365 1422 ad
2387 1386 2478 1423 alios

257 1433 305 1466 εἰς
329 1432 467 1477 ἑτέρους
488 1432 551 1467 τὰς
566 1401 857 1476 ἐκκῆσιαστικάς
878 1429 1164 1477 μεταβαινούσας
1185 1429 1335 1475 κτήσεις,
1403 1432 1664 1468 ecclesiasticas
1695 1432 1886 1476 migrantes
1915 1431 2175 1477 possessiones,
2209 1441 2324 1476 neque
2353 1431 2478 1478 pretiis

258 1475 340 1511 οὗτε
361 1477 574 1532 τιμημάτων
602 1475 717 1519 ἀξίων
745 1476 1074 1522 καταβαλλομένων
1107 1474 1190 1511 οὔτε
1217 1480 1335 1523 χρείας
1402 1477 1527 1513 solutis
1552 1477 1665 1521 dignis
1688 1487 1804 1522 neque
1832 1487 1941 1523 opere
1960 1476 2157 1512 inevitabili
2178 1476 2372 1512 inminente
2391 1477 2478 1513 alie-

257 1521 505 1567 ἀπαραιτητου
540 1520 815 1570 κατεπειγούσης
845 1524 1117 1567 ἐκποιουμένας,
1151 1519 1241 1556 ἀλλὰ
1273 1524 1334 1556 καὶ
1402 1523 1514 1565 natis,
1551 1523 1614 1558 sed
1649 1523 1755 1558 etiam
1791 1526 1917 1558 contra
1950 1522 2089 1567 positas
2123 1522 2196 1557 iam
2229 1522 2324 1567 leges
2359 1522 2478 1558 decies

257 1567 351 1601 κατὰ
373 1569 450 1602 τῶν
473 1567 540 1621 ἤδη
563 1570 789 1614 τεθειμένων
818 1566 943 1612 νόμων
965 1571 1091 1615 μυρίας
1113 1566 1333 1614 περιγραφὰς
1347 1570 1388 1603 25
1402 1568 1513 1603 milies
1531 1568 1847 1603 circumventiones
1863 1567 1991 1603 factas.
2036 1566 2212 1611 Quocirca
2252 1569 2376 1603 rimam
2397 1577 2477 1612 per-

256 1616 454 1659 γινομένσς.
503 1612 591 1648 eben
614 1613 681 1657 τὴν
711 1610 864 1659 πρώτην
894 1611 1080 1648 ἀνελόντες
1110 1610 1197 1647 ὁδὸν
1221 1614 1334 1647 πᾶσιν
1402 1614 1550 1649 imentes
1574 1613 1666 1648 viam
1687 1613 1850 1648 omnibus
1870 1613 2031 1648 simniter
2051 1612 2227 1649 inaccessi
2252 1612 2334 1648 ilem
2351 1617 2479 1648 contra

258 1656 390 1702 ὁμοίως
421 1658 561 1703 ἄβατον
592 1658 660 1702 τὴν
689 1656 772 1693 κατ’
800 1657 923 1692 αὐτῶν
953 1655 1205 1702 ἐποιησάμεθα
1236 1671 1332 1703 περι·
1402 1669 1463 1694 eas
1493 1658 1644 1694 fecimus
1676 1658 2020 1694 circumventionem.
2069 1657 2140 1693 Sed
2163 1657 2246 1693 hinc
2269 1658 2478 1703 plerumque

256 1703 408 1750 γραφήν.
449 1701 531 1738 ἀλλ’
550 1704 725 1738 ἐντεῦθεν
748 1702 840 1738 κατὰ
859 1702 901 1737 τὸ
922 1702 1091 1738 πλεῖστον
1112 1705 1179 1748 μὲν
1199 1702 1239 1736 αἱ
1256 1705 1334 1736 τῶν
1402 1703 1543 1749 quidem
1576 1704 1881 1739 sanctissimarum
1911 1703 2143 1739 ecclesiarum
2174 1702 2395 1748 aliarumque
2417 1713 2478 1739 ve·

256 1747 471 1788 ἁγιωτάτων
495 1749 692 1792 ἐκκλησιῶν
721 1752 780 1782 καὶ
811 1749 890 1783 τῶν
913 1747 1035 1782 ἄλλων
1058 1745 1200 1795 εὗαγῶν
1224 1748 1334 1782 οἴκων
1402 1749 1614 1784 nerabilium
1638 1749 1806 1784 domuum
1835 1748 2023 1783 utilitatem
2051 1748 2256 1783 habuerunt
2277 1748 2477 1793 possessio-

258 1791 462 1839 ὠφέληνται
478 1794 625 1837 κτήσεις,
644 1791 788 1828 οὐδενὸς
807 1792 941 1827 ταύτης
960 1791 1134 1827 ἐλαττοῦν
1154 1793 1333 1839 θαρροῦν·
1348 1797 1390 1829 30
1403 1804 1466 1830 nes
1490 1795 1588 1829 nullo
1611 1794 1677 1830 has
1701 1794 1858 1829 minuere
1879 1795 2146 1839 praesumente,
2177 1793 2336 1829 occurrit
2357 1796 2477 1829 tamen

256 1849 335 1872 τος·
370 1837 555 1883 ἀπήντησε
578 1838 619 1874 δὲ
641 1837 736 1884 ὅμως
758 1853 795 1873 τι
818 1842 877 1872 καὶ
901 1837 1078 1880 ὃύςκολον,
1109 1836 1332 1883 δανείσματα
1401 1839 1534 1883 aliquid
1558 1839 1664 1874 etiam
1688 1839 1852 1874 difficile:
1890 1839 2011 1875 debita
2033 1838 2126 1873 enim
2159 1840 2224 1874 aut
2251 1838 2357 1883 longo
2385 1840 2476 1874 tem-

253 1882 325 1939 γὰρ
357 1881 379 1927 ἢ
409 1883 608 1931 πόρρωθεν
639 1885 821 1919 συστάντα
850 1881 872 1926 ἢ
900 1887 960 1917 καὶ
990 1880 1140 1929 ὕστερον
1169 1886 1209 1917 ἔκ
1237 1895 1333 1917 τινος
1401 1895 1489 1929 pore
1513 1885 1709 1920 constituta
1731 1887 1795 1919 aut
1812 1884 1918 1919 etiam
1936 1886 2062 1928 postea
2085 1893 2130 1919 ex
2146 1883 2301 1929 quadam
2320 1883 2477 1919 necessi-

256 1927 410 1976 ἀναγκης
433 1933 493 1963 καὶ
508 1929 664 1974 μάλιστα
687 1928 779 1964 κατὰ
805 1927 976 1973 δημοσίας
999 1926 1193 1975 προφάσεις
1213 1925 1334 1963 αὐτοῖς
1400 1933 1476 1965 tate
1500 1932 1537 1965 et
1554 1930 1705 1965 maxime
1727 1940 1791 1975 per
1810 1929 1951 1965 fiscales
1972 1928 2181 1965 occasiones
2200 1929 2251 1964 eis
2270 1927 2476 1965 accedentia

301 2022 387 2056 Νου.
400 2022 529 2055 XLVI
545 2023 708 2063 (Anthent.
726 2021 856 2054 XLVI
874 2037 918 2050 =
946 2021 1026 2054 Call.
1049 2020 1083 2053 V
1097 2021 1142 2054 tit.
1159 2023 1194 2054 1:
1218 2021 1329 2064 yloss.)
1358 2021 1484 2054 Graece
1508 2028 1595 2054 extat
1617 2022 1651 2054 in
1672 2021 1723 2064 M,
1753 2022 1910 2065 prooemii
1931 2021 1974 2054 in.
1999 2021 2057 2061 (—
2071 2022 2112 2054 13
2124 2016 2424 2066 ἀντειςφέροντες)
2447 2028 2478 2054 et

257 2079 282 2100 e.
298 2069 383 2101 1—3
399 2068 502 2100 maior
514 2080 597 2110 pars
615 2069 647 2100 in
664 2067 855 2100 Collectione
865 2066 1010 2099 LXXX
1018 2066 1089 2098 VII
1105 2066 1239 2109 capitul.
1259 2067 1298 2099 13
1311 2067 1399 2107 (inde
1415 2067 1448 2099 in
1462 2067 1639 2109 appendice
1651 2067 1891 2100 Nomoeanonis
1905 2065 1937 2098 L
1955 2065 2116 2099 titulorum
2131 2077 2204 2108 cap.
2218 2066 2292 2099 ecel.
2308 2067 2346 2100 11
2366 2077 2401 2109 p.
2411 2066 2478 2100 664

267 2113 389 2152 Voell.).
414 2132 459 2136 —
482 2112 573 2155 Epit.
589 2113 710 2146 Theod.
724 2113 767 2145 46
791 2112 880 2153 (inde
892 2111 1073 2144 Procbiron
1088 2113 1139 2150 15,
1151 2118 1179 2145 2.
1193 2118 1220 2145 3.
1265 2112 1471 2155 Epanayoye
1496 2113 1549 2153 10,
1569 2117 1597 2145 7.
1613 2113 1655 2154 S),
1679 2112 1800 2145 Attum.
1814 2112 1846 2148 2.
1860 2118 1877 2145 8
1901 2112 1990 2150 (inde
2013 2111 2092 2143 Call.
2106 2118 2205 2143 const.
2219 2111 2294 2143 ecel.
2308 2110 2379 2153 III,
2392 2117 2421 2152 2,
2434 2112 2476 2152 8).

232 2153 237 2157 ⁴
255 2157 377 2190 Iulian.
391 2165 490 2191 const.
503 2158 606 2191 XIV.
643 2157 872 2201 Aryumentum
893 2158 1086 2190 adumbrant
1100 2157 1265 2199 paratitlo
1282 2157 1328 2189 ad
1349 2157 1431 2190 Coll.
1445 2164 1543 2190 const.
1558 2157 1631 2190 eccl.
1652 2157 1678 2190 I
1693 2164 1710 2191 2
1723 2169 1758 2200 p.
1774 2157 1860 2190 1252
1882 2156 1980 2189 Voell.
2001 2157 2059 2188 ubi
2075 2151 2186 2201 νεαρὰ
2199 2150 2289 2198 ‘pff'
2304 2157 2431 2189 citatur.

1296 2288 1364 2324 XL
1373 2288 1435 2325 VI.

289 2358 392 2410 DE
420 2357 1138 2410 ECCLESIASTIC'ARUM
1164 2357 1417 2409 RERUM
1449 2315 1925 2408 IMMOBILIIJM
1956 2355 2449 2407 ALIENATIONE

290 2426 385 2477 ET
411 2426 816 2492 SOLUTJONE,
853 2425 1196 2477 EXCEPTIS
1226 2425 1339 2476 IIS
1371 2424 1558 2486 QUAE
1591 2423 2241 2476 CONSTANTINOPOLI
2257 2423 2441 2475 SUNT.

593 2506 693 2542 Idem
716 2507 903 2552 Λαμπείας
926 2504 1087 2542 Iohanni
1102 2506 1299 2552 praefecto
1316 2506 1512 2552 praetorio
1535 2506 1677 2547 iterum,
1701 2505 1893 2540 exconsuli
1916 2508 1951 2541 et
1966 2503 2142 2551 patricio.

392 2573 654 2619 Praefatio.
703 2573 753 2610 Et
774 2574 814 2609 in
837 2574 956 2620 lequm
979 2584 1069 2609 cura
1092 2577 1129 2609 et
1150 2574 1188 2608 in
1213 2573 1341 2609 ceteris
1364 2572 1528 2609 omnibus
1543 2563 1631 2608 'ideo
1656 2571 1817 2618 quotidie
1840 2571 2078 2614 elaboramus,
2103 2574 2145 2607 ut
2165 2570 2319 2607 salutem
2341 2571 2478 2606 nostris

258 2619 426 2655 subiectis
447 2620 682 2666 reperiamus,
713 2620 797 2654 dum
821 2618 921 2665 quod
950 2619 1104 2664 effusum
1134 2624 1244 2664 atque
1275 2619 1454 2664 infinitum
1477 2622 1532 2654 est
1555 2628 1768 2659 coercemus,
1800 2616 1900 2663 quod
1921 2617 2106 2662 definitum
2135 2620 2189 2652 est
2211 2619 2248 2651 et
2270 2614 2321 2650 ad
2341 2620 2476 2651 certam

259 2675 422 2699 normam
453 2664 637 2700 redactum
659 2676 734 2711 pro
766 2665 829 2699 illo
860 2664 1117 2699 substituimus.
1172 2665 1225 2699 Ac
1258 2675 1368 2710 saepe
1395 2663 1439 2700 de
1470 2663 1650 2698 industria
1681 2662 1806 2708 leqem,
1841 2662 2011 2709 quoniam
2042 2661 2148 2708 prius
2178 2659 2285 2712 modo
2317 2660 2476 2704 carebat,

259 2710 367 2744 etiam
390 2709 488 2744 ultra
511 2709 653 2744 modum
677 2709 930 2751 coartavimus,
953 2713 994 2743 ut
1016 2708 1191 2744 adstricto
1215 2720 1256 2745 eo
1275 2708 1374 2755 quod
1393 2713 1501 2744 antea
1527 2707 1755 2744 redundabat
1788 2707 1931 2743 tandem
1953 2706 2217 2757 aequalitatem·
2229 2715 2270 2740 m
2283 2708 2476 2754 posterum

259 2754 576 2790 introduceremus.
631 2754 758 2800 Nuper
787 2754 902 2799 iqitur
931 2753 1044 2799 leqem
1074 2754 1284 2800 scripsimus
1303 2755 1539 2789 sanctissimis
1562 2753 1720 2789 ecclesiis
1750 2752 1912 2788 omnibus
1941 2756 1979 2788 et
2006 2755 2236 2803 monasterus
2267 2753 2304 2786 et
2325 2749 2476 2797 reliquis

259 2800 376 2835 sacris
398 2799 580 2842 domibus,
612 2811 656 2835 ne
679 2799 755 2834 ulla
786 2799 835 2834 sit
863 2799 909 2833 iis
939 2810 1059 2834 rerum
1082 2799 1314 2834 immobilium
1338 2799 1615 2835 alienandarum
1645 2798 1803 2833 licentia.
1858 2797 2073 2833 Videbamus
2096 2807 2189 2832 emm
2209 2806 2286 2831 rem
2309 2794 2475 2841 effusam,

260 2849 370 2890 atque
389 2844 568 2896 paulatim
601 2848 826 2880 transeuntes
849 2842 899 2878 ad
921 2843 1014 2878 alios
1045 2843 1306 2879 ecclesiasticas
1323 2844 1591 2891 possessiones,
1624 2853 1756 2895 easque
1778 2853 1894 2889 neque
1923 2842 2029 2877 iustis
2083 2841 2186 2877 retiis
2208 2839 2339 2876 solutis
2360 2851 2477 2887 neque

260 2894 471 2926 necessitate
501 2889 697 2924 inevitabili
726 2893 875 2934 coqente
906 2889 1094 2930 alienatas,
1125 2888 1190 2924 sed
1220 2889 1329 2924 etiam
1359 2889 1497 2935 leqibus
1525 2889 1598 2924 iam
1630 2888 1715 2923 latis
1737 2887 1928 2924 sescenties
1950 2887 2044 2933 srau
2071 2897 2125 2922 em
2146 2887 2297 2931 factam.
2343 2882 2476 2937 Itaque

258 2936 385 2982 priore
416 2935 474 2970 via
504 2934 666 2976 sublata,
699 2938 738 2968 ut
765 2934 905 2979 pariter
937 2933 1101 2968 omnibus
1133 2934 1182 2968 ad
1204 2945 1327 2969 earum
1349 2934 1521 2980 fraudem
1545 2933 1667 2969 aditus
1696 2932 1997 2968 intercluderetur
2018 2931 2210 2978 effecimus.
2257 2930 2368 2982 Atqu!
2392 2929 2477 2967 inde

261 2991 477 3026 quamquam
494 2979 708 3026 plerumque
728 2979 975 3024 possessiones
998 2978 1304 3014 sanctissimarum
1328 2979 1558 3014 ecclesiarum
1590 2983 1626 3014 et
1648 2981 1849 3014 ceterarum
1874 2987 2062 3012 sacrarum
2093 2976 2262 3012 domuum
2285 2972 2474 3012 utilitatem

254 3030 510 3072 perceperunt,
543 3034 622 3058 cum
654 3035 755 3059 nemo
787 3034 849 3058 eas
878 3023 1076 3058 diminuere
1106 3023 1274 3059 auderet:
1310 3025 1470 3060 occurrit
1494 3028 1611 3059 tamen
1635 3023 1743 3059 etiam
1773 3022 1977 3068 difficultas
1999 3020 2195 3074 quaedam:
2229 3030 2356 3066 nempe
2377 3019 2476 3066 quod
2523 3059 2527 3061 Α

261 3070 379 3106 debita
401 3071 476 3105 sive
498 3070 570 3103 iam
586 3069 730 3115 pridem
754 3072 941 3103 contracta
971 3068 1046 3103 sive
1068 3069 1176 3103 etiam
1204 3072 1334 3115 postea
1366 3080 1416 3105 ex
1446 3069 1658 3105 necessitate
1688 3068 1813 3114 aliqua
1846 3071 1882 3103 et
1903 3077 2063 3103 maa-ame
2086 3077 2160 3113 per
2178 3064 2323 3111 fiscales
2346 3074 2476 3100 causas

267 3127 2469 3141 Μ

307 3176 327 3208 2
341 3175 429 3207 rubr.
445 3174 534 3216 Περὶ
554 3167 767 3212 ἐκποιήσεως
787 3167 1088 3210 ἐκκλησιαστικῶν
1108 3169 1332 3215 πραγμάτων
1401 3171 1588 3204 Zachariae
1600 3170 1654 3213 (cs
1667 3171 1712 3203 ad
1723 3171 1766 3211 ς)]
1781 3170 2045 3212 ἐκποιουμένων
2057 3168 2128 3204 Mc.
2145 3167 2325 3201 Detendum

261 3217 443 3262 ἀκινήτων
460 3218 580 3251 Theod.
599 3215 612 3260 ΙΙ
636 3218 655 3250 5
679 3212 762 3256 δίχα
784 3214 861 3247 τῶν
882 3215 920 3246 ἐν
945 3213 1332 3247 Κωνσταντινουπόλει
1401 3217 1442 3249 25
1463 3217 1601 3259 μυρίας]
1628 3215 1734 3248 decies
1750 3213 1856 3247 milies
1875 3224 1895 3250 ς’
1915 3214 1928 3257 ΙΙ
1954 3214 1996 3247 27
2023 3210 2158 3255 αὐτῶν]
2184 3207 2318 3245 aurona?
2335 3162 2475 3245 Ἦέον.
2519 3219 2525 3222 ”

261 3267 309 3300 Μ
325 3267 416 3309 (app.
441 3263 598 3302 Nomoc.)]
624 3274 681 3294 om.
701 3272 720 3296 ς·
747 3261 827 3294 Call.
843 3260 883 3292 87
899 3271 983 3299 cap„
1004 3260 1092 3298 Ath„
1113 3261 1262 3302 paratitl.
1288 3261 1334 3292 ad

266 3312 346 3346 Cotl.
360 3317 458 3344 const.
472 3308 546 3342 eccl.
564 3310 593 3348 1,
607 3314 623 3340 2
649 3305 662 3350 ΙΙ
685 3308 705 3339 9
725 3303 770 3338 τὰ
781 3324 826 3330 —
839 3301 1097 3346 σπουδάσματα
1111 3305 1162 3336 cit.
1178 3305 1210 3337 Τ
1209 3305 1297 3337 head.
1321 3304 1332 3347 ΙΙ

261 3354 342 3390 τοὺς
366 3369 424 3389 om.
445 3354 515 3387 eod.
532 3353 607 3386 Ath.
640 3351 653 3393 {1
691 3353 732 3385 10
756 3346 839 3393 ἡμῖν
865 3357 939 3382 ante
962 3352 997 3382 11
1018 3350 1221 3382 έκπονεῖται
1239 3351 1333 3391 ponit
1406 3350 1477 3390 lsq.
1490 3350 1530 3386 Rr
1548 3350 1660 3383 XLVI
1683 3350 1716 3382 V
1732 3348 1745 3393 ΙΙ
1763 3351 1783 3383 9
1800 3348 1883 3391 legis
1899 3349 1975 3382 libri
1995 3346 2008 3390 ΙΙ
2036 3348 2074 3381 11
2093 3346 2285 3386 utilitatem]
2310 3355 2385 3378 cum
2403 3343 2471 3378 1ιᾶ-
2523 3362 2542 3381 ,ς

267 3403 347 3436 Coll.
371 3403 410 3436 87
437 3411 508 3442 cap.
533 3399 601 3431 cod.
624 3397 801 3430 Vaticanus
824 3395 958 3437 optimus
985 3393 998 3436 ΙΙ
1027 3396 1061 3427 11
1091 3392 1332 3434 ἐκπεπόνηται
1400 3395 1493 3427 litate
1509 3387 1555 3427 ἘΙ
1590 3396 1602 3437 {l
1628 3397 1668 3429 12
1689 3394 1789 3437 quod]
1811 3393 1944 3436 quidem
1959 3392 2012 3426 R⁰
2028 3391 2041 3436 ΙΙ
2067 3393 2108 3425 13
2128 3391 2291 3431 metitum]
2316 3389 2470 3423 met‘tum
2518 3391 2546 3407 ·‘

263 3459 339 3500 φρ.
353 3447 484 3481 Nomoc.
510 3443 522 3487 ss
547 3442 619 3483 ἵνα]
636 3438 696 3475 διὰ
715 3441 794 3475 Gotl.
809 3442 849 3474 87
868 3451 941 3481 cap.
965 3437 978 3482 ss
1005 3440 1043 3472 12
1061 3437 1330 3481 ἐξευρίσκοιμεν]
1401 3439 1449 3471 R¹
1471 3440 1626 3472 meritum
1649 3441 1711 3480 (est
1727 3441 1803 3473 add.
1829 3438 1889 3480 1⁷³)
1911 3437 1988 3471 VR²
2010 3436 2022 3481 ΙΙ
2037 3438 2096 3489 ,16
2119 3437 2310 3476 retinentes]
2336 3437 2369 3487 et
2390 3433 2469 3467 reti-

261 3487 781 3570 ⁰“⁶‘'0‘{5”5-5⁶2‘Z“⁶2053²‘;Z}
800 3483 1165 3574 Ypiamfississvaissff
1184 3484 1332 3572 ,1ζῖΐὲἒί
1399 3485 1689 3570 ξδ”ζῖἶιὲἷῖιέιιηξῖ
1714 3484 1870 3573 Ξνᾞιῖθὲιγ
1869 3483 2034 3560 ‘iu'fflrf
2035 3493 2063 3570 ¹11⁵
2077 3481 2379 3560 {itffloeffiffi
2382 3479 2435 3557 12²3

262 3551 392 3618 2⁷²ng,
417 3546 669 3627 i'ipcc‘toffColl.
687 3557 727 3611 {37
747 3556 820 3619 cap.
842 3575 935 3608 codd.
953 3573 1101 3617 plerique
1133 3571 1332 3624 ωρισμένον
1399 3573 1623 3624 ministrantes
1647 3587 1673 3606 s.
1697 3588 1726 3607 v.
1750 3574 1801 3607 122
1834 3574 1846 3617 ΙΙ
1885 3574 1930 3624 23.
1951 3572 2111 3626 alienatas
2133 3583 2214 3623 corr.
2241 3570 2274 3603 T
2293 3570 2326 3602 in
2348 3581 2409 3620 ”¹9-

269 3628 348 3660 Coll.
364 3630 404 3660 87
427 3639 499 3668 cap·
514 3625 583 3657 ⁶⁰11-
606 3624 690 3663 Vae,
715 3634 790 3665 “pp-
806 3620 937 3654 N⁰m⁰⁶·
956 3619 969 3662 ΙΙ
988 3620 1027 3652 14
1051 3615 1176 3658 πολλα]
1200 3627 1294 3659 saepe
1314 3629 1333 3653 ς
1400 3620 1442 3651 24
1467 3620 1577 3658 enam]
1612 3622 1644 3652 et
1667 3619 1700 3652 R
1728 3618 1740 3662 ΙΙ
1773 3620 1814 3652 27
1840 3618 2007 3650 *tammus
2028 3618 2102 3669 lib-rt
2126 3615 2141 3667 fl
2167 3616 2469 3664 circumuentioneo

265 3669 444 3713 (πολλάκις
456 3671 654 3710 Zachariae)
678 3669 690 3711 11
719 3669 759 3701 18
783 3661 905 3709 νόμον]
929 3677 999 3698 nov.
1023 3663 1095 3697 VII
1115 3662 1128 3706 11
1156 3664 1198 3696 23
1223 3659 1332 3695 *οὐδὲ
1399 3663 1503 3695 RVT
1526 3663 1538 3705 ΙΙ
1568 3665 1610 3697 29
1634 3664 1803 3696 habebunt
1827 3662 1876 3695 17⁸
1902 3663 1914 3705 ΙΙ
1942 3670 2152 3704 possessionis
2171 3659 2220 3711 [⁷²
2247 3658 2328 3710 [1¹31
2354 3657 2465 3690 debito

263 3735 307 3740 —
320 3712 402 3748 οὐδὲ
415 3716 461 3749 M
469 3716 481 3759 fl
507 3717 549 3749 24
566 3714 816 3756 ἐκποιονμένας
835 3712 899 3752 (vel
911 3705 1033 3742 αὐτῶν
1054 3709 1331 3751 έκποιουμένων)
1400 3708 1447 3741 Β“
1471 3706 1484 3751 ΙΙ
1509 3710 1568 3739 aut
1591 3721 1649 3742 om.
1671 3708 1703 3740 V
1717 3707 1730 3751 ΙΙ
1756 3709 1798 3741 32
1821 3709 1891 3747 aut]
1914 3711 1954 3739 ut
1974 3707 2036 3750 V}
2060 3706 2104 3739 33
2125 3704 2309 3738 accidentia
2331 3702 2418 3746 vulq-

2585 3412 2592 3504 1
