2592 3840
274 77 381 121 Nov.
414 79 591 134 LXXIV
621 83 658 121 4.
691 83 716 121 5
880 86 886 92 ·
1349 80 1436 128 376
1502 54 1506 58 ¹
1805 89 1811 95 ’
1877 97 2039 137 omnus
2067 99 2203 132 moms
2231 98 2494 135 mmmm

273 188 418 237 πρᾶγμά
451 192 531 226 ἐστι·
559 189 874 239 περισπούδαστον
909 195 969 226 καὶ
1005 191 1151 229 δικαίως
1187 194 1351 230 ἐπαινού-
1421 196 1515 232 bella
1532 196 1823 242 concupiscentis
1847 206 1958 234 causa
1980 201 2035 235 est
2058 199 2218 235 studiosa
2240 201 2277 236 ot
2299 200 2392 237 iuste
2413 201 2491 237 lau-

271 249 393 280 μενον.
441 233 530 271 diste
561 238 624 271 ἐπί
646 250 685 271 τι
707 237 785 271 τῶν
809 235 965 272 εὐτελῶν
988 239 1194 284 προςώπων
1226 243 1289 276 ἐπί
1310 255 1350 276 τε
1419 242 1565 277 dabilis:
1604 242 1658 278 sic
1689 245 1732 279 ut
1758 243 1795 278 iu
1825 243 1953 279 vilibus
2008 245 2146 280 ersonis
2168 244 2239 291 (et)
2260 245 2299 280 in
2321 246 2491 282 militibus

273 283 513 327 στρατιωτῶν
548 280 715 317 ἐνόπλων
749 279 904 328 ἀφανῶν
940 287 1005 329 ,καὶ
1028 286 1213 332 ’γεωργῶν
1248 284 1349 321 ἄδεια
1418 287 1563 322 armatis
1595 287 1759 324 obscuris
1787 292 1825 324 et
1854 289 1975 333 agrino
2003 300 2020 325 s
2048 290 2191 325 licentia
2220 290 2269 326 sit
2291 291 2342 326 eis
2364 294 2402 327 et
2418 301 2491 327 non

272 329 368 361 ἔστω
394 326 512 361 αὐτοῖς
535 330 595 361 καὶ
618 326 788 373 ἀγράφως
811 331 972 362 συνιέναι
1004 333 1064 363 καὶ
1088 334 1267 365 συνοικεῖν
1290 330 1348 366 ἀλ·
1419 332 1554 377 scripto
1599 334 1786 369 convenire
1834 338 1869 368 et
1908 335 2137 370 matrimonia
2179 336 2358 371 celebrare
2398 336 2492 372 inber

275 370 404 415 λήλοις·
428 376 488 407 καὶ
508 375 676 407 ἔστωσαν
697 372 732 406 οἱ
754 371 880 407 παῖδες
901 374 1054 420 γνήσιοι,
1078 376 1123 422 τῇ
1143 377 1220 410 τῶν
1241 380 1348 412 πατέ-
1386 381 1404 412 5
1420 382 1607 423 utrosque;
1644 378 1785 424 sintque
1808 378 1872 414 filii
1895 379 2059 424 legitimi,
2090 380 2150 425 qui
2168 383 2310 426 patrum
2333 383 2396 417 aut
2417 391 2489 428 me,-

273 430 349 462 ρων
360 415 569 471 μετριότητι
585 414 607 461 ἢ
619 421 895 463 στρατιωτικαῖς
908 416 930 462 ἢ
942 423 1152 467 γεωργικαῖς
1170 419 1350 464 ἀσχολίαις
1418 423 1639 459 diocritatem
1655 428 1719 459 aut
1733 424 1904 461 militares
1926 425 1981 462 vel
2003 425 2159 461 rusticas
2183 426 2438 472 occupationes
2455 429 2493 463 et

272 475 313 496 τε
335 466 395 496 καὶ
411 467 568 510 αγνοίαις
590 462 849 508 βοηθούμενοι.
1418 469 1637 513 ignorantias
1662 469 1844 517 adiuvent-¹
1864 488 1867 490 ·

1080 626 1084 631 .
1272 580 1429 617 CAPUT
1455 579 1513 618 V.'

324 642 466 687 Ἐπειδὴ
498 642 537 677 δὲ
568 645 607 677 ἐκ
636 645 715 679 τῶν
746 644 1009 700 προςελεύσεων
1038 648 1125 701 τῶν
1145 651 1348 703 γινομένων
1485 650 1658 694 Quoniam
1701 655 1822 687 autem
1862 652 2207 698 interpellationibus
2253 663 2345 698 quae
2388 653 2491 690 nobis

271 687 356 733 ἡμῖν
382 687 436 722 ἀεὶ
468 690 683 736 συχνότερον
714 687 757 734 δὴ
781 703 935 726 παντων
966 706 1151 740 γυναικων
1174 693 1348 739 ακούομεν
1416 695 1508 730 fiunt
1538 695 1687 742 semper'
1699 697 1854 732 omnium
1884 699 2026 734 assidue
2051 699 2216 735 mulieres
2249 699 2414 735 audimus
2435 699 2491 735 in·

271 733 501 781 ὀδυρομένων
531 738 591 768 καὶ
615 735 965 783 προςαγγελλουσῶν,
996 734 1044 772 ὥς
1066 750 1160 773 τινες
1191 751 1347 785 προςπα-
1363 743 1403 776 10
1415 741 1646 784 gemiscentes
1670 744 1708 777 et
1731 742 1907 787 dicentes,
1943 744 2028 789 quia
2075 744 2194 780 uidam
2213 754 2336 781 earum
2359 754 2491 781 concu-

272 781 358 822 θείᾳ
381 779 614 826 κρατούμενοι
646 781 734 829 πρὸς
759 779 866 816 αὐτὰς
896 782 975 817 εἶτα
998 782 1130 818 ταύτας
1153 781 1347 832 ἀνάγουσιν
1415 787 1593 830 piscentia
1635 787 1769 823 detenti
1807 788 1941 824 ducant
1984 790 2022 824 In
2085 789 2224 826 omibus
2258 790 2351 832 suis,
2387 791 2492 826 'sacra

271 825 370 866 οἴκοι,
401 827 460 858 καὶ
483 827 562 859 τῶν
585 826 705 860 θείων
734 824 931 872 ἁπτόμενοι
956 827 1088 876 λογίων
1116 825 1139 872 ἣ
1162 831 1201 863 ἐν
1225 827 1345 873 εὐκτη-
1415 835 1601 876 tangentes
1631 833 1772 877 eloquia.
1801 837 1865 868 aut
1886 834 1938 869 in·
1952 834 2122 882 orationis
2146 834 2308 872 domibus
2331 835 2491 871 iurantes
2540 861 2546 867 -

271 874 360 916 ρίοις
390 870 496 904 οἴκοις
527 868 739 915 ὀμόσαντες,
770 865 792 916 ἧ
821 873 893 918 μὴν
916 874 1010 915 ἕξειν
1043 870 1150 909 αὐτὰς
1178 879 1347 920 νομίμους
1416 877 1602 913 habituros
1619 888 1658 913 se
1678 888 1740 913 eas
1761 878 1936 923 legitimas
1951 890 2093 922 uxores,
2109 880 2228 916 taliter
2240 890 2303 917 eas
2318 880 2491 917 habentes

269 915 438 962 γαμετάς,
470 912 584 951 οὕτως
607 913 714 952 αὐτὰς
737 918 953 953 οἰκειοῦνται
980 916 1114 967 χρόνον
1143 919 1256 955 πολὺν
1286 923 1346 955 καὶ
1415 926 1574 969 tempore
1604 923 1716 958 multo
1744 927 1781 958 et
1819 923 1914 960 forte
1949 925 2182 970 suscipientes
2216 925 2329 968 filios,
2364 925 2492 962 deinde

270 959 548 996 παιδοποιοῦσιν
580 962 684 1004 ἴσως,
719 963 799 998 εἶτα
830 962 978 999 ἐπειδὰν
1010 963 1255 1008 ἑμπλησθεῖεν
1287 967 1347 1009 τῆς
1362 970 1402 1002 15
1417 968 1500 1003 dum
1526 978 1565 1004 se
1589 969 1799 1004 satiaverInt
1822 978 1944 1004 earum
1967 969 2162 1013 desiderio,
2185 975 2252 1006 aut
2274 974 2374 1007 exin
2396 970 2505 1008 filios

271 1005 394 1040 αὐτῶν
423 1007 636 1050 ἐπιθυμίας,
668 1006 690 1052 ἢ
714 1009 796 1051 τῶν,
816 1007 961 1044 παίδων
983 1013 1090 1058 χωρὶς
1112 1008 1133 1053 ἢ
1155 1010 1247 1055 μετὰ
1269 1012 1347 1045 τῶν
1415 1016 1481 1048 aut
1504 1024 1584 1049 cum
1608 1013 1690 1049 filiis
1713 1013 1929 1059 proicientes
1960 1015 2006 1051 de
2036 1015 2111 1051 suis
2140 1015 2322 1060 domibus,
2352 1015 2491 1052 iudica-

270 1049 417 1087 παίδων
437 1051 699 1100 ἀπορρίπτουσι
719 1055 798 1089 τῶν
814 1054 935 1097 οἴκων,
955 1057 1144 1104 ἐκρίναμεν
1158 1059 1218 1090 καὶ
1238 1057 1345 1091 τοῦτο
1415 1059 1529 1094 vimus
1572 1059 1680 1095 etiam
1717 1060 1788 1095 hoc
1823 1063 1992 1105 oportere
2025 1070 2153 1096 sanare
2161 1074 2175 1096 t*
2216 1065 2258 1097 ut
2294 1061 2327 1097 si
2365 1061 2493 1097 mulier

269 1098 397 1143 χρῆναι
420 1098 659 1145 θεραπεῦσαι.
706 1102 767 1133 καὶ
798 1101 898 1149 εἴπερ
928 1098 950 1144 ἡ
980 1101 1069 1147 γυνὴ
1101 1099 1214 1142 δεῖξαι
1243 1099 1346 1145 δυνη-
1416 1104 1603 1140 ostendere
1633 1105 1792 1149 potuerit
1822 1106 1935 1141 modis
1964 1105 2146 1150 legitimis,
2183 1106 2268 1152 quia
2297 1106 2493 1143 secundum

271 1143 355 1186 θείη
387 1142 533 1191 τρόποις
563 1148 745 1189 νομίμοις,
776 1141 834 1180 ὅτι
862 1146 954 1180 κατὰ
984 1147 1091 1180 τοῦτο
1122 1147 1164 1180 τὸ
1189 1148 1306 1191 σχῆμα
1325 1144 1345 1181 ὁ
1415 1150 1509 1185 hanc
1532 1149 1686 1195 figuram
1708 1150 1762 1185 vir
1785 1160 1865 1186 eam
1887 1152 2030 1196 accepit
2054 1151 2150 1186 domi
2172 1155 2215 1187 ut
2237 1161 2383 1188 uxorem
2405 1152 2493 1197 legi-

269 1188 359 1236 ἀνὴρ
387 1187 526 1232 ταύτην
553 1188 686 1234 ἐλαβεν
716 1191 806 1225 οἴκοι
836 1193 897 1226 ἐπὶ
927 1192 981 1235 τῷ
1013 1194 1166 1238 γυναῖκα
1192 1195 1347 1239 γνησίαν
1360 1196 1401 1229 20
1415 1195 1537 1230 timam
1560 1195 1710 1231 haberet
1732 1197 1770 1231 et
1791 1195 1946 1231 filiorum
1968 1196 2203 1241 legItimorum
2226 1199 2393 1241 matrem,
2427 1207 2492 1234 ne-

269 1236 363 1276 ἔχειν
386 1236 447 1268 καὶ
471 1232 618 1269 παίδων
641 1239 803 1282 γνησίων
825 1239 978 1281 μητέρα,
1010 1240 1136 1281 μηκέτι
1160 1235 1347 1272 παντελῶς
1416 1250 1594 1285 quaquam
1625 1241 1768 1286 penitus
1799 1241 1981 1277 licentiam
2012 1241 2046 1277 ei
2075 1251 2154 1278 esse
2183 1242 2278 1278 hanc
2308 1242 2353 1278 de
2386 1242 2492 1279 domo

269 1277 395 1313 ἄδειαν
428 1276 528 1323 αὐτῷ
557 1279 785 1316 καθεστάναι
814 1280 952 1326 ταύτην
982 1282 1083 1330 παρὰ
1112 1282 1179 1326 τὴν
1201 1283 1265 1317 τοῦ
1288 1280 1346 1317 νό·
1414 1288 1559 1331 praeter
1594 1286 1753 1322 ordinem
1785 1286 1872 1332 legis
1910 1287 2105 1332 expellere,
2146 1288 2210 1324 sed
2243 1288 2379 1325 habere
2413 1298 2492 1324 eam

268 1337 337 1369 μου
360 1323 465 1365 τάξιν
486 1326 644 1366 ἐξωθεῖν
665 1327 726 1370 τῆς
746 1327 869 1370 οἰκίας,
893 1324 973 1361 ἀλλ’
995 1329 1091 1370 ἔχειν
1113 1331 1268 1375 γνησίαν
1286 1331 1347 1363 καὶ
1415 1332 1607 1375 legitimam
1639 1333 1676 1367 et
1701 1331 1796 1368 filios
1827 1342 1912 1368 suos
1945 1332 1979 1368 ei
2009 1342 2100 1368 esse.
2146 1332 2198 1368 Et
2218 1332 2316 1368 illam
2338 1333 2492 1379 quidem,

269 1370 351 1405 τοὺς
374 1368 522 1424 naidas„
528 1375 694 1418 γνησίους
718 1370 817 1416 αὐτῷ
837 1372 1075 1407 καθεστάναι.
1122 1376 1182 1407 καὶ
1206 1374 1347 1417 ἐκείνην
1415 1377 1588 1421 siquidem
1611 1376 1776 1413 indotata
1799 1377 1863 1420 sit,
1892 1381 2038 1413 nostrae
2060 1378 2326 1414 constitutionis
2348 1378 2405 1415 uti
2426 1380 2491 1415 bo-

1079 1416 1087 1428 t

268 1419 346 1460 μέν,
376 1417 477 1463 εἰπερ
500 1428 669 1464 απροικος
698 1418 769 1461 εἴη,
800 1418 879 1460 τῶν
909 1419 948 1452 ἐκ
977 1420 1039 1462 τῆς
1068 1431 1157 1465 ημετ
1171 1421 1240 1466 ’ρας
1270 1417 1345 1453 δια·
1360 1423 1402 1456 25
1415 1422 1491 1465 ιιίε,
1525 1424 1688 1467 quartam
1721 1423 1945 1458 substantiae
1975 1423 2043 1458 viri
2070 1423 2292 1469 percipiens,
2327 1424 2402 1460 sive
2430 1428 2515 1460 ex-'

270 1459 404 1502 τάξεως
434 1461 630 1497 ἀπολαύειν
661 1461 830 1510 ἀγαθῶν,
858 1463 900 1498 τὸ
923 1467 1100 1511 τέταρτον
1122 1465 1184 1507 τῆς
1206 1477 1346 1511 περιου-
1415 1468 1569 1512 pellatur
1593 1468 1666 1508 sive
1688 1468 1789 1512 prius
1811 1469 1986 1504 moriatur
2003 1469 2068 1512 vir,
2091 1479 2164 1505 non
2181 1470 2491 1514 perscrutantibus

270 1510 348 1540 σίας
371 1508 434 1540 τοῦ
458 1504 588 1553 ἀνδρὸς
613 1507 880 1563 λαμβάνουσαν,
911 1509 982 1543 εἴτε
1006 1509 1163 1552 ἐξωθείη
1193 1510 1264 1545 εἴτε
1287 1513 1346 1544 καὶ
1415 1513 1519 1548 nobis
1538 1513 1612 1548 sive
1628 1514 1777 1558 repudio
1797 1517 1902 1550 utens
1922 1514 2078 1550 dimittat
2096 1523 2174 1550 eam
2198 1514 2271 1550 sive
2286 1514 2392 1550 etiam
2415 1515 2493 1551 sine

270 1550 522 1600 προαποβάλοι
553 1553 619 1587 τὸν
649 1552 782 1600 ανδρα·
820 1552 860 1588 οὗ
885 1557 1220 1603 περιεργαζομένων
1242 1552 1346 1600 ἡμῶν
1414 1558 1501 1593 hoc:
1523 1568 1639 1603 neque
1664 1559 1757 1594 enim
1773 1559 1964 1595 verisffle
1983 1562 2038 1595 est
2054 1569 2134 1595 eum
2148 1559 2289 1596 mittere
2302 1560 2492 1605 repudium

269 1599 340 1633 εἴτε
364 1595 508 1642 διαισίῳ
532 1596 749 1646 χρησάμενος
773 1598 1002 1646 ἀποπέμψειε
1024 1599 1162 1643 ταύτην
1192 1600 1263 1635 εἴτε
1286 1603 1361 1635 ual'
1415 1603 1476 1647 qui
1500 1607 1536 1638 et
1558 1604 1656 1648 ipsas
1677 1604 1821 1649 nuptias
1845 1605 2005 1649 denegat.
2053 1604 2122 1640 Sed
2143 1605 2174 1640 si
2197 1615 2274 1641 eam
2296 1605 2491 1644 inrationa-

268 1641 398 1677 τούτου
421 1647 545 1691 χωρίς·
581 1642 663 1678 οὐδὲ
691 1643 762 1692 γὰρ
793 1645 883 1679 εἰκὸς
915 1641 1027 1679 αὐτὸν
1057 1648 1200 1691 πέμψαι
1231 1646 1345 1703 ταύτῃ
1359 1650 1402 1682 30
1414 1649 1534 1685 biliter
1562 1649 1716 1694 expellat
1747 1650 1790 1685 de
1829 1649 1950 1694 domo,
1987 1651 2057 1686 hoc
2092 1650 2211 1695 ipsum
2242 1650 2289 1686 sit
2321 1651 2492 1688 adversus

270 1687 463 1735 ῥεπούδιον
480 1688 547 1724 τόν
562 1703 603 1737 γε
622 1687 734 1725 αὐτὸν
750 1689 817 1725 τὸν
827 1690 946 1737 γάμον
957 1690 1227 1736 ἐξαρνούμενον.
1263 1689 1329 1726 ἀλλ
1414 1694 1527 1729 virum
1551 1694 1647 1730 iusta.
1673 1695 1853 1738 causatio,
1890 1698 1926 1730 et
1948 1693 2074 1731 mulier
2096 1695 2166 1731 hoc
2187 1695 2285 1732 facto
2305 1697 2493 1742 repudium

270 1735 369 1782 εἴπερ
400 1733 539 1777 ταύτην
571 1732 706 1782 ἀλόγως
738 1733 883 1779 ἐκβάλοι
903 1738 963 1779 τῆς
983 1737 1105 1778 οἰκίας,
1130 1734 1218 1771 αὐτὸ
1240 1738 1344 1772 τοῦτο
1414 1739 1447 1774 ei
1469 1739 1586 1774 mittat
1610 1744 1646 1775 et
1678 1740 1796 1786 exigat
1817 1744 2008 1786 quartam,-
2033 1741 2064 1777 si
2094 1751 2186 1776 uxor
2209 1743 2356 1777 ostensa
2383 1742 2494 1779 fuerit

269 1783 364 1814 ἔστω
393 1778 486 1815 κατὰ
513 1782 577 1814 τοῦ
600 1778 730 1828 ἀνδρὸς
755 1782 870 1823 αἰτία,
901 1784 961 1815 καὶ
984 1778 1006 1824 ἡ
1028 1780 1116 1828 γυνὴ
1139 1779 1267 1816 τούτου
1290 1796 1344 1829 γε·
1414 1785 1594 1827 extitisse,
1629 1785 1715 1821 licet
1749 1789 1852 1821 extra
1883 1786 2001 1822 dotem
2035 1786 2239 1822 convenerit
2269 1787 2488 1826 iuriiurando

268 1824 414 1872 γονότος
438 1823 630 1871 ῥεπούδιόν
659 1840 699 1860 τε
723 1826 823 1870 αὐτῷ
847 1825 1025 1861 στελλέτω
1054 1830 1115 1861 καὶ
1143 1824 1344 1862 ἀπαιτείτω
1415 1829 1574 1865 credens:
1622 1830 1716 1875 Quid
1738 1831 1831 1866 enim
1852 1835 1937 1876 agat
1959 1831 2058 1866 aliud
2089 1841 2182 1876 quae
2205 1831 2252 1867 ad
2275 1831 2394 1868 dotem
2417 1843 2489 1868 non

210 1886 213 1888 ·
269 1869 311 1904 τὸ
334 1873 520 1918 τέταρτον,
551 1872 583 1905 εἰ
606 1870 768 1915 δειχθείη
791 1871 928 1918 γαμετὴ
952 1871 1194 1914 καθεστῶσα,
1223 1871 1291 1907 κᾶν
1314 1874 1346 1908 εἰ
1356 1875 1400 1909 35
1413 1878 1469 1911 est
1502 1875 1650 1920 idonea,
1682 1880 1788 1922 quam
1823 1879 1865 1912 ut
1895 1879 2008 1912 semet
2035 1877 2152 1922 ipsam
2180 1877 2248 1913 sub
2281 1878 2376 1913 omni
2408 1877 2492 1914 dote

883 1914 900 1926 υ
1142 1914 1151 1925 Ι

269 1915 414 1963 προικὸς
442 1920 549 1961 χωρὶς
585 1916 750 1959 συνῆλθε·
775 1920 849 1951 τοῖς
880 1929 995 1964 ορκοις
1024 1929 1261 1953 πιστευσασα.
1307 1923 1347 1953 τί
1415 1920 1629 1956 contradat?

268 1961 335 2007 γὰρ
359 1959 404 1996 ἂν
428 1961 595 2009 πράξειεν
618 1961 704 1997 ἄλλο
728 1960 750 2006 ἡ
772 1962 918 2008 προικὸς
940 1960 1004 1997 οὐκ
1026 1960 1231 2008 εὖποροῦσα
1258 1960 1280 2007 ἢ
1301 1964 1344 1998 τὸ
1514 1999 1517 2002 ,

268 2009 290 2042 1
335 2007 465 2051 ἑαυτὴν
496 2006 578 2042 ἀντὶ
609 2005 725 2051 πάσης
755 2006 943 2043 ἐπιδοῦναι
975 2007 1134 2056 προικός;
1178 2011 1273 2043 ἔστω
1306 2007 1346 2043 δὲ
1413 2012 1434 2046 1
1480 2010 1535 2046 Sit
1557 2014 1679 2047 autem
1704 2013 1742 2046 et
1769 2011 1910 2047 soboles
1933 2011 2090 2056 legitima
2111 2012 2218 2048 etiam
2241 2012 2352 2050 invito
2375 2017 2488 2060 patre.

268 2055 328 2086 καὶ
357 2051 379 2096 ἡ
399 2054 495 2109 γονὴ
516 2057 649 2108 γνησία
679 2057 740 2087 καὶ
762 2052 909 2088 ἄκοντος
940 2057 1003 2088 τοῦ
1034 2051 1181 2100 πατρός.
1227 2051 1248 2097 ‹j›
1275 2055 1343 2101 γὰρ
1412 2055 1479 2100 Qui
1510 2057 1604 2092 enim
1633 2055 1682 2092 ad
1699 2058 1781 2092 ·hoc
1812 2057 1958 2102 nuptias
1985 2056 2073 2093 fecit
2102 2060 2140 2093 et
2162 2057 2254 2094 filios
2276 2060 2490 2106 procreavit,

269 2099 330 2132 ἐπὶ
347 2112 463 2142 τουτῳ
481 2111 596 2145 γημας
612 2112 652 2133 τε
671 2101 732 2133 καὶ
751 2096 1114 2144 παιδοποιησάμενος,
1135 2100 1196 2146 ἐφ’
1214 2098 1245 2143 ᾧ
1264 2113 1346 2147 γνη-
1360 2104 1402 2136 40

268 2191 306 2224 in
330 2188 431 2225 bellis
450 2192 683 2236 consumptae
704 2200 748 2224 cu
775 2188 884 2224 iditas
903 2199 962 2224 res
980 2193 1037 2225 est
1054 2200 1187 2236 maqno
1204 2188 1326 2225 studio
1347 2189 1460 2237 diqna
1482 2194 1519 2226 et
1536 2202 1632 2237 quae
1654 2192 1781 2227 merito
1805 2190 1984 2227 laudetur.
2031 2190 2163 2238 Itaque
2185 2192 2286 2239 quod
2306 2194 2436 2231 attinet
2458 2199 2496 2232 et

268 2235 317 2270 ad
339 2234 427 2270 viles
451 2245 635 2281 personas
657 2238 693 2270 et
715 2246 738 2270 a
787 2234 918 2274 milites
944 2239 1107 2270 armatos
1130 2234 1302 2270 obscuros
1324 2239 1361 2271 et
1383 2236 1570 2282 aqricolas
1598 2236 1743 2272 licentia
1773 2236 1824 2272 sit
1851 2237 1897 2272 iis
1924 2237 2032 2272 etiam
2054 2237 2132 2274 sine
2160 2239 2345 2285 scriptura
2366 2250 2491 2277 conve-

268 2279 390 2316 niendi
419 2286 454 2315 et
483 2279 725 2326 coniunqendi
751 2279 822 2315 sibi
849 2279 1042 2323 mulieres,
1065 2277 1185 2326 atque‘
1198 2279 1300 2315 liberi
1326 2280 1475 2327 ieqitimi
1496 2282 1587 2324 sint,
1624 2282 1689 2328 qui
1715 2284 1917 2329 parentum
1939 2281 2220 2319 mediocritatem
2242 2283 2299 2320 vel
2320 2284 2493 2322 militaria

268 2330 332 2361 aut
362 2325 500 2360 rustica
524 2326 671 2372 neqotia
694 2328 729 2361 et
751 2326 976 2361 inscientiam
1000 2325 1179 2361 adiuvent.
2185 2373 2192 2381 ⁸

405 2371 446 2406 V.
495 2369 672 2414 Quoniam
698 2375 817 2406 autem
840 2381 891 2406 ex
914 2370 1135 2407 aditionibus
1189 2371 1294 2407 uibus
1315 2382 1456 2418 semper
1485 2372 1643 2419 petimur
1666 2373 1822 2408 omnium
1847 2372 1989 2419 quidem
2011 2373 2299 2419 frequentissime
2326 2374 2495 2413 maiem-

256 2416 443 2469 vconqueri
467 2421 501 2451 et
524 2416 695 2452 nuntiare
719 2416 897 2459 audimus,
929 2427 1006 2452 esse
1029 2417 1093 2463 qui
1113 2382 1306 2463 affictione
1329 2428 1418 2464 erqa
1442 2419 1542 2464 ipsas
1559 2418 1644 2453 victi
1664 2417 1808 2454 domum
1831 2429 1895 2470 eas
1917 2418 2053 2471 ducant
2082 2423 2117 2454 et
2148 2418 2280 2455 divinis
2300 2420 2495 2468 scriptu-is

270 2468 374 2498 tactis
397 2462 453 2498 vel
476 2463 513 2497 in
538 2462 713 2497 oratoriis
735 2465 963 2497 sacramento
985 2462 1162 2508 praestito
1185 2473 1224 2498 se
1248 2473 1311 2498 eas
1335 2462 1515 2509 leqitimas
1538 2474 1676 2499 uxores
1703 2475 1780 2499 esse
1802 2463 1992 2500 habituros
2019 2468 2071 2499 tta
2120 2475 2161 2500 er
2183 2464 2198 2500 l
2355 2469 2494 2513 tempus
2537 2473 2541 2478 ’

268 2509 320 2543 eis
335 2511 487 2543 utantur
503 2512 538 2543 et
553 2507 685 2543 liberos
698 2508 863 2553 fortasse
904 2511 1083 2550 rocreent,
1099 2506 1229 2543 deinde
1243 2507 1306 2543 ubi
1320 2508 1519 2560 cupiditate
1534 2509 1802 2545 earum'satiati
1813 2509 1886 2544 sint
1903 2509 1960 2544 vel
1973 2509 2051 2545 sine
2068 2509 2092 2544 la
2117 2510 2189 2545 eris
2203 2521 2246 2546 ve
2274 2521 2354 2546 cum
2371 2511 2494 2548 liberis

269 2564 331 2588 eas
354 2552 517 2589 domibus
541 2552 691 2595 eiciant,
727 2553 835 2588 etiam
892 2553 950 2588 uic
978 2553 1033 2588 rei
1065 2552 1260 2588 remedium
1283 2553 1524 2589 adhibendum
1555 2564 1632 2590 esse
1663 2554 1910 2590 iudicavimus.
1957 2553 2009 2590 Et
2029 2550 2205 2600 siquidm
2227 2555 2357 2592 mulier
2377 2556 2495 2594 modes
2536 2603 2539 2607 Ι

270 2597 436 2644 leqitimis
461 2597 648 2633 ostendere
669 2599 850 2644 potuerit,
887 2598 1003 2634 virum
1027 2609 1071 2633 ea
1093 2608 1131 2634 se
1154 2597 1365 2634 condicione
1387 2599 1426 2634 in
1449 2598 1594 2635 domum
1616 2600 1813 2646 recepisse,
1850 2602 1889 2635 ut
1913 2599 2108 2646 Zeqitimam
2131 2604 2287 2636 uxorem
2307 2605 2344 2637 et
2364 2601 2509 2652 libero·-

269 2654 348 2678 rum
373 2642 613 2688 leqitimorum
636 2647 786 2678 matrem
810 2643 968 2685 haberet,
991 2643 1092 2679 nullo
1116 2644 1189 2678 iam
1208 2643 1315 2679 modo
1339 2644 1393 2679 illi
1417 2644 1562 2680 licentia
1584 2644 1690 2680 detur
1713 2649 1841 2680 contra
1865 2644 1956 2691 leqis
1977 2645 2267 2681 constitutionem
2291 2657 2370 2682 cam
2385 2646 2492 2683 domo

269 2687 486 2734 expellendi,
510 2687 575 2722 sed
594 2687 723 2723 habeat
747 2699 825 2723 eam
848 2688 1044 2733 leqitimam
1065 2689 1208 2734 sintque
1228 2688 1332 2724 liberi
1355 2689 1388 2724 ei
1412 2689 1571 2735 leqitimi.
1619 2690 1737 2736 Atque
1756 2690 1822 2725 illa
1843 2689 2019 2741 siquidem
2029 2689 2205 2741 ‘indotata
2229 2690 2290 2742 sit,
2313 2690 2494 2737 beneficiis

269 2744 319 2769 ex
342 2733 596 2769 constitutione
619 2738 746 2768 nostra
770 2734 947 2768 concessis
969 2734 1141 2776 fruatur,
1164 2738 1206 2770 ut
1228 2739 1395 2780 quartam
1411 2739 1556 2781 partem
1580 2734 1804 2771 substantiae
1827 2735 1894 2769 viri
1918 2739 2094 2780 accipiat,
2117 2745 2192 2787 sive
2214 2738 2328 2771 eiecta
2349 2738 2399 2772 sit
2418 2737 2494 2773 sibe

269 2779 376 2814 etiam
401 2782 508 2812 antea
532 2778 647 2813 virum
671 2778 840 2813 amiserit.
889 2777 968 2820 Qua
992 2779 1030 2812 in
1053 2790 1094 2813 re
1116 2789 1191 2813 non
1215 2778 1440 2822 laboramus,
1476 2783 1597 2815 utrum
1626 2790 1704 2815 eam
1737 2779 1890 2826 repudio
1919 2790 2008 2815 usus
2039 2790 2087 2814 an
2117 2790 2196 2832 sine
2227 2790 2270 2816 eo
2300 2780 2493 2818 dunusci-nt.-

270 2835 384 2870 neque
408 2823 501 2858 enim
525 2823 714 2859 verisimile
736 2828 790 2858 est
813 2835 893 2859 eum
913 2835 952 2858 re
980 2823 1102 2858 udium
1132 2823 1190 2858 illi
1210 2824 1350 2859 mittere
1374 2825 1438 2870 qui
1460 2825 1561 2871 ipsas
1584 2825 1731 2871 nuptias
1754 2825 1941 2869 infitiatur.
1998 2823 2130 2860 Verum
2158 2835 2189 2860 st
2221 2836 2302 2861 eam
2330 2826 2408 2863 sine
2430 2838 2493 2863 ra-

271 2870 367 2905 tione
383 2868 489 2903 domo
510 2868 662 2911 eiecerit,
688 2868 756 2903 hoc
778 2868 896 2914 ipsum
962 2879 1085 2904 versus
1101 2868 1216 2904 virum
1237 2879 1348 2904 causa
1364 2871 1422 2911 sit,
1446 2874 1481 2905 et
1500 2869 1630 2904 mulier
1647 2868 1716 2905 hoc
1737 2870 1840 2915 facto
1865 2873 1900 2905 et
1922 2868 2112 2921 repudium
2130 2870 2166 2905 ei
2183 2870 2302 2906 mittat
2323 2875 2361 2907 et
2381 2883 2492 2919 quar—

271 2919 343 2949 tam
360 2917 506 2960 partem
530 2914 677 2959 exiqat,
709 2913 741 2948 si
764 2924 864 2948 uxor
886 2914 1003 2958 fuisse
1019 2913 1216 2960 probetur,
1249 2914 1389 2949 etiamsi
1408 2915 1486 2950 sine
1509 2914 1594 2950 dote
1617 2914 1666 2949 ad
1689 2925 1768 2949 eum
1792 2914 1929 2950 venerit
1957 2914 2173 2965 zui-iurando
2204 2916 2351 2961 confisa.
2398 2916 2495 2960 Quid

269 2962 290 2995 1
336 2959 430 3000 enim
454 2958 556 2993 aliud
577 2960 693 3005 eqerit
714 2970 758 2994 ea
782 2959 840 2994 cui
863 2959 960 2994 dotis
983 2959 1091 3005 copia
1115 2970 1189 2993 non
1215 2963 1269 2994 est
1292 2960 1362 2994 nisi
1385 2964 1426 2995 ut
1448 2970 1487 2995 se
1518 2960 1637 3005 ipsam
1667 2959 1747 2994 loco
1780 2960 1896 2994 omnis
1926 2958 2022 3010 dotis
2048 2958 2197 2995 tradat?
2245 3005 2253 3012 .
2322 2959 2381 2997 Set
2408 2973 2492 2999 vero

270 3005 378 3041 etiam
398 3003 542 3039 suboles
565 3003 725 3050 leqitima
748 3003 804 3040 vel
826 3004 936 3039 invito
953 3009 1077 3050 patre.
1124 3003 1220 3039 Nam
1243 3005 1306 3050 qui
1323 3008 1520 3052 propterea
1544 3015 1698 3040 uxorem
1721 3004 1829 3040 duxit
1851 3008 1888 3039 et
1909 3003 2041 3039 liberos
2058 3009 2278 3051 procreavit,
2303 3011 2344 3043 ut
2366 3008 2494 3045 mulier

314 3099 335 3131 6
347 3109 414 3141 μετ
438 3091 568 3137 ιότητι]
587 3097 646 3128 aut
658 3094 919 3127 mediocritatem
936 3097 969 3135 (i.
985 3108 1010 3128 ε.
1026 3091 1280 3139 ἢμετριότητι)
1297 3107 1317 3131 ς
1336 3096 1348 3134 Η
1416 3097 1437 3130 9
1462 3095 1589 3128 suerint
1609 3095 1643 3129 R
1666 3094 1679 3137 fl
1708 3093 1838 3127 assidue
1870 3094 1936 3128 VT
1949 3086 2007 3136 αἱ]
2032 3097 2140 3128 tamen
2160 3095 2291 3129 assidue
2314 3097 2349 3131 R
2370 3099 2457 3142 vuly.

271 3147 289 3177 ἵ
314 3146 402 3187 βουη
436 3139 579 3185 ούμενοι
606 3141 650 3173 Μ
674 3145 688 3184 fl
714 3142 734 3173 9
759 3136 842 3182 ’δὴ1
869 3137 907 3172 δὲ
933 3140 978 3173 Μ
995 3153 1052 3173 om.
1067 3152 1086 3176 ς
1111 3142 1165 3183 (cf.
1192 3142 1313 3181 adnot.)
1337 3139 1349 3184 ΙΙ
1416 3140 1569 3173 audimus
1598 3140 1640 3180 Τ]
1665 3139 2078 3184 audiuimusRVvulffin
2096 3142 2353 3182 ingemescentes
2378 3143 2464 3178 RT²

272 3191 371 3231 lisq.
396 3186 475 3221 εἶτα
497 3183 632 3219 ταύτας
656 3193 685 3219 et
707 3187 767 3218 καὶ
792 3199 850 3218 om.
866 3197 883 3221 ς
913 3184 925 3228 ΙΙ
952 3187 993 3218 15
1016 3186 1076 3227 leq.
1092 3182 1348 3219 παιδοποιοῦν-
1420 3188 1461 3220 10
1474 3196 1587 3219 eorum
1603 3184 1647 3218 V¹
1662 3184 1674 3227 ΙΙ
1695 3186 1732 3218 11
1749 3183 1873 3217 ducant
1886 3185 2019 3224 om.R¹;
2036 3196 2089 3218 eas
2102 3187 2179 3220 add.
2189 3188 2277 3231 vuly.
2288 3186 2301 3231 ΙΙ
2322 3189 2363 3222 12
2377 3191 2503 3222 tenen-⁴

269 3235 355 3268 rat?
372 3234 384 3277 11
405 3234 444 3268 18
469 3234 530 3265 καὶ
549 3230 660 3278 εἴπερ]
685 3233 724 3263 ut
747 3231 776 3263 si
800 3243 819 3266 ς
837 3229 850 3274 ΙΙ
866 3231 908 3263 25
929 3227 1134 3271 διατάξεως]
1158 3231 1241 3263 Nou.
1259 3231 1353 3263 LIII
1417 3234 1465 3263 tes
1490 3230 1538 3263 R*
1566 3229 1579 3274 ΙΙ
1609 3231 1648 3264 15
1673 3229 1851 3262 saciauerit
1875 3240 1988 3262 eorum
2013 3231 2062 3264 Β*
2086 3231 2099 3274 ΙΙ
2130 3234 2169 3266 17
2195 3231 2350 3285 *gancire
2374 3234 2453 3268 libri

271 3281 328 3313 c.6
344 3279 357 3323 ΙΙ
376 3281 419 3313 29
431 3273 671 3321 *ἀποπέμψοι
685 3277 730 3309 Μ
741 3276 886 3308 dimittet
898 3287 928 3308 υ.
944 3276 964 3308 Ι.
978 3287 998 3310 ς
1016 3275 1028 3319 ΙΙ
1046 3277 1087 3309 30
1100 3274 1214 3321 ταύτῃ
1234 3289 1292 3309 οηι.
1307 3287 1325 3311 ς
1338 3275 1349 3319 ΙΙ
1416 3277 1467 3317 ut]
1493 3276 1552 3319 leq.
1570 3275 1628 3307 et?
1644 3274 1656 3318 [Ι
1677 3275 1717 3309 18
1737 3274 1828 3316 quia]
1853 3285 1952 3316 quam
1967 3275 2019 3327 R}
2037 3274 2049 3327 [Ι
2068 3279 2108 3311 19
2133 3276 2196 3318 vir]
2219 3289 2241 3310 u
2267 3278 2414 3320 (iambi)
2438 3279 2474 3312 V

272 3328 314 3359 33
335 3324 447 3365 αἰτία]
473 3324 562 3356 iusta
585 3322 732 3355 causatio
756 3334 777 3358 ς
1417 3331 1530 3353 earum
1550 3320 1598 3353 V¹
1625 3318 1638 3363 ΙΙ
1662 3319 1789 3363 accepit
1810 3319 1859 3352 V2
1869 3321 1917 3362 Τ]
1941 3323 2064 3363 accipit
2087 3323 2130 3364 R,
2155 3335 2212 3356 om.
2238 3323 2286 3355 V*
2318 3323 2331 3365 ΙΙ
2359 3325 2409 3365 nt]
2432 3328 2492 3357 aut

274 3384 1230 3394 Wffl—
1417 3366 1465 3398 R¹
1485 3365 1498 3409 ΙΙ
1516 3366 1558 3399 23
1574 3364 1666 3397 illam
1686 3365 1819 3407 quidem
1837 3365 2000 3407 siquidem
2016 3367 2115 3408 Tua]
2141 3366 2232 3400 illam
2253 3368 2385 3410 quidem
2408 3369 2439 3402 si
2459 3369 2493 3403 R

320 3419 334 3450 1
362 3412 679 3456 *concupiscentiae
704 3412 781 3445 libri
803 3411 816 3455 ΙΙ
849 3411 994 3443 studiose
1020 3410 1131 3443 RVT
1139 3411 1146 3430 ¹
1177 3410 1189 3452 ΙΙ
1219 3412 1238 3444 2
1262 3410 1349 3445 sicut
1416 3410 1476 3443 illa
1494 3410 1657 3452 siquidem
1678 3410 1735 3454 Vn
1753 3411 1794 3444 25
1811 3410 2029 3444 substantiam
2053 3412 2105 3456 Vn
2123 3413 2361 3456 percipientem
2378 3413 2493 3459 viriq-{1

271 3462 347 3494 RV
366 3460 380 3504 11
401 3463 434 3494 et
459 3460 535 3493 add.
555 3459 644 3501 vulq.
673 3456 687 3501 ΙΙ
709 3458 735 3491 ,3
760 3458 793 3490 et
816 3467 883 3489 non
908 3456 1044 3498 scripto]
1070 3466 1108 3488 ex
1133 3466 1199 3488 non
1225 3455 1348 3498 scripto
1417 3457 1459 3489 26
1484 3456 1546 3496 vir]
1572 3468 1589 3488 u
1613 3457 1647 3496 (ἰ.
1662 3469 1687 3489 ε.
1702 3456 1773 3498 ubi)
1796 3455 1846 3489 1⁷¹
1871 3455 1884 3500 ss
1915 3456 1955 3489 27
1983 3456 2130 3490 dimittat
2156 3457 2208 3492 Τ2
2218 3459 2320 3502 ναί-φ]
2345 3458 2492 3492 dimittet

272 3507 321 3539 ΗΕ
355 3508 389 3539 et
411 3516 450 3538 ex
475 3515 542 3537 non
565 3503 690 3545 scripto
713 3503 798 3546 vuly.
827 3500 839 3546 ΙΙ
871 3503 892 3535 5
916 3502 1061 3542 sintque]
1099 3502 1166 3533 sint
1191 3500 1301 3534 R¹T¹
1337 3501 1348 3537 ΙΙ
1382 3527 1384 3566 Ι
1416 3500 2491 3591 ἐίΙΤὲΒὲΙέἓιιίἰίὸῗηέ.(ἱῗέὲὶῖἶ)ῙιᾶίἓῗέῗίῗῑῑνῐζΙΙ2ξ3ἳίῑῑαίέίέἰῑιῑιξέῃςέ

1417 3591 1465 3625 13¹
1487 3591 1720 3625 iusiurandum
1747 3592 1799 3626 Τι
1823 3590 1838 3636 Ι
1868 3592 1914 3625 35
1936 3593 2043 3634 ipsum
2070 3593 2119 3626 Β*
2146 3593 2159 3637 ΙΙ
2186 3593 2260 3635 sub]
2284 3603 2345 3636 pro
2367 3595 2424 3628 vul
2445 3619 2454 3627 .
2477 3594 2490 3637 ΙΙ

1414 3637 1518 3678 omni]
1542 3637 1576 3671 dl
1596 3639 1630 3680 (i.
1645 3651 1672 3671 e.
1687 3637 1754 3678 dei)
1772 3638 1805 3671 R
1822 3637 1835 3681 ΙΙ
1852 3637 1894 3671 36
1909 3639 2076 3670 contraxit
2097 3639 2131 3671 V
2142 3637 2154 3683 ΙΙ
2171 3640 2214 3673 39
2226 3639 2343 3672 fecerit
2357 3641 2390 3672 et
2440 3638 2489 3672 'os

1412 3683 1638 3725 procresuerit
1659 3683 1746 3716 R²T

272 3551 426 3592 legitimi]
451 3549 655 3583 matrimonii
679 3548 726 3581 R¹
746 3547 758 3591 ΙΙ
783 3549 853 3589 qui]
878 3547 958 3589 quia
980 3547 1013 3579 R
1030 3546 1042 3589 ΙΙ
1059 3549 1118 3578 aut
1142 3559 1199 3580 om.
1225 3546 1313 3589 vulq.
1336 3544 1348 3598 [Ι

272 3597 469 3629 mediocrem
482 3596 530 3628 Β*
549 3594 561 3638 ΙΙ
578 3596 598 3628 6
611 3594 675 3635 vel]
694 3596 752 3625 aut
768 3594 800 3626 Τ
810 3592 823 3636 ΙΙ
841 3593 1049 3635 operationes
1066 3592 1097 3625 T
1111 3591 1124 3635 ΙΙ
1140 3593 1159 3626 8
1174 3594 1261 3625 rubr.
1280 3592 1346 3643 9111

273 3645 351 3674 sunt
370 3641 529 3683 legittimi
547 3640 610 3671 filii
634 3639 688 3672 uel
705 3638 873 3671 naturales
894 3637 950 3671 uel
965 3639 1120 3670 neutrum
1146 3648 1257 3670 eorum
1281 3648 1304 3671 1.
1318 3649 1344 3670 e.

272 3687 307 3728 (i.
322 3698 348 3719 e.
363 3699 420 3719 om.
432 3687 478 3727 R)
492 3696 531 3718 ex
545 3685 721 3727 dampnata
734 3683 1022 3727 copulatioueRT
1027 3685 1058 3717 in
1072 3695 1174 3725 murq.
1185 3684 1236 3725 (ez
1245 3683 1321 3726 Iul.)
1333 3681 1347 3727 ss
