2476 3854
1217 134 1298 181 531
1956 136 2064 180 Nov.
2093 135 2231 180 CXIII
2264 137 2369 178 1—3

1294 246 1469 283 cientibus
1488 247 1744 293 spectabilibus
1766 246 1900 283 nostris
1919 245 2178 282 referendariis.
2212 245 2264 281 Et
2279 246 2370 281 haec

1296 291 1463 334 dicimus,
1505 292 1580 328 sive
1614 303 1659 328 ex
1692 303 1798 329 sacra
1832 296 1956 328 nostra
1990 291 2175 327 sanctione
2210 291 2370 326 iudicare

1296 336 1470 382 quispiam
1499 337 1691 382 deputatus
1722 342 1777 374 est
1810 338 1882 373 sive
1914 347 1958 372 ex
1988 341 2182 381 praecepto
2212 336 2369 371 iudiciali

1294 381 1367 416 sive
1402 383 1598 418 secundum
1632 383 1848 418 arbitrorum
1882 386 1946 418 aut
1979 381 2370 426 compromissariorum

1261 429 1281 460 5
1295 426 1439 461 schema
1462 428 1704 471 quaestionem
1728 427 1838 469 audit,
1862 427 1936 463 sive
1959 426 2094 471 scripto
2116 426 2189 461 sive
2212 425 2288 461 sine
2311 426 2368 461 lit-

1293 470 1389 506 teris.
1438 471 1508 507 Sed
1530 473 1586 507 vel
1614 473 1645 508 si
1668 473 1748 517 quis
1778 472 1934 508 iudicum
1963 471 2146 517 propritim
2170 470 2368 515 despiciens

1294 515 1444 551 salntem
1468 527 1512 551 ex
1526 517 1645 562 aliquo
1669 518 1733 552 tali
1756 517 2035 562 praesumpserit
2057 516 2267 552 sententiam
2286 526 2367 561 pro·

148 149 241 182 NON
266 149 385 181 rimu
412 149 580 182 SACRAS
607 149 782 182 remus

150 259 256 283 πτων
276 245 380 291 ἡμῶν
407 246 703 294 ρεφεῳνδαρίων.
748 251 810 282 καὶ
838 246 956 282 ταῦτά
986 260 1124 293 φαμεν,
1154 247 1226 282 εἴτε

149 294 189 326 ἐκ
212 292 316 327 θείου
338 290 442 336 ἡμῶν
463 294 715 338 θεσπίσματος
737 291 898 335 δικάζειν
919 304 974 327 τις
996 292 1134 335 ἐτάχθη
1156 292 1228 326 εἴτε

150 339 188 370 ἐκ
219 338 442 382 προςτάξεως
471 337 615 383 ἀρχικῆς
644 338 716 373 εἴτε
742 338 834 372 κατὰ
857 337 901 372 τὸ
925 338 1004 372 τῶν
1026 337 1182 384 αἱρετῶν
1203 333 1228 380 ἢ

148 386 489 429 κομπρομισσαρίων
519 382 786 429 διαγνωμόνων
814 383 936 426 σχῆμα
963 384 1025 426 τῆς
1049 381 1228 425 ζητήσεως

147 428 333 479 ἀκροᾶται,
356 428 428 462 εἴτε
512 427 635 473 ράφως
652 429 723 462 εἴτε
732 426 964 506 γριῖἕμάτων
983 431 1100 472 χωρίς.
1135 424 1226 461 ἀλλὰ

148 485 219 506 καν
248 472 285 505 εἴ
307 484 362 507 τις
390 474 468 507 τῶν
497 471 680 507 δικαστῶν
706 484 767 513 της
794 473 803 483 ’
827 476 881 506 ιάς
903 472 1135 518 περιφρονῶν
1156 483 1226 506 σω-

147 520 272 560 τηρίας
301 519 341 551 ἔκ
370 529 468 552 τινος
493 518 656 552 τοιούτου
685 516 874 560 τολμήσειε
905 518 1031 562 ψῆφον
1059 519 1100 551 ἐν
1178 519 1225 558 ἲν,

147 561 285 603 ταύτην
306 558 422 596 οὕτως
449 561 583 608 ἄκυρον
605 563 697 596 εἴναι
724 561 951 606 βουλόμεθα,
982 560 1031 596 ὠς
1057 575 1106 605 μη
1131 562 1150 595 ἐ
1170 563 1225 595 ἐκ-
1293 560 1397 601 ferre,
1421 560 1514 596 hanc
1537 562 1589 596 ita
1611 563 1786 597 infirmam
1809 573 1887 598 esse
1909 563 2083 604 volumus,
2107 566 2149 596 ut
2166 570 2282 605 neque
2303 571 2368 605 ap-

148 605 276 646 κλῆτου
298 604 535 650 προςδεῖσθαι
562 605 653 650 μηδὲ
679 607 748 650 τὴν
762 609 810 640 ’ἐκ
842 609 920 642 τῶν
942 610 1225 652 κομπρομίσσων
1291 605 1484 650 pollutione
1507 607 1663 651 indigeat
1693 617 1808 652 neque
1838 618 1882 643 ex
1906 606 2170 653 compromissis
2192 604 2369 641 inferatur

148 649 297 704 ἐπάγειν
326 651 477 694 ποινήν·
511 650 609 696 ἡμεῖς
641 652 711 709 γὰρ
740 649 906 686 ἅπαντας
935 651 1019 686 τοὺς
1053 650 1224 686 δικαστὰς
1238 653 1280 686 10
1291 660 1425 695 poena:
1460 662 1527 686 nos
1550 652 1643 686 enim
1666 663 1787 687 omnes
1810 652 1945 688 iudices
1969 652 2164 688 secundum
2185 650 2368 696 generales

147 708 238 729 κατα
261 695 341 730 τοὺς
361 695 519 741 γενικούς
537 694 641 741 ἡμῶν
662 708 793 741 νομους
815 693 877 731 τάς
899 710 939 731 τε
962 695 1139 738 ἐξετάσεις
1158 694 1224 730 τάς
1291 698 1434 731 nostras
1466 696 1563 740 leges
1594 702 1629 732 et
1653 697 1930 733 examinationes
1963 700 2001 733 et
2022 696 2219 733 sententias
2248 695 2369 731 facere

147 752 188 773 τε
210 744 340 787 κρίσεις
363 742 551 776 ποιεῖσθαι
573 741 793 786 βουλόμεθα.
838 739 973 776 Ἐκεῖνο
997 740 1037 776 δὲ
1051 743 1136 786 ,τῶν
1158 739 1223 775 ἅν·-
1290 739 1462 776 Volumus.
1510 741 1602 776 Illud
1626 752 1765 787 quoque
1787 742 2026 778 indubitatum
2049 746 2120 785 est,
2146 741 2231 786 quia.
2252 751 2369 785 neque

147 784 433 831 ωμολογημένων
455 789 567 827 ἐστίν,
591 784 639 822 ὠς
661 785 746 821 οὐδὲ
767 785 896 832 ἆρχική
912 798 965 822 τις
980 787 1150 831 κρατήσει
1169 789 1222 820 κε’·
1291 785 1465 820 iudicialis
1495 786 1675 831 quaelibet
1705 787 1836 822 valebit
1863 788 1975 823 iussio
2011 793 2114 823 extra
2144 786 2240 832 quod
2272 785 2366 822 ordi·

147 827 261 864 lewis
282 828 382 875 παρὰ
412 831 454 866 τὸ
479 830 759 879 διατεταγμένον
783 830 879 875 τῷδε
902 829 1008 876 ἡμῶν
1029 832 1084 875 τῷ
1107 830 1222 875 νόμῳ.
1290 833 1415 865 natum
1438 836 1493 866 est
1515 833 1584 867 hac
1607 835 1731 867 nostra
1753 832 1841 876 lege.

1139 907 1296 944 CAPUT
1317 908 1363 944 11.

190 962 288 1009 Πρὸς
318 962 458 999 τούτοις
491 963 531 999 δὲ
563 964 706 1001 κάκεῖνο
739 965 820 1001 τοὺς
854 964 1066 1008 δικάζοντας
1092 963 1224 999 εἰδέναι
1238 967 1279 999 15
1359 965 1475 1009 Super
1503 964 1594 1000 haec
1629 967 1747 1000 autem
1782 969 1818 1000 et
1852 965 1940 1000 illud
1971 965 2107 1000 iudices
2139 975 2246 1000 nosse
2275 976 2367 1010 opus

146 1007 268 1052 χρεόν,
289 1005 337 1043 ὥς
359 1011 535 1055 προςῆκόν
558 1013 660 1046 ἐστιν
683 1009 810 1046 αὐτοὺς
832 1014 893 1045 καὶ
914 1011 979 1046 τὰς
999 1013 1056 1045 ἔτι
1077 1012 1139 1044 καὶ
1157 1010 1226 1043 νῦν
1292 1014 1365 1051 est,
1396 1009 1480 1053 quia
1503 1015 1707 1054 competens
1731 1014 1786 1045 est
1809 1020 1871 1045 eos
1901 1014 1937 1044 et
1960 1020 2052 1055 quae
2071 1010 2188 1046 adhuc
2212 1015 2248 1045 et
2270 1021 2368 1045 nunc

146 1056 353 1097 κινουμένας
376 1054 538 1097 ζητήσεις
559 1055 653 1090 κατὰ
677 1055 756 1091 τοὺς
774 1056 934 1103 γενικοὺς
956 1053 1061 1100 ἡμῶν
1082 1057 1226 1099 τέμνειν
1291 1058 1479 1090 moventur
1511 1055 1738 1100 quaestiones
1768 1054 1964 1091 secundum
1992 1056 2174 1099 generales
2205 1055 2367 1091 determi-

147 1096 291 1141 νόμους,
323 1095 392 1134 κᾶν
422 1100 458 1133 εἴ
483 1112 537 1134 τις
565 1099 632 1143 ἤδη
661 1101 767 1136 θεῖον
796 1102 965 1147 ἔφθασεν
990 1097 1225 1145 πορισάμενος
1291 1109 1379 1134 nare
1411 1099 1524 1144 leges,
1562 1100 1617 1135 vel
1654 1100 1684 1135 si
1719 1100 1799 1144 quis
1833 1100 1904 1135 iam
1939 1101 2135 1145 praecessit
2170 1100 2367 1144 impetrans

147 1142 338 1187 θέσπισμα
373 1142 567 1179 διατάττον
601 1145 671 1189 τὴν
703 1148 767 1180 τοῦ
802 1145 973 1181 δικαστοῦ
1005 1146 1170 1184 ἐξέτασιν
1199 1142 1224 1188 ἢ
1291 1144 1511 1180 sanctionem
1555 1145 1803 1190 disponentem
1843 1145 2032 1180 iudicantis
2071 1145 2368 1180 examinationem

147 1191 274 1232 κρίσιν.
326 1187 393 1223 τὸν
410 1189 480 1235 γὰρ
510 1191 652 1225 τοιοῦτό
683 1206 720 1225 τι
746 1191 988 1236 πορισάμενον
1011 1187 1079 1233 ἤδη
1102 1188 1224 1244 ψήφου
1236 1192 1279 1224 20
1291 1193 1356 1224 aut
1378 1190 1600 1225 sententiam.
1647 1190 1693 1224 Ei
1717 1190 1827 1233 enim,
1858 1190 1919 1234 qui
1941 1191 2014 1225 tale
2041 1190 2175 1235 aliquid
2197 1191 2366 1235 impetra·

146 1246 187 1266 τε
216 1230 424 1268 αὐτοτελοῦς
453 1233 556 1269 οὔπω
586 1236 803 1279 τετυχηκότα
830 1233 937 1270 οὐδὲν
963 1237 1002 1269 ἐκ
1023 1236 1102 1269 τῶν
1125 1235 1225 1278 αυτῷ
1291 1235 1343 1270 vit
1364 1236 1436 1269 iam
1451 1235 1733 1280 sententiamque
1755 1235 1970 1270 definitivam
1989 1235 2145 1270 nondum
2159 1235 2366 1280 promeruit,

147 1282 424 1321 πεπορισμένων
455 1276 679 1324 ὠφελεῖσθαι
706 1280 926 1326 βουλόμεθα.
973 1280 1005 1314 εἰ
1029 1278 1098 1326 γὰρ
1127 1276 1226 1319 ἅπαξ
1292 1280 1380 1315 nihil
1412 1290 1455 1314 ex
1485 1280 1542 1316 his
1574 1290 1666 1325 quae
1694 1280 1896 1324 impetravit
1918 1280 2086 1325 prodesse
2110 1281 2281 1316 volumus.
2328 1279 2368 1316 Si

146 1322 291 1366 ἔφθασε
322 1325 438 1368 ψῆφος
470 1323 658 1368 αὐτοτελὴς
689 1324 860 1368 δοθεῖσα,
892 1322 1058 1369 οὐδαμῶς
1087 1323 1225 1367 ταύτην
1292 1325 1385 1360 enim
1415 1325 1523 1360 semel
1550 1325 1735 1370 praevenit
1763 1325 1941 1360 sententia
1971 1325 2149 1360 definitiva
2171 1325 2273 1367 data,
2303 1335 2366 1360 ne-

147 1370 185 1400 έκ
209 1365 314 1401 τοῦδε
337 1366 441 1412 ἡμῶν
463 1368 848 1416 πολυπραγμονεῖσθαι
867 1371 931 1405 τοῦ
953 1369 1067 1414 νόμου
1089 1368 1224 1404 κελεύο-
1292 1380 1470 1415 quaquam
1492 1370 1587 1406 hanc
1610 1380 1655 1406 ex
1679 1370 1748 1405 hac
1771 1374 1896 1405 nostra
1918 1370 2138 1415 perscrutari
2166 1370 2244 1414 lege
2266 1370 2367 1405 iube-

145 1425 229 1454 μεν,
259 1411 326 1446 κᾶν
355 1414 388 1447 ει·
410 1413 575 1456 ἔκκλητοι·
598 1414 893 1460 ἐπηκολούθησεν
912 1412 935 1458 ἢ
959 1418 1019 1449 καὶ
1040 1411 1111 1448 ἀνα
1165 1413 1224 1448 λα·
1237 1417 1280 1449 25
1291 1426 1383 1456 mus,
1406 1415 1490 1457 licat
1512 1415 1707 1461 appellatio
1730 1415 1923 1450 subsecuta
1947 1415 1993 1451 sit
2016 1419 2079 1450 ant
2101 1415 2366 1450 retractationis

147 1454 288 1502 φήσεώς
320 1460 401 1492 ἐστι’
427 1470 482 1493 τις
511 1458 611 1494 ἐλπὶς
640 1459 731 1495 κατὰ
760 1462 824 1504 τῆς
845 1459 979 1506 ψήφου.
1023 1460 1092 1503 τὴν
1135 1461 1153 1493 ἑ
1173 1458 1223 1504 μὴ
1291 1463 1348 1495 est
1370 1460 1492 1505 aliqua
1511 1470 1595 1506 spes
1610 1465 1737 1496 contra
1752 1461 1975 1496 sententiam.
2021 1460 2114 1495 Eam
2133 1465 2252 1496 autem
2275 1470 2368 1505 quae

146 1503 334 1537 τυποῦσαν
355 1505 423 1547 μὲν
442 1503 509 1537 τὸν
532 1502 728 1548 δικάζοντα
751 1504 774 1548 ἢ
794 1504 952 1548 δικάζειν
973 1504 1150 1549 μέλλοντα
1169 1508 1223 1538 κε·-
1290 1515 1363 1540 non
1387 1505 1553 1550 disponet
1583 1505 1725 1550 quidem
1754 1505 1970 1540 iudicantem
2000 1510 2065 1541 aut
2086 1505 2246 1541 iudicare
2267 1506 2366 1540 futu-

146 1546 284 1599 λευσιν,
315 1544 416 1583 ὅπως
444 1546 518 1583 δέοι
549 1549 618 1593 τὴν
647 1548 796 1594 ζήτησιν
828 1551 1019 1585 ποιεῖσθαι
1050 1547 1072 1593 ἢ
1104 1554 1224 1596 κρίσιν
1290 1561 1370 1585 rum
1392 1551 1600 1593 iussionem,
1632 1550 1808 1596 quomodo
1833 1556 1997 1595 oporteat
2025 1551 2265 1595 quaestionem
2288 1550 2367 1585 fieri

147 1593 217 1626 ἐπα
242 1606 313 1636 ειν,
336 1593 404 1637 τὴν
432 1591 474 1628 δὲ
502 1592 606 1638 δίκην
634 1594 775 1643 σπουδῇ
798 1593 1059 1640 παραδοθῆναι
1079 1598 1222 1639 νομίμῳ
1290 1600 1353 1630 aut
1374 1595 1543 1630 iudicium
1566 1595 1709 1638 inferri,
1740 1606 1884 1630 causam
1908 1606 1991 1631 vero
2022 1596 2140 1631 studio
2162 1595 2257 1630 tradi
2279 1596 2366 1640 legi·

146 1639 213 1680 βου
252 1640 366 1681 μένην
396 1635 418 1680 ἢ
446 1638 515 1682 τὴν
541 1641 619 1674 τῶν
642 1644 908 1688 πεπραγμένων
931 1642 1145 1687 ἐπείγουσαν
1167 1641 1222 1673 ἐκ·
1236 1642 1278 1674 30
1290 1641 1375 1675 timo
1404 1641 1481 1675 vult
1509 1644 1573 1676 aut
1600 1643 1762 1676 actorum
1790 1640 1941 1685 imponit
1969 1641 2158 1676 editionem
2189 1643 2254 1675 aut
2275 1640 2365 1675 iudi-

147 1679 251 1716 δοσιν
274 1679 384 1735 ἢιτὸν
402 1681 578 1728 δικαστὴν
600 1682 876 1731 ἀναγκάζουσαν
892 1684 1051 1729 νόμιμον
1066 1686 1222 1731 ἐνεγκεῖν
1291 1695 1367 1720 cem
1397 1690 1500 1729 coget
1529 1686 1720 1730 legitimam
1749 1687 1909 1730 proferre
1932 1686 2146 1721 sententiam
2175 1689 2240 1721 aut
2262 1686 2367 1721 simul

147 1729 271 1772 ψῆφον
292 1741 314 1770 η
343 1726 586 1772 συνδικαστὴν
615 1730 708 1765 κατὰ
738 1731 819 1765 τοὺς
853 1730 1040 1776 ἡμετέραις
1073 1743 1222 1776 παρεχο-
1290 1731 1397 1766 alium
1427 1731 1582 1766 iudicem
1613 1731 1807 1766 secundum
1837 1735 1979 1766 nostras
2005 1734 2165 1776 praestat
2186 1731 2298 1775 leges,
2330 1735 2367 1765 et

145 1775 258 1816 μένην
287 1771 418 1825 νᾴμους
443 1775 620 1819 γίνεσθαί
646 1789 687 1809 τι
716 1779 777 1810 καὶ
807 1779 952 1822 κρατεῖν
974 1773 1160 1822 ἐγγράφως
1182 1788 1223 1809 τε
1290 1776 1366 1810 fieri
1395 1780 1431 1811 et
1451 1776 1569 1812 valere
1598 1781 1637 1812 et
1657 1777 1792 1822 scripto
1823 1781 1860 1811 et
1881 1777 1957 1812 sine
1980 1776 2159 1822 scriptura
2187 1787 2260 1812 non
2282 1787 2364 1821 pro·

146 1820 206 1850 καὶ
229 1819 401 1863 α’γραφως
422 1822 465 1852 ov
489 1818 683 1863 κωλύομεν.
1289 1820 1462 1856 bibemus.

1134 1898 1291 1934 CAPUT
1312 1898 1378 1935 111.

182 1947 287 1986 Ὥςτε
306 1950 348 1986 δὲ
368 1951 510 1988 πάντας
531 1953 614 1989 τοὺς
635 1953 823 1999 ἡμετέρους
845 1953 1018 2007 ὑπηκόους
1039 1957 1100 1989 καὶ
1120 1953 1222 1998 μάλι-
1236 1957 1279 1990 35
1358 1954 1408 1991 Ut
1438 1958 1558 1990 autem
1590 1965 1713 1991 omnes
1744 1955 1858 1990 nostri
1886 1954 2038 1991 subiecti
2068 1957 2105 1990 et
2126 1955 2278 1990 maxime
2305 1955 2367 2000 qui

146 2009 216 2031 στα
247 1996 326 2032 τοὺς
355 1996 468 2032 δίκαις
495 2001 786 2044 ἐπιτριβομένους
819 2012 888 2043 την
920 1998 1098 2045 ἡμετέραν
1132 1997 1223 2046 ὑπὲρ
1290 1999 1414 2036 litibus
1436 2003 1642 2036 atteruntur
1663 2003 1823 2036 nostram
1846 2011 1913 2045 pro
1932 2010 1972 2035 se
1994 2000 2157 2035 noverint
2178 2000 2365 2045 providen-

202 2067 283 2108 5eq.
306 2067 510 2099 summarium
532 2079 571 2100 ez·
584 2068 661 2100 Alli.
684 2069 839 2110 repetitur
861 2069 895 2100 in
913 2069 1084 2111 paratitlis
1105 2068 1180 2101 Atli.
1197 2070 1216 2101 '1
1237 2072 1296 2107 §4-

142 2143 360 2196 positionem
380 2143 526 2190 faciant
548 2143 760 2189 spectabiles
781 2143 1028 2189 referendarii
1045 2144 1170 2179 nostri.
1217 2146 1336 2190 Atque
1350 2143 1440 2179 haec
1456 2143 1619 2185 dicimus,
1642 2143 1717 2179 sive
1731 2143 1815 2190 quis
1829 2154 1880 2179 ex
1894 2143 2015 2178 divina
2029 2144 2218 2180 sanctione
2237 2149 2366 2180 nostra

145 2188 308 2224 iudicare
335 2189 456 2223 iussus
484 2193 538 2224 est
568 2188 643 2224 sive
671 2199 722 2223 eae
743 2194 946 2235 praecepto
969 2189 1263 2235 maqistratuum,
1293 2189 1367 2224 sive
1387 2188 1583 2224 secundum
1604 2189 1766 2234 formam
1788 2188 1981 2224 electorum
2009 2188 2066 2223 vel
2091 2189 2366 2235 compromissa—

146 2233 283 2268 riorum
307 2233 526 2268 arbitrorum
549 2234 792 2279 quaestionem
810 2234 1007 2275 examinat,
1029 2234 1104 2269 sive
1118 2234 1156 2268 in
1172 2234 1320 2280 scriptis
1333 2234 1407 2269 sive
1421 2233 1500 2268 sine
1513 2233 1672 2279 scriptis.
1709 2231 1784 2268 Sed
1796 2234 1864 2268 etsi
1886 2234 1969 2279 quis
1983 2232 2141 2268 iudicum
2157 2245 2227 2268 sua
2247 2234 2366 2270 salute

146 2282 351 2324 contempta
372 2288 423 2313 ex
444 2277 617 2313 eiusnwdi
639 2277 763 2323 aliquo
784 2283 981 2324 praecepto
1004 2278 1215 2314 sententiam
1246 2280 1351 2323 serre
1373 2288 1484 2312 ausus
1505 2278 1572 2319 sit,
1604 2288 1683 2313 eam
1706 2279 1758 2312 ita
1777 2277 1919 2312 irritam
1948 2289 2024 2313 esse
2047 2278 2226 2320 volumus,
2258 2284 2298 2314 ut
2319 2290 2365 2314 ne

147 2322 392 2369 appellatione
413 2322 556 2368 quidem
578 2322 742 2368 indiqeat
772 2334 888 2368 neque
907 2333 1064 2368 poenam
1094 2334 1145 2358 ex
1167 2333 1243 2358 com
1271 2323 1423 2357 romisso
1444 2322 1615 2357 inducat:
1650 2332 1720 2356 nos
1741 2322 1835 2357 enim
1859 2333 1982 2358 omnes
2003 2322 2139 2358 iudices
2168 2323 2364 2359 secundum

145 2367 333 2413 qenerates
354 2367 452 2413 leqes
473 2372 620 2402 nostras
640 2372 678 2403 et
698 2367 988 2403 examinationes
1010 2372 1044 2402 et
1067 2367 1203 2402 iudicia
1246 2378 1351 2402 acere
1373 2367 1546 2402 volumus.
1593 2365 1694 2401 Illud
1714 2373 1834 2402 autem
1857 2368 1894 2402 in
1918 2368 2088 2413 confesso
2111 2373 2165 2404 est
2186 2379 2231 2404 ne
2250 2369 2364 2414 maqi-

146 2416 325 2447 stratuum
349 2411 489 2458 quidem
512 2412 705 2447 iussionem
727 2412 838 2447 ullam
861 2412 1033 2447 adversus
1055 2412 1095 2446 id
1116 2412 1215 2458 quod
1236 2411 1306 2447 hac
1329 2412 1407 2457 leqe
1430 2416 1559 2446 nostra
1582 2412 1815 2447 constitutum
1838 2416 1893 2447 est
1912 2413 2106 2448 valituram
2127 2423 2216 2448 esse.

281 2456 328 2491 Π.
377 2455 573 2492 Praeterea
594 2457 702 2491 etiam
724 2457 816 2491 illud
837 2456 971 2491 iudices
992 2456 1086 2491 scire
1107 2467 1201 2503 opus
1219 2462 1290 2499 est,
1321 2456 1449 2492 debere
1470 2467 1510 2491 se
1539 2456 1619 2491 lites
1648 2467 1791 2502 quoque
1821 2467 1917 2502 quae
1945 2458 2150 2492 etiamnunc
2175 2459 2365 2504 aqitantur

146 2501 340 2537 secundum
362 2501 547 2547 qenerales
569 2501 667 2547 leqes
688 2507 834 2537 nostras
855 2501 1029 2543 decidere,
1053 2502 1136 2536 licet
1157 2501 1240 2546 quis
1260 2502 1333 2536 iam
1348 2507 1456 2536 antea
1479 2512 1622 2536 sacram
1635 2501 1857 2537 sanctionem
1880 2502 2135 2548 impetraverit,
2158 2513 2253 2548 quae
2270 2503 2362 2538 iudi·

147 2547 199 2582 cis
219 2546 523 2582 examinationem
545 2546 601 2582 vel
620 2547 831 2581 sententiam
851 2547 1067 2592 praecipiat.
1104 2545 1229 2592 Neque
1247 2546 1342 2582 enim
1363 2556 1456 2588 eum,
1479 2547 1544 2591 qui
1556 2546 1731 2581 eiusmodi
1751 2545 1842 2599 quid
1858 2547 1931 2581 iam
1950 2547 2196 2593 impetraverit
2213 2548 2363 2583 necdum

145 2591 358 2627 sententiam
380 2590 598 2634 definitivam
620 2590 832 2632 obtinuerit,
863 2591 1054 2637 quicquam
1085 2602 1135 2626 ex
1163 2591 1209 2626 iis
1239 2601 1333 2636 quae
1362 2591 1569 2637 impetravit
1597 2590 1763 2626 adiuvari
1787 2591 1959 2626 volumus.
2006 2591 2102 2626 Nam
2123 2592 2157 2627 si
2173 2592 2363 2672 geginiu'va

145 2637 321 2671 sententia
342 2635 451 2671 semel
473 2636 548 2670 lata
571 2641 635 2678 est,
657 2636 758 2672 nullo
781 2636 888 2671 modo
912 2647 989 2671 eam
1012 2647 1062 2671 ea:
1084 2635 1153 2670 liae
1174 2635 1253 2681 leqe
1274 2640 1402 2671 nostra
1423 2636 1556 2671 vexari
1576 2634 1752 2678 iubemus,
1783 2636 1923 2671 etiamsi
1945 2636 2146 2683 appellatio
2239 2643 2362 2674 secuta

145 2681 193 2716 sit
208 2681 264 2716 vel
276 2681 385 2716 etiam
399 2681 669 2716 retractationis
686 2691 770 2726 spes
784 2681 908 2727 aliqua
922 2682 971 2715 sit
990 2686 1119 2716 contra
1134 2681 1356 2716 sententiam.
1404 2679 1464 2715 Ea
1479 2691 1563 2716 vero
1583 2681 1694 2715 iussio
1741 2691 1809 2716 uae
1826 2692 1901 2716 non
1910 2682 2096 2728 praecipit
2114 2681 2289 2717 iudicanti
2308 2682 2365 2718 vel

146 2725 350 2760 iudicaturo
373 2725 552 2771 quomodo
577 2726 821 2777 quaestionem
844 2726 1028 2761 instituere
1047 2725 1104 2760 vel
1118 2725 1331 2760 sententiam
1351 2725 1456 2771 serre
1470 2725 1606 2766 debeat,
1631 2724 1696 2760 sed
1709 2692 1905 2771 lqeqitimum
1926 2726 2086 2761 studium
2107 2726 2166 2762 liti
2185 2727 2364 2774 impertiri

146 2770 222 2805 vult
240 2770 295 2805 vel
313 2775 476 2805 actorum
498 2770 688 2805 editionem
711 2776 818 2816 urqet
839 2771 895 2806 vel
911 2770 1062 2805 iudicem
1084 2770 1277 2815 legitimam
1295 2770 1506 2805 sententiam
1523 2771 1627 2815 serre
1645 2770 1826 2816 compellit
1848 2770 1905 2806 vel
1922 2771 2075 2806 alterum
2090 2771 2200 2807 simul
2212 2773 2363 2807 iudicem

146 2814 342 2850 secundum
364 2815 397 2850 le
422 2825 461 2849 cs
478 2823 623 2850 nostras
640 2816 800 2861 praebet.
825 2816 1016 2861 quominus
1033 2820 1069 2850 et
1080 2815 1150 2859 fiat
1168 2820 1204 2851 et
1223 2815 1342 2850 valeat
1363 2815 1437 2850 sive
1459 2816 1496 2849 in
1511 2815 1659 2861 scriptis
1680 2815 1755 2851 sive
1769 2816 1846 2851 sine
1862 2816 2010 2862 scriptis
2032 2827 2106 2851 non
2119 2817 2360 2867 prohibemus.

279 2859 343 2894 111.
426 2864 440 2894 t
461 2865 579 2895 autem
603 2871 724 2896 omnes
745 2860 895 2895 subiecti
920 2860 1037 2895 nostri
1068 2866 1104 2895 et
1125 2860 1282 2895 maxime
1304 2859 1331 2894 ii
1365 2860 1428 2905 qui
1451 2859 1571 2895 litibus
1594 2865 1801 2895 atteruntur
1829 2866 1991 2896 nostram
2019 2872 2091 2907 pro
2120 2862 2211 2907 ipsis
2239 2862 2362 2908 provi·

191 2940 211 2972 3
224 2937 267 2972 τὸ
282 2952 340 2972 om.
350 2939 425 2972 B‘?
448 2937 516 2981 τὴν
530 2938 581 2971 ΒΓ
593 2941 606 2982 Ι
624 2937 815 2983 αἱρετικῶν
822 2938 891 2971 Bc?
902 2938 1217 2983 [145xopt7roopawaa-

169 2986 237 3017 ίων
249 2985 506 3029 (κομισσαρίων
520 2984 595 3024 Mss)
611 2984 695 3024 ML]
718 2983 797 3017 τῶν
812 2980 993 3016 δικαστοῦ
1005 2981 1112 3023 τάξιν
1132 2980 1219 3015 οἰνα-

145 2996 354 3069 §agapam
364 3030 397 3062 Β
408 3028 421 3073 ΙΙ
433 3031 452 3062 5
465 3030 583 3072 χωρὶς]
594 3031 701 3073 χωρὶς
711 3026 850 3070 ἐτάχθη
864 3025 1019 3070 δικάζειν
1028 3029 1059 3061 L
1075 3030 1088 3072 u
1107 3031 1125 3061 'a'
1138 3026 1219 3060 τού-

145 3085 209 3107 του
223 3073 253 3106 L
275 3071 440 3107 τοιούτου
463 3071 688 3117 τολμήματος
710 3074 763 3106 ΒΓ
784 3077 796 3116 Ι
817 3073 1011 3119 ἐξενεγκεῖν
1025 3074 1074 3106 B‘
1100 3072 1113 3116 Ι
1139 3074 1219 3115 Ssq.

145 3115 236 3160 μηδὲ
244 3137 287 3142 -
294 3115 384 3160 μηδὲ
393 3119 502 3152 MLB
509 3121 596 3159 Am]
611 3120 670 3162 leq.
678 3118 770 3162 μήτε
781 3138 820 3142 -
829 3117 944 3160 μήτεῗ
956 3119 968 3162 ss
979 3116 1147 3163 ἐγκλήτου
1158 3118 1203 3150 Μ
1209 3118 1220 3160 ΙΙ

147 3164 169 3196 9
185 3174 226 3195 κο
252 3166 492 3206 προμμίσσων
505 3162 553 3196 L¹>
569 3164 582 3207 Ι
602 3165 642 3197 12
655 3159 951 3208 ὁμολογουμένων
966 3163 1016 3196 B!
1029 3164 1042 3206 Ι
1061 3165 1103 3197 14
1120 3161 1219 3206 παρὰ

179 3205 188 3215 “
380 3209 472 3250 μένα
486 3209 518 3241 L
541 3208 554 3252 ΙΙ
582 3210 623 3242 15
647 3208 709 3241 τοῦ
732 3205 935 3249 δικάζοντος
951 3209 1000 3241 L⁶
1017 3209 1029 3251 ΙΙ
1056 3209 1096 3241 16
1120 3208 1220 3240 ἐστιν

147 3218 195 3239 τα
235 3218 382 3251 ιατεταγ

149 3251 267 3283 om.L⁶
285 3251 372 3294 Ικαὶ
390 3254 471 3293 νῦν]
494 3254 554 3285 καὶ
571 3254 692 3286 om.L⁰
706 3253 719 3297 ΙΙ
740 3256 778 3286 17
796 3250 901 3295 ἡμῶν
919 3266 977 3287 om.
993 3265 1012 3289 ς
1030 3252 1042 3294 Ε
1061 3254 1101 3286 18
1114 3251 1220 3285 θεῖον

1286 2939 1428 2981 sumpsit
1452 2938 1485 2971 T
1551 2940 1590 2973 11
1616 2942 1650 2971 et
1669 2939 1927 2972 examinationes
1950 2940 1994 2980 V]
2025 2943 2059 2973 et
2082 2954 2140 2973 om.
2164 2941 2326 2983 RTvuly.
2350 2942 2361 2982 Π

1286 2983 1433 3024 *sacereJ
1449 2983 1522 3015 fieri
1537 2984 1623 3024 libri,
1640 2984 1725 3016 ferre
1736 2986 1822 3029 vulq.
1838 2985 1851 3029 Ι
1872 2986 1913 3020 12
1926 2985 2165 3025 indubitatum]
2179 2985 2251 3017 fieri
2263 2985 2360 3017 uolu-

1285 3039 1359 3061 mus
1384 3030 1461 3061 add.
1477 3028 1531 3061 T·
1548 3028 1561 3071 fl
1578 3032 1627 3061 est
1639 3029 1671 3061 R
1682 3030 1725 3071 V]
1750 3032 1814 3062 erit
1828 3030 1949 3072 Tvulq.
1967 3031 1980 3073 fl
2001 3032 2037 3064 13
2051 3030 2220 3072 quaelibet
2234 3029 2361 3062 ualebit

1295 3073 1345 3105 V²
1357 3075 1390 3106 in
1398 3086 1465 3106 rae.
1486 3083 1570 3114 quae
1582 3073 1709 3106 ualebit
1720 3075 1769 3107 R¹
1789 3077 1801 3114 ΙΙ
1819 3076 1860 3109 15
1873 3075 1977 3107 iudici
1995 3075 2051 3115 Vss
2067 3085 2163 3107 nosce
2179 3075 2212 3106 T
2223 3074 2236 3116 Ι
2254 3075 2294 3107 16
2306 3084 2359 3105 eas

1295 3117 1345 3150 V³
1362 3117 1375 3162 Ι
1393 3120 1431 3152 17
1446 3122 1650 3151 moe-untur
1664 3119 1709 3151 Τι
1727 3120 1739 3160 fl
1758 3121 1798 3154 18
1814 3120 1844 3152 si
1864 3120 1950 3161 quis]
1974 3118 2016 3151 aL
2034 3119 2065 3151 si
2084 3118 2247 3160 quispiam
2266 3117 2315 3168 R?
2326 3120 2358 3150 in

1285 3162 1418 3240 ers·
1423 3167 1652 3251 1110531
1665 3163 2141 3251 &emisisses
2155 3181 2211 3248 f„
2223 3163 2267 3239 {⁵1
2279 3161 2359 3238 {²2⁰5}

1285 3252 1391 3284 tentia
1403 3263 1466 3294 que
1479 3253 1693 3285 diffinitiuam
1708 3254 1756 3286 T¹
1780 3254 1977 3286 sententiam
1989 3251 2192 3284 definitiuam
2205 3260 2289 3290 quae
2312 3249 2358 3293 Vn

149 3306 241 3331 orn-5
262 3294 276 3338 ΙΙ
302 3296 341 3328 21
367 3308 406 3328 τε
430 3310 489 3330 om.
502 3297 562 3336 ΒΤ,
586 3294 627 3330 δὲ
649 3298 862 3341 ΖσεΙιανίαεΙΙ
889 3299 931 3331 22
956 3299 1220 3341 πεπορισμένον

149 3339 196 3372 Μ
204 3338 218 3382 Ι
236 3340 278 3372 25
291 3339 322 3371 εἰ
333 3340 531 3382 Zachariae]
546 3339 568 3383 ἡ
585 3341 676 3375 MB!
697 3338 721 3384 ἢ
738 3343 769 3375 L
780 3343 878 3385 vulq„
892 3356 950 3375 om.
962 3343 1011 3375 B‘
1027 3343 1039 3385 ΙΙ
1055 3340 1221 3387 ἔγκλητοε

150 3383 197 3416 Μ
208 3389 220 3422 η
235 3381 554 3427 παρηκολούθησεν
566 3387 597 3420 L
612 3386 626 3439 l]
650 3387 694 3421 30
712 3387 927 3432 ἐπείγουσαν
938 3386 1016 3420 ΜΒ
1030 3390 1084 3428 (cf.
1099 3388 1218 3420 Theoti.

150 3425 302 3460 κέλευσις
315 3432 572 3472 κατεπείγουσα
587 3442 655 3463 τον
670 3428 854 3472 δικαστήν,
866 3432 941 3463 Ati.
963 3431 1128 3472 ἐπείξεως
1142 3431 1220 3465 τῶν

150 3474 438 3515 πεπραγμένωνΠ
462 3472 666 3519 ἐπάγουσαν
690 3477 745 3511 Le
762 3479 774 3519 Ιῑ
799 3478 840 3509 35
866 3472 916 3516 δὲ]
939 3473 994 3508 δεῖ
1016 3478 1056 3510 Μ

197 3562 214 3594 1
229 3560 489 3603 expectabilibus
510 3562 566 3604 Vfl
582 3564 703 3596 nostris
719 3578 777 3597 om.
792 3564 840 3596 R·
859 3563 872 3606 Ι]
888 3565 908 3597 2
925 3567 1040 3597 nostra
1054 3575 1146 3598 sacra
1164 3566 1199 3598 V
1210 3564 1221 3609 l!

152 3604 322 3637 sanctione
345 3606 444 3647 υιιΙφ]
470 3606 640 3639 functione
660 3608 811 3641 1⁷¹?RT
839 3608 983 3641 iussione
1003 3609 1054 3642 V²
1070 3612 1102 3643 in
1118 3623 1184 3643 rae.
1208 3610 1219 3651 Η

152 3651 172 3682 4
185 3649 385 3682 arbitrorum
398 3651 638 3693 Osenbrffqyen]
650 3652 824 3685 arbitrium
837 3654 867 3684 R
877 3653 957 3685 VT²
975 3653 1138 3687 arbitrum
1154 3654 1196 3687 Τι
1208 3653 1220 3697 ΙΙ

152 3696 172 3728 5
198 3694 407 3735 quaestiones
430 3695 462 3727 T
469 3696 477 3714 ¹
498 3695 509 3737 ΙΙ
525 3694 658 3736 litteris]
683 3697 737 3730 uel
752 3696 884 3739 scriptis
907 3697 956 3729 T²
967 3711 992 3730 s.
1008 3711 1036 3731 υ.
1055 3698 1069 3742 Ι
1090 3701 1108 3731 7
1126 3708 1218 3741 prae-

1286 3297 1437 3330 nundum
1449 3298 1500 3330 Rss
1518 3299 1530 3339 u
1554 3299 1597 3332 22
1612 3298 1833 3341 inpetrauerit
1848 3298 1903 3340 Tfl
1919 3296 2071 3339 prodesse
2093 3295 2142 3327 V²
2155 3296 2186 3327 in
2200 3307 2266 3326 ras.
2283 3295 2296 3336 Ι
2314 3296 2356 3328 23

1285 3342 1438 3383 peruenit
1456 3342 1510 3386 Vn
1529 3344 1572 3377 24
1586 3343 1649 3374 hac
1665 3355 1723 3376 om.
1735 3344 1767 3376 T
1779 3343 1791 3385 ΙΙ
1808 3343 1879 3383 lege
1894 3339 2092 3383 perscrutari
2107 3338 2162 3381 ΤΕ
2187 3339 2230 3372 25
2242 3338 2280 3370 fit
2298 3339 2330 3371 T
2344 3339 2357 3381 Ι

1286 3388 1329 3420 26
1352 3397 1424 3429 spes
1453 3387 1528 3428 VT]
1559 3388 1682 3429 species
1704 3388 1835 3429 Rvulq.
1863 3386 1875 3429 1]
1897 3386 1992 3424 Eam]
2015 3384 2076 3415 Est
2098 3383 2178 3423 12¹!
2201 3384 2251 3432 27.
2267 3382 2355 3415 iudi·

1286 3434 1382 3464 cante
1399 3432 1446 3465 T¹
1458 3432 1469 3472 Η
1481 3433 1627 3464 futuram
1639 3432 1735 3464 R¹T¹
1750 3432 1864 3463 futura
1876 3429 1924 3462 12²
1938 3429 1951 3471 Ι
1970 3430 2011 3461 29
2025 3427 2154 3459 *studio
2167 3427 2266 3468 tradi]
2283 3430 2355 3460 stu-

1286 3477 1375 3508 diose
1386 3476 1475 3509 tradi
1486 3477 1519 3510 R
1530 3477 1563 3509 V
1571 3476 1716 3508 studiose
1730 3475 1816 3507 tradi
1827 3474 1885 3506 fini
1903 3474 1939 3513 T,
1960 3472 2019 3504 fini
2033 3479 2106 3503 ante
2117 3471 2264 3503 studiose
2277 3473 2354 3504 add.

1294 3521 1355 3562 V³,
1377 3530 1452 3564 post
1466 3521 1543 3553 uult
1558 3522 1635 3553 add.
1649 3519 1697 3552 R²
1712 3520 1724 3561 ΙΙ
1742 3521 1784 3552 30
1796 3522 1966 3549 auctorum
1981 3516 2035 3547 T⁰
2049 3514 2062 3558 fl
2079 3515 2228 3557 imponet
2243 3516 2329 3559 vulq.
2343 3516 2355 3559 Ε

1286 3566 1466 3598 aditionem
1491 3566 1523 3598 Τ
1531 3566 1542 3584 ¹
1566 3564 1762 3596 edictionem
1782 3562 1836 3604 Vn
1855 3563 1894 3594 31
1922 3563 2017 3601 coget
2039 3571 2097 3591 om.
2120 3559 2178 3602 V}
2192 3561 2237 3593 32
2260 3571 2352 3603 prae-

1285 3613 1360 3650 stat]
1386 3610 1508 3652 positas
1528 3610 1561 3641 T
1572 3609 1585 3650 ss
1603 3609 1644 3641 33
1665 3612 1697 3638 et
1719 3607 1851 3646 scripto]
1877 3608 1908 3636 et
1933 3617 1989 3636 om.
2007 3603 2039 3635 T
2046 3603 2057 3623 ¹
2073 3603 2086 3645 Ι
2102 3604 2186 3644 sine]
2210 3615 2277 3636 non
2293 3605 2325 3637 T
2342 3607 2346 3646 j

1286 3657 1328 3687 35
1350 3655 1406 3693 Ut]
1430 3659 1489 3685 aut
1510 3653 1561 3684 V¹
1578 3652 1590 3694 ΙΙ
1607 3653 1650 3684 36
1673 3654 1846 3682 ateruntur
1872 3650 1903 3681 T
1914 3649 1926 3691 Ι
1944 3651 2058 3680 nostra
2080 3658 2139 3689 pro
2163 3659 2198 3680 se
2221 3650 2354 3682 nouerit

1286 3699 1318 3730 R
1335 3698 1348 3740 ΙΙ
1363 3697 1573 3739 prudentiam
1595 3696 1620 3727 V
1632 3696 1643 3715 ¹

2019 3746 2085 3779 δῖ*
