2592 3840
235 71 342 113 Nov.
364 70 461 114 CIII
493 73 601 114 1-3
1305 67 1389 115 498
1740 85 1801 116 nn
1829 83 2117 118 Pnooossum
2144 83 2452 119 PALAns‘rmAn

233 183 294 215 ἐπὶ
310 180 449 215 τούτοις
468 180 643 227 διαίρεσιν
659 179 750 225 ἡμᾶς
765 181 996 226 ἐπικυρῶσαι.
1041 178 1125 215 οὐδὲ
1139 181 1209 228 γὰρ
1225 179 1311 216 ὑπο·
1379 181 1495 216 forma
1515 181 1621 217 etiam
1635 182 1672 218 in
1687 182 1743 218 his
1759 182 1967 219 divisionem
1983 193 2051 220 nos
2071 184 2327 221 confirmemus.
2371 185 2453 222 Non

231 229 386 270 μένομεν
410 223 522 260 αὐτόν
542 239 581 260 τε
600 229 660 259 καὶ
680 225 748 259 τὸν
764 223 946 271 πάρεδρον
974 227 1030 260 ἔτι
1053 225 1123 269 τὴν
1150 225 1311 261 παλαιὰν
1379 226 1473 262 enim
1503 227 1658 271 patimur
1688 231 1724 263 et
1753 228 1871 273 ipsum
1900 232 1936 264 et
1966 238 2183 265 assessorem
2213 229 2332 266 adhuc
2359 231 2452 267 anti·

232 268 412 305 εὐτέλειαν
442 272 520 305 τῶν
543 268 721 313 σιτήσεων
745 268 902 316 ὁρῶντες
926 273 1195 315 κομιζομένους,
1226 268 1312 306 οὐδὲ
1381 281 1486 315 quam
1509 271 1679 308 vilitatem
1701 283 1922 309 annonarum
1953 274 2184 319 respicientes
2207 274 2382 329 accipere,
2414 278 2451 312 et

231 316 300 359 τὴν
323 312 434 350 αὐτοῦ
458 314 564 356 τάξιν
587 314 773 350 παντελῶς
795 311 1011 360 ἀβοήθητον
1035 309 1158 360 οὖσαν,
1178 320 1311 351 καίτοι·
1380 316 1456 351 eius
1489 316 1647 353 officium
1681 318 1758 354 sine
1793 318 1926 355 solacio
1961 319 2127 362 existere,
2162 329 2242 355 cum
2276 330 2315 355 111
2344 321 2452 357 tantis

230 374 271 406 γε
295 363 356 396 ἐπὶ
387 359 576 412 τοσαύταις
605 361 778 406 εἶςφοραῖς
808 357 1016 404 κάμνουσαν
1046 374 1086 395 τε
1109 364 1169 395 καὶ
1193 359 1309 396 κινδυ-
1348 365 1367 397 5
1380 360 1599 398 illationibus
1614 362 1773 399 laborem
1789 363 2056 409 periculumque
2070 363 2259 400 sustineat:
2278 368 2452 410 quatenus

230 404 421 439 νεύουσαν·
459 402 547 439 ὡςτε
577 401 690 448 αὐτὴν
720 403 889 440 εὐνοϊκῶς
917 418 958 440 τε
989 402 1180 452 ὑπουργεῖν
1209 403 1309 449 αὐτῷ
1381 409 1417 441 et
1440 406 1565 442 devote
1587 407 1764 444 ministret
1792 409 1823 444 ei
1855 412 1891 444 et
1913 409 2076 454 publicas
2107 408 2224 454 exigat
2251 409 2452 447 functiones

230 454 290 529 Ξαὶ
314 450 395 506 τοὺς
418 448 604 529 δημδοσίους
627 451 850 496 εἰςπράττειν
874 449 1005 497 φόρους
1025 454 1085 486 καὶ
1106 448 1311 494 ἀπέχεσθαι
1379 453 1417 487 et
1440 451 1620 488 abstineat
1640 453 1910 499 acceptionibus
1933 453 2086 490 iniustis.

252 509 429 540 ημματων
452 510 475 528 α
501 499 600 530 ίκων.

1222 575 1383 612 CAPUT
1405 575 1452 611 11.

279 627 574 673 Ἐπικοινωνησει
607 629 647 665 δὲ
669 628 736 665 οὐδ
741 628 750 642 ’
777 629 902 666 ὁτιοῦν
931 634 1007 666 ταῖς
1030 630 1228 667 πολιτικαῖς
1251 633 1304 666 αἰ-
1431 631 1712 667 communicabit
1741 635 1861 668 autem
1889 633 1927 668 in
1949 633 2048 670 nullo
2078 633 2240 670 civilibus
2273 635 2391 672 causis
2415 637 2453 672 et

229 679 321 709 τίαις
351 678 411 709 καὶ
440 679 518 710 ταῖς
548 678 625 710 τῶν
657 674 842 721 δημοσίων
873 676 1001 722 φόρων
1032 676 1256 722 εἰςπράξεσιν
1286 675 1306 711 ὁ
1322 681 1362 712 10
1374 676 1551 712 fiscalium
1564 676 1779 713 tributorum
1795 677 2040 714 exactionibus
2054 688 2121 723 per
2135 683 2298 725 tempora
2311 683 2452 727 specta—
2548 712 2551 723 k

229 720 320 754 κατὰ
347 720 475 767 καιρὸν
500 720 735 766 περίβλεπτος
758 723 836 756 τῶν
859 719 990 756 τόπων
1013 719 1115 765 δούξ,
1140 719 1223 756 ἀλλ’
1247 719 1309 755 αὖ·
1377 721 1457 757 bilis
1477 722 1639 757 locorum
1655 722 1737 762 dux,
1761 722 1823 758 sed
1841 722 1918 768 ipse
1936 733 2075 759 omnem
2086 723 2265 777 privatam
2284 728 2320 761 et
2334 725 2450 771 publi·
2490 736 2493 738 ’
2552 727 2558 749 ’-

229 766 290 799 τὸς
314 767 438 800 πᾶσαν
461 764 650 809 ἰδιωτικήν
673 780 713 801 τε
735 769 794 800 καὶ
819 764 997 811 δημοσίαν
1020 767 1114 802 κατὰ
1128 767 1171 801 τὸ
1192 768 1308 815 ῥηθὲν
1378 777 1471 810 cam,
1503 767 1611 802 sicuti
1633 766 1768 802 dictum
1790 771 1861 810 est,
1893 777 2038 804 causam
2061 768 2257 813 discernet,
2288 773 2326 806 et
2374 781 2450 806 rae-

230 812 351 844 αίτίαν
375 808 565 865 διακρινεῖ,
590 815 650 845 καὶ
674 810 829 856 μάλιστα
853 810 1008 847 πάντων
1032 810 1224 858 προνοήσει
1247 814 1309 855 τῆς
1377 812 1481 857 cipue
1512 812 1667 847 omnium
1695 812 1911 857 providebit,
1941 823 1987 848 ne
2017 813 2108 849 desit
2136 813 2311 851 fiscalium
2340 816 2349 825 '
2401 816 2451 852 tio

229 869 268 889 τε
284 852 497 891 ἅνελλιπους
514 858 588 891 τῶν
605 855 791 902 δημοσίων
806 854 1011 901 εἰςκομιδῆς,
1032 860 1093 891 καὶ
1108 859 1173 892 τοῦ
1190 858 1308 892 καθἀ-
1376 859 1413 892 et
1428 861 1468 892 ut
1483 856 1582 902 puris
1599 860 1722 892 utatur
1737 857 1903 894 manibus
1922 878 1964 883 —
1981 858 2076 903 quod
2092 858 2292 904 Stephanus
2308 871 2326 896 s
2353 863 2450 897 ecta·

229 904 304 943 ραῖς
327 901 487 944 χρῆσθαι
518 905 595 935 ταῖς
617 905 756 947 χερσίν·
795 903 903 936 τοῦτο
927 899 1018 948 ὅπερ
1041 905 1101 936 καὶ
1125 905 1310 948 Στέφανος
1324 906 1364 938 15
1377 902 1473 944 bilis,
1507 901 1569 947 qui
1598 912 1695 937 nunc
1725 902 1861 947 primus
1892 902 1968 939 eius
1998 903 2116 939 factus
2147 906 2220 947 est,
2251 910 2288 940 et
2342 906 2451 943 udum

229 947 247 979 ὁ
268 945 505 991 περίβλεπτος
523 945 542 979 ὁ
565 948 632 981 νῦν
652 948 794 993 πρῶτος
818 944 877 982 ἐπ’
901 944 1010 991 αὐτῆς
1027 945 1218 995 γενόμενος
1240 945 1308 991 ἤδη
1377 957 1521 983 servans
1546 947 1766 992 approbatus
1785 951 1842 983 est
1864 952 1901 984 et
1919 958 2045 984 rursus
2068 948 2138 984 hoc
2159 958 2264 992 agere
2286 959 2367 986 eum
2385 961 2452 996 per

229 1004 268 1024 τε
292 990 451 1037 φυλάξας
469 989 708 1036 ηὐδοκίμησεν
739 995 799 1026 καὶ
823 986 932 1027 αὖθις
956 989 1015 1026 ὅτι
1041 994 1148 1027 τοῦτο
1179 993 1309 1040 πράξει
1377 1002 1419 1027 ea
1450 1002 1541 1045 quae
1564 996 1838 1037 praecesserunt
1867 992 2076 1029 confidimus
2100 1007 2159 1038 -;
2189 994 2341 1031 maxime
2364 1005 2450 1032 vero

230 1035 289 1069 διὰ
322 1038 400 1071 τῶν
431 1035 498 1080 ἤδη
530 1037 763 1082 φθασάντων
794 1037 1043 1082 πεπείσμεθα·
1079 1037 1239 1083 μάλιστα
1270 1035 1310 1072 δὲ
1376 1048 1531 1073 011111111111
1563 1037 1731 1082 cogitabit
1761 1048 1827 1083 pro
1859 1037 2042 1074 civitatum
2072 1038 2277 1084 disciplina,
2310 1039 2381 1085 (et)
2410 1042 2452 1076 ut

229 1081 382 1116 πάντων
404 1086 567 1127 φροντιεῖ
597 1084 658 1126 τῆς
681 1084 758 1117 τῶν
781 1082 927 1118 πόλεων
950 1079 1133 1126 εὐταξίας,
1162 1086 1223 1117 καὶ
1243 1083 1308 1117 τοῦ
1376 1083 1475 1118 nulla
1498 1082 1546 1117 sit
1564 1082 1766 1118 civitatibus
1789 1083 1934 1128 publica
1952 1084 2069 1120 turba.
2116 1083 2210 1119 Nam
2229 1087 2265 1120 et
2284 1084 2352 1121 hoc
2373 1085 2451 1122 eius

227 1124 365 1170 μηδένα
400 1127 492 1162 εἶναι
528 1130 604 1162 ταῖς
635 1126 763 1163 πόλεσι
800 1126 995 1172 δημοτικὸν
1025 1125 1201 1174 θόρυβον.
1245 1130 1308 1162 -καὶ
1322 1130 1364 1163 20
1376 1127 1692 1163 administrationis
1723 1127 1906 1174 proprium
1934 1132 2006 1173 est,
2038 1128 2099 1174 qui
2122 1128 2206 1164 dum
2235 1130 2452 1183 suscepisset

227 1172 296 1217 γὰρ
313 1170 357 1215 δὴ
378 1175 437 1206 καὶ
453 1174 562 1207 τοῦτο
580 1172 691 1207 αὐτοῦ
715 1174 778 1216 τῆς
801 1170 908 1218 ἀρχῆς
930 1171 1037 1215 ἴδιον,
1059 1170 1100 1208 ὃς
1123 1171 1167 1217 δὴ
1192 1185 1308 1220 παρα·
1376 1173 1653 1208 tumultuantem
1688 1173 1904 1218 provinciam
1938 1183 1983 1209 ex
2017 1173 2266 1210 occasionibus
2299 1174 2379 1211 allis
2414 1178 2452 1211 et

228 1215 354 1261 λαβὼν
389 1217 657 1259 στασιάζουσαν
693 1218 760 1261 τὴν
795 1218 919 1265 χώραν
951 1219 989 1252 ἔκ
1021 1231 1058 1253 τε
1087 1215 1309 1265 προφάσεων
1377 1219 1529 1253 maxime
1552 1228 1596 1253 ex
1619 1218 1824 1254 diversitate
1846 1219 2074 1263 religionum,
2096 1218 2283 1264 pacificam
2305 1220 2451 1257 demon·

228 1263 363 1307 ἑτέρων
393 1266 453 1296 καὶ
483 1263 641 1308 μάλιστα
671 1265 709 1297 ἐκ
738 1265 803 1297 τοῦ
829 1261 1003 1311 διαφόρου
1034 1265 1110 1298 τῶν
1132 1264 1307 1310 θρησκευ-
1377 1263 1502 1299 stravit
1526 1266 1562 1298 et
1581 1263 1676 1298 omni
1696 1263 1850 1299 tumultu
1868 1263 2065 1300 liberatam.
2114 1263 2219 1308 Quod
2241 1265 2348 1301 etiam
2370 1275 2450 1301 rur-

228 1305 358 1351 μάτων
391 1306 571 1362 εἰρηνικήν
598 1321 645 1347 >το
675 1306 844 1355 ρῖπέὃειξε
878 1312 939 1342 καὶ
973 1308 1091 1352 πάσης
1127 1305 1309 1352 ἀπήλλαξε
1377 1318 1438 1344 sus
1462 1319 1545 1344 eum
1566 1307 1686 1344 facere
1734 1309 1970 1354 raecepimus,
2002 1312 2038 1344 et
2060 1308 2092 1344 si
2114 1309 2257 1355 quando
2283 1310 2356 1346 tale
2383 1309 2449 1347 ali-

228 1353 391 1398 ταραχῆς.
438 1351 458 1386 ὃ
486 1351 529 1397 δὴ
561 1356 621 1387 καὶ
646 1354 755 1388 αὖθις
786 1350 884 1396 αὐτῷ
909 1357 1027 1388 ποιεῖν
1058 1356 1308 1400 ἐπιτρέπομεν,
1321 1356 1363 1390 25
1377 1353 1463 1398 quid
1496 1353 1576 1396 fiat,
1612 1357 1650 1389 et
1683 1320 1732 1389 ag
1763 1354 1954 1390 secundam
1985 1354 2106 1390 venire
2139 1354 2379 1392 Palaestinam
2412 1358 2452 1392 et

229 1401 287 1431 καὶ
318 1399 354 1431 εἴ
380 1411 468 1433 ποτε
492 1397 636 1433 τοιοῦτό
662 1413 698 1433 τι
721 1401 874 1445 γένοιτο,
902 1402 963 1432 καὶ
986 1399 1079 1434 κατὰ
1102 1398 1169 1442 τὴν
1193 1396 1309 1433 δευτέ-
1375 1399 1502 1435 sedare
1525 1398 1619 1444 quod
1643 1399 1821 1444 turbatur,
1853 1403 1889 1435 et
1912 1398 2001 1435 nihil
2024 1399 2228 1444 permittere
2257 1400 2295 1437 in
2325 1410 2369 1436 ea
2437 1400 2448 1410 ⁹

229 1456 297 1487 ραν
320 1445 515 1489 ἐπιφοιτᾶν
538 1442 789 1487 Παλαιστίνην
815 1447 874 1478 καὶ
897 1444 1084 1478 καθιστᾶν
1107 1444 1150 1478 τὸ
1176 1443 1307 1490 ταράτ·
1376 1443 1531 1487 difficile,
1564 1446 1601 1479 et
1623 1444 1774 1480 maxime
1796 1445 1834 1479 in
1857 1444 1936 1488 illa,
1968 1444 2134 1489 quoniam
2157 1444 2316 1481 videmus
2338 1446 2448 1492 plun-

228 1502 303 1530 τον,
334 1492 393 1522 καὶ
416 1489 465 1532 μὴ
490 1492 685 1535 συγχωρεῖν
707 1487 780 1534 μηδ
785 1487 792 1499 ³
819 1487 944 1523 ὁτιοῦν
967 1488 1198 1535 πράττεσθαι
1222 1486 1304 1523 κατ’
1374 1499 1452 1525 mos
1474 1489 1523 1525 ibi
1547 1499 1724 1534 emergere
1747 1490 1920 1526 tumultus
1944 1492 1980 1525 et
1998 1499 2071 1526 non
2093 1490 2195 1535 parvi
2215 1489 2343 1528 horum
2363 1501 2450 1529 con·

229 1535 368 1575 ἐκείνην
386 1531 562 1575 δύςκολον,
579 1538 639 1569 καὶ
652 1532 812 1579 μάλιστα
829 1532 874 1578 δὴ
890 1530 974 1569 κατ’
994 1536 1143 1578 ἐκείνην,
1165 1531 1306 1577 ἐπειδή·
1374 1535 1504 1571 sistunt
1526 1533 1686 1570 effectus.

228 1591 295 1623 περ
317 1577 462 1624 ὁρῶμεν
493 1579 643 1614 πολλοὺς
674 1581 784 1614 ἐκεῖσε
814 1582 1008 1625 φυομένους
1036 1579 1217 1626 θορύβους
1247 1581 1308 1613 καὶ
1321 1582 1363 1615 30

228 1620 269 1657 οὐ
289 1625 399 1669 μικρὰ
424 1624 566 1658 τούτων
590 1622 862 1669 ἀποτελέσματα
885 1625 1117 1659 καθεστῶτα.

1212 1714 1369 1750 CAPUT
1391 1714 1456 1750 111.

286 1772 332 1805 Εἰ
357 1768 396 1805 δὲ
420 1769 566 1813 δεηθείη
590 1773 650 1804 καὶ
673 1772 913 1816 στρατιωτῶν
943 1772 1020 1806 τῶν
1044 1772 1307 1818 έγκαᾷημένων
1431 1770 1469 1806 Si
1491 1773 1612 1806 autem
1634 1781 1724 1816 opus
1753 1770 1876 1805 fuerit
1891 1773 1928 1806 et
1950 1770 2121 1806 militibus
2143 1770 2384 1807 residentibus
2413 1771 2452 1808 in

227 1817 271 1859 τῆ
295 1813 413 1862 χώρᾳ,
446 1819 506 1848 καὶ
535 1814 680 1850 τούτους
713 1813 814 1860 αὐτῷ
837 1817 1038 1862 παρέξομεν
1061 1817 1100 1857 ἐξ
1123 1817 1233 1863 οὗπερ
1259 1814 1307 1850 ἂν
1373 1816 1575 1862 provincia,
1596 1816 1704 1852 etiam
1719 1816 1786 1851 hos
1805 1815 1838 1850 ei
1853 1815 2101 1860 praebebimus
2119 1826 2165 1851 ex
2183 1826 2329 1852 numero
2345 1826 2452 1862 quem

227 1852 324 1905 ἡμεῖς
349 1858 551 1904 συνίδωμεν
581 1859 835 1907 γενναιοτάτου
867 1863 1129 1906 στρατιωτικοῦ
1153 1860 1306 1896 καταλό-
1373 1873 1440 1898 nos
1474 1861 1663 1897 statuimus
1698 1859 1891 1896 fortissimo
1925 1861 2085 1903 militari,
2119 1864 2156 1896 et
2189 1861 2237 1896 ad
2267 1860 2452 1898 civitatum

226 1920 300 1953 yov,
326 1906 416 1952 πρός
435 1919 474 1940 τε
493 1906 563 1949 τὴν
582 1907 659 1940 τῶν
676 1905 821 1941 πόλεων
839 1903 1033 1951 εὐκοσμίαν
1055 1910 1116 1940 καὶ
1135 1904 1306 1947 εὐταξίαν
1318 1909 1361 1942 35
1374 1908 1540 1943 ornatum
1570 1909 1607 1942 et
1635 1906 1858 1951 disciplinam
1887 1905 1925 1941 in
1955 1907 2049 1951 agris
2071 1905 2309 1942 habitantium
2335 1909 2374 1942 et
2402 1906 2452 1943 ad

227 1953 305 1986 τῶν
333 1951 414 1985 τοὺς
444 1947 571 1997 ἀγροὺς
594 1949 802 1995 οἰκούντων,
834 1952 924 2000 πρός
946 1965 986 1986 τι
1007 1951 1076 1995 τὴν
1099 1953 1176 1986 τῶν
1200 1950 1306 1996 δημο-
1373 1951 1548 1988 fiscalium
1563 1952 1800 1987 exactionem:
1825 1950 1943 1986 divina
1963 1951 2186 1998 pragmatica
2198 1950 2332 1995 forma,
2357 1961 2451 1997 quae

227 2001 320 2031 σίων
350 1995 542 2042 εἴςπραξιν.
591 1997 655 2030 τοῦ
680 1997 785 2030 θείου
817 1998 1065 2044 πραγματικοῦ
1096 1996 1211 2032 τύπου
1239 1998 1305 2031 τοῦ
1374 2007 1483 2043 super
1505 1997 1562 2033 his
1586 1996 1618 2032 ei
1641 1997 1726 2032 data
1749 1999 1803 2031 est
1822 1995 1972 2040 dudum,
1996 2001 2076 2032 rata
2098 1999 2134 2032 et
2156 2006 2253 2032 nunc
2273 2000 2449 2041 manente,

227 2044 288 2076 ἐπὶ
308 2040 447 2075 τούτοις
468 2038 567 2084 αὐτῷ
584 2039 774 2086 δεδομενου
795 2042 924 2090 πρώην
942 2046 1062 2088 κυρίου
1086 2045 1146 2076 καὶ
1161 2043 1230 2076 νῦν
1246 2045 1306 2087 μέ-
1376 2052 1467 2087 quae
1489 2053 1563 2078 non
1585 2042 1661 2078 vult
1690 2051 1806 2086 neque
1829 2042 2058 2086 spectabilem
2086 2042 2211 2078 ducem
2234 2051 2352 2087 neque
2373 2042 2449 2087 glo-

226 2098 366 2129 νοντος,
398 2084 435 2120 ὃς
465 2083 506 2120 οὐ
532 2086 702 2130 βούλεται
733 2085 817 2121 οὔτε
839 2087 908 2122 τὸν
931 2087 1174 2133 περίβλεπτον
1197 2085 1306 2121 δοῦκα
1373 2087 1607 2124 riosissimum
1624 2087 1833 2131 magistrum
1852 2085 2001 2122 militum
2021 2087 2200 2123 licentiam
2223 2087 2356 2123 habere
2374 2090 2450 2123 tra-

227 2131 308 2166 οὔτε
336 2132 404 2166 τὸν
429 2130 670 2172 ἐνδοξότατον
693 2133 897 2180 στρατηγὸν
926 2131 1053 2167 ἄδειαν
1083 2134 1175 2175 ἔχειν
1199 2129 1303 2177 ἇφέλ-
1317 2136 1359 2168 40
1372 2133 1457 2168 here
1480 2132 1710 2169 observantes
1734 2131 1768 2167 ei
1790 2130 1935 2174 milites,
1959 2142 2005 2168 ne
2027 2132 2101 2169 ulla
2123 2142 2168 2168 ex
2185 2131 2256 2168 hoc
2278 2131 2343 2167 fiat
2365 2131 2450 2168 civi·
2506 2151 2507 2154 ¹

226 2191 302 2212 κειν
331 2175 413 2211 τοὺς
436 2174 736 2223 προςεδρεύοντας
768 2176 870 2221 αὐτῷ
898 2176 1148 2225 στρατιώταςἈ
1171 2178 1231 2212 ἵνα
1258 2176 1307 2222 μή

226 2267 405 2302 butionem
429 2266 467 2300 in
491 2266 547 2301 liis
567 2266 709 2317 factam
733 2267 995 2312 confirmemus.
1042 2266 1170 2313 Neque
1193 2268 1287 2302 enim
1309 2267 1524 2303 sustinemus
1548 2266 1668 2302 videre
1697 2270 1732 2302 et
1755 2266 1874 2320 ipsum
1896 2268 1932 2301 et
1954 2264 2199 2318 consiliarium
2226 2266 2304 2302 eius
2319 2266 2451 2313 pristi-

227 2323 309 2347 nam
332 2310 452 2346 adhuc
477 2315 684 2347 tenuitatem
708 2323 935 2348 annonarum
956 2313 1072 2359 ferre,
1097 2323 1213 2358 neque
1229 2312 1395 2359 officium
1410 2313 1488 2347 eius
1507 2312 1655 2358 penitus
1677 2311 1820 2348 auxilio
1841 2310 1998 2352 destitui,
2021 2314 2088 2345 etsi
2108 2310 2146 2345 in
2163 2314 2217 2347 tot
2236 2310 2451 2349 tributorum
2491 2334 2497 2359 9

226 2356 478 2436 exactionibus
501 2356 641 2437 lgboret
663 2361 698 2392 et
718 2358 962 2403 periclitetur:
984 2357 1108 2404 itaque
1132 2358 1297 2403 officium
1317 2361 1489 2404 prompte
1518 2356 1553 2392 ei
1580 2357 1758 2392 ministret
1785 2360 1822 2392 et
1838 2355 1992 2402 publica
2016 2354 2151 2391 tributa
2179 2356 2309 2402 εει-ἱραί
2337 2361 2375 2393 et
2395 2356 2450 2393 i»-

226 2403 329 2438 iustis
366 2402 463 2436 ucm's
485 2413 508 2437 a
531 2402 671 2437 stineat.
2490 2439 2493 2443 ,

359 2447 406 2482 Π.
453 2446 529 2482 Nec
549 2458 634 2483 vero
653 2446 765 2482 ullam
785 2447 930 2483 omnino
952 2448 989 2483 in
1011 2447 1173 2484 civilibus
1197 2447 1318 2483 causis
1340 2453 1377 2483 et
1400 2446 1617 2483 tributorum
1635 2446 1866 2493 publicorum
1889 2444 2143 2482 exactionibus
2165 2446 2450 2483 communionem
2487 2451 2491 2454 ’

227 2491 369 2528 habebit
393 2492 455 2537 qui
472 2502 548 2538 pro
574 2497 733 2538 tempore
755 2496 810 2528 est
831 2492 1039 2539 spectabilis
1062 2493 1225 2528 locorum
1249 2492 1339 2535 dux,
1362 2491 1428 2528 sed
1450 2491 1511 2528 ille
1533 2492 1612 2538 ipse
1626 2502 1736 2527 unam
1763 2501 1918 2537 namque
1940 2493 1976 2526 et
1995 2490 2175 2537 privatam
2198 2495 2243 2543 et·
2253 2490 2450 2538 publicam,
2464 2506 2487 2539 g

227 2538 280 2572 uti
303 2537 435 2572 dictum
459 2540 524 2579 est,
553 2547 700 2572 causam
724 2536 951 2580 diiudicabit,
976 2542 1013 2574 et
1034 2538 1193 2574 maxime
1215 2538 1372 2574 omnium
1389 2536 1599 2584 providebit
1627 2540 1668 2572 ut
1687 2537 1736 2572 tri
1759 2539 1822 2572 uta
1843 2536 1922 2571 sine
1944 2535 2207 2572 intermissione
2228 2536 2486 2585 inferamufflw

226 2586 260 2617 et
285 2587 323 2617 ut
347 2582 425 2628 ipse
449 2581 558 2628 puris
589 2586 715 2617 utatur
738 2582 902 2618 manibus
926 2603 969 2608 -—
994 2594 1068 2629 qua
1092 2583 1235 2629 quidem
1258 2594 1300 2619 re
1323 2582 1512 2619 observata
1536 2581 1744 2629 Stephanus
1799 2591 1920 2633 noque
1942 2581 1997 2616 vir
2019 2579 2236 2633 spectabilis,
2268 2580 2332 2628 qui
2353 2589 2458 2619 nm

221 2628 365 2672 primus
388 2626 438 2661 ibi
461 2631 531 2669 est,
563 2630 598 2662 et
620 2627 692 2662 iam
710 2627 892 2675 probatus
924 2632 978 2663 est
1008 2632 1044 2664 et
1066 2627 1184 2664 denuo
1218 2639 1297 2663 eum
1321 2627 1361 2663 id
1379 2631 1546 2663 acturum
1568 2637 1644 2663 esse
1666 2638 1717 2663 ex
1738 2637 1780 2662 re
1803 2636 1846 2662 us
1868 2636 1940 2661 tam
1968 2626 2074 2672 prius
2129 2629 2216 2662 estis
2234 2634 2455 2673 persuasam&

228 2671 475 2712 habemus—;
510 2672 666 2706 omnium
691 2683 774 2708 vero
798 2673 957 2708 maxime
972 2674 1178 2720 prospiciet
1201 2672 1416 2720 disciplinae
1436 2673 1637 2714 civitatum,
1660 2682 1747 2708 neve
1770 2671 1867 2707 ullus
1890 2672 1928 2706 in
1952 2670 2091 2722 civitati
2104 2681 2158 2722 ‚us
2178 2669 2373 2718 popularis
2394 2675 2449 2708 tw

227 2716 361 2752 multus
379 2716 459 2760 fiat.
509 2716 651 2752 Etenim
674 2716 715 2751 id
732 2728 876 2763 quoque
895 2717 994 2753 illius
1016 2718 1086 2754 viri
1108 2718 1436 2754 administrationis
1454 2718 1648 2764 proprium
1667 2720 1739 2753 est:
1762 2717 1826 2763 qui
1843 2726 1923 2752 cum
1938 2726 2170 2763 provinciam
2193 2726 2272 2751 cum
2293 2716 2338 2752 ob
2356 2714 2453 2753 atius
2483 2728 2486 2735 ·

228 2772 359 2796 causas
384 2766 456 2796 tum
479 2761 645 2807 inprimis
669 2761 711 2796 ob
736 2761 978 2798 diversitatem
1001 2763 1217 2810 reliqionum
1239 2760 1483 2799 seditionibus
1496 2762 1719 2798 laborantem
1742 2761 1970 2808 suscepisset,
1999 2771 2077 2796 eam
2095 2765 2268 2808 pacatam
2290 2759 2452 2797 reddidit
2478 2783 2479 2786 =

228 2807 395 2852 omnique
420 2806 524 2841 turba
550 2806 723 2842 liberavit.
771 2806 877 2849 Quod
899 2807 1042 2854 quidem
1072 2813 1113 2844 ut
1141 2807 1259 2844 denuo
1281 2808 1400 2854 faeiat
1430 2808 1464 2843 ei
1489 2807 1749 2854 praecipimus,
1780 2810 1817 2842 et
1838 2806 1871 2842 si
1894 2805 2041 2852 quando
2089 2804 2154 2841 uid
2174 2805 2350 2842 eiusmodi
2367 2805 2448 2852 fiat,
2476 2837 2486 2853 f

227 2852 334 2888 etiam
357 2850 550 2886 secundam
575 2850 820 2887 Palaestinam
845 2852 950 2888 obeat
972 2857 1008 2888 et
1031 2853 1156 2889 turbas
1179 2859 1376 2900 componat
1405 2864 1474 2889 neu
1498 2852 1690 2898 quicquam
1723 2852 1763 2886 in
1786 2851 1851 2887 illa
1874 2816 2090 2887 incommoaqi
2112 2861 2136 2886 a
2169 2850 2176 2857 ‘
2191 2850 2375 2897 patiatur,
2405 2856 2471 2889 aa&

221 2897 423 2975 miss
447 2896 936 2978 iniisset-isset?
959 2898 1229 2978 ωαψς
1418 2860 2266 2977 ²²²·ss02‘stsui02m50‘u'i‘tisim
2287 2950 2338 2976 a
2452 2910 2453 2913 ‘
2476 2902 2477 2906 ‘

227 2998 306 3023 cum
335 2997 378 3022 ue
401 2968 507 3038 nobis
523 2986 710 3037 placuerit
737 2953 1025 3031 fortissimtgiuziri
1047 2954 1212 3023 ‘miiitum‘
1229 2953 1513 3030 immadem
1536 2986 1586 3022 ad
1609 2952 1988 3038 ornatuchivitatum
2013 2951 2212 3037 {or-umque
2242 2984 2306 3031 qui
2336 2975 2471 3037 aym-'21¹'

227 3033 308 3067 inco
325 3034 389 3066 unt
416 3030 662 3077 disciplinam,
698 3035 770 3066 tum
801 3031 850 3067 ad
881 3032 1096 3068 tributorum
1128 3033 1366 3069 exactionem.
1414 3034 1532 3078 Atque
1561 3041 1670 3067 sacra
1699 3034 1930 3077 praqmattca
1959 3033 2101 3081 sanctio
2132 3039 2226 3076 quae
2253 3029 2298 3066 de
2329 3028 2387 3066 his
2414 3022 2465 3072 fi

227 3089 277 3112 nu
304 3087 344 3113 er
368 3076 456 3111 data
478 3080 533 3112 est
555 3077 662 3111 etiam
690 3086 786 3111 nunc
809 3081 893 3112 rata
916 3082 1080 3121 maneat,
1111 3089 1205 3130 quae
1227 3089 1302 3114 non
1325 3077 1402 3114 vult
1431 3081 1498 3113 aut
1519 3075 1748 3128 spectabilem
1778 3075 1902 3111 ducem
1934 3078 1999 3110 aut
2029 3074 2203 3127 illustrem
2235 3074 2469 3127 magistrum]

227 3089 377 3158 miiitum
403 3121 581 3157 licentiam
604 3120 736 3157 habere
758 3122 888 3158 milites
919 3123 983 3168 qui
1012 3124 1048 3158 ei
1074 3123 1284 3158 ministrant
1306 3121 1561 3163 abstrahendi,
1594 3131 1639 3156 ne
1661 3120 1725 3166 qui
1747 3119 1832 3156 inde
1857 3119 2028 3155 tumultus
2058 3118 2264 3155 civitatibus
2288 3123 2462 3169 oriam-24,

272 3214 292 3246 4
317 3208 504 3245 παντελῶς
528 3223 585 3244 om.
601 3222 620 3247 ς
634 3209 647 3254 ΙΙ
669 3211 708 3244 13
730 3206 894 3255 διακρίνῃ
913 3212 943 3244 L
962 3211 974 3254 ΙΙ
994 3213 1034 3245 15
1055 3213 1114 3244 καὶ
1136 3219 1165 3245 et
1187 3214 1227 3246 16
1241 3208 1302 3245 ἐπ’
1375 3214 1408 3244 et
1424 3223 1482 3244 om.
1504 3209 1559 3253 Vn
1579 3211 1598 3243 5
1615 3209 1807 3251 *quatenus
1823 3211 1868 3250 et]
1889 3210 1921 3242 et
1937 3209 2096 3250 quatinus
2117 3209 2186 3250 VT,
2210 3210 2244 3241 et
2259 3206 2428 3259 del-Book
2453 3202 2461 3246 ’,

228 3271 285 3290 om.
302 3269 321 3293 ς
337 3257 350 3301 ΙΙ
368 3258 412 3291 24
427 3253 622 3298 ἀπήλλαξε]
647 3255 819 3288 liberatam
836 3258 870 3297 (i.
885 3270 909 3289 e.
925 3252 1203 3301 ἀπηλλαγμένην
1212 3257 1242 3299 ?)
1262 3269 1281 3293 ς
1375 3258 1394 3290 9
1413 3254 1638 3289 comunioauit
1661 3254 1715 3299 Vss
1733 3256 1855 3295 autem]
1877 3253 1965 3286 enim
1985 3262 1997 3288 t
2014 3252 2026 3298 ΙΙ
2044 3256 2084 3289 10
2101 3253 2244 3287 finalium
2264 3262 2276 3288 t
2291 3253 2304 3298 ΙΙ
2323 3254 2362 3289 11
2426 3281 2447 3292 ⁷,
2462 3291 2463 3294 Ἴ
2480 3278 2491 3298 -η

228 3305 269 3337 25
290 3298 390 3345 αὐτῷ
414 3296 521 3335 αὖθις
548 3301 575 3334 L
604 3301 616 3345 ΙΙ
646 3301 688 3334 26
711 3313 748 3333 τι
795 3303 919 3344 ε’νηται
946 3302 979 3335 Β
1014 3298 1155 3347 γένοιτό
1180 3315 1215 3334 τι
1240 3303 1271 3335 L
1373 3301 1484 3334 batam
1504 3300 1561 3339 Vll
1581 3301 1621 3333 12
1645 3300 1744 3332 sicuti
1769 3301 1791 3341 t]
1815 3300 1901 3332 sicut
1922 3299 1977 3343 Vn
2002 3299 2042 3333 13
2065 3301 2118 3340 ne]
2142 3309 2203 3332 neo
2227 3298 2265 3343 tl}
2285 3300 2328 3334 14
2350 3299 2486 3346 iit-2451

227 3350 287 3380 καὶ
310 3346 402 3381 κατὰ
433 3345 501 3389 τὴν
525 3343 694 3391 δευτέραν
718 3346 749 3379 L
789 3349 820 3388 ς]
851 3346 943 3380 κατὰ
967 3345 1035 3388 τὴν
1067 3343 1236 3390 δευτέραν
1266 3348 1306 3379 τὲ
1373 3349 1430 3378 tm·
1454 3353 1467 3379 t
1489 3344 1502 3388 ΙΙ
1527 3344 1658 3377 tetanus
1682 3345 1712 3378 V
1731 3344 1744 3388 ΙΙ
1775 3346 1816 3379 16
1839 3344 1978 3377 seruatis
2002 3351 2013 3378 t
2036 3344 2048 3388 ΙΙ
2078 3346 2117 3379 18
2142 3343 2305 3386 cogitauit
2325 3341 2390 3389 V}
2413 3340 2448 3378 et

227 3395 271 3426 Μ
280 3395 364 3436 vuly.
381 3393 396 3436 ΙΙ
421 3394 463 3426 28
486 3386 575 3436 μηδ’
602 3387 726 3425 ὁτιοῦν
751 3392 852 3433 LBc]
885 3394 945 3424 καὶ
967 3387 1056 3435 μηδ’
1083 3388 1210 3424 ὁτιοῦν
1233 3392 1279 3425 Μ
1294 3390 1307 3436 ΙΙ
1375 3391 1493 3424 addidi
1516 3389 1528 3433 ΙΙ
1560 3391 1599 3424 19
1623 3389 1758 3433 publica
1780 3390 1889 3422 turba.
1926 3390 2024 3431 Nom]
2057 3389 2207 3433 publicat
2230 3389 2402 3422 urbanum'
2418 3383 2455 3422 V
2490 3430 2491 3438 ἵ

228 3440 267 3472 31
294 3437 526 3478 καθεστῶτα]
551 3438 738 3470 consistunt
762 3449 782 3474 ς
805 3437 872 3481 134
887 3434 1024 3470 συνίδω
1053 3448 1100 3476 εν,
1110 3437 1156 3477 Β]
1193 3439 1304 3469 συνεί·
1372 3435 1542 3478 publicata
1565 3435 1730 3468 urbanum
1753 3435 1967 3477 (urbanorum
1989 3436 2056 3478 pr.)
2081 3442 2093 3469 ι
2115 3435 2127 3479 ΙΙ
2148 3435 2233 3476 eius]
2255 3433 2326 3467 eius
2345 3433 2380 3466 et
2401 3427 2449 3520 t'

228 3480 336 3527 δομεν
353 3485 424 3516 ML
443 3483 455 3526 ΙΙ
474 3484 515 3517 38
537 3479 719 3526 δεδομένω
736 3483 786 3516 L⁶
808 3482 814 3528 Ι
834 3484 876 3518 39
884 3495 933 3526 sq.
950 3450 1049 3515 *ούδι
2387 3474 2423 3511 V

1037 3482 1054 3514 ἐ
1070 3501 1112 3505 —
1128 3476 1212 3514 οὐδὲ
1232 3482 1308 3515 libri
1374 3481 1417 3515 22
1433 3480 1710 3514 demonstrauerit
1731 3488 1743 3514 t
1758 3480 1771 3524 ΙΙ
1788 3481 1831 3514 24
1847 3479 2067 3523 praecipimus
2081 3480 2174 3514 Beck
2189 3477 2202 3523 fl
2218 3478 2285 3512 tale
2308 3490 2366 3511 om.

1374 3527 1416 3560 26
1441 3525 1541 3567 quod]
1567 3525 1626 3567 qui
1650 3526 1689 3570 ιΙΙ
1705 3525 1761 3568 agi
1786 3527 1807 3567 t]
1830 3537 1889 3558 om.
1912 3524 1968 3568 Vll
1986 3526 2028 3559 28
2053 3534 2217 3567 emergere
2234 3523 2338 3565 Beck]
2361 3528 2447 3555 m

1371 3580 1449 3613 gere
1470 3571 1503 3604 V
1528 3580 1633 3603 emere
1658 3579 1668 3605 ι
1696 3571 1709 3615 ΙΙ
1736 3571 1776 3605 33
1803 3572 1912 3612 quem]
1945 3580 2029 3612 quae
2050 3571 2083 3604 V
2102 3571 2115 3613 ss
2145 3571 2187 3604 34
2211 3567 2380 3602 oiuitatem
2403 3572 2417 3599 t

287 3621 301 3652 1
329 3617 494 3651 diuisione
514 3619 548 3652 V
566 3619 712 3653 diuisum
731 3621 779 3653 est
803 3618 844 3664 (ΙΙ
861 3619 882 3653 2
906 3619 939 3651 et
958 3619 1164 3658 assessorem]
1189 3618 1223 3649 et
1246 3630 1302 3650 om.
1373 3617 1415 3651 35
1439 3618 1612 3649 arcuatum
1634 3616 1686 3649 V⁰
1706 3615 1720 3660 ΙΙ
1746 3616 1789 3650 36
1811 3616 2030 3661 pragimatica
2050 3615 2104 3649 V‘⁸
2125 3615 2138 3659 fl
2167 3615 2209 3647 37
2233 3613 2264 3646 ei
2287 3612 2364 3646 data

236 3662 290 3706 Vl]
307 3662 453 3706 *adhu0J
476 3664 518 3700 ad
541 3665 627 3699 hano
648 3666 725 3700 libri
746 3666 759 3709 ΙΙ
785 3666 805 3699 3
829 3663 1035 3698 inutilitatem
1059 3670 1071 3697 t
1095 3662 1108 3707 ΙΙ
1131 3666 1163 3695 et
1186 3662 1256 3695 eius
1280 3664 1303 3703 t]
1372 3661 1487 3695 damus
1510 3660 1541 3694 ei
1566 3668 1578 3694 t
