2476 3854
215 112 323 158 Nov.
344 113 463 158 CXII
491 117 529 157 2.
561 117 586 158 3

213 237 291 259 των
310 228 368 259 καὶ
386 224 662 270 δαπανημάτων
678 224 828 261 δέκατον
847 230 951 274 μέρος
966 228 1028 271 τῆς
1043 231 1291 284 περιεχομένης

213 271 266 312 τῷ
291 270 422 314 βιβλίῳ
454 270 655 313 ποσότητος
686 268 979 314 ἀποκαταστήσει
1002 273 1056 315 τῷ
1073 273 1289 307 αιτιαθέντι.

213 315 244 348 ei
268 312 307 348 δὲ
330 316 423 350 εἴποι
453 317 502 360 μὴ
527 313 898 362 εὖπορεῖνὰἐγγυητὴν
922 315 1068 360 δοῦναι,
1090 319 1291 360 τηνικαῦτα

213 359 312 405 παρὰ
326 361 380 403 τῷ
397 359 559 406 δικαστῇ,
579 358 667 407 παρ’
683 361 783 406 ᾧπερ
798 359 820 404 ἡ
836 360 1015 396 ὑπόθεσις
1036 361 1156 406 μέλλει
1172 362 1290 404 ἐξετά-

213 405 356 447 ζεσθαι,
376 406 453 439 τῶν
468 404 491 437 ἁ
518 410 585 439 ίων
601 403 817 452 εὐαγγελίων
841 410 1087 452 προκειμένων
1108 404 1159 441 δι’
1182 405 1289 453 ὅρκου

211 451 321 483 τοῦτο
355 447 444 484 αὐτὸ
477 419 836 495 δζαβεβαιιόσασθαι,
868 455 928 484 καὶ
958 448 1074 486 οὕτως
1104 452 1289 496 ἐνώμοτον

213 492 327 528 αὐτὸν
349 495 570 529 ἐκτίθεσθαι
589 493 785 542 ὁμολογίαν
809 500 868 529 καὶ
888 493 938 530 δι’
954 493 1063 540 αὐτῆς
1084 494 1177 542 ἅπερ
1193 495 1289 532 ἄνω-

212 541 233 574 1
280 542 373 584 τέρω
389 539 526 584 εἴρηται
547 538 776 587 ὁμολογῆσαι.
836 542 866 574 εἰ
887 539 926 575 δὲ
941 541 990 584 μὴ
1007 543 1124 576 ταῦτα
1139 540 1288 577 ἅπαντα

211 583 315 636 κατὰ,
335 583 401 618 τὸν
433 586 620 639 εἰρημένον
643 586 825 632 πραχθείη
849 585 1000 632 τρόπον,
1032 583 1205 631 οὐδεμίαν
1220 588 1289 622 τὸν

1287 113 1370 163 526

2114 133 2175 164 DE:
2201 131 2433 165 LITIGIOSIS

1358 228 1451 263 mine
1482 228 1653 265 decimam
1684 233 1821 276 partem
1853 229 1930 266 eius
1961 231 2168 276 quantitatis
2223 242 2290 267 uae
2312 231 2431 268 libello

1360 273 1562 309 continetur
1592 275 1733 318 pulsato
1765 275 1938 310 restituet.
1986 277 2022 311 Si
2050 281 2170 311 autem
2227 276 2235 284 '
2262 276 2331 312 erit
2359 286 2433 312 non

1359 319 1473 353 valere
1496 319 1740 355 fideiussorem
1764 320 1864 362 dare,
1897 322 1982 356 tunc
2013 321 2108 366 apud
2136 321 2287 356 iudicem
2317 331 2340 357 a
2385 332 2431 356 uo

1359 373 1470 398 causa
1499 365 1735 400 examinanda
1766 369 1821 400 est
1855 365 1988 400 sanctis
2018 365 2212 410 propositis
2243 375 2373 410 evange
2387 367 2432 402 iis

1326 412 1344 444 5
1358 418 1422 451 per
1445 414 1706 444 sacramentum
1730 410 1798 446 hoc
1822 410 1938 454 ipsum
1962 410 2134 452 adfirmet,
2166 416 2201 446 et
2223 411 2273 446 sic
2296 411 2430 447 iurato-

1357 453 1445 487 riam
1470 454 1668 489 cautionem
1691 461 1847 500 exponat
1869 459 1904 490 et
1927 465 1991 500 per
2006 465 2084 491 eam
2105 457 2194 491 haec
2218 465 2310 500 quae
2327 465 2431 501 supe-

1357 498 1430 532 rius
1456 498 1553 533 dicta
1577 504 1660 534 sunt
1682 500 1903 545 profiteatur.

1358 545 1378 578 1
1426 543 1463 577 Si
1492 553 1575 579 vero
1608 555 1679 579 non
1708 546 1797 580 haec
1829 545 1947 580 omnia
1982 555 2073 590 quae
2103 545 2342 590 praediximus
2376 555 2431 582 se-

1358 588 1511 622 cundum
1543 589 1738 625 antelatum
1769 591 1912 625 modum
1939 590 2197 635 processerint,
2228 590 2432 626 nullatenus

211 629 428 681 e'vayopsvov
452 642 644 675 αποκρισιν
668 632 722 673 τῷ
738 632 936 678 ἐκβιβαστῇ
956 633 1185 675 ποιήσασθαι
1207 645 1287 678 συγ·
1304 636 1343 668 10
1357 634 1538 677 pulsatum
1571 644 1781 679 responsum
1816 636 1937 670 facere
1974 636 2158 670 executori
2192 635 2429 671 concedimus.

209 686 403 717 χωρουμεν.
452 675 483 708 εἰ
503 673 543 708 δὲ
562 675 661 721 παρὰ
685 676 752 719 τὴν
770 677 1086 720 μνημονευθεῖσαν
1106 675 1288 711 διατύπω-

210 729 269 751 σιν
291 717 313 761 ἢ
337 719 414 752 τῶν
438 717 622 754 δικαστῶν
643 731 697 754 τις
728 719 750 763 ἢ
771 719 793 764 ἦ
818 719 919 761 τάξις
943 718 1053 755 αὐτοῦ
1082 720 1107 766 ἢ
1134 719 1288 765 ὁςτιςδή-

210 776 299 797 ποτε
329 765 407 798 τῶν
438 766 668 809 έκβιβαστῶν
698 763 909 810 ὑπομνῆσαί
937 780 1021 800 τινα
1049 766 1234 811 τολμήσει,
1265 765 1285 801 ὁ

208 810 276 851 μὲν
291 806 461 853 δικαστὴς
475 813 535 843 καὶ
551 808 572 852 ἡ
589 810 689 851 τάξις
706 808 814 845 αὐτοῦ
832 808 904 844 ἀνὰ
922 809 1007 845 δέκα
1021 814 1152 856 χρυσοῦ
1167 811 1288 858 λίτρας

209 853 340 895 ποινὴν
364 855 541 901 εἱςπραχθ
555 856 711 898 ’σονται,

208 896 419 933 ὑποθέσεως
453 903 513 933 καὶ
541 869 711 943 δημεύσει
741 898 1042 945 ὑποβληθήσεται
1077 906 1137 936 καὶ
1169 902 1288 947 ἐξορία

208 947 421 978 πενταετίας
444 943 770 990 κατακριθήσεται,
800 947 863 989 τῆς
886 947 1013 990 ποινῆς
1037 945 1205 990 δηλονότι
1226 948 1288 990 τῆς

208 990 247 1021 ἐκ
269 990 333 1022 τοῦ
365 987 478 1033 νόμου
508 987 730 1037 ἁρμοζούσης
757 989 916 1035 κινδύνῳ
949 993 1014 1025 τοῦ
1038 992 1130 1026 κατὰ
1160 992 1288 1038 καιρὸν

208 1031 445 1074 ἑνδοξοτάτου
464 1034 617 1079 κόμητος
638 1036 715 1089 τῷν
736 1037 855 1070 θείων
878 1035 984 1080 ἡμῶν
1007 1036 1202 1083 πριβάτων
1225 1038 1288 1071 εἰς·

1357 678 1448 712 Nam
1480 678 1510 713 si
1543 678 1635 713 citra
1664 685 1893 715 memoratam
1924 679 2190 724 dispositionem
2219 684 2282 715 aut
2305 679 2431 725 aliquis

1356 723 1514 758 iudicum
1543 728 1608 758 aut
1632 724 1790 759 officium
1819 725 1895 760 eius
1919 725 1972 760 vel
1997 725 2143 770 quilibet
2173 729 2343 761 executor
2364 724 2429 761 ali-

1356 778 1460 811 quem
1484 769 1669 804 convenire
1692 770 1981 814 praesumpserit,
2005 771 2111 806 iudex
2131 770 2271 815 quidem
2292 773 2330 806 et
2349 770 2430 806 offi-

1357 813 1450 847 cium
1474 813 1549 848 eius
1574 814 1746 849 denarum
1767 814 1939 850 librarum
1960 815 2038 850 auri
2057 825 2208 860 poenam
2227 815 2430 859 sustinebit,

742 852 851 890 αὐτὸς
879 854 919 890 δὲ
941 854 961 890 ὁ
987 858 1202 902 ἐκβιβαστὴς
1225 858 1432 902 τῆς151ρεε
1456 860 1574 893 autem
1599 863 1771 895 executor
1800 859 1932 903 negotii
1963 863 1998 895 et
2029 859 2319 896 confiscationem
2341 869 2430 896 suae

1356 903 1576 938 substantiae
1599 904 1755 948 patietur
1782 906 1818 939 et
1841 904 1946 940 exilio
1969 905 2224 950 quinquennali
2247 904 2429 941 damnabi-

1356 953 1425 988 tur,
1449 958 1566 993 poena
1589 949 1757 984 videlicet
1779 959 1823 984 ex
1842 949 1910 984 hac
1932 949 2008 993 lege
2030 953 2250 995 competente
2272 949 2430 995 periculo

1355 993 1421 1027 viri
1443 993 1620 1037 magnifici
1644 1005 1709 1038 pro
1729 998 1887 1037 tempore
1911 994 2050 1030 comitis
2073 1005 2192 1030 rerum
2214 994 2312 1039 priva

1357 1038 1528 1083 exigenda
1566 1043 1601 1073 et
1636 1040 1750 1075 nostri
1782 1039 1860 1074 fisci
1898 1039 2031 1075 viribus
2068 1039 2264 1075 inferenda.
2317 1039 2430 1076 Omne

207 1091 346 1122 πραττο
375 1082 454 1122 ε’νης
485 1083 546 1113 καὶ
557 1081 640 1135 ωτῷ(
654 1083 815 1127 ημετέρῳ
850 1085 968 1126 φίσκῳ
999 1083 1286 1137 etenum-§optma
1301 1085 1344 1118 20
1357 1088 1476 1118 autem
1500 1083 1723 1128 dispendium
1748 1084 1842 1129 quod
1863 1084 2028 1129 pulsatus
2051 1094 2096 1120 ex
2114 1084 2182 1120 hac
2198 1084 2431 1120 conventione

207 1126 309 1158 πᾶσα
364 1126 382 1157 ὲ
412 1127 521 1169 ζημία
552 1139 598 1168 ην
621 1139 641 1159 o
668 1127 848 1160 αἰτιαθεὶς
879 1129 917 1160 ἐκ
940 1127 1073 1170 ταύτης
1102 1139 1165 1170 της
1188 1141 1288 1172 παρα

206 1169 275 1211 τὴν
292 1167 446 1213 δύναμιν
469 1171 534 1204 τοῦ
554 1169 737 1217 παρόντος
759 1170 873 1214 νόμου
896 1170 1089 1214 μεθοδείας
1112 1170 1287 1220 ὑπομείνῃ

207 1215 246 1247 ἐκ
277 1215 339 1257 τῆς
362 1212 483 1249 οὐσίας
504 1216 570 1249 τοῦ
595 1217 783 1262 ἐνάγοντος
812 1217 864 1260 τῷ
890 1218 1085 1259 έναχθέντι
1109 1217 1287 1262 θεραπευ-

206 1258 365 1301 θήσεται
395 1258 552 1304 κινδύνῳ
583 1263 647 1294 τοῦ
673 1259 842 1295 δικαστοῦ
874 1254 1014 1297 οὗτινος
1037 1259 1109 1297 ὑπὸ
1143 1263 1207 1296 τοῦ
1231 1264 1287 1297 έκ-

1356 1133 1499 1173 praeter
1521 1133 1680 1164 tenorem
1703 1134 1847 1165 nostrae
1878 1129 1964 1173 legis
1987 1129 2086 1164 facta
2110 1139 2298 1175 perpessus
2321 1129 2431 1165 fuerit

1355 1184 1399 1208 ex
1430 1174 1594 1218 petitoris
1628 1174 1830 1210 substantia
1860 1175 2003 1219 pulsato
2033 1175 2251 1210 resarcietur
2272 1174 2430 1219 periculo

1355 1218 1493 1261 iudicis,
1518 1219 1619 1254 cuius
1643 1220 1688 1254 ab
1713 1224 1905 1255 executore
1928 1219 2090 1255 detentus
2114 1222 2187 1262 est,
2211 1229 2277 1255 nec
2300 1229 2371 1255 non
2394 1223 2431 1254 et

1355 1263 1464 1298 officii
1486 1265 1581 1309 quod
1604 1264 1679 1300 eius
1702 1265 1921 1300 iussionibus
1945 1265 2182 1307 obsecundat,
2210 1268 2251 1300 ut
2273 1264 2430 1309 undique

206 1306 386 1359 ssassayoeofi
406 1306 619 1360 συνεσχέθη,
642 1304 684 1340 οὐ
704 1306 778 1350 μὴν
794 1303 884 1341 ἀλλὰ
906 1310 967 1341 καὶ
989 1308 1051 1351 τῆς
1068 1308 1204 1362 τάξεως
1227 1309 1288 1351 τῆς
1301 1310 1343 1344 25
1356 1313 1479 1344 nostro
1506 1309 1656 1353 imperio
1681 1320 1835 1355 superna
1857 1309 2043 1346 maiestate
2068 1309 2275 1352 [divinitate]
2307 1309 2431 1347 crediti

207 1363 307 1392 αυτῳ
333 1350 562 1394 πειθομένης,
587 1349 675 1385 ὧςτε
694 1351 932 1394 πανταχόθεν
953 1352 1037 1387 τοὺς
1054 1354 1107 1396 τῷ
1125 1356 1285 1398 ημετέρῳ

206 1393 329 1440 κράτει
365 1395 464 1440 παρὰ
497 1398 557 1438 τῆς
592 1396 746 1431 ἄνωθεν
784 1398 896 1441 ῥοπῆς
930 1398 1287 1432 καταπιστευθέντας

206 1437 377 1484 ἀβλαβεῖς
393 1440 636 1486 φυλαχθῆναι.
680 1442 744 1476 Τὰς
763 1440 803 1476 δὲ
821 1440 921 1477 δίκας
935 1442 1001 1477 τὰς
1015 1442 1109 1477 κατὰ
1124 1446 1286 1477 συναίνε-

206 1497 267 1519 σιν
282 1486 449 1539 ἑκατέρου
465 1490 591 1541 μέρους
609 1488 649 1521 ἐν
664 1485 884 1533 δικαστηρίῳ
904 1491 1114 1530 κινουμένας
1128 1489 1192 1531 τῆς
1207 1500 1286 1523 ποι-

1354 1364 1420 1398 pro
1441 1364 1508 1389 sua
1531 1355 1763 1390 indemnitate
1785 1355 1973 1390 laetentur.
2022 1354 2158 1391 Causas
2174 1364 2257 1391 vero
2279 1364 2371 1399 qnae
2385 1364 2431 1390 ex

1356 1409 1533 1434 consensu
1549 1399 1734 1444 utriusque
1748 1401 1860 1446 partis
1876 1399 1915 1435 in
1929 1399 2059 1436 iudicio
2076 1404 2261 1436 moventur
2278 1410 2302 1435 a
2313 1409 2430 1445 poena

1354 1444 1461 1479 huius
1486 1445 1749 1481 constitutionis
1772 1446 1903 1481 liberas
1926 1455 2005 1480 esse
2029 1445 2250 1481 decernimus
2276 1448 2313 1480 et
2336 1445 2430 1480 sicut

1355 1490 1434 1525 aliis
1456 1490 1590 1525 nostris
1615 1491 1818 1527 continetur
1839 1489 2157 1527 constitutionibus
2179 1490 2371 1526 terminari.

205 1531 269 1572 νῆς
298 1532 362 1573 τῆς
397 1544 439 1577 τῃ
471 1544 634 1579 παρούσῃ
667 1530 830 1572 διατάξει
864 1534 1065 1579 ἐγκειμένης
1084 1531 1287 1587 (ἐλευθέρας
1300 1535 1342 1569 30

206 1575 299 1609 εἶναι
330 1576 556 1619 θεσπίζομεν
585 1580 646 1610 καὶ
676 1577 779 1611 καθά
809 1580 888 1612 ταῖς
918 1576 1042 1612 ἄλλαις
1071 1579 1178 1623 ημῶν
1209 1576 1288 1613 δια-

206 1619 330 1660 τάξεσι
354 1625 555 1667 περιέχεται
579 1620 861 1657 διατυποῦσθαι.

1189 1735 1345 1773 CAPUT
1366 1736 1432 1772 111.

271 1803 412 1837 Πασῶν
442 1799 483 1836 δὲ
510 1803 588 1837 τῶν
612 1800 832 1838 ὑποθέσεων
861 1802 904 1838 τὸ
930 1807 1040 1850 πέρας
1069 1803 1284 1849 βουλόμενοι

205 1847 392 1891 συντόμως
410 1850 575 1893 προϊέναι
592 1851 652 1881 καὶ
668 1851 745 1882 ταῖς
761 1850 911 1883 ἐκείνων
931 1853 1164 1894 πανουργίαις
1180 1851 1284 1884 ἐναν-

1419 1804 1585 1840 Omnium
1607 1816 1691 1842 vero
1723 1815 1911 1841 causarum
1939 1806 2048 1842 finem
2077 1806 2236 1843 volentes
2268 1806 2430 1843 celeriter

1350 1850 1536 1894 provenire
1571 1853 1608 1886 et
1627 1851 1780 1886 illorum
1815 1851 2094 1896 malignitatibus
2128 1852 2332 1893 obviamus,
2367 1851 2429 1897 qui

204 1892 406 1937 τιούμεθα,
448 1893 550 1938 οἵπερ
587 1894 770 1940 ἑναγωγὰς
802 1893 918 1938 μόνον
950 1896 1206 1940 προτιθέασιν,
1241 1891 1282 1928 οὗ
1297 1897 1338 1930 35
1351 1896 1595 1931 tantummodo
1626 1899 1833 1941 proponunt
1864 1897 2040 1940 actiones,
2076 1897 2203 1933 nolunt
2225 1900 2343 1933 autem
2366 1907 2427 1932 us·

204 1937 400 1982 βούλονται
424 1936 464 1972 δὲ
485 1941 587 1993 μέχρι
610 1942 763 1984 πέρατος
791 1940 853 1981 τῆς
883 1937 980 1983 δίκης
1010 1939 1158 1975 ταύταις
1182 1939 1282 1980 ἐπεξ-

205 1987 313 2023 ιέναι,
336 1983 499 2029 λέγοντες
522 1996 637 2027 νομον
660 1983 752 2017 εἶναι
776 1984 843 2018 τὸν
867 1982 1124 2029 διαγορεύοντα
1145 1983 1283 2027 μηδένα

203 2030 268 2063 τὰς
290 2030 418 2063 οἰκείας
441 2029 625 2075 έναγωγὰς
647 2026 924 2075 ἀναγκάζεσθαι
948 2029 1085 2064 ἄκοντα
1109 2028 1282 2076 ἐγγυμνά-

205 2075 288 2116 ζειν.
335 2077 396 2107 καὶ
418 2074 555 2117 ταύτην
587 2078 713 2108 τοίνυν
741 2073 810 2117 τὴν
833 2079 1058 2122 πανουργίαν
1082 2071 1287 2119 ἀποσβέσαι

273 2167 313 2200 15
327 2177 373 2207 sq.
399 2173 616 2208 aryumentum
640 2172 770 2198 notatur
792 2160 884 2198 Ῥοπ.
911 2166 965 2206 28,
986 2173 1029 2199 15.

201 2266 325 2291 sarum
348 2254 490 2290 nomine
509 2254 682 2290 decimam

1351 1950 1420 1984 que
1442 1941 1488 1975 ad
1507 1940 1612 1976 finem
1637 1951 1803 1977 exercere
1825 1941 2012 1985 iudicium,
2038 1942 2198 1978 dicentes
2219 1942 2331 1986 legem
2349 1951 2428 1978 esse

1350 1995 1443 2029 quae
1466 1986 1625 2021 decernit
1648 1987 1824 2028 neminem
1848 1987 2012 2032 compelli
2036 1987 2196 2023 actiones
2220 1996 2305 2022 suas
2328 1995 2427 2023 exer-

1351 2040 1431 2066 cere
1450 2030 1640 2067 nolentem.
1687 2031 1737 2067 Et
1755 2032 1849 2067 hanc
1866 2031 1975 2076 igitur
1991 2032 2202 2078 pravitatem
2226 2032 2429 2077 extinguere

731 2257 844 2290 artem
865 2254 1081 2300 quantitatis
1103 2265 1198 2301 quae
1221 2254 1341 2291 libello
1365 2255 1570 2292 continetur
1593 2259 1764 2292 accusato
1788 2267 1865 2292 esse
1880 2257 2139 2292 restituturum.
2174 2254 2314 2299 Quodsi
2331 2256 2430 2294 dicat

201 2312 240 2336 se
256 2301 400 2346 copiam
416 2310 490 2335 non
507 2299 638 2335 habere
658 2299 688 2344 fi
713 2300 908 2350 eiussorem
927 2299 1050 2341 dandi,
1076 2303 1149 2335 tum
1170 2300 1271 2347 apud
1286 2300 1439 2336 iudicem
1462 2300 1563 2347 apud
1585 2312 1689 2353 quem
1705 2311 1817 2337 causa
1835 2301 2081 2353 eaeaminanda
2101 2305 2156 2337 est
2171 2301 2309 2338 sanctis
2321 2313 2427 2339 evan-

201 2346 307 2391 qeliis
324 2345 530 2392 propositis
552 2344 787 2380 iureiurando
811 2344 850 2380 td
872 2345 990 2391 ipsum
1012 2345 1210 2389 confirmet,
1235 2349 1344 2391 atque
1367 2346 1420 2381 ita
1442 2346 1655 2381 iuratortam
1678 2347 1881 2382 cautionem
1900 2346 2069 2382 eoelnbeat
2091 2351 2128 2382 et
2143 2357 2212 2393 per
2234 2357 2313 2382 eam
2334 2358 2429 2394 quae

202 2393 223 2426 1
267 2401 383 2437 supra
406 2391 503 2425 dicta
524 2394 608 2425 sunt
624 2390 831 2436 promittat.

203 2446 281 2471 mus
309 2439 348 2471 ut
379 2435 517 2470 nullum
545 2446 629 2470 reus
652 2434 842 2471 executori
864 2445 1078 2480 responsum
1100 2435 1168 2471 det.

913 2388 955 2424 Si
972 2400 1056 2425 vero
1078 2390 1167 2425 haec
1191 2392 1312 2426 omnia
1326 2390 1521 2426 secundum
1538 2391 1769 2438 praedictum
1792 2391 1937 2427 modum
1960 2395 2043 2427 acta
2058 2402 2131 2427 non
2147 2393 2232 2435 sint,
2248 2393 2427 2439 permitti-

1217 2434 1353 2478 Quodsi
1382 2440 1510 2471 contra
1533 2436 1803 2482 dispositionem
1826 2435 1932 2472 modo
1955 2441 2188 2472 memoratam
2219 2436 2274 2473 vel
2296 2437 2428 2483 aliquis

201 2492 252 2517 ex
271 2480 449 2516 iudicibus
471 2480 527 2515 vel
550 2480 713 2526 officium
737 2480 814 2515 eius
833 2480 889 2515 vel
905 2480 1022 2525 quivis
1039 2486 1215 2516 executor
1235 2480 1428 2517 admonere
1445 2480 1601 2527 aliquem
1625 2492 1736 2517 ausus
1752 2482 1810 2523 sit,
1834 2493 1858 2517 a
1877 2481 1994 2518 iudice
2011 2482 2088 2518 eius
2113 2492 2159 2517 ue
2175 2481 2302 2528 officio
2318 2481 2427 2519 dena-

202 2537 282 2561 rum
306 2526 479 2560 librarum
503 2526 586 2560 auri
602 2536 728 2571 poena
751 2525 932 2570 exiqetur,
955 2525 1034 2571 ipse
1057 2529 1176 2561 autem
1195 2530 1371 2562 executor
1387 2526 1461 2561 titis
1477 2525 1568 2562 adeo
1590 2526 1830 2573 publicationi
1851 2526 2026 2562 bonorum
2048 2537 2092 2562 su
2116 2525 2243 2562 icietur
2265 2530 2302 2563 et
2323 2527 2427 2573 quin-

203 2571 375 2616 quennali
398 2570 510 2605 exilio
535 2570 777 2612 damnabitur,
800 2574 842 2605 ut
861 2581 982 2616 poena
1005 2570 1168 2606 videlicet
1190 2582 1239 2606 ex
1260 2570 1339 2617 leqe
1361 2572 1528 2616 irroqata
1545 2571 1712 2618 periculo
1738 2571 1991 2617 qloriosissimi
2011 2582 2084 2618 pro
2109 2575 2269 2617 tempore
2291 2571 2429 2609 comitis

202 2626 390 2650 sacrarum
413 2620 619 2650 nostrarum
642 2626 763 2651 rerum
779 2615 1012 2661 privatarum
1035 2615 1210 2661 eoeiqatur
1235 2620 1285 2668 et·
1297 2616 1388 2661 fisco
1421 2620 1547 2651 nostro
1579 2616 1774 2662 inferatur.
1825 2615 1935 2653 Omne
1960 2622 2080 2652 autem
2111 2616 2298 2659 damnum,

2329 2616 2429 2664 quod

203 2665 394 2695 accusatus
417 2671 466 2695 ex
490 2659 558 2695 bac
581 2660 814 2695 conventione
837 2664 965 2695 contra
980 2660 1190 2706 praesentis
1212 2660 1303 2706 leqis
1323 2665 1479 2697 tenorem
1500 2661 1607 2707 facta
1627 2672 1760 2708 passus
1789 2661 1855 2705 sit,
1885 2672 1936 2698 ex
1964 2661 2167 2697 substantia
2197 2661 2334 2697 actoris
2362 2672 2427 2699 reo

203 2706 380 2740 sarcietur
399 2705 564 2750 periculo
589 2704 719 2740 iudicis
742 2705 845 2739 cuius
868 2705 912 2740 ab
937 2710 1130 2741 executore
1160 2705 1324 2742 detentus
1346 2710 1416 2748 est,
1451 2716 1516 2742 nec
1546 2717 1618 2741 non
1641 2706 1759 2751 officii
1780 2706 1880 2752 quod
1900 2707 1934 2742 ei
1957 2706 2177 2753 obsequitur,
2212 2710 2253 2742 ut
2276 2706 2340 2753 qui
2355 2717 2426 2754 po-

205 2751 336 2785 tentiae
366 2755 511 2785 nostrae
542 2762 565 2784 a
594 2760 731 2784 summo
762 2750 906 2785 numine
937 2749 1065 2785 crediti
1092 2755 1177 2786 sunt
1204 2751 1363 2797 undique
1394 2750 1577 2786 indemnes
1603 2757 1799 2787 serventur.
1845 2750 1944 2787 Lites
1962 2762 2046 2787 vero
2065 2762 2159 2797 quae
2181 2761 2231 2787 ex
2251 2761 2427 2787 consensu

204 2795 391 2839 utriusque
409 2795 531 2840 partis
554 2795 590 2828 in
614 2794 747 2830 iudicio
771 2799 959 2830 moventur
982 2806 1004 2829 a
1025 2806 1147 2840 poena
1178 2797 1216 2830 in
1232 2796 1422 2842 praesenti
1452 2796 1708 2832 constitutione
1730 2797 1927 2843 proposita
1949 2795 2081 2832 liberas
2101 2806 2177 2832 esse
2199 2800 2235 2832 et
2258 2795 2425 2842 quemad-

204 2839 346 2875 modum
372 2839 498 2875 ceteris
521 2839 836 2875 constitutionibus
859 2840 996 2874 nostris
1019 2840 1223 2876 continetur
1244 2840 1392 2887 disponi
1412 2841 1605 2877 sancimus.

338 2884 402 2919 111.
453 2884 537 2919 Cum
561 2888 679 2919 autem
703 2884 857 2918 omnium
881 2895 1074 2919 causarum
1094 2885 1203 2930 finem
1226 2886 1389 2922 celeriter
1404 2885 1606 2933 procedere
1630 2885 1788 2928 velimus,
1813 2885 1959 2922 illorum
1980 2896 2123 2932 quoque
2144 2884 2341 2931 fraudibus
2362 2883 2424 2920 ad-

204 2940 398 2971 versamur,
423 2929 488 2974 qui
510 2929 754 2963 tantummodo
778 2930 937 2964 actiones
957 2934 1172 2975 proponunt
1193 2941 1258 2966 nec
1282 2936 1399 2967 tamen
1422 2942 1485 2966 eas
1507 2941 1620 2976 usque
1642 2931 1693 2966 ad
1706 2931 1815 2976 finem
1836 2930 1911 2965 litis
1923 2931 2096 2982 persequi
2110 2929 2245 2971 volunt,
2269 2928 2426 2965 dicentes

205 2976 317 3021 leqem
347 2985 422 3009 esse
454 2984 548 3019 quae
579 2978 704 3009 caveat
733 2984 777 3008 ne
808 2974 889 3018 quis
919 2973 1081 3009 actiones
1110 2985 1197 3011 suas
1220 2986 1390 3011 exercere
1419 2976 1552 3011 invitus
1580 2980 1743 3020 coqatur.
1792 2974 1899 3010 Hanc
1922 2976 2035 3020 iqitur
2055 2973 2226 3019 fraudem
2255 2984 2335 3010 cum
2357 2985 2423 3011 ex-

271 3066 293 3098 4
316 3059 408 3107 παρ’
435 3053 535 3104 ᾧπερ
560 3075 617 3094 om.
633 3063 678 3094 M
680 3066 697 3082 ⁰
715 3063 726 3105 11
743 3060 861 3105 μέλλει
886 3061 1123 3104 ἐξετάζεσθαι
1145 3061 1167 3106 ἡ
1193 3062 1280 3098 ὑπό·

205 3110 309 3144 θεσις
322 3109 370 3142 B⁸
386 3121 413 3141 υ.
430 3109 450 3139 l.
469 3107 481 3150 11
498 3105 788 3152 ἐκγυμνάζεσθαι
801 3108 832 3139 L
849 3107 861 3150 11
879 3109 899 3140 6
925 3103 1039 3140 αὐτὸν
1058 3109 1117 3149 Βο,
1134 3122 1192 3142 om.
1207 3109 1259 3142 ,ΒΓ
1269 3109 1282 3153 11

205 3151 487 3199 βεβαιώσασθαι
506 3153 589 3185 LB⁶
607 3151 619 3191 11
636 3153 656 3185 9
673 3147 844 3194 οὐδεμίαν
863 3152 941 3185 τῶν
958 3153 989 3184 L
1007 3153 1019 3195 11
1040 3155 1079 3187 10
1092 3153 1283 3186 ποιεῖσθαι

206 3203 238 3234 L
263 3199 411 3241 ποιῆσαι
432 3198 483 3231 B!
502 3197 514 3234 11
542 3198 581 3230 13
598 3193 769 3247 τολμησοι
783 3197 828 3228 M
836 3197 848 3239 11
877 3198 918 3230 14
933 3194 1055 3248 λίτρας
1069 3199 1199 3249 χρυσοῖζ
1217 3199 1247 3231 L
1270 3199 1281 3242 11

210 3248 249 3279 19
275 3241 520 3283 ἐνδοξοτάτου]
546 3241 714 3284 magmfim
735 3254 753 3277 ς
769 3240 781 3285 11
800 3241 951 3283 κόμητος
970 3252 1033 3284 της
1053 3242 1158 3276 θείας
1177 3243 1281 3286 ημῶν

206 3292 410 3335 περιουσίας
431 3288 467 3321 Β
497 3287 626 3320 comitis
649 3297 769 3338 111111111κ
782 3286 987 3340 privatarum
1011 3287 1105 3339 ςΙιιί.
1125 3288 1137 3330 11
1162 3289 1203 3321 20
1227 3288 1279 3321 τῶ

205 3333 366 3414 ’2ῗῖεέῗῖ
386 3331 780 3412 τδέἴῖἶίῖεῇαῗὲςτὶ
807 3343 854 3419 im
850 3328 1282 3418 {3⁸3220‘3125225t‘0isffssfl

206 3423 468 3509 ὑπεςςῑὲῑς·
479 3390 1118 3511 Urere‚factitasse
1141 3423 1191 3454 Π
1206 3422 1219 3466 ¹¹

207 3483 250 3503 κα
286 3483 307 3501 α
486 3481 530 3501 κα
564 3480 583 3500 0
995 3490 1002 3497 .
1047 3492 1056 3509 ,

275 3605 294 3637 2
318 3603 463 3646 pulssato
486 3603 518 3636 V
530 3602 543 3646 11
563 3603 714 3636 restituet
733 3601 794 3643 13²]
819 3602 968 3634 restituit
983 3601 1076 3634 R¹V
1093 3601 1279 3634 restituerit

210 3650 242 3682 Τ
250 3649 260 3668 ¹
295 3649 448 3681 restituat
475 3648 623 3691 T²vuly.
651 3647 663 3691 11
694 3649 713 3680 5
738 3647 881 3680 affirmat
908 3646 954 3680 Τι
976 3646 989 3689 11
1019 3649 1037 3679 7
1062 3646 1279 3688 profiteantur

211 3694 261 3729 Τι
279 3694 327 3737 118
351 3693 584 3737 praediximus]
611 3703 769 3727 tenemus
791 3692 840 3725 ΕΙ
857 3691 870 3737 11
892 3694 912 3727 9
937 3691 1131 3733 antelatum]
1158 3702 1278 3725 seete-

1348 3066 1452 3098 latum
1475 3065 1524 3098 1⁷¹
1541 3065 1554 3108 11
1570 3065 1765 3107 processerit
1790 3064 1839 3098 Τι
1854 3063 1868 3108 11
1894 3066 1935 3098 10
1959 3073 2148 3106 responsum
2174 3076 2232 3096 om.
2255 3063 2304 3096 1⁷¹
2320 3063 2333 3107 11
2350 3074 2424 3097 exe-

1349 3111 1468 3151 cutori]
1495 3121 1690 3142 teuton-s
1711 3109 1772 3151 V¹,
1789 3121 1847 3141 om.
1863 3108 1911 3141 R¹
1926 3109 1938 3149 ΙΙ
1957 3111 1996 3143 11
2020 3109 2046 3140 si
2063 3108 2158 3149 citra]
2185 3121 2223 3139 n
2239 3107 2328 3141 citur
2339 3109 2389 3142 R¹
2412 3110 2424 3152 11

1348 3158 1386 3188 ut
1401 3154 1523 3196 aliquis
1539 3154 1586 3187 R*
1604 3154 1617 3197 11
1637 3155 1678 3187 12
1691 3153 1845 3195 quilibet]
1862 3153 1983 3194 quibus
1997 3153 2044 3186 T·
2070 3152 2182 3194 quiuis
2196 3152 2246 3187 Τ2
2260 3155 2272 3194 11
2290 3152 2424 3188 eicutor

1350 3199 1407 3243 Τ11
1433 3201 1474 3233 14
1499 3199 1668 3232 denarium
1693 3198 1753 3240 Vn
1781 3200 1820 3232 17
1842 3199 1958 3241 poena]
1986 3210 2047 3228 0·-
2071 3198 2119 3231 R¹
2137 3198 2149 3241 11
2167 3208 2205 3231 ex
2230 3198 2303 3240 hac]
2328 3202 2361 3232 et
2384 3209 2424 3233 ex

1348 3245 1408 3277 hac
1425 3243 1480 3288 Vll
1508 3245 1546 3277 21
1574 3245 1704 3285 praeter
1724 3242 1774 3276 V²
1790 3244 1821 3276 in
1839 3255 1904 3276 ras.
1930 3243 1942 3286 11
1966 3243 2052 3275 sacta
2076 3243 2275 3284 Zachariae]
2298 3243 2422 3277 sactum

1347 3289 1466 3329 (factus
1487 3288 1548 3330 12⁸)
1576 3289 1653 3321 libri
1672 3287 1694 3365 11,
1711 3288 1754 3321 22
1777 3287 1912 3330 petitori
1935 3288 1983 3320 V¹
2008 3287 2021 3331 11
2044 3298 2094 3321 res
2103 3288 2144 3329 (?)
2154 3288 2311 3322 sartietur
2336 3289 2370 3323 T
2378 3289 2386 3310 ¹
2411 3289 2424 3333 Ι

1348 3335 1391 3367 24
1414 3333 1557 3365 iussibus
1579 3332 1635 3375 Vn
1652 3343 1671 3365 o
1695 3332 1876 3365 secundant
1895 3332 1946 3366 T¹
1962 3332 1974 3375 11
1993 3333 2034 3366 25
2055 3344 2197 3376 superna
2217 3334 2286 3374 cet.)
2308 3332 2366 3386 Jna
2378 3353 2422 3359 —

1347 3388 1460 3411 causas
1484 3390 1544 3410 scr.
1563 3377 1612 3410 3²
1628 3379 1661 3411 in
1678 3390 1743 3411 ras.
1760 3379 1776 3412 1
1794 3390 1904 3411 versus
1928 3377 1940 3421 11
1964 3378 2147 3420 maiestate]
2171 3381 2230 3411 tua
2251 3381 2421 3412 maiestate

1355 3423 1389 3456 V
1405 3423 1418 3466 11
1446 3422 1623 3455 divinitate
1651 3423 1810 3467 qlossema
1840 3435 1906 3456 esse
1936 3424 2017 3456 vidit
2040 3423 2226 3458 Zachariae
2253 3423 2267 3467 11
2295 3423 2422 3457 conditi

1349 3468 1398 3501 T¹
1415 3467 1427 3511 11
1447 3469 1488 3502 28
1506 3467 1642 3500 libertas
1659 3467 1706 3501 R*
1731 3467 1886 3500 liberatas
1907 3467 1962 3511 Vl!
1980 3469 2022 3502 33
2036 3471 2123 3501 rubr.
2149 3469 2184 3501 Si
2201 3469 2347 3501 amonito
2363 3478 2420 3502 reo

1346 3515 1437 3546 actor
1450 3512 1611 3545 iudicium
1624 3512 1805 3546 deseruerit
1816 3513 1957 3552 (dederit
1965 3513 2011 3554 R)
2024 3513 2092 3547 BT
2099 3515 2130 3547 in
2144 3526 2246 3558 mar-9.
2256 3514 2307 3554 (ex
2318 3513 2396 3553 lul.)
2409 3513 2422 3556 11

1346 3558 1501 3591 Omnium
1524 3559 1628 3599 Beck]
1658 3559 1795 3591 Omnem
1820 3558 1897 3591 libri
1916 3559 1928 3601 11
1955 3559 1998 3592 34
2020 3558 2196 3601 provenire
2215 3558 2321 3599 Beck]
2346 3569 2420 3601 per·

1347 3602 1461 3635 uenire
1487 3604 1563 3637 libri
1577 3603 1588 3645 11
1616 3604 1658 3637 36
1682 3602 1842 3636 iudicium
1861 3604 1961 3646 vul9.]
1986 3603 2100 3636 iuditii
2123 3603 2228 3636 RVT
2248 3602 2260 3645 11
2285 3604 2326 3637 37
2351 3613 2419 3635 me-

1346 3648 1465 3680 minem
1487 3649 1535 3681 R²
1558 3647 1764 3692 apneminem
1793 3649 1843 3681 T“
1860 3647 1874 3693 11
1889 3658 2037 3683 exercere
2060 3658 2135 3681 suas
2159 3647 2277 3692 Τ1138
2301 3647 2417 3690 igitur]

1346 3704 1424 3736 ergo
1446 3694 1494 3727 Β*
