2592 3840
277 77 386 120 Nov.
418 76 564 119 XXIX
594 90 654 131 pr.
690 80 707 116 1

275 191 349 222 τοῖς
387 185 631 228 ἐνδοξοτάτοις
666 186 830 231 ἐπάρχοις
864 182 965 230 παρά
1003 197 1042 219 τε
1077 187 1131 227 τῷ
1166 183 1351 226 ἐνδοξοτά-

276 246 330 276 τῳ
354 230 456 277 ἡμῶν
479 231 570 266 κατὰ
590 230 890 265 κονσουλτατιόνα
910 230 1103 274 κρίνεσθαι
1123 233 1350 276 κοιαίστωρι·

276 277 338 311 τάς
376 290 416 311 τε
455 275 555 311 δίκας
597 275 762 310 ἐλάττους
800 276 878 309 τῶν
915 278 1169 308 πεντακοσίων
1208 277 1352 321 χρυσῶν

276 325 317 356 ἐν
340 323 386 370 τῇ
408 319 493 356 κατ’
520 319 631 356 αὐτὸν
654 323 808 366 ἐπαρχίᾳ
824 316 924 366 παρά
943 331 1018 353 τισι
1038 321 1248 363 κινουμένας
1271 318 1352 363 (κᾶν

277 369 309 400 εἰ
339 366 447 410 τυχὸν
480 369 519 399 ἐκ
549 367 807 412 παραπομπῆς,
838 362 887 408 μὴ
916 367 1043 407 μέντοι
1071 363 1170 410 παρὰ
1200 375 1352 400 σπεκτα-

276 411 405 456 βιλίοις
436 411 607 457 ῥηθεῖεν),
643 407 731 444 ὅταν
768 412 930 455 ἐφέσιμοι
964 412 1136 455 γίνοιντο,
1172 407 1284 445 αὐτὸν
1313 413 1352 445 ἐν

275 456 376 496 τάξει
407 457 512 490 θείου
545 453 790 497 κατεξετάζειν
825 451 1079 500 ἀκροατηρίου·
1118 451 1207 489 ὥςτε
1239 452 1351 490 αὐτὸν

276 505 335 534 καὶ
357 500 448 535 κατὰ
469 503 575 535 τοῦτο
595 498 811 546 σεμνότερον
834 498 924 532 ὄντα
942 499 1154 543 μεμνῆσθαι
1176 501 1237 543 τῆς
1257 498 1348 546 παρ’

277 543 381 590 ἡμῶν
413 544 600 590 δεδομένης
631 542 808 596 αὐξήσεως
839 540 952 586 αὐτῷ,
985 546 1044 596 καὶ
1071 540 1169 578 οὕτω
1192 545 1353 591 χρῆσθαι

1344 71 1424 119 218

2176 87 2237 118 ΒΕ
2265 88 2322 118 PR
2326 86 2497 119 AETORE·

1419 185 1516 231 apud
1530 185 1805 230 gloriosissimos
1822 184 2026 230 praefectos
2041 187 2079 221 et
2093 186 2192 231 apud
2204 185 2496 230 gloriosissimum

1420 234 1581 266 nostrum
1604 230 2121 282 secundum-consultationem
2150 231 2303 267 iudicari
2329 233 2496 276 quaesto-

1419 285 1511 320 rem3
1547 285 1747 320 causasque
1770 285 1924 311 minores
1954 275 2227 320 quingentorum
2248 286 2438 312 aureorum
2458 276 2498 312 in

1420 320 1498 356 eius
1518 320 1702 374 provincia
1725 320 1821 366 apud
1850 320 1989 365 aliquos
2013 325 2127 357 motas
2160 321 2228 364 (vel
2251 320 2345 357 forte
2366 330 2414 356 ex
2435 321 2497 358 de-

1388 365 1615 409 5legat10ne,
1654 367 1733 411 (ne)
1765 367 1885 401 tamen
1923 365 2021 410 apud
2058 366 2272 411 spectabiles
2308 365 2497 410 dicantur),

1421 410 1562 455 quando
1597 411 1699 457 (sub)
1733 410 1973 456 appellatione
2007 410 2118 453 fiunt,
2152 411 2272 456 ipsum
2303 410 2343 446 in
2373 410 2499 447 ordine

1420 456 1514 491 sacri
1533 456 1738 492 examinare
1757 455 1939 491 auditorii:
1964 457 2006 491 ut
2027 456 2059 490 is
2083 456 2189 491 etiam
2212 455 2407 492 secundum
2429 455 2499 492 hoc

1420 500 1606 536 honestior
1629 505 1843 536 memoretur
1862 511 1885 536 a
1902 501 2007 536 nobis
2029 500 2152 536 datum
2169 504 2397 545 augmentum
2417 500 2498 542 sibi,

1421 549 1457 581 et
1491 546 1542 580 ita
1578 550 1701 581 utatur
1734 546 1860 588 rebus,
1921 546 2066 581 uatinus
2101 545 2354 590 inculpabilem
2387 547 2507 581 semet-

277 594 350 644 τοῖς
371 591 589 643 πράγμασιν,
615 600 661 644 ως
683 589 874 633 ἄμεμπτον
897 588 1027 623 ἑαυτον
1050 590 1143 623 πᾶσι
1166 593 1241 624 τοῖς
1262 586 1351 633 ὑπη-
1368 593 1408 625 10
1420 590 1537 635 ipsum
1567 591 1731 626 omnibus
1761 591 1931 627 subiectis
1963 594 2000 626 et
2029 591 2132 627 nobis
2162 590 2262 637 ipsis,
2294 590 2441 637 insuper
2463 594 2500 626 et

277 647 370 670 κοοις
401 638 460 669 καὶ
483 638 567 679 ημῖν
591 637 708 669 αυτοῖς
735 636 795 667 καὶ
826 631 898 678 πρό
921 646 963 680 ys
985 632 1090 678 ἡμῶν
1122 634 1202 678 θεῷ
1229 647 1271 669 τε
1293 639 1352 669 καὶ

276 682 330 723 τῷ
353 678 453 723 νόμῳ
478 682 656 726 παρέχειν.

320 723 414 768 (En
423 729 438 758 ί
444 724 464 758 λ
472 737 491 759 ο
499 738 522 770 y
531 724 600 768 os.)
624 767 632 777 Ι
644 725 763 757 Ταῦτα
782 727 908 757 τοίνυν
926 719 1074 758 ἅπαντα
1094 720 1118 766 ἡ
1133 723 1178 767 σὴ
1200 720 1355 769 ὑπεροχὴ

1421 638 1546 671 nostro
1571 635 1637 671 deo
1660 636 1799 681 legique
1822 638 1993 681 praestet.

1473 724 1745 770 (Epilogus.)
1798 725 1898 760 Haec
1927 725 2036 770 igitur
2071 726 2192 761 omnia
2225 727 2291 761 tua
2325 723 2499 761 celsitudo

274 771 501 816 γινώσκουσα
524 779 700 803 τοσαυτας
724 781 762 802 τε
783 766 874 815 αὐτῇ
899 766 963 803 τὰς
980 767 1136 812 σιτήσεις
1155 767 1352 804 ἐπιδιδότω
1423 779 1640 814 cognoscens
1661 774 1780 805 tantas
1804 771 1838 805 ei
1857 780 2018 806 annonas
2042 770 2104 806 det
2123 771 2246 815 sicque
2263 780 2344 806 eam
2362 769 2502 806 noverit

276 812 372 848 οὕτω
400 827 441 848 τε
472 812 584 855 αὐτὴν
613 814 706 847 ἴστω
736 811 872 857 σεμνὴν
901 817 1122 867 γενομένην,Μ
1142 811 1190 849 οἷς
1212 813 1354 849 πολλοῖς
1370 818 1409 849 15
1422 814 1610 850 honestam
1632 814 1777 853 factam.
1809 819 1850 850 ut
1897 815 2034 850 lurimis
2057 815 2126 851 rite
2149 815 2198 851 sit
2220 814 2382 851 studiosa
2403 824 2500 850 nunc

275 860 419 894 εἰκότως
449 859 603 893 ἔσεσθαι
633 856 951 905 περισπούδαστον
982 872 1026 906 τῃ
1061 871 1125 893 του
1159 860 1227 894 νῦν
1262 857 1354 907 αὐτῇ

276 904 448 939 δοθέντος
479 900 570 947 παρ’
598 901 701 948 ὴμῶν
731 902 869 938 ἄνθους
898 916 939 938 τε
966 907 1027 938 καὶ
1050 901 1254 948 ἀξιώματος
1279 907 1355 940 ἐπι-

276 950 403 1029 θυὸἑῒ
422 1004 513 1028 xvn.
533 994 569 1028 k.
590 994 682 1038 Aug.
706 993 774 1029 ΟΡ.
796 994 967 1030 Belisario
988 1005 1020 1030 v.
1038 1004 1069 1029 c.
1091 1004 1189 1050 cons.

413 1296 592 1350 ΠΕΡΙ
627 1296 772 1350 TOY
784 1229 1219 1351 ΚΙΘΙΡΑΙΤῼΡΟΣ

538 1364 1092 1419 ΠΑΦΑΑΓΟΝΙΑΣ.

325 1440 362 1476 ‘0
386 1441 491 1477 αὐτὸς
515 1442 682 1487 βασιλεὺς
701 1441 853 1491 Ἰωάννῃ
877 1440 1022 1490 ἐπάρχῳ
1049 1446 1296 1490 πραιτωρίων.

317 1510 402 1565 (119,
405 1523 449 1544 oo
458 1525 477 1565 ι,
478 1524 504 1554 μ
512 1523 551 1565 c'o
560 1510 610 1555 ν.)
661 1510 707 1546 Τὸ
728 1509 985 1566 Παφλαγόνων
1008 1511 1119 1545 ἔθνος
1140 1507 1291 1562 ἀρχαῖόν
1314 1523 1355 1544 τε

1368 1231 1412 1263 20

1424 860 1457 894 ei
1481 859 1557 894 dati
1580 870 1603 895 a
1626 860 1729 896 nobis
1752 859 1852 895 floris
1900 860 2129 905 ignitatisque
2155 859 2453 904 eoncupiscentia.

1307 997 1355 1037 [a.
1370 997 1448 1036 535]
1494 994 1580 1029 Dat.
1596 1005 1688 1030 xvn.
1709 994 1782 1030 kal.
1803 995 1895 1039 Aug.
1918 993 1988 1030 ΟΡ.
2011 993 2182 1031 Belisario
2203 1005 2236 1031 v.
2258 1004 2291 1030 c.
2310 1003 2411 1030 cons.

1898 1229 2016 1265 XXIX
2023 1257 2030 1264 .

1513 1299 1565 1348 R
1597 1299 1690 1349 DE
1724 1297 2089 1348 PRAETORE
2123 1298 2410 1349 PAPHLA-

1801 1365 2060 1416 GONIAE
2089 1365 2143 1415 R
2405 1407 2413 1411 .

1611 1441 1700 1488 Imp.
1725 1442 1944 1478 Iustinianus
1967 1443 2060 1488 Aug.
2084 1442 2236 1479 Iohanni
2259 1453 2320 1488 pp.

1467 1509 1753 1555 (Praefatio.)
1805 1510 2077 1556 Paphlagonum
2105 1509 2192 1557 gen's
2223 1512 2261 1546 et
2286 1508 2436 1555 antiqua
2465 1511 2503 1545 et

273 1558 332 1589 καὶ
364 1568 426 1589 ουκ
458 1569 651 1600 ανωνυμον
680 1557 881 1598 καθεστως,
913 1553 1003 1590 ἀλλὰ
1025 1557 1200 1590 τοσοῦτον
1225 1566 1272 1590 ως
1294 1558 1354 1589 καὶ
1367 1557 1409 1591 25
1422 1565 1495 1590 non
1520 1554 1597 1591 sine
1621 1555 1763 1591 nomine
1787 1555 1966 1599 constitit,
1997 1557 2061 1593 sed
2082 1556 2121 1592 in
2143 1559 2300 1599 tantum,
2330 1557 2372 1591 ut
2393 1553 2502 1590 etiam

271 1598 438 1635 ἀποικίας
458 1599 613 1646 μεγάλας
636 1602 820 1656 ἐκπέμψαι
843 1605 904 1635 καὶ
927 1600 990 1636 τὰς
1013 1603 1054 1636 ἐν
1069 1598 1215 1635 Ἰταλοῖς
1237 1612 1352 1635 συνοι-
1423 1600 1583 1636 colonias
1607 1611 1754 1646 magnas
1774 1600 1933 1636 mitteret
1962 1601 2032 1648 (et)
2061 1602 2100 1638 in
2121 1601 2293 1638 Italorum
2322 1598 2504 1636 habitaret

272 1649 370 1679 κίσαι
388 1649 568 1689 Βενετίας,
592 1648 632 1681 ἐν
653 1646 708 1681 αἶς
731 1645 776 1691 δη
797 1649 858 1680 καὶ
880 1644 1045 1690 Ἀκυληΐα
1068 1643 1171 1680 πόλις
1193 1646 1272 1680 τῶν
1292 1647 1353 1681 ἐπὶ
1422 1645 1593 1689 Veneriis,
1617 1646 1655 1682 in
1677 1646 1808 1691 quibus
1830 1646 1955 1690 utique
1977 1651 2015 1683 et
2033 1646 2198 1692 Aquileia.
2220 1645 2346 1682 civitas
2367 1645 2407 1681 in
2427 1643 2500 1680 ΗΘ-

1423 1690 1544 1735 speria
1574 1691 1729 1726 maxima
1763 1691 1926 1727 habitata
1957 1696 2014 1728 est
2048 1697 2085 1728 et
2117 1690 2336 1738 imperialem
2368 1698 2502 1726 morem

1416 1736 1506 1781 [pro
1531 1735 1678 1782 dietam]
1704 1736 1875 1782 suscepit.

1284 1825 1442 1861 CAPUT
1462 1827 1489 1860 1.

325 1892 366 1927 τὸ
398 1899 522 1928 τοίνυν
551 1893 685 1939 Παφλα
710 1892 808 1928 ὁνων
840 1894 950 1929 ἔθνος
983 1895 1043 1929 ἐπὶ
1074 1894 1153 1928 τῶν
1182 1891 1355 1939 Ὁνωρίου
1369 1896 1411 1928 30
1468 1892 1583 1937 IgItur
1605 1893 1874 1939 Paphlagonum
1897 1897 2037 1939 gentem
2061 1893 2128 1930 sub
2151 1893 2302 1930 Honorii
2325 1892 2407 1939 piae
2428 1901 2500 1929 me·

273 1939 335 1972 τοῦ
359 1940 419 1982 τῆς
443 1938 606 1983 εὐσεβοῦς
638 1936 681 1982 λή
703 1949 769 1973 ems
791 1938 934 1985 χρόνων
958 1937 1173 1973 ἐλαττωθὲν
1204 1941 1264 1972 καὶ
1289 1935 1352 1973 πό-
1422 1937 1556 1974 moriae
1579 1939 1801 1984 temporibus
1824 1940 2047 1975 imminutam
2077 1942 2114 1974 et
2143 1938 2305 1974 civitates
2334 1938 2500 1974 amitten·

272 1692 333 1732 τῆς
356 1691 507 1736 ἑσπέρας
529 1704 574 1735 με
598 1695 680 1734 ίστη
704 1690 928 1737 κατῴκισται
958 1694 1018 1725 καὶ
1042 1689 1235 1734 βασιλικὴν
1266 1689 1353 1726 πολ-

274 1734 371 1770 λάκις
395 1734 542 1770 δίαιταν
566 1705 753 1781 ἔεξαμένη,

318 2031 403 2063 Νου.
421 2031 562 2064 XXIX
577 2031 702 2064 Graece
723 2038 812 2064 extat
833 2031 865 2063 in
879 2030 964 2071 ML,
985 2043 1010 2062 c.
1031 2031 1114 2063 1—5
1139 2031 1172 2063 in
1193 2030 1230 2063 B
1248 2032 1279 2070 6,
1292 2037 1335 2063 13.
1360 2048 1404 2053 ——
1428 2029 1519 2072 Epit.
1535 2030 1656 2063 Theod.
1672 2031 1727 2072 29,
1751 2031 1827 2064 Atta.
1840 2033 1874 2074 4,
1887 2039 1916 2065 9.
1953 2031 2075 2065 Iulian.
2097 2037 2194 2064 const.
2213 2029 2398 2063 XXVIII.

272 2118 518 2164 spectabilium
541 2118 699 2153 iudicum
726 2123 763 2154 et
793 2118 895 2165 apud
916 2118 1200 2170 qloriosissimos
1220 2118 1442 2170 praefectos
1472 2123 1510 2154 et
1537 2118 1641 2164 apud
1668 2118 1970 2164 qloriosissimum
1997 2124 2162 2154 nostrum
2185 2121 2412 2164 quaestorem
2428 2126 2502 2164 per

243 2171 248 2175 ⁴
273 2163 571 2199 consultationem
599 2167 867 2209 coqnoscatur;
901 2163 982 2199 lites
1012 2167 1131 2199 autem
1163 2164 1370 2209 qumqentis
1400 2163 1523 2198 aureis
1553 2163 1712 2198 minores
1742 2163 1783 2198 in
1811 2163 2004 2210 provincia
2032 2164 2149 2217 ipsius
2171 2167 2288 2198 motas
2310 2161 2412 2214 apud
2433 2161 2500 2197 ali-

272 2218 365 2253 quos
394 2209 472 2251 (etsi
493 2209 596 2254 forte
624 2219 675 2245 ex
698 2208 936 2255 deleqatione,
968 2219 1035 2244 nec
1069 2213 1189 2244 tamen
1219 2208 1321 2255 apud
1349 2208 1562 2255 spectabiles
1593 2214 1697 2244 actae
1726 2209 1825 2252 sint),
1857 2209 2004 2255 quando
2033 2220 2071 2245 m
2099 2208 2147 2244 iis
2169 2207 2369 2255 appellatae
2389 2206 2500 2243 inter-

270 2258 445 2299 ponatur,
474 2255 551 2300 ipse
573 2254 612 2288 in
636 2254 763 2290 ordine
784 2254 886 2289 sacri
906 2253 1092 2290 examinet
1114 2252 1310 2289 auditorii.-
1341 2258 1384 2289 ut
1405 2254 1444 2288 in
1467 2253 1537 2289 hac
1566 2264 1638 2300 quo
1666 2264 1711 2288 ue
1738 2265 1780 2290 re
1802 2253 2020 2290 honoratior
2046 2254 2174 2300 factus
2203 2252 2327 2289 collati
2359 2251 2399 2287 in
2420 2261 2500 2288 eum

273 2309 297 2332 a
319 2298 423 2349 nobis
447 2299 656 2334 incrementi
679 2310 814 2335 memor
836 2300 895 2342 sit,
923 2303 961 2335 et
983 2299 1035 2334 ita
1057 2298 1165 2334 rebus
1188 2302 1325 2342 utatur,
1348 2303 1389 2334 ut
1413 2298 1576 2334 omnibus
1598 2264 1750 2334 subditis
1773 2303 1809 2335 et
1832 2299 1935 2335 nobis
1957 2299 2048 2345 ipsis
2069 2303 2106 2335 et
2122 2309 2218 2346 prae
2241 2297 2343 2334 nobis
2364 2296 2433 2333 deo
2455 2305 2501 2332 ao

273 2342 348 2388 leqi
367 2348 547 2423 tiztEeqmm
569 2355 646 2379 sese
661 2347 838 2390 praestet.
2291 2377 2293 2379 e

447 2389 516 2435 pil
524 2399 647 2434 oqus.
707 2388 777 2424 His
806 2390 921 2436 ἱρέων
952 2389 1117 2425 omnibus
1147 2392 1211 2424 tua
1238 2388 1441 2424 sublimitas
1472 2389 1629 2436 coqnitis
1659 2392 1696 2425 et
1728 2400 1894 2425 annonas
1926 2393 2049 2425 tantas
2073 2389 2108 2426 ei
2135 2387 2314 2435 praebeat
2342 2390 2379 2423 et
2408 2385 2500 2423 adeo
2557 2397 2564 2408 ¹

273 2431 602 2513 hmaozatubnteumb
618 2434 760 2514 ΐςῖίοέμζη
785 2445 861 2470 esse
882 2435 986 2478 sciat,
1018 2438 1060 2470 ut
1082 2434 1205 2470 multis
1234 2434 1362 2470 merito
1386 2434 1614 2480 expetendus
1642 2434 1693 2470 sit
1711 2434 1865 2480 futurus
1893 2434 2037 2470 decoris
2065 2439 2101 2470 et
2130 2432 2320 2480 diqnitatis
2347 2441 2444 2468 nuno
2465 2430 2500 2468 a·

275 2489 299 2512 a
322 2489 369 2513 no
394 2489 424 2512 ts
472 2490 494 2513 a
511 2489 554 2513 ae
601 2489 650 2514 est
718 2490 763 2514 ιο.

838 2724 942 2775 DE
969 2656 1651 2777 PRAETOREY‘ZZPHLA
1658 2726 1698 2777 G
1704 2725 1938 2778 ONIAE'.

924 2802 1024 2838 Idem
1046 2805 1235 2850 Auqustus
1257 2802 1415 2840 Iohanni
1431 2804 1629 2851 praefecto
1647 2805 1853 2851 praetorio.

408 2865 660 2918 Praefatio.
677 2913 683 2919 ¹
706 2868 760 2903 Pa
789 2868 986 2916 hlaqonum
1001 2875 1143 2917 qentem
1163 2879 1199 2907 et
1218 2872 1297 2907 anti
1322 2882 1407 2906 uam
1427 2882 1543 2917 neque
1562 2871 1766 2918 ignobilem,
1787 2871 1853 2908 sed
1868 2871 1975 2908 talem
1992 2883 2087 2919 quae
2109 2876 2146 2909 et
2163 2883 2317 2919 maqnas
2334 2871 2500 2910 colonias

275 2911 528 2963 deduxerat-et
559 2911 725 2948 Venenas
759 2914 927 2964 ‚talorum
949 2915 1154 2959 incoluerit,
1185 2916 1247 2951 ubi
1303 2916 1437 2963 quileia
1461 2927 1606 2964 quoque
1629 2916 1775 2953 condita
1805 2922 1861 2954 est
1883 2917 1970 2954 urbs
1992 2928 2117 2953 earum
2140 2928 2234 2964 quae
2253 2917 2292 2954 in
2315 2915 2499 2955 occidente

273 2962 358 2992 sunt
381 2967 543 2993 maxima
565 2967 730 3003 quaeque
752 2959 973 3005 imperialem
997 2960 1140 2996 domum
1163 2972 1274 3008 saepe
1295 2962 1465 3008 suscepit,

408 3001 436 3036 1.
496 3001 775 3048 Paphlaqonum
807 3003 921 3049 iqitur
948 3009 1089 3050 qentem
1121 3005 1282 3041 Honorii
1306 3007 1396 3052 piae
1424 3007 1619 3043 memoriae
1651 3006 1871 3054 temporibus
1901 3010 2136 3044 extenuatam
2164 3012 2201 3043 et
2230 3006 2379 3044 urbibus
2407 3017 2496 3045 nons-
2548 3016 2550 3018 '

1463 3110 1483 3142 2
1508 3108 1771 3142 consulationem
1789 3109 1822 3144 V
1835 3108 1848 3152 11
1862 3110 1885 3143 4
1908 3107 1960 3142 vel
1977 3109 2007 3141 si
2021 3108 2108 3142 sorte
2123 3108 2218 3142 Beck
2232 3106 2246 3151 11
2263 3109 2284 3141 5
2305 3117 2348 3141 ne
2369 3106 2496 3149 addidi,

1418 3162 1478 3185 nec
1493 3155 1579 3196 vulq.
1597 3152 1610 3198 11
1627 3154 1759 3187 dicatur
1778 3154 1833 3197 Vl}
1851 3156 1871 3187 6
1895 3153 1957 3186 sub
1981 3154 2059 3186 add.
2071 3153 2158 3197 vulg.
2173 3153 2185 3195 11
2202 3151 2427 3196 appellatione
2449 3151 2495 3195 V]

1417 3197 1678 3239 appellationum
1693 3199 1726 3232 T
1737 3198 1751 3242 11
1774 3198 1872 3240 fiunt]
1896 3198 2000 3232 fuerit
2020 3197 2088 3276 V}
2099 3197 2137 3230 in
2153 3197 2303 3231 ordinem
2321 3197 2355 3232 T
2363 3196 2399 3277 θ
2411 3199 2430 3231 '1
2455 3196 2494 3238 is]

1417 3243 1469 3275 his
1494 3244 1573 3277 libri
1599 3243 1612 3287 11
1638 3243 1820 3277 secundum
1843 3244 1906 3276 hoo
1929 3243 2031 3276 etiam
2097 3242 2140 3275 al.
2167 3242 2180 3285 11
2210 3243 2232 3277 8
2254 3242 2333 3276 dato
2404 3242 2455 3276 al:
2480 3241 2496 3287 Ι

1417 3288 1437 3320 9
1461 3286 1570 3329 rebus]
1595 3289 1695 3322 oehus
1715 3287 1772 3333 Vfl
1793 3291 1830 3322 11
1857 3290 1986 3321 nostros
2007 3287 2064 3330 Vll
2083 3288 2124 3321 14
2147 3297 2348 3328 cogno-oens
2370 3289 2405 3320 et
2421 3289 2491 3320 tu·

1416 3333 1466 3363 tas
1490 3332 1655 3377 Neobury.
1682 3333 1696 3378 11
1723 3333 1866 3366 mouerit
1890 3333 1977 3367 Tol.
2008 3342 2061 3364 me
2084 3332 2157 3365 ueri
2188 3332 2223 3366 V
2281 3333 2321 3367 15
2344 3330 2495 3366 honesti·

1417 3375 1539 3408 sactum
1566 3377 1621 3422 Vn
1642 3380 1683 3412 16
1706 3379 1803 3412 flores
1821 3379 1899 3412 libri
1911 3377 1925 3422 11
1942 3377 2197 3419 diuinitatisque
2257 3377 2301 3411 al.
2352 3378 2392 3411 19
2415 3385 2494 3409 oon·

1415 3421 1650 3463 stantinopolis
1671 3423 1729 3466 Vn
1742 3422 1830 3456 bilis.
1853 3422 1940 3465 VTu
1966 3423 2005 3456 21
2033 3423 2195 3464 praetore]
2219 3431 2299 3464 prae

1415 3465 1514 3505 gonie
1538 3466 1601 3499 VT
1615 3471 1660 3504 (et
1669 3470 1717 3501 sic
1730 3467 1863 3512 semper)
1884 3467 1899 3512 fl
1921 3469 1963 3502 23
1987 3468 2056 3511 pp]
2080 3467 2220 3510 §porum
2247 3465 2312 3510 1711
2338 3467 2383 3500 24
2405 3464 2492 3498 anti-

1416 3519 1514 3549 quam
1535 3510 1590 3553 1711
1609 3513 1651 3546 25
1675 3513 1826 3546 consistit
1847 3513 2011 3564 Neoburq.
2029 3510 2104 3591 4726
2128 3511 2258 3544 mittere
2277 3509 2334 3555 V}
2358 3513 2392 3544 et
2414 3509 2491 3544 aad.

1415 3554 1530 3597 vulo-fl
1554 3556 1595 3589 27
1621 3557 1788 3600 aquilegia
1808 3558 1872 3600 711
1900 3567 2008 3600 speria
2064 3557 2107 3590 al.
2164 3556 2207 3591 28
2229 3565 2351 3597 magna
2370 3555 2403 3589 T
2411 3554 2455 3588 al.

1415 3598 1614 3676 *Giffpemh
1626 3612 1716 3678 ere
1727 3602 1912 3644 prodictam
1935 3601 1967 3637 V
1984 3602 2073 3644 impe
2094 3601 2101 3607 '
2141 3601 2147 3608 ”
2171 3611 2261 3634 more
2278 3599 2435 3633 traditam
2482 3621 2492 3631 ·

1484 3656 1588 3678 ”ema
1605 3658 1658 3679 δίε
1671 3658 1734 3679 “8⁸0

322 3107 338 3139 1
364 3100 534 3148 ὑπάρχοις
559 3104 627 3137 LB
642 3103 655 3143 11
673 3103 751 3136 τῶν
771 3102 1020 3143 ἐνδοξοτάτων
1033 3107 1065 3139 L
1080 3105 1093 3150 11
1113 3109 1131 3140 2
1155 3106 1249 3140 κατὰ
1271 3120 1349 3141 κον-

273 3147 512 3183 σουλτατίονα
535 3145 828 3190 (κονσουλατίονα
842 3150 900 3191 Μ)
924 3150 1009 3190 ML]
1033 3149 1125 3183 κατὰ
1145 3150 1350 3186 συνέλευσιν

274 3195 322 3228 M
322 3208 348 3229 s.
358 3206 400 3236 v.,
414 3194 450 3227 B
468 3192 481 3238 11
496 3192 700 3239 κρίνεσθαι]
720 3192 893 3238 γίνεσθαι
910 3195 945 3227 Β
960 3194 972 3238 11
991 3197 1012 3228 4
1035 3198 1264 3239 κρινουμένας
1280 3198 1315 3230 Β
1338 3197 1350 3242 11

273 3243 293 3274 5
322 3237 423 3286 παρὰ
451 3235 703 3294 περιβλέπτοις
726 3239 796 3271 LB
826 3238 838 3281 11
866 3240 887 3272 6
905 3252 954 3281 sq.
985 3241 1026 3271 ἐν
1048 3238 1147 3279 τάξει
1171 3259 1214 3265 -
1239 3237 1349 3275 αὐτὸν

274 3298 332 3319 om.
348 3285 407 3327 Lfl
434 3286 455 3319 9
479 3281 669 3326 αυξήσεως]
693 3283 864 3328 ἐπαρχίας
887 3284 938 3316 L⁶
963 3283 975 3325 11
997 3281 1097 3326 αὐτῷ
1121 3296 1139 3320 ς
1156 3284 1169 3327 11
1196 3287 1232 3318 11
1262 3285 1349 3330 πρός

271 3342 312 3376 γε
339 3331 389 3366 Le
406 3329 419 3373 11
437 3331 478 3363 13
490 3342 539 3372 sq.
564 3329 723 3373 epiloyum
748 3341 805 3360 om.
821 3328 857 3360 B
875 3327 888 3371 11
916 3329 954 3362 16
979 3327 1138 3361 ἔπεσθαι
1163 3330 1193 3362 L
1209 3330 1222 3372 11
1240 3326 1348 3363 αὐτοῦ

272 3376 304 3408 L
321 3375 335 3419 11
355 3377 395 3409 19
418 3385 497 3407 xvu
516 3375 550 3406 k.
569 3376 654 3415 Aug.
680 3373 824 3414 ς(ΑιΙι.)]
849 3383 908 3404 xv.
933 3373 966 3404 k.
986 3383 1061 3414 aug.
1083 3374 1129 3406 M
1155 3373 1201 3405 kl.
1216 3378 1348 3415 agustus

272 3418 353 3454 Iul!
377 3421 450 3461 (om.
463 3419 526 3453 Iul.
540 3420 634 3453 codd.
650 3421 736 3460 cett.)
757 3418 845 3461 μηνὶ
865 3413 1052 3463 αὖγοὺστῳ
1082 3419 1199 3451 Theoti.
1224 3420 1236 3462 11
1264 3419 1347 3451 Bili-

272 3465 359 3498 sario
373 3465 418 3498 M
429 3463 442 3508 11
462 3472 537 3508 post
549 3465 809 3508 subscriptionem
829 3475 891 3496 non
908 3471 1055 3496 servatur
1068 3464 1164 3496 index
1185 3464 1224 3496 de
1240 3476 1301 3506 quo
1318 3477 1346 3498 v.

270 3523 305 3553 p.
316 3512 392 3549 217,
402 3517 438 3543 26
457 3510 470 3552 11
486 3511 528 3543 25
543 3504 749 3549 uastum]
768 3507 919 3541 constitit
931 3518 951 3544 ς
967 3507 1183 3548 (καθέστηκε
1198 3509 1346 3542 Halonn-

274 3556 344 3593 dar)
356 3557 368 3588 11
380 3556 422 3586 2ss
436 3558 635 3588 συνοικίσαι
649 3554 825 3598 Scrimqer]
838 3552 1046 3595 συνοικῆσαι
1061 3553 1153 3589 MLe
1163 3551 1176 3597 11
1193 3555 1235 3587 30
1248 3549 1347 3598 ὁρίου

275 3600 322 3632 L¹
343 3596 484 3644 ὀνορίου
501 3601 548 3632 L²

2365 3421 2379 3464 ΙΙ
2393 3420 2493 3464 1³⁸⁶·-
2552 3420 2556 3423 '
