2476 3854
125 75 232 120 Nov.
259 76 478 121 CXXXIV
509 80 617 120 5—7

123 186 212 233 πρὸς
236 187 303 222 τὸν
327 186 484 235 ἄρχοντα
516 188 578 231 τῆς
601 189 771 233 ἐπαρχίας
801 185 915 221 αὐτὸν
945 190 1203 233 παραπέμπειν

124 233 163 265 έν
185 224 209 279 ᾗ
232 228 385 279 ἥμαρτε,
416 233 478 267 τὰς
502 231 575 267 ἀπὸ
600 233 678 266 τῶν
700 230 828 276 νόμων
851 236 1023 287 τιμωρίας
1046 229 1202 275 ὑποστη-

122 275 287 321 σάμενον.
336 280 366 312 εἰ
390 277 430 313 δὲ
453 277 471 311 ὁ
498 278 565 321 τὴν
591 276 767 320 δημοσίαν
798 276 993 320 ἐπιστολην
1017 275 1201 322 δεχόμενος

123 321 330 367 ῥαθυμήσει
365 324 473 357 τοῦτο
509 323 675 365 ποιῆσαι,
710 318 732 365 ἢ
765 322 801 356 οἱ
830 322 892 365 τῆς
923 321 1059 362 τάξεως
1090 320 1201 357 αὐτοῦ

122 366 373 412 προδώσουσιν
406 366 428 410 ἢ
461 369 717 414 ἐπιτραπέντες
741 364 972 412 ἀμελήσουσι,
1006 368 1202 411 τηνικαῦτα

122 416 182 445 καὶ
206 412 319 447 αὐτὸν
349 413 416 446 τὸν
441 412 598 457 ἄρχοντα
621 415 712 458 τρεῖς
734 417 878 457 χρυσίου
902 411 1023 457 λίτρας
1052 415 1111 446 καὶ
1135 412 1202 456 τὴν

121 454 226 497 τάξιν
263 455 373 491 αὐτοῦ
404 457 524 502 ἑτέρας
558 460 649 503 τρεῖς
680 455 770 503 ὑπὲρ
805 458 930 500 ποινῆς
964 455 1203 502 καταβάλλειν

121 501 316 544 κελεύομεν.
365 503 395 536 εἰ
417 500 455 535 δὲ
475 500 494 536 ὁ
520 500 642 548 ἄρχων
674 501 697 546 ἢ
721 514 775 537 τις
796 504 874 537 τῶν
899 502 961 546 τῆς
983 502 1118 544 τάξεως
1141 500 1202 536 αὗ-

121 548 184 580 τοῦ
221 545 280 580 διὰ
318 545 438 592 κέρδος
472 546 514 581 τὸ
552 549 694 582 τοιοῦτο
729 546 923 601 πρόςωπον
940 547 1005 601 ,μὴ
1037 549 1149 594 συσχῇ
1178 545 1202 591 ἢ

1195 73 1277 122 682

1715 92 1776 123 UT
1804 92 1940 124 NULLI
1967 93 2156 127 IUDICUM
2185 94 2344 127 LIOEA'I·

1273 187 1572 241 comprehendere
1601 187 1803 226 huiusmodi
1833 192 1869 226 et
1899 190 1946 226 ad
1969 190 2122 228 iudicem
2145 193 2345 238 provinciae

1269 235 1527 276 transmittere,
1567 233 1605 269 in
1640 244 1711 280 qua
1745 235 1922 280 peccavit,
1964 236 2146 282 suppliciis
2182 237 2344 283 legitimis

1268 277 1524 314 subiciendum.
1573 278 1611 315 Si
1641 290 1722 316 vero
1778 280 1814 315 ui
1845 281 2024 325 publicam
2056 282 2242 327 epistolam
2266 293 2345 318 sus-

1271 323 1404 367 ceperit
1432 323 1625 375 neglexerit
1654 324 1723 361 hoc
1769 335 1884 370 acere,
1916 330 1979 361 aut
2010 325 2138 362 officiis
2168 327 2244 363 eius
2272 331 2345 362 tra-

1239 371 1257 403 5
1271 367 1363 410 dere,
1388 370 1453 403 aut
1467 372 1639 413 imperata
1657 370 1884 413 neglexerint,
1909 373 1996 406 tunc
2013 375 2048 407 et
2061 371 2178 416 ipsum
2193 372 2346 408 iudicem

1270 416 1342 447 tres
1364 412 1442 448 auri
1464 413 1573 449 libras
1597 416 1632 450 et
1655 415 1811 450 officium
1839 415 1915 451 eius
1938 416 2026 451 alias
2049 418 2121 452 tres
2142 427 2207 461 pro
2230 427 2347 461 poena

1270 457 1399 511 inferre
1433 457 1607 495 iubemus.
1654 459 1692 495 Si
1722 471 1803 496 vero
1837 460 1943 496 iudex
1978 464 2042 496 aut
2075 462 2202 506 aliquis
2236 461 2347 497 officii

1271 512 1347 537 eius
1378 505 1525 548 propter
1547 504 1685 540 lucrum
1707 504 1907 542 huiusmodi
1934 516 2122 551 personam
2153 517 2226 543 non
2249 517 2345 542 com-

1270 547 1467 592 prehendat
1485 551 1549 584 aut
1564 550 1864 595 comprehendens
1883 561 1955 587 non
1974 552 2204 596 transmittat,
2227 555 2263 587 et
2277 551 2347 587 hoc

121 592 263 634 συσχων
294 593 343 636 μὴ
368 594 623 638 παραπέμψει,
655 596 714 627 καὶ
736 606 843 627 τουτο
875 593 1014 638 πραξας
1038 592 1201 640 ἐλεγχθῇ,
1217 595 1258 628 10
1270 602 1379 637 agens
1403 593 1644 638 convincatur,
1675 596 1851 641 spoliatus
1875 596 2015 642 cingulo
2041 596 2147 632 exilio
2171 596 2346 633 tradatur.

120 636 324 681 γυμνωθεὶς
349 638 410 681 τῆς
434 637 549 681 ζώνης
567 638 687 683 ἐξορίᾳ
708 636 987 684 παραδιδόσθω.

1110 727 1266 764 CAPUT
1290 727 1352 764 VI.

188 796 261 827 Καὶ
292 795 400 830 τοῦτο
432 793 472 829 δὲ
503 794 691 840 κελεύομεν
720 794 1073 842 παραφυλάττεσθαι
1102 796 1199 841 παρὰ

120 837 237 882 πάσης
269 836 393 885 ἀρχῆς,
425 841 486 875 ἵνα
510 841 575 876 ἐὰν
606 842 723 888 συμβῇ
749 842 929 896 ἔγγραφον
947 838 1124 886 ἡμετέραν
1147 844 1200 875 κε’-

120 883 241 918 λευσιν
262 886 439 940 γεῗνέσθαι
464 887 554 930 πρός
575 899 660 921 τινα
683 888 760 921 τῶν
783 886 984 931 ἀρχοντων,
1008 889 1068 920 καὶ
1091 888 1131 920 ἐν
1146 887 1200 930 τῷ

1333 796 1382 831 Et
1403 796 1474 832 hoc
1497 806 1580 832 vero
1603 795 1765 832 iubemus
1797 796 1977 833 observari
2008 797 2054 832 ab
2079 797 2173 833 omni
2197 796 2346 833 admini-

1270 842 1454 885 stratione,
1486 844 1526 877 ut
1549 842 1579 878 si
1604 841 1792 886 contigerit
1813 842 1850 877 in
1873 843 2015 888 scriptis
2038 845 2197 878 nostram
2219 842 2348 878 iussio-

1271 896 1348 920 nem
1372 886 1449 921 fieri
1472 886 1518 921 ad
1541 886 1692 931 aliquem
1715 886 1878 928 iudicem,
1903 891 1938 922 et
1953 887 2090 923 interea
2104 887 2172 922 iste
2188 887 2348 932 quiescat

119 929 253 973 μεταξὺ
271 942 372 965 ουτος
388 932 517 986 παυθῇ
533 933 596 975 τῆς
613 928 729 977 ἀρχῆς,
751 931 818 966 τὸν
832 928 915 987 μετ’
934 933 1071 966 ἐκεῖνον
1086 944 1201 977 παρα·
1218 934 1257 967 15
1270 933 1316 966 ab
1333 931 1646 975 administratione,
1671 932 1701 966 is
1719 931 1778 985 qui
1800 936 1884 976 post
1898 932 1998 968 illum
2014 942 2118 968 susce
2144 932 2212 967 erit
2235 931 2347 976 digni-

120 973 356 1019 λαμβάνοντα
378 976 447 1019 τὴν
470 978 585 1023 αρχὴν
606 974 779 1019 δέχεσθαι
810 990 948 1020 ταυτην
971 981 1030 1011 καὶ
1051 978 1201 1022 ἐμφανί-

121 1021 213 1061 ζειν·
250 1024 310 1054 καὶ
342 1021 373 1054 εἰ
402 1023 470 1065 μὲν
493 1020 679 1056 ἰδιωτικὸν
703 1022 755 1065 εἴη
779 1022 822 1056 τὸ
848 1023 1007 1068 πρᾶγμα,
1031 1026 1092 1056 καὶ
1115 1020 1201 1065 πλη-

120 1066 208 1110 ροῦν
232 1061 321 1100 αὗτὸ
347 1070 406 1099 καὶ
429 1067 620 1110 ἐπεξιέναι,
644 1064 692 1101 αἶς
716 1063 763 1101 ἂν
787 1068 817 1100 εἰ
841 1067 930 1112 πρὸς
957 1064 1072 1101 αὐτὸν
1103 1068 1202 1109 ἔτυχε

119 1112 423 1166 γεγραμμένη-ἐἰ
444 1110 484 1146 δὲ
506 1110 539 1168 ἡ,
552 1112 708 1168 τοιαύτη,
725 1113 898 1159 ἔγγραφος
915 1111 1069 1147 κέλευσις
1091 1112 1139 1146 εἰς
1157 1112 1200 1146 τὸ

1270 980 1379 1012 tatem
1399 977 1554 1022 accipiat
1572 986 1648 1012 eam
1672 980 1708 1011 et
1726 977 1894 1013 insinuet.
1942 977 1991 1012 Et
2006 977 2038 1012 si
2053 977 2112 1022 qui
2138 987 2193 1012 em
2209 976 2348 1022 privata

1270 1025 1325 1057 est
1348 1032 1476 1064 causa,
1502 1026 1537 1057 et
1558 1022 1704 1066 implere
1726 1032 1804 1057 eam
1828 1025 1864 1057 et
1886 1022 2029 1068 exequi,
2055 1021 2347 1067 quemadmodum

1271 1066 1316 1103 ad
1340 1078 1420 1102 eum
1438 1068 1638 1121 promeruit
1660 1067 1888 1112 rescriptum
1923 1067 1955 1103 si
1977 1077 2060 1103 vero
2085 1066 2287 1103 huiusmodi
2309 1066 2348 1102 in

1271 1112 1413 1157 scriptis
1436 1112 1546 1148 iussio
1570 1112 1751 1157 publicum
1774 1113 1936 1157 respicit,
1967 1112 2125 1166 inquirat
2148 1122 2237 1154 eam,
2262 1115 2298 1147 et
2316 1110 2347 1147 si

121 1155 296 1199 ὸημόσιον
319 1169 405 1200 υρᾳ,
437 1156 617 1199 έξεταζειν
640 1170 789 1212 ταυτην,
819 1161 879 1191 καὶ
901 1159 933 1212 εἰ
955 1159 1022 1201 μὲν
1044 1157 1092 1202 μὴ
1113 1155 1200 1202 βλά·
1215 1159 1257 1192 20
1271 1158 1411 1202 quidem
1434 1168 1507 1193 non
1530 1157 1682 1193 laeditur
1704 1157 1823 1199 fiscus,
1852 1167 1943 1202 quae
1966 1169 2004 1193 111
2028 1167 2071 1193 ea
2095 1157 2348 1202 comprehensa

120 1213 250 1235 πτεται
265 1200 307 1234 τὸ
326 1199 514 1244 δημόσιον,
538 1202 585 1236 τὰ
602 1204 642 1237 ἐν
659 1205 750 1249 αυτῇ
770 1215 1005 1248 περιεχομενα
1029 1202 1200 1249 πληροῦν,

120 1247 151 1279 εἰ
170 1244 210 1279 δὲ
229 1245 318 1289 πρὸς
340 1245 485 1291 βλάβην
509 1249 585 1282 ἐστὶ
605 1250 670 1282 τοῦ
689 1245 869 1293 δημοσίου,
894 1246 1006 1292 μηδὲν
1028 1246 1088 1283 ἐπ’
1111 1244 1200 1294 αὐτῇ

120 1290 305 1326 παντελῶς
329 1292 578 1337 πράττεσθαι,
609 1293 758 1337 μηνύειν
789 1291 828 1327 δὲ
850 1294 899 1328 εἰς
928 1291 1019 1338 ἡμᾶς
1041 1305 1070 1328 π
1093 1294 1201 1337 ῶτον,

120 1332 208 1370 ὤςτε
238 1335 408 1382 δευτέραν
438 1334 545 1392 ἡμῶν
566 1339 739 1384 γίνεσθαι
770 1341 852 1384 περὶ
876 1338 1005 1372 τούτου
1031 1306 1200 1372 κέλευσιν.

1271 1206 1354 1238 sunt
1377 1202 1587 1248 adimpleat,
1615 1202 1646 1238 si
1669 1213 1752 1238 vero
1775 1203 1822 1237 ad
1845 1203 2036 1239 laesionem
2059 1204 2114 1238 est
2135 1201 2229 1243 fisci,
2259 1201 2349 1237 nihil

1271 1257 1378 1293 super
1408 1257 1451 1283 ea
1482 1249 1624 1284 omnino
1648 1247 1723 1292 agi,
1755 1249 1920 1284 nuntiare
1943 1258 2024 1283 vero
2057 1248 2160 1283 nobis
2183 1247 2346 1292 primum,

1270 1296 1312 1328 ut
1342 1293 1500 1328 secunda
1530 1296 1653 1329 nostra
1685 1293 1750 1328 fiat
1784 1293 1828 1328 de
1858 1293 1927 1329 hoc
1957 1293 2081 1329 iussio.
2129 1293 2167 1328 Si
2198 1303 2280 1328 vero
2311 1294 2349 1327 et

1270 1342 1462 1384 praecepta
1495 1338 1685 1374 cuiuslibet
1715 1337 1842 1374 iudicis
1865 1339 1951 1381 sint,
1980 1341 2017 1373 et
2039 1338 2138 1383 prius
2165 1348 2271 1382 quam
2293 1337 2347 1372 in-

121 1382 151 1414 εἰ
175 1379 214 1415 δὲ
243 1385 303 1415 καὶ
326 1383 532 1427 προςταξεις
555 1381 767 1438 οξυυὸήζτοτε
791 1382 962 1429 ἄρχοντος
984 1384 1119 1426 εἴησαν,
1142 1386 1202 1417 καὶ
1216 1385 1257 1418 25
1271 1384 1456 1419 sinuentur
1472 1384 1572 1427 haec,
1595 1387 1660 1419 aut
1674 1383 1947 1428 praecipientem
1971 1389 2035 1418 aut
2057 1383 2103 1418 ad
2119 1393 2224 1435 quem
2243 1391 2347 1427 prae-

121 1429 207 1472 πρὶν
227 1428 503 1472 ἐμφανισθῆναι
521 1440 653 1463 ταυτας
676 1442 698 1471 η
712 1428 780 1463 τὸν
797 1428 1048 1474 προςτάξαντα
1070 1426 1093 1472 ἢ
1112 1427 1202 1473 πρὸς

120 1468 166 1505 ὃν
189 1471 229 1505 αἱ
250 1471 453 1517 προςτάξεις
484 1474 653 1520 γεγόνασι
683 1475 802 1529 συμβῇ
835 1471 1109 1517 ἀποκινηθῆναι
1140 1473 1202 1516 τῆς

121 1513 245 1561 ἀρχῆς,
269 1521 329 1551 καὶ
351 1515 466 1553 οὕτως
490 1517 509 1553 ὁ
527 1517 714 1566 γινόμενος
738 1532 862 1564 αρχων
883 1517 1016 1554 ταύτας
1036 1516 1200 1562 δεχέσθω

120 1566 180 1617 καὶ
211 1564 444 1618 ἐκβιβαζέἷω,
476 1565 514 1618 εἰἱ
537 1568 698 1609 νομίμως
726 1565 936 1611 γεγόνασιν·
972 1565 1004 1599 εἰ
1032 1563 1072 1599 δὲ
1100 1563 1200 1608 παρὰ

1271 1431 1375 1474 cepta
1404 1429 1501 1464 facta
1532 1434 1616 1464 sunt
1648 1428 1833 1473 contigerit
1862 1429 2031 1464 removeri
2055 1427 2099 1463 de
2123 1428 2280 1480 cingulo,
2312 1429 2349 1462 et

1270 1474 1322 1526 sic
1355 1474 1556 1527 qui-factus
1579 1474 1690 1526 fuerit
1711 1474 1819 1527 iudex
1849 1476 1940 1509 haec
1963 1473 2136 1518 suscipiat
2160 1475 2197 1508 et
2218 1474 2348 1516 exigat,

1269 1519 1619 1610 ἓᾏῃῖῖῗῖῗωῖἒέὲῗ
1642 1521 1741 1601 ἓὲιὲ
1769 1518 2350 1609 23:1321‘12000013'552233223211333

120 1620 188 1663 τον
221 1621 336 1652 νόμον
370 1622 393 1652 η
428 1622 521 1643 κατα
554 1622 618 1643 του
655 1607 826 1653 δημοσίου
856 1611 1032 1656 ἐγένοντο,
1068 1609 1201 1645 ταύτας
1214 1611 1255 1644 30
1269 1618 1347 1646 esse
1370 1610 1544 1646 iubemus.

121 1655 201 1687 αντὶ
223 1651 315 1697 μηδὲ
336 1657 594 1700 γεγραμμένων
617 1653 710 1689 εἶναι
733 1653 929 1700 κελεύομεν.

1113 1744 1268 1780 CAPUT
1292 1744 1373 1781 VII.

176 1807 319 1855 Ἐπειδὴ
344 1808 384 1845 δὲ
406 1814 466 1845 καὶ
488 1808 663 1855 τοιαύτην
686 1809 854 1857 ἀσέβειαν
878 1813 918 1846 ἐν
934 1810 1118 1858 διαφόροις
1140 1810 1201 1846 τό·

121 1866 202 1889 ποις
230 1856 291 1899 τῆς
313 1853 485 1902 ἡμετέρας
513 1856 694 1892 πολιτείας
724 1859 885 1904 ἔγνωμεν
908 1855 1201 1903 ἁμαρτάνεσθαι,

189 1937 216 1958 c.
238 1925 315 1958 VII.
347 1924 440 1958 VIII
460 1932 548 1959 extat
570 1925 606 1958 B
630 1926 685 1967 23,
703 1933 732 1968 2,
747 1933 774 1960 3.
788 1934 805 1960 4
829 1942 873 1955 ==
899 1927 947 1959 B⁸
965 1928 1004 1959 X
1021 1927 1052 1968 2,
1069 1934 1115 1960 29.
1134 1933 1168 1961 30
1190 1939 1226 1970 p.

1338 1812 1430 1856 Quia
1458 1822 1541 1848 vero
1576 1815 1613 1852 et
1644 1811 1845 1847 huiusmodi
1879 1810 2101 1855 iniquitatem
2135 1809 2173 1844 in
2203 1808 2348 1845 diversis

1270 1857 1359 1893 locis
1394 1861 1539 1894 nostrae
1568 1857 1785 1903 reipublicae
1816 1856 2041 1901 cognovimus
2072 1855 2230 1898 admitti,
2265 1854 2349 1899 quia

1246 1927 1311 1961 685
1334 1927 1439 1960 Zach.
1469 1945 1513 1951 —
1545 1926 1705 1959 Summam
1731 1937 1770 1960 εει·
1793 1925 1867 1958 ᾼιῙι.
1893 1926 1988 1958 habet
2010 1924 2134 1958 libellus
2165 1923 2248 1968 περὶ
2271 1919 2348 1956 δια-

121 1965 249 2015 φόρων
270 1965 572 2015 ἀναγνωσμάτων
595 1970 616 2015 ξ
634 1972 654 2004 6
674 1984 710 2014 ρ.
730 1972 792 2006 193
811 1972 951 2013 Heimb.‚
978 1972 1143 2005 Theodori
1163 1973 1339 2006 summaria
1362 1973 1477 2015 repetit
1499 1968 1570 2006 ΒΣ.
2295 2013 2304 2022 .

190 2027 215 2049 c.
238 2015 311 2048 VII
321 2016 446 2049 exhibet
460 2017 647 2061 Anonymus
659 2016 867 2050 Bodleianus
885 2018 931 2050 tit.
951 2018 993 2051 16
1010 2017 1065 2060 (cf.
1083 2017 1264 2056 Heimbach
1278 2012 1409 2050 Ἀνέκδ.
1423 2017 1448 2050 Ι
1461 2030 1496 2061 p.
1514 2017 1688 2058 LXXV).
1736 2016 1899 2050 Summam
1921 2014 1998 2048 Atli.
2023 2020 2170 2058 repetunt
2186 2013 2350 2057 paratitlo

120 2061 196 2094 Atli.
214 2062 253 2094 15
274 2065 339 2103 52,
364 2060 415 2094 Bt
432 2062 527 2103 521,
542 2069 589 2095 60.

120 2138 201 2174 culo
228 2148 295 2173 suo
320 2143 356 2174 et
377 2150 398 2174 o
417 2139 497 2184 ficii
524 2139 581 2174 sui
604 2138 906 2186 comprehendere
937 2138 1044 2175 talem
1074 2138 1251 2174 hominem
1282 2149 1433 2220 eudetce

120 2183 296 2219 commisit
331 2184 573 2220 transmittere
607 2184 789 2238 supplicia
820 2184 980 2237 legitima
1009 2183 1220 2220 subiturum.
1266 2183 1344 2227 Quo
1397 2185 1404 2191 '

1462 2139 1512 2176 ad
1538 2138 1743 2187 praesidem
1772 2137 1984 2185 provinciae
2012 2137 2050 2172 in
2081 2146 2155 2182 qua
2183 2135 2350 2172 delictum

1434 2186 1497 2231 qui
1525 2185 1708 2232 publicam
1739 2183 1928 2230 epistolam
1961 2183 2095 2229 accipit
2125 2180 2195 2217 hoo
2223 2181 2351 2228 faeere

120 2229 334 2276 neqlexerit‚
359 2233 425 2264 aut
447 2229 627 2275 officiales
649 2240 726 2266 ems
747 2229 978 2276 prodiderint
999 2229 1058 2266 vel
1078 2229 1258 2276 imperata
1281 2230 1476 2273 omiserint,
1509 2236 1594 2267 tune
1615 2234 1651 2266 et
1672 2230 1789 2276 ipsum
1806 2227 2014 2275 praesidem
2039 2232 2111 2263 tres
2133 2227 2216 2261 auri
2239 2225 2352 2262 libras

120 2279 155 2310 et
178 2274 255 2310 eius
279 2274 443 2320 officium
467 2274 560 2310 alias
584 2279 656 2310 tres
673 2285 818 2321 poenae
842 2275 984 2310 nomine
1007 2274 1147 2311 solvere
1167 2275 1339 2312 iubemus.
1387 2274 1429 2311 Si
1452 2286 1536 2311 vero
1557 2285 1707 2322 praeses
1721 2274 1938 2321 provinciae
1960 2273 2035 2309 sive
2052 2273 2133 2318 quis
2155 2282 2206 2308 ex
2221 2271 2349 2317 officio

120 2320 205 2355 eius-
220 2319 314 2354 lucri
336 2330 448 2355 causa
471 2319 646 2355 eiusmodi
660 2330 860 2367 personam
884 2331 957 2356 non
980 2319 1292 2367 comprehenderit
1312 2320 1369 2357 vel
1389 2321 1683 2368 comprehensam
1709 2330 1783 2355 non
1807 2318 2056 2361 transmiserit,
2087 2316 2196 2363 idque
2217 2316 2352 2363 fecisse

120 2365 304 2445 convictng
325 2366 392 2445 sit&
407 2365 463 2445 ‹lxlin
491 2365 553 2400 ulo
576 2372 711 2401 exutus
733 2365 771 2400 in
794 2364 944 2401 exilium
968 2365 1142 2400 mittatur.

120 2455 170 2491 ad
184 2437 340 2507 aiiquem
355 2421 411 2491 ea?
420 2456 624 2502 maqistrati

120 2546 153 2580 si
176 2556 198 2579 a
247 2546 365 2591 ipsum
395 2546 532 2591 scripta
554 2545 706 2591 fuisset;
738 2545 796 2580 sin
824 2546 958 2582 eiusmo

486 2421 529 2445 ⁰⁶
550 2421 694 2492 ‘'“03512‘
714 2410 761 2490 ἕξ
780 2410 1240 2492 Zmffbufzmiffli‘r‘f‘ffifli
1269 2410 1454 2464 amar?
1465 2410 1646 2492 {mimi
1677 2413 1719 2446 “¹
1740 2410 1781 2490 23²}
1793 2409 1896 2490 fei-⁶
1917 2407 2351 2489 {2272‘25222‘33‘35222533

120 2510 213 2535 susez
244 2501 271 2535 it
294 2499 394 2535 illam
418 2501 575 2547 accipiat
599 2506 634 2536 et
656 2466 900 2537 insimietyiaacg
911 2466 970 2536 δεξί’
993 2466 1522 2548 ἷῧῑοξιιιῖηξὲδιξῖόηδαγιτὲἕῖζίτ,α
1532 2467 1610 2537 ggii
1633 2466 1849 2547 eetpzreimbgt
1871 2465 2144 2551 ‹ifex-equatur,
2157 2463 2350 2550 {amquam

199 2511 240 2580 a?
961 2512 1000 2581 αἵ
1028 2546 1167 2593 scripta
1198 2546 1310 2582 iussio
1342 2546 1392 2581 ad
1416 2546 1544 2591 fiscum
1567 2550 1724 2592 spectat,
1756 2555 1835 2580 eam
1858 2547 2060 2585 examinet,
2094 2547 2130 2579 et
2152 2553 2183 2578 st
2209 2541 2351 2588 quidem

118 2590 229 2635 fiscus
257 2590 387 2625 damno
417 2601 492 2625 non
515 2591 691 2636 afficitur,
719 2601 817 2671 guae
847 2591 885 2625 in
910 2602 953 2627 ea
976 2592 1205 2627 continentur
1228 2596 1445 2637 exequatur,
1475 2592 1508 2626 si
1531 2597 1649 2626 autem
1680 2590 1730 2626 ad
1751 2589 1920 2641 damnum
1947 2588 2029 2635 fisci
2047 2587 2228 2635 pertinet,
2260 2585 2353 2622 nihil

122 2636 268 2670 omnino
299 2634 344 2669 de
367 2645 410 2670 ea
434 2641 579 2681 aqatur,
608 2635 673 2671 sed
695 2647 718 2670 a

766 2646 834 2671 nos
851 2636 1012 2682 primum
1035 2636 1188 2682 referat,
1224 2641 1265 2672 ut
1286 2636 1445 2673 secunda
1468 2640 1595 2672 nostra
1624 2646 1669 2672 ea
1691 2635 1736 2671 de
1759 2646 1799 2670 re
1827 2635 1939 2670 iussio

2084 2631 2220 2676 Quodsi
2243 2632 2351 2668 etiam

121 2680 294 2715 mandata
317 2681 571 2726 cuiuscumque
594 2682 828 2727 maqistratus
842 2681 925 2724 sint,
949 2685 984 2717 et
1002 2686 1086 2717 ante
1102 2692 1209 2727 quam
1232 2692 1276 2717 ea
1292 2682 1520 2717 insinuentur
1542 2681 1598 2718 vel
1619 2681 1682 2727 qui
1702 2679 1886 2715 mandavit
1908 2633 2037 2715 vestati
2054 2688 2157 2725 quem
2180 2675 2352 2712 mandata

122 2724 219 2760 edita
241 2729 326 2759 sunt
347 2725 563 2771 mayistratu
585 2727 723 2761 moveri
741 2726 950 2771 contiqerit,
973 2726 1027 2761 sie
1050 2737 1194 2772 quoque
1216 2727 1248 2762 is
1256 2727 1335 2817 βαι·
1356 2726 1572 2773 maqistratu
1593 2727 1735 2773 potitur
1758 2737 1801 2761 ea
1824 2724 2000 2771 suscipiat
2021 2729 2057 2759 et
2078 2726 2295 2776 exaequatur,
2317 2720 2352 2756 si

123 2769 279 2816 leqitime
290 2770 404 2849 [acta
427 2774 534 2812 sunt‚·
563 2771 594 2805 si
618 2781 701 2806 vero
720 2775 870 2817 praeter
894 2771 1006 2817 leqem
1029 2771 1086 2807 vel
1107 2775 1236 2807 eontra
2029 2814 2035 2820 ,
2188 2812 2195 2820 ,
2231 2813 2239 2820 ,

309 2814 336 2849 Ι.
384 2813 560 2860 Quoniam
581 2819 698 2851 autem
717 2815 891 2851 eiusmodi
914 2827 1057 2863 quoque
1072 2817 1289 2863 impietatem
1311 2817 1349 2852 in
1365 2817 1517 2854 diversis
1539 2816 1593 2852 rei
1603 2815 1775 2863 publicae
1795 2819 1943 2851 nostrae
1963 2813 2054 2850 locas
2069 2817 2237 2849 commum
2258 2822 2352 2848 oom-

257 2814 289 2851 V

182 2908 198 2940 1
226 2901 340 2939 αὖτὸν
365 2919 423 2939 om.
443 2918 462 2942 ς
479 2906 491 2949 ΙΙ
509 2909 527 2941 3
553 2904 585 2947 ὁ]
610 2909 669 2939 καὶ
693 2909 724 2940 L
741 2907 754 2951 ΙΙ
771 2909 793 2941 4
816 2906 1029 2953 ῥαθυμῆσαι
1055 2909 1085 2941 L
1102 2911 1113 2950 ΙΙ
1132 2906 1154 2951 ἢ
1170 2906 1205 2941 οἱ

124 2972 165 2978 -
185 2955 204 2986 5
226 2947 453 2995 ἀμελήσουσι]
478 2954 536 2984 aut
560 2951 677 2984 officiis
703 2953 772 2984 eius
796 2952 936 2993 tradere,
960 2956 1019 2986 aut
1042 2954 1204 2996 imperata

123 2996 331 3039 neglexerint
355 3009 374 3033 ς
390 2997 402 3040 ΙΙ
420 2997 441 3029 6
466 2992 585 3030 αὐτοῖς
608 2998 680 3030 τοῖς
704 2994 851 3041 ἄρχουσι
871 2998 920 3030 La
938 2998 950 3041 ΙΙ
968 2999 988 3032 8
1012 2997 1042 3030 εἰ
1066 2995 1106 3031 δὲ
1125 2999 1167 3031 Μ
1173 3000 1203 3039 ς]

123 3042 193 3076 εἴτε
217 3039 257 3075 δὲ
281 3042 350 3075 LB
373 3041 385 3085 ΙΙ
409 3037 443 3084 ἢ]
469 3041 539 3074 εἴτε
566 3043 599 3074 Β
617 3041 629 3085 ΙΙ
651 3042 713 3084 τῆς
738 3055 795 3074 οπι.
815 3042 850 3075 Β
867 3042 879 3085 ΙΙ
904 3045 944 3076 10
969 3045 1204 3088 παραπέμψει

125 3089 216 3129 ML]
248 3089 475 3134 παραπέμψῃ
504 3087 536 3120 Β
555 3087 641 3130 vuly.
660 3086 672 3129 ΙΙ
700 3088 739 3121 16
763 3083 911 3129 ταύτην]
936 3100 975 3120 τε
995 3089 1026 3121 L
1045 3088 1057 3132 ΙΙ
1081 3090 1121 3123 18
1145 3090 1206 3121 καὶ

125 3146 182 3166 om.
198 3134 248 3166 B⁰
264 3134 276 3176 u
297 3134 336 3167 19
358 3133 606 3178 γεγραμμένον
624 3132 655 3164 L
670 3130 683 3171 ΙΙ
701 3128 723 3173 ἡ
750 3145 807 3164 om.
824 3133 866 3164 M
880 3132 892 3175 ΙΙ
910 3134 951 3166 20
971 3131 1021 3176 μὴ
1047 3146 1104 3167 om.
1120 3134 1170 3167 L⁶
1193 3132 1206 3178 ΙΙ

125 3180 168 3212 24
192 3177 364 3223 γίνεσθαι
381 3176 567 3223 (γενέσθαι
581 3177 628 3218 Β)
652 3178 734 3220 περὶ
757 3172 886 3209 τούτου
904 3178 1011 3218 LBc]
1034 3178 1205 3223 γίνεσθαι

124 3226 206 3267 περὶ
230 3221 358 3257 τούτου
381 3221 553 3268 γίνεσθαι
573 3223 644 3265 (εἰσ)
665 3222 711 3255 M
722 3222 734 3265 ΙΙ
752 3223 793 3256 28
815 3212 918 3254 οὗτος
940 3223 971 3255 L
987 3223 999 3265 ΙΙ
1017 3221 1206 3267 γενόμενος

126 3268 173 3302 Lb
190 3269 202 3312 ΙΙ
219 3270 258 3302 31
286 3265 493 3314 γεγονότων
519 3269 546 3301 L
565 3269 636 3311 1133
661 3263 935 3311 ἁμαρτάνοντας
961 3268 1010 3300 L⁰

173 3362 189 3394 1
204 3362 236 3391 et
249 3373 307 3392 om.
318 3360 350 3392 V
362 3359 373 3402 ΙΙ
392 3360 411 3392 3
425 3357 636 3391 subiciendos
651 3359 667 3390 b
686 3356 879 3389 subiciendo
891 3369 911 3388 υ
924 3356 936 3399 ΙΙ
949 3357 1129 3399 publicam]
1147 3368 1205 3401 per

125 3404 291 3447 publicam
311 3405 358 3437 13¹
376 3403 389 3447 ΙΙ
414 3403 590 3446 susciperit
607 3405 635 3441 b,
660 3401 805 3446 suscepit
819 3401 911 3435 Beck
926 3399 938 3446 ΙΙ
966 3404 987 3436 4
1009 3402 1156 3444 neglexit
1172 3403 1205 3435 R

126 3449 304 3491 neglescrit
319 3451 335 3482 b
352 3449 380 3482 si
391 3447 608 3491 neglexeritv
626 3446 801 3494 {officiiffl
818 3446 965 3479 officium
976 3448 1060 3490 vuly.
1078 3446 1090 3491 ΙΙ
1110 3448 1129 3480 5
1143 3447 1204 3479 im-

126 3498 254 3537 petrata
280 3495 312 3528 T
330 3495 342 3535 ΙΙ
367 3493 551 3536 neglexerit
576 3493 618 3537 bl
649 3494 669 3527 6
693 3495 759 3525 tres
782 3492 868 3533 auri]
892 3494 958 3525 tres
983 3494 1015 3526 in
1037 3505 1102 3526 ras.
1125 3492 1173 3525 1⁷³
1192 3492 1204 3536 ss

127 3550 264 3582 poenam
287 3539 412 3572 inferre
438 3542 455 3572 b
490 3549 609 3581 penam
633 3538 719 3571 ferre
740 3538 772 3571 V
792 3536 805 3582 ΙΙ
829 3539 847 3571 7
872 3536 978 3579 aliqui
1002 3537 1035 3569 R
1050 3536 1063 3580 ΙΙ
1089 3537 1203 3578 officii]

128 3595 166 3616 cx
191 3584 337 3617 officium
360 3597 381 3616 v
407 3583 419 3628 11
447 3586 466 3618 8
490 3594 629 3626 persona
654 3586 671 3616 b
690 3584 702 3624 11
725 3593 793 3616 non
817 3595 875 3616 om.
891 3585 940 3616 bv
962 3582 974 3626 ΙΙ
999 3583 1020 3616 9
1044 3585 1103 3614 aut
1126 3593 1203 3615 con-

127 3630 401 3671 praehendentem
427 3629 445 3659 b
467 3628 480 3672 ΙΙ
506 3639 574 3662 non
598 3641 655 3662 om.
679 3628 738 3670 Vll
765 3629 809 3670 et]
834 3638 874 3660 ex
896 3640 917 3661 v
939 3627 953 3671 ΙΙ
979 3629 1019 3662 10
1043 3637 1203 3660 conuoca-

129 3679 183 3707 tur
198 3688 217 3707 υ
236 3675 248 3718 ΙΙ
265 3674 427 3718 spoliatur
445 3676 462 3708 b
486 3673 687 3717 exspoliatus
703 3685 723 3705 v
740 3673 753 3717 ΙΙ
781 3674 820 3708 12
840 3673 882 3706 ob
900 3672 947 3706 R·
962 3671 975 3717 ss
993 3671 1203 3706 administra-

1286 2782 1385 2807 seum
1406 2772 1513 2823 faeta
1535 2775 1631 2814 sunt,
1655 2782 1698 2806 ea
1719 2781 1790 2818 pro
1815 2780 1888 2805 non
1910 2769 2058 2816 scriptis
2080 2778 2157 2804 esse
2179 2766 2350 2804 nubemus.

1272 2908 1374 2941 tionis
1391 2911 1408 2942 b
1433 2907 1733 2941 administrationis
1749 2906 1939 2940 traditionis
1956 2918 1977 2938 υ
1994 2905 2006 2949 ΙΙ
2027 2906 2067 2939 13
2087 2903 2290 2946 contingerit
2306 2906 2324 2937 b
2339 2902 2353 2948 ΙΙ

1274 2956 1316 2988 14
1332 2955 1376 2995 et]
1403 2955 1482 2986 haec
1497 2967 1530 2995 v,
1555 2967 1612 2986 om.
1629 2955 1646 2986 b
1664 2953 1676 2996 ΙΙ
1692 2953 1822 2985 interea
1836 2952 1910 2992 iste]
1935 2950 2023 2983 inter
2038 2960 2091 2983 eas
2110 2949 2128 2979 b
2145 2949 2158 2992 ΙΙ
2177 2950 2217 2983 15
2234 2947 2275 2981 ab
2290 2961 2351 2984 om.

1273 2998 1359 3032 ΕΤι
1375 2999 1386 3041 ΙΙ
1404 2998 1724 3031 administrationem
1746 2998 1779 3031 Τ
1786 2998 1796 3017 ¹
1808 2999 1824 3030 b
1835 3009 1855 3030 v
1871 2996 1884 3039 ss
1901 2996 1953 3028 his
1973 2995 2060 3028 va
2079 2995 2092 3037 ΙΙ
2107 2995 2191 3045 post}
2215 3003 2278 3037 pus
2300 3006 2321 3026 υ

1272 3043 1364 3076 illam
1391 3044 1423 3077 T
1435 3044 1447 3087 ΙΙ
1470 3043 1656 3076 trinitatem
1681 3045 1732 3076 bv
1747 3043 1758 3085 ΙΙ
1787 3042 1828 3075 16
1851 3040 1957 3083 accipi
1980 3039 2031 3072 Β*
2066 3041 2099 3072 et
2121 3040 2264 3081 accipiat
2289 3038 2322 3072 T

1272 3088 1405 3121 insinue
1427 3091 1445 3121 b
1475 3087 1488 3131 ΙΙ
1514 3089 1560 3120 Et
1583 3100 1641 3121 om.
1661 3086 1721 3129 13¹,
1752 3087 1799 3119 Et
1823 3104 1866 3110 —
1891 3087 1933 3119 19
1957 3084 2108 3126 inquirat
2129 3093 2200 3116 eam
2225 3085 2316 3117 om.b

1275 3135 1314 3168 17
1330 3133 1480 3175 ¹“exequi]
1497 3133 1626 3174 assequi
1641 3133 1717 3166 libri
1732 3132 1745 3174 ΙΙ
1763 3132 1803 3166 18
1815 3129 2035 3174 promeruerit
2051 3130 2083 3163 T
2094 3129 2107 3173 ΙΙ
2124 3127 2298 3172 rescriptio
2309 3140 2330 3160 υ

1276 3180 1316 3213 19
1341 3178 1475 3220 publica
1497 3191 1518 3210 υ
1536 3179 1548 3219 ΙΙ
1563 3177 1714 3220 respitiet
1736 3175 1785 3209 R¹
1802 3177 1814 3216 ΙΙ
1841 3177 1882 3210 20
1906 3174 2038 3208 ledatur
2060 3174 2194 3218 Rvulq.
2227 3171 2352 3207 ledebi-

1273 3225 1330 3255 tur
1357 3224 1406 3257 T¹
1432 3222 1445 3267 ΙΙ
1467 3222 1582 3255 fiscum
1603 3223 1655 3265 υΙΙ
1678 3221 1737 3263 qui
1762 3220 1810 3254 T¹
1873 3230 1943 3253 eam
1968 3222 2019 3254 bv
2045 3218 2058 3264 fl
2081 3218 2307 3262 comprehensi
2330 3228 2352 3251 υ

1274 3268 1513 3310 conprehensos
1533 3269 1550 3300 b
1570 3267 1582 3309 ΙΙ
1599 3268 1637 3301 21
1665 3266 1718 3307 ad]
1744 3268 1776 3299 et
1799 3279 1819 3298 υ
1845 3265 2046 3310 ΙΙεοοίοιιεηι
2067 3267 2085 3298 b
2109 3264 2191 3298 lesio
2213 3263 2258 3298 Τι
2275 3263 2288 3306 u
2303 3263 2352 3296 est

1274 3325 1333 3346 om.
1360 3313 1452 3346 Tbv
1479 3313 1492 3355 ΙΙ
1519 3312 1604 3356 sysoi
1630 3314 1647 3344 b
1674 3310 1686 3355 ΙΙ
1717 3312 1759 3346 22
1784 3321 1822 3344 ea
1846 3311 2025 3354 RVvulq.]
2051 3320 2122 3343 eam
2150 3307 2271 3352 Tbvfl
2295 3308 2352 3350 agi

1273 3358 1439 3398 nuntiare]
1465 3358 1550 3390 hano
1573 3357 1730 3389 nuntiare
1755 3359 1783 3398 b,
1815 3355 2014 3389 adnuntiare
2035 3367 2057 3388 υ
2071 3354 2084 3399 ΙΙ
2108 3355 2216 3397 primo
2241 3353 2288 3397 ὀΙΙ
2306 3354 2351 3387 24

1272 3404 1350 3435 sunt
1372 3414 1393 3435 υ
1408 3402 1421 3445 ΙΙ
1438 3401 1653 3435 insinuantur
1675 3414 1696 3434 v
1713 3401 1726 3446 Ι]
1742 3403 1784 3436 25
1805 3401 1897 3442 haee]
1923 3414 1963 3432 o·
1984 3400 2035 3434 T¹
2051 3400 2063 3444 ΙΙ
2081 3401 2150 3441 aut]
2175 3401 2207 3432 et
2227 3411 2247 3432 υ
2265 3398 2351 3441 naut

1272 3447 1325 3489 ad]
1349 3446 1391 3480 ad
1407 3459 1465 3480 om.
1480 3447 1525 3479 R*
1543 3447 1555 3490 ΙΙ
1575 3458 1674 3489 quam
1699 3449 1716 3479 b
1727 3460 1779 3491 pr.
1798 3447 1811 3488 ΙΙ
1827 3448 1869 3481 26
1886 3447 1972 3479 facta
1988 3445 2056 3478 sint
2070 3457 2092 3478 υ
2114 3446 2193 3478 sunt
2208 3443 2295 3477 facta
2311 3442 2350 3483 T,

1273 3493 1359 3525 facta
1381 3505 1437 3525 om.
1452 3490 1528 3536 13¹1!
1548 3492 1751 3533 contingerit
1775 3492 1826 3526 T*
1845 3492 1857 3534 11
1873 3500 2041 3524 remouere
2066 3492 2116 3524 bv
2131 3488 2145 3535 ΙΙ
2170 3489 2222 3530 de]
2247 3498 2267 3520 a
2287 3487 2320 3521 T

1274 3538 1314 3571 27
1331 3537 1398 3570 fuit
1416 3538 1447 3570 R
1472 3541 1519 3570 est
1535 3537 1639 3570 fuerit
1658 3539 1710 3571 T⁰
1728 3536 1741 3581 ss
1758 3538 1799 3572 28
1816 3536 1985 3579 legitimae
2003 3535 2021 3566 b
2037 3535 2051 3576 ΙΙ
2068 3535 2154 3568 facte
2171 3533 2263 3567 R’T
2272 3534 2322 3565 bv

1271 3582 1340 3615 sint
1364 3581 1412 3615 Β*
1422 3583 1514 3623 va]
1547 3586 1626 3616 sunt
1652 3583 1777 3626 Tvuly.
1811 3583 1876 3615 suit
1899 3580 1976 3626 13¹1}
2001 3580 2054 3614 sin
2079 3581 2096 3614 b
2113 3579 2126 3623 ΙΙ
2143 3578 2214 3621 lege
2239 3579 2256 3611 b
2304 3577 2348 3611 29

1271 3626 1407 3671 publico
1430 3640 1451 3660 υ
1475 3627 1488 3672 ΙΙ
1510 3631 1588 3661 sunt
1614 3628 1646 3662 T
1654 3629 1738 3671 vulq.
1764 3627 1776 3672 ΙΙ
1802 3628 1844 3661 32
1868 3626 1927 3670 qui
1949 3638 1969 3659 v
1990 3626 2003 3670 ΙΙ
2028 3625 2117 3666 vero]
2141 3627 2251 3658 autem
2315 3632 2338 3655 v

1272 3686 1331 3707 om.
1345 3673 1391 3706 R¹
1408 3673 1420 3717 [Ι
1439 3675 1472 3706 et
1494 3686 1551 3706 om.
1569 3673 1599 3706 R
1614 3671 1627 3718 H
1645 3674 1688 3706 33
1713 3673 1771 3715 qui
1797 3674 1814 3706 b

2457 2383 2476 2568 2¹
