2476 3854
102 161 164 194 AB
190 158 438 193 m'ms‘raro
465 156 764 193 memmus

99 259 234 304 μητρὸς
260 256 431 294 ἀνιόντας
438 285 449 301 ,
480 255 719 300 ὁσουςδήποτε
748 254 797 291 ἂν
828 252 958 290 αὖτοὺς
987 252 1185 302 εὑρεθῆναι

101 308 270 359 συμβαίη.
316 305 348 338 εἰ
371 302 411 338 δὲ
501 303 526 336 ὰ
547 305 625 337 τῶν
641 298 827 337 ἀνιόντων
850 298 1058 346 εὑρεθῶσιν
1081 297 1184 334 ἀδελ·

101 353 164 396 φοὶ
187 347 211 392 ἢ
235 347 388 396 αδελφαὶ
411 350 429 381 ἐ
472 349 655 392 ἑκατέρων
675 349 816 394 γονέων
839 345 1108 390 συναπτόμενοι
1130 345 1184 387 τῷ

100 392 372 438 τελευτήσαντι,
393 393 486 439 μετὰ
509 394 587 427 τῶν
602 394 804 447 ἐγγυτέρων
826 391 880 445 τῷ
895 390 1036 446 βαθμῷ
1061 387 1185 425 ἀνιόν-

101 453 180 474 των
201 436 463 482 κληθήσονται,
487 438 519 471 εἰ
534 441 594 471 καὶ
609 449 731 481 πατηρ
755 450 778 479 η
793 449 912 482 μητηρ
936 448 1071 480 ειησαν,
1095 433 1186 469 διαι·
1222 436 1242 468 5

102 488 273 530 ρουμένης
292 485 341 537 είς
356 480 483 517 αὐτοὺς
506 480 643 525 δηλαδὴ
666 483 729 525 τῆς
752 480 987 535 κληρονομὶίας
1010 482 1103 515 κατὰ
1118 478 1187 515 τὸν

1171 137 1256 188 569

1892 137 2002 184 Nov.
2034 136 2211 184 CXVIII
2239 141 2279 183 2.
2308 140 2333 182 3

1253 252 1504 295 ascendentes,
1536 254 1843 298 quantoscumque
1873 260 1937 287 eos
1967 250 2115 285 inveniri
2136 249 2334 294 contigerit.

1254 297 1292 333 Si
1322 308 1407 334 vero
1441 308 1522 333 cum
1554 297 1832 333 ascendentibus
1861 295 2088 332 inveniantur
2114 294 2244 330 fratres
2272 299 2336 330 aut

1254 353 1395 379 sororae
1426 353 1470 378 ex
1503 343 1665 387 utrisque
1697 341 1909 387 parentibus
1943 340 2126 376 coniuncti
2154 339 2335 383 defuncto,

1255 398 1336 423 cum
1360 387 1529 434 proximis
1552 388 1665 431 gradu
1687 386 1964 423 ascendentibus
1985 386 2222 426 vocabuntur,
2245 385 2278 419 si
2301 389 2337 419 et

1254 437 1358 512 gater
1380 437 1444 468 aut
1466 435 1581 468 mater
1602 432 1753 475 fuerint,
1785 431 1975 467 dividenda
2002 431 2098 466 inter
2120 440 2182 466 eos
2205 430 2337 475 quippe

1281 478 1452 513 ereditate
1481 478 1676 513 secundum
1706 487 1941 522 personarum
1976 485 2180 518 numerum,
2215 474 2271 509 uti
2300 477 2338 509 et

102 530 182 564 τῶν
204 540 409 564 ποοςωπων
430 524 602 572 ἀριθμόν,
634 526 694 560 ἵνα
723 529 784 560 καὶ
809 540 888 560 των
911 524 1097 560 ανιόντων
1127 527 1188 559 καὶ
1256 523 1524 558 ascendentium
1557 526 1592 557 et
1623 524 1775 558 fratrum
1806 522 1934 567 singuli
1965 520 2150 566 aequalem
2180 520 2338 555 habeant

102 575 181 608 τῶν
201 564 371 619 ἀδελφῶν
400 574 547 607 ἕκαστος
576 572 660 627 ἴσην
683 573 798 614 ἔχοιεν
824 574 965 616 μοῖραν.
1011 568 1184 615 οὐδεμίαν

103 620 229 663 χρῆσιν
252 620 291 652 ἐκ
312 618 376 661 τῆς
398 619 475 652 τῶν
497 616 588 651 υἱῶν
611 631 634 660 η
658 617 876 671 θυγατέρων
898 619 1027 670 μοίρας
1047 617 1088 649 ἐν
1101 615 1183 650 τού-

1251 569 1463 613 portionem.
1510 567 1656 602 Nullum
1688 578 1794 602 usum
1827 577 1872 602 ex
1903 567 2056 601 filiorum
2089 568 2154 601 aut
2183 564 2338 600 filiarum

1252 613 1419 658 portione
1440 612 1478 647 in
1501 612 1570 648 hoc
1594 623 1681 648 casu
1703 612 1844 647 valente
1875 617 1979 657 patre
2001 611 2071 646 sibi
2093 610 2237 656 penitus
2261 609 2337 645 vin-

102 676 158 707 τῳ
187 664 242 706 τῷ
267 663 403 706 θέματι
433 660 632 716 δυναμένου
660 664 725 696 τοῦ
749 672 885 708 πατρος
909 662 1027 704 ἑαυτῳ
1051 672 1183 696 παντο·
1200 661 1240 694 10
1253 658 1384 699 dicare,
1416 657 1584 702 quoniam
1619 668 1686 702 pro
1716 657 1788 692 hac
1818 668 1905 693 usus
1934 656 2100 702 portione
2129 654 2338 690 hereditatis

104 706 173 742 λῶς
196 705 360 748 ἐκδικεῖν,
391 705 515 750 ἐπειδὴ
547 709 631 741 αντὶ
654 705 787 750 ταύτης
816 708 880 750 τῆς
901 703 1059 752 χρήσεως
1082 707 1186 751 μέρος

104 750 204 796 αὐτῷ
235 754 297 796 τῆς
326 751 560 797 κληρονομίας
589 754 651 785 καὶ
679 752 773 787 κατὰ
805 750 1016 787 δεσποτείας
1047 749 1187 785 δίκαιον

104 795 167 831 διὰ
201 798 266 832 τοῦ
297 798 477 832 παθόντος
511 794 721 840 δεδώκαμεν
752 797 875 841 νόμου.
923 794 1091 841 οὐδεμιᾶς
1122 809 1187 841 φυ·

104 841 213 898 igno
240 845 321 897 ,ε’νης
345 830 520 888 διαφορᾶς
540 842 680 895 μεταξὺ,
705 843 783 877 τῶν
806 843 1011 887 προςώπων
1032 840 1187 881 τούτων,

103 899 175 922 ειτε

102 936 236 977 νομίαν
268 930 498 976 καλούμενοι,
533 936 594 967 καὶ
624 932 695 967 εἴτε
730 930 782 967 δι’
815 932 963 978 ἄρρενος
999 930 1024 976 ἢ
1057 929 1188 975 θήλεος

104 976 308 1024 προὶῐιύπουν
318 977 578 1020 συνάπτονται,
601 981 661 1012 καὶ
684 978 756 1012 εἴτε
775 975 1003 1019 αὖτεξούσιος
1024 976 1097 1011 εἴτε
1119 975 1187 1012 ὑπ·

103 1020 262 1063 εξούσιος
283 1025 330 1066 ἦν
345 1020 391 1057 δν
407 1021 647 1066 διαδέχονται.

171 1064 394 1103 ’Ῥπόλοιπόν
425 1070 526 1103 ἐστιν
556 1069 618 1103 ἵνα
651 1071 712 1102 καὶ
746 1067 816 1111 τὴν
849 1071 975 1113 τρίτην
1005 1065 1187 1113 ἇρίσωμεν

1252 704 1310 738 ius
1334 707 1372 738 et
1394 703 1590 738 secundum
1621 703 1876 747 proprietatem
1908 712 1974 747 per
1994 704 2219 747 praesentem
2239 699 2338 735 dedi·

1254 758 1332 784 mus
1356 748 1479 794 legem.
1526 748 1739 783 Differentia
1766 747 1867 782 nulla
1897 747 2071 783 servanda
2099 746 2193 781 inter
2214 755 2338 790 perso-

1255 803 1321 829 nas
1343 793 1450 836 istas,
1483 792 1557 828 sive
1587 793 1741 828 feminae
1771 801 1836 828 seu
1857 792 2008 828 masculi
2038 791 2173 827 fuerint
2203 790 2263 835 qui
2292 789 2340 825 ad

1255 838 1492 874 hereditatem
1522 843 1707 880 vocantur,
1738 842 1776 873 et
1805 838 1879 873 sive
1909 847 1974 882 per
2004 836 2156 872 masculi
2186 846 2251 871 seu
2272 844 2340 880 per

251 886 344 922 λειαι
373 888 444 922 εἴτε
468 887 613 934 ἄρρενες
643 888 768 931 εἰησαν
797 887 834 923 οἱ
857 887 948 933 πρὸς
974 886 1044 930 τὴν
1066 885 1188 931 κληρο·
1206 886 1245 920 15
1257 883 1410 919 feminae
1430 893 1621 930 personam
1643 884 1870 928 copulantur,
1895 887 1932 918 et
1949 882 2023 918 sive
2041 892 2130 919 suae
2150 880 2340 927 potestatis

1254 939 1319 966 seu
1340 929 1410 966 sub
1433 932 1613 975 potestate
1635 929 1744 965 fuerit
1767 928 1827 964 cui
1848 928 2057 964 succedunt.

1306 1064 1497 1109 Reliquum
1518 1066 1573 1099 est
1595 1064 1637 1098 ut
1659 1062 1803 1098 tertium
1826 1062 1987 1099 ordinem
2011 1062 2255 1105 decernamus,
2279 1062 2341 1108 qui

104 1112 221 1155 τάξιν,
245 1109 323 1157 ἥτις
343 1115 381 1147 ἐκ
400 1112 552 1160 πλαγίου
576 1112 736 1147 καλεῖται
759 1116 819 1146 καὶ
842 1113 890 1147 εἰς
913 1113 1104 1166 adgnatovs
1125 1114 1186 1144 καὶ
1199 1113 1241 1146 20
1253 1114 1403 1146 vocatur
1434 1119 1478 1145 ex
1502 1110 1615 1144 latere
1645 1111 1682 1143 et
1711 1108 1749 1143 in
1772 1112 1922 1152 agnatos
1950 1112 2192 1154 cognatosque
2215 1108 2339 1143 dividi-

106 1161 295 1203 cognatave
316 1156 523 1204 διαιρεῖται,
553 1159 614 1193 ἴνα
636 1162 697 1193 καὶ
718 1157 850 1193 τούτου
871 1170 938 1192 του
958 1161 1085 1204 μέρους
1107 1154 1186 1190 δια-

104 1203 343 1239 τυπωθέντος
365 1203 606 1246 πανταχόθεν
631 1200 652 1238 ό
676 1203 788 1247 νόμος
809 1201 941 1238 τέλειος
962 1200 1139 1249 εὖρεθείη.

1252 1158 1323 1209 tur,
1354 1159 1408 1235 μὲι
1418 1157 1456 1190 et
1477 1155 1546 1190 hac
1569 1156 1673 1200 parte
1703 1153 1879 1199 disposita
1908 1154 2064 1199 undique
2091 1154 2253 1199 perfecta
2282 1153 2341 1188 lex

1252 1210 1393 1237 mvenia
1410 1210 1463 1236 ur.

1101 1312 1260 1350 CAPUT
1283 1313 1348 1349 111.

153 1383 198 1417 Εἰ
216 1387 342 1418 τοίνυν
359 1381 379 1417 ὁ
401 1382 612 1425 τελευτήσας
633 1381 724 1427 μήτε
743 1382 936 1416 κατιόντας
957 1378 1048 1425 μήτε
1066 1378 1189 1416 ἇνιόν-

107 1440 172 1463 τας
193 1427 418 1483 καταλείψει,
449 1426 613 1473 πρώτους
644 1429 735 1473 πρὸς
766 1427 834 1470 τὴν
865 1426 1106 1482 κληρονομίαν
1129 1440 1189 1460 κα-

1326 1381 1364 1416 Si
1401 1381 1509 1426 igitur
1547 1380 1741 1416 defunctus
1778 1389 1895 1424 neque
1933 1379 2190 1416 descendentes
2227 1389 2343 1425 neque

1259 1426 1492 1462 ascendentes
1516 1426 1714 1471 reliquerit,
1738 1426 1890 1471 primum
1912 1425 1958 1460 ad
1981 1426 2213 1462 hereditatem
2235 1435 2343 1461 voca-

107 1473 239 1528 iqfipev
268 1485 352 1508 τους
382 1471 556 1526 ἀδελφοὺς
586 1476 647 1528 καὶ
675 1473 741 1507 τὰς
763 1469 919 1518 ἀδελφαε
951 1484 1035 1507 τους
1065 1474 1103 1506 ἐκ
1125 1473 1188 1506 τοῦ
1203 1475 1246 1507 25
1258 1483 1336 1507 mus
1360 1471 1490 1507 fratres
1514 1474 1551 1506 et
1573 1481 1716 1507 sorores
1747 1481 1792 1506 ex
1815 1471 1939 1507 eodem
1962 1474 2066 1516 patre
2092 1474 2129 1506 et
2151 1481 2196 1506 ex
2218 1470 2343 1506 eadem

109 1520 219 1552 αυτοῦ
243 1519 380 1565 πατρὸς
411 1522 471 1553 καὶ
501 1529 565 1561 της
588 1519 698 1561 αυτῆς
726 1518 860 1563 μητρὸς
885 1517 1100 1560 τεχθέντας,
1131 1514 1191 1551 οὓς

107 1567 168 1597 καὶ
189 1562 282 1608 μετὰ
311 1566 389 1598 τῶν
411 1567 584 1610 πατέριον
606 1563 697 1608 πρὸς
718 1563 788 1607 τὴν
810 1561 1051 1609 κληρονομίαν
1073 1562 1190 1596 ἐκαλέ-

108 1621 231 1653 σαμεν.
278 1608 422 1644 τούτων
437 1607 478 1643 δὲ
490 1609 540 1653 μὴ
557 1606 734 1643 ὑπόντων
756 1610 796 1642 ἑν
812 1606 960 1652 δευτέρᾳ
978 1605 1081 1648 τάξει
1105 1609 1190 1642 ἐκεί-

107 1665 190 1688 νους
218 1654 302 1688 τοὺς
325 1651 499 1705 ἀδελφοὺς
529 1654 620 1699 πρὸς
649 1654 719 1709 τὴν
740 1653 981 1706 κληρονομίαν
1002 1652 1192 1697 καλοῦμεν,

108 1700 236 1733 οἵτινες
259 1699 298 1740 ἐξ
320 1700 399 1733 ε’νος
421 1701 554 1746 γονέως
577 1710 827 1733 συναπτονται
851 1712 904 1741 τῳ
925 1697 1192 1741 τελευτήσαντι,
1206 1699 1248 1733 30

108 1744 178 1778 εἴτε
202 1742 262 1778 διὰ
283 1745 348 1778 τοῦ
374 1745 510 1789 πατρὸς
532 1744 647 1788 μόνου
670 1744 741 1777 εἴτε
765 1742 825 1778 διὰ
846 1745 910 1787 τῆς
925 1742 1067 1798 μητρός.
1103 1744 1134 1777 εἰ
1154 1741 1194 1777 δὲ

108 1790 162 1831 τῷ
187 1788 440 1832 τελευτήσαντι
472 1786 619 1834 ἀδελφοὶ
651 1787 828 1832 ὑπείησαν
858 1792 918 1822 καὶ
941 1792 1063 1834 ετέρου
1092 1786 1192 1823 ἀδελ-

110 1835 179 1880 φοῦ
204 1832 227 1876 ἢ
244 1832 406 1888 ’ἀδελφῆς
429 1833 795 1888 προτελευτηιζάντων
819 1831 960 1873 παῖδες,
987 1832 1192 1877 κληθήσον-

1258 1519 1373 1552 matre
1395 1521 1516 1559 natos,
1549 1527 1640 1562 quos
1663 1516 1771 1552 etiam
1796 1526 1877 1552 cum
1900 1515 2062 1561 patribus
2094 1516 2141 1551 ad
2163 1516 2343 1552 heredita·

1259 1567 1331 1598 tem
1361 1562 1574 1598 vocavimus.
1620 1561 1686 1597 His
1710 1564 1830 1596 autem
1858 1572 1932 1597 non
1962 1561 2197 1597 existentibus
2225 1562 2264 1596 in
2286 1570 2343 1596 se-

1261 1607 1379 1643 cundo
1409 1607 1534 1643 ordine
1562 1606 1642 1642 illos
1672 1607 1805 1642 fratres
1837 1607 1885 1642 ad
1908 1606 2144 1642 hereditatem
2173 1616 2344 1642 vocamus

1261 1653 1322 1698 qui
1344 1663 1390 1688 ex
1410 1662 1483 1688 uno
1502 1655 1652 1697 parente
1674 1651 1856 1688 coniuncti
1879 1655 1963 1687 sunt
1981 1651 2163 1694 defuncto,
2186 1652 2261 1687 sive
2280 1660 2345 1696 per

1260 1703 1400 1779 gennem
1432 1698 1546 1733 solum
1577 1707 1642 1733 seu
1674 1707 1738 1742 per
1759 1700 1920 1732 matrem.
1967 1697 2006 1732 Si
2028 1701 2150 1732 autem
2173 1696 2344 1732 defuncto

1318 1747 1392 1778 tres
1420 1742 1556 1778 fuerint
1583 1746 1620 1778 et
1649 1743 1795 1778 alterius
1826 1742 1950 1778 fratris
1981 1745 2046 1778 aut
2073 1742 2208 1778 sororis
2239 1751 2343 1787 prae-

1260 1791 1484 1824 mortuorum
1506 1788 1588 1831 filii,
1611 1788 1837 1823 vocabuntur
1859 1788 1905 1823 ad
1924 1787 2158 1823 hereditatem
2179 1787 2241 1822 isti
2264 1797 2344 1823 cum

1261 1835 1306 1870 de
1321 1839 1426 1879 patre
1443 1837 1479 1869 et
1494 1836 1608 1869 matre
1627 1833 1713 1868 thiis
1736 1833 1906 1868 masculis
1922 1837 1959 1868 et
1974 1832 2128 1876 feminis,
2152 1836 2188 1868 et
2203 1833 2345 1877 quanti-

110 1892 170 1913 ται
186 1891 275 1923 προς
290 1893 359 1922 την
375 1878 615 1924 κληρονομίαν
630 1892 731 1914 ουτοι
746 1879 839 1924 μετὰ
855 1880 933 1913 τῶν
949 1879 1040 1924 πρὸς
1055 1879 1194 1924 πατρὸς
1262 1889 1415 1924 cumque
1436 1878 1581 1921 fuerint,
1604 1882 1743 1914 tantam
1765 1888 1811 1914 ex
1833 1878 2030 1914 hereffitate
2047 1878 2247 1923 portionem
2265 1888 2346 1923 per-

108 1927 169 1957 καὶ
192 1925 282 1981 πρὸς
302 1925 585 1978 μητρὸςςθείων,
610 1922 774 1978 ιξρρένων
796 1938 836 1959 τε
855 1927 916 1958 καὶ
935 1923 1108 1967 θηλειῶν,
1131 1927 1192 1959 καὶ
1206 1926 1249 1959 35
1263 1925 1411 1970 cipient‚
1445 1928 1615 1970 quantam
1643 1933 1766 1960 eorum
1795 1933 1927 1969 parens
1957 1923 2103 1960 futurus
2131 1927 2228 1960 esset
2249 1922 2346 1959 acci-

109 1965 326 2012 ὁσοιδηποτε
348 1984 396 2003 αν
419 1971 507 2011 ὦσι,
530 1981 707 2004 τοσουτον
730 1971 768 2003 ἐκ
791 1971 852 2012 τῆς
875 1968 1108 2015 κληρονομίας
1131 1968 1191 2013 λή-

111 2025 242 2059 ψονται
264 2018 368 2060 μέρος
392 2010 480 2048 ὅσον
503 2011 523 2048 ὁ
549 2011 673 2048 αὐτῶν
694 2014 819 2061 γονεὺς
841 2013 969 2059 ἤμελλε
992 2014 1193 2060 λαμβάνειν

111 2103 205 2139 terni
236 2103 480 2146 ascendentes,
515 2109 755 2150 quotcumque
786 2105 889 2150 forte
923 2104 1059 2139 triventi
1088 2105 1171 2138 sint.
1220 2102 1263 2138 Si
1292 2106 1412 2138 autem
1442 2113 1522 2138 cum
1554 2103 1828 2139 ascendentibus
1856 2103 2088 2138 inveniantur
2118 2103 2262 2148 fratres
2291 2102 2347 2138 vel

110 2158 255 2184 sorores
284 2147 459 2194 defuncto
488 2159 562 2195 per
593 2154 784 2195 utrumque
812 2154 1005 2195 parentem
1035 2149 1236 2190 coniuncti,
1273 2158 1352 2183 cum
1381 2148 1620 2194 propioribus
1651 2148 1773 2194 qradu
1805 2147 2078 2183 ascendentibus
2109 2146 2346 2190 vocabuntur,

111 2193 252 2228 etiamsi
273 2197 386 2245 pater
416 2197 480 2228 aut
501 2199 618 2229 mater
639 2194 713 2228 sint
718 2206 733 2235 ;
766 2192 965 2229 hereditate
986 2193 1124 2228 scilicet
1152 2193 1248 2228 inter
1276 2202 1339 2229 eos
1363 2203 1438 2272 {ro
1462 2203 1612 2229 numero
1630 2203 1876 2239 personawm
1901 2191 2105 2234 dividenda,
2134 2194 2177 2227 ut
2199 2195 2272 2227 tam
2296 2202 2348 2227 ex

113 2237 385 2289 ascendentibus
407 2249 516 2289 quam
539 2249 592 2289 ece
610 2238 794 2284 fratribus
818 2238 1003 2290 aequalem
1026 2238 1180 2289 quisque
1197 2243 1343 2289 partem
1406 2282 1414 2289 ·
1454 2282 1461 2288 ·
1697 2282 1706 2289 ·

113 2286 178 2317 aut
195 2282 356 2327 filiarum
381 2288 555 2330 portione
577 2294 616 2317 m
639 2283 709 2318 Ιιοσ
732 2293 820 2318 casu
841 2283 911 2318 sibi
935 2293 1081 2318 omnmo
1105 2282 1290 2318 vmdtcare
1307 2284 1411 2328 patri
1434 2282 1558 2325 liceat,
1590 2292 1762 2328 quomam

113 2327 146 2362 ei
169 2326 380 2363 hereditatis
401 2328 482 2374 ipso
506 2327 656 2363 dominii
686 2329 765 2363 iure
793 2338 862 2372 per

115 2371 332 2415 observetur,
362 2377 484 2407 utrum
505 2373 664 2417 feminae
688 2384 737 2407 an
761 2383 883 2408 mascu
905 2373 911 2379 '
941 2372 1014 2407 sint
1043 2372 1107 2418 qui

1392 2237 1510 2273 abeat.
1555 2237 1652 2273 Neve
1675 2237 1786 2272 ullum
1817 2237 2084 2282 usumfructum
2114 2247 2166 2272 ex
2183 2236 2346 2282 filiorum

1819 2292 1862 2316 ro
1886 2280 1957 2317 Ιιοο
1979 2282 2176 2326 usufructu
2203 2285 2347 2327 partem

911 2331 1109 2362 raesentem
1140 2327 1174 2362 le
1199 2338 1254 2362 em
1277 2326 1450 2362 dedimus.
1498 2326 1596 2362 Neve
1626 2327 1702 2362 ulla
1725 2326 1763 2361 di
1794 2326 1932 2362 eremia
1961 2325 2057 2361 inter
2079 2325 2148 2361 has
2167 2336 2347 2372 personas

1201 2371 1433 2407 hereditatem
1462 2377 1651 2414 vocantur,
1683 2375 1719 2407 et
1741 2377 1862 2407 utrum
1889 2381 1964 2417 per
1984 2370 2183 2406 masculum
2207 2382 2256 2406 an
2275 2381 2347 2418 per

114 2417 289 2461 seminam
313 2418 594 2463 coniunqantur,
625 2422 661 2452 et
683 2421 804 2452 utrum
827 2418 888 2452 sui
907 2417 999 2452 iuris
1021 2428 1070 2451 an
1093 2417 1131 2451 in
1147 2420 1333 2463 potestate
1354 2416 1473 2461 fuerit
1495 2416 1527 2451 is
1550 2417 1609 2451 cm·
1630 2415 1837 2452 succedunt.

248 2461 440 2512 Reliquum
459 2467 513 2497 est
536 2466 577 2497 ut
596 2462 737 2497 tertium
761 2472 906 2508 quoque
930 2461 1091 2496 ordinem
1115 2461 1339 2506 definiamus,
1362 2461 1427 2506 qui
1442 2471 1493 2496 ex
1508 2460 1622 2497 latere
1644 2461 1854 2508 appellatur
1876 2464 1912 2496 et
1934 2460 1973 2495 in
1989 2463 2146 2507 aqnatos
2160 2463 2196 2496 et
2211 2469 2346 2506 coqua-

117 2510 172 2542 tos
194 2505 378 2548 dividttur,
402 2510 444 2542 ut
466 2505 535 2541 bac
558 2517 702 2552 quoque
722 2511 831 2553 parte
853 2506 1003 2551 definita
1028 2506 1091 2542 lex
1112 2506 1271 2552 undique
1290 2506 1459 2552 perfecta
1482 2511 1675 2587 φέρονταί.

251 2550 316 2585 ΙΠ.
365 2550 407 2586 Si
428 2551 543 2596 iqitur
574 2550 772 2597 defunctus
800 2562 916 2597 neque
944 2550 1196 2586 descendentes
1227 2561 1343 2596 neque
1373 2561 1480 2586 ascen

118 2605 287 2631 vocamus
307 2595 449 2640 fratres
478 2599 514 2631 et
536 2607 681 2631 sorores
703 2607 754 2632 ex
774 2597 897 2632 eodem
913 2601 1026 2643 patre
1047 2600 1084 2631 et
1105 2595 1229 2631 eadem
1252 2599 1368 2631 matre
1416 2596 1549 2640 enitos,
1581 2607 1675 2642 quos
1697 2597 1805 2631 etiam
1836 2605 1915 2631 cum

1528 2557 1606 2586 ntes
1636 2551 1840 2597 reliquerit,
1869 2550 2011 2596 primos
2041 2549 2091 2585 ad
2113 2549 2346 2586 beredilatem

1966 2594 2152 2631 arentibus
2174 2594 2225 2630 ad
2246 2594 2346 2630 ltere-

116 2641 263 2676 ditatem
285 2642 498 2676 vocavimus.
546 2641 616 2675 Ηὶε
631 2645 750 2677 autem
774 2652 848 2676 non
872 2640 1082 2677 extantibus
1103 2641 1142 2676 in
1156 2640 1315 2676 secundo
1339 2650 1382 2675 or
1407 2641 1466 2676 ine
1489 2640 1573 2676 illos
1593 2641 1736 2687 fratres
1758 2640 1809 2676 ad
1823 2640 1908 2676 ltere
1934 2644 2056 2676 ntalem
2077 2649 2259 2682 vocamus,
2282 2640 2350 2685 qui

116 2696 166 2721 ex
187 2695 261 2720 uno
288 2689 444 2731 parente
467 2686 690 2732 copulantur
710 2685 895 2732 defuncto,
925 2686 999 2721 sive
1026 2696 1096 2732 per
1122 2691 1264 2732 patrem
1294 2684 1411 2720 solum
1442 2686 1517 2722 sive
1540 2697 1613 2732 per
1635 2690 1794 2722 matrem.
1841 2684 1979 2728 Quodsi
2000 2684 2176 2731 defuncto
2204 2685 2348 2730 fratres

116 2733 241 2766 extent
262 2735 298 2766 et
320 2730 471 2766 alterius
492 2731 566 2765 iam
589 2730 754 2776 defuncti
774 2731 909 2776 fratris
930 2732 1113 2766 sororisve
1132 2730 1219 2772 filii,
1244 2729 1282 2765 lei
1296 2741 1376 2765 cum
1393 2729 1477 2765 titiis
1496 2732 1664 2778 paternis
1684 2734 1719 2767 et
1741 2730 1924 2771 maternis,
1950 2734 2023 2765 tam
2045 2729 2216 2765 masculis
2238 2740 2347 2776 quam

115 2775 275 2820 seminis,
306 2774 358 2810 ad
384 2774 615 2811 hereditatem
644 2776 878 2818 vocabuntur,
909 2781 945 2811 et
974 2780 1216 2822 quotcumque
1245 2775 1330 2817 sint,
1363 2779 1501 2811 tantam
1530 2786 1581 2812 ex
1602 2775 1800 2812 hereditate
1828 2778 1974 2821 partem
2003 2775 2152 2822 capient
2172 2778 2347 2820 quantam

184 2866 205 2899 2
228 2861 376 2909 ἀδελφοὶ
406 2860 429 2906 ἢ
460 2861 613 2908 ἀδελφαὶ
638 2866 717 2905 λίς]
752 2860 776 2907 ἢ
807 2861 893 2898 ἀδελ
924 2867 957 2898 οἱ
989 2861 1012 2907 ἢ
1043 2860 1197 2910 ἀδελφό-

117 2907 252 2948 παιδες,
276 2923 302 2943 s.
316 2923 346 2942 υ.
370 2906 394 2951 ἢ
417 2905 567 2954 ἆδελφαὶ
587 2911 617 2943 L
647 2906 795 2954 ἀδελφοὶ
818 2907 840 2952 ἢ
862 2878 1124 2966 ἇὸζλφόπαιδες
1147 2910 1197 2942 Β’

118 2969 146 2989 ε.
161 2957 182 2988 l.
206 2951 353 3000 ἀδελφοὶ
376 2951 400 2996 ἢ
423 2950 577 3000 ἇδελφαὶ
600 2952 623 2996 ἢ
641 2953 677 2996 (ἢ
693 2968 751 2988 om.
772 2956 830 2995 B»)
854 2957 914 2988 καὶ
934 2952 1020 2988 αδελ
1050 2951 1199 2988 όπαιδες

119 3001 168 3034 B‘
184 3013 213 3034 v.
227 3000 260 3041 L,
278 2999 330 3032 B!
351 2995 496 3044 ἀδελφοὶ
517 3002 577 3033 καὶ
596 2997 749 3045 ἀδελφαὶ
767 2996 791 3042 ἢ
811 2968 1072 3045 ἆδελφόπαιὲες
1088 3001 1197 3033 Tract-

118 3046 173 3088 (cf.
198 3046 245 3078 ad
267 3046 344 3087 568,
358 3053 404 3079 29.
430 3046 507 3087 569,
521 3053 550 3079 8.
564 3053 612 3079 26.
637 3048 714 3087 570,
736 3047 780 3087 19)
808 3046 821 3089 11
851 3047 931 3089 3sq.
956 3044 996 3085 ἐξ
1016 3064 1058 3069 -
1083 3042 1198 3078 τελευ-

118 3101 272 3175 TW..
278 3090 480 3168 ωῖ
495 3090 955 3176 efficerem-⁸¹¹5
966 3086 1115 3178 ἑῖβὲἱῐῐ
1123 3102 1199 3167 0‘12'21

120 3179 210 3219 ΜΒ]
234 3178 303 3220 ἔχει
329 3180 379 3212 L⁰
410 3147 548 3221 ἔχηροβῡ,
579 3181 652 3221 ἔχοι
675 3193 745 3214 cum
766 3182 962 3214 Haloandro
983 3182 1068 3224 vuly.
1085 3148 1167 3220 (ΞΠ)
1187 3179 1199 3221 11

119 3225 261 3267 μοῖραν]
285 3219 374 3256 ἀλλὰ
389 3227 450 3256 καὶ
465 3223 502 3257 οἱ
515 3221 780 3270 ἆδελφόπαιδες
794 3224 863 3268 τὴν
877 3227 1009 3269 μοῖραν
1023 3225 1088 3258 τοῦ
1109 3222 1198 3257 ἰδίου

120 3268 253 3312 γονέως
277 3265 524 3310 λαμβάνουσιν
546 3268 798 3313 (λαμβάνωσιν
821 3271 869 3313 Β)
896 3272 974 3304 add.
996 3270 1065 3303 LB
1088 3270 1198 3303 Tract-

122 3313 177 3354 (cfi
192 3312 237 3343 ad
249 3313 324 3351 568,
334 3319 382 3346 29.
400 3314 476 3354 569,
490 3321 518 3346 2.
532 3319 582 3347 26.
602 3317 677 3354 570,
692 3318 736 3357 19)
755 3314 768 3358 11
784 3317 804 3349 9
827 3311 852 3357 ἧ
871 3328 929 3348 οηι.
942 3316 993 3348 La
1014 3315 1027 3359 11
1056 3317 1096 3348 10
1120 3313 1199 3347 ἑαυ-

121 3354 271 3399 τῶνΙιΙΙ
292 3357 331 3389 11
357 3352 441 3389 ἀντὶ
462 3356 594 3399 ταύτης
615 3359 678 3401 τῆς
700 3360 858 3403 χρήσεως
879 3362 983 3403 μέρος
1004 3356 1117 3401 αὐτῷ]
1139 3370 1199 3401 pro

123 3401 185 3432 hac
198 3410 276 3432 usus
286 3400 439 3441 portione
451 3413 471 3437 ς
486 3401 500 3445 11
521 3404 560 3436 12
572 3405 633 3435 καὶ
646 3417 705 3437 om.
717 3405 827 3438 Tract.
843 3405 856 3446 11
877 3407 917 3438 16
930 3402 1074 3447 θήλεως
1087 3403 1178 3438 MR!
1188 3404 1199 3445 11

125 3445 167 3477 20
190 3445 250 3476 καὶ
273 3444 320 3477 εἰς
342 3463 385 3468 -
409 3442 600 3491 διαιρεῖται
624 3460 682 3481 om.
697 3448 762 3491 Β11
786 3449 968 3490 adgmitovc
989 3451 1049 3482 καὶ
1072 3446 1200 3494 κογνά-

123 3498 205 3521 τους
222 3489 266 3520 M
287 3484 485 3533 ἇδγνάτους
507 3488 528 3531 ἢ
547 3491 738 3536 κογνάτους
759 3493 818 3535 Lss
837 3495 879 3526 22
905 3490 1039 3537 εὑρεθῆ
1061 3494 1110 3527 Β*
1129 3494 1141 3537 11
1158 3495 1199 3526 23

124 3529 396 3576 *μηδὲ-μηδὲ
421 3535 496 3568 tien·
512 3535 524 3578 1
541 3537 584 3570 24
605 3535 804 3582 „armam
829 3536 976 3581 Brvutq.
994 3529 1130 3582 η’πρὸς]
1155 3538 1202 3571 εἰς

125 3578 237 3618 (cmm.
249 3578 284 3618 l.)
296 3578 346 3611 Β*
363 3577 376 3621 11
393 3579 436 3612 26
448 3578 656 3621 τεχθέντας]
673 3578 806 3624 ὁμοίως
822 3578 862 3614 δὲ
876 3584 937 3614 καὶ
951 3581 1034 3616 τοὺς
1049 3579 1200 3627 ἀδελφό-

125 3618 258 3655 παιδας
281 3623 359 3655 add.
381 3623 450 3656 ΕΒ
473 3626 504 3663 (c
521 3648 529 3655 .
542 3625 588 3657 ad
607 3626 684 3666 568,
697 3633 745 3659 29.
771 3627 848 3666 559,
861 3633 889 3658 2.
904 3628 934 3667 8)
952 3626 1020 3669 131
1047 3626 1118 3660 εἴτε
1140 3625 1201 3658 διὰ

125 3666 199 3718 τῆς]
224 3663 246 3708 ἢ
268 3666 332 3708 τῆς
350 3667 382 3699 L
399 3667 412 3710 11
428 3666 460 3700 εἰ
502 3668 531 3708 ἒ]
555 3670 615 3700 καὶ
632 3668 703 3712 εἴγε
718 3670 768 3703 Β*
784 3670 798 3712 Ι
814 3671 858 3703 36
882 3666 1111 3712 ὁσοιδηποτε]
1132 3666 1202 3704 ὦσι

127 3707 262 3752 δηποτε
288 3712 326 3743 Μ
348 3711 361 3754 Ι
386 3713 427 3745 37
453 3710 575 3756 ἔμελλε
602 3713 681 3745 ΕΒ*

195 3766 249 3794 111.

1335 2867 1355 2900 3
1378 2865 1556 2907 utriusque
1586 2863 1645 2909 1711
1667 2865 1818 2898 defuncti
1849 2865 1887 2905 V,
1911 2861 1990 2898 cum
2010 2864 2118 2898 multo
2140 2864 2247 2906 magis
2269 2874 2348 2906 ergo

1266 2921 1342 2943 cum
1365 2910 1584 2943 ulterioribus
1609 2910 1751 2943 add.R¹
1779 2910 1793 2954 Π
1820 2911 1842 2944 4
1865 2910 1905 2951 si]
1935 2912 1985 2942 set
2007 2909 2056 2942 Β*
2084 2910 2097 2953 11
2127 2911 2172 2950 et]
2196 2910 2256 2942 etsi
2280 2910 2314 2942 R

1266 2958 1286 2988 5
1311 2957 1382 2996 aut]
1418 2957 1451 2988 et
1483 2954 1549 2999 Vss
1577 2955 1704 2988 suerint
1727 2957 1827 2999 vul9.]
1862 2955 2001 2988 fuerunt
2028 2954 2133 2996 (fuere
2159 2955 2208 2995 T)
2233 2955 2311 2987 libri

1266 3000 1479 3033 diuidean
1500 3000 1557 3044 Vll
1574 3003 1592 3034 Ἰ
1607 3000 1731 3033 habeut
1746 3001 1779 3034 T
1790 3000 1804 3044 11
1821 3002 1841 3034 9
1862 3003 1957 3043 pater
1969 2999 2086 3043 R¹Vfl
2104 3002 2141 3033 11
2166 2998 2347 3031 secundum

1266 3058 1326 3079 om.
1345 3045 1378 3079 T
1388 3045 1401 3089 11
1418 3055 1477 3088 per
1501 3058 1560 3078 om.
1576 3045 1609 3078 T
1616 3045 1628 3066 ¹
1643 3045 1656 3088 Ι
1672 3045 1779 3088 legem
1802 3045 1953 3078 dedimus
1974 3046 2006 3078 T
2018 3045 2031 3088 11
2050 3046 2090 3079 13
2113 3044 2186 3076 siue
2207 3042 2346 3075 masculi

1265 3091 1336 3123 siue
1352 3090 1475 3123 semine
1497 3089 1555 3134 Τ11
1570 3101 1627 3123 sen
1649 3091 1694 3131 V]
1717 3091 1788 3124 siue
1811 3091 1943 3134 Rvulq.
1961 3090 1974 3133 11
1990 3089 2142 3129 masculi]
2168 3100 2253 3118 u·-
2276 3087 2346 3129 13¹!

1267 3135 1369 3168 fuerit
1385 3135 1441 3179 Τ11
1460 3137 1503 3170 14
1520 3139 1553 3167 et
1573 3148 1630 3168 om.
1647 3136 1704 3179 Τ11
1721 3146 1779 3169 seu
1794 3137 1864 3179 per]
1884 3146 1945 3178 per
1961 3148 2019 3168 om.
2034 3134 2092 3175 Τ11
2111 3135 2150 3166 15
2167 3133 2346 3176 potestates

1276 3181 1329 3213 17⁰
1346 3180 1358 3222 11
1378 3181 1420 3214 16
1442 3180 1514 3213 siue
1540 3180 1666 3224 Tvulq.
1683 3182 1695 3224 Ι
1714 3181 1781 3213 fuit
1805 3181 1853 3214 R·
1869 3180 1882 3224 fl
1900 3181 1968 3220 cui]
1993 3179 2052 3220 qui
2073 3177 2148 3219 R³fl
2170 3179 2209 3210 19
2232 3178 2284 3216 ut]
2307 3176 2346 3208 in

1267 3224 1316 3257 R¹
1341 3225 1353 3268 11
1378 3225 1527 3265 tertium]
1552 3225 1710 3258 interium
1734 3226 1766 3258 T
1772 3225 1784 3245 ¹
1809 3226 1821 3268 11
1846 3227 1888 3259 20
1912 3226 2077 3257 uocantur
2098 3222 2159 3264 V!
2183 3221 2233 3261 in]
2257 3220 2346 3253 inter

1270 3269 1318 3302 R²
1339 3272 1352 3313 11
1376 3270 1415 3303 21
1441 3280 1480 3302 ac
1512 3270 1559 3303 V¹
1587 3270 1600 3314 11
1629 3272 1673 3304 23
1696 3280 1803 3312 neque
1831 3269 2043 3302 ascendeutae
2074 3276 2181 3307 neque
2211 3265 2344 3297 descen-

1267 3314 1381 3347 dentes
1404 3315 1443 3356 V,
1458 3315 1589 3348 ultimas
1606 3316 1730 3348 litteras
1747 3325 1780 3348 es
1796 3322 1827 3347 et
1840 3326 1923 3357 quae
1938 3319 2112 3356 sequuntur·
2128 3322 2227 3352 usque
2243 3310 2290 3342 ad
2301 3310 2344 3343 27

1267 3360 1319 3392 his
1341 3370 1410 3392 non
1434 3358 1570 3403 existen!
1595 3361 1727 3403 scripsit
1746 3359 1795 3393 1⁷2
1813 3361 1844 3392 in
1861 3371 1927 3391 ras.
1940 3359 1960 3390 3
1976 3356 2151 3398 versuum}
2176 3355 2220 3388 24
2243 3353 2345 3387 relin-

1267 3404 1378 3446 querit
1393 3403 1443 3437 Β2
1466 3404 1655 3446 relinquere
1671 3405 1716 3437 R¹
1738 3404 1889 3447 ssprimos
1912 3399 2074 3444 Bady]
2093 3400 2136 3432 25
2159 3409 2200 3431 ex
2219 3399 2344 3440 eadem]

1268 3459 1308 3481 ex
1331 3462 1389 3483 om.
1412 3448 1488 3490 V(²)
1504 3450 1516 3491 11
1536 3450 1578 3483 26
1602 3449 1703 3482 etiam
1727 3462 1784 3481 om.
1807 3447 1908 3489 V(²)u
1931 3447 1973 3478 27
1995 3453 2152 3477 noeamus
2173 3445 2346 3483 (necamur

1270 3494 1332 3534 T¹)
1364 3494 1452 3536 VTu
1468 3498 1578 3526 autem
1602 3506 1661 3527 om.
1684 3493 1757 3533 V(²)
1775 3492 1787 3534 11
1805 3493 1847 3524 30
1863 3494 1989 3533 partem
2014 3489 2062 3522 13¹
2078 3488 2092 3531 11
2108 3489 2150 3522 31
2174 3488 2278 3521 fuerit
2294 3488 2346 3521 13¹

1268 3538 1360 3571 fuere
1383 3538 1438 3582 Τ11
1457 3540 1501 3578 et]
1528 3551 1544 3567 ο
1577 3539 1624 3571 17¹
1644 3539 1715 3579 1132
1739 3536 1812 3575 filii]
1837 3539 1869 3567 et
1891 3535 1955 3567 filii
1983 3533 2061 3573 V¹u
2079 3533 2123 3565 33
2147 3532 2187 3565 de
2211 3545 2270 3566 om.
2292 3532 2346 3577 Vn

1267 3583 1349 3615 tbiis
1382 3583 1433 3616 T²
1457 3585 1490 3616 in
1514 3595 1580 3616 ras.
1609 3582 1622 3624 Ε
1653 3584 1697 3614 34
1727 3584 1821 3612 tanta
1852 3579 1918 3621 V!
1945 3577 2130 3621 percipient
2157 3578 2345 3620 portionem

1271 3628 1397 3670 Tvulq.
