2592 3840
224 67 332 112 Now
362 69 483 112 XXV
511 72 549 111 2.
575 72 600 112 3

224 179 463 224 στελλόμενοι.
511 183 606 215 ἔστω
630 179 697 226 γὰρ
724 177 744 213 ὁ
766 178 926 213 τοιοῦτος
955 174 1061 211 αὐτὸς
1093 176 1220 211 ἑαυτοῦ
1242 190 1301 221 με-

224 228 402 270 μνημένος
425 222 479 259 ἀεὶ
504 229 564 260 καὶ
586 222 679 259 ὅθεν
702 222 801 266 αὐτῷ
826 223 872 256 τὰ
892 223 953 265 τῆς
972 218 1077 268 ἀρχῆς
1097 224 1301 266 συνέστηκε,

226 268 352 315 σεμνός
381 284 421 304 τε
453 274 526 305 τοῖς
555 268 722 313 ὑπηκόοις
753 264 902 313 φοβερός
933 280 973 301 τε
996 270 1070 301 τοῖς
1094 265 1303 313 λῃστεύουσι

226 319 285 349 καὶ
313 312 475 350 ἀδικοῦσι
509 319 569 349 καὶ
603 314 692 359 μετὰ
727 313 889 348 πλείονος
924 315 1125 358 παρρησίας
1154 308 1304 347 ἅπαντα

1306 62 1384 111 193
2128 79 2187 110 nn
2215 78 2449 111 rasarone

1372 177 2246 274 ἓῗιῗΡξέωῗέοὲιέᾱῖεὲἒῑξῖιῗῗῗὲιῗοἑῗαὲἓιιέἓῗῗε
2275 187 2449 266 ἕῗᾶἓὶῗὲζ

1372 272 1409 303 et
1428 278 1510 303 cum
1532 268 1693 320 amplion
1716 267 1849 320 fiducia
1870 272 2002 320 cuncta
2021 277 2159 320 gerens:
2206 267 2331 303 Palam
2349 278 2449 303 nam-

1373 323 1442 357 que
1465 316 1521 348 est
1544 323 1627 358 qula
1649 323 1750 366 puris
1772 312 1913 356 qu1dem
1934 317 2047 347 utitur
2064 313 2247 357 mambus3
2273 321 2355 347 nam
2375 312 2452 349 sine

227 358 412 405 πράττων.
459 358 640 406 πρόδηλον
663 356 741 412 χάρ,
774 355 821 391 ὠς
844 357 1024 402 καθαραῖς
1046 358 1115 412 μὲν
1136 355 1304 411 χρῂσεται
1339 360 1359 392 5
1373 357 1547 403 suffragio
1580 360 1713 402 acclplt
1745 357 2106 401 administrationem,
2138 363 2174 393 et
2198 357 2268 393 alio
2299 357 2404 393 modo
2428 367 2452 392 a

226 409 304 440 ταῖς
326 409 457 452 χερσίν,
481 408 559 441 ἐπεὶ
582 408 641 439 καὶ
664 403 827 448 αμισθον
851 401 1130 447 παραλαμβανει
1152 415 1220 445 την
1242 416 1305 449 αρ·

227 450 294 493 χὴν
330 454 390 485 καὶ
422 449 535 484 ἄλλως
566 446 584 483 ὁ
619 445 707 493 παρ’
739 445 842 492 ἡμῶν
873 447 994 481 τεθεὶς
1022 449 1169 493 ἔναγχος
1197 446 1305 491 νόμος

228 494 383 531 ἁπάσαις
405 498 482 530 ταῖς
505 491 625 540 ἀρχαῖς
647 496 725 527 ταῖς
745 494 1043 539 έγγεγραμμέναις
1063 490 1163 536 αὐτῷ
1180 493 1306 538 σαφῶς

230 539 412 575 ἐπιτάττει
434 541 563 585 χειρῶν
586 551 626 573 τε
645 541 789 591 κρατεῖν
812 534 886 582 (ἐφ’
911 528 943 580 ᾧ
959 535 1003 591 δὴ
1023 540 1083 571 καὶ
1103 537 1169 571 τὸν
1197 533 1306 584 ὅρκον

1374 403 1477 438 nobis
1507 403 1625 448 posita
1653 413 1769 447 nuper
1799 403 1858 438 lex
1889 403 2054 439 omnibus
2086 402 2452 438 administrationibus

1374 458 1467 492 quae
1488 448 1684 493 inscriptae
1708 451 1792 483 sunt
1814 448 1852 483 in
1876 457 1919 483 ea
1942 452 2066 492 aperte
2088 448 2263 493 praecipit
2285 447 2452 483 manibus

1374 493 1555 529 abstinere
1583 495 1662 538 (pro
1694 503 1764 537 quo
1797 492 1905 528 etiam
1933 492 2180 528 iusiurandum
2211 492 2380 535 subeunt)
2415 494 2454 528 et

1376 537 1571 573 secundum
1605 540 1749 573 nostras
1783 538 1879 582 leges
1914 538 2074 573 iudicare
2109 541 2145 573 et
2177 537 2337 573 tribuere
2367 535 2453 573 sub-

228 582 410 628 ὑπέχουσι)
434 589 492 618 καὶ
515 582 606 637 κατὰ
627 594 709 637 τους
728 584 914 638 ημετέρους
937 593 1066 626 νομους
1089 580 1247 624 δικάζειν
1267 596 1307 617 τε
1321 584 1362 617 10
1374 582 1476 618 iectis
1508 583 1724 627 aequitatem
1755 587 1863 628 atque
1894 582 2099 618 iustitiam!
2129 583 2189 618 Sic
2213 586 2250 618 et
2273 582 2357 618 olim
2379 581 2453 618 Ro-

228 633 289 663 καὶ
311 634 433 674 νέμειν
454 633 526 664 τοῖς
548 639 717 671 υπηκοοις
739 629 889 670 ἰσοτητα
915 640 956 661 τε
979 630 1039 661 καὶ
1063 626 1305 671 δικαιοσύνην.

229 671 326 709 οὕτω
350 678 409 708 καὶ
433 674 469 708 οἱ
491 673 601 709 πάλαι
618 675 777 716 Ρωμαῖοι
797 671 839 706 τὸ
862 671 1062 716 πολίτευμα
1082 670 1305 717 κατακοσμή-

230 731 357 754 σαντες
380 717 494 761 πάσης
517 719 635 772 ἑτέρας
659 716 840 752 πολιτείας
857 714 1040 765 ἐκράτουν.
1083 721 1137 752 τίς
1154 716 1199 765 y&
1241 715 1306 751 οὐκ

230 762 275 817 {iv
298 764 365 808 τὴν
386 762 657 820 ,ὅιρχὴντταυτην
681 760 869 806 αἰδεσθείη
893 776 934 796 τε
957 759 1030 807 ἅμα
1053 765 1114 796 καὶ
1137 766 1203 808 φρί
1224 775 1306 803 ειεν,

1374 627 1472 663 mani
1492 627 1751 672 rempublicam
1774 627 1986 663 decorantes
2018 638 2140 664 omnes
2164 628 2254 663 alias
2276 627 2454 681 respubli-

1376 682 1439 708 cas
1474 672 1695 708 obtinebant.
1755 672 1842 716 Quis
1877 673 1971 708 enim
2005 683 2078 708 non
2113 673 2455 708 administrationem

1375 718 1471 753 hanc
1493 722 1698 753 revereatur
1726 718 1832 753 simul
1861 721 1899 753 et
1929 718 2192 763 contremiscat,
2222 717 2345 754 videns
2375 726 2455 752 eam

1375 762 1512 807 duplici
1540 762 1656 807 figura
1685 762 1859 797 munitam
1890 766 1928 798 et
1946 761 2054 798 facile
2081 763 2222 808 quidem
2253 771 2346 808 quae
2370 764 2456 798 sunt

231 823 328 855 ορων
352 823 464 851 αυτην
494 807 564 843 υπὸ
595 806 724 843 διπλοῦ
757 807 934 861 σχήματος
957 811 1235 862 φρουρουμένην*
1246 810 1307 841 καὶ
1323 810 1361 842 15
1376 818 1421 842 ex
1438 807 1515 852 lege
1533 806 1822 852 praecipientem,
1846 807 2015 842 velociter
2039 814 2170 850 autem,
2198 808 2230 843 si
2249 807 2335 853 quid
2354 809 2455 842 tran-

231 853 364 898 ῥαδίως
395 856 462 898 μὲν
492 853 538 888 τὰ
569 854 607 887 ἐκ
636 853 700 887 τοῦ
733 865 844 896 νομου
876 850 1153 895 διαταττουσαν,
1190 853 1307 907 ῥᾳστα

231 899 286 940 δέ,
317 899 353 933 εἴ
370 912 407 933 τι
430 898 666 951 παραβαθείη
697 899 760 931 τοῦ
784 895 911 942 νόμου,
944 898 1052 932 τοῦτο
1081 901 1155 932 τοῖς
1184 896 1307 933 ὅπλοις

231 947 251 980 1
302 944 600 990 έπανορθουσανς
636 939 744 989 Ἄπερ
767 940 808 976 δὲ
830 943 884 985 τῷ
908 942 1001 977 κατὰ
1023 941 1199 977 Πισιδίαν
1221 955 1306 988 προ-

229 986 416 1043 ηγόρευται
447 991 628 1035 πραίτωρι
660 986 753 1039 κατὰ
783 986 849 1021 τὸν
879 991 974 1042 περὶἲ
992 989 1127 1022 ἐκείνου
1156 1001 1306 1035 γεγραμ-

1375 853 1568 889 scendatur
1590 852 1690 896 legis,
1717 852 1787 888 hoc
1811 852 1918 887 armis
1943 852 2202 898 corrigentem?

1374 943 1397 977 1
1451 941 1551 985 Quae
1573 951 1658 977 vero
1682 939 1839 975 Pisidiae
1869 944 1953 976 sunt
1976 941 2187 978 denuntiata
2216 941 2376 987 praetori
2399 951 2456 978 se·

1376 986 1531 1022 cundum
1563 986 1678 1031 legem
1709 985 1753 1021 de
1783 984 1846 1021 illo
1879 986 2138 1032 conscriptam,
2175 987 2266 1023 haec
2295 987 2386 1023 bene
2417 995 2458 1022 se

229 1037 339 1078 μένον
367 1046 495 1078 νομον,
527 1033 643 1067 ταῦτα
671 1031 788 1086 καλαῖς
819 1034 914 1087 ἔχειν
946 1031 1133 1088 ῳηθήμενΧ
1153 1045 1306 1080 προαγο-
1320 1034 1363 1067 20
1376 1031 1509 1067 habere
1544 1030 1757 1066 credidimus
1794 1026 2005 1066 denuntiare
2039 1032 2148 1067 etiam
2178 1031 2250 1068 isti.
2305 1031 2458 1078 Oportet

253 1080 353 1112 εὗσαι
382 1082 440 1112 καὶ
463 1077 592 1121 τούτῳ.
640 1076 695 1112 δεῖ
719 1091 787 1125 γαρ
814 1090 928 1112 αυτον
957 1091 1025 1121 την
1049 1091 1161 1124 αρχην
1192 1091 1307 1124 παρα-

231 1093 463 1168 λαμβάνοντα
493 1122 631 1166 ταύτην
654 1121 893 1165 πανταχόθεν
924 1122 1088 1167 ἄμισθον
1111 1116 1225 1158 οὖσαν
1248 1126 1307 1157 καὶ

231 1166 342 1203 αὐτὸν
364 1166 599 1214 ἀδωρότατον
621 1168 714 1202 εἶναι
743 1171 803 1201 καὶ
827 1162 1019 1213 ἀρκεῖσθαι
1045 1166 1170 1212 μόνοις
1192 1167 1243 1202 οἷς
1265 1166 1308 1201 τὸ

231 1214 403 1258 δημόσιον
434 1212 564 1248 δίδωσι
595 1211 711 1256 (καθὰ
742 1215 802 1246 καὶ
826 1208 845 1247 ἆ
869 1216 953 1259 περὶ
983 1214 1062 1247 τῶν
1090 1211 1212 1260 ἀρχῶν
1241 1210 1308 1257 ἤδη

1376 1076 1470 1112 enim
1498 1086 1580 1111 eum
1611 1076 1681 1111 hoc
1712 1074 1892 1120 cingulum
1920 1076 2165 1113 adsumentem
2195 1076 2352 1122 undique
2379 1077 2458 1112 sine

1377 1121 1549 1165 suffragio
1574 1121 1820 1163 constitutum,
1843 1124 1880 1156 et
1901 1121 1914 1156 i
1940 1132 2019 1157 sum
2047 1122 2125 1158 sine
2146 1122 2354 1158 muneribus
2378 1131 2459 1157 esse

1376 1170 1413 1202 et
1436 1169 1646 1202 contentum
1669 1166 1755 1202 solis
1785 1175 1878 1211 quae
1926 1177 2009 1202 scus
2032 1167 2201 1212 praebet,
2231 1166 2327 1203 sicut
2350 1166 2475 1203 etiam.

1378 1211 1422 1246 de
1440 1211 1811 1247 administrationibus
1828 1212 1900 1246 iam
1915 1212 2034 1257 posita
2049 1212 2211 1257 loquitur
2226 1212 2296 1256 lex,
2315 1215 2352 1248 et
2368 1221 2459 1266 pure

229 1259 438 1303 τεθειμένος
458 1257 660 1312 διαλέγεται
676 1256 808 1302 νόμος),
828 1257 1004 1310 καθαρῶς
1023 1271 1064 1292 τε
1083 1262 1143 1293 καὶ
1163 1257 1309 1293 δικαίως
1322 1259 1363 1291 25
1377 1260 1484 1301 atque
1506 1257 1601 1292 iuste
1631 1257 1685 1292 uti
1708 1257 1847 1292 causis:
1885 1259 1922 1292 et
1944 1257 2038 1293 sicut
2068 1257 2102 1293 ei
2130 1258 2243 1293 mixta
2273 1260 2360 1293 sunt
2383 1267 2458 1292 cln-

230 1304 389 1349 χρῆσθαι
418 1307 491 1338 τοῖς
515 1315 712 1350 πραγμασι,
743 1306 803 1336 καὶ
836 1314 953 1351 ωςπερ
986 1300 1086 1347 αὐτῷ
1109 1306 1309 1351 μεμιγμένα

230 1350 275 1385 τὰ
298 1350 359 1392 τῆς
381 1346 487 1395 ἀρχῆς
510 1351 621 1389 ἐστιν,
655 1344 770 1382 οὕτως
793 1344 892 1392 αὐτῷ
925 1351 985 1382 καὶ
1015 1348 1084 1391 τὴν
1115 1351 1176 1392 τῆς
1198 1349 1310 1394 ψυχῆς

230 1393 407 1441 ἁρμονίαν
436 1393 638 1440 κεκρᾶσθαι
669 1395 759 1428 ποτὲ
785 1395 853 1438 μὲν
882 1390 1059 1437 ὀξυτέροις
1086 1407 1127 1428 τε
1150 1397 1210 1428 καὶ
1233 1395 1309 1428 ἐπι-

229 1441 446 1484 τεταμένοις,
471 1440 560 1475 ποτε
580 1437 619 1473 δὲ
639 1441 849 1484 πρᾳοτέροις
871 1451 912 1473 τε
931 1441 993 1491 καὶ
1016 1436 1215 1483 ἀνειμένοις
1236 1441 1310 1473 τοῖς

1376 1303 1471 1346 gula,
1503 1301 1556 1338 sic
1583 1301 1691 1337 etiam
1714 1302 1823 1337 animi
1853 1302 2086 1347 congruentia
2108 1306 2307 1348 temperata
2330 1302 2390 1346 sit,
2421 1303 2460 1338 et

1377 1349 1499 1400 utatur
1531 1347 1722 1400 aliquando
1755 1346 1897 1392 quidem
1926 1347 2170 1401 asperioribus
2200 1351 2238 1384 et
2265 1348 2458 1400 veliemen-

1378 1392 1763 1474 ffffissffiffi’usshqmdo
1795 1402 1879 1429 vero
1909 1393 2111 1429 mitionbus
2143 1396 2180 1429 et
2207 1393 2360 1438 placidis
2382 1392 2458 1428 elo-

230 1486 255 1521 2
312 1484 499 1539 φθόγζοις.
549 1487 622 1517 Καὶ
651 1487 802 1537 μισείτω
834 1485 902 1527 μὲν
931 1497 1006 1528 αμα
1036 1487 1097 1517 καὶ
1127 1483 1309 1527 κολαζέτω
1323 1486 1365 1519 30
1378 1482 1403 1518 2
1448 1482 1499 1517 Et
1514 1482 1595 1518 odio
1615 1482 1758 1527 quidem
1776 1481 1909 1518 habeat
1926 1482 2031 1518 Simul
2050 1486 2087 1518 et
2102 1483 2231 1528 puniat
2245 1482 2460 1519 adulterium

231 1533 391 1574 μοιχείαν
416 1540 574 1571 απασαν,
594 1531 654 1563 καὶ
673 1540 744 1575 προ
764 1542 805 1576 γε
822 1530 956 1572 ἐκείνης
976 1526 1231 1576 ἄνδροφονίαν,
1250 1531 1310 1563 καὶ

231 1578 287 1609 ἔτι
316 1573 560 1630 σφοδρότερον
587 1573 650 1608 τὰς
686 1575 765 1608 τῶν
795 1573 1000 1620 παρθένων
1030 1571 1202 1622 ἁρπαγάς.
1249 1577 1310 1608 καὶ

231 1619 313 1654 τοὺς
331 1618 552 1662 αδικοῦντας,
576 1619 608 1653 εἰ
626 1621 694 1664 μὲν
712 1616 949 1665 ἀθεράπευτα
964 1623 1115 1661 νοσοῖεν,
1140 1622 1199 1654 καὶ
1217 1619 1308 1653 καθ-

231 1663 331 1706 άπαξ
353 1664 545 1708 κολαζέτω,
576 1665 608 1698 εἰ
632 1663 672 1698 δὲ
683 1664 928 1718 μετριώτερα,
960 1663 1049 1719 πρὸς
1081 1664 1122 1699 τὸ
1146 1667 1310 1712 κρεῖττον

1378 1527 1590 1571 universum,
1614 1530 1650 1563 et
1669 1530 1752 1563 ante
1775 1526 1865 1562 illud
1888 1526 2128 1571 homicidium,
2153 1530 2190 1564 et
2209 1527 2380 1574 quicquid
2397 1537 2458 1563 ve-

1378 1573 1578 1609 hementius
1599 1576 1654 1609 est
1671 1572 1846 1617 virginum
1865 1575 2004 1618 raptus.
2051 1573 2102 1608 Et
2118 1573 2304 1627 violentos²
2328 1573 2360 1609 si
2378 1572 2459 1618 qui·

1379 1619 1457 1654 dem
1491 1617 1788 1654 inmedicabiliter
1822 1620 2027 1662 aegrotant,
2065 1618 2174 1654 etiam
2209 1629 2352 1654 ommno
2383 1623 2459 1654 tor-

1402 1666 1503 1708 ueat;
1540 1663 1572 1698 si
1606 1674 1691 1702 vero
1727 1662 1965 1707 mediocriter,
2001 1663 2049 1699 ad
2079 1664 2229 1700 meliora
2263 1666 2459 1700 convertat.

231 1711 506 1766 μεθαρμοζέτω.
541 1710 748 1762 έρυθριατω
766 1708 806 1743 δὲ
823 1711 902 1744 τῶν
917 1707 1145 1744 ἀδικουντων
1161 1708 1310 1754 μηδένα,
1323 1712 1364 1744 35
1414 1709 1583 1744 rubescat
1614 1712 1734 1744 autem
1765 1708 2001 1744 violentorum
2022 1708 2171 1753 nullum,
2203 1709 2289 1744 licet
2310 1708 2460 1745 idoneus

232 1770 298 1790 κιιν
324 1757 356 1790 εἰ
384 1754 555 1798 πλουτοίη
588 1768 655 1789 καν
686 1755 723 1789 εἴ
745 1766 842 1789 τινος
872 1751 973 1795 ἀξίας
1001 1754 1215 1798 ἐπείληπται
1237 1758 1311 1799 μεί-

234 1804 343 1852 ζονος.
386 1798 446 1835 διὰ
466 1801 573 1835 τοῦτο
595 1799 641 1847 γὰ
688 1797 733 1842 δὴ
755 1803 816 1852 nat}
840 1801 879 1834 ἐκ
902 1801 981 1834 τῶν
1001 1803 1230 1847 σεμνοτέρων
1251 1798 1310 1834 αὖ·

1380 1753 1437 1796 sit,
1469 1753 1556 1789 licet
1579 1753 1738 1798 qualibet
1769 1753 1961 1789 decoratus
1992 1753 2164 1798 dignitate
2185 1754 2322 1790 maiori
2369 1753 2460 1789 Pro-

1379 1803 1503 1844 pterea
1526 1799 1620 1834 enim
1651 1809 1696 1834 ex
1726 1798 1959 1834 nobilioribus
1987 1808 2069 1834 eum
2093 1798 2278 1835 ordinibus
2301 1799 2460 1835 destina-

232 1859 299 1880 τον
322 1843 535 1892 καταλόγων
557 1844 641 1880 στέλ
682 1858 760 1890 μεν,
793 1842 894 1879 ὅπως
922 1845 968 1879 ἂν
992 1845 1141 1880 οἴκοθεν
1171 1847 1246 1889 ἔχοι
1268 1843 1310 1880 τὸ
1379 1855 1470 1887 mus,
1494 1848 1535 1879 ut
1559 1854 1604 1879 ex
1626 1844 1841 1880 auctoritate
1872 1843 1930 1879 sui
1952 1844 2086 1879 habeat
2115 1844 2254 1880 nullum
2280 1844 2461 1890 respicere

231 1889 358 1936 μηδενὶ
382 1893 562 1937 προςέχειν
585 1891 696 1938 ἑτέρῳ
722 1888 818 1933 πλὴν
836 1887 921 1934 ἡμῖν
943 1903 983 1924 τε
1006 1894 1066 1924 καὶ
1086 1893 1159 1925 τοῖς
1177 1890 1310 1935 νόμοις,
1380 1889 1489 1925 alium
1506 1889 1577 1924 nisi
1598 1899 1664 1925 nos
1685 1892 1722 1925 et
1742 1890 1873 1933 legem,
1895 1891 1935 1931 ,et
1952 1889 2086 1925 iudicet
2104 1889 2246 1935 quidem
2265 1889 2460 1926 seeundum

232 1940 293 1970 καὶ
317 1934 473 1978 δικάζειν
495 1938 563 1980 μὲν
585 1933 669 1970 κατ’
696 1937 858 1977 ἐκείνους,
889 1934 931 1970 τὸ
955 1933 996 1969 δὲ
1016 1932 1175 1979 ὑπήκοον
1200 1933 1309 1982 ἁρμό-
1321 1938 1365 1970 40
1378 1935 1479 1977 illas,
1511 1934 1692 1971 subiectos
1724 1939 1846 1970 autem
1877 1936 2023 1980 coaptet
2054 1934 2252 1972 secundum
2283 1944 2345 1972 eas
2376 1944 2461 1970 con·

234 1983 308 2023 ζειν
332 1982 379 2015 εἰς
402 1980 443 2015 τὸ
468 1978 551 2015 κατ’
580 1978 708 2015 αὐτοὺς
732 1977 1003 2016 πολιτεύεσθαι.
1379 1980 1524 2017 versari.

1223 2070 1380 2107 CAPUT
1404 2069 1469 2105 111.

279 2130 351 2160 Καὶ
371 2125 459 2171 μήτε
477 2127 657 2181 ῥᾳτθυμεῖν
679 2125 769 2171 μήτε
793 2123 945 2161 ἀδικεῖν·
971 2123 1060 2163 ὥςτε
1078 2125 1128 2171 μή
1147 2138 1250 2161 τινας
1271 2128 1311 2161 ἐκ
1424 2125 1475 2161 Et
1496 2135 1613 2171 neque
1636 2125 1800 2171 neglegat
1823 2135 1938 2171 neque
1960 2126 2093 2169 laedat,
2123 2129 2165 2162 ut
2187 2136 2261 2162 non
2283 2125 2394 2171 aliqui
2416 2135 2462 2161 ex

233 2173 294 2215 τῆς
323 2175 492 2218 ἐπαρχίας
515 2183 553 2215 ης
575 2171 673 2219 ἄρχει
696 2170 984 2217 καταλιμπάνειν
1004 2173 1072 2216 μὲν
1095 2170 1163 2215 τὴν
1186 2170 1312 2219 χώραν
1379 2170 1564 2217 provincia·
1591 2171 1650 2207 cui
1672 2171 1855 2216 praesidet
1878 2171 2047 2206 deserant
2077 2171 2218 2217 quidem
2239 2170 2462 2216 provinciam

235 2273 369 2297 memor
399 2266 435 2298 et
464 2262 560 2297 unde
588 2262 603 2296 i
629 2262 661 2297 si
683 2262 922 2308 maqistratus
952 2260 1154 2303 obvenerit,
1186 2265 1224 2296 et
1251 2260 1406 2296 subditis
1428 2260 1656 2297 venerandus
1678 2265 1713 2296 et
1736 2259 2038 2299 latrocinantibus
2068 2264 2178 2307 atque
2208 2260 2379 2296 iniuriam
2398 2259 2462 2307 fa-

236 2306 409 2342 cientibus
431 2311 572 2342 metuen
598 2317 652 2348 us,
683 2312 821 2342 etcum
849 2306 987 2342 maiore
1013 2305 1153 2351 fiducia
1186 2306 1309 2341 omnia
1332 2310 1505 2352 *pera-qut.
1569 2305 1855 2342 Consentaneum
1883 2305 1976 2341 enim
2008 2309 2065 2341 est
2079 2316 2202 2352 puras
2231 2316 2311 2341 eum
2333 2315 2463 2341 manus

237 2351 454 2394 habiturum,
478 2352 648 2397 quoniam
668 2356 704 2387 et
719 2352 836 2398 qratis
857 2352 1110 2398 maqistratum
1134 2351 1280 2398 accipit,
1305 2357 1341 2386 et
1356 2351 1501 2386 omnino
1525 2350 1589 2387 lex
1608 2361 1726 2398 nuper
1746 2362 1770 2386 a
1789 2350 1894 2386 nobis
1911 2350 1988 2386 lata
2009 2350 2175 2386 omnibus
2189 2349 2464 2396 maqistratibus

236 2397 275 2430 in
298 2407 342 2432 ea
364 2397 582 2443 perscriptis
612 2396 745 2432 diserte
768 2397 972 2443 praecipit,
1003 2401 1046 2432 ut
1074 2407 1203 2432 manus
1234 2396 1446 2432 contineant
1477 2395 1534 2438 (de
1557 2406 1630 2442 quo
1661 2395 1804 2442 quidem
1837 2395 1944 2431 etiam
1974 2394 2226 2431 iusiurandum
2250 2397 2462 2442 praestant)

237 2445 346 2487 atque
367 2441 560 2476 secundum
583 2441 680 2487 leqes
701 2446 849 2477 nostras
871 2447 908 2477 et
929 2441 1089 2477 iudicent
1111 2445 1148 2477 et
1167 2440 1321 2477 subditis
1344 2442 1563 2487 aequitatem
1583 2445 1620 2477 et
1641 2441 1817 2476 iustitiam
1839 2441 2062 2492 impertiant.
2112 2439 2176 2476 Sic
2197 2441 2304 2476 etiam
2327 2443 2463 2476 veteres

240 2485 395 2521 Romani
422 2485 608 2532 republica
637 2497 706 2522 sua
738 2491 870 2522 ornata
898 2486 1061 2533 reliquas
1090 2486 1254 2522 civitates
1283 2497 1406 2522 omnes
1434 2490 1666 2540 superarunt.
1725 2485 1815 2529 Quis
1843 2496 1937 2521 emm
1971 2485 2067 2521 hunc
2101 2486 2357 2531 maqistratum
2386 2495 2462 2521 non

238 2530 345 2565 simul
362 2535 568 2566 revereatur
587 2534 623 2566 et
640 2531 825 2576 formidet,
845 2543 950 2577 quem
965 2531 1087 2567 videat
1102 2531 1239 2583 duplici
1254 2531 1374 2578 specie
1389 2535 1564 2567 munitum
1581 2542 1658 2567 esse
1677 2541 1722 2567 ac
1735 2530 1850 2577 facile
1869 2529 2012 2576 quidem
2028 2541 2072 2566 ea
2087 2541 2182 2577 quae
2200 2530 2362 2576 leqitima
2376 2535 2464 2566 sunt

239 2577 260 2610 1
329 2575 516 2617 ordinare,
545 2576 721 2620 facillime
746 2587 851 2618 vero,
888 2576 1004 2611 sicubi
1034 2576 1096 2612 lex
1124 2576 1289 2619 violetur,
1317 2576 1357 2612 id
1384 2577 1496 2612 armis
1526 2576 1735 2613 vindicare?
1827 2574 1929 2619 Quae
1958 2580 2078 2611 autem
2099 2575 2271 2622 praetori
2300 2573 2464 2611 Hsidiae

237 2624 435 2666 praecepta
467 2624 552 2655 sunt
583 2620 622 2654 in
649 2620 727 2666 leqe
761 2620 806 2656 de
840 2620 904 2656 illo
938 2621 1097 2668 scripta,
1133 2633 1177 2657 ea
1208 2621 1292 2657 huic
1322 2632 1468 2668 quoque
1491 2621 1711 2668 praecipere
1735 2631 1809 2667 par
1836 2631 1914 2657 esse
1943 2620 2124 2656 duximus.
2186 2619 2340 2667 Oportet
2367 2620 2463 2655 enim

241 2675 320 2699 cum
350 2665 485 2710 quippe
502 2665 731 2713 ,maqistratu
758 2664 827 2700 lzoc
852 2666 968 2711 plane
996 2667 1158 2711 qratuito
1188 2670 1337 2713 accepto
1373 2666 1493 2713 ipsum
1523 2677 1669 2713 quoque
1699 2665 1970 2712 inteqerrimum
1997 2676 2075 2702 esse
2103 2664 2220 2712 iisque
2247 2664 2339 2700 solis
2368 2675 2463 2711 quae

237 2709 349 2755 fiscus
362 2708 527 2759 ,praebet
556 2709 782 2755 acquiescere
815 2710 1126 2755 (quemadmodum
1157 2712 1266 2747 etiam
1301 2711 1365 2747 lex
1398 2711 1444 2747 de
1477 2711 1751 2758 maqistratibus
1783 2711 1856 2746 iam
1890 2709 1967 2746 lata
1993 2710 2163 2757 exponit)
2198 2714 2235 2746 et
2263 2713 2388 2746 sancte
2417 2719 2463 2746 ac

240 2754 334 2789 iuste
356 2764 395 2788 in
414 2753 520 2789 rebus
539 2754 676 2789 versari
681 2766 696 2795 ;
718 2758 827 2799 atque
850 2755 903 2790 uti
926 2755 958 2790 ei
980 2756 1118 2791 miaetus
1141 2760 1196 2792 est
1217 2756 1467 2803 maqistratus‚
1491 2757 1544 2792 ila
1568 2757 1675 2792 etiam
1699 2756 1811 2791 animi
1834 2759 2046 2793 concentum
2069 2755 2103 2790 ei
2126 2758 2363 2802 temperatum
2385 2765 2464 2791 esse

240 2798 266 2834 2
321 2798 421 2833 sonis
443 2797 550 2833 modo
574 2798 797 2834 acutioribus
819 2803 855 2834 et
876 2799 1035 2841 intentis,
1065 2801 1172 2835 modo
1197 2800 1395 2837 lenioribus
1425 2806 1462 2837 et
1483 2802 1652 2838 remissis.
1728 2801 1849 2852 Atque
1873 2800 1958 2836 odio
1988 2800 2098 2836 simul
2117 2798 2248 2836 babeat
2274 2803 2311 2836 et
2327 2799 2466 2846 puniat

242 2854 347 2879 omne
370 2842 603 2884 adulterium,
635 2847 670 2879 et
687 2854 783 2889 prae
814 2843 877 2879 illo
904 2843 1151 2887 homicidium,
1182 2850 1219 2881 et
1245 2848 1367 2882 acrius
1396 2847 1506 2882 etiam
1536 2850 1669 2893 raptus
1691 2846 1880 2892 virqmum.
1941 2843 2089 2891 Easque
2115 2845 2180 2891 qui
2208 2844 2381 2880 inim-iam
2401 2845 2464 2892 fa-

241 2889 353 2930 ciunt,
381 2887 556 2933 siquidem
580 2887 775 2939 insanabili
802 2888 927 2924 morbo
952 2889 1136 2932 laborent,
1169 2890 1225 2926 vel
1251 2891 1374 2926 statim
1403 2891 1586 2943 supplicio
1611 2891 1780 2937 afficiat;
1812 2890 1846 2926 si
1876 2900 1961 2926 vero
1993 2889 2177 2933 mediocri,
2208 2888 2260 2925 ad
2281 2889 2464 2926 meliorem

241 2937 392 2968 mentem
415 2936 566 2983 revocet.
605 2932 810 2983 ‘Neminem
833 2940 952 2969 autem
976 2939 1141 2970 vereatur
1172 2946 1296 2970 eorum
1319 2936 1384 2982 qui
1406 2936 1579 2971 iniuriam
1600 2936 1759 2982 faciunt,
1788 2935 1930 2972 etiamsi
1958 2934 2056 2971 dives
2084 2935 2159 2971 sive
2189 2946 2264 2981 qua
2286 2933 2465 2988 dignitate

236 2977 432 3024 praeditus
460 2980 509 3012 sit
539 2987 686 3012 maiore.
746 2976 835 3013 Ideo
859 2978 952 3013 enim
975 2979 1083 3014 etiam
1113 2990 1163 3015 ex
1193 2979 1471 3016 honoratiorum
1502 2982 1661 3017 virorum
1682 2991 1832 3017 numero
1852 2990 1932 3017 eum
1953 2979 2136 3023 mittimus,
2166 2985 2208 3015 ut
2228 2989 2334 3026 quasi
2354 2978 2463 3015 domo

240 3033 362 3059 secum
385 3022 521 3068 afferat
541 3021 699 3057 studium
721 3021 813 3057 nillil
835 3023 988 3058 curandi
1011 3023 1113 3059 aliud
1133 3024 1203 3059 nisi
1223 3035 1290 3060 nos
1312 3030 1350 3062 et
1370 3025 1479 3072 leqes,
1513 3030 1624 3072 atque
1645 3025 1841 3062 secundum
1871 3035 1935 3061 eas
1957 3024 2148 3060 iudicandi
2165 3023 2402 3071 subditosque
2423 3027 2464 3060 ut

241 3066 435 3104 secundum
459 3077 522 3103 eas
545 3066 653 3102 vitam
677 3071 791 3113 ayant
812 3067 1023 3103 instruendi.

377 3112 441 3148 111.
498 3109 589 3147 Item
613 3122 699 3147 neve
722 3111 915 3158 neqleqens
946 3112 994 3147 sit
1024 3123 1111 3148 neve
1141 3112 1312 3148 iniuriam
1335 3115 1474 3159 faciat:
1507 3127 1552 3151 ne
1574 3116 1639 3163 qui
1661 3126 1711 3151 ex
1731 3114 1936 3162 provincia,
1967 3114 2028 3150 cui
2042 3117 2205 3161 praeest,
2231 3117 2389 3162 propter
2409 3114 2464 3149 in-

288 3207 307 3238 5
331 3201 400 3249 γὰρ
419 3215 478 3236 om.
492 3203 524 3236 L
539 3203 551 3245 11
576 3205 593 3235 7
615 3199 733 3245 νόμος]
754 3214 823 3235 nov.
843 3203 933 3235 VIII
950 3203 961 3243 ΙΙ
986 3204 1006 3235 9
1026 3204 1077 3242 τε]
1095 3200 1137 3235 τὸ
1157 3204 1203 3236 L·
1221 3203 1234 3246 11
1259 3201 1315 3245 δὴ]

243 3247 284 3281 δι’
303 3249 339 3282 Β
354 3248 367 3291 11
396 3250 436 3282 10
460 3249 521 3280 καὶ
543 3245 645 3287 κατὰ]
670 3249 731 3279 καὶ
751 3259 810 3279 οηι.
828 3247 863 3279 Β
881 3247 893 3290 11
921 3248 958 3280 12
983 3245 1318 3289 κατακοσμήσαντες

243 3295 325 3334 LB]
347 3290 694 3336 κατακοσμήσαντες
714 3292 761 3325 Μ
772 3290 785 3335 11
809 3293 848 3325 13
871 3293 926 3324 τίς
943 3292 1011 3334 μὲν
1028 3289 1095 3336 γὰρ
1116 3292 1152 3324 Β
1167 3293 1179 3335 11
1210 3294 1248 3326 16
1272 3291 1318 3325 τὰ

243 3340 282 3372 ἐκ
303 3357 345 3363 -—
366 3335 642 3378 διατάττουσαν]
666 3334 766 3382 παρὰ
786 3337 848 3378 B‘,
880 3338 962 3369 idem
987 3339 1085 3369 verba
1108 3349 1177 3379 sqq.
1200 3335 1317 3380 ῥᾷστα

244 3403 287 3408 -
310 3379 424 3427 νόμου
444 3390 519 3426 post
540 3380 653 3425 νόμον
674 3383 745 3424 (20)
770 3382 920 3421 collocat,
950 3380 1066 3413 ταῦτα
1089 3399 1133 3404 -
1156 3383 1216 3413 καὶ
1239 3379 1316 3413 τού-

242 3441 296 3471 τῳ
322 3430 378 3470 (20
392 3428 455 3471 sq.)
480 3429 594 3462 omittit
621 3427 637 3478 11
665 3428 705 3461 18
737 3438 766 3460 π
788 3421 1013 3477 ὀςῆγόρευται
1038 3425 1069 3458 L
1099 3423 1112 3469 11
1141 3426 1184 3459 20
1216 3424 1316 3479 πρὸς·

242 3472 433 3519 ἀγορεῦσαι
455 3473 484 3506 L
503 3471 516 3517 11
532 3475 571 3506 21
620 3484 665 3517 αρ
690 3484 747 3505 om.
762 3438 798 3504 ἓ
813 3472 826 3515 11
845 3473 887 3505 23
910 3469 1040 3514 μονοιῗ
1055 3470 1103 3502 L¹
1119 3469 1131 3512 ΙΙ
1150 3472 1190 3503 27
1217 3471 1316 3513 αυτῷ

244 3532 301 3552 om.
317 3531 336 3555 ς
354 3518 367 3563 11
383 3520 425 3552 28
450 3517 578 3562 κεκρᾶσ
612 3529 649 3550 αι
671 3517 771 3558 ποτὶ]
795 3519 975 3594 temperata
993 3515 1047 3555 sit,
1072 3517 1105 3547 et
1122 3517 1236 3547 utatur
1256 3516 1316 3548 ali-

243 3563 376 3605 quando
388 3565 423 3603 (i.
433 3576 459 3597 e.
469 3561 681 3607 κεκρᾶσθαι,
693 3564 752 3595 καὶ
764 3561 854 3607 χρῆσ
887 3573 926 3593 αι
938 3560 1062 3601 norw)
1078 3571 1097 3595 ς
1115 3559 1127 3604 11
1144 3571 1182 3593 τε
1195 3561 1293 3594 om.L
1307 3562 1317 3604 2}

244 3611 286 3642 29
311 3608 400 3642 ποτὲ
423 3605 474 3649 δὲ]
499 3609 589 3641 ποτὲ
612 3605 652 3640 δὲ
673 3610 733 3640 καὶ
758 3608 816 3650 Lu
842 3608 878 3640 31
909 3603 996 3658 πρός
1017 3617 1057 3651 γε
1083 3605 1129 3638 L¹
1151 3605 1164 3649 fl
1191 3600 1316 3652 ἀνδρο-

243 3656 370 3698 φονίας
390 3653 451 3697 Β11
476 3655 517 3686 32
542 3653 596 3686 ἔτι
621 3648 874 3699 σφοδρότερον]
900 3650 1059 3693 quiequid
1083 3651 1117 3692 (i.
1131 3663 1156 3683 e.
1179 3645 1248 3683 ὅτι
1268 3651 1318 3683 vel

1385 3204 1421 3237 εἴ
1427 3208 1476 3246 τι)
1491 3207 1717 3239 vehementius
1729 3209 1778 3239 est
1791 3217 1811 3242 ς·
1825 3205 1838 3250 11
1857 3207 1900 3240 33
1913 3207 1973 3238 καὶ
1985 3202 2162 3244 καθάπαξ
2171 3205 2273 3245 LBe]
2287 3202 2465 3244 καθάπαξ

1386 3250 1432 3282 Μ
1441 3250 1453 3292 11
1473 3251 1515 3284 36
1538 3246 1605 3283 κᾶν
1628 3251 1661 3284 εἰ
1684 3249 1855 3293 πλουτοίη
1880 3263 1938 3284 οηι.
1953 3250 1989 3283 Β
2007 3250 2078 3292 1138
2102 3248 2263 3290 οἴκοθεν]
2287 3258 2325 3282 ex
2349 3251 2463 3282 auoto-

1385 3294 1483 3344 ritate
1507 3296 1560 3327 sui
1583 3307 1603 3332 ς
1623 3296 1635 3339 11
1662 3298 1706 3330 40
1730 3293 1890 3337 δικάζειν
1911 3295 1991 3338 μὲν]
2016 3290 2207 3337 δικάζομὲν
2229 3294 2276 3328 L¹
2295 3293 2309 3338 11
2328 3293 2397 3337 μὸν
2418 3310 2464 3319 —

1385 3334 1555 3382 αρμόζειν
1579 3353 1636 3373 οπι.
1664 3341 1727 3384 Β11
1746 3343 1789 3375 42
1815 3342 1901 3373 *καὶ
1922 3337 2014 3383 μηδὲ
2038 3340 2116 3373 libri

1442 3429 1462 3460 4
1487 3428 1577 3468 quia]
1603 3439 1668 3470 qua
1700 3428 1732 3462 V
1757 3429 1769 3473 11
1798 3432 1818 3464 5
1851 3429 1979 3472 aceepit
2010 3429 2075 3462 VT
2140 3431 2159 3462 7
2191 3428 2360 3471 praecepit
2391 3427 2426 3461 V
2450 3424 2465 3471 11

1387 3473 1407 3504 9
1431 3471 1594 3505 subiectos
1626 3474 1680 3514 1711
1703 3475 1742 3507 12
1767 3474 2034 3507 aministratione
2056 3474 2089 3507 V
2139 3475 2180 3508 14
2205 3474 2301 3515 quae]
2326 3474 2359 3505 et
2379 3480 2464 3513 ‘1³²0

1394 3516 1447 3549 1⁷⁰
1463 3515 1476 3559 11
1495 3517 1536 3549 16
1560 3516 1644 3558 legis
1666 3519 1713 3559 V]
1737 3517 1848 3560 legum
1873 3518 1946 3562 α1.11
1971 3520 2009 3552 21
2037 3517 2182 3559 cingulis
2204 3518 2253 3551 V¹
2272 3517 2284 3561 11
2307 3518 2347 3550 27
2372 3515 2463 3549 uela-

1384 3561 1603 3593 mentioribus
1636 3562 1698 3606 Vn
1731 3564 1772 3596 32
1796 3562 1967 3595 uiolentus
2000 3562 2063 3606 1711
2093 3564 2137 3597 34
2160 3563 2360 3596 conuertant
2391 3560 2425 3595 V

1385 3606 1427 3640 35
1450 3604 1577 3637 nullam
1611 3607 1699 3640 Val.
1723 3606 1736 3650 11
1762 3608 1806 3640 36
1829 3606 2026 3648 dignitatem
2061 3607 2120 3651 Vss
2151 3609 2194 3642 38
2220 3606 2363 3639 habeant
2390 3605 2423 3638 V

1384 3651 1427 3684 42
1452 3649 1630 3691 neglegant
1652 3651 1708 3695 Vn
1725 3652 1768 3685 43
1792 3651 2123 3694 cui—provinciam
2146 3652 2194 3692 T]
2220 3664 2278 3684 om.
2300 3650 2384 3684 Val.

2578 2989 2592 3015 ..i
2584 2926 2592 2976 ..m—
2581 2635 2592 2903 -αι-“.<-ι.ι.ω-
2586 2562 2592 2576 -
