2592 3840
263 102 369 148 Nov.
402 105 518 147 LXX
551 110 570 148 1

263 215 294 248 εἰ
317 216 383 258 μὲν
409 211 496 250 ὥςτε
531 218 590 249 καὶ
614 213 814 256 ἀπαλλάξαι
842 217 902 259 τῆς
926 215 1047 261 τύχης,
1078 215 1218 253 διδόναι
1241 217 1340 263 αὐτῷ

265 258 428 305 σύμβολα
453 262 514 304 τῆς
530 258 637 306 ἀρχῆς
658 263 718 294 καὶ
739 259 1022 307 παρασκευάζειν
1045 259 1157 297 αὐτὸν
1180 265 1239 299 ἐπὶ
1263 266 1341 299 τῶν

265 302 444 340 τοιούτων
467 305 657 353 γινόμενον
674 305 838 351 θρόνων,
861 304 882 349 ἢ
904 308 965 350 τῆς
989 306 1197 355 πολιαρχίας
1218 310 1279 353 τῆς
1302 311 1341 343 ἐν

266 352 310 404 τῇ
319 354 561 405 *πρεσβυτέρᾳ
582 347 696 402 Ῥάὶμῃ
730 354 788 385 καὶ
808 351 852 398 τῇ
876 355 941 394 νέα
965 349 1008 396 δὴ
1032 351 1146 408 ταύτῃ
1171 356 1216 402 τῇ
1244 350 1336 389 καθ’

266 407 371 440 ημας,
403 398 473 430 εἰτε
497 397 557 430 ἐπὶ
588 409 665 433 των
687 397 971 449 πραιτωριανῶν
982 401 1176 450 ,βημάτων
1201 400 1278 434 τῶν
1301 413 1340 433 τε
1376 403 1395 435 5
1408 399 1644 437 tribunalibus
1669 404 1706 437 et
1728 403 1882 439 Orientis
1912 403 2164 450 et*Hesperiae
2187 406 2223 441 et

267 442 327 484 τῆς
348 439 458 484 Ἐιρας
488 441 565 474 τῶν
594 453 633 474 τε
662 453 723 483 της
750 444 916 488 Εσπέρας
946 456 1025 477 των
1048 456 1088 478 τε
1110 441 1250 489 Λιβύης
1279 448 1339 478 καὶ

266 486 337 531 μὴν
356 488 415 519 καὶ
438 487 516 520 τῶν
539 487 598 518 ἐπὶ
622 486 682 528 τῆς
702 483 901 532 Ἰλλυρίδος,
934 485 1061 535 οῧςπερ
1083 484 1246 524 ἅπαντας
1268 486 1335 534 ὑφ’

267 530 355 576 ἡμᾶς
373 535 568 584 πεπρίηκεν
588 527 607 563 ὁ
628 528 725 574 θεός,
749 535 809 565 καὶ
832 528 927 567 οὕτω
950 534 1012 576 τῆς
1031 532 1236 582 ἐλευθερίας
1250 533 1336 569 ἀπο-

1319 104 1406 153 356

1719 121 1794 155 'U'l'
1823 122 2095 156 ORDINARIAE
2124 125 2471 159 PRAEFECTURAB

1410 219 1516 271 etiam
1539 218 1666 257 liberet
1688 221 1848 265 fortuna,
1882 222 1968 259 dare
1991 223 2023 259 ei
2049 223 2229 261 codicillos
2253 224 2476 262 administra-

1409 264 1516 299 tionis
1537 265 1607 311 (et)
1628 276 1842 313 praeparare
1871 268 2012 304 eumin
2035 269 2166 304 talibus
2191 270 2360 306 constitui
2383 271 2474 307 sedi-

1410 310 1477 345 bus
1497 313 1560 345 aut
1582 310 1638 363 cin
1663 312 1712 347 uli
1736 312 1896 348 urbanae
1913 313 2159 359 praefecturae
2179 314 2327 351 senioris
2340 314 2476 352 Romae

1409 358 1444 390 et
1467 365 1580 391 novae
1602 367 1635 391 vi
1660 357 1763 393 elicet
1786 357 1892 393 huius
1915 361 2081 402 nostrae.
2097 362 2159 394 aut
2181 358 2219 395 in
2266 360 2477 397 raetorianis

2277 404 2313 440 ib
2337 414 2381 442 ae
2408 416 2478 443 nec

1407 456 1479 481 non
1511 449 1546 482 et
1573 445 1721 492 Illyrici,
1755 458 1843 493 quos
1874 458 1996 485 omnes
2028 449 2095 485 sub
2126 449 2228 486 nobis
2259 416 2347 486 fecit
2376 450 2476 495 deus,

1407 490 1702 528 etitalibertate
1723 492 1814 537 frui,
1845 497 2022 539 quatenus
2052 504 2185 539 niagno¹
2207 495 2390 541 promeriti
2410 495 2475 533 ho-

1407 545 1503 579 nore,
1535 539 1572 571 et
1600 536 1638 571 in
1670 538 1851 583 carpentis
1880 539 1973 575 vecti
2003 542 2040 576 et
2066 540 2243 576 clamores
2261 549 2477 587 praeoemun
2540 569 2542 571 v

266 576 406 618 λαῦσαι,
433 587 519 632 were
535 574 686 622 μεγάλης
706 573 831 631 αὐτοὺς
851 575 1067 635 ἠξιωμένους
1081 581 1193 635 τιμῆς,
1217 578 1337 627 ἀπήνῃ
1406 580 1600 634 audientes,
1616 581 1761 628 insuper
1777 583 1960 620 iudiciales
1981 585 2258 622 conscendentes
2274 586 2388 631 sedes,
2407 586 2476 623 hu-

266 635 307 656 τε
342 623 595 665 έποχουμενους
633 625 693 655 καὶ
726 626 907 666 βοωντων
942 637 1107 671 κηρυκων
1144 626 1338 660 ακούοντας
1354 629 1393 661 10
1406 625 1558 661 lusmodl
1587 626 1734 663 fortuna.
1766 628 1868 664 liberi
1899 630 2175 667 constituantur.
2221 630 2258 666 Si
2287 641 2370 667 vero
2400 630 2476 668 nolo

266 669 325 701 καὶ
356 665 461 721 πρός,
473 679 513 713 γε
541 666 618 721 τῶν
649 664 869 702 δικαστικῶν
893 670 1148 714 ἐπιβαίνοντας
1175 670 1337 717 θρόνων,

265 713 327 755 τῆς
362 722 526 755 τοιαύτης
560 722 664 754 τυχης
699 710 905 757 ἐλευθέρους
938 714 1175 750 καθεστάναι.
1222 716 1269 749 Εἰ
1300 713 1340 750 δὲ

264 755 376 800 μόνης
400 754 518 791 αὐτοῖς
539 755 758 801 μεταδοῦναι
780 757 981 839 βουληθείς
1002 761 1121 805 τιμῆς,
1152 761 1340 795 ποιεῖσθαι

1407 681 1467 707 eos
1496 671 1713 717 participare
1743 674 1909 710 voluerit¹
1925 674 2079 719 honore,
2108 675 2193 712 fieri.
2215 676 2355 722 quidem
2379 676 2475 713 codi-

1409 716 1508 752 cillos
1539 719 1577 752 et
1610 717 1676 753 hos
1711 717 1810 761 dari,
1845 721 1984 755 tantum
2013 730 2097 757 vero
2128 721 2246 757 valere
2277 722 2479 758 huiusmodi

1407 761 1624 815 imperialem
1646 763 1865 815 largItatem,
1897 768 1937 800 ut
1959 765 2019 802 ille
2045 766 2241 803 honoratus
2266 767 2408 812 quidem
2431 767 2479 803 sit

265 800 583 857 piv'xmffmihhovs
606 805 666 836 καὶ
689 801 834 839 τούτους
857 803 955 839 ἐπιδι
979 803 1078 847 όναι,
1102 807 1276 845 τοσοῦτον
1300 804 1340 840 δὲ
1408 811 1443 842 et
1473 817 1646 843 mammae
1677 818 1798 845 cunae
1827 819 1912 854 pars
1942 820 2021 847 esse
2050 811 2220 854 videatur,
2252 822 2325 848 non
2355 815 2478 849 tmen.

266 848 401 889 ἰσχυειν
431 849 499 890 τὴν
528 845 701 891 τοιαύτην
731 849 794 883 τοῦ
819 849 996 893 βασιλέως
1026 848 1138 895 δόσιν,
1168 849 1256 886 ὦςτε
1279 849 1338 885 αὖ·
1354 855 1394 887 15
1407 862 1451 888 ne
1478 862 1522 888 ue
1549 852 1758 897 provinciali
1789 854 1890 890 curia
1923 864 2038 901 neque
2068 856 2146 892 eius
2179 856 2261 893 albo
2296 856 2477 900 liberetur,

264 893 331 926 τὸν
359 896 596 937 τετιμημένον
625 895 693 938 μὲν
723 897 783 928 καὶ
811 896 874 938 τῆς
900 895 1051 943 μεγάλης
1079 895 1206 940 βουλῆς
1236 899 1339 941 μέρος

267 937 358 972 εἶναι
382 936 508 980 δοκεῖν,
541 939 583 973 οὔ
606 938 678 983 μὴν
702 938 783 973 οὔτε
805 941 866 983 τῆς
889 942 1081 989 ἐπιχωρίου
1108 941 1234 986 βουλῆς
1257 941 1338 976 οὔτε

265 984 329 1017 τοῦ
350 981 434 1018 κατ’
453 980 566 1027 αὐτὴν
585 981 812 1029 λευκώματος
835 983 1144 1029 ἀπαλλάττεσθαι,
1168 984 1258 1021 ἀλλὰ
1278 989 1338 1032 με’-

265 1042 342 1082 νειν
366 1030 426 1063 ἐπὶ
448 1030 509 1083 τῇς
529 1027 675 1084 ἀρχαίας
697 1029 802 1074 τύχης
822 1028 941 1075 μόνην
960 1030 1183 1079 κερδάναντα
1205 1031 1273 1075 τὴν
1288 1046 1337 1067 τι·

1407 907 1445 933 se
1493 901 1635 933 maneat
1658 898 1723 934 sub
1748 899 1895 945 antiqua
1917 899 2064 937 fortuna
2091 901 2207 937 solum
2229 902 2389 939 lucratus
2411 904 2477 938 ho-

1406 953 1528 979 norem
1551 946 1588 978 et
1609 943 1661 978 ita
1682 943 1816 987 gratias
1840 954 1946 990 agens
1970 946 2036 982 deo
2060 947 2098 982 et
2119 946 2168 981 im
2194 946 2278 989 erio,
2305 947 2390 993 quia
2411 948 2477 983 mi-

1406 989 1520 1069 {mvit
1539 997 1621 1024 eum·
1642 988 1688 1024 ad
1703 989 1849 1025 meliora
1870 990 1999 1043 prioris
2021 994 2127 1036 tranq
2153 991 2161 999 ’
2193 991 2291 1028 'tatis
2309 992 2474 1029 educens.

1433 1034 1531 1079 itque
1561 1034 1668 1069 etiam
1699 1034 1767 1070 hoc
1797 1034 2075 1071 addltamentum
2105 1036 2353 1081 imperialium
2371 1047 2476 1083 prae-

264 1087 337 1118 μην
360 1077 419 1107 καὶ
441 1086 541 1109 ουτω
561 1088 665 1129 χάριν
689 1073 812 1110 εἰδότα
835 1076 917 1120 θεῷ
939 1090 980 1111 τε
1002 1080 1062 1111 καὶ
1085 1076 1260 1122 βασιλείᾳ,
1284 1074 1340 1111 ὅτι
1353 1081 1394 1113 20
1407 1079 1571 1122 miorum,
1596 1079 1691 1123 quod
1714 1089 1830 1125 neque
1844 1080 2026 1125 publicum
2040 1081 2178 1124 minuit,
2202 1091 2318 1126 neque
2331 1080 2479 1119 fortuna

264 1122 481 1163 μετέστησεν
502 1119 612 1154 αὐτον
633 1122 693 1155 ἐπὶ
711 1119 757 1155 τὰ
775 1120 910 1155 καλλίω
933 1125 994 1165 τῆς
1013 1123 1225 1169 ἔμπροσθεν
1247 1123 1340 1166 χθα-

264 1163 465 1208 μαλότητος
495 1163 744 1206 ἀπαλλάξασα.
790 1170 851 1201 καὶ
881 1168 975 1202 ἔστω
1007 1171 1067 1202 καὶ
1097 1169 1204 1203 τοῦτο
1236 1179 1339 1214 προς-

265 1209 362 1253 &ipen
391 1212 470 1245 τῶν
492 1209 693 1255 βασιλικῶν
714 1213 833 1258 γερῶν
865 1213 949 1247 οὔτε
978 1211 1021 1248 τὸ
1046 1211 1219 1257 δημόσιον
1239 1212 1340 1247 ἐλατ-

265 1257 380 1289 τοῦσα
401 1254 483 1290 οὔτε
500 1254 606 1300 τύχης
628 1253 712 1290 οὐδὲ
734 1258 813 1292 τῶν
830 1256 1006 1301 συνήθων
1031 1257 1122 1306 αὐτῇ
1143 1257 1340 1316 λειτουργη-

264 1301 392 1345 μάτων
415 1299 693 1354 ἀπαλλάττουσα
711 1301 780 1337 τὸν
801 1301 1006 1347 βουλευτήν,
1037 1306 1096 1337 καὶ
1118 1305 1181 1357 ,τῷ
1211 1315 1342 1359 ταύτης
1354 1307 1395 1340 25

265 1344 453 1391 ἦξιωμένῳ
474 1360 541 1390 την
560 1343 644 1381 τότε
661 1348 850 1394 παροῦσαν
871 1347 1028 1389 αὔξουσα
1046 1362 1154 1393 τιμην
1177 1352 1237 1383 καὶ
1254 1361 1341 1384 απο-

267 1396 446 1438 φαίνουσα
464 1390 681 1440 σεμνότερον
704 1397 765 1428 καὶ
787 1395 864 1429 τῶν
884 1392 1005 1428 ἄλλων
1022 1393 1228 1438 βουλευτῶν
1251 1394 1343 1430 κατὰ

265 1437 333 1481 τὴν
356 1435 465 1478 ἀξίαν
485 1437 690 1484 προῦχοντα
712 1437 838 1484 μόνην.

275 1524 284 1536 ‹
309 1480 581 1538 (Erexikoyo'c.)
632 1483 681 1518 Τὰ
711 1488 836 1519 τοίνυν
866 1483 1105 1540 παραστάντα
1134 1482 1218 1539 ἡμῖν
1247 1483 1269 1528 ἡ
1297 1484 1342 1529 σὴ

1408 1134 1523 1169 neque
1546 1124 1724 1160 consuetis
1747 1125 1781 1161 ei
1802 1125 2045 1162 functionibus
2073 1127 2215 1172 privans
2240 1127 2419 1171 curialem,
2443 1129 2479 1163 et

1409 1169 1443 1205 ei
1465 1170 1526 1215 qui
1548 1170 1616 1205 hoc
1639 1170 1834 1215 promeruit
1866 1171 1975 1207 etiam
1996 1174 2223 1217 praesentem
2247 1171 2381 1209 addens
2402 1172 2478 1209 for·-

1408 1217 1532 1251 tunam
1556 1218 1591 1251 et
1614 1215 1805 1252 ostendens
1827 1216 2098 1253 honoratiorem
2121 1220 2159 1254 et
2179 1216 2259 1253 aliis
2283 1217 2479 1255 curialibus

1409 1260 1579 1306 dignitate
1601 1261 1822 1298 solummodo
1845 1262 2126 1308 praecedentem

1459 1485 1724 1532 (Epilogus.)
1769 1469 1868 1531 Quae
1897 1487 2007 1532 igitur
2039 1487 2251 1533 placuerunt
2280 1487 2394 1523 nohis·
2414 1490 2480 1525 tua

265 1541 420 1573 υπεροχη
454 1527 649 1574 φυλαττειν
682 1529 890 1573 σπευσάτω,
926 1529 1039 1565 εἰδυῖα
1069 1541 1118 1565 ως
1148 1543 1230 1565 mm
1260 1529 1342 1565 τοὺς
1353 1535 1396 1567 30
1409 1531 1583 1567 celsitudo
1605 1541 1746 1568 servare
1768 1532 1924 1577 festinet,
1948 1533 2064 1569 sciem
2088 1533 2172 1577 qnia
2194 1541 2312 1577 neque
2325 1533 2478 1569 curiales

265 1572 455 1618 βουλευτὰς
478 1571 741 1620 ἠλαττώσαμεν
770 1578 831 1609 καὶ
860 1578 1090 1621 σεμνοτέρους
1120 1574 1247 1610 αὐτοὺς
1269 1578 1342 1611 τοῖς

266 1615 360 1653 ὅλοις
383 1616 637 1665 ἄπεφήναμεν·
672 1617 761 1656 aiere
778 1621 937 1656 ez'wvvou
956 1622 1074 1655 ταῦτα
1089 1621 1130 1655 αἱ
1143 1619 1262 1656 πόλεις
1282 1619 1341 1655 διὰ

265 1664 502 1711 κηρυγμάτων
525 1666 605 1699 τῶν
622 1665 711 1709 σῶν,
737 1661 825 1701 ὥςτε
846 1665 926 1701 τοὺς
950 1668 990 1700 ἐν
1011 1664 1134 1700 αὐταῖς
1151 1664 1341 1711 βουλευτὰς

265 1711 381 1789 rat-115
410 1709 657 1757 γινώσκοντας
687 1709 756 1754 τὴν
785 1708 962 1759 ἡμετέραν
996 1711 1140 1746 εἰκότως
1171 1709 1340 1756 εὐφημεῖν

266 1758 352 1799 βασι
375 1759 463 1792 είαν.

266 1812 325 1845 pp.
351 1802 442 1846 Aug.
468 1801 647 1837 ann.XH.
671 1801 832 1837 Iohanne
855 1814 886 1838 v.
908 1813 939 1837 c.
966 1812 1063 1837 cons.

1407 1576 1597 1612 minuimus
1629 1580 1666 1613 et
1695 1577 1942 1614 honoratiores
1970 1586 2032 1614 eos
2063 1578 2228 1614 omnibus
2258 1577 2478 1615 demonstra-

1407 1622 1538 1667 vimus,
1569 1625 1611 1658 ut
1641 1622 1757 1658 sciant
1785 1623 1875 1659 haec
1904 1623 2065 1660 civitates
2092 1632 2158 1669 per
2187 1625 2255 1659 tua
2274 1627 2477 1669 praecepta,

1409 1671 1586 1712 quatenus
1611 1680 1742 1700 non·
1765 1668 1926 1714 imperio.
2311 1696 2316 1702 .

555 1756 639 1792 Dat.
657 1756 730 1791 kal.
747 1756 825 1793 Iun.
844 1757 913 1793 GP.
931 1756 1049 1802 (imp.)
1069 1756 1128 1792 dn.
1150 1757 1340 1792 Iustiniani
1351 1760 1395 1793 35
1452 1758 1536 1794 Dat.
1550 1758 1641 1803 prid.
1660 1769 1742 1794 non.
1756 1757 1836 1793 Iun.
1851 1757 1918 1793 GP.
1932 1757 2016 1803 imp.
2033 1757 2092 1793 dn.
2107 1757 2300 1794 Iustiniani·
2310 1769 2371 1804 pp.
2384 1758 2476 1803 Aug.

1269 1830 1273 1834 .
1292 1805 1338 1844 [a.
1354 1805 1432 1845 538]
1499 1812 1594 1839 anno
1605 1803 1687 1839 XII.
1713 1803 1873 1839 Iohanne
1893 1814 1926 1839 v.
1947 1813 1979 1839 c.
2003 1802 2159 1838 consulet
2205 1827 2209 1830 ι

266 1891 372 1942 idque
395 1892 448 1927 ita
470 1896 512 1927 ut
534 1903 614 1928 eum
637 1893 754 1928 etiam.
769 1892 814 1928 ab
837 1892 902 1928 illa
925 1892 1138 1929 condicione
1163 1893 1297 1935 liberet,
1330 1893 1488 1939 insiqnia
1510 1884 1746 1940 maqistraius
1768 1893 1802 1928 ei
1825 1891 1883 1928 det
1907 1895 2015 1938 atque
2038 1892 2179 1938 efficiat
2200 1896 2242 1944 uf
2263 1892 2479 1928 constitutus

265 1947 304 1971 in
326 1937 501 1973 eiusmodi
521 1937 677 1981 sedibus,
709 1938 782 1973 sive
803 1938 965 1974 urbanae
980 1938 1241 1989 praefecturae

264 1982 339 2017 sive
360 1982 398 2017 in
408 1983 669 2029 ‚praetorianis
693 1982 932 2019 tribunalibus
959 1987 995 2019 et
1020 1982 1175 2022 Orientis
1203 1985 1240 2019 et

1297 1949 1366 1973 uae
1394 1942 1449 1974 est
1477 1938 1517 1973 in
1545 1942 1663 1974 vetere
1685 1937 1802 1974 Roma
1830 1942 1865 1973 et
1896 1938 1933 1973 in
1956 1947 2051 1973 nova
2080 1936 2150 1973 hac
2171 1936 2315 1984 quidem
2337 1940 2476 1980 nostra,

1295 1982 1464 2019 ccidentis
1492 1986 1528 2019 et
1550 1983 1687 2030 Libyae
1717 1993 1783 2019 nee
1805 1993 1879 2018 non
1902 1981 2062 2034 Illyriai,
2094 1992 2187 2028 quas
2215 1980 2356 2035 quidem
2377 1981 2480 2018 sedes

267 2038 386 2063 omnes
408 2028 512 2063 nobis
535 2028 623 2063 deus
643 2028 803 2071 subiecit,
826 2028 879 2063 sie
902 2027 1041 2064 demum
1066 2027 1229 2064 libertate
1249 2028 1421 2073 fruatur:
1452 2031 1492 2063 ut
1514 2039 1573 2063 ma
1599 2039 1646 2064 no
1671 2027 1808 2064 honore
1830 2026 1982 2074 diqnati,

2162 2037 2224 2073 qui
2248 2030 2285 2063 et
2305 2038 2370 2063 ear
2396 2031 2478 2063 ento

2030 2038 2066 2063 uz
2120 2038 2140 2063 e

265 2072 441 2109 vehantur
470 2077 507 2109 et
534 2084 637 2110 voees
653 2084 881 2120 praeconum
903 2073 1055 2109 audiant
1077 2077 1113 2109 et
1134 2073 1283 2120 insuper
1303 2073 1490 2109 iudiciales
1512 2084 1551 2109 se
1595 2084 1614 2109 s
1637 2072 1846 2115 ascendant,
1877 2072 1922 2109 ab
1946 2038 2121 2108 augmffcf}
2141 2072 2353 2109 condicione
2389 2072 2479 2109 iberi

264 2117 345 2153 sint.
393 2117 460 2153 Sin
484 2123 603 2155 autem
625 2118 742 2154 solam
765 2118 937 2155 honorem
961 2118 1008 2154 iis
1029 2119 1213 2166 impertire
1235 2119 1406 2161 voluerit,

265 2174 348 2199 vero
372 2164 548 2199 eiusmodi
569 2175 697 2200 manus
719 2164 763 2200 ab
788 2165 1005 2216 imperatore
1028 2164 1153 2199 datum
1180 2163 1316 2207 valeat,
1348 2167 1390 2199 ut
1418 2164 1433 2199 i

1432 2118 1555 2200 saciat
1585 2118 1728 2165 quidem
1751 2117 1936 2169 codicillos
1966 2127 2099 2163 eosque
2121 2117 2307 2170 conferat,
2341 2118 2479 2154 tantum

1445 2163 1478 2199 le
1501 2163 1702 2200 honoratus
1732 2162 1874 2209 quidem
1903 2166 1940 2199 et
1961 2173 2114 2209 magnae
2144 2172 2268 2199 carme
2285 2172 2382 2209 pars
2402 2173 2480 2199 esse

265 2209 441 2252 videatur,
464 2220 530 2245 nee
555 2214 673 2245 tamen
696 2220 746 2246 ex
768 2211 870 2245 curia
891 2209 1110 2256 provinciali
1132 2220 1247 2255 neque
1270 2219 1320 2245 ex
1341 2208 1424 2244 albo
1448 2209 1525 2244 eius
1547 2209 1742 2251 eximatur,
1770 2207 1835 2243 sed
1856 2210 2001 2244 maneat
2030 2207 2069 2242 in
2084 2207 2247 2254 pristina
2270 2206 2479 2243 condicione

264 2255 382 2290 solum
405 2255 568 2291 lucratus
592 2254 763 2291 honorem
792 2256 915 2301 itaque
938 2254 1005 2290 deo
1035 2259 1070 2290 et
1092 2254 1306 2301 imperatori
1325 2255 1484 2301 qratiam
1507 2253 1649 2297 habeat,
1680 2252 1778 2300 quod
1799 2253 1917 2300 ipsam
1940 2264 1964 2288 a
1985 2252 2111 2299 priore
2134 2252 2332 2289 humilitate
2351 2252 2479 2290 libera-

266 2304 339 2336 tum
368 2300 418 2336 ad
448 2301 598 2337 meliora
622 2300 864 2337 traduxerint.
910 2300 1029 2346 Atque
1050 2303 1127 2335 esto
1150 2299 1219 2335 hoe
1242 2310 1385 2346 qaoque
1408 2299 1691 2336 additamentam
1713 2298 1951 2345 imperialium
1971 2298 2227 2345 praemiorum,
2251 2297 2411 2349 qaodne
2435 2309 2481 2334 ue

262 2346 390 2391 liscum
413 2346 602 2382 imminuat
633 2357 749 2392 neque
772 2345 984 2382 condicione
1013 2348 1080 2381 aut
1109 2344 1291 2381 consuetis
1319 2344 1431 2380 eidem
1452 2345 1704 2391 functionibus
1734 2343 1905 2380 curialem
1929 2342 2071 2386 liberet,
2101 2343 2205 2390 eique
2227 2352 2289 2395 qut
2311 2342 2376 2396 illo
2407 2388 2414 2395 ¹
2436 2354 2478 2390 q-

266 2396 374 2427 natus
397 2396 452 2428 est
480 2391 653 2427 honorem
677 2403 750 2438 quo
780 2395 854 2427 tum
871 2390 1067 2437 praeditus
1090 2394 1169 2427 erat
1191 2393 1326 2436 auqeat
1347 2393 1457 2436 atque
1480 2389 1752 2426 honoratiorem
1774 2399 1854 2426 eum
1871 2391 2037 2436 praestet
2058 2391 2094 2425 ot
2114 2387 2267 2435 reliques
2284 2387 2482 2425 cannatae

265 2436 442 2483 diqnitate
463 2437 546 2473 sola
561 2437 881 2484 praestantiorem.

401 2482 491 2530 Epi
497 2482 512 2517 l
518 2493 639 2534 oqus.
690 2482 792 2526 Quae
814 2482 929 2534 iqitar
960 2480 1064 2517 nobis
1090 2480 1309 2527 placuerunt
1338 2485 1400 2517 tua
1427 2480 1629 2533 sublimitas
1650 2479 1834 2533 custodire
1861 2479 2025 2533 stadem,
2055 2479 2172 2516 sciens
2194 2489 2261 2533 nos
2282 2487 2397 2526 neque
2419 2490 2479 2515 ou-

266 2528 377 2564 riales
400 2528 614 2564 deminuisse
644 2531 680 2564 et
709 2527 849 2564 eosdem
879 2538 918 2562 m
932 2537 1079 2579 ‚summa
1109 2537 1150 2579 re
1173 2526 1428 2579 honoratiores
1449 2530 1703 2580 praestitisse.-
1737 2529 1861 2572 itaqae
1884 2528 2055 2577 sanitates·
2069 2536 2141 2572 per
2163 2525 2281 2561 edecta
2304 2527 2368 2561 tua
2390 2523 2480 2561 haee

268 2578 496 2619 coqnoseent,
520 2577 563 2608 ut
585 2573 741 2609 curiales
765 2573 828 2619 qui
850 2573 889 2607 in
912 2573 959 2607 iis
979 2576 1065 2607 sunt
1087 2571 1145 2607 his
1166 2572 1361 2608 intellectis
1374 2575 1502 2608 merito
1523 2572 1609 2608 bene
1631 2570 1755 2607 dicant
1777 2574 1902 2606 nostro
1925 2580 2086 2617 imperto.

317 2668 329 2699 l
357 2665 388 2698 εἰ
408 2666 474 2709 μὲν
498 2678 556 2700 om.
571 2677 591 2702 ς
609 2665 621 2707 ΙΙ
636 2667 656 2699 3
676 2663 890 2711 πολυαρχίας
906 2664 975 2697 ML
992 2664 1005 2708 11
1022 2666 1044 2699 4
1064 2661 1180 2710 Ῥώμῃ
1205 2676 1264 2698 om.
1278 2665 1310 2697 L
1332 2664 1345 2706 Ι1

270 2714 289 2745 5
313 2710 394 2751 εἴτε]
420 2708 482 2753 ἦτε
497 2711 546 2744 L²
560 2710 572 2755 ΙΙ
592 2710 877 2757 πραιτωριανῶῐι
899 2709 944 2742 Μ
954 2709 966 2753 11
984 2711 1004 2743 6
1022 2705 1163 2753 Λιβύης
1175 2709 1259 2751 ML]
1283 2708 1344 2751 τῆς

268 2755 407 2799 Λιβύης
419 2768 488 2789 cum
502 2757 699 2790 Haloandro
713 2757 798 2799 vuly.
818 2754 831 2799 11
847 2757 866 2788 7
881 2751 1032 2800 ἰλυρίδος
1044 2755 1076 2788 L
1093 2754 1105 2798 11
1130 2755 1149 2789 8
1162 2757 1223 2788 καὶ
1233 2751 1342 2795 οὕτω]

270 2804 329 2846 leq.
354 2799 449 2834 οὕτω
471 2801 556 2834 aaz?
575 2804 579 2844 1
603 2803 624 2836 9
646 2799 814 2846 μεγάλους
833 2800 882 2833 L¹
897 2800 910 2843 11
931 2802 971 2834 13
995 2797 1194 2842 βουληθείη
1213 2800 1344 2834 Zacha-

269 2850 340 2881 riae
354 2860 392 2881 ετ
405 2849 435 2887 ς]
457 2845 566 2890 flevi-r]
600 2848 670 2879 εἷεν
683 2846 755 2879 ML
771 2845 782 2890 ΙΙ
812 2847 853 2879 14
869 2842 1100 2878 κωδικέλλους
1120 2846 1152 2878 L
1177 2844 1190 2890 11
1215 2847 1256 2880 15
1280 2844 1345 2878 τοῦ

270 2906 328 2928 om.
350 2893 382 2925 L
407 2892 420 2935 11
446 2888 557 2924 αὐτὸν
581 2892 901 2937 περιτετιμημένον
919 2891 952 2923 L
988 2887 1180 2936 (αὐτόνπερ
1202 2902 1343 2933 τετιμη·

268 2940 378 2982 μένον
396 2938 602 2978 Haloander)
618 2938 630 2979 11
658 2939 697 2970 17
715 2933 822 2969 *οὐδὲ
834 2955 877 2959 -
889 2932 1056 2968 οὗδέΜΙ,
1073 2936 1084 2979 11
1111 2937 1152 2970 18
1176 2936 1252 2978 τοῦ]
1278 2934 1346 2978 τὴν

269 2984 318 3018 L¹
336 2984 348 3027 11
372 2984 413 3018 19
429 2979 671 3027 κερδαίναντα
687 2982 735 3014 L¹
752 2981 764 3025 11
789 2983 831 3015 20
851 2978 995 3023 βασιλεῖ
1014 2981 1045 3013 L
1064 2981 1076 3023 11
1099 2982 1141 3015 22
1154 2981 1344 3021 καὶτοῦτο]

269 3031 330 3063 καὶ
354 3041 411 3062 om.
428 3029 459 3061 L
487 3027 499 3071 ΙΙ
530 3028 572 3062 23
595 3027 736 3072 γερρῶν
760 3027 791 3059 L
819 3026 830 3070 ΙΙ
863 3021 972 3058 *οὐδὲ
995 3044 1038 3050 -
1063 3027 1107 3059 24
1130 3022 1213 3059 οὐδὲ
1235 3027 1307 3059 ML
1332 3025 1346 3069 11

271 3076 314 3109 26
330 3072 396 3117 τὴν
417 3071 500 3107 τότε
521 3072 721 3118 παροῦσαν]
746 3071 845 3103 etiam
861 3073 1067 3114 praesentem
1084 3083 1103 3107 ς
1117 3070 1130 3115 11
1149 3069 1344 3111 αὔξασθαῬ

271 3121 321 3154 L⁰
338 3120 350 3163 11
375 3116 483 3163 τιμὴν
506 3118 704 3157 Zachariae]
729 3114 839 3158 τύχην
864 3117 941 3149 libri
969 3115 981 3159 11
1014 3118 1056 3150 29
1081 3112 1166 3160 ἡμῖν
1188 3115 1260 3159 Μς]
1286 3117 1344 3149 καὶ

271 3163 331 3199 διὰ
351 3162 456 3199 τοῦδε
478 3163 542 3197 τοῦ
566 3162 671 3196 θἐίου
696 3158 895 3203 δηλούμενα
918 3157 1028 3204 νόμου
1053 3162 1132 3195 add.
1146 3162 1178 3195 L
1196 3161 1208 3205 11
1233 3164 1274 3196 30
1299 3161 1344 3194 εἰ·

271 3209 339 3245 δῦα
355 3211 386 3244 L
408 3209 420 3255 11
447 3210 487 3244 31
511 3216 588 3253 post
607 3204 870 3251 ἠλαττώσαμεν
894 3206 1049 3239 nonnulla
1074 3207 1230 3240 excidisse
1248 3213 1346 3250 putat

272 3258 458 3291 Zachariae
477 3254 489 3299 11
505 3255 546 3288 33
563 3253 642 3287 τῶν
659 3259 688 3286 et
707 3253 750 3287 34
767 3249 910 3284 εἰκότως
931 3263 989 3283 om.
1003 3251 1034 3283 L
1050 3250 1062 3295 11
1083 3253 1124 3286 35
1139 3254 1263 3286 subscr.
1276 3252 1342 3284 dat.

271 3313 358 3335 cons.
384 3301 544 3335 Iohannis
566 3297 660 3340 Iulst,
681 3310 737 3331 om.
753 3298 827 3330 Atk.
848 3295 861 3339 11
877 3295 942 3327 kal.
967 3295 1042 3327 Iun.
1069 3296 1128 3337 M]
1152 3296 1238 3338 prid.
1264 3307 1342 3329 non.

272 3349 346 3381 Iun.
361 3359 380 3384 ς
403 3348 488 3390 μηνὶ
501 3339 628 3387 ’ἴουνίῳ
647 3343 766 3376 Theoti.
784 3341 796 3386 ΙΙ
823 3341 888 3373 ΟΡ.
911 3340 966 3373 dn.
983 3341 1171 3373 Iustiniano
1192 3352 1245 3384 pp.
1266 3352 1342 3383 aug.

271 3404 347 3426 ann.
362 3392 443 3426 XII.
468 3391 621 3423 Iohanne
644 3398 695 3421 uc.
720 3396 823 3420 conss.
847 3386 895 3419 Μ
904 3387 958 3428 (cs.
974 3387 1024 3428 ς),
1056 3385 1154 3420 ἔτους
1176 3385 1260 3431 (ιβ’)
1284 3387 1344 3429 τῆς

271 3436 452 3483 βασιλείας
475 3433 630 3477 ὑπατείᾳ
652 3430 817 3466 Ἰωάννου
843 3431 962 3465 Theod-

1457 2664 1478 2696 2
1502 2665 1534 2697 et
1557 2664 1636 2697 add.
1648 2664 1735 2707 vaiy.
1752 2662 1766 2706 11
1789 2664 1809 2697 3
1833 2661 1963 2704 cinguli
1980 2661 2087 2703 RWJ
2111 2660 2256 2703 cingulis
2276 2660 2382 2705 8381
2402 2661 2426 2695 4
2446 2661 2481 2694 et

1410 2719 1516 2742 novae
1535 2721 1595 2742 om.
1617 2707 1653 2742 V
1673 2708 1685 2750 11
1699 2707 1922 2751 praeturianis
1938 2706 2044 2739 cinito
2057 2707 2106 2749 (et
2147 2705 2309 2739 recinit&
2321 2717 2404 2739 eom
2416 2704 2480 2748 12⁸)

1410 2753 1636 2787 tribunalibus
1659 2753 1692 2787 R
1719 2751 1725 2797 1
1759 2754 1779 2787 5
1800 2752 1969 2786 horientis
1990 2752 2025 2785 V
2046 2751 2065 2795 11
2085 2750 2120 2795 ly
2142 2751 2193 2784 iae
2215 2758 2228 2784 t
2259 2750 2347 2784 libio
2363 2749 2439 2784 RV
2467 2749 2480 2794 11

1411 2800 1432 2833 6
1455 2798 1574 2832 illirici
1598 2799 1676 2833 libri
1688 2797 1702 2843 11
1742 2807 1800 2831 eus
1823 2798 1863 2831 ivr
1879 2810 1946 2831 ras.
1966 2796 2081 2841 71111
2099 2794 2479 2839 participateVTpnti-

1411 2843 1516 2887 cipari
1524 2844 1562 2921 al}
1573 2851 1586 2877 t
1599 2842 1612 2889 11
1629 2844 1680 2922 113¹
1691 2846 1801 2876 tamen
1815 2842 1844 2921 ς
1859 2841 1879 2921 q
1893 2841 2097 2930 &gonuffire
2107 2840 2159 2875 R’
2167 2841 2228 2928 7ῑέ
2229 2839 2394 2919 1,ιίιέἓῶ
2370 2847 2482 2927 uei-§fi

1456 2899 1479 2921 n
1713 2899 1737 2921 u
1755 2899 1794 2921 ro
1841 2900 1857 2921 e
2069 2885 2197 2920 umodl
2392 2899 2394 2902 ’

1410 2900 1546 2967 ἷζῖιηῖα
1557 2899 1661 2967 {fieri
1679 2899 1758 2967 ἀαιῖ
1771 2933 1824 2966 Ra
1839 2932 1852 2978 11
1880 2931 2120 2975 13=inpemlem
2140 2938 2154 2965 ι
2174 2929 2188 2975 κ
2213 2931 2255 2966 14
2270 2932 2401 2982 tantun
2422 2930 2448 2963 ιι
2467 2929 2480 2975 ιι

1413 2981 1454 3015 15
1474 2978 1653 3022 prouintili
1672 2988 1752 3012 oux-a
1773 2986 1786 3012 t
1800 2977 1813 3023 11
1830 2978 1877 3011 eis
1901 2978 1927 3011 ι’
1961 2978 2017 3011 116
2031 2977 2187 3019 antiquae
2201 2974 2251 3009 Β*
2269 2974 2282 3019 11
2299 2977 2338 3009 17
2355 2984 2478 3018 migra·

1411 3025 1500 3058 uerit
1520 3032 1531 3058 t
1548 3024 1561 3067 11
1579 3026 1620 3059 19
1636 3023 1880 3067 pmuintiorum
1899 3022 1926 3056 1¹
1979 3022 2022 3056 20
2045 3021 2134 3064 quod
2157 3033 2216 3055 om,
2236 3019 2288 3055 7ι
2312 3019 2326 3064 11
2350 3021 2391 3055 21
2408 3020 2480 3072 pri-

1411 3070 1501 3103 uaris
1517 3069 1565 3103 V¹
1613 3070 1655 3103 23
1668 3068 1866 3102 hostendens
1881 3065 1934 3112 711
1945 3066 2195 3099 honorationem
2213 3065 2275 3099 VR
2285 3064 2298 3108 11
2314 3066 2357 3100 24
2369 3065 2479 3108 digm-

1410 3116 1510 3147 tatem
1531 3114 1564 3148 V
1615 3115 1659 3149 30
1674 3123 1782 3157 neque
1800 3113 1879 3155 quia
1895 3112 1922 3146 ιι
1937 3110 1950 3157 11
1974 3112 2014 3146 31
2028 3111 2246 3145 honoratione
2257 3110 2308 3143 R*
2323 3110 2335 3154 11
2359 3112 2402 3145 32
2420 3120 2479 3154 per

1411 3161 1480 3200 tua]
1493 3161 1651 3202 perpetua
1663 3158 1697 3191 R
1711 3158 1727 3237 P
1743 3159 1786 3193 33
1798 3157 1939 3201 imperio
1958 3156 2006 3190 Vt
2015 3157 2113 3200 vulg-1
2132 3156 2366 3208 imperinm-’R⁴
2392 3157 2478 3190 Hia-

1411 3213 1474 3239 tam
1493 3216 1555 3237 non
1579 3210 1692 3238 notant
1723 3204 1804 3237 ibri:
1828 3203 1934 3247 suppl.
1948 3203 2026 3245 sore
2049 3202 2212 3243 quatenus
2234 3201 2288 3246 (m
2307 3211 2351 3235 us
2369 3201 2479 3235 curia-

1410 3250 1458 3283 les
1479 3249 1560 3282 haec
1579 3250 1813 3291 cognoscentes
1834 3247 1952 3281 merito
1973 3249 2086 3280 nostro
2104 3244 2317 3290 benedicant)
2339 3246 2480 3289 imperio

1410 3296 1492 3338 (sim-
1506 3294 1613 3337 Beck)
1631 3293 1645 3345 Ι
1668 3294 1710 3328 35
1722 3295 1843 3327 subscr.
1858 3293 2001 3326 dadinum
2013 3302 2052 3325 ex
2072 3292 2123 3325 Vt
2140 3292 2152 3336 11
2174 3292 2238 3335 pri.
2258 3302 2337 3325 nou.
2357 3291 2433 3325 Iun.
2454 3293 2478 3333 t]

1409 3339 1537 3383 pridem
1553 3339 1645 3372 Iunii
1660 3348 1748 3371 nono
1769 3337 1823 3382 711
1842 3337 1906 3371 ΟΡ.
1920 3338 1999 3381 imp.
2019 3339 2043 3378 t]
2067 3336 2148 3381 Gap.
2169 3338 2232 3381 ipf.
2252 3335 2314 3382 VR,
2332 3336 2420 3371 duno
2440 3336 2479 3378 V,

1412 3398 1471 3419 om.
1485 3393 1497 3418 t
1513 3384 1525 3427 11
1547 3385 1624 3417 iust.
1650 3384 1701 3418 Vt
1726 3382 1739 3428 11
1762 3393 1837 3425 aug.
1859 3392 1947 3416 anno
1963 3382 2032 3417 XII
2055 3382 2194 3415 iohanni
2215 3392 2266 3415 no.
2285 3380 2421 3417 consule
2440 3380 2478 3423 V,

1411 3440 1440 3464 a.
1461 3440 1538 3463 ann.
1559 3428 1631 3463 XII
1654 3428 1720 3462 ioh.
1747 3428 1810 3462 uio.
1835 3435 1849 3462 t
