2476 3854
107 50 217 96 Nov.
242 50 459 95 CXXVIII
488 53 626 94 8—12
1177 49 1260 97 640
1911 68 1972 100 nn
2001 67 2331 103 commolimus

104 162 294 209 γίνεσθαι,
318 162 414 207 εἰμὴ
430 161 473 196 τὸ
491 159 550 196 διὰ
565 162 629 205 τῆς
644 159 858 207 προφάσεως
877 162 954 197 τῶν
970 162 1187 208 ἐξακτώρων
1253 163 1349 207 fieri,
1378 163 1447 200 nisi
1471 164 1566 209 quod
1589 175 1654 211 pro
1678 165 1868 202 occasione
1891 169 2098 204 exactorum
2130 171 2193 204 aut
2216 168 2331 204 curia-

104 205 129 251 ἢ
150 207 356 253 βουλευτῶν
379 206 401 251 ἢ
422 205 599 252 βινδίκων
623 203 645 250 ἢ
668 207 866 247 ταξεωτῶν
887 210 1006 253 χεῖρον
1031 205 1054 250 ἢ
1076 200 1188 252 ἦττον
1255 208 1343 244 lium
1379 211 1444 245 aut
1473 210 1653 246 vindicum
1687 214 1751 247 aut
1782 211 1988 248 officialium
2022 213 2099 249 eius
2133 213 2235 258 peius
2270 214 2334 249 aut

103 251 299 300 γινόμενον
321 254 375 297 τῷ
401 250 727 297 παραλαμβάνοντι
750 248 1087 297 ἀποκατασταθείη.
1255 254 1373 290 minus
1396 254 1532 291 factum
1554 259 1609 293 est
1631 256 1664 292 ei
1687 257 1748 303 qui
1771 257 1930 303 suscepit
1952 258 2174 295 restituatur.

1100 366 1257 404 CAPUT
1281 367 1345 403 IX.

160 437 233 468 Καὶ
253 434 361 468 τοῦτο
382 430 423 467 δὲ
439 429 639 476 κελεύομεν,
663 428 752 467 αἵςτε
775 429 867 477 ὑπὲρ
889 432 968 467 τῶν
990 431 1187 479 χρημάτων
1321 434 1399 471 Hoc
1423 443 1564 480 quoque
1586 435 1766 480 iubemus,
1798 438 1840 472 ut
1861 447 1925 482 pro
1948 436 2109 482 pecuniis
2136 438 2173 472 et
2195 437 2331 482 specie-

103 478 127 523 ἢ
145 478 255 514 εἰδῶν
277 480 354 513 τῶν
377 480 418 512 ἐν
440 480 518 512 ταῖς
538 479 722 523 ἐπαρχίαις
747 475 1027 522 δαπανωμένων
1048 479 1099 524 μὴ
1122 481 1186 515 εἰς·
1221 480 1323 517 5bus
1344 480 1382 515 in
1406 481 1594 525 provinciis
1624 482 1789 528 expensis
1821 492 1894 518 non
1923 482 2111 527 exigantur
2141 483 2331 519 collatores

102 524 332 570 πράττεσθαι
356 522 438 557 τοὺς
461 521 695 558 συντελεστὰς
722 521 769 557 τὰ
792 519 970 569 λεγόμενα
992 535 1185 571 παραπομ-
1253 534 1298 562 ea
1328 535 1420 570 quae
1451 525 1618 562 dicuntur
1646 527 1931 569 transmissum,
1963 531 2001 563 et
2028 538 2093 573 pro
2124 527 2181 563 his
2212 530 2332 563 autem

102 567 190 604 πικά
203 596 211 611 ,
253 572 313 602 καὶ
349 566 439 612 ὑπὲρ
479 568 558 602 τῶν
591 569 879 613 ἐκπεμπομένων
916 566 958 603 δὲ
989 569 1040 615 μὴ
1075 569 1188 606 πλέον
1255 580 1346 615 quae
1380 570 1672 608 transmittuntur
1713 582 1785 609 non
1820 572 1972 618 amplius
2007 572 2172 618 praeberi
2203 572 2331 608 horum

102 617 270 660 παρέχειν
297 614 375 649 τῶν
399 613 438 654 ἐξ
461 609 568 660 ἀρχῆς
592 614 632 647 ἐν
655 613 787 660 ἑκάστῃ
819 615 973 659 ἐπαρχίᾳ
1003 612 1186 652 διατυπω-
1254 625 1347 662 quae
1366 625 1411 652 ex
1425 615 1528 652 initio
1547 616 1585 653 in
1599 627 1813 664 unaquaque
1835 617 2020 663 provincia
2041 618 2214 664 deputata
2233 619 2329 655 sunt.

103 660 261 694 θέντων.

1099 750 1255 788 CAPUT
1278 751 1324 786 X.

1320 819 1394 854 Eos
1424 820 1542 854 autem
1573 819 1634 864 qui
1663 819 1701 855 in
1731 819 1922 864 provinciis
1952 829 2019 865 pro
2050 819 2331 865 quibuscumque

101 866 193 897 σίων
227 860 441 907 εῑςπράξεως
482 861 735 906 στελλομένους
769 863 820 908 μὴ
855 862 972 898 ἄλλως
1005 863 1185 910 ἄρχεσθαι
1251 863 1405 909 publicis
1428 864 1675 900 exactionibus
1698 864 1911 910 diriguntur,
1940 875 2012 900 non
2035 865 2138 900 aliter
2159 865 2330 901 incohare

100 908 162 950 τῆς
192 903 439 950 ἀπαιτήσεως,
470 908 503 941 εἰ
524 907 575 951 μὴ
599 907 778 954 πρότερον
801 911 842 943 ἐν
864 910 917 952 τῷ
942 910 1035 944 κατὰ
1062 908 1184 955 χώραν
1252 909 1491 952 exactionem,
1515 909 1585 945 nisi
1606 910 1707 955 prius
1729 909 1768 945 in
1790 909 1999 955 provinciali
2020 909 2150 946 iudicio
2172 909 2329 946 insinua-

100 950 320 998 δικαστηρίῳ
351 955 587 998 έμφανίσουσι
617 953 682 988 τὰς
705 954 936 989 ἐπιτεθείσας
959 951 1078 989 αὐτοῖς
1101 957 1184 998 περὶ
1251 955 1367 990 verint
1399 954 1586 1000 impositas
1621 955 1690 990 sibi
1725 954 1768 991 de
1803 955 1872 991 hoc
1906 955 2096 996 iussiones,
2137 957 2179 990 ut
2212 954 2329 990 exsol-

99 997 229 1032 τούτου
253 997 444 1041 κελεύσεις,
470 995 558 1032 ὥςτε
580 999 663 1033 τοὺς
686 997 979 1043 καταβάλλοντας
1002 1000 1047 1034 τὰ
1073 997 1183 1054 δημό-
1252 1003 1372 1035 ventes
1407 1000 1545 1035 fiscalia
1579 999 1714 1035 tributa
1754 1000 1843 1035 nulli
1878 1011 1944 1045 pro
1980 1000 2037 1036 his
2071 999 2230 1045 periculo
2265 1000 2332 1036 aut

99 1054 162 1076 σια
184 1041 266 1086 τέλη
289 1041 418 1097 μηδενὶ
449 1041 541 1098 ὑπρρ
553 1040 709 1096 ,τούτων
731 1042 890 1087 κινδύνῳ
915 1042 939 1087 ἢ
963 1046 1072 1089 ζημίᾳ
1096 1057 1182 1080 υπο-
1200 1048 1238 1079 15
1252 1045 1381 1125 gamag
1405 1045 1631 1125 subiageant3
1668 1046 1737 1081 hoc
1760 1046 1837 1091 ipso
1862 1051 1898 1081 et
1920 1055 2029 1091 super
2050 1044 2199 1091 privatis
2221 1053 2329 1090 nego-

1270 1100 1311 1125 us
1336 1101 1355 1125 ο
1385 1100 1511 1126 servan
1537 1101 1569 1126 o.

173 814 259 851 Τοὺς
293 813 335 850 δι’
368 817 409 851 ἐν
442 817 520 852 ταῖς
551 817 738 861 ἐπαρχίαις
774 815 866 864 ὑπὲρ
901 817 1042 853 οἱαςοῦν
1077 816 1183 863 δημο-
1200 822 1240 855 10

99 1088 263 1122 κεῖσθαι·
300 1101 429 1122 τουτου
461 1101 571 1123 αυτου
602 1092 663 1123 καὶ
692 1090 754 1124 ἐπὶ
776 1092 854 1124 ταῖς
877 1087 1075 1125 ἰδιωτικαῖς
1095 1088 1182 1126 ὑπο-

99 1134 227 1168 θέσεσι
251 1132 531 1179 φυλαττομένου.

1090 1224 1246 1261 CAPUT
1270 1224 1334 1261 XI.

1311 1292 1392 1329 Hoc
1415 1302 1555 1338 quoque
1577 1293 1739 1330 iubemus
1763 1293 1816 1330 eis
1838 1293 1968 1339 quibus
1990 1293 2164 1330 fiscalium
2187 1293 2330 1330 exactio

1250 1338 1448 1382 iniungitur
1474 1338 1611 1374 nullam
1632 1339 1851 1384 privatarum
1875 1349 2064 1375 causarum
2087 1339 2330 1376 executionem

99 1383 325 1426 έκβιβασμον
347 1382 704 1426 καταπιστευεσθαι,
735 1378 827 1416 ἀλλὰ
851 1386 911 1417 καὶ
935 1397 966 1418 ει
996 1398 1032 1418 τι
1064 1386 1183 1418 αυτοῖς
1196 1385 1237 1418 20
1253 1383 1440 1426 committi,
1471 1383 1535 1420 sed
1566 1386 1603 1419 et
1631 1385 1663 1420 si
1693 1384 1779 1429 quid
1810 1383 1862 1420 eis
1885 1385 1958 1420 tale
1979 1385 2197 1430 iniungatur‚
2228 1384 2328 1421 nullo

180 1428 195 1435 ⁸
1250 1429 1355 1464 modo
1379 1439 1439 1464 eos
1459 1438 1689 1474 praesumere
1712 1430 1781 1466 hoc
1802 1439 1917 1475 agere,
1940 1439 1986 1466 ne
2001 1431 2191 1467 occasione
2212 1429 2328 1476 publi-

1252 1484 1375 1511 carum
1397 1474 1622 1511 functionum
1645 1475 1759 1512 nostri
1781 1475 1934 1512 subiecti
1956 1475 2155 1514 laedantur.

155 1294 229 1324 Καὶ
250 1291 357 1325 τοῦτο
383 1289 423 1325 δὲ
442 1289 640 1336 κελεύομεν,
665 1287 753 1325 ὥςτε
771 1295 845 1326 τοῖς
865 1290 1051 1336 δημοσίων
1071 1289 1181 1328 ἀπαί-

98 1348 203 1380 τησιν
227 1338 539 1392 έγκεχειρισμένοις
560 1334 699 1390 μηδένα
730 1335 926 1372 ἰδιωτικῶν
952 1338 1182 1395 ’πραγμίξτων

98 1439 266 1461 τοιουτον
302 1429 574 1474 ἐγκεχείρισται,
612 1425 739 1472 μηδενὶ
777 1427 906 1473 τρόπῳ
946 1428 1086 1474 τολμᾶν
1121 1425 1181 1463 αὖ·

98 1471 181 1506 τοὺς
208 1473 317 1507 τοῦτο
342 1472 529 1518 πράττειν,
566 1469 654 1506 diere
675 1472 725 1517 μὴ
750 1474 794 1520 τῇ
818 1475 998 1519 προφάσει
1021 1476 1100 1509 τῶν
1123 1473 1181 1518 δη-

97 1521 237 1596 μΞσΙίων
268 1517 489 1597 Ιιθτίυντελειῶν
523 1518 605 1553 τοὺς
639 1515 828 1564 ἡμετέρους
863 1518 1045 1555 ὑποτελεῖς
1074 1533 1183 1554 κατα-

97 1566 125 1607 β
147 1575 264 1598 απτεσ
299 1575 346 1598 αι.

1092 1654 1248 1691 CAPUT
1267 1654 1350 1690 XII.

165 1722 213 1756 Εἰ
236 1720 278 1756 δὲ
298 1725 363 1756 καί
381 1732 435 1756 τις
457 1725 534 1757 ταῖς
563 1721 751 1765 ἀληθείαις
783 1721 953 1767 δημοσίας
976 1721 1181 1768 έποφείλων
1195 1725 1236 1758 25
1317 1723 1354 1758 Si
1378 1726 1499 1758 autem
1529 1725 1565 1759 et
1589 1723 1716 1769 aliquis
1748 1734 1815 1770 pro
1844 1723 1994 1761 veritate
2021 1724 2168 1769 publica
2195 1724 2329 1762 debens

99 1767 302 1803 συντελείας
337 1767 432 1802 εἴποι
466 1769 521 1811 τῷ
552 1770 750 1815 ἐκβιβαστῇ
787 1768 879 1803 εἶναι
916 1765 1016 1811 αὐτῷ
1057 1770 1182 1816 ἕτερον
1249 1768 1384 1804 tributa
1418 1768 1515 1804 dicat
1548 1769 1730 1806 executori
1765 1779 1843 1806 esse
1878 1770 1947 1805 sibi
1981 1769 2088 1805 alium
2121 1769 2328 1813 debitorem,

98 1810 295 1869 gozuinum
317 1813 368 1857 μὴ
393 1813 525 1853 ἐξεῖναι
547 1814 599 1856 τῷ
625 1815 824 1860 ἐκβιβαστῇ
848 1813 998 1856 ὄχλησίν
1019 1826 1104 1848 τινα
1127 1814 1181 1857 τῷ
1250 1824 1321 1849 non
1343 1814 1450 1849 licere
1474 1815 1659 1853 executori
1688 1815 1885 1850 molestiam
1916 1815 2070 1860 aliquam
2094 1815 2329 1852 denominatis

99 1859 350 1903 ονομασθέντι
371 1858 531 1904 ἐπάγειν,
555 1860 586 1892 εἰ
608 1857 658 1905 μὴ
681 1855 700 1892 ὁ
726 1861 869 1904 πρῶτος
891 1859 1069 1904 χρεώστης
1092 1855 1181 1894 ἄπο·
1249 1859 1399 1901 inferre,
1437 1858 1506 1895 nisi
1540 1859 1675 1905 primus
1709 1860 1848 1896 debitor
1881 1860 2053 1906 probetur
2087 1860 2186 1896 nullo
2222 1860 2328 1896 modo

99 1902 228 1950 δειχθῇ
253 1902 346 1938 κατὰ
365 1901 503 1948 μηδένα
526 1903 663 1949 τρόπον
686 1904 873 1939 παντελῶς
897 1903 1092 1947 δυνάμενος
1120 1904 1182 1938 τὰς
1250 1904 1393 1940 omnino
1411 1914 1518 1949 posse
1537 1905 1681 1950 publica
1699 1905 1835 1942 tributa
1851 1905 2063 1951 persolvere.
2106 1905 2186 1941 Hoc
2207 1908 2330 1942 tamen

99 1948 269 1993 δημοσίας
299 1947 502 1983 συντελείας
525 1948 784 1993 καταβάλλειν·
820 1952 880 1983 καὶ
903 1949 1012 1984 τοῦτό
1036 1963 1077 1996 γε
1099 1952 1181 1993 με’ν-
1194 1951 1235 1984 30
1249 1949 1346 1995 prius
1378 1949 1512 1994 requiri
1539 1949 1636 1995 apud
1664 1951 1818 1986 iudicem
1841 1950 2061 1996 provinciae,
2093 1951 2125 1986 Si
2147 1961 2214 1996 pro
2237 1952 2327 1987 veri-

97 2007 155 2028 τοι
178 1993 357 2039 πρότερον
381 1994 567 2036 ζητείσθω
599 1994 699 2040 παρὰ
727 1995 780 2038 τῷ
804 1993 952 2040 ἄρχοντι
982 1995 1045 2038 τῆς
1071 1996 1179 2039 ἐπαρ-
1247 1996 1323 2030 tate
1346 1994 1487 2031 debitor
1518 1998 1574 2031 est
1600 1995 1631 2030 is
1666 1996 1739 2041 qui'
1755 1996 2001 2032 denominatus
2026 1997 2095 2040 est,
2127 1998 2165 2031 et
2193 1995 2246 2032 ita.
2264 1995 2329 2032 fiet

97 2043 192 2082 χίας,
222 2040 253 2073 εἰ
277 2041 354 2073 ταῖς
376 2037 565 2081 ἀληθείαις
587 2040 764 2084 χρεώστης
789 2041 889 2074 ἐστὶν
909 2037 928 2073 ὁ
947 2036 1180 2084 ὀνομασθείς,
1219 2054 1222 2055 ’
1249 2040 1398 2076 exactio.
1446 2040 1489 2075 In
1520 2043 1671 2086 utroque
1700 2051 1784 2078 vero
1819 2051 1906 2078 casu
1939 2041 1970 2078 si
2000 2041 2079 2087 quis
2108 2041 2238 2088 exequi
2265 2044 2330 2078 aut

98 2087 158 2118 καὶ
188 2080 286 2119 οὕτω
317 2097 360 2118 νο
389 2088 478 2128 ι’μως
531 2085 671 2119 ινέσθω
702 2081 725 2129 ἡ
753 2085 927 2131 εἴςπραξις
957 2086 998 2120 ἐν
1022 2086 1179 2131 ἑκατέρῳ

98 2131 245 2174 θέματι.
294 2130 325 2163 εἰ
350 2098 392 2164 52⁷
420 2140 473 2164 τις
496 2098 689 2174 gestientem
719 2126 742 2173 ἢ
773 2127 975 2175 ἀπαιτῆσαι
1007 2130 1107 2177 παρὰ
1138 2130 1186 2165 τὰ

166 2235 192 2255 c.
210 2222 295 2255 XII
314 2223 519 2256 summarium
544 2223 640 2255 habet
664 2222 714 2255 B‘
743 2223 774 2254 T
793 2225 824 2263 7,
841 2229 877 2256 22
898 2235 933 2266 p.
952 2223 1016 2256 617
1034 2222 1138 2256 ΖαεΙι.
1162 2223 1214 2264 (ex
1237 2223 1274 2256 B
1299 2224 1352 2266 56,
1369 2230 1413 2265 18,
1427 2223 1468 2266 9).

98 2322 167 2358 hoc
186 2322 254 2367 fiat
277 2322 349 2358 nisi
370 2321 411 2358 id
431 2321 532 2368 quod
553 2322 697 2358 nomine
720 2325 933 2358 exactorum
965 2322 1021 2358 vel
1042 2322 1232 2358 curialium
1263 2321 1319 2359 vel
1341 2321 1521 2359 vindicum
1551 2321 1608 2359 vel
1631 2320 1848 2368 officialium
1873 2321 1985 2369 peius
2005 2321 2149 2368 factum
2180 2326 2247 2359 aut
2267 2323 2327 2360 de-

97 2370 271 2404 minutum
294 2368 342 2403 sit
365 2368 398 2403 ei
422 2368 485 2414 qui
507 2372 741 2414 suscepturus
764 2374 820 2403 est
839 2368 1067 2404 restituatur.

231 2413 295 2449 1Χ.
342 2412 417 2449 Sed
439 2413 509 2448 leoc
532 2424 676 2459 quoque
699 2412 859 2449 iubemus
885 2423 959 2459 pro
982 2413 1152 2460 pecuniis
1182 2412 1239 2450 vel
1269 2413 1455 2459 speciebus
1485 2422 1578 2458 quae
1608 2412 1646 2448 in
1666 2411 1865 2458 provinciis
1882 2415 2099 2459 eroqantur,
2129 2422 2204 2448 non
2225 2412 2329 2460 exim·

98 2471 121 2493 α
140 2458 307 2494 subiectis
334 2459 602 2505 parapompae'ea
633 2469 727 2504 quae
750 2458 932 2501 dicuntur,
963 2469 1079 2505 neque
1099 2469 1176 2506 pro
1206 2458 1252 2493 iis
1281 2459 1346 2504 qui
1365 2458 1578 2494 emittuntur
1599 2457 1690 2504 plus
1713 2460 1908 2504 praestare
1937 2468 2001 2494 eos
2023 2468 2130 2504 quam
2162 2457 2262 2504 quod
2281 2459 2328 2495 ab

98 2504 201 2540 initio
225 2504 262 2538 in
286 2503 343 2539 sin
372 2504 442 2539 ulis
458 2504 662 2550 provinciis
685 2505 918 2540 constitutum
941 2507 1007 2540 est.

231 2549 277 2584 X.
325 2515 370 2585 qu
383 2552 502 2585 autem
526 2549 588 2595 qui
610 2549 649 2584 in
667 2550 880 2595 provincias
899 2551 1056 2600 propter
1078 2549 1242 2595 quamvis
1259 2548 1492 2595 publicorum
1515 2548 1742 2584 exactionem
1765 2547 1957 2583 mittuntur
1979 2558 2024 2583 ne
2040 2547 2328 2594 aliter-exactio-

97 2594 155 2629 nis
176 2594 319 2629 initium
339 2595 485 2641 faciant
516 2595 588 2629 nisi
611 2596 722 2640 prius
750 2595 788 2629 in
811 2595 1037 2641 provinciali
1066 2594 1200 2630 iudicio
1232 2593 1337 2630 datas
1367 2594 1457 2641 ipsis
1487 2593 1533 2630 de
1554 2604 1599 2629 ea
1621 2603 1662 2628 re
1684 2593 1862 2628 iussiones
1892 2593 2171 2636 insinuaverint,
2202 2595 2331 2641 utqui

95 2639 243 2685 publica
269 2639 403 2719 tributcbz
426 2639 571 2675 solvunt
594 2640 685 2675 nulli
701 2639 869 2686 periculo
899 2643 963 2675 aut
985 2639 1118 2675 damno
1140 2650 1185 2675 ea
1207 2639 1251 2675 de
1274 2649 1386 2675 causa
1408 2638 1655 2681 subiciantur;
1688 2642 1798 2685 atque
1819 2637 1889 2674 hoc
1911 2638 2029 2684 ipsum
2057 2639 2164 2674 etiam
2190 2638 2230 2674 in
2251 2640 2329 2686 pri-

98 2685 192 2720 vatis
215 2684 335 2719 causis
358 2695 380 2720 ο
404 2690 576 2720 servetur.

232 2729 296 2763 XI.
345 2729 418 2764 Sed
439 2728 508 2765 lioc
531 2740 673 2776 quoque
694 2729 854 2765 iubemus
876 2730 923 2765 iis
946 2729 1076 2775 quibus
1100 2729 1316 2766 tributorum
1339 2728 1485 2766 exactio
1510 2727 1673 2764 iniuncta
1695 2731 1750 2765 est
1783 2727 1920 2764 nullam
1944 2729 2178 2775 privatarum
2206 2739 2329 2766 rerum

98 2775 326 2810 exactionem
350 2775 538 2816 committi,
569 2784 691 2810 verum
714 2776 822 2810 etiam
845 2775 878 2810 si
901 2775 991 2821 quid
1012 2776 1058 2811 iis
1080 2775 1255 2811 eiusmodi
1277 2775 1476 2810 iniunctum
1498 2773 1556 2816 stt,
1580 2773 1682 2809 nullo
1705 2772 1813 2810 modo
1837 2773 1877 2809 id
1897 2784 1960 2810 eos
1983 2784 2094 2820 aqere
2115 2773 2260 2818 audere,
2283 2784 2331 2811 ne

98 2819 243 2855 nomine
290 2819 490 2855 ublicorum
513 2820 727 2855 tribmorum
751 2820 900 2855 subiecti
923 2820 1039 2855 nostri
1062 2820 1194 2856 damno
1218 2820 1445 2866 afficiantur.

233 2830 313 2899 fil.
363 2863 436 2898 Sed
457 2865 564 2900 etiam
585 2864 618 2899 si
640 2865 720 2910 quis
743 2865 807 2910 qui
829 2876 955 2901 revera
978 2865 1130 2917 publiea
1154 2865 1288 2901 tributa
1312 2865 1440 2901 debeat
1461 2863 1651 2901 executori
1675 2864 1772 2900 dicat
1794 2863 1904 2900 alium
1933 2863 2004 2900 sibi
2023 2862 2218 2900 debitorem
2239 2874 2327 2907 esse,

98 2920 144 2946 ne
168 2909 275 2945 liceat
295 2909 486 2945 eoeecutori
507 2909 706 2945 molestiam
731 2910 840 2944 ullam
864 2912 900 2946 ei
921 2921 983 2956 qut
1007 2911 1214 2946 nominatus
1237 2913 1291 2946 est
1313 2909 1465 2956 afferre,
1495 2910 1569 2945 nisi
1591 2909 1735 2956 primus
1757 2908 1898 2945 debitor
1923 2908 2029 2947 nullo
2052 2908 2199 2945 omnino
2222 2909 2327 2945 modo

91 2954 252 3002 publicis
272 2954 416 2990 tributis
432 2954 613 2990 solvendis
631 2965 707 3000 par
721 2966 798 2990 esse
810 2956 991 3002 probatus
1005 2956 1054 2991 sit
1061 2968 1076 2997 ;
1099 2955 1168 2991 Ιιοσ
1186 2959 1303 2991 tamen
1322 2955 1428 3001 prius
1443 2965 1466 2989 a
1494 2954 1544 2990 ud
1559 2954 1763 3001 praesidem
1783 2954 1994 3001 provinciae
2009 2957 2219 3000 quaeratur,
2242 2964 2327 2989 num

97 3011 224 3036 revera
244 3000 384 3036 debitor
401 2999 450 3035 sit
471 2999 504 3034 is
526 2999 589 3045 qui
608 3000 812 3035 nominatus
828 3005 892 3041 est,
916 3004 1025 3046 atque
1043 3001 1095 3036 ita
1115 3001 1271 3047 leqitime
1289 2999 1434 3036 exactio
1449 2965 1518 3044 liin
1535 3000 1573 3034 in
1589 3003 1745 3046 utroque
1761 3009 1859 3035 casu.
1899 2997 1941 3034 Si
1956 3008 2040 3034 vero
2057 2998 2140 3044 quis
2154 2997 2329 3035 adversus

1628 3108 1686 3144 per
1710 3099 1914 3133 occasionem
1936 3100 2023 3143 vuly.
2042 3098 2055 3143 ΙΙ
2081 3101 2100 3134 2
2124 3098 2274 3132 iudicum
2299 3099 2332 3133 T

170 3107 186 3139 1
211 3102 389 3150 γενέσθαι
413 3102 462 3155 ξ’
489 3101 502 3146 11
532 3100 740 3154 ἐξακτόρων
763 3102 812 3135 Β’
835 3102 848 3146 ΙΙ
877 3104 897 3136 2
929 3100 951 3157 ἢ
974 3101 1181 3155 βουλευταῖιν

99 3164 156 3185 om.
172 3151 221 3183 B⁸
236 3151 248 3195 ΙΙ
266 3147 476 3188 ταξεωτων]
501 3146 695 3180 officialium
712 3157 782 3181 elus
798 3158 818 3183 ς
834 3147 847 3190 ΙΙ
876 3149 915 3181 10
931 3149 1022 3193 νπὲρ
1039 3146 1181 3182 οἱαςουν

99 3194 286 3239 δημοσίων
308 3192 532 3238 εἱςπράξεως]
565 3203 627 3235 pro
651 3192 916 3234 quibuscumque
946 3193 1093 3235 publicis
1125 3204 1180 3226 ex-

1248 3105 1335 3190 vu191.
1354 3100 1706 3190 fgoilusoc'i'nisiiulqstl
1730 3146 1751 3179 4
1775 3146 1918 3186 quoque]
1944 3143 2043 3177 etiam
2068 3144 2101 3178 Τ
2119 3144 2132 3187 ΙΙ
2156 3144 2328 3188 speciebus

1248 3193 1286 3225 in
1304 3191 1356 3225 Τ2
1368 3193 1401 3225 in
1415 3203 1480 3224 ras.
1498 3190 1511 3234 ΙΙ
1528 3191 1547 3225 8
1564 3199 1696 3231 unaque
1718 3189 1774 3233 Vn
1794 3191 1834 3223 10
1850 3193 1960 3222 autem
1985 3203 2043 3223 om.
2058 3190 2092 3223 T
2110 3188 2123 3234 {l
2142 3191 2182 3223 12
2199 3189 2327 3223 auditio

99 3241 287 3275 actionibus
303 3252 334 3282 ς,
358 3237 450 3284 ὑπὲρ
460 3257 505 3264 -
518 3235 770 3282 στελλομένους
786 3250 843 3271 om.
858 3238 888 3270 L
906 3237 919 3280 n
939 3239 979 3272 18
997 3235 1036 3271 δὲ
1051 3251 1108 3272 om.
1122 3239 1154 3272 L
1170 3238 1182 3279 ll

99 3286 181 3320 τοὺς
204 3306 248 3310 -
275 3288 315 3321 19
339 3286 657 3336 ἐγκεχειρισμένους
682 3284 712 3317 L
740 3283 753 3326 ΙΙ
782 3283 825 3317 26
848 3280 948 3324 αὐτῷ
974 3284 1180 3323 Haloander]

100 3327 199 3366 αὐτῶ
225 3332 305 3365 ML
331 3332 344 3374 ΙΙ
374 3331 415 3364 2Ί
441 3342 494 3372 τῳ
527 3325 789 3373 ὀνομασθέντι]
820 3327 1041 3361 denominatis
1064 3340 1084 3365 ς
1101 3327 1114 3372 ΙΙ
1139 3330 1181 3362 30

98 3375 318 3419 καταβαλεῖν
331 3376 378 3409 M
389 3378 402 3420 fl
415 3386 457 3421 ys
468 3377 592 3418 μέντοι
603 3374 659 3416 M]
677 3376 842 3419 μέντοιγε
854 3374 1028 3416 L(s')sort.
1043 3376 1159 3407 rectius
1170 3371 1183 3417 ΙΙ

101 3424 141 3456 33
166 3425 328 3466 νομίμως
352 3434 409 3454 οηι.
428 3433 447 3457 ς
465 3419 478 3465 ΙΙ
494 3421 534 3454 ἐν
557 3419 714 3465 ἑκατέρῳ
738 3418 884 3462 θέματι.
921 3418 952 3451 εἰ
972 3415 1015 3451 δέ
1033 3428 1086 3452 τις
1108 3419 1180 3451 ML

98 3468 155 3511 (cf.
163 3468 239 3501 Am.
253 3465 422 3512 ἑκάτερον
437 3467 500 3499 τοῦ
514 3464 684 3510 ἄρχοντος
700 3461 964 3508 δοκιμάζοντος.
988 3460 1010 3496 o‘
1028 3460 1068 3496 δὲ
1083 3463 1180 3505 κτὲ.)]

98 3513 134 3545 in
152 3515 293 3555 utroque
317 3523 393 3545 vero
411 3521 488 3545 casu
511 3511 541 3544 si
564 3511 639 3553 quis
661 3522 692 3553 ς,
716 3512 804 3554 quod
815 3510 964 3553 praefert
981 3509 1180 3551 Zachariae,

98 3556 269 3603 ἑκάτερον
299 3557 400 3601 θέμα
432 3558 478 3591 ad
508 3569 581 3601 cap.
608 3558 647 3591 11
674 3564 704 3591 et
729 3556 771 3591 12
802 3556 945 3599 referens
974 3555 1031 3598 (efi
1059 3554 1179 3588 Theod.

1258 3237 1308 3270 Vt·
1325 3237 1338 3280 ΙΙ
1354 3235 1579 3269 insinuauerit
1605 3235 1637 3268 Τ
1656 3235 1669 3277 ΙΙ
1689 3236 1729 3269 13
1754 3234 1910 3277 imposita
1932 3234 1980 3268 V¹
1998 3233 2011 3279 ΙΙ
2027 3235 2242 3276 exsolventes]
2266 3235 2326 3268 heo

1249 3281 1415 3315 soluentes
1437 3281 1490 3322 Vss
1518 3282 1558 3315 15
1582 3279 1775 3313 subiaceant
1797 3280 1842 3321 V]
1866 3280 2032 3313 subiciant
2057 3281 2090 3313 T
2119 3279 2327 3313 subiciantur

1249 3327 1363 3370 vul-941
1392 3327 1432 3359 18
1456 3325 1528 3358 Heo
1554 3326 1587 3358 T
1604 3326 1616 3368 ΙΙ
1645 3327 1683 3359 19
1706 3324 1862 3367 iungitur
1887 3326 1920 3358 T
1938 3325 1951 3369 ΙΙ
1979 3325 2213 3359 ‚acutionem
2239 3325 2293 3358 T⁰

1250 3373 1290 3406 21
1316 3381 1371 3404 eos
1386 3379 1596 3413 praesumere
1614 3370 1658 3412 Τ]
1682 3380 1890 3413 praesumere
1913 3380 1968 3403 eos
1990 3371 2088 3414 vulq„
2112 3380 2166 3403 eos
2189 3383 2247 3404 om.
2270 3370 2303 3404 V

1250 3418 1291 3451 25
1309 3415 1361 3448 sin
1381 3415 1430 3450 V²
1446 3416 1459 3459 ΙΙ
1476 3418 1509 3448 et
1529 3429 1588 3450 om.
1603 3416 1728 3460 Tvulq.
1748 3415 1760 3459 ΙΙ
1776 3415 1911 3459 publica
1927 3418 1997 3457 cet]
2021 3415 2110 3449 blica
2122 3434 2165 3440 —
2178 3416 2220 3450 30
2233 3415 2327 3458 prius

1249 3459 1353 3503 requi!
1372 3473 1434 3494 scr.
1454 3460 1503 3494 1⁷2
1515 3463 1548 3494 in
1563 3469 1648 3504 spat.
1663 3473 1734 3495 vac.
1751 3462 1795 3505 47}
1812 3474 1857 3494 vs.
1876 3461 1888 3504 ΙΙ
1907 3462 1947 3495 27
1964 3461 2117 3495 molestis
2132 3460 2278 3502 aliquam
2298 3458 2332 3493 V

1248 3506 1393 3548 aliquam
1417 3505 1601 3539 molestiam
1627 3507 1660 3539 Τ
1677 3506 1689 3550 ΙΙ
1713 3507 1893 3539 nominatis
1916 3506 1949 3540 Τ
1964 3506 1976 3549 ΙΙ
2003 3507 2045 3541 28
2070 3506 2196 3549 primus
2219 3505 2325 3545 Beck}

1247 3551 1342 3594 prius
1368 3552 1444 3585 libri
1472 3552 1484 3593 ΙΙ
1510 3551 1690 3584 debitorem
1716 3551 1749 3585 Τ
1774 3551 1786 3595 ΙΙ
1813 3552 1856 3586 29
1879 3552 1924 3585 tffi
1948 3551 2015 3593 Vll
2046 3552 2085 3585 31
2112 3550 2240 3584 debitor
2263 3550 2323 3590 est]

1247 3596 1428 3630 debitorem
1447 3597 1495 3630 T·
1513 3596 1674 3640 liquidem
1699 3597 1889 3630 nominatus
1911 3597 1945 3630 V
1967 3596 2026 3639 qui
2049 3595 2239 3629 nominatus
2261 3591 2325 3640 ΤΙΙ

1248 3642 1305 3675 fiat
1328 3644 1412 3686 vuly.
1431 3642 1504 3685 1132
1528 3653 1621 3675 casus
1645 3643 1695 3675 V¹
