2592 3840
280 89 319 131 Ν
323 102 387 131 ov.
419 89 561 131 XXIV
592 91 700 130 4-6
1351 83 1429 131 194
1962 100 2022 130 ΒΕ
2051 99 2284 131 PRAETORE
2313 100 2509 132 P1sm1An

280 200 399 243 σχῆμα
436 197 493 233 δεῖ
526 196 663 242 ταύτην
697 202 791 242 ἔχειν
824 195 1028 244 ἀναγκαίως
1062 195 1130 240 τὴν
1160 195 1265 238 τάξιν
1296 197 1364 241 τὴν
1431 198 1566 234 habere
1588 198 1790 234 necessario
1814 185 2086 245 ordinemjsqui
2107 197 2283 235 hactenus
2305 199 2345 235 in
2368 202 2509 245 specta-

279 248 383 301 pctixoe.
408 246 475 279 νῦν
494 247 560 298 ,ἐπὶ
584 246 662 279 τῶν
680 242 950 287 σπεκταβιλίων
973 239 1161 289 ἀρχόντων
1182 242 1360 291 πεφυλαγ-
1430 244 1563 279 bilibus
1587 245 1644 279 est
1665 243 1844 278 iudicibus
1868 243 2077 303 obseryatus
2106 242 2300 279 secundum
2331 244 2426 290 quod
2453 247 2507 281 te-

280 303 395 333 μενην
416 303 507 325 κατα
531 289 573 324 τὸ
598 287 810 335 κεκρατηκὸς
832 285 984 322 ἄνωθεν
1006 287 1105 321 ἔθος.
1427 288 1508 324 nuit
1530 288 1614 325 olim
1637 287 1869 324 consuetudo⁴

1276 423 1434 459 CAPUT
1461 424 1505 459 V.

332 489 477 534 Ἐπειδὴ
501 490 540 526 δὲ
562 492 707 536 ἔναγχος
735 490 847 544 θείαν
877 487 1043 530 διάταξιν
1069 488 1273 537 γράψαντες
1296 490 1359 525 τὰς
1473 490 1566 534 Quia
1589 499 1672 525 vero
1696 500 1826 536 nuper}
1834 495 1975 527 sacram
1999 491 2291 527 constitutionem
2309 491 2507 528 scribentes

280 536 361 583 ἄχρι
397 540 648 572 πεντακοσίων
681 547 914 579 νομισματων
945 535 1133 580 ἑφεσίμους
1164 533 1265 570 δίκας
1296 533 1357 578 [ἃς]
1395 541 1414 572 5
1428 546 1541 581 usque
1565 535 1612 570 ad
1636 534 1847 583 quingentos
1871 536 2003 572 solidos
2027 536 2307 582 appellationum
2333 546 2462 573 causas
2485 547 2508 572 a

281 583 351 617 ὑπο
374 586 447 617 τοῖς
470 579 720 626 περιβλέπτοις
743 579 913 624 ἄρχουσιν
944 581 985 613 ἐν
1008 580 1107 620 τάξει
1131 581 1236 615 θείου
1262 579 1357 615 δικα-
1428 579 1686 626 spectabilibus
1710 580 1888 627 iudicibus
1911 581 1950 616 in
1970 581 2094 616 ordine
2116 582 2210 617 sacri
2232 581 2400 617 auditorii
2424 591 2507 618 exa-

281 631 426 674 στηρίου
461 623 765 667 κατεξετάζεσθαι
800 623 1149 669 νενομοθετήκαμεν,
1183 626 1357 668 θεσπίζο-
1429 626 1557 660 minari
1588 625 1820 669 decrevimus,
1851 627 2043 669 sancimus,
2075 627 2107 662 si
2137 626 2220 662 talis
2251 626 2371 672 aliqua
2401 626 2508 663 fuerit

278 686 357 717 μεν,
389 673 420 705 εἰ
443 670 591 713 τοιαύτη
615 682 668 704 τις
690 673 831 717 γένοιτο
855 667 946 713 δίκη,
980 668 1072 704 κατὰ
1094 669 1162 714 τὴν
1185 669 1359 705 Πισιδίαν
1427 671 1483 714 lis,
1505 671 1543 705 in
1558 670 1692 705 Pisidia
1709 674 1829 717 tamen
1845 672 1972 713 solum,
1993 672 2066 707 sive
2081 682 2125 707 ex
2143 671 2365 716 delegatione
2383 675 2508 708 nostra

280 720 404 761 μέντοι
426 716 550 761 μόνον,
582 716 652 749 εἴτε
682 718 720 748 ἐκ
750 716 996 760 παραπομπῆς
1025 712 1197 762 ἡμετέρας
1225 716 1297 750 εἴτε
1319 718 1359 749 ἔκ
1428 716 1501 750 sive
1524 725 1568 750 ex
1589 715 2097 760 alicuius-gloriosissimorum
2114 720 2319 752 nostrorum
2336 716 2505 760 iudicum,

281 774 378 796 τινος
405 763 482 796 τῶν
506 759 753 800 ἐνδοξοτάτων
783 757 888 804 ἡμῶν
911 757 1110 806 ἀρχόντων,
1142 762 1174 794 εἰ
1193 760 1242 805 μὴ
1262 765 1359 807 περί·
1375 765 1416 796 10
1429 761 1459 795 si
1484 771 1556 796 non
1580 761 1787 805 spectabilis
1810 761 1916 797 datus
1939 761 2050 797 fuerit
2071 762 2189 804 iudex,
2214 772 2287 797 non
2305 762 2351 796 ad
2368 765 2507 807 specta·

280 806 433 851 βλεπτος
456 803 475 840 ὁ
499 804 684 849 δεδομένος
706 805 759 848 εἴη
784 804 963 848 δικαστής,
986 803 1035 850 μὴ
1060 806 1147 853 πρὸς
1170 805 1237 840 τὸν
1262 810 1359 852 περί·
1428 806 1532 840 bilem
1547 805 1786 841 Iustinianum
1807 806 1970 842 comitem
1991 806 2206 842 Pacatianae
2226 806 2402 852 Phrygiae
2423 807 2508 849 (hoc

280 851 439 895 βλεπτον
460 848 716 884 Ἰουστινιανὸν
747 849 888 894 κόμητα
917 851 980 893 τῆς
1010 852 1241 894 Πακατιανῆς
1269 853 1359 895 Φρυ-
1430 851 1527 895 quod
1550 851 1684 886 dudum
1703 851 1900 893 sanximus)
1926 851 2104 895 advenire,
2129 851 2193 887 sed
2210 851 2257 886 ad
2275 861 2356 887 eum
2376 850 2510 887 deferri

279 900 358 943 γίας
393 897 512 938 (τοῦτο
547 892 635 940 ὅπερ
671 894 801 941 πρώην
833 893 1186 941 νενομοθετήκαμεν)
1218 898 1359 941 φοιτᾶν,
1428 896 1706 941 appellationem
1729 897 1934 948 provinciae
1951 906 2050 940 suae,
2073 896 2261 942 ipsumque
2282 906 2363 932 eam
2383 896 2509 932 audire

279 938 359 975 ἀλλ’
392 939 454 975 ἐπ’
485 937 597 974 αὐτὸν
629 940 809 986 φέρεσθαι
843 939 911 983 τὴν
943 943 1069 986 ἔφεσιν
1097 942 1159 984 τῆς
1189 943 1261 976 ἐπα
1283 945 1361 983 χίας
1430 941 1624 976 secundum
1655 951 1748 976 sacri
1778 941 1948 977 auditorii
1976 940 2128 985 figuram
2165 941 2303 986 (utique
2333 941 2440 977 etiam
2469 941 2508 977 in

280 987 340 1028 τῆς
372 982 491 1028 αὐτοῦ,
528 982 641 1019 αὐτόν
676 998 716 1019 τε
752 983 861 1028 αὐτῆς
893 983 1100 1032 ἀκροᾶσθαι
1131 985 1224 1020 κατὰ
1287 990 1360 1020 είου
1376 990 1416 1021 15
1428 986 1498 1021 hoc
1521 986 1752 1022 nobilitamus
1774 986 2048 1031 magistratum),
2078 987 2266 1032 ipsumque
2296 986 2331 1022 ei
2353 985 2507 1022 definiti-

279 1027 513 1077 άκροατηρίου
542 1031 660 1075 σχῆμα
690 1033 762 1073 (καὶ
791 1028 859 1078 γὰρ
890 1028 934 1074 δὴ
962 1034 1023 1064 καὶ
1045 1030 1164 1075 τούτῳ
1188 1030 1358 1076 σεμνύνο-
1427 1041 1507 1066 vam
1526 1031 1573 1066 im
1600 1041 1707 1067 onere
1727 1031 1909 1067 sancimus
1928 1031 2090 1075 formam,
2114 1042 2188 1067 non
2203 1031 2442 1067 remittentem
2460 1031 2508 1067 ad

278 1089 346 1119 μεν
375 1074 442 1118 τὴν
473 1072 608 1121 ἀρχήν),
646 1073 758 1110 αὐτόν
788 1089 829 1109 τε
861 1073 951 1122 αὐτῇ
982 1074 1120 1111 τέλειον
1149 1077 1359 1111 ἐπιτιθέναι
1427 1076 1522 1112 hanc
1545 1076 1581 1112 fe
1597 1076 1788 1112 'cissimam
1812 1076 2001 1119 civitatem,
2025 1079 2066 1112 ut
2088 1087 2160 1112 non
2183 1083 2374 1122 parvarum
2396 1086 2508 1112 causa

279 1121 437 1175 θεσπίξο
464 1133 505 1154 εν
527 1117 655 1162 τύπον,
687 1118 752 1155 οὐκ
775 1117 1084 1166 ἀναπεμπόμενον
1109 1120 1199 1169 πρὸς
1221 1120 1359 1165 ταύτην
1427 1121 1656 1157 occasionum
1675 1122 1847 1158 maximas
1861 1122 2042 1167 litigantes
2063 1122 2190 1158 turbas
2209 1121 2408 1167 damnaque
2427 1131 2507 1158 sus·

278 1165 346 1208 τὴν
380 1180 419 1199 ευ
443 1168 576 1209 αίμονα
611 1163 731 1209 πόλιν,
767 1162 867 1200 ὅπως
901 1162 949 1200 ἂν
982 1165 1032 1211 μὴ
1067 1168 1208 1211 μικρῶν
1239 1168 1360 1201 ἕνεκεν
1427 1167 1576 1203 tineant.

280 1210 497 1256 προφάσεων
526 1208 680 1257 μεγάλας
710 1210 748 1245 οἱ
778 1208 1006 1255 δικαζόμενοι
1040 1213 1197 1258 ταραχάς
1228 1225 1268 1246 τε
1299 1214 1359 1246 καὶ
1372 1214 1415 1247 20

281 1257 404 1300 ζημίας
426 1253 673 1300 ὑπομείναιεν.

1271 1347 1427 1383 CAPUT
1450 1347 1512 1382 VI.

322 1410 443 1448 “Omns
468 1411 506 1447 δὲ
537 1411 583 1447 ἂν
607 1412 735 1447 εἰδοῖεν
766 1416 825 1447 καὶ
857 1413 895 1448 οἱ
915 1413 1262 1459 παραλαμβάνοντες
1292 1412 1360 1457 τήν
1482 1414 1531 1450 Ut
1555 1416 1675 1450 autem
1698 1414 1816 1450 sciant
1845 1417 1883 1451 et
1912 1414 1974 1461 qui
2004 1407 2210 1461 percipiunt
2231 1414 2413 1469 praetoris
2443 1414 2508 1449 ad?-

278 1472 319 1493 τε
342 1460 405 1493 τοῦ
429 1463 632 1505 πραίτωρος
654 1457 766 1502 ἀρχὴν
786 1456 852 1493 τάς
871 1473 912 1493 τε
931 1459 1039 1494 ἄλλας
1060 1460 1123 1494 τὰς
1142 1457 1232 1507 παρ’
1255 1457 1361 1503 ἡμῶν
1428 1460 1726 1496 ministrationem
1765 1462 1802 1495 et
1836 1460 1926 1496 alias
1966 1470 2060 1507 quae
2098 1470 2122 1495 a
2157 1461 2261 1496 nobis
2297 1459 2509 1496 adinventae

281 1504 510 1550 ἐξευρημένας
540 1517 581 1539 τε
611 1507 672 1538 καὶ
706 1504 992 1550 έξευρησομένας,
1025 1503 1118 1539 κατὰ
1147 1508 1233 1539 τίνα
1256 1516 1360 1551 προς·
1429 1509 1515 1540 sunt
1537 1508 1574 1540 et
1596 1505 1882 1548 adinveniuntur,
1907 1501 2202 1550 quemadmodum
2230 1506 2410 1551 competat
2431 1503 2508 1541 cin-

279 1548 355 1592 ἠκει
384 1547 522 1595 τρόπον
552 1547 792 1597 διακυβερνᾶν
819 1549 882 1584 τὰς
911 1549 935 1584 ἆ
957 1547 1034 1592 zac,
1069 1548 1281 1595 συνείδομεν
1309 1549 1359 1595 μὴ
1372 1553 1414 1586 25
1428 1550 1515 1594 gula
1537 1550 1742 1595 gubernari,
1765 1551 2012 1596 perspeximus
2035 1562 2109 1586 non
2132 1550 2248 1586 solum
2267 1550 2319 1586 eis
2336 1549 2509 1596 praebere

279 1594 392 1638 μόνον
416 1592 533 1629 αὐτοῖς
557 1597 726 1642 παρέχειν
749 1594 795 1629 τὰ
818 1563 981 1639 σύμβολα
1011 1596 1073 1639 τῆς
1095 1592 1202 1643 ἀρχῆς
1225 1597 1265 1630 ἐν
1288 1598 1361 1630 τοῖς
1428 1595 1657 1640 magistratus
1689 1595 1845 1639 insignia
1882 1596 1920 1631 in
1956 1596 2013 1631 his
2049 1595 2110 1640 qui
2140 1597 2316 1632 vocantur
2346 1595 2509 1636 codicilli,

280 1638 507 1683 καλουμένοις
530 1638 772 1681 κωδικέλλοις,
797 1638 887 1674 ἀλλὰ
908 1644 969 1674 καὶ
987 1638 1179 1695 ἐγγράφειν
1199 1639 1265 1675 τὸν
1279 1639 1360 1684 τρό-
1429 1640 1493 1677 sed
1517 1641 1624 1676 etiam
1646 1641 1843 1676 inscribere
1865 1641 2008 1677 modum
2032 1641 2228 1677 secundum
2256 1650 2361 1686 quem
2383 1643 2510 1685 regant

280 1697 351 1720 πον
367 1682 458 1718 καθ’
474 1682 518 1719 ὂν
537 1683 755 1728 διοικήσειαν
773 1684 841 1728 τὴν
859 1681 981 1732 ἀρχήν,
1001 1699 1094 1734 απερ
1113 1685 1150 1720 οἱ
1166 1685 1238 1742 προ
1256 1683 1360 1730 ἡμῶν
1429 1686 1780 1730 administrationem,
1841 1696 1910 1721 uae
1947 1690 2032 1722 ante
2062 1696 2129 1722 nos
2159 1685 2379 1731 legislatores
2407 1695 2508 1721 man-

280 1730 481 1774 νομοθέται
503 1728 711 1774 μανδάτα,
731 1734 966 1776 πρινκίπις
990 1728 1156 1765 ἐκάλουν·
1195 1743 1283 1765 ωςτε
1300 1728 1361 1764 αὖ·
1429 1731 1515 1766 data
1536 1731 1710 1776 principis
1734 1741 1828 1777 appe
1841 1731 1984 1767 labant:
2016 1734 2058 1767 ut
2080 1730 2151 1776 ipsi
2178 1731 2227 1767 ad
2249 1741 2293 1766 ea
2314 1730 2508 1776 respicien-

280 1774 360 1809 τοὺς
383 1775 472 1823 πρὸς
494 1777 610 1810 ταῦτα
641 1773 917 1819 ἀποβλέποντας
944 1774 1011 1819 τὴν
1041 1777 1177 1810 οἰκείαν
1200 1774 1361 1810 ἄπευθύ-
1373 1779 1415 1812 30
1429 1780 1484 1811 tes
1503 1786 1605 1812 suam
1621 1779 1748 1821 regant
1767 1776 2124 1818 administrationem,
2144 1779 2181 1812 et
2200 1776 2253 1812 ita
2269 1777 2403 1812 nostris
2423 1775 2508 1811 sub-

280 1834 372 1858 ²¹2ch
387 1817 496 1866 ἀρχὴν
528 1824 589 1854 καὶ
618 1821 732 1867 ταύτῃ
763 1820 845 1855 τοὺς
876 1817 1064 1867 ἡμετέρους
1094 1818 1270 1864 ὑπηκόους
1301 1819 1361 1855 διὰ
1429 1822 1533 1857 iectis
1563 1821 1602 1857 in
1633 1821 1800 1857 omnibus
1832 1821 1984 1867 prosint.
2031 1822 2144 1866 Igitur
2173 1821 2281 1857 etiam
2303 1820 2449 1857 recondi
2471 1821 2511 1856 in

281 1864 432 1900 πάντων
470 1863 632 1919 ὠφελεῖν.
679 1866 873 1913 τοιγαροῦν
908 1869 969 1899 καὶ
1003 1863 1236 1909 ἀποτεθῆναι
1268 1865 1361 1905 κατὰ
1429 1877 1533 1903 sacro
1572 1870 1697 1902 nostro
1737 1867 1911 1902 laterculo
1946 1866 2149 1902 huiusmodi
2187 1866 2305 1902 divina
2341 1865 2511 1902 mandata

280 1910 322 1944 τὸ
354 1911 459 1944 θεῖον
491 1912 596 1955 ημῶν
628 1910 863 1956 λατέρκουλον
892 1910 938 1944 τὰ
968 1913 1122 1945 τοιαῦτα
1153 1912 1240 1945 θεῖα
1271 1925 1361 1955 μαν-
1429 1913 1687 1958 praecepimus,
1711 1915 1887 1956 quatenus
1911 1922 1983 1949 una
2007 1922 2089 1947 cum
2109 1911 2282 1947 codicillis
2306 1911 2435 1948 dentur
2452 1911 2508 1946 iu-

283 1955 375 1990 δάτα
400 1954 717 2000 διεκελευσάμεθα,
746 1954 847 1992 ὅπως
868 1953 917 1990 ἂν
940 1953 1015 2001 ἅμα
1038 1959 1112 1991 τοῖς
1136 1955 1362 1991 κωδικέλλοιε
1433 1957 1575 1993 dicibus
1599 1960 1636 1992 et
1658 1957 1905 1992 iusiurandum
1929 1957 2193 2003 praebentibus,
2225 1956 2323 2000 quod
2343 1955 2383 1992 in
2405 1966 2511 1992 sacra

282 1999 417 2034 διδοῖτο
441 2004 513 2034 τοῖς
542 2000 704 2048 ἄρχουσι,
732 2000 799 2035 τόν
829 2015 869 2035 τε
900 1998 1008 2047 ὅρκον
1033 2005 1289 2047 παρεχομένοις
1319 1999 1363 2036 ὃν
1377 2005 1419 2038 35
1434 2007 1559 2038 nostra
1584 2002 1839 2038 constitutione
1864 2002 2152 2049 conscripsimus,
2184 2004 2220 2037 et
2248 2001 2320 2037 alia
2344 2001 2511 2038 universa

282 2048 342 2079 ἐπὶ
355 2047 433 2099 ε’τῆς
464 2046 574 2100 &stag
598 2044 701 2090 ἡμῶν
724 2045 918 2086 διατάξεως
949 2046 1173 2101 ἐγράψαμεν,
1204 2046 1251 2082 τὰ
1271 2046 1362 2081 ἄλλα
1430 2048 1482 2083 ita
1504 2048 1710 2092 regentibus
1743 2048 1836 2083 sicut
1866 2058 1931 2083 nos
1954 2048 2134 2083 iussimus.
2183 2046 2366 2083 Subicitur
2388 2049 2509 2082 autem

281 2105 321 2124 τε
351 2104 497 2125 απαντα
531 2104 628 2125 ουτω
665 2090 920 2136 διοικουμένοις
955 2104 1002 2126 ως
1037 2090 1134 2137 ἡμεῖς
1174 2090 1361 2137 ἐτάξαμεν.
1431 2094 1539 2128 etiam
1564 2093 1738 2137 quaedam
1770 2092 1963 2137 descriptio
1994 2102 2017 2127 a
2040 2092 2144 2128 nobis
2167 2091 2252 2127 huic
2281 2101 2406 2128 sacrae
2427 2090 2508 2137 legi,

250 2185 256 2189 .
281 2133 567 2179 ’Τποτεθήσεται
590 2135 631 2170 δὲ
654 2141 717 2171 καί
737 2149 790 2171 τις
810 2136 1006 2184 ἀπογραφὴ
1028 2136 1118 2184 παρ’
1142 2134 1247 2182 ἡμῶν
1267 2136 1363 2181 τῷδε

281 2226 462 2273 leqitimae
495 2227 630 2273 speciei
659 2227 887 2263 adsimilatus
917 2229 980 2270 sit,
1015 2229 1220 2264 necessario
1255 2239 1335 2263 eum
1371 2229 1534 2263 ordinem
1568 2227 1701 2262 habere
1734 2227 1839 2262 debet
1871 2228 1935 2273 qui
1968 2227 2153 2272 hucusque
2185 2227 2225 2261 in
2254 2225 2510 2273 spectabilibus

282 2271 555 2317 maqistratibus
577 2271 771 2307 secundum
795 2272 1087 2309 consuetudinem
1111 2284 1207 2320 quae
1223 2272 1369 2320 pridem
1393 2273 1548 2309 obtinuit
1569 2277 1735 2308 servatus
1756 2276 1819 2307 est.
1937 2301 1941 2303 .
2305 2277 2309 2280 ⁴

416 2317 461 2352 V.
507 2315 686 2359 Quoniam
706 2328 791 2353 vero
811 2328 929 2365 nuper
948 2328 1056 2354 sacra
1077 2319 1335 2354 constitutione
1354 2318 1562 2365 conscripta
1584 2317 1788 2360 sanximus,
1808 2319 1852 2352 ut
1868 2326 2000 2352 causae
2020 2316 2308 2368 appellationum
2325 2325 2440 2368 usque
2459 2315 2510 2351 ad

280 2363 561 2408 quinqentorum
580 2373 774 2398 aureorum
793 2373 966 2398 summam
988 2363 1238 2411 spectabilium
1257 2364 1536 2410 maqistratuum
1551 2361 1746 2409 secundum
1766 2361 1928 2397 ordinem
1947 2371 2044 2397 sacri
2062 2361 2237 2397 auditorii
2251 2361 2416 2397 eaeammi
2427 2359 2509 2397 sub-

281 2407 451 2449 iciantur,
482 2418 578 2442 nunc
600 2408 782 2442 sancimus
805 2412 857 2450 ut,
889 2409 922 2443 si
946 2420 1039 2454 quae
1062 2409 1240 2444 eiusmodi
1262 2419 1375 2444 causa
1398 2412 1570 2454 emerqat,
1601 2408 1640 2442 in
1662 2407 1744 2443 sola
1776 2411 1894 2442 tamen
1918 2405 2076 2449 Pisidia,
2107 2407 2183 2443 sive
2212 2417 2263 2442 ea·
2285 2408 2415 2441 nostra
2435 2405 2511 2442 sive

283 2462 333 2487 ex
352 2452 695 2497 qloriosissimorum
719 2457 927 2488 nostrorum
951 2454 1230 2505 maqistratuum
1254 2454 1408 2489 alicuius
1428 2453 1667 2500 deleqatione,
1691 2452 1763 2487 nisi
1784 2450 1995 2499 spectabilis
2016 2452 2067 2487 sit
2087 2451 2201 2487 iudex
2225 2451 2289 2498 qui
2311 2450 2422 2486 datus
2443 2455 2509 2494 est,

284 2507 358 2531 non
378 2496 427 2530 ad
448 2497 675 2542 spectabilem
699 2498 862 2533 comitem
884 2497 1128 2534 lastinianum
1149 2498 1374 2535 Pacatianae
1389 2497 1577 2545 Pliryqiae
1600 2498 1792 2544 deferatur
1815 2496 1868 2539 (id
1886 2495 1988 2543 quod
2006 2500 2115 2532 antea
2135 2496 2212 2543 leqe
2232 2495 2509 2539 constituimus),

284 2541 348 2575 sed
370 2546 411 2575 nt
434 2542 483 2575 ad
504 2541 606 2576 illum
630 2542 830 2588 appellatio
854 2543 893 2577 in
909 2544 1245 2591 provinciajipsius
1261 2544 1460 2591 pertineat,
1491 2547 1604 2589 utque
1627 2543 1642 2577 i
1666 2553 1705 2578 se
1735 2542 1781 2578 de
1804 2553 1848 2578 ea
1877 2541 2072 2577 secundum
2101 2541 2200 2577 sacri
2232 2540 2408 2577 auditorii
2426 2540 2510 2587 sor-

285 2596 379 2619 mam
400 2591 595 2632 coqnoscat
615 2588 756 2626 (etenim
776 2586 843 2622 hac
862 2599 1007 2634 quoque
1019 2593 1204 2635 potestate
1227 2590 1300 2624 iam
1316 2590 1571 2635 maqistratum
1594 2587 1623 2623 il
1636 2598 1695 2622 um
1717 2591 1902 2629 ornamus)
1926 2591 1963 2622 et
1976 2587 2055 2633 ipse
2072 2586 2105 2622 ei
2123 2587 2286 2632 formam
2308 2585 2511 2622 absolutam

283 2631 450 2676 imponat
476 2632 667 2673 sancimus,
698 2643 783 2667 neve
814 2634 976 2668 remittat
1005 2633 1055 2668 ad
1078 2633 1172 2669 hanc
1193 2634 1338 2680 felicem
1361 2634 1505 2676 urbem,
1536 2644 1582 2668 ne
1609 2636 1765 2680 propter
1792 2632 1949 2678 exiquas
1980 2641 2112 2667 causas
2142 2641 2296 2678 maqnas
2319 2629 2444 2666 turbas
2475 2633 2511 2666 et

286 2686 419 2720 maqna
442 2675 574 2709 damna
597 2676 747 2711 subeant
770 2676 962 2722 litiqantes.

421 2719 481 2754 VI.
546 2719 590 2754 Ut
624 2725 741 2755 anetem
776 2722 850 2767 ipsi
878 2723 940 2767 qui
970 2724 1158 2769 praetoris
1188 2725 1443 2771 maqistratum
1480 2727 1690 2769 ceterosque
1724 2734 1747 2757 a
1778 2721 1883 2757 nobis
1918 2721 1973 2757 vel
2003 2722 2166 2758 inventos
2194 2721 2252 2758 vel
2280 2719 2511 2757 inveniendos

285 2765 489 2816 suscepturi
511 2770 596 2799 sunt
618 2766 746 2807 sciant,
778 2777 882 2811 quem
905 2767 955 2801 ad
976 2768 1118 2803 modum
1143 2768 1268 2805 deceat
1291 2780 1354 2805 eos
1373 2770 1611 2815 maqistratus
1633 2779 1770 2814 reqere,
1794 2767 1940 2814 placuit
1969 2766 2074 2803 nobis
2104 2777 2179 2802 non
2209 2765 2327 2802 solum
2350 2765 2511 2813 insiynia

285 2813 523 2856 maqistratus
551 2810 596 2843 iis
626 2810 665 2843 in
688 2810 863 2849 codicillis
894 2812 956 2857 qui
987 2818 1164 2848 vocantur
1188 2814 1377 2859 praebere,
1407 2814 1474 2849 sed
1501 2814 1610 2849 etiam
1641 2812 1786 2848 modum
1817 2811 2015 2847 inscribere
2041 2811 2237 2847 secundum
2269 2821 2374 2858 quem
2395 2811 2510 2858 Μαρί-

285 2858 440 2889 stratum
464 2853 724 2897 administrent,
749 2866 843 2900 quae
866 2856 1007 2901 quidem
1030 2858 1202 2893 mandata
1224 2859 1405 2905 principis
1428 2859 1608 2895 vocabant
1635 2858 1700 2904 qui
1723 2860 1808 2893 ante
1829 2867 1898 2892 nos
1915 2856 2071 2903 fuerunt
2092 2855 2370 2909 lequmlatores;
2398 2858 2440 2891 ut
2462 2854 2513 2891 ad

286 2899 416 2935 horum
439 2909 602 2933 normam
632 2910 735 2933 suum
763 2902 1016 2946 maqistratum
1047 2903 1217 2949 rediqant
1244 2909 1354 2950 atque
1381 2904 1435 2939 ita
1457 2903 1611 2939 subditis
1641 2902 1777 2938 nostris
1799 2912 1869 2949 per
1892 2901 2014 2937 omnia
2030 2906 2190 2948 prosmt.
2247 2899 2380 2947 ltaque
2403 2900 2510 2936 etiam

286 2943 461 2980 eiusmodi
483 2954 591 2978 sacra
614 2944 785 2979 mandata
809 2945 847 2978 in
870 2956 976 2980 sacro
1002 2946 1177 2983 laterculo
1201 2953 1328 2983 nostro
1352 2949 1483 2995 reponi
1507 2949 1686 2990 iussimus,
1719 2958 1813 2993 quae
1836 2958 1910 2982 una
1938 2957 2019 2981 cum
2043 2945 2220 2982 codicillis
2241 2945 2374 2981 denmr
2395 2945 2510 2997 maqi-

285 2989 459 3025 stratibus
482 2993 517 3023 et
544 2989 806 3031 iusiurandum,
831 2990 931 3035 quod
951 2991 990 3024 in
1012 3002 1120 3026 sacra
1144 2998 1273 3028 nostra
1296 2994 1555 3029 constitutione
1577 2993 1800 3040 scripsimus,
1829 2991 2067 3038 praestitui-is
2090 2995 2127 3027 ct
2147 2990 2290 3037 reliqua
2314 2989 2435 3026 omnia
2456 2993 2511 3026 sta

286 3035 340 3070 uti
359 3033 614 3080 praecepimus
637 3034 954 3069 administratur-is.
1002 3034 1207 3072 Subicietur
1230 3049 1314 3073 vero
1338 3050 1361 3073 a
1385 3038 1489 3074 nobis
1513 3038 1596 3074 huic
1618 3049 1748 3073 sacrae
1771 3038 1844 3084 leqi
1867 3037 1976 3072 etiam
1999 3036 2196 3083 descriptio
2219 3034 2398 3082 quaedam
2416 3044 2511 3082 quae

331 3131 351 3159 2
376 3122 657 3167 σπεκταβιλίων]
683 3122 934 3169 περιβλέπτων
960 3126 994 3158 Β
1020 3124 1033 3167 ΙΙ
1056 3131 1076 3159 4
1100 3123 1276 3167 διάταξιν]
1301 3140 1363 3160 non
1431 3126 1668 3176 λατέρκουλον
1692 3143 1750 3162 om.
1776 3129 1813 3162 B
1839 3129 1851 3170 11
1882 3129 1925 3162 33
1949 3123 2054 3170 ἡμῶν
2077 3139 2135 3173 om.
2161 3127 2192 3159 L
2219 3125 2231 3169 ΙΙ
2262 3122 2509 3170 λατέρκουλον]

286 3179 416 3205 servata
437 3179 500 3207 esu
526 3173 568 3213 cf.
584 3171 707 3203 Biener
718 3183 750 3213 p.
766 3171 826 3203 511
849 3169 862 3213 ss
878 3173 897 3204 5
922 3173 1173 3203 πεντακοσίων
1192 3171 1362 3214 νομισμά-
1431 3186 1496 3207 s.v.
1511 3173 1672 3208 οικιακόν
1695 3174 1743 3207 Μ
1752 3173 1765 3217 ΙΙ
1781 3169 1960 3216 μανδάτα]
1985 3168 2267 3217 παραγγέλματα
2291 3170 2339 3203 Μ
2343 3183 2369 3202 s.
2382 3182 2424 3212 υ,,
2440 3170 2475 3203 Β
2496 3168 2510 3215 ΙΙ

287 3218 376 3258 των]
408 3217 629 3260 τριακοσίων
660 3210 705 3255 (τ’
724 3215 860 3255 Theoti„
884 3219 899 3247 ῖ
916 3217 991 3247 Aila.
1014 3217 1097 3254 cod.)
1128 3214 1363 3258 νομισμάτων
1431 3221 1473 3252 36
1498 3216 1707 3260 διατάξεως]
1732 3219 1815 3253 Νου.
1839 3217 1933 3251 VIII
1948 3220 1998 3261 (p.
2013 3218 2070 3257 89)

289 3263 410 3296 Theoti.
434 3261 510 3293 Arh.
545 3263 709 3293 trecentos
738 3270 854 3291 aureos
880 3259 1001 3292 Iulian.
1033 3261 1089 3301 (cst
1116 3261 1236 3293 Theod.
1260 3262 1313 3301 25,
1338 3269 1362 3301 ι,
1614 3286 1626 3288 v

286 3309 361 3341 Ath.
375 3307 410 3348 4,
425 3314 453 3346 5,
476 3306 573 3338 schol.
588 3305 652 3339 Iul.
666 3306 713 3337 ad
725 3317 751 3337 c.
766 3306 822 3344 65)
840 3304 853 3346 fl
874 3300 914 3337 r‘r'c
936 3300 1006 3338 ὑπὸ
1033 3305 1153 3346 MLB,
1185 3300 1225 3337 (ῗς
1249 3306 1363 3338 delevit
1475 3310 1495 3341 2
1519 3311 1579 3350 cst]
1604 3312 1637 3342 et
1670 3309 1724 3362 Vn
1743 3309 1833 3351 quod
1853 3309 1900 3350 V]
1925 3318 2009 3350 quae
2035 3307 2068 3340 T
2074 3306 2159 3350 only.
2178 3304 2191 3349 ΙΙ
2208 3307 2228 3339 5
2253 3304 2508 3348 appellationem

286 3352 527 3395 Homberykt'us
538 3351 594 3393 (cs.
608 3351 652 3391 ς),
676 3347 739 3382 τὰς
756 3345 827 3383 ὑπὸ
845 3350 1039 3382 Haloander
1055 3349 1068 3392 ΙΙ
1087 3351 1128 3382 10
1154 3346 1362 3382 ἐνδοτάτων
1439 3352 1493 3396 Vn
1522 3356 1542 3386 6
1567 3354 1727 3387 adiutoril
1750 3354 1808 3397 Vn
1831 3356 1849 3387 7
1875 3353 1990 3394 aliqua
2013 3351 2090 3385 talis
2116 3351 2148 3384 T
2162 3349 2174 3394 ΙΙ
2203 3353 2238 3384 11
2266 3350 2364 3391 frigio
2389 3350 2467 3383 libri

286 3399 318 3431 L
337 3396 350 3441 ΙΙ
379 3399 417 3430 11
446 3392 612 3429 δεδωκώς
639 3393 702 3439 Bn
730 3396 769 3428 13
793 3391 1144 3437 νενομοθετήκαμεν]
1169 3395 1251 3427 Νου.
1275 3394 1367 3427 VIII
1435 3398 1473 3429 12
1497 3398 1661 3430 sancimus
1685 3400 1764 3432 libri
1775 3397 1788 3443 ΙΙ
1818 3401 1857 3433 13
1881 3409 1956 3431 eum
1978 3396 2093 3439 Vol-ll
2117 3397 2156 3429 15
2180 3396 2375 3435 magistrum
2400 3395 2477 3428 libri

286 3456 312 3475 c.
327 3445 346 3476 2
363 3442 375 3485 ΙΙ
398 3443 437 3475 19
461 3440 528 3483 τὴν
553 3448 583 3473 et
603 3437 653 3483 μὴ
676 3453 733 3472 om.
748 3440 780 3472 L
795 3438 808 3493 {j
826 3440 866 3473 21
895 3434 1149 3480 *ὑπομείνοιεν
1169 3439 1212 3471 Μ
1233 3434 1361 3481 ὑπομέ-
1430 3441 1639 3474 definitiuum
1673 3443 1730 3486 Vn
1757 3445 1796 3478 16
1821 3442 2053 3476 remittendam
2074 3441 2162 3485 ναῖς.
2179 3439 2192 3485 ΙΙ
2214 3442 2253 3474 17
2278 3449 2409 3472 causam
2439 3439 2474 3472 V

286 3499 383 3520 νοιεν
407 3487 477 3520 LB
495 3486 507 3530 ΙΙ
532 3488 574 3520 22
598 3483 666 3527 τήν
687 3486 740 3526 τε]
763 3480 872 3526 τηνδε
894 3484 929 3517 Β
952 3483 965 3528 ΙΙ
989 3485 1030 3517 27
1055 3480 1279 3516 κωδικέλλοις
1304 3484 1360 3524 Μ]
1431 3487 1472 3518 23
1496 3486 1632 3519 inuente
1658 3488 1691 3520 T
1711 3488 1723 3531 ss
1740 3490 1783 3522 24
1807 3488 2064 3521 adinvenientur
2077 3486 2171 3520 Beck
2186 3486 2198 3528 ss
2217 3487 2259 3520 25
2283 3484 2508 3528 perspeximus

286 3530 508 3564 κωδικίλλοις
532 3532 600 3564 LB
625 3531 720 3571 (idem
737 3531 793 3567 34)
819 3528 831 3573 ΙΙ
853 3526 1005 3574 γράφειν
1028 3530 1060 3562 L
1090 3532 1102 3572 ΙΙ
1130 3531 1171 3562 28
1196 3524 1362 3562 καθόσον
1434 3531 1477 3571 Τ]
1502 3533 1726 3574 prospeximus
1747 3534 1779 3565 V
1800 3533 2027 3575 prospeximus
2050 3533 2134 3575 vulq.
2154 3529 2167 3573 ΙΙ
2191 3531 2234 3564 26
2257 3530 2294 3563 in
2317 3530 2370 3562 his
2394 3529 2442 3570 T]
2465 3527 2507 3561 ab

287 3573 499 3618 διοικήσειεν
524 3577 555 3609 L
573 3577 585 3630 u
603 3578 645 3609 29
668 3572 837 3617 μανδάτα
860 3577 1046 3618 πρινκίπις
1066 3575 1145 3613 (3.1).
1165 3573 1360 3627 παραγγέλ-
1430 3575 1482 3606 his
1503 3575 1559 3618 Vll
1587 3578 1628 3609 28
1652 3577 1952 3609 amministratione
1973 3578 2005 3610 V
2026 3576 2040 3621 ΙΙ
2070 3577 2112 3611 32
2137 3575 2251 3607 divina
2276 3575 2324 3616 T]
2349 3587 2407 3607 om.
2433 3573 2466 3606 V
2491 3571 2505 3616 ΙΙ

286 3634 383 3665 ματα
397 3621 670 3665 αρχοντικα)Μ]
685 3617 887 3664 ἀποκρίσεις
898 3615 1182 3663 &examinas-LE
1195 3618 1261 3663 1130
1275 3631 1360 3651 απο-
1431 3621 1472 3653 33
1496 3621 1721 3662 praecepimus
1749 3621 1794 3663 T]
1819 3621 2039 3663 praecipimus
2068 3619 2133 3664 Vn
2165 3622 2206 3653 35
2232 3618 2504 3653 constitutionem

286 3665 479 3710 βλέποντες
492 3668 523 3700 L
542 3666 555 3710 ΙΙ
571 3669 609 3700 31
637 3662 811 3707 ὑπηκόους
829 3677 887 3698 om.
899 3665 948 3697 B⁶
966 3665 979 3708 ΙΙ
994 3666 1035 3699 32
1046 3678 1092 3708 sq.
1115 3664 1306 3710 τοιγαροῦν
1318 3683 1361 3688 —
1438 3663 1492 3708 Vss
1512 3666 1553 3698 36
1579 3666 1639 3709 leq.
1652 3663 1858 3698 subicietur?
1873 3665 1886 3709 ΙΙ
1905 3667 1946 3698 37
1972 3665 2145 3707 discriptio
2165 3664 2202 3698 V

2577 2840 2592 3340 i

2578 3343 2592 3462 ξ
