2592 3840
271 81 381 125 Nov.
400 81 576 125 XCVIII
608 86 644 125 1.
675 84 701 124 2
1327 77 1409 125 480
1678 92 1827 131 NEQUE:
1854 92 1998 124 vnum
2025 92 2148 131 ouon
2174 85 2376 124 nx‘no‘m
2403 91 2485 125 ns'r

267 193 533 237 μοθετημένων
563 194 623 226 ἐπὶ
646 191 709 232 τῆς
731 190 874 224 ἑαυτῶν
899 189 1035 230 τάξεως
1057 189 1346 236 φυλαττομένων.
1416 189 1557 223 entibus
1580 200 1629 225 nu
1654 190 1724 226 tias
1748 189 1887 225 sancita
1906 192 1991 225 sunt
2007 189 2045 224 in
2063 200 2130 225 suo
2149 189 2272 226 ordine
2289 189 2482 227 servandis.

268 241 328 271 καὶ
357 239 464 271 τοῦτο
493 238 636 282 κρατεῖν
670 237 730 269 ἐπὶ
759 236 837 268 τῶν
866 238 1100 269 συνοικεσίων
1134 235 1212 269 τῶν
1246 231 1338 268 καθ’
1409 234 1459 269 Et
1489 233 1557 269 hoc
1579 201 1698 270 vellere
1724 235 1762 270 in
1785 234 2018 270 matrimoniis
2049 245 2200 279 quocum
2223 244 2270 271 ue
2297 235 2403 271 modo
2425 244 2482 271 sc-

269 281 479 324 οἱονδὴποτε
501 281 638 326 τρόπον
664 278 910 324 διαλυομένων
938 282 977 313 ἐκ
999 281 1062 322 τῆς
1085 279 1176 323 σήμε
1199 292 1242 314 ον
1263 277 1344 324 ἦμέ-
1412 278 1496 314 lutis
1527 279 1572 314 ab
1603 279 1775 315 hodierna
1798 279 1854 315 die
1877 284 1914 315 et
1935 280 1973 314 in
1995 289 2100 315 omne
2122 290 2191 325 quo
2239 280 2416 325 sequitur,
2446 281 2484 315 et

269 339 331 373 ρας
354 331 413 361 καὶ
436 328 483 360 εἰς
506 326 548 359 τὸ
574 325 650 366 ἑξῆς
680 320 792 366 ἅπαν,
817 328 876 358 καὶ
899 326 977 359 τῶν
995 323 1064 368 ἤδη
1082 323 1180 358 διαλε
1202 327 1346 369 υμένων
1412 324 1450 358 in
1472 323 1529 358 his
1552 324 1784 360 matrimoniis
1809 334 1900 369 quae
1918 324 1989 360 iam
2009 325 2128 360 soluta
2147 328 2231 360 sunt
2250 325 2391 370 quidem
2409 324 2484 361 sive

268 375 335 416 μὲν
358 374 590 406 συνοικεσίων
621 369 692 403 εἴτε
715 369 860 416 τελευτῇ
892 369 963 403 εἴτε
986 367 1080 403 καθ’
1107 371 1230 415 ἕτερον
1251 369 1344 404 οἱον·
1382 374 1400 404 5
1414 372 1526 404 morte
1549 369 1620 404 sive
1641 369 1798 415 quolibet
1813 370 1883 405 alio
1902 369 2019 412 modo,
2039 369 2158 405 adhuc
2173 373 2293 405 autem
2308 370 2484 415 pendente

270 415 405 459 δήποτε
428 415 579 462 τρόπον,
604 416 658 448 ἔτι
682 412 722 448 δὲ
744 411 956 459 ἠρτημένων
978 416 1031 458 τῷ
1057 416 1121 448 ἕνα
1131 415 1224 468 γοῦν
1247 426 1345 459 περι-
1414 424 1456 449 eo
1488 413 1582 458 quod
1604 425 1695 450 unus
1720 418 1901 460 superstes
1925 414 1982 449 sit.
2028 413 2120 449 Nam
2143 414 2175 450 si
2196 415 2302 450 ambo
2325 414 2484 450 defuncti

269 466 370 495 εῖναι.
418 461 449 494 εἰ
479 460 547 507 γὰρ
578 461 602 493 ἔ
625 459 749 502 θησαν
780 458 889 503 ἄμφω
912 458 1213 503 τετελευτηκοτες,
1237 461 1346 494 τοῦτο
1415 463 1509 498 sunt,
1533 459 1601 494 hoe
1624 459 1812 495 heredibus
1835 470 1909 495 non
1933 459 2069 503 damus,
2094 459 2156 495 sed
2178 462 2360 504 tamquam
2376 459 2485 496 semel

269 505 501 550 κληρονόμοις
524 501 564 538 οὐ
588 473 745 548 δίδομεν,
769 501 852 538 ἀλλ’
879 501 927 539 ὠς
949 500 1051 545 ἅπαξ
1073 507 1346 550 πεπερασμένον
1414 503 1640 539 terminatum
1662 505 1839 540 veteribus
1862 504 2092 549 relinquimus
2109 504 2258 548 legibus.
2296 503 2388 540 Inud
2407 513 2483 540 cer-

268 555 341 584 τοῖς
364 549 528 586 παλαιοῖς
557 548 877 593 καταλιμπάνομεν
900 550 1032 594 νόμοις.
1079 551 1214 584 ἐκείνου
1238 547 1346 592 δήλου
1414 552 1490 583 tum
1513 551 1578 588 est.
1603 548 1686 594 quia
1708 549 1792 584 dum
1814 550 1923 585 semel
1946 550 2080 585 fuerint
2099 549 2253 585 filiorum
2273 552 2310 586 et
2323 548 2483 594 proprie·

269 595 390 635 ὄντος,
426 593 474 629 ὠς
506 592 655 628 ἐπειδὰν
687 591 788 634 ἅπαξ
815 598 978 641 γένοιντο
1008 596 1086 630 τῶν
1109 593 1255 630 παίδων
1286 597 1346 628 καὶ
1362 598 1401 630 10
1414 596 1524 629 tatem
1547 594 1606 629 lex
1621 593 1782 630 deferens
1798 595 1848 630 eis
1864 595 2094 639 praestiterit,
2117 599 2204 630 tunc
2227 594 2265 630 in
2287 593 2483 630 successio·

269 641 338 683 τὴν
374 639 589 674 δεσποτείαν
621 637 643 673 ὁ
678 639 787 684 νόμος
822 638 925 686 ἄγων
960 636 1077 674 αὐτοῖς
1111 638 1208 683 δοίη,
1246 652 1344 683 τηνι-
1413 639 1519 674 nibus
1551 642 1588 681 et
1610 639 1688 674 aliis
1711 639 1976 675 accessionibus
1999 639 2051 674 ita
2073 642 2111 675 et
2132 639 2170 675 in
2193 639 2249 675 his
2272 639 2359 682 erit,
2390 638 2486 675 sicut

268 686 382 719 καῦτα
412 685 458 719 τοὶ
489 686 549 719 ἐπὶ
571 685 650 718 τῶν
673 682 855 727 διαδοχῶν
883 685 1039 719 καὶτῶν
1061 684 1184 719 ἄλλων
1207 697 1344 731 προχω-
1413 687 1449 719 et
1477 684 1515 718 in
1544 684 1725 728 prioribus
1755 685 1932 720 sancitum
1961 688 2016 719 est
2044 685 2143 726 filiis,
2175 684 2237 730 qui
2260 688 2405 730 propter
2427 693 2484 719 se·

268 730 408 775 ρήσεων
431 726 528 763 οὕτω
552 733 612 762 καὶ
636 727 698 764 ἐπ’
726 727 845 763 αὐτοῖς
867 731 971 764 ἔσται
1001 727 1049 764 ὠς
1075 732 1135 764 ἐπὶ
1160 731 1235 764 τῶν
1259 742 1345 775 προ-
1414 728 1548 764 eundas
1577 729 1720 774 nuptias
1743 732 1930 774 parentum
1952 729 2090 765 lucrum
2113 729 2258 775 aliquod
2281 739 2326 765 ex
2344 727 2484 774 *legIbus

268 776 385 820 τέρων
408 775 696 819 νενομοθέτηται
719 773 866 809 παίδων
888 776 966 809 τῶν
982 772 1042 809 διὰ
1065 774 1147 809 τοὺς
1165 773 1346 820 δευτέρους
1413 776 1496 809 sunt
1518 774 1633 820 potiti.

267 820 400 865 γάμους
429 821 507 854 τῶν
530 823 668 865 γονέων
699 817 840 865 κέρδους
862 819 962 854 τινὸς
992 820 1094 866 παρὰ
1119 821 1198 855 τῶν
1220 819 1346 864 νόμων
1361 822 1401 855 15

268 862 490 909 ἠξιωμένων.

1266 955 1424 992 CAPUT
1448 954 1494 990 H.

337 1006 493 1043 Κάκεῖνο
529 1014 653 1053 μέντοι
688 1012 726 1044 ἔκ
761 1022 858 1045 τινος
895 1010 992 1054 δίκης
1026 1011 1347 1059 προςαγγελθείσης
1480 1010 1574 1045 Illud
1605 1020 1746 1055 quoque
1768 1021 1814 1045 ex
1860 1009 1990 1044 {ladam
2014 1019 2123 1044 causa
2146 1009 2355 1045 denuntiata
2381 1009 2484 1046 nobis

268 1054 354 1099 ἡμῖν
370 1056 418 1089 εἰς
433 1056 657 1099 νομοθεσίαν
681 1053 829 1102 ἀγαγεῖν
852 1053 1028 1100 ᾠήθημεν
1047 1058 1184 1102 χρῆναι.
1221 1056 1344 1100 ἐπειδὴ
1414 1056 1460 1090 ad
1497 1055 1753 1099 legislationem
1792 1056 1814 1090 d
1860 1064 1966 1090 ncere
2008 1054 2270 1090 aestimavimus
2307 1058 2482 1100 oportere.

267 1098 337 1147 γὰρ
368 1099 569 1134 διελέλυντο
600 1103 667 1142 μὲν
698 1102 787 1146 πρὸς
808 1097 978 1144 ἀλλήλους
1006 1099 1030 1135 ὅ
1058 1114 1099 1135 τε
1130 1099 1222 1147 ἀνὴρ
1252 1099 1276 1144 ἥ
1306 1115 1346 1135 τε
1414 1101 1504 1145 Quia
1535 1100 1627 1135 enim
1656 1102 1909 1145 transegerunt
1935 1099 2076 1145 quidem
2105 1100 2198 1135 inter
2227 1099 2419 1135 alterutros
2449 1105 2486 1135 et

268 1147 500 1189 συνοικοῦσα,
536 1144 661 1180 παῖδες
697 1144 737 1179 δὲ
760 1143 880 1180 αὐτοῖς
915 1139 1008 1189 ἦσαν
1049 1148 1087 1180 ἐκ
1121 1148 1185 1181 τοῦ
1219 1146 1344 1194 γάμου,
1359 1149 1399 1181 20
1413 1147 1466 1181 vir
1489 1149 1525 1181 et
1546 1155 1654 1189 uxor,
1676 1146 1739 1181 filii
1762 1148 1881 1180 autem
1904 1144 1955 1180 eis
1979 1148 2081 1180 erant
2099 1154 2144 1180 ex
2166 1143 2400 1186 matrimonio,
2423 1142 2483 1180 de-

269 1188 449 1236 περιεῖδον
487 1188 615 1224 αὐτοὺς
650 1191 685 1225 οἱ
721 1195 836 1238 γονεῖς
871 1190 1002 1238 ἄμφω,
1040 1195 1101 1225 καὶ
1136 1191 1346 1237 περιήεισαν
1414 1193 1608 1235 spexerunt
1623 1201 1684 1226 eos
1701 1191 1816 1233 ambo,
1837 1194 1872 1225 et
1891 1189 2090 1225 circuibant
2104 1189 2359 1225 mendicantes.
2397 1189 2484 1225 Pro-

269 1233 524 1282 έρανιζόμενοι.
573 1234 634 1270 διὰ
664 1238 772 1271 τοῦτο
807 1234 983 1280 ᾠήθημεν
1018 1228 1246 1283 σφοδροτέρᾷ)
1280 1239 1345 1281 μὲν
1414 1241 1536 1280 pterea
1563 1235 1797 1271 iudicavimus
1820 1234 2073 1271 vehementiori
2096 1234 2237 1280 quidem
2259 1235 2368 1278 forte,
2399 1244 2484 1270 con-

268 1282 354 1315 ἴσως
377 1283 631 1326 ἐπιστρέφοντι
655 1279 695 1314 δὲ
718 1281 807 1326 πρὸς
829 1282 871 1315 τὸ
897 1281 1013 1316 καλῶς
1036 1284 1118 1324 ἕχον
1142 1280 1348 1327 χρήσασθαι
1414 1281 1565 1316 vertenti
1595 1281 1748 1326 (autem)
1779 1280 1825 1315 ad
1852 1280 1978 1315 melius
2009 1289 2048 1315 se
2079 1279 2214 1315 habens
2243 1279 2298 1316 uti
2324 1279 2423 1324 lege,
2445 1284 2487 1315 ut

268 1324 392 1370 νόμῳ,
424 1326 483 1360 ἵνα
507 1324 578 1359 δέει
599 1328 688 1372 γοῦν
710 1329 789 1360 τῶν
812 1328 954 1361 ποινῶν
978 1327 1194 1361 παύσωνται
1223 1325 1246 1370 ἢ
1269 1340 1347 1372 κερ·
1415 1327 1540 1361 timore
1579 1326 1716 1361 scilicet
1752 1335 1948 1371 poenarum
1982 1325 2169 1370 quiescant
2206 1327 2270 1360 aut
2305 1324 2484 1361 lucrorum

270 1370 346 1405 δῶν
369 1372 490 1405 ἕνεκεν
521 1368 660 1405 ἀδίκων
690 1372 736 1405 τοὶ
758 1375 962 1406 συνοικέσια
985 1370 1211 1407 διασπῶντες
1243 1370 1266 1415 ἢ
1289 1375 1349 1405 καὶ
1362 1375 1403 1407 25
1417 1381 1527 1406 causa
1559 1370 1771 1407 iniustorum
1804 1370 2030 1405 matrimonia
2060 1369 2255 1405 dilacerare
2285 1372 2350 1405 aut
2378 1369 2485 1405 etiam

268 1418 289 1452 1
335 1417 414 1450 τῶν
438 1414 544 1450 ἰδίων
574 1413 785 1460 ἀμελοῦντες
815 1416 968 1452 παίδων.
1059 1418 1091 1450 εἰ
1114 1417 1182 1462 γὰρ
1212 1413 1305 1451 ὅλως
1327 1414 1350 1459 ἢ
1415 1418 1437 1452 1
1482 1416 1647 1461 proprios
1677 1417 1862 1460 neglegere
1885 1415 1988 1450 filios.
2058 1414 2098 1450 Si
2127 1414 2219 1450 enim
2249 1414 2392 1450 omnino
2422 1417 2487 1450 aut
2550 1432 2551 1442 1

269 1461 361 1495 κατὰ
397 1459 561 1495 διάλυσιν
597 1460 619 1504 ἢ
655 1461 747 1495 κατὰ
779 1461 920 1508 τρόπον
955 1461 1065 1496 ἄλλον
1101 1461 1348 1505 διασπασθείη
1416 1471 1480 1506 per
1508 1461 1787 1497 transactionem
1819 1463 1884 1496 aut
1904 1469 1969 1505 per
1997 1460 2142 1496 modum
2170 1459 2278 1495 alium
2303 1461 2487 1506 separetur

269 1509 503 1549 συνοικέσιον,
531 1507 563 1540 εἰ
592 1508 659 1548 μὲν
689 1505 837 1550 μηδένες
866 1510 936 1541 ω’σι
967 1506 1106 1548 παῖδες,
1182 1510 1275 1542 νέτω
1300 1507 1348 1541 τὰ
1415 1506 1691 1548 matrimonium,
1714 1506 1746 1541 si
1761 1505 1901 1551 quidem
1916 1515 1989 1540 non
2007 1504 2078 1540 sint
2092 1504 2168 1546 filii,
2184 1512 2352 1540 maneant
2365 1504 2487 1550 priora

270 1551 480 1606 ἔμπροσθεν
516 1553 577 1586 ἐπὶ
612 1553 674 1595 τῆς
708 1553 849 1586 ἑαυτῶν
883 1551 1034 1592 τάξεως·
1071 1553 1102 1586 εἰ
1157 1554 1174 1586 ἑ
1203 1550 1348 1587 παίδων
1416 1552 1453 1586 in
1478 1562 1542 1586 suo
1567 1551 1710 1594 ordine;
1740 1551 1771 1586 si
1793 1561 1875 1586 vero
1899 1549 1981 1585 filiis
2005 1549 2237 1585 existentibus
2259 1549 2326 1585 fiat
2346 1549 2428 1594 hoc,
2449 1553 2488 1586 et

269 1596 446 1631 υπόντων
475 1599 615 1643 γένοιτο
646 1599 770 1637 τοῦτο,
803 1600 861 1631 καὶ
892 1596 983 1640 μηδὲ
1012 1597 1095 1631 τοὺς
1118 1595 1249 1632 παῖδας
1272 1599 1347 1642 ἐρυ-
1361 1600 1402 1632 30
1416 1606 1530 1641 neque
1568 1595 1661 1631 filios
1697 1596 1948 1632 erubescentes
1983 1594 2070 1630 dent
2104 1597 2225 1630 tamen
2262 1596 2487 1631 occasionem

269 1642 450 1686 θριιῦντες
485 1639 581 1675 δοῖεν
615 1638 713 1684 ὅμως
747 1640 915 1688 ἀφορμὴν
950 1644 1110 1676 ἑκουσίας
1153 1641 1349 1677 διαλύσεως
1416 1645 1635 1686 spontaneae
1669 1641 1921 1676 transactionis
1951 1642 1988 1675 et
2017 1649 2082 1684 per
2113 1650 2328 1675 consensum
2356 1640 2486 1682 factae,

269 1690 329 1721 καὶ
352 1686 444 1720 κατὰ
470 1690 677 1720 συναίνεσιν
699 1691 902 1733 γινομένης,
927 1685 949 1729 ἢ
969 1690 1029 1721 καὶ
1052 1685 1218 1722 ἀκουσίου
1241 1687 1348 1730 τυχὸν
1415 1690 1480 1721 aut
1508 1687 1614 1721 etiam
1645 1686 1774 1721 invitae
1803 1686 1927 1722 forsan
1957 1685 2154 1730 [peccante]
2189 1687 2254 1720 aut
2282 1684 2358 1722 viro
2389 1694 2485 1726 com-

269 1728 291 1775 ἣ
314 1733 378 1766 τοῦ
403 1729 534 1776 ἀνδρὸς
557 1735 779 1766 πταίσαντος
802 1732 887 1772 ἄξια
909 1733 972 1787 τῇς
995 1729 1175 1767 ἀπωλείας
1197 1733 1261 1775 τῆς
1276 1732 1347 1777 πρὸ
1415 1731 1576 1767 mittente
1615 1731 1721 1774 digna
1757 1731 1947 1766 amissione
1988 1729 2243 1775 antenuptialis
2283 1729 2487 1766 donationis

269 1776 384 1824 γάμου
418 1775 553 1822 δωρεᾶς
586 1773 609 1819 ἢ
642 1778 702 1820 τῆς
728 1777 896 1823 γυναικὸς
925 1777 1008 1818 αξια
1041 1779 1104 1821 τῆς
1135 1776 1348 1813 ἐκπτώσεως
1415 1780 1478 1812 aut
1497 1776 1642 1812 muliere
1667 1777 1773 1820 digna
1795 1786 1882 1811 casu
1905 1774 2009 1818 dotis,
2031 1786 2056 1810 n
2101 1785 2148 1809 ue
2167 1774 2353 1811 virdotem
2370 1775 2487 1811 lucre-
2538 1812 2543 1816 .

268 1823 332 1866 τῆς
368 1821 531 1869 προικός,
565 1821 655 1866 μήτε
689 1820 708 1855 ὁ
741 1819 832 1868 ἀνὴρ
867 1821 935 1865 τὴν
965 1826 1097 1867 προῖκα
1130 1822 1347 1868 κερδαινέτω
1361 1824 1403 1858 35
1416 1824 1476 1857 tur
1497 1831 1612 1866 neque
1627 1821 1753 1857 mulier
1773 1819 2051 1866 antenuptialem
2098 1819 2320 1863 onationem,
2345 1820 2408 1856 sed
2431 1829 2486 1856 re-
2552 1860 2560 1868 ‚k

268 1868 359 1911 μήτε
377 1865 400 1909 ἡ
429 1867 519 1913 γυνὴ
549 1866 618 1910 ’τὴν
647 1871 893 1913 προγαμιαίαν
922 1865 1075 1912 δωρεάν,
1109 1865 1193 1902 ἀλλ’
1220 1865 1350 1901 αὐτίκα
1441 1870 1523 1902 ente
1558 1877 1653 1901 casu
1673 1866 1889 1911 procedente
1923 1868 1988 1900 aut
2015 1864 2110 1900 dotis
2139 1867 2203 1900 aut
2233 1865 2487 1911 antenuptialis

268 1913 332 1955 τῆς
355 1910 569 1947 ἐκπτώσεως
591 1915 778 1958 γινομένης
807 1910 823 1922 “
845 1915 909 1956 τῆς
923 1913 1069 1958 προικὸς
1090 1911 1112 1956 ἢ
1135 1914 1198 1956 τῆς
1213 1925 1347 1959 προγα-
1415 1878 1616 1947 30118131ουί8
1650 1910 1880 1957 proprietatis
1911 1910 2050 1946 lucrum
2083 1919 2166 1945 mox
2201 1909 2249 1945 ad
2281 1919 2486 1946 communes

268 1960 389 2002 μιαίας
412 1955 549 2003 δωρεᾶς
579 1957 622 1990 τὸ
649 1959 709 1991 ἐπὶ
731 1958 776 2004 τῇ
799 1926 994 1992 δεσποτεία
1017 1956 1138 2003 κέρδος
1160 1957 1271 1992 εὐθὺς
1299 1958 1347 1991 εἰς
1413 1957 1533 1992 veniat
1555 1956 1647 1992 filios
1670 1959 1707 1991 et
1729 1966 1850 1992 eorum
1872 1955 1952 1998 fiat,
1977 1964 2047 1990 usu
2069 1955 2147 1991 solo
2170 1954 2267 2000 apud
2288 1955 2486 2001 transigen-

268 2002 348 2036 τοὺς
361 2003 503 2036 κοινοὺς
525 2001 690 2046 ἐρχέσθω
713 2000 845 2036 παῖδας
867 2005 927 2035 καὶ
948 1992 1071 2036 αῧτῶν
1085 2003 1261 2049 γινέσθω,
1283 2004 1346 2046 τῆς
1782 2027 1785 2029 -

269 2046 425 2094 χρήσεως
458 2046 570 2091 μόνης
611 2047 708 2092 παρὰ
746 2050 819 2081 τοῖς
852 2046 1112 2091 διαλελυμένως
1149 2048 1341 2092 μενούσης·
1359 2049 1401 2081 40

268 2126 410 2160 sancita
432 2130 517 2160 sunt
540 2126 578 2160 in
599 2135 667 2160 suo
691 2124 818 2160 ordine
841 2126 1103 2161 custodiantur.
1150 2127 1267 2170 Atque
1290 2123 1359 2159 hoc
1381 2124 1501 2160 valeat
1522 2124 1561 2158 in
1581 2123 1761 2169 coniuqiis
1783 2134 1876 2170 quae
1899 2124 2149 2169 qualicumque
2171 2122 2278 2158 modo
2300 2121 2490 2159 solvantur

269 2182 319 2206 ex
350 2169 526 2205 hodierna
558 2169 616 2205 die
645 2173 681 2205 et
710 2170 749 2204 in
779 2181 883 2206 omne
911 2171 1079 2215 futurum
1111 2174 1266 2216 tempus,
1292 2173 1486 2215 praeterea
1517 2169 1556 2203 in
1584 2169 1763 2214 coniuqiis
1785 2179 1878 2214 quae
1906 2170 1978 2203 iam
2000 2167 2122 2203 soluta
2145 2167 2288 2214 quidem
2309 2171 2394 2203 sumt
2413 2167 2489 2204 sivo

269 2220 384 2251 morte
406 2217 480 2251 sive
504 2215 579 2250 alio
605 2215 858 2266 qualicumque
881 2215 1000 2257 modo,
1023 2214 1142 2250 adhuc
1164 2220 1282 2250 autem
1306 2217 1343 2248 in
1362 2224 1537 2260 suspenso
1559 2218 1643 2248 sunt
1666 2224 1709 2249 eo
1733 2213 1832 2259 quod
1853 2224 1947 2249 unus
1970 2212 2111 2259 quidem
2133 2216 2316 2259 superstes
2337 2215 2399 2248 est.
2447 2211 2489 2248 St

269 2261 363 2296 enim
393 2261 498 2296 ambo
529 2260 601 2294 iam
632 2260 795 2306 defuncti
819 2266 923 2302 sunt,
954 2260 994 2295 id
1015 2260 1206 2296 heredibus
1228 2270 1302 2294 non
1325 2258 1470 2299 damus,
1493 2258 1559 2293 sed
1579 2262 1705 2305 utpote
1726 2258 1835 2294 semel
1856 2258 2130 2293 determinatum
2152 2257 2330 2293 veteribus
2352 2256 2490 2303 lcqibue
2543 2284 2549 2290 .

269 2306 513 2351 relinquimus.
565 2304 665 2340 Illud
690 2310 808 2340 tamen
840 2311 974 2340 certum
998 2310 1070 2348 est,
1105 2316 1184 2341 cum
1208 2305 1274 2340 illa
1297 2303 1406 2339 semel
1435 2303 1627 2339 liberorum
1647 2304 1753 2348 facta
1775 2303 1849 2338 sint
1877 2307 1914 2339 et
1936 2303 1999 2338 lea:
2022 2302 2216 2338 dominium
2240 2302 2286 2338 iis
2307 2301 2487 2346 dotata-tt,

242 2358 246 2364 ·
272 2355 356 2386 tunc
405 2362 473 2386 uae
495 2350 544 2385 ad
558 2350 801 2386 successiones
820 2354 1028 2396 ceterasque
1048 2350 1270 2387 accessiones
1282 2350 1471 2396 pertinent
1493 2349 1545 2384 ita
1566 2348 1612 2384 de
1633 2349 1678 2383 iis
1698 2348 1849 2394 futuras
1868 2358 1956 2391 esse,
1976 2346 2274 2394 quemadmodum
2292 2346 2337 2383 de
2347 2347 2489 2394 priori-

270 2395 337 2431 bus
360 2396 385 2431 li
409 2396 481 2431 eris
504 2396 681 2430 sancitum
705 2400 776 2438 est,
809 2396 870 2441 qui
887 2399 1044 2442 propter
1066 2395 1242 2431 secundas
1264 2394 1413 2440 nuptias
1433 2398 1626 2440 parentum
1649 2393 1790 2428 lucrum
1813 2392 1963 2439 aliquod
1984 2404 2007 2428 a
2030 2392 2063 2428 le
2089 2391 2168 2428 ibus
2190 2391 2372 2428 consecuti
2391 2395 2489 2429 sunt.

405 2441 452 2476 11.
509 2440 641 2475 Verum
675 2440 765 2475 illud
794 2452 939 2486 quoque
969 2440 1068 2486 quod
1096 2452 1146 2476 ex
1176 2441 1238 2475 lite
1260 2439 1418 2486 quadam
1442 2439 1491 2474 ad
1513 2449 1582 2474 nos
1604 2437 1762 2474 delatum
1785 2442 1856 2480 est,
1888 2437 1939 2483 ad
1959 2438 1992 2473 le
2018 2438 2049 2473 is
2064 2438 2218 2473 ationem
2240 2436 2490 2489 adducendum

270 2496 348 2521 esse
377 2486 672 2521 existimavimus.
720 2484 898 2528 Quoniam
928 2488 1022 2521 enim
1050 2485 1243 2522 divortium
1271 2485 1440 2530 fecerunt
1470 2484 1565 2519 inter
1595 2494 1634 2518 se
1664 2484 1721 2519 vir
1750 2486 1787 2517 et
1813 2493 1924 2526 uxor,
1954 2483 1983 2518 li
2004 2483 2058 2518 eri
2088 2487 2206 2518 autem
2234 2486 2341 2518 erant
2365 2481 2412 2516 iss
2439 2491 2491 2519 ecc

272 2531 515 2573 matrimonio,
540 2530 782 2576 neqlexerunt
804 2541 867 2566 eos
890 2530 994 2566 ambo
1013 2535 1200 2577 parentes,
1225 2535 1333 2576 atque
1354 2529 1410 2564 illi
1430 2528 1672 2564 mendicantes
1695 2528 1938 2564 circumibant.
1984 2526 2188 2574 Propterea
2212 2526 2291 2574 leqe
2310 2526 2490 2564 severiore

272 2575 414 2621 quidem
443 2576 624 2620 fortasse,
654 2575 719 2610 sed
749 2586 843 2620 quae
872 2580 1009 2621 spectet
1033 2575 1082 2610 ad
1104 2575 1143 2610 id
1165 2575 1263 2621 quod
1283 2576 1469 2610 honestum
1491 2578 1560 2616 est,
1589 2573 1761 2609 utendum
1782 2583 1859 2609 esse
1880 2572 2182 2615 existimavimus,
2212 2578 2254 2608 ut
2275 2575 2372 2608 certe
2394 2575 2490 2609 mm
2522 2586 2526 2587 ⁷

270 2631 471 2666 poenarum
495 2620 661 2655 desinant
692 2620 749 2655 vel
776 2620 992 2655 iniustorum
1024 2621 1206 2656 lucrorum
1229 2630 1340 2655 causa
1362 2619 1592 2654 matrimonia
1615 2617 1817 2654 distrahere
1847 2618 1904 2654 vel
1924 2618 2031 2653 etiam
2047 2617 2226 2670 proprios
2249 2616 2382 2669 liberos
2403 2627 2491 2664 neq·

271 2666 293 2700 1
339 2665 467 2710 leqere.
560 2663 605 2700 Si
631 2665 725 2699 enim
756 2666 899 2700 omnino
931 2665 987 2701 vel
1015 2665 1170 2701 divortio
1202 2665 1258 2701 vel
1283 2665 1356 2700 alio
1380 2663 1485 2699 modo
1515 2664 1720 2709 coniuqium
1744 2663 1981 2706 distrahatur,
2009 2663 2045 2698 si
2065 2662 2207 2708 quidem
2229 2661 2319 2698 nulla
2335 2666 2489 2710 praesto
2518 2684 2527 2702 ν,

272 2710 345 2744 sint
375 2710 496 2751 liberi,
519 2710 655 2756 priora
684 2710 722 2743 in
752 2720 820 2744 suo
854 2710 980 2745 ordine
1003 2715 1195 2751 maneant;
1225 2710 1281 2744 sin
1305 2708 1484 2744 autemid
1507 2708 1629 2744 liberis
1651 2709 1861 2744 extantibus
1880 2708 1966 2753 fiat,
1997 2717 2042 2742 ac
2064 2717 2110 2743 ne
2132 2706 2325 2743 liberorum
2347 2705 2490 2759 quidem

266 2754 412 2801 pudore
428 2754 551 2789 habito
570 2759 686 2789 tamen
704 2754 927 2790 occasionem
941 2759 1128 2801 praestent
1143 2754 1390 2790 dissolutionis
1405 2753 1590 2789 voluntate
1604 2757 1640 2788 et
1654 2763 1828 2789 consensu
1865 2756 1979 2795 actae,
1996 2751 2053 2788 vel
2061 2752 2166 2787 etiam
2178 2762 2252 2788 non
2262 2751 2491 2788 voluntas-uae

271 2800 384 2845 sorte,
416 2799 489 2833 sive
512 2799 569 2833 vir
592 2810 686 2844 quae
705 2798 817 2844 diqna
839 2805 924 2835 sunt
946 2800 1139 2835 amissione
1159 2800 1365 2834 donationis
1388 2802 1473 2834 ante
1495 2798 1642 2844 nuptias
1671 2798 1745 2834 sive
1766 2809 1826 2833 mu
1842 2798 1895 2833 ier
1927 2808 2020 2843 quae
2043 2796 2236 2833 amissione
2261 2795 2359 2832 dotis
2377 2796 2416 2831 di

272 2848 359 2880 sunt
381 2843 607 2886 commiserit,
631 2853 718 2878 neve
733 2844 788 2879 vir
804 2843 923 2879 dotem
947 2855 1033 2880 neve
1055 2844 1183 2879 mulier
1205 2844 1436 2879 donationem
1460 2846 1543 2878 ante
1565 2843 1714 2890 nuptias
1737 2842 1907 2885 lucretur,
1930 2842 1996 2878 sed
2015 2842 2135 2878 statim
2158 2841 2291 2877 amissa
2311 2840 2386 2878 sive
2456 2845 2492 2878 to
2514 2882 2519 2883 ⁷

273 2890 347 2925 sive
369 2888 565 2924 donatione
589 2892 671 2922 ante
695 2889 843 2933 nuptias
866 2889 1004 2923 lucrum
1021 2889 1264 2935 proprietatis
1280 2888 1453 2936 protinus
1475 2887 1525 2924 ad
1544 2898 1748 2923 communes
1770 2887 1902 2923 liberos
1927 2887 2049 2922 veniat
2071 2891 2106 2922 et
2127 2896 2252 2922 eorum
2269 2885 2358 2932 fiat,
2389 2884 2492 2923 solue
2509 2920 2521 2934 Α,

322 2981 341 3013 4
364 2981 423 3011 καὶ
447 2979 507 3012 ἐπὶ
530 2979 607 3010 τῶν
629 2979 718 3011 malit
731 2978 918 3011 Zachariae
931 2981 985 3021 (cs.
1001 2982 1032 3020 ς)
1050 2977 1062 3014 ΙΙ
1079 2981 1098 3012 5
1118 2982 1350 3011 συνοικεσίων
1417 2978 1454 3010 in
1479 2977 1553 3009 aliis
1581 2975 1638 3019 ΤΙΙ
1654 2976 1753 3009 sicuti
1780 2976 1837 3020 Tss
1866 2978 1906 3010 13
1929 2976 2120 3019 parentium
2143 2974 2405 3019 RT¹11uerum
2427 2974 2490 3009 nli-

274 3038 333 3059 0m.
349 3036 368 3060 ς
383 3024 395 3067 ΙΙ
414 3025 435 3057 6
459 3022 511 3055 ἔτι
537 3023 701 3065 Scrimqer
725 3035 763 3055 ex
786 3025 815 3063 ς]
840 3023 909 3055 ε’ύτε
931 3023 972 3056 Μ
985 3023 997 3066 ΙΙ
1023 3019 1245 3066 ἠρτημένων]
1270 3034 1349 3066 pen·
1418 3022 1499 3064 quid
1513 3022 1545 3055 T
1556 3021 1649 3054 lucro
1661 3020 1775 3062 aliquo
1792 3021 1846 3063 Vll
1867 3023 1906 3055 17
1917 3023 2003 3054 rubr.
2016 3020 2066 3052 De
2078 3018 2206 3052 alendis
2216 3019 2331 3053 liberis
2341 3019 2490 3063 (filiisR)

274 3070 372 3103 dente
395 3070 429 3110 (i.
445 3082 470 3101 e.
491 3063 726 3112 ἧρτημένονῗ)
751 3080 770 3103 ς
788 3069 800 3111 ΙΙ
818 3069 836 3101 8
861 3070 1137 3113 πεπερασμένην
1151 3070 1189 3100 M
1206 3068 1218 3110 ΙΙ
1238 3071 1278 3102 10
1302 3065 1351 3101 εὖς
1417 3078 1437 3099 a
1459 3065 1654 3110 parentibus
1678 3066 1747 3099 ΒΤ
1765 3067 1798 3098 in
1821 3078 1925 3110 mar-9.
1950 3066 2003 3106 (ex
2024 3065 2102 3105 Iul.)
2125 3063 2138 3108 11
2165 3064 2362 3098 denuntiata
2385 3065 2489 3099 Ham·

274 3111 425 3148 ἐπειδὰν
448 3111 535 3154 κτλ]
570 3113 653 3145 Cum
678 3115 786 3144 autem
813 3113 996 3145 dominium
1027 3123 1138 3145 rerum
1169 3112 1349 3146 liberorum
1420 3112 1596 3155 buryensis]
1632 3110 1863 3143 denuntiatum
1887 3111 1978 3149 libri,
2005 3110 2091 3153 only.
2121 3109 2134 3152 ΙΙ
2162 3109 2269 3151 nobis]
2305 3109 2355 3143 bis
2387 3108 2515 3149 V‘R'

275 3170 341 3193 esse
366 3158 528 3202 coeperit,
563 3158 658 3190 sive
689 3157 736 3190 ad
760 3157 964 3190 secundas
994 3157 1247 3198 migraverit
1270 3168 1348 3190 nu·
1419 3169 1476 3189 om.
1491 3155 1540 3190 Β*
1556 3155 1569 3198 ΙΙ
1590 3156 1630 3189 19
1655 3155 1878 3187 transeierunt
1898 3155 1932 3188 V
1956 3155 2185 3196 transigerunt
2206 3153 2254 3187 T²
2287 3154 2517 3191 transierunt!

274 3206 389 3249 ptias
420 3204 509 3237 sive
534 3213 634 3244 non,
669 3212 706 3235 ea
729 3202 804 3234 iura
827 3202 937 3234 locum
961 3202 1081 3235 habere
1104 3203 1167 3235 Iul.
1197 3202 1209 3245 ΙΙ
1240 3204 1279 3236 13
1302 3199 1350 3235 ais
1420 3199 1571 3234 RV²T²
1595 3199 1608 3242 ΙΙ
1636 3201 1678 3233 20
1702 3198 1780 3231 filiis
1801 3199 1854 3231 V‘*
1878 3198 1890 3242 ΙΙ
1913 3198 2127 3242 dispexerunt
2151 3199 2182 3232 R
2217 3201 2251 3232 et
2272 3198 2506 3243 despexerunt?

274 3252 334 3284 ἐπὶ
349 3251 407 3291 M]
432 3249 519 3281 sieut
544 3251 576 3280 et
599 3249 635 3280 in
658 3249 692 3287 (ι’.
710 3261 734 3280 e.
759 3243 807 3279 οἱς
830 3249 890 3279 καὶ
913 3248 984 3288 ἐπὶ]
1010 3259 1028 3283 ς
1051 3247 1063 3290 ΙΙ
1092 3249 1130 3280 21
1158 3243 1349 3292 περιεῖδον]
1418 3245 1514 3287 (disp.
1536 3244 1596 3286 V1)
1620 3243 1678 3288 Vn
1695 3245 1734 3277 21
1762 3244 2003 3284 mendicantes
2018 3245 2050 3277 T
2063 3245 2076 3286 l!
2092 3245 2134 3277 22
2158 3243 2375 3278 conuertendi
2392 3242 2512 3278 R⁸Vtr=

277 3298 336 3337 leq.
350 3293 444 3338 <καὶ>
457 3294 507 3327 vel
517 3292 628 3337 (εἶτα)
640 3290 844 3336 περιεῖδονῗ
858 3294 912 3336 (qs,
928 3294 973 3325 ad
984 3294 1014 3334 ς)
1031 3292 1044 3334 ΙΙ
1061 3290 1097 3324 οἱ
1109 3294 1222 3337 γονεῖς
1235 3305 1292 3326 om.
1309 3294 1350 3336 ςΙΙ
1418 3290 1473 3323 sed
1495 3291 1707 3322 convertente
1730 3290 1832 3340 vulga
1867 3293 1977 3322 autem
2000 3290 2117 3322 addidi
2184 3290 2225 3323 23
2251 3289 2293 3323 ad
2316 3302 2375 3323 om.
2395 3289 2448 3323 V·

275 3333 315 3374 31
341 3337 432 3383 ὁμοῦ
457 3341 537 3373 coni.
563 3338 750 3371 Zachariae
772 3339 841 3371 sine
864 3350 963 3371 causa
1419 3336 1461 3368 25
1479 3334 1664 3367 delacerare
1678 3334 1737 3375 R¹,
1761 3333 1936 3367 dilaoelare
1956 3333 2006 3367 V²
2018 3335 2049 3367 in
2064 3347 2130 3367 ras.
2147 3335 2152 3377 Ι
2179 3336 2219 3368 27
2236 3334 2380 3368 medium
2400 3332 2454 3367 V⁸

1417 3380 1509 3413 aliud
1534 3379 1626 3412 R¹V
1645 3378 1658 3422 ΙΙ
1693 3381 1863 3422 reparetur
1893 3378 1939 3413 Τι
1982 3381 2191 3423 repararetur
2213 3379 2306 3413 R'V
2329 3378 2344 3423 Ι
2380 3379 2423 3413 30
2445 3376 2491 3412 tini
2516 3412 2519 3413 γ

1420 3424 1502 3458 RT¹
1522 3426 1533 3466 ΙΙ
1549 3424 1733 3457 occasiones
1754 3423 1834 3467 T¹fl
1862 3425 1901 3458 31
1928 3429 2127 3467 spontaneae
2146 3425 2250 3466 Beck]
2274 3425 2491 3467 spontaneum

322 3486 339 3519 1
356 3485 469 3516 saneta
490 3483 546 3527 νη
562 3483 676 3528 serldis
695 3482 749 3526 Vn
769 3486 789 3518 2
806 3484 842 3516 in
859 3481 1231 3525 V³10m.RV¹Tvu29.
1251 3481 1298 3525 113
1316 3486 1350 3514 et
1416 3471 1626 3521 (spontaneas
1651 3468 1715 3511 ΤΞ)
1739 3471 1772 3502 et
1796 3469 1872 3502 libri
1894 3469 1907 3513 ΙΙ
1936 3480 2066 3523 εθυεξιπι
2093 3470 2142 3502 1³⁰
2164 3469 2176 3512 ΙΙ
2205 3470 2248 3504 32
2270 3471 2382 3502 autem
2409 3465 2489 3510 1⁹⁸!

275 3530 310 3561 in
331 3529 384 3561 his
403 3530 463 3570 T¹]
489 3542 545 3562 om.
559 3528 683 3562 RVP
701 3529 713 3570 n
729 3531 749 3563 4
773 3529 917 3572 quidem]
941 3527 1048 3560 solute
1072 3528 1150 3559 sunt
1173 3527 1249 3559 add.
1263 3527 1315 3560 Ra
1336 3528 1342 3572 Ι
1416 3518 1506 3547 ustae
1529 3515 1579 3547 V‘
1597 3514 1609 3557 u
1627 3516 1783 3568 peccante
1803 3514 1951 3558 Πρῖσκε·
1967 3515 2041 3548 Tm
2054 3517 2130 3566 ma?
2147 3515 2231 3569 vulo·
2254 3515 2388 3556 petente
2405 3510 2485 3564 {³²¹⁸

277 3577 296 3608 5
320 3574 386 3606 ano
411 3574 559 3615 quolibet
584 3574 639 3618 Tu
658 3577 768 3607 autem
791 3587 849 3608 om.
872 3572 952 3606 νβ’
969 3573 981 3616 η
999 3571 1219 3615 pendentibus
1232 3528 1349 3615 necti}
1414 3561 1572 3603 alonem
1595 3561 1709 3611 seflwft
1725 3558 1738 3604 ΙΙ
1755 3561 1864 3610 auten}
1887 3559 2002 3611 1³²‚Vll
2028 3560 2070 3593 33
2093 3559 2192 3601 ‘hem
2219 3558 2271 3592 T·
2286 3558 2299 3601 l
2315 3564 2486 3609 ⁰⁰⁰⁸⁸¹⁰3¹⁶

276 3620 297 3651 6
321 3630 417 3661 super
442 3622 540 3652 testes
563 3620 597 3652 R
624 3619 636 3662 ΙΙ
667 3622 684 3652 7
709 3619 885 3653 heredibus
907 3618 970 3650 hoe
993 3618 1025 3650 R
1054 3619 1066 3659 ΙΙ
1094 3618 1113 3651 8
1138 3619 1261 3650 certum
1287 3619 1346 3658 est]
1416 3605 1467 3638 Τ,
1489 3604 1502 3648 ¹l
1528 3604 1727 3647 donatlom¹³]
1750 3606 1963 3648 propnetam
1987 3605 2115 3637 lucrum
2140 3604 2217 3637 “dd-
2241 3602 2294 3636 13⁶
2314 3603 2328 3647 fl
2353 3603 2398 3637 34
2420 3600 2487 3643 m}
2520 3611 2523 3617 ⁴

277 3663 351 3696 thu
376 3670 425 3695 mc·
451 3664 482 3695 R
499 3663 511 3706 11
530 3666 550 3698 9
574 3664 675 3697 suerit
696 3664 754 3708 Vn
769 3667 803 3698 et
826 3662 945 3699 om.R¹
961 3664 973 3705 ΙΙ
999 3665 1040 3696 10
1065 3663 1135 3695 eius
1158 3661 1238 3705 T¹u
1259 3664 1293 3696 11
1315 3667 1348 3695 et
1413 3650 1436 3695 ii
1461 3660 1558 3704 RVu
1574 3659 1725 3695 lucratur
1750 3659 1808 3704 ΤΙΙ
1832 3661 1875 3694 38
1900 3660 2038 3694 ueniant
2062 3659 2362 3702 Tfltransegente·
2386 3657 2422 3691 V
