2476 3854
93 101 202 144 Nov.
233 100 456 144 CXXVIII
488 102 653 142 19—-21
1164 94 1249 142 644

94 213 370 257 στρατιωτικῶν
399 208 683 255 δαπανημάτων.
730 209 762 242 εἰ
792 206 835 243 δέ
863 221 898 242 τι
930 209 1030 252 παρὰ
1059 210 1177 244 ταῦτα

93 255 378 302 πλημμεληθείη,
407 254 426 290 ὁ
451 257 518 300 μὲν
541 253 793 300 τοποτηρητὴν
816 254 944 288 ἑαυτοῦ
969 250 1121 298 ποιήσας
1141 253 1172 289 λ’

93 301 228 348 λιτρῶν
249 306 393 349 χρυσίου
416 300 547 343 ποινὴν
568 298 883 344 εἰςπραχθήσεται,
908 295 1176 334 ἄποκαθιστῶν

93 351 153 381 καὶ
185 348 307 382 πᾶσαν
335 345 505 389 δαπάνην
533 342 558 388 ἢ
588 346 720 398 ζημίαν
750 341 797 388 ἣν
820 340 868 378 ἄν
900 341 960 378 διὰ
991 345 1056 379 τοῦ
1082 342 1172 391 παρ’

1897 113 1959 144 DE
1987 111 2320 146 COLLATORIBUS

1243 208 1431 289 grovidere
1453 208 1664 246 militaribus
1687 210 1863 255 expensis.
1912 210 1950 247 Si
1971 211 2054 256 quid
2077 213 2197 247 autem
2219 213 2322 248 extra

1270 265 1333 290 aec
1358 254 1594 298 delinquatur,
1626 255 1686 300 qui
1710 255 1852 300 quidem
1874 254 1944 292 loci
1972 258 2186 292 servatorem
2217 266 2321 292 suum

1243 300 1339 343 fecit,
1363 299 1467 334 XXX
1485 300 1563 334 auri
1581 300 1752 336 librarum
1774 310 1927 345 poenam
1946 300 2107 345 exigitur,
2130 301 2321 337 restituens

1244 347 1279 380 et
1303 355 1407 380 omne
1432 345 1597 380 damnum
1628 346 1723 390 quod
1746 355 1812 391 per
1835 355 1916 381 eum
1946 345 2008 391 qui
2029 346 2075 381 ab
2100 355 2142 382 eo
2167 346 2322 382 directus

94 389 204 426 αὐτοῦ
235 391 425 426 σταλέντος
460 391 555 424 τινὲς
590 392 838 434 υπομείναιεν,
873 386 893 422 ὁ
927 386 967 423 δὲ
998 390 1176 436 γενέσθαι
1212 393 1230 426 5
1245 393 1298 425 est
1322 389 1430 442 aliqui
1461 389 1686 434 pertulerint,
1719 391 1780 443 qui
1802 401 1884 427 vero
1916 390 1994 426 fieri
2016 391 2256 444 praesumpsit
2285 394 2323 426 et

93 436 280 483 θαρρήσας
303 440 363 471 καὶ
387 436 450 479 τῆς
473 433 565 469 ἰδίας
588 431 696 478 ἀρχῆς
719 437 780 468 καὶ
803 433 962 475 ἐξουσίας
984 437 1045 469 καὶ
1069 447 1176 480 στρα-

93 486 188 517 τείας
212 479 486 526 ἐξαιρεθήσεται
510 483 570 515 καὶ
594 478 680 514 δέκα
703 483 847 524 χρυσίου
876 478 1012 524 λιτρῶν
1042 479 1176 524 ποινὴν

94 527 377 571 ζημιωθήσεται.

1245 445 1390 480 proprio
1415 434 1556 479 cingulo
1588 438 1624 471 et
1647 436 1817 481 dignitate
1849 438 1885 472 et
1906 435 2033 471 militia
2059 436 2256 481 privabitur
2287 437 2323 471 et

1246 480 1366 516 decem
1390 479 1471 515 auri
1492 480 1662 516 librarum
1685 491 1800 526 poena
1824 481 2044 517 multabitur.

1081 636 1238 674 CAPUT
1262 637 1343 672 XX.

149 702 346 757 Κωλύομεν
371 701 411 738 δὲ
434 704 522 750 πρὸς
545 703 684 739 τούτοις
715 706 775 738 καὶ
798 704 879 739 τοὺς
903 705 943 739 ἐν
965 707 1042 739 ταῖς
1066 705 1175 750 ἐπαρ-

1306 704 1540 741 Prohibemus
1570 705 1616 740 ad
1645 706 1734 742 haec
1771 711 1807 742 et
1838 707 1876 742 in
1907 705 2097 752 provinciis
2131 704 2323 741 existentes

91 754 182 793 χίαις
215 760 324 783 οντας
356 747 532 794 ἄρχοντας
566 748 769 784 πολιτικούς
799 762 839 784 τε
866 751 928 783 καὶ
960 760 1173 795 στρατιωτι-
1190 753 1230 786 10
1243 749 1378 786 iudices
1403 749 1523 786 civiles
1553 754 1589 786 et
1611 751 1781 787 militares
1810 751 1848 787 in
1872 751 2074 787 civitatibus
2106 753 2171 786 aut
2195 749 2322 785 castris

93 794 173 829 κοὺς
203 795 244 828 ἐν
271 797 349 828 ταῖς
373 793 525 830 πόλεσιν
555 793 637 838 ἦτοι
667 793 836 840 κάστροις
865 795 1113 840 τοποτηρητὰς
1136 797 1176 830 ἐν

91 842 169 884 ταῖς
200 840 568 874 καταπιστευθείσαις
599 837 718 875 αὐτοῖς
753 841 937 885 ἐπαρχίαις
971 844 1101 885 ποιεῖν,
1136 840 1175 882 ἐξ

91 885 133 919 οὗ
167 882 303 927 δηλαδὴ
338 885 386 919 εἰς
420 883 489 928 τὴν
521 887 697 931 ἐπαρχίαν
731 888 1012 931 παραγένωνται
1048 889 1107 920 καὶ
1136 887 1176 919 ἐν

92 926 169 973 ὅσῳ
203 931 242 963 ἐν
266 926 356 977 αὐτῇ
381 927 543 975 ἄρχουσι·
579 933 690 966 πέντε
720 934 864 977 χρυσίου
892 929 1026 975 λιτρῶν
1050 933 1176 973 ποινῆς

1243 795 1313 831 loci
1342 799 1542 832 servatores
1573 795 1610 831 in
1642 796 1838 832 commissis
1868 796 1938 832 sibi
1967 795 2159 842 provinciis
2189 794 2321 837 facere,

1244 850 1287 876 ex
1322 851 1392 885 quo
1427 840 1590 876 videlicet
1628 841 1667 877 in
1689 850 1692 853 ·
1700 841 1922 886 provinciam
1958 841 2175 877 accesserint
2216 843 2252 875 et
2285 840 2323 875 in

1245 889 1417 930 quantum
1448 886 1486 920 in
1510 896 1553 921 ea
1576 886 1840 930 administrant3
1900 886 2029 931 uinque
2052 885 2130 920 auri
2151 885 2323 921 librarum

1244 940 1362 975 poena
1385 931 1590 967 imminente
1612 933 1687 966 tam
1709 931 1854 967 facienti
1896 932 1952 967 oci
1976 934 2191 966 servatorem
2212 929 2324 966 iudici

93 977 315 1027 ἐπικειμένης
345 976 459 1028 τοῦτο
475 977 543 1020 μὲν
566 977 618 1019 τῷ
644 976 813 1012 ποιοῦντι
842 976 1092 1021 τοποτηρητὴν
1115 974 1174 1020 ἇρ-
1193 979 1232 1012 15
1245 986 1351 1029 quam
1381 976 1461 1011 fieri
1490 977 1743 1021 praesumenti.
1791 977 1993 1022 Antequam
2015 985 2097 1011 vero
2119 975 2158 1011 in
2180 974 2322 1020 provin-

92 1033 193 1062 χοντι
217 1032 325 1054 τουτο
347 1018 387 1054 δὲ
406 1034 458 1064 τῳ
483 1021 658 1067 γενέσθαι
689 1019 921 1066 τολμήσαντι.
969 1024 1057 1065 πρὶν
1078 1018 1117 1054 δὲ
1137 1023 1176 1055 ἐν

92 1068 169 1099 ταῖς
190 1066 375 1110 ἐπαρχίαις
394 1069 674 1113 παραγένωνται
694 1065 730 1100 οἱ
748 1065 927 1112 ἄρχοντες,
949 1064 1095 1111 δίδομεν
1112 1063 1175 1100 αὖ·

91 1113 165 1144 τοῖς
182 1108 308 1144 ἄδειαν
329 1111 578 1158 τοποτηρητάς
597 1112 738 1146 ἑαυτῶν
757 1110 1032 1157 προβάλλεσθαι
1051 1109 1177 1147 πάντα

93 1153 304 1207 ὀφείλοντας
320 1159 422 1202 μέχρι
438 1158 499 1199 τῆς
515 1153 639 1191 αὐτῶν
655 1160 850 1202 παρουσίας
866 1154 1174 1202 διαπράττεσθαι,

92 1198 200 1235 ἶιτινα
231 1199 406 1236 δύνανται
436 1201 472 1236 οἱ
495 1198 597 1236 αὐτοὶ
626 1200 795 1248 ἄρχοντες
824 1205 955 1244 ποιεῖν,
989 1200 1069 1244 δίχα
1132 1204 1140 1215 ’

92 1259 190 1293 ‘cotye
213 1245 362 1289 ἐσχάτης
393 1251 568 1303 τιμωρίας
598 1245 622 1291 ἧ
644 1246 770 1292 μέλους
795 1244 990 1290 ἀποκοπῆς.
1038 1244 1083 1281 ἀλ
1110 1245 1119 1258 ’
1145 1247 1176 1281 εἰ

92 1295 155 1325 καί
176 1302 229 1326 τις
253 1293 291 1325 ἐκ
321 1293 400 1326 τῶν
423 1293 613 1337 αρχόντων
635 1292 728 1327 κατὰ
750 1291 908 1327 κέλευσιν
932 1290 1106 1338 ἡμετέραν
1130 1293 1177 1327 εἰς

92 1335 207 1390 ᾀῖλλην
237 1338 415 1382 ἐπαρχίαν
439 1338 646 1385 ἐκπεμφθῇ,
685 1337 818 1379 ἐξέστω
852 1334 951 1381 αὐτῷ
983 1337 1077 1372 κατὰ
1109 1337 1178 1373 τὸν

93 1395 222 1426 ομοιον
247 1383 388 1428 τρόπον
418 1383 670 1429 τοποτηρητὴν
695 1384 822 1418 ἑαυτοῦ
846 1386 974 1418 ποιεῖν.

1246 1032 1309 1056 cus
1334 1021 1477 1056 veniant
1496 1021 1642 1064 iudices,
1667 1022 1792 1057 damus
1808 1022 1987 1057 licentiam
2002 1020 2054 1056 eis
2070 1019 2164 1056 vices
2179 1022 2324 1072 agentes

1245 1076 1330 1102 suos
1364 1066 1568 1110 instituere,
1606 1067 1666 1113 qui
1700 1067 1820 1103 omnia
1855 1067 2009 1103 debeant
2042 1074 2155 1110 usque
2189 1065 2237 1100 ad
2267 1074 2325 1100 sm

1245 1112 1482 1157 praesentiam
1510 1122 1616 1156 agere
1646 1122 1738 1158 quae
1767 1112 1905 1157 possint
1934 1111 2004 1157 ipsi
2033 1111 2166 1146 iudices
2190 1109 2324 1153 facere,

1246 1157 1336 1193 citra
1358 1161 1478 1193 tamen
1499 1157 1729 1193 novissimum
1759 1157 1974 1211 supplicIum
2006 1159 2070 1192 aut
2099 1155 2248 1191 membri
2269 1155 2324 1190 in-

1137 1215 1174 1237 ν-
1189 1205 1231 1238 20
1246 1202 1425 1238 cisionem.
1474 1203 1543 1238 Sed
1567 1206 1603 1238 et
1626 1202 1657 1239 si
1680 1203 1759 1248 quis
1776 1212 1820 1238 ex
1833 1202 2012 1238 iudicibus
2037 1200 2232 1237 secundum
2252 1200 2324 1235 ius-

1245 1247 1377 1283 sionem
1402 1250 1560 1283 nostram
1583 1249 1620 1282 in
1641 1249 1746 1283 aliam
1770 1248 1947 1293 regionem
1969 1247 2141 1286 mittatur,
2165 1245 2274 1281 liceat
2291 1243 2326 1280 ei

1244 1302 1309 1338 per
1332 1292 1482 1329 similem
1506 1293 1650 1329 modum
1673 1293 1744 1330 loci
1766 1297 1982 1330 servatorem
2005 1302 2108 1328 suum
2130 1289 2259 1327 facere.

1064 1495 1221 1532 CAPUT
1246 1496 1344 1533 XXI.

160 1559 362 1618 Κελεύομεν
397 1559 438 1596 δὲ
467 1562 607 1598 πάντας
641 1562 724 1598 τοὺς
756 1562 932 1609 ἄρχοντας
968 1564 1075 1598 τοῦτο
1110 1565 1177 1608 μὲν
1190 1567 1232 1601 25

93 1619 373 1653 στρατιωτικους
431 1608 515 1642 οῦτο
553 1606 593 1642 δὲ
626 1613 686 1643 καὶ
717 1608 922 1644 πολιτικοὺς
956 1604 1008 1642 δι’
1037 1609 1177 1644 ἑαυτῶν

93 1650 287 1695 ἀναζητεῖν
316 1652 398 1687 τοὺς
420 1651 585 1700 λῃστείας
614 1650 638 1698 ἢ
661 1658 743 1699 βίας
773 1652 796 1698 ἢ
820 1651 985 1700 ἁρπαγὰς
1012 1654 1176 1701 πραγμά-

91 1711 171 1733 των
204 1696 228 1741 ἢ
257 1698 441 1745 γυναικῶν
475 1695 499 1741 ἢ
532 1697 625 1733 ἄλλα
655 1696 853 1743 οἱαδήποτε
888 1696 1107 1744 ἆτοπήματα
1137 1701 1178 1734 έν

93 1747 170 1778 ταῖς
201 1744 387 1789 ἐπαρχίαις
422 1741 718 1788 πλημμελοῦντας
755 1747 815 1779 καὶ
849 1747 1023 1797 τιμωρίας
1058 1742 1178 1779 αὐτοῖς

1301 1565 1468 1602 Iubemus
1492 1567 1610 1601 autem
1634 1573 1756 1601 omnes
1775 1564 1912 1601 iudices
1936 1567 2010 1600 tam
2027 1564 2197 1600 militares
2220 1572 2327 1609 quam

1246 1610 1367 1646 civiles
1397 1620 1462 1656 per
1491 1620 1531 1646 se
1561 1610 1743 1656 requirere
1774 1620 1834 1646 eos
1866 1610 1927 1656 qui
1948 1609 2137 1645 latrocinia
2167 1611 2230 1644 aut
2251 1608 2325 1644 vio-

1246 1655 1375 1692 lentias
1407 1658 1470 1691 aut
1499 1656 1646 1700 rapinas
1676 1666 1796 1691 rerum
1827 1658 1891 1691 aut
1920 1655 2132 1691 feminarum
2163 1655 2227 1689 aut
2255 1653 2327 1689 alia

1246 1701 1425 1747 quaelibet
1454 1701 1591 1736 inlicita
1623 1701 1662 1736 in
1690 1700 1883 1746 provinciis
1917 1701 2142 1737 committunt
2176 1701 2213 1735 et
2241 1708 2326 1744 sup-

1246 1746 1357 1791 plicia
1390 1746 1443 1782 eis
1478 1746 1633 1790 legitima
1666 1746 1818 1787 inferre,
1860 1756 1976 1791 neque
2010 1756 2077 1791 pro
2112 1745 2168 1780 his
2207 1743 2327 1780 causis

93 1791 262 1833 νομίμους
286 1788 446 1835 ἐπάγειν,
470 1792 530 1822 καὶ
552 1788 643 1844 μηδξ
666 1786 755 1844 ὑπὲρ
778 1787 923 1825 τούτων
946 1802 1023 1824 των
1047 1790 1177 1825 αἰτιῶν
1191 1793 1232 1826 30
1245 1792 1409 1836 accipere
1443 1791 1575 1835 aliquid
1610 1791 1904 1827 consuetudinum
1939 1791 2097 1833 nomine,
2131 1793 2174 1826 ut
2204 1798 2326 1825 omnes

92 1833 310 1878 κομίζεσθαί
331 1847 367 1868 τι
391 1834 599 1876 συνηθειων
622 1848 795 1880 ονοματι,
825 1831 912 1869 dien
937 1835 1177 1878 πανταχόθεν

91 1879 176 1914 τοὺς
198 1876 387 1924 ἡμετέρους
410 1877 591 1915 ὑποτελεῖς
615 1877 784 1926 ἀβλαβεῖς
807 1879 1048 1927 φυλαχθῆναι.
1092 1877 1178 1916 οὗδὲ

91 1924 162 1971 γὰρ
178 1925 432 1971 συγχωροῦμεν
449 1922 654 1968 οἶῳδήποτε
676 1928 814 1970 μείζονι
838 1922 860 1969 ἢ
881 1924 1047 1960 ἐλάττονι
1069 1936 1176 1971 στρα·

91 1971 252 2014 τιωτικῷ
274 1967 494 2024 ἧζζπολιτικῶ
527 1968 675 2025 ἄρχοντι
706 1969 730 2014 ἢ
757 1968 1024 2025 λῃστοδιῶκτας
1053 1969 1077 2015 ἢ
1100 1974 1177 2015 βιο-

1244 1837 1401 1882 undique
1442 1836 1557 1872 nostri
1598 1836 1786 1872 collatores
1827 1836 1953 1872 inlaesi
1994 1838 2192 1871 serventur.
2244 1833 2327 1869 Non

1246 1882 1337 1917 enim
1373 1882 1610 1927 permittimus
1649 1882 1794 1917 cuilibet
1826 1881 1952 1917 maiori
1986 1884 2049 1916 ant
2079 1879 2206 1916 minori
2235 1878 2326 1914 mili-

1244 1928 1315 1962 tari
1347 1927 1455 1962 iudici
1490 1929 1553 1962 aut
1584 1927 1764 1963 latronum
1793 1927 2013 1962 insecutores
2049 1928 2114 1961 aut
2141 1924 2327 1962 violentia-

1245 1983 1323 2007 rum
1351 1972 1561 2007 inhibitores
1595 1976 1659 2007 aut
1690 1972 1853 2008 tribunos
1884 1982 1948 2017 pro
1980 1971 2112 2007 talibus
2144 1970 2263 2006 causis
2288 1969 2328 2005 in

92 2014 254 2049 κωλύτας
284 2029 307 2059 η
330 2019 540 2061 τριβουνους
563 2017 654 2062 νπὲρ
678 2017 756 2051 τῶν
780 2029 959 2051 τοιουτων
983 2015 1114 2050 αἰτιῶν
1137 2018 1177 2051 ἐν
1190 2019 1233 2055 35
1245 2017 1437 2063 provinciis
1467 2017 1650 2061 ordinare,
1686 2020 1750 2054 aut
1780 2017 1841 2062 qui
1872 2017 2025 2054 debeant
2055 2016 2193 2062 aliquos
2225 2023 2327 2050 exar-

92 2063 170 2095 ταῖς
188 2061 373 2107 ἐπαρχίαις
392 2059 686 2108 προβάλλεσθαι,
711 2060 735 2106 ἢ
750 2061 831 2097 τοὺς
849 2058 1061 2107 ὀφείλοντάς
1076 2072 1178 2097 τινας

161 2165 187 2186 c.
206 2152 305 2186 XXI
320 2159 447 2196 partem
470 2150 686 2196 (Κελεύομεν
710 2151 850 2186 πάντας
869 2171 910 2176 --
929 2159 964 2186 32
982 2147 1153 2197 ἀβλαβεῖς
1176 2150 1431 2199 φυλάττεσθαι
1456 2161 1485 2187 et
1508 2154 1585 2194 645,
1599 2159 1616 2187 2
1640 2150 1671 2184 εἰ
1695 2149 1737 2185 δέ
1756 2162 1810 2186 τις
1833 2172 1876 2178 -
1901 2161 1918 2188 5
1941 2153 2074 2196 ποινὴν
2096 2149 2327 2196 καταβαλεῖν)

93 2199 189 2231 habet
210 2198 415 2242 Eparmyoqe
440 2199 470 2238 7,
487 2206 513 2231 7.

93 2286 265 2332 expensis
286 2287 498 2333 prospicere
520 2285 657 2322 debeat.
707 2285 750 2321 Si
796 2286 860 2322 uid
882 2297 967 2323 vero
991 2286 1165 2323 adversus
1186 2287 1277 2323 leaeo
1300 2288 1525 2323 commissum
1547 2287 1612 2330 sit,
1644 2287 1708 2333 qui
1731 2285 1875 2333 quidem
1896 2285 2071 2322 vicarium
2100 2286 2171 2323 sibi
2195 2287 2330 2333 fecerit

94 2332 244 2377 triqinta
268 2331 441 2367 librarum
465 2331 549 2367 auri
566 2342 691 2378 poena
714 2341 773 2366 mu
792 2331 938 2375 labitur,
962 2331 1196 2368 restituturus
1218 2332 1326 2368 etiam
1343 2343 1447 2368 omne
1469 2331 1695 2379 dispendium
1719 2332 1775 2368 vel
1796 2331 1966 2367 damnum
1990 2331 2240 2379 quodcumque
2257 2342 2329 2379 per

93 2388 172 2412 eum
196 2377 259 2422 qui
282 2376 326 2412 ab
351 2378 432 2424 ipso
457 2377 586 2412 missus
607 2381 661 2412 est
685 2377 803 2422 aliqui
817 2377 925 2423 passi
943 2377 1028 2420 sint,
1053 2377 1116 2423 qui
1139 2380 1259 2414 autem
1282 2378 1439 2413 vicarius
1458 2378 1544 2423 sieri
1567 2387 1679 2413 ausus
1700 2378 1750 2413 sit
1773 2381 1809 2413 et
1830 2377 2047 2422 maqistratu
2068 2387 2135 2413 suo
2163 2381 2198 2413 et
2225 2381 2328 2424 pote·

93 2427 186 2458 state
210 2429 245 2457 et
267 2422 398 2458 militia
418 2422 626 2469 privabitur
648 2426 684 2457 et
706 2420 825 2457 decem
849 2422 1023 2458 librarum
1046 2422 1129 2458 auri
1145 2433 1270 2469 poena
1293 2422 1515 2459 multabitur.
1886 2445 1890 2448 -

227 2467 307 2502 XX.
355 2467 554 2503 Praeterea
584 2471 703 2502 autem
726 2466 963 2519 prohibemus
993 2469 1101 2503 etiam
1132 2469 1368 2514 maqistratus
1398 2468 1461 2514 qui
1483 2469 1522 2503 in
1540 2467 1741 2514 provinciis
1763 2471 1847 2502 sunt
1877 2470 1913 2502 et
1936 2466 2057 2502 civiles
2083 2471 2119 2503 et
2142 2467 2329 2510 militares,

94 2523 139 2548 ne
162 2512 199 2546 in
223 2513 427 2548 civitatibus
458 2513 514 2549 vel
543 2513 673 2548 castris
703 2513 859 2548 vicarios
888 2513 926 2547 in
949 2513 1147 2549 commissis
1176 2513 1248 2549 sibi
1273 2513 1473 2560 provinciis
1501 2513 1664 2559 faciant,
1695 2523 1745 2548 ex
1767 2523 1840 2558 quo
1868 2511 2007 2547 seilicet
2034 2511 2073 2547 in
2096 2513 2328 2559 provinciam

95 2557 256 2593 venerint
280 2562 314 2593 et
338 2558 510 2603 quamdiu
541 2558 579 2593 in
602 2569 646 2594 ea
670 2558 924 2603 maqistratum
973 2562 1099 2600 erant,·
1133 2568 1215 2594 cum
1239 2559 1398 2605 quinque
1429 2558 1604 2595 librarum
1627 2558 1710 2593 auri
1734 2567 1858 2604 poena
1880 2557 2063 2593 immineat
2086 2561 2159 2593 tam
2181 2557 2246 2604 qui
2265 2558 2328 2604 fa-

95 2603 170 2638 ciat
191 2602 364 2638 vicarium
388 2603 620 2649 maqistratui
650 2613 760 2648 quam
782 2603 817 2638 ei
839 2604 905 2649 qui
952 2604 1007 2639 eri
1036 2613 1149 2639 ausus
1170 2604 1226 2639 sit.
1274 2605 1476 2650 Antequam
1499 2614 1584 2639 vero
1608 2603 1844 2649 maqistratus
1873 2602 1911 2637 in
1939 2602 2150 2649 provincias
2173 2603 2327 2644 veniant,

92 2650 307 2694 potestatem
337 2649 382 2683 iis
412 2648 540 2683 damus
569 2648 727 2684 vicarios
755 2648 827 2684 sibi
855 2648 1115 2692 constituendi,
1146 2649 1210 2695 qui
1238 2660 1352 2695 usque
1380 2648 1430 2684 ad
1459 2659 1582 2684 eorum
1614 2648 1804 2684 adventum
1836 2647 1956 2683 omnia
1988 2657 2083 2693 quae
2111 2647 2183 2701 ipsi
2213 2658 2272 2683 ma
2299 2647 2329 2683 i-

94 2697 234 2727 stratus
266 2692 392 2737 faeere
421 2697 580 2739 possunt
610 2704 789 2740 peraqere
824 2693 990 2736 debeant,
1028 2699 1182 2741 excepto
1215 2698 1334 2730 tamen
1364 2694 1488 2730 ultimo
1516 2693 1696 2740 supplicio
1727 2696 1791 2728 aut
1821 2692 1970 2728 membri
1997 2691 2209 2728 abscisione.
2284 2691 2330 2728 ed

96 2737 203 2818 etiam
226 2737 259 2772 si
280 2737 362 2783 quis
385 2749 435 2774 ea:
456 2738 729 2784 maqistratibus
759 2739 861 2774 iussu
891 2742 1016 2775 nostro
1047 2739 1086 2774 in
1117 2739 1227 2775 aliam
1251 2739 1481 2786 provinciam
1505 2739 1678 2781 mittatur,
1711 2737 1817 2773 liceat
1837 2738 1869 2773 ei
1892 2737 2001 2773 simili
2023 2736 2130 2772 modo
2156 2738 2331 2773 vicarium

95 2792 126 2817 si
187 2783 412 2818 constituere.

237 2826 335 2862 XXI.
395 2827 562 2863 Iubemus
596 2832 714 2863 autem
750 2839 871 2864 omnes
904 2830 1142 2876 maqistratus
1179 2834 1250 2865 tam
1284 2829 1460 2865 militares
1492 2839 1601 2875 quam
1638 2828 1746 2864 etiam
1781 2827 1901 2863 civiles
1934 2826 2036 2880 ipsos
2072 2826 2257 2873 inquirere
2289 2826 2330 2862 in

97 2882 159 2908 eos
189 2873 253 2918 qui
285 2871 480 2908 latrocinia
511 2876 576 2908 aut
605 2873 794 2909 violentias
825 2878 890 2910 aut
919 2875 1073 2921 rapinas
1103 2885 1225 2910 rerum
1255 2875 1312 2911 vel
1341 2874 1530 2910 mulierum
1562 2877 1627 2909 aut
1657 2873 1733 2909 alia
1763 2872 1840 2908 ulla
1866 2873 2040 2917 facinora
2070 2872 2108 2907 in
2125 2871 2330 2918 provinciis

97 2917 322 2953 committunt
350 2921 385 2952 et
413 2917 596 2964 supplicia
624 2918 670 2953 iis
702 2918 861 2965 quitima
892 2919 1050 2965 inferre,
1085 2929 1129 2955 ao
1160 2931 1205 2956 ne
1235 2919 1292 2956 bis
1323 2919 1464 2964 quidem
1498 2918 1543 2955 de
1573 2919 1694 2954 causis
1747 2918 1915 2963 uiequam
1930 2939 1932 2941 ·
1946 2917 2111 2963 accipere
2141 2919 2329 2952 consuetu-

97 2962 220 2998 dinum
250 2962 410 3006 nomine,
441 2968 482 2998 ut
508 2962 659 2998 subiecti
688 2965 807 2999 nostri
836 2964 994 3010 undique
1025 2964 1143 3000 illaesi
1171 2969 1368 3002 serventur.
1415 2963 1542 3010 Neque
1572 2963 1666 3000 enim
1696 2928 1763 2998 uzi
1785 2963 1918 2998 maiori
1946 2961 2003 2998 vel
2023 2961 2155 2996 minori
2177 2960 2330 2996 militari

97 3008 154 3044 vel
184 3007 283 3044 civili
309 3007 541 3054 maqistratui
569 3009 814 3054 permittimus
848 3013 912 3044 aut
946 3009 1129 3045 latronum
1156 3014 1412 3063 persecutores
1445 3012 1510 3044 aut
1543 3007 1741 3054 biocotytas
1775 3006 2044 3057 (violentiarum.
2068 3003 2329 3052 prohibitores)

98 3057 162 3089 aut
193 3052 356 3088 tribunos
381 3057 539 3100 propter
569 3053 744 3088 eiusmodi
774 3063 903 3089 causas
932 3054 971 3088 in
997 3054 1198 3100 provinciis
1228 3055 1460 3096 constituere,
1496 3057 1563 3089 aut
1583 3063 1646 3088 eos
1677 3052 1741 3098 qui
1768 3057 1962 3087 exarmare
1992 3049 2135 3096 aliquos
2166 3049 2328 3094 debeant,

166 3146 188 3178 4
219 3140 389 3186 δαπάνην
418 3140 442 3185 ἢ
474 3155 532 3176 om.
557 3154 576 3179 ς
605 3142 618 3186 ΙΙ
646 3143 665 3175 5
691 3137 949 3186 *ὖπομείνοιεν
972 3146 1020 3179 Μ
1041 3144 1054 3190 ΙΙ
1080 3146 1122 3180 20
1146 3143 1182 3179 οἱ

99 3185 214 3231 αὗτοὶ]
238 3189 306 3233 ipsi
329 3200 350 3226 e
365 3189 378 3233 Π
396 3189 439 3223 25
458 3186 542 3222 τοὺς
557 3184 733 3232 ἄρχοντας
750 3188 927 3231 LeEpan.
941 3191 1003 3223 Iul.
1017 3191 1180 3232 (Theod.)]

98 3234 279 3279 τοπάρχας
302 3234 350 3268 Μ
360 3234 372 3278 ΙΙ
389 3235 430 3268 27
454 3231 537 3267 τοὺς
560 3234 592 3267 L
607 3234 730 3276 Epan]
755 3232 818 3266 τὰς
843 3234 888 3267 M
900 3234 911 3277 ΙΙ
928 3231 1091 3280 ἁρπαγῆς
1115 3237 1161 3269 Μ
1170 3236 1182 3280 ΙΙ
1252 3237 1289 3269 11
1307 3234 1391 3267 locis
1411 3233 1463 3268 1⁷2
1477 3233 1490 3276 ΙΙ
1508 3232 1671 3266 commissi
1693 3231 1742 3265 V¹
1757 3230 1770 3276 ΙΙ
1788 3231 1970 3275 provinciis
1988 3244 2046 3265 om.
2058 3231 2089 3264 T
2101 3230 2113 3275 ΙΙ
2138 3232 2175 3265 13
2190 3229 2329 3264 admise-

100 3282 142 3314 30
166 3282 318 3324 νομίμας
342 3278 389 3313 L0
418 3280 429 3322 ΙΙ
460 3280 502 3313 32
532 3275 827 3324 διαφυλαχθῆναι
852 3279 883 3312 L
912 3279 923 3322 ΙΙ
953 3282 996 3315 34
1026 3278 1050 3322 ἢ
1080 3279 1177 3314 πολι·
1247 3280 1318 3312 rint
1332 3279 1365 3312 T
1377 3278 1389 3322 ΙΙ
1406 3277 1567 3311 librarum
1583 3277 1657 3310 auri
1672 3277 1703 3310 T
1716 3276 1728 3320 ΙΙ
1750 3278 1790 3311 14
1805 3276 1946 3310 faciente
1968 3276 2017 3310 V¹
2034 3276 2047 3320 11
2063 3276 2185 3309 iudicis
2207 3274 2299 3310 V¹T
2315 3274 2329 3319 ΙΙ

99 3326 189 3367 τικῷ
217 3339 274 3359 om.
300 3336 320 3362 ς’
1251 3327 1290 3359 15
1315 3324 1387 3356 fieri
1411 3335 1468 3356 om.
1488 3323 1542 3366 ΉΙΙ
1559 3323 1769 3364 praesument
1790 3322 1838 3355 V¹
1858 3322 1870 3365 ΙΙ
1885 3322 2073 3365 prouintias
2092 3321 2148 3364 Vn
2176 3322 2216 3355 16
2239 3318 2328 3353 iudi-

105 3387 1176 3394 —————-—————————
1248 3371 1312 3411 ces]
1335 3368 1378 3402 ad
1393 3367 1520 3401 iudices
1543 3368 1572 3402 V
1586 3368 1598 3411 ΙΙ
1616 3368 1662 3400 eis
1686 3380 1743 3401 om.
1760 3367 1792 3401 T
1810 3367 1822 3411 ΙΙ
1851 3369 1888 3402 17
1912 3377 1976 3409 que
2003 3366 2052 3400 T²
2070 3365 2083 3410 ΙΙ
2101 3368 2142 3401 19
2166 3375 2247 3399 cura
2267 3362 2330 3410 711

160 3418 174 3449 1
201 3414 416 3457 militaribus]
445 3413 609 3447 militibus
634 3414 670 3447 in
693 3412 745 3448 V²
774 3413 786 3456 ΙΙ
814 3413 888 3455 quis
909 3413 961 3447 V¹
990 3412 1003 3457 ss
1031 3415 1049 3447 2
1074 3413 1178 3447 delin-
1249 3418 1358 3447 tamen
1376 3426 1433 3446 om.
1453 3412 1508 3456 ΤΙΙ
1526 3414 1568 3447 20
1586 3413 1674 3454 etsi]
1700 3415 1732 3446 et
1749 3425 1805 3446 om.
1823 3413 1854 3445 T
1865 3411 1877 3456 ΙΙ
1897 3413 1935 3446 21
1956 3411 2137 3454 regionem]
2160 3410 2329 3452 regionem

1249 3145 1330 3187 quid
1351 3145 1383 3178 V
1395 3144 1408 3187 ss
1424 3143 1628 3188 protulerint
1648 3143 1679 3175 T
1698 3143 1710 3186 ΙΙ
1727 3140 1987 3186 praesumpserit
2005 3141 2038 3175 T
2045 3142 2131 3184 vulq.
2148 3140 2161 3184 ΙΙ
2188 3142 2206 3174 7
2226 3140 2328 3173 libra—

1249 3201 1321 3223 rum
1345 3189 1421 3222 auri
1448 3189 1571 3231 Tvutq.
1590 3187 1640 3231 119
1664 3187 1706 3220 ad
1730 3200 1788 3220 om.
1805 3187 1837 3220 T
1859 3186 1871 3230 ΙΙ
1887 3187 1988 3219 etiam
2013 3186 2068 3229 Tfl
2090 3187 2131 3220 10
2152 3186 2253 3219 castri
2274 3183 2330 3229 Vll

101 3463 224 3502 quatur
255 3460 464 3492 committant
494 3459 630 3501 quidam
660 3461 862 3492 seruatorem
892 3457 958 3491 loci
981 3469 1078 3491 suum
1101 3459 1180 3492 fecit

100 3505 205 3538 XXX
217 3506 440 3544 (committant
456 3524 497 3529 —
510 3504 615 3537 XXX
633 3517 694 3538 scr.
713 3504 763 3538 V'
779 3505 811 3538 in
828 3516 894 3538 ras.
911 3505 952 3548 1}
965 3505 1024 3544 vs.)
1046 3504 1078 3537 V
1097 3504 1179 3536 deli-

102 3554 233 3592 quatur.
257 3550 324 3583 loci
337 3551 470 3592 quidem
485 3553 687 3583 seruatorem
703 3550 774 3583 siue
787 3549 847 3592 qui
861 3550 925 3583 hoc
938 3549 1017 3582 fecit
1029 3548 1132 3581 XXX
1155 3550 1185 3582 T

102 3596 316 3637 delinquatur
340 3598 372 3628 et
393 3595 630 3637 committatur,
652 3596 710 3637 qui
734 3595 867 3637 quidem
890 3594 955 3628 loci
979 3597 1178 3627 seruatorem

102 3651 198 3673 suum
214 3641 294 3674 fecit
304 3640 408 3673 XXX
427 3642 513 3684 vulq.
534 3640 546 3692 l]
563 3643 583 3675 3
598 3641 673 3673 auri
688 3640 850 3674 librarum
867 3640 911 3682 V]
928 3640 1088 3673 librarum
1105 3640 1179 3672 auri

106 3686 138 3718 T
146 3688 229 3729 vulq.
249 3685 261 3729 ΙΙ
276 3696 361 3728 pena
381 3685 479 3729 VT-{l
497 3688 647 3728 exigetur
667 3685 720 3719 1⁷²
732 3687 816 3731 vulq.
840 3686 852 3730 ΙΙ
878 3687 897 3719 5
922 3685 1027 3728 aliqui
1046 3686 1092 3726 T]
1117 3685 1178 3718 ali-

1248 3461 1394 3492 nostrum
1418 3459 1450 3491 Τ
1462 3458 1475 3502 ss
1491 3458 1522 3491 ei
1546 3470 1604 3491 om.
1622 3458 1677 3500 Τ11
1696 3459 1738 3492 22
1761 3457 1843 3490 locis
1865 3458 1921 3500 Vll
1938 3459 1980 3492 29
2004 3456 2112 3489 causis
2136 3468 2194 3489 om.
2211 3455 2242 3488 T
2255 3454 2268 3498 ΙΙ
2284 3455 2328 3488 30

1248 3502 1526 3538 consuetudinum
1551 3503 1742 3544 Heimbach]
1767 3502 2042 3535 cousuetudinem
2063 3501 2097 3535 V
2114 3498 2327 3534 eonsuetudi-

1248 3550 1300 3583 nis
1326 3549 1452 3590 Tvulq.
1475 3548 1487 3592 ΙΙ
1512 3548 1680 3581 nominem
1702 3549 1734 3583 V
1751 3548 1763 3592 ΙΙ
1789 3549 1829 3583 31
1856 3548 1963 3581 nostri
1988 3560 2047 3580 om.
2066 3545 2124 3590 ΤΙΙ
2146 3545 2327 3578 illeso-0·-

1247 3597 1370 3628 uentur
1396 3594 1428 3627 T
1436 3594 1447 3615 ²
1463 3595 1475 3637 ΙΙ
1494 3595 1536 3627 32
1558 3594 1697 3626 militari
1722 3606 1778 3627 om.
1802 3593 1835 3626 V
1844 3592 1856 3636 ΙΙ
1882 3594 1924 3628 33
1941 3593 2144 3625 insecutores
2159 3590 2327 3623 latronum

1250 3641 1282 3674 T
1299 3640 1312 3683 ΙΙ
1338 3638 1720 3672 uiolentiarunntores
1746 3638 1778 3671 Τ
1786 3638 1797 3658 ¹
1821 3638 1833 3681 ΙΙ
1859 3639 1902 3673 34
1926 3637 2054 3671 casibus
2078 3635 2142 3682 ΤΙΙ
2168 3636 2210 3670 35
2235 3644 2326 3670 exar-

1246 3696 1335 3718 mare
1358 3684 1405 3717 V2
1422 3686 1465 3718 in.
1483 3687 1562 3725 νας]
1587 3684 1774 3718 examinare
1797 3684 1828 3716 T
1837 3684 1923 3727 vulq.

2452 2775 2454 2777 ι
2454 2418 2476 2725 ΑᾞΑ-ιι-ᾴιαλᾳι
2468 2358 2476 2396 -Αᾼ
2472 2331 2476 2333 .
