2592 3840
227 76 334 119 Nov.
357 77 517 120 LXXII
546 80 656 121 6-8
1302 73 1389 123 362

228 186 346 230 λείαις,
367 190 564 232 τηνικαῦτα
589 190 698 231 ἐχέτω
717 190 785 233 μὲν
803 187 845 223 τὸ
869 189 947 223 τῶν
967 186 1044 224 δύω
1063 191 1190 234 μηνῶν
1211 186 1305 224 καθ’

228 234 380 267 ἕκαστον
411 236 489 268 ἔτος
518 232 710 279 ἐνδόσιμον
743 234 864 275 (τοῦτο
894 230 983 281 ὅπερ
1011 234 1047 269 οἱ
1077 233 1183 280 νόμοι
1208 235 1306 271 laxa-

227 281 368 314 mentov
391 277 589 323 καλοῦσιν),
619 279 710 314 ἴστω
734 277 774 312 δὲ
794 277 860 313 τὸν
888 281 951 313 τοῦ
975 277 1209 325 δανείσματος
1232 284 1304 316 κίν-

229 322 338 359 δυνον
362 322 421 370 ἐφ’
449 323 580 359 ἑαυτὸν
604 322 751 359 πάντως
776 323 1020 368 ἐλευσόμενον.

1928 91 1989 123 ῙῙΤ
2016 91 2067 122 ΗῙ
2096 91 2175 131 Qui
2203 91 2450 125 OBLIGATAS

1376 190 1463 223 tunc
1486 187 1620 225 habeat
1649 190 1791 236 quidem
1814 189 1965 226 duorum
1995 188 2170 228 mensium
2200 201 2265 237 per
2293 191 2451 238 singulos

1377 243 1489 269 annos
1511 233 1670 271 indutias
1694 236 1775 279 (hoc
1799 235 1894 280 quod
1916 235 2011 281 leges
2034 235 2276 273 laxamentum
2297 242 2450 282 vocant),

1374 278 1466 358 {ciat
1501 281 1622 316 autem
1652 281 1767 318 mutui
1800 281 1999 326 periculum
2040 282 2088 319 ad
2122 291 2160 318 se
2194 282 2336 319 omnino
2367 293 2450 320 ven·

1392 333 1507 359 urum.

1215 414 1371 451 CAPUT
1394 414 1474 450 VII.

275 482 320 515 Et
341 483 409 525 μὲν
432 474 496 516 οὖν
519 482 593 524 ε”χοι
618 479 807 527 προςόδους
831 477 1017 528 αὐτάρκεις
1037 479 1057 516 ὁ
1077 481 1303 527 κηδεμονευό-
1341 486 1360 518 5
1426 481 1488 517 Sin
1517 491 1600 518 vero
1631 482 1740 519 habet
1762 484 1896 520 reditus
1921 483 2140 520 sufficientes
2171 484 2204 520 is
2237 485 2339 522 cuius
2364 495 2453 522 cura

228 537 348 570 μενος,
378 525 510 561 ταύτας
534 525 747 569 δαπανάτω,
771 527 803 560 εἰ
827 524 867 560 δὲ
889 527 1029 562 πλείους
1052 529 1121 563 εἰσὶ
1143 529 1222 563 τῶν
1247 526 1304 562 αὖ·
1374 527 1663 571 administratur,
1700 538 1762 565 eos
1797 529 1994 575 expendam
2039 529 2095 566 sin
2128 539 2211 566 vero
2250 530 2333 576 plus
2368 535 2455 567 sunt

229 570 383 618 τάρκων,
415 572 456 606 τὸ
480 571 605 607 πλεῖον
628 569 885 607 ἀποτιθέσθω.
930 573 976 606 Εἰ
1006 570 1047 606 δὲ
1070 574 1196 617 κινητὴ
1221 573 1304 609 πολ·
1375 583 1482 619 quam
1506 572 1673 617 sufficiat,
1710 574 1805 618 quod
1826 576 1909 620 plus
1932 578 1987 611 est
2009 576 2172 628 reponat.
2221 575 2355 621 Quodsi
2376 586 2451 612 mo-

230 616 326 651 λάκις
343 615 365 660 ἡ
382 619 444 650 τοῦ
460 615 784 661 κηδεμονευομένου
805 621 992 664 περιουσία
1010 617 1186 662 τυγχάνει,
1209 632 1307 662 τηνι-
1374 618 1455 653 bilis
1478 617 1572 654 forte
1601 617 1677 654 eius
1708 619 1809 656 cuius
1840 630 1928 655 cura
1945 619 2227 656 ›admlnistratur
2250 621 2453 658 substantia

229 664 343 696 καῦτα
364 663 475 696 ἐκεῖνο
491 662 605 707 μόνον
622 660 801 709 δανείζειν
821 661 840 696 ὁ
857 661 1024 707 κηδεμὼν
1039 661 1305 710 ἀναγκαζέσθω
1375 666 1440 707 est,
1464 665 1552 698 tunc
1570 663 1660 700 illud
1680 664 1796 700 solum
1814 668 1980 702 mutuare
2003 668 2149 702 curator
2172 667 2322 711 cogatur
2340 676 2453 712 quan·

229 704 316 741 ὅσον
332 707 420 750 πρὸς
435 706 501 750 τὴν
517 706 693 750 διοίκησιν
711 706 813 754 ἀρκεῖ
834 709 888 751 τῷ
908 711 979 752 νέῳ
1003 711 1088 751 [καὶ]
1104 710 1182 744 τῶν
1198 707 1306 744 αὐτοῦ
1322 712 1362 744 10
1374 712 1451 744 tum
1473 708 1520 744 ad
1543 708 1597 744 dis
1625 709 1844 746 cusationem
1874 710 2029 747 sufficiet
2057 710 2277 747 adolescenti
2306 711 2453 758 eiusque

229 752 464 799 πραγμάτων,
499 752 541 787 τὸ
579 751 618 786 δὲ
649 751 820 798 περιττὸν
850 751 1020 799 ἀσφαλῶς
1049 751 1307 789 ἀποτιθεσθω.
1374 755 1492 795 rebus,
1516 764 1586 799 quo
1634 764 1718 790 vero
1741 755 1824 809 plus
1842 760 1898 792 est
1922 759 2027 792 caute
2048 756 2277 794 recondatur.
2314 756 2454 794 Licebit

227 794 389 838 Ἐξεσται
412 795 451 831 δὲ
468 796 568 841 αὐτῷ
592 798 659 831 σὺν
677 797 842 843 ἀκριβείᾳ
873 796 971 847 πάσῃ
992 800 1306 847 περιεργάζεσθαι,
1375 804 1494 835 autem
1514 799 1547 834 ei
1569 809 1650 835 cum
1670 810 1766 836 omm
1783 801 1983 838 subtilitate
2001 802 2240 847 perscrutari,
2263 801 2295 839 si
2312 802 2453 848 aliquos

229 844 263 876 εἴ
282 856 365 877 τινα
397 842 445 877 ιὺς
476 843 565 877 εἰκὸς
591 842 706 890 εὑρεῖν
729 840 900 889 ἀσφαλῶς
925 842 1101 888 δυνηθείη
1132 843 1307 893 πρόςοδον
1375 845 1499 880 forsan
1521 844 1681 880 invenire
1705 848 1810 881 caute
1831 846 1991 891 potuerit
2013 846 2160 892 reditus,
2185 851 2221 883 et
2245 858 2454 894 comparare

230 885 449 931 ὠνήσασθαι
472 889 526 932 τῷ
552 891 622 932 νέῳ
646 890 684 922 ἐκ
709 890 788 923 τῶν
806 888 1093 935 περιττευόντων
1115 889 1310 936 χρημάτων
1377 890 1505 926 minori
1528 900 1572 925 ex
1595 890 1861 927 abundantibus
1884 892 2056 937 pecuniis,
2087 891 2235 929 modicis
2257 893 2453 929 functioni-

228 932 362 979 όλίγων
384 935 450 978 μὲν
472 932 657 978 δημοσίων
681 932 808 979 φόρων
830 931 1051 977 ὑπεύθυνον,
1079 937 1246 982 πρατῆρα
1271 934 1310 970 δὲ
1325 940 1364 972 15
1377 936 1445 971 bus
1479 935 1634 980 publicis
1669 936 1863 981 obligatos,
1904 936 2123 974 venditorem
2160 948 2243 974 vero
2279 938 2454 975 habentes

228 980 380 1021 ἔχουσαν
391 977 548 1025 εὔπορον
564 982 624 1012 καὶ
637 976 777 1023 εὐθαλῆ
790 979 858 1022 τὴν
869 978 1045 1026 πρόςοδον
1057 974 1179 1015 οὖσαν.
1215 980 1309 1016 δίδο·
1377 982 1543 1017 idoneum
1563 983 1601 1016 et
1616 982 1804 1026 opulentos
1820 981 1956 1018 reditus
1972 982 2175 1019 existentes.
2208 983 2343 1020 Damus
2359 983 2454 1020 enim

228 1038 295 1067 μεν
324 1023 392 1070 γὰρ
425 1023 541 1068 αὐτῷ·
557 1028 765 1071 παρρησίαν
796 1028 856 1059 καὶ
886 1027 993 1060 τοῦτο
1018 1024 1201 1073 πράττειν,
1234 1029 1309 1062 ἐπι·
1378 1027 1410 1062 ei
1433 1026 1612 1062 licentiam
1637 1029 1673 1062 et
1695 1027 1764 1062 hoc
1785 1037 1906 1072 agere,
1937 1027 2064 1063 scienti
2091 1028 2194 1073 quia,
2226 1029 2259 1064 si
2282 1029 2366 1082 quid
2387 1031 2453 1065 ho-

229 1073 396 1113 σταμένῳ
423 1067 469 1104 αἱς
492 1071 528 1103 εἴ
546 1081 641 1104 τινος
664 1068 807 1104 τούτων
831 1068 853 1104 ά
881 1070 1048 1114 ελησειεν,
1069 1070 1089 1107 ὁ
1106 1073 1168 1115 τῆς
1183 1069 1310 1120 ἇγορα-
1378 1083 1457 1107 rum
1475 1072 1679 1117 neglexerit,
1704 1072 1810 1108 huius
1827 1073 2015 1119 emptionis
2033 1073 2151 1119 ipsum
2170 1074 2338 1120 respiciet
2359 1074 2452 1121 peri-

229 1118 309 1149 σίας
332 1113 464 1158 ταύτης
486 1112 599 1149 αὐτὸν
623 1113 754 1161 ὄψεται
779 1119 837 1150 κίν
856 1117 953 1151 'uvea
1381 1118 1509 1153 culum.

1210 1207 1368 1244 CAPUT
1392 1208 1491 1244 VIII.

285 1275 331 1308 Εἰ
362 1272 402 1308 δὲ
431 1275 606 1309 τοσοῦτον
638 1273 753 1319 μόνον
783 1275 837 1317 εἴη
871 1274 914 1309 τὸ
949 1276 1012 1309 τοῦ
1045 1278 1125 1309 νέου
1156 1280 1311 1322 χρυσίον,
1325 1279 1366 1311 20
1427 1276 1463 1312 Si
1479 1286 1561 1312 vero
1577 1279 1717 1313 tantum
1737 1274 1957 1314 solummodo
1975 1277 2022 1313 sit
2036 1277 2182 1313 minoris
2199 1287 2336 1322 aurum,
2353 1279 2456 1314 cuius

229 1318 362 1356 ὁπόσου
386 1319 487 1355 τόκος
510 1318 610 1364 μόλις
642 1318 754 1354 αὐτόν
781 1333 823 1354 τε
844 1323 905 1354 καὶ
928 1320 1010 1354 τούς
1035 1319 1143 1355 αὐτοῦ
1167 1325 1312 1368 τρέφειν
1380 1332 1511 1357 usurae
1533 1323 1593 1358 vix
1616 1333 1696 1358 eum
1720 1326 1755 1357 et
1779 1323 1838 1368 qui
1862 1323 1938 1359 eius
1962 1326 2048 1358 sunt
2071 1333 2218 1368 pascere
2243 1326 2280 1359 et
2302 1323 2456 1378 aliq-uam

229 1369 288 1400 καὶ
322 1365 390 1408 τὴν
425 1364 537 1408 ἄλλην
572 1363 673 1408 αὐτῷ
708 1369 878 1410 παρέχειν
914 1367 979 1400 τοῦ
1014 1369 1096 1410 βίου
1134 1365 1311 1411 διοίκησιν
1379 1367 1484 1403 aliam
1518 1368 1551 1403 ei
1584 1368 1758 1413 praebere
1795 1368 1889 1404 vitae
1924 1368 2225 1414 dispensationem
2263 1369 2456 1413 sufficiant,

229 1411 342 1459 ἀρκεῖ,
373 1412 571 1454 τηνικαῦτα
595 1409 614 1445 ὁ
639 1412 700 1453 τῆς
723 1408 876 1458 ἀνάγκης
903 1410 1003 1467 λόγος
1029 1409 1117 1456 ἡμᾶς
1140 1416 1200 1446 καὶ
1223 1412 1311 1457 πρὸς
1379 1416 1466 1448 tunc
1496 1413 1720 1449 necessitatis
1750 1414 1840 1449 ratio
1870 1424 1937 1449 nos
1962 1413 2069 1449 etiam
2100 1413 2147 1449 ad
2169 1414 2239 1451 hoc
2261 1418 2382 1458 vocat,
2414 1418 2457 1451 ut

229 1459 335 1491 τοῦτο
360 1455 469 1497 καλεῖ,
493 1458 571 1490 τῶν
589 1453 800 1500 κηδεμόνων
818 1454 1048 1503 ἀφορωντων
1071 1458 1120 1492 εἰς
1139 1456 1231 1493 θεὸν
1250 1462 1310 1492 καὶ
1379 1460 1563 1494 curatores
1586 1459 1818 1504 respicientes
1842 1459 1889 1494 ad
1912 1460 2017 1495 deum
2047 1459 2100 1495 ita
2120 1458 2256 1495 faciant
2277 1460 2454 1505 guberna-

229 1501 326 1537 οῧτιο
351 1504 577 1546 ποιουμένων
608 1500 670 1535 τὰς
694 1500 883 1545 διοικήσεις
911 1500 959 1536 οἷς
982 1499 1028 1536 ἃν
1052 1504 1112 1538 επὶ
1136 1506 1209 1537 τοῖς
1232 1504 1308 1537 ἑαυ-
1323 1506 1365 1539 25
1379 1504 1512 1540 tionem
1546 1508 1728 1549 tamquam
1763 1505 1800 1540 in
1835 1505 1910 1540 suis
1942 1504 2061 1540 rebus.
2109 1504 2253 1541 Etenim
2283 1505 2455 1547 volumus,

230 1549 308 1582 τῶν
332 1546 530 1594 πράγμασι.
565 1550 625 1580 καὶ
648 1547 716 1594 γὰρ
740 1546 962 1592 βουλόμεθα,
986 1546 1091 1590 ἡνίκα
1109 1552 1310 1591 κατασταίη
1380 1549 1464 1584 dum
1489 1550 1693 1585 celebratur
1716 1550 1897 1586 decretum
1925 1550 2021 1595 quod
2050 1550 2161 1586 tradit
2194 1560 2317 1587 curam
2339 1551 2374 1587 ei
2396 1551 2458 1596 qui

231 1594 347 1638 ψῆφος
371 1590 624 1638 παραδιδοῦσα
647 1592 715 1635 τὴν
739 1591 957 1637 κηδεμονίαν
982 1593 1035 1637 τῷ
1061 1594 1150 1640 πρὸς
1173 1592 1312 1638 ταύτην
1379 1595 1425 1630 ad
1460 1605 1538 1630 eam
1573 1595 1730 1638 accedit,
1772 1596 1880 1634 etiam
1914 1596 2159 1632 iusiurandum
2203 1606 2285 1631 eum
2317 1596 2458 1633 adicere

231 1636 412 1683 παριόντι,
436 1641 497 1671 καὶ
521 1634 628 1683 ὅρκον
653 1637 752 1681 αὐτῷ
778 1638 1077 1684 προςεπιτιθέναι
1101 1641 1179 1674 τῶν
1193 1640 1311 1674 θείων
1381 1643 1612 1676 sacrosancta
1642 1641 1824 1684 evangelia
1855 1645 1917 1676 tan
1941 1645 2074 1684 entem,
2106 1641 2191 1686 quia
2220 1651 2288 1687 per
2317 1652 2457 1678 omnem

229 1682 423 1728 ἁπτομένῳ
450 1682 593 1730 λογίων,
627 1682 674 1717 ὡς
697 1682 758 1717 διὰ
781 1682 896 1726 πάσης
920 1682 989 1718 ἰών
1011 1682 1096 1718 ὁδοῦ
1119 1684 1162 1719 τὸ
1179 1687 1310 1731 συμφέ-
1379 1696 1530 1731 pergens
1553 1686 1645 1721 viam
1670 1686 1858 1722 utilitatem
1934 1686 2124 1722 olescentis
2148 1686 2231 1732 agit.
2279 1686 2383 1733 Quod
2401 1691 2456 1723 ta-

231 1743 294 1774 ρον
323 1729 377 1772 τῷ
409 1731 480 1771 νέῳ
506 1727 642 1771 πράξει.
691 1725 781 1775 ὅπερ
804 1725 868 1763 οὐκ
892 1727 1070 1772 ἐξαιρήσει
1093 1731 1172 1764 τῶν
1196 1729 1315 1777 loyce«
1325 1733 1367 1766 30
1380 1741 1460 1766 men
1491 1742 1563 1767 non
1591 1732 1744 1776 excipiet
1775 1742 1856 1767 eum
1887 1742 1910 1767 a
1941 1732 2138 1768 ratiociniis
2169 1742 2285 1778 neque
2314 1743 2338 1769 a
2367 1733 2457 1778 legis

229 1776 312 1819 μῶν
345 1771 457 1808 αὐτὸν
481 1772 563 1807 οὐδὲ
594 1774 655 1816 τῆς
690 1775 753 1808 τοῦ
779 1772 891 1818 νόμου
914 1772 1058 1817 τάξεως,
1088 1773 1171 1809 ἀλλ’
1199 1773 1310 1821 ἀσφα-
1381 1776 1522 1820 ordine,
1556 1777 1617 1812 sed
1649 1777 1844 1812 cautiorem
1877 1776 1990 1813 faciet
2017 1777 2063 1812 ad
2087 1787 2206 1813 rerum
2227 1778 2457 1823 gubernatio-

232 1818 399 1866 λε’στερόν
421 1832 462 1866 γε
485 1818 627 1862 ποιήσει
651 1819 739 1865 πρὸς
757 1819 823 1862 τὴν
839 1821 918 1856 τῶν
939 1818 1165 1867 πραγμάτων
1182 1819 1310 1864 διοίκη-
1381 1832 1471 1865 nem,
1495 1822 1676 1858 timentem
1700 1832 1840 1868 semper
1861 1822 1958 1858 circa
1980 1832 2042 1858 eas
2059 1826 2207 1868 propter
2228 1823 2458 1860 iurisiurandi

231 1879 300 1906 σιν,
331 1862 590 1911 εὐλαβέστερον
614 1862 680 1907 ἀεὶ,
692 1867 774 1910 περὶ
807 1861 898 1899 αὐτὰ
928 1863 988 1899 διὰ
1018 1865 1085 1909 τὴν
1109 1867 1175 1908 τοῦ,
1205 1863 1310 1913 ὅρκου
1378 1868 1583 1903 memoriam
1610 1867 1758 1903 factam.
1804 1867 1907 1910 Haec
1935 1878 1957 1903 a
1987 1868 2093 1904 nobis
2124 1869 2182 1903 lex
2210 1879 2277 1914 pro
2315 1869 2458 1905 cautela

229 1909 373 1956 μνήμην
387 1910 589 1956 γινόμενον.
631 1909 740 1944 Οὗτος
750 1906 839 1953 -ήμῖν
854 1907 874 1943 ὁ
887 1909 994 1955 νόμος
1009 1908 1099 1959 ὑπὲρ
1116 1909 1311 1958 ἀσφαλείας
1380 1913 1426 1948 sit
1444 1913 1564 1958 posita
1581 1913 1709 1949 horum
1733 1914 1793 1959 qui
1814 1913 2042 1949 curatoribus
2064 1913 2240 1959 indigent3
2265 1916 2301 1950 et
2319 1914 2352 1950 si
2395 1914 2458 1951 uid

230 1957 371 1991 κείσθω
391 1956 469 1989 τῶν
489 1953 698 1999 κηδεμονίας
719 1953 919 2000 δεομένων
944 1957 975 1989 εἰ
995 1954 1038 1990 δέ
1053 1970 1089 1990 τι
1109 1960 1168 1991 καὶ
1189 1959 1312 2005 ἕτερον
1325 1960 1366 1993 35
1380 1962 1417 1993 et
1446 1959 1544 1994 aliud
1576 1959 1877 2003 adinvenerimus,
1911 1959 2027 2003 neque
2056 1959 2126 1995 hoc
2156 1959 2234 2004 lege
2268 1970 2371 2014 comp
2386 1959 2459 1996 eeti

231 2000 531 2048 προςεξεύροιμεν,
562 1998 645 2034 οὐδὲ
668 2002 775 2034 τοῦτο
807 2000 909 2045 νόμῳ
934 2001 1142 2047 περιλαβεῖν
1165 1999 1310 2046 ὀκνήσο-
1380 2004 1594 2049 pigebimur,
1635 2007 1676 2039 ut
1712 2014 1777 2049 per
1816 2004 1934 2040 omnia
1969 2007 2091 2049 patres
2132 2014 2253 2040 eorum
2294 2015 2356 2051 qul
2389 2005 2458 2042 sibi

229 2061 307 2091 μεν,
341 2048 400 2080 ἵνα
433 2044 493 2080 διὰ
523 2044 675 2081 πάντων
706 2049 856 2090 πατέρες
887 2050 961 2081 τοῖς
989 2047 1127 2082 ἑαυτοῖς
1157 2048 1317 2092 βοηθεῖνμ
1382 2049 1548 2085 auxiliari
1572 2054 1754 2095 nequeunt
1776 2051 1980 2085 existamus.

229 2091 271 2127 οὗ
295 2090 506 2135 δυναμένοις
527 2090 736 2138 γενώμεθα.
1012 2105 1016 2111 ·

230 2183 373 2229 quidem
404 2182 571 2216 binorum
594 2182 767 2217 mensium
790 2192 863 2227 per
886 2182 1048 2227 sinqulos
1081 2192 1199 2217 annos
1227 2182 1389 2218 indutias
1418 2183 1471 2226 (id
1493 2184 1593 2229 quod
1624 2185 1720 2231 leqes
1751 2183 1997 2220 laxamentum
2025 2188 2186 2228 vocam),
2217 2185 2310 2229 sciat
2340 2190 2459 2222 autem

223 2227 429 2275 periculum
453 2226 583 2262 crediti
606 2226 656 2262 ad
677 2238 716 2263 se
739 2228 857 2274 ipsum
881 2226 1028 2262 omnino
1051 2226 1250 2262 rediturum
1274 2238 1360 2263 esse.

365 2272 444 2308 VH.
492 2273 545 2308 Ac
567 2273 600 2307 si
623 2272 766 2319 quidem
789 2271 928 2307 reditus
951 2272 1177 2318 sufficientes
1199 2272 1332 2308 habeat
1355 2275 1386 2308 is
1409 2274 1512 2309 cuius
1535 2284 1625 2309 cura
1648 2274 1799 2320 qeritur,
1824 2285 1886 2310 eos
1909 2279 2059 2310 curator
2082 2275 2282 2322 impendat,
2305 2275 2363 2311 sin
2385 2286 2459 2311 am-

224 2320 366 2366 pliores
388 2322 474 2353 sunt
504 2328 613 2364 quam
646 2329 740 2364 quae
769 2317 975 2363 sufficiant,
1008 2317 1048 2352 id
1071 2318 1172 2363 quod
1199 2323 1367 2365 superest
1389 2319 1558 2366 deponat.
1606 2318 1744 2362 Quodsi
1771 2319 1874 2366 forte
1903 2319 2045 2356 mobilis
2073 2321 2123 2356 sit
2150 2319 2354 2357 substantia
2383 2321 2460 2357 eius

230 2362 333 2400 cuius
364 2374 454 2398 cura
485 2364 638 2409 qeritur,
671 2368 744 2399 tum
768 2362 861 2398 illud
888 2362 1004 2398 solum
1031 2363 1158 2408 fenori
1188 2363 1278 2399 dare
1307 2368 1460 2400 curator
1490 2369 1646 2411 coqatur
1674 2368 1847 2410 quantum
1879 2364 1929 2401 ad
1950 2365 2300 2402 administrationem
2327 2365 2460 2402 minori

229 2421 350 2445 rerum
381 2410 458 2445 eius
486 2409 643 2454 suffieit,
674 2408 775 2456 quod
803 2411 922 2443 autem
951 2413 1103 2454 superat
1135 2412 1209 2444 tuto
1238 2409 1407 2456 deponat.
1461 2409 1600 2446 Licebit
1629 2421 1713 2446 vero
1743 2410 1776 2446 ei
1803 2421 1883 2446 cum
1915 2411 2013 2446 omni
2044 2411 2232 2457 diliqentia
2265 2412 2458 2458 inquirere,

231 2466 316 2490 num
348 2465 452 2500 quem
482 2455 585 2500 forte
616 2455 773 2490 reditum
804 2457 939 2489 certum
969 2454 1130 2500 reperire
1158 2456 1276 2501 possit
1306 2455 1440 2490 minori
1471 2455 1656 2491 emendum
1686 2467 1736 2491 ea:
1752 2456 1922 2502 pecuniis
1943 2457 2137 2503 superfluis
2166 2456 2231 2503 qui
2253 2463 2289 2492 et
2309 2455 2462 2493 modicis

233 2500 374 2536 tributis
402 2499 557 2546 publicis
589 2499 770 2535 obnoxius
800 2499 850 2534 sit
883 2504 919 2534 et
949 2499 1167 2534 venditorem
1199 2499 1331 2536 habeat
1361 2500 1574 2548 locupletem
1609 2502 1726 2547 sitque
1761 2501 1900 2537 reditus
1928 2501 2076 2547 fertilis.
2129 2501 2267 2537 Damus
2299 2503 2394 2538 enim
2427 2502 2461 2538 ei

232 2546 412 2581 licentiam
441 2544 507 2580 boc
538 2555 681 2590 quoque
716 2543 866 2590 aqendi:
894 2544 987 2579 sciat
1012 2549 1149 2587 tamen,
1183 2545 1217 2580 si
1239 2545 1331 2591 quid
1357 2545 1487 2582 horum
1511 2546 1732 2592 neqleoeerit,
1761 2546 1965 2593 periculum
1996 2546 2103 2582 huius
2133 2547 2326 2593 emptionis
2351 2547 2403 2584 ad
2421 2558 2462 2584 se

230 2603 248 2627 s
277 2594 486 2626 ectaturum.

244 2602 273 2637 p
366 2635 464 2671 VIII.
511 2633 649 2677 Quodsi
674 2639 776 2670 tanta
799 2634 915 2670 solum
939 2635 1074 2670 minori
1093 2636 1142 2671 sit
1157 2637 1333 2683 pecunia,
1356 2636 1460 2671 cuius
1482 2647 1616 2672 usurae
1639 2637 1705 2673 vix
1728 2636 1778 2672 ad
1796 2637 1915 2684 ipsum
1944 2640 1980 2673 et
2002 2636 2067 2683 qui
2088 2636 2166 2673 eius
2194 2642 2280 2673 sunt
2309 2636 2461 2674 alendos

231 2687 267 2717 ct
290 2680 339 2715 ad
360 2681 537 2726 reliquam
561 2680 655 2715 vitae
678 2679 1026 2715 administrationem
1050 2681 1084 2716 ei
1104 2680 1364 2728 praestandam
1387 2692 1431 2716 su
1450 2681 1590 2727 ficiunt,
1621 2685 1695 2717 tum
1718 2683 1800 2729 ipsa
1823 2682 2047 2718 necessitatis
2069 2682 2166 2717 ratio
2190 2692 2259 2717 nos
2280 2682 2388 2718 etiam
2411 2682 2462 2718 ad

232 2726 300 2761 hoc
324 2732 446 2761 vocat:
483 2729 521 2759 ut
543 2730 729 2759 curatores
751 2724 801 2759 ad
823 2724 927 2760 deum
950 2726 1150 2772 respiciant
1179 2731 1289 2772 atque
1310 2726 1365 2761 ita
1389 2738 1412 2762 a
1438 2727 1738 2763 ministrationem
1761 2731 1944 2774 tamquam
1976 2727 2015 2762 in
2035 2727 2113 2762 suis
2138 2726 2246 2762 rebus
2264 2732 2459 2774 ρει-αρσια.

233 2771 376 2807 Etenim
390 2771 565 2812 volumus,
582 2781 662 2805 cum
678 2769 858 2805 decretum
870 2770 953 2815 fiat,
970 2781 1042 2816 quo
1057 2772 1200 2806 curatio
1219 2771 1378 2807 traditur
1393 2772 1426 2807 ei
1443 2772 1507 2818 qui
1522 2772 1572 2807 ad
1586 2783 1664 2807 eam
1677 2772 1827 2814 accedit,
1842 2777 2034 2819 praeterea
2048 2771 2300 2807 iusiurandum
2315 2781 2461 2819 quoque

232 2818 267 2853 ci
281 2817 431 2862 imponi,
454 2826 526 2861 quo
546 2815 676 2850 divinis
692 2815 845 2860 eloquiis
868 2815 974 2851 tactis
995 2826 1034 2850 se
1051 2817 1148 2851 omni
1171 2817 1230 2851 via
1254 2827 1299 2851 ac
1322 2817 1466 2852 ratione
1489 2820 1652 2853 acturum
1677 2828 1754 2853 esse
1769 2815 2090 2864 promittatquod
2110 2816 2301 2854 utilitatem
2324 2816 2459 2863 afferat

232 2862 373 2896 minori.
414 2859 520 2903 Quod
533 2860 685 2906 quidem
708 2870 788 2895 eum
812 2871 887 2895 non
903 2861 1037 2896 eximet
1059 2872 1109 2896 ex
1128 2861 1332 2897 rationibus
1353 2861 1547 2897 reddendis
1570 2873 1686 2914 neque
1708 2873 1758 2898 ex
1780 2862 1872 2908 leqis
1895 2861 2034 2904 ordine,
2058 2861 2124 2897 sed
2145 2861 2341 2898 cautiorem
2364 2866 2462 2898 certe

231 2908 270 2941 in
292 2917 413 2942 rerum
437 2905 751 2940 administratione
773 2904 919 2947 reddet,
950 2906 1085 2952 quippe
1111 2908 1177 2952 qui
1189 2911 1349 2953 propter
1380 2907 1619 2942 iurisiurandi
1650 2906 1938 2943 recordationem
1970 2907 2094 2953 utique
2116 2906 2184 2942 reli
2217 2907 2323 2950 'osius
2353 2907 2392 2942 in
2414 2907 2461 2943 iis

232 2956 443 2988 versaturus
465 2951 522 2986 sit.
571 2950 674 2985 Haec
695 2950 757 2985 lex
780 2951 883 2985 nobis
916 2950 992 2985 lata
1021 2953 1070 2986 sit
1094 2963 1170 2997 pro
1193 2953 1388 2987 securitate
1418 2963 1541 2988 eoram
1571 2952 1635 2998 qui
1666 2953 1855 2988 curatione
1877 2951 2063 2998 indiqent;
2096 2962 2179 3004 quo·
2222 2953 2230 2960 '
2249 2951 2338 2998 quid
2360 2951 2464 2988 aliud

231 2998 338 3033 etiam
362 2997 512 3041 insuper
531 2996 766 3042 reperiamus,
791 3007 836 3030 ne
857 2995 926 3030 boc
942 2996 1085 3041 quidem
1103 2997 1183 3042 leqe
1206 2996 1508 3043 comprehendere
1524 2997 1680 3044 piqebit‚
1703 3002 1745 3032 ut
1760 3001 1943 3044 perpetuo
1960 3001 2092 3044 patres
2114 2999 2316 3033 existamus
2338 3007 2462 3033 eorum

232 3043 294 3090 qui
317 3042 387 3078 sibi
410 3042 482 3088 ipsi
505 3052 608 3087 opem
630 3041 734 3086 ferre
757 3045 947 3086 nequeunt.

1430 3135 1578 3167 2-annos
1602 3140 1632 3166 ει
1655 3133 1717 3165 hoc
1741 3145 1799 3165 om.
1814 3108 1867 3164 R—¹
1881 3131 1894 3172 ΙΙ
1910 3134 1930 3165 3
1954 3131 2063 3164 sciant
2087 3132 2140 3175 Vu
2159 3134 2179 3165 5
2197 3132 2318 3165 habeat
2341 3133 2428 3178 vulq-

279 3139 292 3167 1
321 3134 389 3177 μὲν
413 3133 522 3174 ἐχέτω
537 3132 586 3164 B'
601 3131 614 3174 ss
633 3131 653 3164 2
678 3130 889 3164 laxamenton
915 3129 1153 3175 (λαξαμέντον
1166 3133 1227 3175 Βε)
1251 3146 1313 3166 κα·
1383 3179 1436 3211 his
1459 3178 1509 3212 R!
1537 3178 1551 3223 u
1578 3179 1598 3211 6
1621 3179 1701 3210 sunt
1720 3177 1767 3218 V]
1796 3176 1865 3210 sint
1887 3177 1958 3210 BT
1978 3176 1991 3220 ΙΙ
2020 3179 2039 3210 7
2087 3176 2192 3219 ηοω]
2217 3178 2347 3220 quamsi
2369 3179 2419 3212 R¹
2449 3133 2464 3223 n

233 3179 355 3213 λοῦσιν
369 3178 471 3218 ΜΒΒ]
491 3174 638 3210 καλοῦσι
654 3176 858 3219 laxauentov
870 3178 911 3210 L.
943 3178 992 3221 Cf.
1006 3178 1087 3220 Diy.
1097 3178 1150 3218 26,
1162 3185 1189 3219 ’1,
1199 3186 1214 3211 7
1233 3183 1287 3218 §¹1
1303 3177 1316 3223 ΙΙ

232 3227 251 3259 3
277 3223 421 3258 δανείου
445 3223 477 3256 L
493 3222 505 3267 ΙΙ
532 3224 554 3256 4
578 3219 708 3263 ἑαυτὴν
733 3221 793 3264 Lfl
818 3225 837 3256 5
861 3223 933 3263 ἔχει
958 3223 1037 3258 Boe
1053 3222 1065 3266 ΙΙ
1083 3219 1315 3266 κηδευόμενος

232 3270 278 3303 L¹
297 3270 310 3306 ΙΙ
335 3271 355 3304 6
380 3265 618 3314 αὖταρκῶνῦ
636 3265 650 3310 Ι
674 3268 693 3302 8
717 3264 954 3311 κηδευομένου
978 3269 1026 3300 L¹
1045 3268 1058 3311 {1
1073 3266 1241 3314 τυγχάνοι
1256 3270 1286 3303 L
1303 3268 1314 3313 ΙΙ

235 3319 275 3349 10
299 3316 389 3348 *καὶ
412 3315 531 3348 seclusi
553 3314 609 3358 (cf.
624 3313 677 3348 22.
695 3313 751 3354 32)
769 3312 781 3355 ΙΙ
802 3315 843 3347 14
869 3309 1100 3355 ὠνήσασθαι]
1127 3319 1159 3345 et
1183 3324 1313 3356 compa-

231 3372 304 3393 rare
317 3373 336 3396 ς
353 3361 366 3403 ΙΙ
392 3363 433 3394 15
447 3359 637 3404 πρατῆραν
651 3358 682 3391 L
703 3357 716 3403 ΙΙ
744 3360 784 3392 16
797 3350 909 3391 οὖσαν
922 3358 965 3390 Μ
970 3358 1019 3391 Β*
1029 3360 1059 3399 ς]
1085 3359 1237 3411 ἔχουσαν
1249 3360 1280 3392 L
1302 3359 1315 3403 ΙΙ

236 3409 274 3439 17
300 3408 359 3438 καὶ
383 3419 440 3438 οηι.
456 3406 486 3437 L
517 3405 529 3447 ΙΙ
560 3405 599 3438 21
628 3399 763 3438 ὁπόσου
786 3399 901 3445 τόκος]
932 3399 1071 3436 ὁπόσον
1094 3417 1113 3436 o
1128 3401 1231 3437 τόκος
1249 3406 1279 3438 L
1304 3408 1314 3444 ΙΙ

234 3453 275 3484 22
293 3450 360 3492 τὴν
376 3448 497 3492 ἄλλην]
522 3449 670 3491 aliquam
697 3450 732 3491 (i.
746 3461 774 3482 e.
798 3444 888 3491 τιν’)
908 3448 1007 3482 aliam
1025 3461 1045 3484 ς
1070 3449 1083 3493 ΙΙ
1108 3445 1216 3482 αὐτοῦ
1231 3450 1280 3482 B⁸
1303 3449 1315 3494 Η

234 3498 275 3529 23
300 3493 420 3541 ἀρκεῖν
441 3497 488 3529 13⁸
518 3495 530 3539 ΙΙ
559 3497 602 3529 28
627 3491 727 3538 αὐτῷ
742 3495 844 3537 MBq
871 3491 982 3527 αὐτὸν
1008 3495 1067 3530 Lc
1094 3496 1106 3537 ΙΙ
1137 3496 1179 3528 29
1203 3492 1314 3529 ἁπτο-

226 3544 330 3583 μένω
357 3542 415 3583 Μ]
451 3536 668 3584 ἁπτομένων
691 3540 741 3574 B·
773 3536 982 3584 ἁπτόμενον
1007 3540 1067 3576 Le
1094 3539 1106 3583 ΙΙ
1133 3537 1192 3581 ὠς]
1219 3536 1314 3574 ὥστε

235 3587 281 3618 13⁵
309 3586 321 3629 ΙΙ
345 3588 383 3620 31
411 3584 548 3625 τάξεως
571 3587 621 3619 B·
630 3588 661 3628 ς]
695 3584 853 3626 ἐπείξεως
878 3586 925 3620 Μ
949 3582 1112 3630 πράξεως
1137 3586 1167 3618 L
1192 3590 1204 3630 ΙΙ
1231 3581 1310 3619 ἀλλ’

233 3644 290 3663 om.
306 3632 355 3664 B⁸
378 3632 390 3676 ΙΙ
418 3633 460 3665 32
485 3633 561 3677 *γε]
593 3644 633 3664 τε
658 3633 736 3666 libri
760 3631 772 3675 ΙΙ
796 3633 839 3666 34
862 3626 1066 3677 γινόμενον]
1092 3631 1211 3665 factam
1236 3632 1270 3671 (i.
1286 3645 1312 3665 e.

232 3677 460 3720 γινομένηνῗ)
485 3690 504 3712 ς
530 3678 542 3720 ll
565 3678 608 3710 38
633 3673 675 3709 οὗ
691 3678 749 3717 M]
772 3675 866 3719 μὴΙι

1385 3226 1404 3256 ἰ’
1414 3237 1461 3267 sq.
1466 3221 1765 3302 IfgrtezmogilisRV
1772 3222 1802 3301 ΙΙ2
1807 3223 1833 3302 18
1851 3221 2056 3300 οἰμειβηιὶΙῧ
2079 3221 2085 3266 Ι
2111 3222 2328 3302 οιιτῖηΤῐΤθ-ΙΙ
2353 3225 2374 3258 9
2388 3234 2461 3277 11111-

1382 3272 1470 3358 {geu
1493 3267 1627 3357 palinge
1646 3278 1694 3354 leli]
1718 3266 1946 3355 piscenissuel
1955 3269 2055 3346 agag-l
2073 3278 2193 3353 θὐῧῗογ
2215 3314 2228 3355 Ιί
2254 3269 2464 3348 Ιὲἕιὲιειδᾘῖιξῗ
2506 3289 2510 3293 .

1382 3359 1496 3402 R¹Vn
1521 3360 1563 3393 23
1580 3370 1640 3392 nos
1655 3371 1712 3391 om.
1730 3358 1787 3402 Vu
1802 3358 1844 3391 ad
1858 3358 1933 3400 hoc]
1953 3358 2015 3390 hoo
2029 3358 2071 3390 ad
2084 3358 2133 3397 R?
2149 3357 2172 3402 ΙΙΙ
2188 3360 2231 3392 24
2247 3359 2345 3392 deum
2362 3360 2418 3393 vul
2439 3362 2460 3402 .]
2481 3367 2485 3372 ‘

1383 3416 1457 3438 eum
1483 3406 1561 3438 libri
1581 3403 1594 3448 ΙΙ
1625 3405 1666 3437 25
1691 3403 1838 3444 Etenim]
1865 3404 1910 3436 At
1933 3403 2019 3436 enim
2043 3403 2077 3435 V
2101 3403 2113 3445 ΙΙ
2142 3405 2184 3438 26
2209 3404 2348 3437 tradidit
2369 3373 2438 3439 17Ἰῖ

1383 3451 1423 3484 27
1438 3450 1606 3491 *adicere1
1628 3450 1738 3482 dicere
1751 3449 1878 3490 (decere
1898 3449 1963 3490 1⁷⁶)
1979 3449 2112 3482 RV¹T
2119 3448 2130 3469 ¹
2150 3449 2311 3483 deducere
2332 3448 2439 3484 V⁸T²

1383 3497 1426 3530 29
1450 3495 1671 3528 adulescentis
1691 3494 1742 3527 V¹
1759 3494 1773 3538 ΙΙ
1789 3498 1865 3536 aget
1890 3494 1943 3527 T2
1956 3494 2040 3538 vulo.
2061 3493 2074 3538 ΙΙ
2099 3494 2141 3528 30
2165 3494 2356 3528 rociociniis
2376 3494 2429 3528 R·

1383 3542 1421 3575 31
1449 3541 1637 3573 cautionem
1659 3540 1711 3574 1⁷³
1735 3539 1748 3583 u
1772 3539 1872 3573 faeiat
1891 3539 1926 3573 R
1940 3538 1952 3583 11
1980 3540 2022 3573 33
2044 3541 2117 3583 pro]
2141 3550 2201 3583 per
2223 3539 2288 3584 Vfl
2311 3540 2355 3574 34
2379 3541 2412 3572 et
2431 3549 2461 3573 n

1381 3586 1463 3627 quid
1482 3588 1526 3627 et]
1551 3589 1584 3619 et
1598 3587 1625 3618 si
1642 3585 1775 3628 quidem
1791 3586 1824 3619 R
1848 3585 1875 3617 si
1897 3585 2030 3626 quidem
2053 3587 2087 3618 et
2109 3585 2164 3628 Vn
2181 3586 2224 3620 35
2247 3584 2339 3621 aliud
2361 3585 2460 3628 ναις]

1384 3632 1512 3674 aliquid
1536 3633 1614 3666 libri
1635 3632 1649 3675 fl
1671 3632 1775 3674 legem
1808 3630 1842 3664 V
1860 3629 1874 3673 ΙΙ
1900 3631 1943 3664 :36
1958 3630 2147 3672 pigebimm·
2162 3631 2250 3672 RV]
2272 3630 2400 3675 pigebit
2423 3629 2456 3664 T

1383 3678 1468 3721 vulq.
1487 3676 1500 3721 ΙΙ
1516 3686 1627 3710 eorum
1652 3690 1708 3710 om.
1730 3675 1786 3720 Vn
1804 3677 1845 3709 37
1865 3675 2088 3709 existimamus
2110 3676 2157 3710 V¹
