2476 3854
168 142 276 186 Nov.
299 142 394 186 CXI
423 156 484 199 pr.
519 147 539 186 1

167 252 250 288 τοὺς
279 254 340 296 τῆς
371 253 610 300 παραγραφῆς
641 249 793 296 δρόμους
823 252 1117 287 ἐπεκτείνεσθαι·
1154 248 1247 286 καθ’

167 296 214 342 ἣν
236 296 362 333 ἄδειαν
393 301 455 341 τῆς
477 298 644 340 τοιαύτης
674 297 893 341 νομοθεσίας
923 296 1054 333 πολλαὶ
1084 298 1152 341 μὲν
1180 296 1249 341 ἤδη

167 347 373 387 κεκίνηνται
396 342 604 384 ὑποθέσεις,
628 345 688 376 καὶ
712 338 829 387 ὥςπερ
852 339 1014 387 ἀρχαίων
1030 341 1251 387 τραυμάτων

168 388 208 423 αἱ
231 388 536 434 ἐπικαλυφθεῖσαι
560 385 706 421 ὦτειλαὶ
725 386 839 422 πάλιν
863 386 1106 430 ἡπλαὶθησαν,
1138 390 1199 421 καὶ
1228 384 1250 431 ἡ

167 434 312 468 τούτων
332 434 515 477 θεραπεία
534 431 731 477 προελθεῖν
751 429 816 466 οὗκ
832 429 999 476 ἠδυνήθη
1021 429 1157 476 δηλαδὴ
1174 435 1252 467 ταῖς

169 477 362 513 δυςκολίαις
385 479 463 512 τῶν
477 475 699 518 ἀποδείξεων
723 475 1008 521 ἐμποδισθεῖσα,
1041 475 1166 521 ἐπειδὴ
1190 475 1252 512 διὰ

168 523 340 558 τοσούτου
372 521 613 566 διαστήματος
642 523 707 556 τοῦ
738 523 868 558 αἰῶνος
896 522 1036 567 μᾶλλον
1066 522 1159 568 ἢπερ
1187 524 1252 558 τοῦ

168 570 296 613 χρόνου
334 566 418 602 οὔτε
453 564 475 611 ἡ
511 565 720 613 ἄκεραιότης
753 569 831 602 τῶν
866 565 1093 609 ἀποδείξεων
1124 565 1253 611 οὔτιὴ

170 617 288 647 πίστις
317 614 395 648 τῶν
419 615 688 659 πεπραγμένων
719 610 805 647 οὔτε
834 611 856 656 ἡ
882 611 1003 657 ἡλικία
1034 614 1146 657 ἰσχύει
1169 616 1254 658 βοη-

169 659 286 701 θῆσαι
309 661 382 693 τοῖς
403 659 593 704 μάρτυσιν.

1238 138 1323 186 522

1726 153 1848 186 HAEC
1877 153 2168 188 CONSTITU'HO
2196 154 2394 188 mNOVA'r

1320 249 1509 292 curricula,
1531 261 1598 296 per
1619 251 1720 288 cuius
1741 252 1920 288 licentiam
1941 253 2135 290 sanctionis
2154 254 2296 300 negotia
2315 254 2394 300 qui-

1320 296 1399 331 dem
1428 297 1542 331 multa
1575 301 1750 334 commota
1773 300 1857 334 sunt
1885 300 1922 334 et
1944 297 2041 334 velut
2071 298 2296 344 antiquorum
2318 300 2395 335 vul-

1318 351 1443 376 nerum
1477 341 1654 378 obductae
1689 346 1883 388 patuerunt
1922 343 2051 379 iterum
2088 344 2288 388 cicatrices,
2332 344 2396 380 sed

1320 396 1443 421 eorum
1482 386 1618 423 sanitas
1657 388 1843 433 provenire
1882 399 1955 425 non
1989 389 2107 434 potuit
2146 389 2397 434 probationum

1287 436 1306 468 5
1319 431 1457 467 scilicet
1479 431 1751 469 difficultatibus
1775 433 1955 478 impedita,
1982 434 2150 479 quoniam
2171 445 2236 480 per
2257 437 2397 470 tantum

1320 476 1454 529 saeculi
1477 477 1591 529 magis
1615 489 1720 523 quam
1744 478 1914 558 temfiporis
1938 480 2094 524 spatium
2118 489 2185 515 nec
2208 479 2396 515 documen·

1320 524 1573 601 tisffmtegrjtas
1597 533 1664 559 nec
1686 524 1777 560 actis
1827 525 1888 559 des
1915 533 1982 560 nec
2006 527 2106 560 aetas
2129 524 2223 561 valet
2244 524 2398 561 testibus

1322 577 1365 602 su
1392 576 1522 611 ragan.

1170 769 1326 806 CAPUT
1349 769 1380 806 I.

217 834 334 872 ‘'03811
358 836 482 882 ἐπειδὴ
507 838 551 885 τῇ
573 835 729 884 ἡμετέρᾳ
753 836 940 884 φιλοτιμίᾳ
962 834 1005 872 οὗ
1028 836 1251 883 συνέδραμεν

168 880 190 927 ἡ
213 885 291 917 τῶν
315 882 534 918 ὑποθέσεων
565 882 753 927 στενότης,
783 883 875 927 μετὰ
905 882 1075 929 λογισμοῦ
1106 880 1183 927 ἅμα
1212 896 1252 917 τε

169 931 228 962 καὶ
253 925 439 972 ὁσιότητος
469 929 745 974 τρακταΐζοντες
772 929 816 962 τὸ
841 929 1028 976 εἰρημένον
1051 929 1252 973 προνόμιον

167 975 357 1029 με’χριποῦ
383 971 539 1008 δυνατοῦ
563 977 693 1053 μέτρου
717 971 863 1027 ἀγαγεῖν
894 975 934 1007 ἐκ
955 974 1019 1016 τῆς
1041 977 1166 1019 πείρας
1190 974 1251 1007 αύ-

1364 836 1467 872 Unde
1491 836 1574 882 quia
1588 837 1746 882 largitati
1768 841 1914 875 nostrae
1938 848 2128 875 causarum
2151 849 2224 875 non
2243 838 2398 875 occurrit

1319 882 1500 927 angustia,
1533 892 1613 918 cum
1636 884 1774 920 ratione
1805 884 1910 920 simul
1940 894 1984 920 ac
2006 884 2175 928 religione
2200 887 2397 919 tractantes

1311 927 1541 973 praedictum
1564 927 1785 973 privilegium
1815 939 1929 983 usque
1958 929 2006 965 ad
2027 930 2231 974 possibilem
2254 928 2398 964 modum

1321 973 1452 1008 ducere
1476 973 1718 1018 experimento
1751 976 1976 1018 retraximus,
2009 978 2044 1009 et
2067 974 2242 1017 iubemus,
2272 974 2311 1009 in
2333 984 2397 1009 ne-

169 1030 231 1062 της
254 1018 478 1072 ειλζιύσαμεν,
509 1021 570 1072 καὶ
593 1032 632 1074 κς
654 1019 793 1072 εύομεν,
824 1029 913 1053 ouen
934 1019 996 1053 ἐπὶ
1018 1019 1096 1054 τῶν
1115 1017 1251 1054 cato-‘re'-
1267 1021 1307 1053 15
1319 1018 1436 1063 gotiis,
1461 1028 1551 1062 quae
1571 1019 1723 1055 antehac
1745 1020 1890 1064 triginta
1913 1030 2087 1055 annorum
2110 1018 2314 1055 removebat
2335 1028 2397 1054 ex-

169 1076 264 1098 σεων
294 1062 334 1098 ἇς
357 1064 429 1110 πρὸ
453 1077 584 1099 τουτου
611 1079 633 1108 η
658 1077 736 1099 των
761 1062 957 1110 τριάκοντα
980 1065 1158 1099 ἐνιαυτῶν
1182 1063 1251 1099 ἀπ-

170 1113 277 1143 εκίνει
309 1110 541 1156 παραγραφή,
576 1111 645 1144 νῦν
675 1112 753 1144 ταῖς
784 1112 931 1144 σεπταῖς
962 1108 1162 1152 ἐκκλησίαις
1191 1111 1251 1143 καὶ

168 1159 420 1200 μοναστηρίοις
443 1158 504 1188 καὶ
528 1154 693 1197 ξενῶσιν,
717 1156 772 1189 ἔτι
794 1168 835 1201 γε
857 1154 931 1198 μὴν
954 1157 1014 1188 καὶ
1030 1151 1250 1201 ὀρφανοτρο-

169 1204 281 1253 (perime
303 1203 363 1234 καὶ
386 1204 679 1246 βρεφοτροφείοις
702 1202 762 1234 καὶ
779 1203 967 1243 πτωχείοις
990 1197 1012 1242 ἦ
1032 1201 1110 1235 τῶν
1124 1212 1250 1234 τεσσα-

1321 1064 1449 1108 ceptio,
1482 1074 1579 1098 nunc
1602 1064 1862 1101 venerabilibus
1886 1064 2046 1101 ecclesiis
2077 1064 2147 1110 (et)
2172 1063 2398 1100 monasteriis

1320 1112 1356 1144 et
1387 1108 1587 1144 xenonibus
1623 1119 1691 1145 nec
1719 1120 1791 1146 non
1821 1108 2136 1155 orphanotrophiis
2168 1119 2211 1144 ac
2242 1108 2398 1154 brepho-

1319 1153 1473 1199 trophiis
1497 1157 1533 1189 et
1555 1154 1709 1199 ptochiis
1741 1155 1977 1200 quadraginta
2007 1164 2183 1190 annorum
2208 1153 2398 1199 protelatio

1320 1200 1543 1243 conferatur,
1587 1200 1686 1236 salva
1720 1200 1858 1236 scilicet
1896 1200 1993 1236 circa
2030 1199 2121 1235 alias
2154 1209 2328 1245 personas
2362 1202 2399 1234 et

170 1258 329 1291 ρακοντα
349 1247 528 1280 ἐνιαυτων
544 1247 733 1280 ἐπέκτασις
749 1245 958 1299 ἐπαγέσθω,
979 1243 1100 1298 &yma-s
1115 1242 1252 1289 δηλαδὴ
1265 1246 1306 1279 20
1320 1254 1449 1280 causas
1481 1244 1611 1280 virtute
1646 1254 1752 1289 quam
1787 1255 1927 1291 semper
1955 1245 2162 1281 tricennalis
2195 1244 2264 1280 sibi
2293 1252 2397 1290 prae-

169 1293 251 1334 περὶ
273 1290 320 1324 τὰ
344 1289 434 1324 ἄλλα
458 1291 634 1337 πρόςωποί
665 1303 706 1325 τε
734 1294 795 1324 καὶ
818 1303 1017 1337 πραγματα
1047 1301 1108 1333 της
1135 1289 1252 1332 ἰσχύος

168 1335 342 1381 μενούσης
361 1332 493 1379 ἥντινα
517 1334 562 1379 δὴ
585 1335 607 1379 ἦ
626 1337 703 1370 τῶν
719 1335 916 1381 τριάκοντα
939 1336 1119 1370 ἐνιαυτῶν
1142 1333 1251 1376 ἐξεδί-

169 1393 253 1424 κησε
274 1381 507 1428 παραγραφή,
531 1379 655 1424 ἐπειδὴ
671 1382 810 1423 ταύτην
834 1380 902 1424 τὴν
924 1382 1002 1415 τῶν
1026 1379 1112 1415 δέκα
1135 1382 1251 1415 ἐνιαυ-

169 1428 246 1460 τῶν
281 1427 492 1472 προςθήκην
526 1427 652 1471 μόνοις
686 1423 734 1460 ῶς
765 1426 901 1471 εἴρηται
936 1429 1010 1460 τοῖς
1045 1429 1253 1505 σῗθασμίοις

169 1473 295 1506 τόποις
324 1474 385 1505 καὶ
408 1473 462 1515 τῷ
488 1469 617 1515 δικαίῳ
642 1468 765 1506 αὐτῶν
795 1474 855 1505 καὶ
884 1474 958 1505 τοῖς
980 1481 1071 1506 συνα

168 1517 415 1561 χαριζόμεθα,
451 1518 510 1551 ἵνα
544 1516 787 1560 σχολάσαντος
820 1517 885 1551 τοῦ
921 1518 1087 1562 χρονικοῦ
1121 1529 1252 1551 τουτου

170 1561 412 1606 διαστήματος
442 1563 550 1596 τοῦτο
579 1564 646 1606 μὲν
671 1562 710 1596 αἱ
731 1560 967 1607 περσονάλιαι
997 1563 1106 1596 τοῦτο
1130 1559 1170 1595 δὲ
1192 1564 1251 1595 καὶ

170 1607 210 1641 αἱ
237 1604 485 1655 ὑποθηκάριαι
516 1604 539 1640 ἆ
565 1611 657 1654 ωγαὶ
688 1608 735 1642 εἰς
766 1607 809 1641 τὸ
835 1605 991 1650 διηνεκὲς
1022 1606 1251 1653 ἐφησυχάσω-

170 1664 247 1687 σιν·
285 1649 393 1686 οὐδὲν
416 1665 534 1687 παντε
556 1654 604 1687 ῶς
634 1654 712 1687 τῶν
734 1650 857 1687 ἄλλων
886 1653 1139 1699 παραγραφῶν
1162 1650 1252 1687 ἀπο-

1094 1469 1252 1526 λάγμασι
1266 1472 1308 1505 25
1321 1470 1479 1506 actiones
1514 1470 1550 1505 in
1583 1475 1795 1516 perpetuum
1828 1472 2100 1517 conquiescant:

1320 1289 1468 1334 scriptio
1498 1289 1718 1334 vindicabat,
1752 1290 1918 1335 quoniam
1948 1289 2043 1326 hanc
2066 1289 2101 1325 X
2137 1299 2312 1326 annorum
2334 1288 2398 1324 ad-

1319 1335 1507 1370 iectionem
1531 1335 1616 1371 solis
1649 1338 1689 1371 ut
1712 1335 1848 1371 dictum
1871 1338 1927 1372 est
1949 1334 2122 1380 religiosis
2146 1335 2233 1370 locis
2257 1343 2398 1370 eorum-

1321 1389 1389 1425 que
1411 1380 1482 1415 iuri
1505 1380 1559 1415 vel
1577 1381 1821 1416 contractibus
1845 1381 2079 1426 indulgemus,
2103 1383 2146 1415 ut
2168 1380 2307 1426 sopitae
2329 1379 2399 1415 hoc

1320 1425 1490 1471 temporis
1515 1426 1631 1470 spatio
1662 1430 1736 1461 tam
1758 1426 1966 1471 personales
1990 1435 2096 1471 quam
2119 1424 2399 1506 hgffithecariae

2201 1470 2208 1478 '
2256 1469 2399 1522 penitus

1320 1515 1398 1551 aliis
1423 1515 1692 1560 exceptionibus
1717 1516 1939 1562 derogantes,
1968 1516 2032 1552 sed
2053 1519 2127 1552 tam
2149 1514 2271 1551 annali
2293 1524 2400 1560 quam

1320 1560 1465 1596 triennii
1481 1575 1588 1592 uu-
1608 1562 1677 1596 vim
1695 1562 1874 1607 roburque
1894 1561 2109 1598 tenentibus.
2157 1561 2200 1596 In
2213 1560 2284 1596 illis
2298 1569 2400 1595 nam-

1321 1615 1406 1650 que,
1438 1609 1479 1640 ut
1502 1605 1636 1641 dictum
1660 1609 1731 1651 est,
1761 1610 1902 1643 tantum
1925 1607 2075 1652 negotiis
2105 1605 2289 1651 religiosos
2314 1613 2399 1640 con-

1320 1653 1459 1686 tractus
1492 1655 1687 1688 memorato
1727 1653 1964 1697 quadraginta
2002 1661 2178 1688 annorum
2216 1649 2399 1696 privilegio

169 1698 369 1742 μειοῦντες,
393 1694 483 1732 ἀλλὰ
508 1699 616 1732 τοῦτο
639 1699 706 1743 μὲν
729 1711 774 1744 τῃ
798 1699 1001 1740 ἐνιαυσιαίᾳ
1032 1700 1091 1731 καὶ
1122 1698 1166 1744 τῇ
1191 1698 1253 1740 τῆς
1266 1697 1307 1730 30
1321 1696 1483 1732 volumus
1517 1697 1674 1741 perfrui,
1714 1697 1752 1732 in
1787 1698 1917 1751 quibus
1957 1697 2009 1733 eis
2049 1700 2190 1733 centum
2225 1705 2400 1731 annorum

170 1747 326 1788 τριετίας
348 1745 570 1790 παραγραφῇ
594 1746 654 1777 καὶ
677 1746 755 1777 ταῖς
778 1741 918 1785 ἄλλαις,
951 1744 1082 1777 αἵτινες
1104 1743 1152 1777 εἰς
1175 1746 1251 1786 μεί-

172 1791 276 1830 ζονας
298 1786 320 1831 ἢ
344 1787 539 1823 ἐλάττονας
561 1787 728 1822 ἕλκονται
750 1789 908 1834 χρόνους,
932 1788 1001 1831 τὴν
1024 1786 1123 1822 ἰδίαν
1146 1785 1252 1821 δύνα-

169 1847 235 1878 μιν
264 1837 324 1867 καὶ
355 1834 397 1868 τὸ
421 1834 549 1879 κράτος
580 1835 751 1876 ἐχόντων.
800 1837 859 1867 καὶ
882 1833 951 1879 γὰρ
982 1830 1031 1867 οὖς
1052 1833 1189 1880 εἴρηται
1211 1834 1251 1867 ἐν

170 1879 299 1923 μόναις
321 1881 400 1914 ταῖς
422 1875 646 1914 ὑποθέσεσιν
668 1880 746 1912 τῶν
770 1880 917 1913 σεπτῶν
939 1877 1070 1913 τόπων
1091 1878 1138 1913 τὰ
1162 1878 1251 1912 θεῖα

1322 1743 1603 1786 praerogativam
1628 1743 1834 1779 constitutio
1855 1746 1979 1779 nostra
1999 1741 2212 1778 contulerat.
2252 1741 2290 1776 Si
2310 1750 2399 1786 quas

1320 1787 1426 1831 plane
1458 1797 1585 1822 causas
1617 1790 1701 1823 ante
1732 1788 1826 1823 hanc
1849 1792 2008 1823 nostram
2040 1786 2331 1823 constitutionem
2353 1785 2400 1820 ab

1321 1832 1479 1869 ecclesiis
1503 1832 1705 1880 ceterisque
1728 1833 1841 1869 sacris
1860 1833 1951 1870 locis
1970 1832 2187 1877 ubicumque
2204 1834 2399 1868 commotas

171 1923 452 1977 συναλλαγματα
487 1925 540 1967 τῷ
571 1924 863 1969 μνημονευθέντι
893 1928 1098 1979 προνρμίῳ,
1111 1924 1189 1958 τῶν
1211 1923 1248 1968 μ’
1261 1923 1303 1956 35

171 1972 349 2004 ἐνιαυτων
371 1968 584 2014 βουλόμεθα
610 1966 860 2010 ἐναπολαύειν,
891 1970 948 2015 ἐφ’
970 1970 1023 2004 ὠν
1055 1971 1174 2003 αυτοῖς
1204 1968 1247 2003 τὸ

171 2016 249 2049 τῶν
272 2014 302 2060 ρ’
328 2016 505 2049 ἐνιαυτῶν
534 2012 733 2060 προνόμιον
761 2011 783 2057 ἡ
808 2012 970 2054 διάταξις
992 2010 1097 2058 ἡμῶν
1120 2011 1248 2048 ἐδίδου.

171 2058 459 2115 ὁμολογηθέντος
502 2057 549 2094 ῶς
583 2060 619 2094 εἴ
648 2071 750 2095 τινας
785 2056 978 2094 ὑποθέσεις
1012 2059 1083 2105 πρὸ
1120 2058 1251 2102 ταύτης

170 2107 277 2149 ημῶν
285 2107 361 2161 (τῆς
375 2103 572 2159 διατάξεως
595 2101 667 2139 ὑπὸ
691 2106 768 2139 τῶν
788 2103 986 2148 ἐκκλησιῶν
1009 2108 1070 2138 καὶ
1089 2105 1166 2139 τῶν
1181 2103 1251 2138 λοι-

171 2164 256 2185 πων
280 2164 387 2196 ιερων
410 2163 540 2185 τοπων
571 2148 802 2192 ὁπουδήποτε
825 2150 1038 2193 κινηθείσας
1063 2147 1251 2192 δικαστικὴ
1265 2151 1308 2183 40

172 2241 254 2276 cula
274 2240 500 2287 eoeceptionis
523 2239 691 2275 extendi:
721 2250 771 2274 eoe
787 2249 861 2284 qua
882 2238 1026 2275 licentia
1049 2238 1226 2273 eiusmodi
1250 2237 1327 2283 leqe
1350 2236 1439 2272 data
1462 2237 1595 2272 multae
1617 2236 1691 2272 iam
1714 2248 1847 2273 causae
1869 2241 1989 2273 motae
2007 2241 2103 2279 sunt,
2126 2240 2163 2273 et
2176 2236 2286 2272 veluti
2307 2234 2400 2271 anti-

173 2297 327 2332 quorum
350 2285 536 2321 vulnerum
560 2283 736 2320 obductae
759 2285 946 2319 cicatrices
968 2293 1096 2318 rursus
1116 2286 1328 2329 patuerunt,
1352 2292 1467 2327 neque
1482 2292 1608 2318 eorum
1630 2282 1776 2318 sanatio
1791 2282 1981 2318 succedere
1999 2282 2127 2334 potuit
2144 2281 2401 2328 probationum

171 2332 308 2367 scilicet
330 2329 609 2410 difffcultatibus
634 2329 824 2376 impedita,
858 2329 1029 2375 quoniam
1056 2339 1126 2375 per
1157 2331 1295 2363 tantum
1327 2327 1486 2408 spfgtium
1513 2327 1656 2407 ῧαεοᾳῖι·
1682 2328 1799 2373 maqis

389 2419 487 2456 Unde
510 2421 597 2466 quia
621 2374 833 2455 ἰίἷζῇαίῖίἰιῖἕῗί
843 2379 1008 2455 ‘hoggi-'11⁷5
1031 2376 1852 2463 ζιιῑξιαῑοῖιίῗιξνὶξεῗδαὲδνῗύηυιῖῖἶιῖειιίδξθεοτανη
1875 2417 2019 2452 ratione
2041 2414 2149 2451 simul
2170 2418 2205 2451 et
2227 2413 2402 2460 reliqione

171 2377 291 2423 qritas
307 2387 382 2456 pro
407 2376 570 2411 alionum
592 2386 637 2411 ne

1831 2337 1939 2373 quam
1972 2331 2144 2373 temperas
2174 2337 2289 2372 neque
2310 2326 2401 2362 inte-

171 2466 397 2514 praedz'ctum
424 2465 653 2512 privileqium
681 2464 732 2500 ad
760 2464 930 2500 idoneum
961 2463 1104 2499 modum
1134 2462 1367 2510 rediyendum
1391 2467 1559 2498 curantes
1589 2473 1640 2498 ex
1661 2463 1743 2509 ipsa
1773 2461 2002 2509 experientia
2021 2460 2263 2503 retraximus,
2291 2463 2402 2506 atque

172 2512 427 2559 praecipimus,
459 2515 499 2546 ut
521 2511 560 2545 in
584 2511 714 2552 causis,
746 2520 839 2556 quas
862 2514 970 2545 antea
996 2509 1148 2555 triqinta
1178 2519 1358 2544 annorum
1386 2518 1477 2543 exce
1505 2507 1555 2543 tio
1587 2507 1932 2551 removebat‚-nune
1956 2505 2216 2542 venerabilibus
2243 2504 2402 2541 ecclesiis

174 2563 208 2594 et
231 2556 458 2592 monasteriis
482 2559 517 2591 et
537 2555 743 2592 :senonibus
766 2565 811 2590 ac
835 2559 1026 2602 praeterea
1050 2552 1376 2601 orphanotrophiis
1406 2557 1442 2588 et
1486 2551 1758 2599 rephotrophiis
1780 2557 1816 2588 et
1837 2551 1995 2599 ptochiis
2017 2550 2160 2598 quadra
2186 2550 2265 2585 inta
2287 2559 2400 2585 anno-

174 2614 254 2638 rum
270 2602 457 2648 porrectio
481 2601 709 2646 conferatur,
732 2600 835 2636 salva
858 2599 997 2636 scilieet
1019 2600 1117 2635 circa
1139 2598 1302 2645 reliquas
1325 2603 1360 2634 et
1374 2608 1560 2645 personas
1580 2601 1615 2634 et
1633 2608 1694 2633 res
1716 2598 1751 2634 vi
1770 2602 1934 2633 manente
1957 2607 2065 2643 quam
2107 2596 2146 2631 ui
2171 2605 2224 2632 em
2249 2592 2401 2641 triqinta

175 2658 354 2683 annorum
404 2647 618 2691 raescriptio
642 2645 713 2680 sibi
733 2645 943 2687 vindicavit,
967 2645 1140 2690 quoniam
1163 2644 1257 2679 hanc
1280 2643 1400 2679 decem
1421 2654 1599 2679 annorum
1621 2642 1858 2679 adiectionem
1877 2642 1977 2684 solis,
2001 2645 2043 2676 ut
2085 2644 2193 2676 ectum
2211 2643 2275 2682 est,
2299 2650 2401 2676 vene·

174 2692 349 2728 rabilibus
372 2658 469 2726 focis
499 2701 695 2736 eorumque
724 2690 798 2725 iuri
826 2695 862 2726 et
892 2689 1138 2726 contractibus
1169 2689 1356 2735 larqimur,
1387 2693 1428 2724 ut
1451 2693 1612 2724 cessante
1642 2687 1712 2723 hoc
1736 2688 1907 2768 temporis
1936 2687 2057 2733 spatio
2088 2691 2160 2722 tam
2219 2683 2402 2720 ersonales

176 2748 283 2783 quam
307 2735 590 2783 hypothecariae
612 2735 772 2771 actiones
794 2735 834 2770 in
855 2739 1070 2782 perpetuum
1093 2734 1298 2781 quiescant:
1328 2744 1408 2769 eum
1427 2733 1577 2779 reliquis
1598 2734 1804 2780 exceptioni
1831 2743 1872 2768 us
1894 2731 1987 2767 nihil
2008 2733 2153 2767 omnino
2241 2739 2400 2776 oqemuS,

174 2782 239 2818 sed
263 2787 334 2817 tam
359 2780 484 2816 annali
507 2791 615 2826 quam
644 2780 790 2816 triennii
806 2780 1096 2832 praescriptioni
1124 2780 1322 2825 ceterisque
1351 2788 1446 2825 quae
1475 2777 1525 2814 ad
1553 2778 1696 2814 maiora
1720 2778 1776 2814 vel
1796 2778 1940 2813 minora
1970 2781 2132 2823 tempora
2156 2774 2402 2812 extenduntur

173 2828 329 2874 propria
361 2827 413 2862 vis
444 2836 488 2860 ac
518 2825 631 2860 robur
659 2829 831 2861 servetur.
880 2824 1041 2867 Etenim,
1072 2825 1180 2860 sicuti
1203 2824 1337 2859 dictum
1360 2827 1431 2866 est,
1463 2824 1501 2859 in
1531 2824 1619 2859 solis
1649 2824 1770 2859 causis
1799 2822 2052 2859 venerabilium
2083 2821 2246 2857 locorum
2273 2828 2402 2854 sacros

176 2876 386 2908 contractus
415 2870 608 2917 privileqio
643 2881 756 2916 supra
791 2875 989 2906 memorato
1052 2869 1272 2916 uadraqinta
1303 2879 1482 2904 annorum
1515 2868 1664 2915 perfrui
1693 2867 1874 2910 volumus,
1912 2867 1950 2902 in
1981 2867 2112 2912 quibus
2141 2865 2231 2911 ipsis
2260 2866 2399 2900 centum

176 2928 353 2953 annorum
371 2915 603 2962 privile-qiam
627 2915 836 2950 constitutio
859 2919 987 2950 nostra
1036 2914 1170 2950 ederat.
1221 2914 1382 2950 Ceterum
1406 2914 1444 2948 in
1467 2914 1635 2959 confesso
1659 2917 1730 2955 est,
1761 2913 1793 2948 si
1815 2923 1908 2958 quas
1931 2921 2063 2947 causas
2092 2915 2176 2946 ante
2199 2909 2294 2945 hanc
2316 2918 2399 2944 con-

175 2962 397 2998 stitutionem
429 2965 590 2995 nostram
624 2960 669 2995 ab
701 2959 859 2994 ecclesiis
894 2960 1093 3006 ceterisque
1123 2960 1240 2995 sacris
1270 2959 1359 2994 locis
1389 2958 1603 3003 ubicumque
1632 2963 1748 2993 motas
1780 2956 1960 2993 iudicialis
1993 2955 2170 2992 sententia
2198 2952 2257 2989 vel
2283 2957 2399 2988 trans-

180 3017 2393 3033 ,μμ-*ἐ*-

234 3054 255 3087 2
277 3048 405 3085 ἄδειαν
418 3051 617 3089 Zachariae]
641 3046 745 3082 ἄδεια
771 3049 820 3089 Μ’,
857 3045 961 3091 ἀδείᾳ
986 3062 1054 3083 cum
1073 3050 1257 3093 Scrimyero

177 3099 263 3140 vulq.
280 3098 293 3140 ss
311 3099 334 3131 4
357 3093 471 3131 πάλαι
496 3095 540 3128 M
544 3094 589 3137 ⁰ss
609 3096 628 3127 5
654 3091 877 3138 *προελθεῖν
899 3095 1020 3137 scripsi
1035 3107 1073 3127 ez·
1093 3096 1123 3136 ς]
1148 3105 1257 3139 προσ-

177 3142 302 3177 ελθεῖν
327 3142 372 3175 Μ
394 3141 406 3185 ΙΙ
435 3143 455 3174 6
479 3136 604 3181 ἐπειδὴ
631 3139 815 3182 Homberyk
840 3152 878 3171 ex
903 3141 932 3179 ς]
971 3136 1096 3181 ἐπειδὴ
1121 3137 1161 3172 δὲ
1187 3139 1229 3172 Μ
1248 3139 1260 3182 ΙΙ

178 3192 198 3224 9
222 3183 333 3222 *οὐδὲ
357 3187 426 3226 Ml!
443 3186 485 3219 12
506 3179 609 3228 *ἅμα
629 3185 680 3224 τε]
705 3178 782 3226 ἅμα
806 3181 845 3215 δέ
866 3184 933 3226 Mss
954 3186 991 3218 17
1018 3186 1166 3218 σεπταῒς
1189 3184 1257 3217 Ζα-

178 3236 310 3268 chariae
335 3245 373 3266 ez·
396 3233 427 3272 ς]
463 3231 522 3264 ἐπὶ
551 3231 628 3263 ταῖς
653 3229 698 3261 M
721 3228 733 3271 ΙΙ
766 3229 807 3262 28
840 3229 899 3262 ἐπὶ
924 3225 1153 3280 ἡσυζάσωσιν
1178 3229 1221 3261 M
1247 3228 1259 3272 ΙΙ

179 3281 221 3313 33
246 3277 419 3320 ἐχόντων]
456 3283 622 3319 exspectas
645 3273 835 3318 τηροῦντες
860 3275 910 3306 vel
932 3270 1092 3306 διδυντες
1121 3275 1258 3317 (νέμον-

177 3335 234 3358 τες
250 3337 346 3368 prop.
362 3321 573 3361 Zachariae),
596 3321 655 3353 sed
670 3322 701 3352 in
715 3320 882 3362 prioribus
898 3320 1006 3361 potius
1026 3320 1134 3351 vilium
1159 3320 1259 3351 latere

181 3378 281 3403 textus
302 3371 419 3402 latinus
436 3368 539 3400 innuit
554 3365 567 3408 ΙΙ
592 3366 634 3399 37
659 3359 772 3407 *ἡμῖν
792 3363 836 3397 M
849 3362 861 3398 ΙΙ
879 3364 920 3397 38
946 3358 1259 3408 *ὁμολογηθέντος

179 3409 245 3448 οὖν
261 3413 297 3447 εἴ
306 3423 409 3447 τινας
426 3412 472 3445 Μ
489 3411 527 3444 Si
544 3420 625 3452 quas
648 3408 746 3452 plane
770 3410 804 3450 (i.
819 3421 845 3442 e.
857 3404 970 3441 Ὅλως
993 3400 1058 3441 οὖν
1075 3407 1109 3440 εἴ
1121 3408 1257 3449 τιναςῖ)

182 3474 217 3499 ς;
244 3460 426 3494 desiderari
449 3453 496 3490 ῶς
521 3458 584 3490 iam
610 3455 796 3489 Zachariae
819 3455 939 3487 monuit

231 3596 245 3627 1
268 3592 418 3626 curicula
438 3591 493 3636 ΤΙΙ
512 3592 612 3624 buius
629 3591 660 3624 R
676 3589 688 3634 ΙΙ
714 3590 733 3623 3
757 3589 962 3632 putruerunt
976 3587 1069 3619 intus
1090 3586 1259 3619 cicatrices

188 3639 241 3682 ΤΙΙ
266 3638 332 3678 sed]
358 3641 390 3670 et
414 3638 499 3681 vulq.
518 3636 531 3680 ΙΙ
554 3639 575 3670 4
599 3646 738 3678 prouere
765 3634 815 3667 T¹
838 3633 852 3677 ΙΙ
876 3635 896 3667 5
919 3632 1063 3675 inpediti
1090 3632 1138 3665 Τι
1155 3631 1168 3675 ΙΙ
1184 3634 1258 3664 tan-

183 3687 253 3715 tum
279 3683 414 3723 saeculi]
439 3685 548 3714 tamen
573 3681 698 3713 scilicet
722 3679 769 3712 R¹
794 3679 807 3722 ss
831 3680 852 3712 6
875 3678 1032 3721 temporis
1054 3677 1104 3711 V³
1127 3679 1160 3710 in
1179 3689 1258 3717 ras„

183 3728 396 3761 seculiabus?
421 3727 466 3760 1⁷¹
485 3726 499 3771 n
514 3730 531 3760 7
547 3737 606 3759 nec
629 3740 685 3759 om.
702 3724 749 3757 Η*
766 3724 779 3768 ΙΙ
799 3726 835 3759 11
856 3723 946 3766 quia]
967 3733 1066 3766 quam
1083 3724 1114 3756 Τ
1128 3722 1141 3767 ΙΙ
1156 3721 1256 3764 largi-

1326 3048 1405 3082 tatis
1423 3049 1508 3089 libri,
1522 3060 1604 3081 corr.
1617 3048 1703 3091 vulq.
1721 3046 1734 3090 ΙΙ
1754 3048 1795 3080 12
1811 3047 1861 3087 ao]
1886 3046 1947 3078 hau
1969 3044 2024 3088 Vll
2044 3046 2085 3078 14
2099 3043 2148 3084 in]
2169 3043 2258 3076 utin
2274 3043 2367 3076 Beck
2388 3043 2401 3087 ss

1328 3095 1368 3128 16
1381 3096 1414 3127 et
1430 3093 1507 3126 add.
1519 3093 1613 3126 Beck
1624 3092 1636 3134 Η
1650 3093 1689 3126 17
1704 3094 1736 3124 et
1749 3089 1947 3131 xenonibus]
1970 3091 2002 3122 et
2017 3087 2222 3122 xenobusR¹
2245 3087 2400 3120 exenoni-

1325 3138 1387 3172 bus
1413 3138 1446 3171 Τ
1473 3136 1659 3170 xenonibus
1682 3137 1834 3178 (erasum)
1858 3135 1920 3178 Vll
1949 3133 2198 3176 bephotrophiis
2220 3133 2254 3166 R
2289 3133 2400 3166 retho-

1326 3182 1468 3225 trophiis
1490 3182 1523 3214 V
1544 3181 1742 3224 brest⁰phiis
1768 3181 1801 3214 T
1823 3181 1835 3223 ΙΙ
1869 3180 1908 3214 18
1930 3181 1963 3212 et
1986 3192 2044 3212 om.
2068 3179 2100 3212 Τ
2122 3178 2134 3222 ΙΙ
2164 3178 2312 3222 ptochiis
2338 3178 2370 3212 T
2389 3177 2401 3222 ΙΙ

1325 3226 1503 3270 protelatio
1533 3226 1723 3260 conferatur
1757 3224 1857 3265 salva]
1897 3224 2086 3257 conferatur
2119 3223 2213 3256 salua
2246 3222 2401 3266 probatio

1325 3271 1515 3314 (protelatio
1531 3270 1593 3311 T',
1618 3270 1713 3303 salua
1727 3282 1754 3303 s.
1767 3283 1796 3302 v.
1811 3271 1923 3313 repetit
1937 3270 1970 3303 T
1975 3268 2002 3311 ⁸)
2025 3269 2057 3302 Τ
2071 3268 2083 3313 ΙΙ
2102 3270 2141 3303 19
2158 3267 2285 3302 scilicet
2299 3269 2400 3309 ciros]

1326 3317 1415 3350 circa
1438 3319 1471 3348 et
1494 3315 1621 3348 scilicet
1642 3314 1703 3358 Vll
1726 3316 1768 3348 20
1784 3316 1894 3356 quam]
1920 3325 2017 3356 quem
2038 3314 2071 3347 V
2088 3324 2154 3356 qua
2169 3314 2218 3347 R¹
2243 3314 2323 3355 quia
2340 3313 2373 3347 T

1325 3360 1496 3394 tricenalis
1519 3360 1649 3403 RVTn
1667 3361 1706 3394 21
1733 3359 1931 3392 uendicabat
1954 3359 2159 3401 (uendicabit
2182 3359 2243 3399 12¹)
2267 3358 2372 3391 RVT

1326 3407 1369 3439 22
1393 3416 1505 3439 eorum
1530 3406 1560 3437 V
1578 3405 1591 3449 ΙΙ
1617 3406 1658 3439 23
1684 3405 1768 3438 iuris
1792 3403 1842 3437 R¹
1888 3404 2066 3446 indulgens
2093 3403 2142 3437 Τι
2157 3403 2169 3448 ΙΙ
2197 3404 2240 3438 24
2262 3403 2401 3446 ypothe-

1326 3450 1403 3484 cacE
1426 3451 1471 3484 T¹
1491 3450 1504 3494 ΙΙ
1520 3451 1562 3484 25
1586 3450 1828 3493 imperpetuum
1894 3448 1950 3493 Vss
1968 3450 2011 3483 26
2034 3448 2149 3481 annali
2170 3449 2339 3488 Fabroeas]
2363 3447 2400 3480 111

1325 3496 1401 3528 aliis
1418 3496 1494 3529 libri
1513 3494 1773 3539 (exceptionibus
1794 3494 1987 3536 derogantes
2003 3496 2079 3528 add.
2093 3494 2154 3536 1³¹)
2171 3494 2184 3537 ΙΙ
2201 3495 2243 3528 27
2260 3491 2401 3526 triennii.

1329 3542 1432 3582 Beck]
1462 3540 1609 3573 triennio
1632 3540 1810 3582 (tricennio
1834 3539 1880 3581 R)
1904 3540 1981 3574 libri
1994 3540 2006 3582 ΙΙ
2032 3541 2179 3573 lacunam
2203 3550 2266 3572 non
2289 3544 2402 3571 notant

1326 3587 1413 3628 libri,
1437 3596 1537 3627 quam
1559 3585 1698 3619 triennii
1720 3584 1929 3631 <exceptione
1953 3587 1986 3618 et
2009 3584 2085 3618 aliis
2107 3594 2191 3626 quae
2214 3582 2252 3616 in
2274 3582 2400 3615 maiora

1325 3630 1377 3664 vel
1400 3631 1529 3664 minora
1552 3631 1733 3664 trahuntur
1755 3632 1915 3673 tempora,
1937 3640 2029 3663 suam
2070 3629 2138 3662 vim
2150 3627 2271 3672 ΒεοΙσΙΙ
2290 3628 2332 3661 28
2349 3628 2399 3659 ta-

1325 3687 1398 3709 men
1423 3676 1456 3709 R
1471 3675 1483 3720 ΙΙ
1511 3678 1710 3717 contractus]
1734 3678 1924 3709 contractus
1947 3678 1995 3708 est
2053 3674 2094 3718 ἸΙ
2119 3675 2161 3708 29
2185 3671 2399 3715 quadriginta

1329 3722 1360 3754 Τ
1373 3722 1386 3766 ΙΙ
1402 3723 1444 3755 30
1468 3722 1503 3754 in
1530 3721 1581 3755 his
1605 3721 1726 3764 quibus
1749 3721 1801 3757 ἸΨ
1819 3721 1833 3766 u
1848 3721 1918 3754 eius
1944 3719 2028 3764 1¹¹1!
2050 3720 2089 3753 31
2116 3720 2344 3762 praerogatam
2372 3716 2404 3750 Τ
