2476 3854
120 81 229 126 Nov.
253 81 436 125 CXXIII
468 86 633 125 11—14
1193 81 1277 128 604
1960 100 2020 132 nn
2048 100 2347 137 saucmssrms

117 191 142 226 2
188 190 244 226 Εἴ
267 203 321 227 τις
352 190 392 227 δὲ
422 194 617 228 ἐπίσκοπος
647 192 741 227 κατὰ
776 190 858 228 τοὺς
889 191 1201 238 ἐκκλησιαστικοὺς
1267 194 1291 230 2
1334 194 1524 231 sacerdoti.
1573 196 1610 231 Si
1626 197 1704 242 quis
1721 199 1838 233 autem
1861 197 2050 244 episcopus
2075 200 2271 237 secundum
2286 212 2346 239 ec-

118 233 274 271 κανόνας
296 238 359 280 τῆς
378 237 570 283 ἱερωσύνης
591 237 780 282 ἐκβληθεὶς
798 236 1009 282 τολμ’σειεν
1029 240 1201 283 ἐπιβῆναι
1269 238 1488 275 clesiasticas
1519 241 1660 284 regulas
1693 243 1891 279 sacerdotio
1919 244 2046 289 pulsus
2069 248 2348 292 praesumpserit

117 281 180 324 τῆς
210 280 349 325 πόλεως
379 283 417 323 ἐξ
447 284 487 326 ἡς
518 281 711 326 ἐξεβλήθη,
747 279 772 325 ἢ
795 295 887 317 κατα
911 285 1008 318 ιπεῖν
1040 282 1108 318 τὸν
1139 283 1199 318 τό·
1267 283 1406 327 ingredi
1437 284 1614 321 civitatem
1643 297 1689 323 ex
1717 298 1790 332 qua
1818 289 1945 333 pulsus
1969 292 2041 333 est,
2073 289 2275 335 relinquens
2294 292 2346 328 lo·

117 338 190 361 πον
213 328 253 362 ἐν
276 327 306 369 ιρ
331 326 525 369 ἐκελεύσθη
550 325 701 373 διάγειν,
726 325 914 372 κελεύομεν
935 329 1068 362 τοῦτον
1090 341 1199 374 μονα·
1269 338 1351 363 cum
1380 328 1419 364 in
1442 340 1512 374 quo
1535 330 1654 368 iussus
1678 336 1733 368 est
1756 332 1893 378 degere,
1916 333 2079 370 iubemus
2103 336 2198 371 hunc
2222 346 2345 372 mona-

117 375 254 426 ‘JT'IQffi‘’
286 373 326 406 ἐν
356 370 458 427 ἄλλῃ(
479 374 633 427 ἐπαρχίᾳ
648 372 879 426 ς’καθιεστᾱὶττ
910 371 1198 418 παραδίδοσθαι,
1236 377 1255 410 5
1269 373 1376 409 sterio
1407 373 1445 409 in
1475 374 1547 410 alia.
1577 377 1721 420 regione
1752 378 1946 414 constItuto
1978 379 2088 422 tradi,
2121 381 2163 415 ut
2189 390 2280 433 quae
2308 381 2347 417 in

117 429 178 450 ινα
202 429 308 495 απερδ
319 418 358 449 ἐν
371 431 426 494 §a
444 429 620 465 ιερωσυνῃ
644 430 780 463 ημαρτε
803 415 942 464 διάγων
959 419 1000 452 ἐν
1014 420 1068 462 τῷ
1088 431 1199 463 μονα·
1269 418 1468 455 sacerdotio
1493 419 1641 465 deliquit
1663 422 1794 467 degens
1816 422 1854 458 in
1877 424 2091 460 monasterio
2116 429 2281 470 corrlgat.

118 471 253 506 στηριῳ
311 474 365 506 cop
399 473 549 504 ωσηται.

1106 541 1263 578 CAPUT
1285 541 1370 578 XII.

180 594 376 640 Κληρικοὺς
401 593 440 629 δὲ
462 592 525 629 οὐκ
549 593 664 630 ἄλλως
686 596 975 642 χειροτονεῖσθαι
997 599 1197 644 συγχωροῖι-
1334 597 1490 634 clericos
1522 602 1641 635 autem
1671 610 1745 637 non
1773 601 1878 637 anter
1908 602 2067 638 ordinari
2098 603 2346 648 permittimus,

113 653 190 684 μεν,
228 641 259 673 εἰ
290 640 340 685 μὴ
370 639 567 687 γράμματα
595 641 696 675 ἴσασι
727 644 788 676 καὶ
820 638 943 687 ὀρθὴν
977 646 1105 678 πίστιν
1138 646 1199 677 καὶ
1266 643 1335 678 nisi
1353 643 1491 681 litteras
1511 644 1627 680 sciant
1650 648 1687 681 et
1701 648 1836 682 rectam
1858 646 1965 683 fidem
1980 648 2159 692 vitamque
2176 649 2345 692 habeant,

113 688 197 728 βίον
222 685 356 727 σεμνὸν
376 687 505 729 ἔχουσι,
529 689 590 720 καὶ
608 685 691 720 οὔτε
714 685 904 730 παλλακὴν
927 684 1012 722 οὔτε
1031 687 1200 733 φυσικοὺς
1215 691 1254 723 10
1268 691 1304 723 et
1331 698 1448 733 neque
1479 690 1715 726 concubinam
1746 694 1810 726 aut
1838 693 2019 728 naturales
2048 693 2253 730 habuerunt
2283 696 2347 730 aut

114 732 217 772 ἔσχον
241 727 263 772 ἢ
286 730 404 773 ἔχουσι
427 728 577 774 παῖδας,
602 727 684 765 ἀλλ’
710 729 734 775 ἢ
757 731 959 779 σωφρόνως
981 734 1153 777 βιοῦντας
1175 729 1198 777 ἢ
1267 733 1424 769 habeant
1447 734 1556 777 filios,
1588 735 1653 771 sed
1676 738 1775 771 caste
1798 736 1953 772 viventes
1977 740 2040 773 aut
2063 748 2209 774 uxorem
2231 738 2346 784 legiti-

112 774 274 820 γαμετὴν
297 774 455 820 νόμιμον
485 779 545 810 καὶ
571 772 685 820 αὐτὴν
713 780 802 820 μίαν
833 780 893 811 καὶ
917 778 1066 823 πρώτην
1099 779 1198 821 ἐσχη-
1267 788 1360 813 mam
1393 781 1430 815 et
1452 779 1566 824 ipsam
1590 788 1698 816 unam
1728 784 1766 816 et
1785 782 1934 826 primam
1956 783 2130 819 habentes
2158 793 2274 828 neque
2295 784 2346 819 vi-

113 819 221 854 κότας
243 818 269 864 ἢ
288 822 452 863 symmac,
477 823 538 855 καὶ
560 820 651 865 μηδὲ
672 821 786 867 χήραν
807 820 898 866 μηδὲ
920 820 1199 865 ὃιαζευχθεῖσαν
1267 823 1375 859 duam
1406 833 1523 870 neque
1546 829 1749 870 separatam
1779 835 1802 860 a
1830 827 1904 862 viro
1935 837 2049 874 neque
2077 827 2180 864 aliter
2208 828 2347 874 legibus

114 861 364 920 duSQos'nnBe
386 864 503 901 ἄλλως
525 869 598 901 τοῖς
620 866 744 912 νόμοις
767 865 791 910 ἢ
813 870 875 901 καὶ
898 870 971 902 τοῖς
997 867 1115 903 θείοις
1135 881 1199 902 κα·
1268 872 1331 903 aut
1354 869 1468 906 sacris
1491 869 1689 906 canonibus
1711 869 1948 908 interdictam.

113 921 218 944 νοσιν
243 914 545 957 απηγορευμένην.
1214 916 1255 948 15

1095 1001 1253 1039 CAPUT
1275 1002 1377 1040 XIII.

156 1053 411 1102 Πρεσβύτερον
434 1054 476 1091 δὲ
498 1056 676 1093 ἐλάττονα
698 1059 776 1093 τῶν
798 1055 998 1104 τριάκοντα
1020 1059 1199 1094 ἐνιαυτῶν
1335 1059 1586 1105 Presbyterum
1627 1063 1746 1096 autem
1788 1061 1959 1098 minorem
1993 1061 2131 1099 XXXV
2171 1072 2347 1100 annornm

111 1101 284 1147 γίνεσθαι
306 1101 372 1136 οὐκ
388 1103 638 1148 ἐπιτρέπομεν,
662 1099 743 1138 ἀλλ’
762 1100 848 1138 οὐδὲ
867 1102 1039 1139 διάκονον
1062 1102 1086 1148 ἢ
1109 1102 1197 1140 ὑπο·
1265 1104 1345 1141 fieri
1367 1116 1439 1142 non
1462 1104 1698 1150 permittimus
1738 1106 1802 1142 sed
1824 1116 1941 1152 neque
1965 1107 2153 1143 diaconum
2176 1111 2239 1143 aut
2261 1109 2346 1145 sub-

113 1145 283 1181 διοίκονον
314 1143 452 1191 ἥττονα
476 1149 556 1182 τῶν
579 1148 817 1193 εἰκοσιπέντε,
850 1146 934 1184 οὐδὲ
956 1146 1153 1196 ἀναγνώστ
1177 1163 1199 1185 ν
1267 1150 1455 1186 diaconum
1477 1150 1648 1186 minorem
1665 1132 1779 1195 XXV,
1804 1161 1919 1197 neque
1938 1152 2107 1189 lectorem
2126 1153 2298 1189 minorem
2312 1153 2347 1188 X

111 1189 289 1226 ἐλάττονα
313 1194 391 1227 τῶν
415 1190 663 1228 ὀκτωκαίδεκα
683 1195 872 1236 ἐνιαυτῶν,
897 1191 1135 1229 διακόνισσαν
1153 1163 1200 1229 'ge’
1266 1198 1304 1232 et
1327 1196 1413 1232 VIII
1436 1205 1628 1238 annorum,
1660 1196 1896 1232 diaconissam
1926 1207 2008 1234 vero
2037 1198 2075 1233 in
2103 1201 2265 1234 sanctam
2287 1208 2346 1234 ec-

112 1238 152 1271 ἐν
187 1234 273 1283 ἁγίᾳ
307 1237 474 1282 ἐκκλησίᾳ
511 1238 561 1284 μὴ
595 1240 885 1284 χειροτονεῖσθαι
925 1235 1002 1282 ἥτις
1036 1238 1199 1275 ἐλάττων
1211 1243 1254 1276 20
1268 1241 1412 1277 clesiam
1443 1251 1515 1276 non
1546 1240 1705 1277 ordinari
1736 1251 1826 1286 quae
1849 1242 1964 1280 minor
1994 1246 2052 1279 est
2081 1252 2258 1281 annorum
2278 1243 2347 1280 XL

112 1283 212 1337 ἐστὶν
244 1284 423 1319 ἐνιαυτῶν
452 1283 726 1329 τεσσαράκοντα
759 1282 781 1327 ἢ
810 1285 859 1319 εἰς
889 1282 1071 1332 δευτέρους
1105 1279 1199 1328 ἦλθε
1267 1290 1330 1321 aut
1351 1286 1399 1322 ad
1422 1285 1597 1323 secundas
1620 1286 1717 1323 venit
1739 1287 1894 1332 nuptias.

112 1338 255 1373 γαμους.

1088 1397 1248 1434 CAPUT
1271 1397 1369 1435 XIV.

181 1451 227 1484 Εἰ
250 1448 291 1485 δὲ
313 1452 354 1486 ἐν
384 1453 438 1495 τῷ
462 1453 577 1498 καιρῷ
609 1454 673 1497 τῆς
695 1456 913 1499 χειροτονίας
941 1453 1006 1488 τοῦ
1030 1452 1197 1499 κληρικοῢ
1334 1455 1372 1490 Si
1396 1457 1515 1490 autem
1545 1457 1705 1499 tempore
1737 1453 1982 1491 ordinationis·
1999 1455 2121 1492 clerici
2146 1456 2345 1494 cuiuscum-

111 1493 326 1539 οἱανδήποτε
357 1496 539 1544 τάγματος
575 1494 593 1508 “
624 1498 776 1543 βαθμοῦ
808 1496 1004 1552 κατήχορός
1032 1510 1086 1533 τις
1109 1497 1197 1534 ‹iva-
1291 1509 1337 1536 ue
1361 1499 1501 1544 collegii
1525 1502 1588 1535 aut
1605 1499 1739 1536 ordinis
1762 1504 1955 1536 accusator
1977 1501 2107 1546 aliquis
2127 1512 2174 1547 ap
2201 1503 2346 1547 aruerit,

112 1543 228 1588 φανῇ,
263 1540 378 1589 λέγων
415 1539 531 1577 αὐτὸν
565 1543 715 1585 ανάξιον
747 1543 840 1577 εἶναι
874 1554 937 1587 τηε
967 1548 1198 1591 χειροτονίας,
1211 1546 1252 1579 25
1266 1511 1387 1581 3108118
1423 1555 1502 1580 eum
1535 1545 1719 1589 indignum
1760 1554 1841 1581 esse
1876 1545 2118 1590 ordinatione,
2161 1513 2348 1585 defloratur

112 1585 379 1631 ὑπερτιθέσθω
399 1585 421 1631 ἡ
438 1593 649 1641 χειροτονία,
672 1592 733 1622 καὶ
750 1587 874 1623 πάντα
894 1592 1198 1634 προβαινέτωσαν
1266 1590 1454 1633 ordinatio,
1486 1593 1522 1626 et
1544 1590 1711 1626 universa
1741 1590 1939 1636 procedant
1966 1594 2040 1628 tam
2071 1602 2137 1637 pro
2167 1594 2347 1630 examina-

111 1632 219 1666 τοῦτο
253 1633 321 1676 μὲν
353 1629 444 1678 ὑπὲρ
475 1645 538 1676 της
568 1632 763 1674 ἐξετάσεως
797 1634 906 1668 τοῦτο
936 1631 977 1668 δὲ
998 1631 1089 1679 ὑπὲρ
1120 1635 1197 1669 τῶν
1265 1636 1362 1671 tione
1393 1645 1500 1680 quam
1529 1646 1595 1681 pro
1626 1635 1765 1680 multis,
1797 1645 1888 1680 quas
1917 1636 1956 1672 in
1979 1637 2230 1683 episcoporum
2251 1638 2347 1676 ordi-

113 1678 318 1722 έπιτιμίων,
342 1674 452 1712 ἅτινα
473 1679 513 1712 ἐν
531 1682 610 1714 ταῖς
631 1680 710 1714 τῶν
730 1676 945 1714 ἐπισκόπων
965 1683 1198 1726 χειροτονίαις
1265 1680 1471 1716 nationibus
1496 1680 1662 1726 superius
1686 1680 1879 1718 sanximus.

113 1719 287 1768 ἀνωτέρω
311 1722 572 1768 ἐθεσπίσαμεν.

179 1803 206 1824 c.
225 1791 310 1824 XII
329 1799 475 1834 repetunt
497 1792 630 1826 Nomoc.
644 1792 678 1825 L
703 1792 750 1826 tit.
765 1792 807 1825 25
828 1804 865 1835 p.
878 1793 943 1827 623
965 1793 1065 1826 Voell.
1089 1803 1128 1826 ex
1152 1793 1191 1837 S,
1215 1793 1377 1828 Nomoc.m
1396 1794 1461 1828 XI
1465 1794 1551 1828 Vtit.
1569 1795 1601 1836 9,
1615 1800 1650 1828 29
1676 1801 1706 1826 et
1729 1794 1778 1826 B*
1799 1795 1839 1826 K
1859 1794 1913 1836 18,
1928 1800 1945 1828 3
1963 1806 2000 1838 p.
2015 1795 2084 1829 434
2105 1795 2211 1830 Zach.
2233 1806 2274 1831 ew
2296 1796 2346 1833 Β.

110 1835 340 1879 Arqumentum
365 1844 456 1870 notat
478 1837 611 1871 Nomoc.
625 1837 690 1870 XI
696 1837 786 1870 Vtic.
804 1839 832 1878 l,
846 1844 881 1871 23
905 1839 975 1876 (ubi
997 1838 1099 1880 ipsum
1124 1846 1223 1881 caput
1246 1840 1416 1882 exscripsit
1440 1839 1607 1872 Balsama·
1619 1851 1656 1882 p.
1672 1839 1736 1872 840
1758 1838 1882 1880 Voell.).

176 1893 206 1959 lc.
220 1881 324 1914 XIII
334 1892 373 1915 ex
388 1881 417 1915 S
440 1884 555 1925 repetit
570 1882 703 1916 Nomoc.
717 1882 750 1915 L
767 1884 813 1916 tit.
830 1883 872 1916 25
886 1895 921 1926 p.
937 1883 1001 1916 623
1024 1883 1137 1925 Voell.‚
1153 1894 1192 1917 ex
1207 1883 1244 1917 B
1260 1882 1442 1918 ΝοηιιοοΛῙ1η
1455 1884 1515 1917 XI
1522 1884 1607 1918 Vtit.
1623 1885 1653 1925 1,
1668 1889 1715 1917 28.
1740 1901 1785 1907 —
1815 1883 1965 1917 Summae
1982 1890 2092 1918 extant
2107 1884 2241 1920 Nomou.
2252 1886 2315 1921 XI
2318 1886 2354 1922 V

113 1926 159 1959 tit.
188 1939 247 1963 .c..
272 1921 365 1959 Ῥοπ.
380 1927 423 1960 40
448 1934 490 1960 15.
517 1928 558 1961 38
586 1935 611 1961 τ.
638 1928 680 1961 30
707 1934 731 1960 1.
757 1928 800 1960 42
828 1934 856 1961 9.

179 1984 206 2004 c.
222 1971 282 2004 XI
289 1972 377 2014 V.‚pr.
403 1952 499 2005 habet
520 1952 696 2016 Appendisz’:
720 1952 853 2006 Nom’oc.
869 1972 900 2005 L
926 1973 971 2006 tit.
993 1985 1066 2016 cap.
1088 1973 1163 2006 eccl.
1183 1975 1204 2008 6
1222 1986 1257 2016 p.
1272 1975 1338 2007 662
1360 1974 1472 2013 VoelL,
1497 1973 1549 2017 §1
1573 1974 1663 2014 (605,
1677 1980 1693 2006 2
1715 1970 1766 2016 μὴ
1790 1970 1908 2006 ἄλλως
1930 1970 1971 2006 δὲ
1990 1974 2281 2019 χειροτονεῖσθαι
2301 1994 2347 2001 -

112 2023 129 2050 9
153 2014 402 2058 ἐκβαλλέσθω)
427 2025 456 2050 et
479 2017 500 2061 ξ
519 2018 538 2050 2
559 2018 692 2051 Nomoc.
710 2017 742 2050 L
767 2019 814 2051 tit.
829 2018 882 2051 25.
906 2018 949 2051 26
970 2030 1006 2060 p.
1022 2019 1097 2051 632.
1125 2019 1188 2052 633
1211 2018 1312 2057 Voell.
1336 2029 1374 2052 ecc
1398 2019 1435 2052 S.
1484 2020 1538 2052 Ex
1561 2019 1598 2052 B
1622 2019 1740 2051 habent
1762 2017 1784 2061 ξ
1802 2020 1831 2051 1.
1855 2019 1874 2052 2
1891 2018 2054 2053 Nemora
2075 2019 2135 2053 XI
2141 2019 2175 2053 V
2192 2022 2238 2054 tie.
2251 2022 2284 2063 9,
2295 2028 2346 2064 ²9,

111 2060 133 2104 ξ
152 2063 168 2095 1
194 2061 374 2094 Nomo‹:.‘²m
386 2062 447 2094 XI
454 2062 538 2097 Vtie.
554 2064 586 2105 9,
598 2070 645 2097 22.
692 2062 715 2106 §
734 2063 754 2097 2
779 2063 835 2104 (—
852 2070 884 2096 17
901 2064 1147 2108 προβαινέτω)
1171 2070 1259 2097 extat
1282 2066 1314 2098 in
1335 2064 1543 2109 Epanaqoqe
1567 2064 1599 2107 8,
1618 2070 1663 2098 12.
1686 2080 1733 2088 —
1756 2063 1971 2098 Summarium
1994 2063 2016 2108 ξ
2036 2065 2065 2099 1.
2084 2064 2105 2097 2
2128 2065 2255 2100 exhibet
2275 2066 2346 2101 Νο-

112 2118 189 2139 moc.
202 2106 263 2139 XI
269 2106 353 2140 Vtit.
368 2108 400 2149 9,
415 2114 467 2146 29ς
493 2108 569 2141 Am.
594 2120 746 2142 summam
770 2115 915 2151 repetunt
934 2109 1100 2152 paratitla
1123 2109 1199 2141 Ath.
1216 2110 1258 2144 10
1282 2113 1298 2149 §
1314 2107 1355 2142 1¹³.

109 2183 134 2219 2
182 2182 223 2218 Si
246 2183 329 2230 quis
350 2188 470 2219 autem
494 2185 685 2230 episcopus
707 2183 903 2220 secundum
926 2184 1190 2221 ecclesiasticos
1213 2195 1369 2221 canones
1390 2184 1597 2221 sacerdotio
1629 2184 1787 2220 deiectus
1809 2184 1952 2231 inqredi
1976 2185 2169 2228 civitatem,
2199 2196 2250 2223 ex
2273 2197 2348 2234 qua

110 2228 287 2274 expulsus
308 2233 378 2271 est,
410 2229 466 2266 vel
487 2229 692 2276 relinquere
715 2230 845 2272 locum,
868 2229 907 2265 in
957 2241 1003 2265 uo
1028 2229 1159 2276 deqere
1187 2230 1307 2265 iussus
1336 2233 1400 2273 est,
1432 2241 1544 2266 ausus
1565 2230 1631 2272 sit,
1661 2229 1822 2265 iubemus
1852 2240 1932 2265 eum
1961 2230 2179 2266 monasterio
2210 2231 2248 2266 in
2271 2231 2348 2268 alia

107 2274 300 2320 provincia
323 2274 392 2310 sito
415 2274 527 2318 tradi,
563 2279 602 2310 ut
627 2285 721 2321 quae
743 2275 782 2310 in
805 2240 1012 2311 sacerdqotio
1030 2275 1199 2327 peccavit
1220 2275 1354 2321 degens
1376 2276 1414 2310 in
1436 2276 1655 2311 monasterio
1680 2274 1851 2311 emendet.

198 2337 202 2342 -
244 2319 326 2354 XII.
378 2318 534 2356 Clericos
557 2324 676 2355 autem
700 2330 775 2356 non
799 2320 907 2356 aliter
928 2330 1046 2356 creari
1069 2321 1327 2367 permittimus,
1361 2320 1433 2355 nisi
1456 2320 1598 2356 litteras
1619 2320 1737 2355 sciant
1759 2323 1796 2355 et
1816 2323 1952 2355 rectam
1970 2319 2082 2364 fidem
2104 2323 2214 2366 atque
2236 2319 2346 2358 laone-

109 2367 202 2399 stam
226 2365 335 2399 vitam
358 2364 525 2407 habeant,
555 2369 592 2401 et
612 2376 728 2411 neque
755 2365 992 2401 concubinam
1020 2376 1137 2411 neque
1167 2365 1356 2401 naturales
1379 2364 1510 2401 liberos
1540 2363 1731 2400 habuerint
1753 2363 1960 2408 habeantne,
1988 2364 2054 2400 sed
2074 2365 2139 2410 qui
2161 2368 2226 2401 aut
2248 2369 2348 2404 caste

110 2408 230 2444 vivant
261 2413 326 2445 aut
357 2420 512 2445 uxorem
547 2409 742 2456 leqitimam
773 2421 923 2457 eamque
953 2421 1063 2446 unam
1093 2414 1130 2446 et
1154 2411 1312 2458 primam
1343 2409 1535 2446 habuerint
1564 2408 1780 2452 habeantve,
1811 2419 1984 2454 necvero
2012 2409 2155 2446 viduam
2185 2420 2300 2458 neque
2321 2422 2347 2448 a

109 2453 189 2489 viro
213 2465 252 2490 se
280 2458 422 2490 aratam
445 2466 489 2491 ne
516 2466 559 2490 ue
582 2455 691 2491 aliter
716 2455 853 2501 teqibus
876 2454 932 2491 vel
953 2456 1062 2491 etiam
1084 2455 1202 2491 sacris
1225 2454 1426 2491 canonibus
1448 2454 1692 2502 reprobatam.

244 2465 341 2534 {4⁷1st
390 2498 480 2535 Pres
502 2503 644 2546 yterum
668 2505 786 2536 autem
810 2500 985 2536 minorem
1009 2500 1160 2547 triqinta
1191 2501 1299 2536 annis
1325 2501 1411 2545 sieri
1439 2510 1512 2536 non
1570 2499 1800 2542 amittimus,
1830 2498 1895 2534 sed
1916 2509 1962 2535 ne
1984 2497 2177 2535 diaconum
2201 2499 2347 2547 quidem

109 2543 166 2578 vel
187 2543 446 2579 subdiaconum
470 2546 644 2581 minorem
674 2545 804 2591 viqinti
826 2545 986 2591 quinque
1008 2545 1125 2588 annis,
1156 2556 1223 2582 nec
1246 2545 1413 2581 lectorem
1437 2549 1518 2581 octo
1544 2544 1633 2580 ecim
1656 2545 1763 2580 annis
1785 2544 1960 2579 minorem
1967 2556 1983 2586 ;
2017 2554 2109 2596 neve
2138 2544 2346 2583 diaconissa

111 2589 149 2623 in
171 2594 300 2624 sancta
323 2589 473 2625 ecclesia
495 2594 637 2626 creetur
659 2600 754 2636 quae
777 2591 896 2626 minor
917 2591 967 2626 sit
989 2591 1095 2626 annis
1118 2590 1365 2637 quadraqinta
1388 2590 1444 2626 vel
1466 2590 1516 2625 ad
1533 2588 1711 2625 secundas
1733 2600 1783 2624 nu
1811 2590 1881 2624 tias
1904 2593 2051 2624 venerit.

245 2633 342 2669 XIV.
389 2633 525 2677 Quodsi
557 2639 716 2681 tempore
747 2635 943 2671 creationis
973 2635 1100 2671 clerici
1127 2635 1383 2681 cuiuscumque
1414 2634 1562 2681 colleqii
1594 2638 1660 2670 aut
1688 2644 1758 2681 qra
1785 2644 1829 2669 us
1860 2637 2055 2669 accusator
2083 2633 2248 2670 eaetiterit
2281 2634 2346 2681 qui

110 2688 187 2714 eum
212 2678 400 2724 indiqnum
423 2690 500 2715 esse
523 2681 708 2716 creatione
730 2679 848 2723 dicat,
880 2680 1076 2726 differatur
1099 2682 1237 2717 creatio
1264 2681 1456 2727 omniaque
1473 2679 1681 2726 procedant
1713 2682 1785 2715 tam
1808 2677 1853 2715 de
1876 2678 2149 2715 examinatione
2170 2689 2280 2725 quam
2301 2678 2347 2716 de

110 2722 232 2758 multis
255 2734 348 2769 quae
371 2724 409 2758 in
433 2725 685 2771 episcoporum
709 2725 954 2761 creationibus
976 2735 1091 2772 supra
1114 2725 1316 2761 sanximus.

156 2804 177 2836 2
201 2800 401 2845 *τολμήσω
419 2800 601 2845 (τολμήσει
618 2804 685 2837 Sv.
701 2805 734 2845 ί.)
753 2805 831 2838 libri
845 2804 857 2847 ΙΙ
875 2807 895 2839 3
913 2800 978 2848 ἀφ’
994 2795 1034 2846 ἧς
1059 2805 1086 2838 S
1114 2804 1155 2838 έν
1170 2795 1194 2850 ᾗ

111 2847 264 2882 Nomocst
286 2848 299 2890 ΙΙ
327 2845 349 2889 ἢ
372 2846 602 2881 καταλείπειν
628 2848 697 2882 Sv.
714 2851 747 2890 l.,
774 2848 969 2891 relinquens
994 2861 1013 2885 ς
1037 2850 1050 2892 ΙΙ
1075 2851 1096 2883 4
1120 2850 1193 2882 έκε-

111 2890 227 2934 λεύθη
252 2893 296 2925 Μ
315 2893 327 2935 ΙΙ
359 2894 378 2926 6
403 2892 455 2933 τῷ
482 2906 541 2926 om.
566 2894 595 2926 S
623 2892 636 2936 ΙΙ
663 2894 684 2927 8
708 2894 961 2939 συγχωροῦμεν
985 2896 1193 2938 χειροτονεῖ-

110 2936 205 2971 σθαι
229 2938 257 2971 S
275 2937 287 2979 ΙΙ
305 2938 346 2971 10
370 2935 506 2980 σεμνὸν
526 2950 585 2971 om.
600 2950 619 2973 ς
636 2938 648 2980 ΙΙ
666 2938 774 2979 ἔχωσι
799 2940 827 2970 S
839 2951 866 2971 υ.
883 2940 902 2971 ί.
921 2939 933 2982 ss
949 2936 1061 2972 *οὐδὲ
1075 2958 1117 2963 -
1133 2935 1192 2971 οὗ-

110 2980 151 3016 δὲ
174 2983 251 3015 libri
274 2982 280 3026 Ι
302 2979 407 3027 φύσει
433 2982 484 3015 ΒΓ
497 2982 508 3024 ΙΙ
537 2984 574 3015 11
600 2983 719 3024 ἔχουσι
743 2979 777 3024 (ἢ
800 2983 919 3024 ἔχουσι
941 2996 970 3017 υ.
988 2984 1022 3026 ἰ.)
1041 2981 1065 3025 ἢ
1087 2983 1194 3025 ἔσχον

111 3029 159 3061 B⁸
177 3028 189 3071 ΙΙ
207 3022 251 3060 ἀλ
282 3023 291 3036 ²
318 3023 354 3080 τί]
378 3023 402 3069 ἢ
425 3040 483 3060 οηι.
506 3038 526 3063 ς
542 3026 555 3069 ΙΙ
575 3029 614 3061 12
639 3024 790 3070 πρώτην
813 3030 872 3060 καὶ
895 3030 983 3071 μίαν
1009 3028 1193 3071 Nomoc.mfl

110 3070 304 3114 ἐσχηκότας
322 3085 344 3115 η
361 3072 508 3113 ἔχοντας
519 3072 589 3104 LB
615 3072 802 3111 (habentem
826 3072 878 3105 vel
897 3073 928 3106 si
951 3073 1017 3106 iam
1038 3072 1194 3106 habuerit

109 3119 201 3159 ΙιιΙ.)]
226 3113 419 3159 ἐσχηκότας
442 3117 489 3150 Μ
516 3116 673 3150 habentes
696 3128 715 3153 ς
734 3116 746 3159 ΙΙ
764 3119 807 3151 14
829 3119 889 3150 καὶ
914 3130 972 3151 om.
987 3118 1035 3151 Β*
1051 3130 1078 3151 υ.
1094 3119 1126 3160 L,
1140 3130 1159 3155 ς
1181 3118 1193 3161 ΙΙ

113 3166 154 3197 16
171 3160 423 3207 Πρεσβύτερον
438 3159 469 3195 λ’
487 3161 664 3196 ἐνιαυτῶν
680 3159 822 3195 ἐλάττω
847 3163 875 3194 S
892 3162 904 3205 ΙΙ
919 3160 1115 3206 τριάκοντα
1135 3159 1193 3204 (λ’)

111 3209 217 3241 MSB
231 3207 435 3249 (Nomocflm)
459 3207 524 3241 Iul.
542 3208 619 3240 Aila.
641 3206 774 3240 Nomoc.
795 3207 855 3240 XI
863 3208 946 3240 Vtie.
971 3204 1131 3245 Ῥοπ.40,
1147 3209 1191 3248 15]

111 3250 158 3285 λε’
172 3254 363 3289 ΙῖςΤΙιεοᾰ.
384 3253 396 3295 ΙΙ
414 3254 453 3287 17
478 3247 521 3285 οὗ
545 3261 588 3284 συ
610 3252 796 3296 χωροῦμεν
816 3252 846 3284 L
864 3251 876 3294 11
904 3253 944 3285 18
968 3249 1051 3285 οὐδὲ
1075 3253 1108 3285 Β
1123 3253 1192 3286 Νο-

111 3311 187 3331 moc.
198 3299 230 3331 L
244 3300 304 3339 tir]
319 3294 402 3331 οὔτε
414 3294 455 3331 δὲ
470 3296 540 3330 ML
551 3264 730 3331 Agamem
755 3291 839 3329 ἀλλ’
854 3292 937 3329 οὐδὲ
951 3296 979 3329 8
993 3300 1005 3338 ΙΙ
1027 3299 1067 3330 19
1081 3291 1192 3330 ὀκτω-

110 3340 259 3376 καίδεκα
271 3344 318 3377 Μ
335 3340 517 3376 δεκαοκτώ
535 3343 568 3375 Β
591 3337 635 3384 ιη’
652 3339 705 3383 (ιε’
721 3342 783 3382 L0)
810 3342 867 3377 Ls·
879 3340 1055 3375 Nemeam
1071 3342 1191 3374 Theod.

111 3390 186 3421 Ath.
201 3390 254 3432 (ef
270 3389 359 3429 Iul.)]
384 3384 481 3421 ὀκτὼ
506 3388 534 3422 S
544 3383 638 3422 Ῥοπ.
651 3389 705 3429 30,
719 3395 732 3421 1
756 3384 787 3419 κ’
801 3386 934 3419 Nomoe.
948 3386 1112 3427 XIVtie.‚
1137 3388 1194 3419 ubi

110 3432 142 3475 η’
156 3434 232 3477 leyit
246 3434 405 3467 Balsama
423 3435 456 3467 in
471 3433 571 3466 schol.
582 3446 617 3477 p.
629 3434 692 3467 847
711 3431 811 3466 Voell.
824 3432 1073 3472 (inconsiderate
1086 3443 1191 3464 nume—

112 3491 180 3511 rum
204 3480 237 3511 in
254 3481 324 3521 ipso
348 3485 493 3512 contextu
518 3479 663 3511 novellae
682 3478 822 3521 positum
838 3478 872 3510 in
888 3476 1050 3510 Basilica
1068 3483 1191 3509 auctum

113 3536 179 3556 esse
203 3525 367 3565 dictitans)
397 3523 408 3566 ΙΙ
438 3525 477 3557 21
505 3523 684 3556 ἐνιαυτῶν
706 3518 977 3566 τεσσαράκοντα
998 3520 1046 3562 Β]
1076 3520 1191 3553 ἐνιαυ-

112 3570 184 3601 τοῖς
206 3566 241 3611 μ’
259 3568 299 3600 M
320 3568 415 3601 ἐτῶν
437 3566 473 3611 μ’
489 3568 516 3601 S
538 3565 901 3613 τιεσσοιραιιόντοονΙιι
923 3563 1192 3611 ’τεσσαράκοντα

112 3613 162 3645 L³
186 3613 198 3656 ΙΙ
229 3615 271 3646 28
295 3613 334 3646 ἐν
357 3615 435 3646 ταῖς
455 3616 689 3658 χειροτονίαις
718 3612 795 3646 τῶν
819 3609 1030 3646 ἐπισκόπων
1056 3611 1086 3643 L
1110 3610 1123 3655 ΙΙ
1149 3612 1191 3645 29

113 3655 299 3698 ἀνωτέρω]
325 3671 351 3692 c.
368 3659 388 3691 2

1310 2805 1327 2837 1
1342 2806 1430 2838 rubr.
1454 2803 1641 2846 Episcopus
1659 2801 1689 2835 si
1704 2801 1867 2835 deiciatur
1890 2801 1931 2834 de
1946 2801 2149 2844 episcopatu,
2171 2802 2208 2835 in
2231 2812 2344 2836 mona·

1262 2848 1363 2882 sterio
1387 2849 1432 2881 sit
1458 2848 1531 2882 Tin
1549 2860 1651 2891 mary.
1678 2847 1690 2890 ΙΙ
1716 2846 1804 2889 quis]
1827 2845 1857 2879 is
1880 2846 1930 2879 R¹
1955 2846 1968 2890 ΙΙ
1994 2847 2013 2880 3
2037 2845 2132 2880 locus
2154 2847 2203 2879 V⁸
2224 2845 2238 2890 ΙΙ
2262 2849 2285 2882 4
2307 2849 2344 2881 in

1263 2906 1321 2927 om.
1338 2894 1389 2926 Τι
1413 2893 1425 2936 ΙΙ
1443 2895 1492 2926 est
1515 2892 1627 2926 iussus
1646 2892 1680 2925 V
1697 2891 1710 2935 ΙΙ
1735 2890 1934 2924 monasterio
1957 2892 2006 2932 in]
2031 2891 2067 2923 in
2091 2891 2290 2924 monasterio
2315 2892 2350 2925 Τ

1263 2938 1463 2971 monasterio
1477 2938 1553 2971 RV
1565 2938 1577 2980 ΙΙ
1594 2939 1612 2970 5
1637 2935 1751 2978 aliqua
1774 2935 1936 2977 religione
1962 2935 2012 2968 Τι
2029 2934 2042 2979 ΙΙ
2059 2935 2159 2976 tradi]
2181 2935 2345 2969 traditum

1262 2983 1377 3026 R¹Vu
1396 2984 1512 3016 8rubr.
1538 2981 1660 3019 Quales
1685 2980 1798 3014 clerIci
1820 2980 1894 3013 fieri
1917 2979 2057 3013 debeant
2082 2980 2157 3014 Tin
2173 2992 2275 3023 κιαι-9.
2292 2981 2344 3022 (ex

1262 3028 1339 3068 Iul.)
1357 3027 1370 3072 ΙΙ
1387 3037 1447 3059 nos
1468 3027 1522 3060 V‘⁸
1540 3026 1553 3068 ΙΙ
1566 3025 1788 3069 praecipimus
1808 3024 1864 3068 Vll
1887 3026 1908 3059 9
1932 3023 2056 3057 habent
2078 3025 2110 3057 Τ
2122 3023 2135 3067 ss
2160 3026 2202 3058 10
2227 3027 2260 3058 et
2283 3037 2342 3059 om.

1271 3072 1326 3116 Vss
1344 3071 1524 3105 habuerint
1549 3069 1708 3113 V²vul9.,
1737 3069 1875 3110 uitaque
1900 3070 1977 3102 add.
1998 3068 2048 3102 V⁸
2078 3068 2091 3112 ΙΙ
2119 3070 2178 3102 aut
2199 3068 2344 3104 habeant

1264 3117 1384 3150 lineola
1398 3117 1558 3150 subducta
1573 3115 1635 3148 del.
1652 3115 1702 3148 T’
1717 3114 1729 3158 ΙΙ
1749 3116 1789 3148 11
1808 3113 2003 3155 legitimam]
2019 3112 2051 3147 le
2068 3115 2139 3155 (sic)
2155 3114 2212 3158 ΤΠ
2233 3116 2272 3148 12
2285 3125 2343 3148 ne-

1261 3172 1326 3204 que
1342 3160 1489 3202 viduam]
1505 3159 1643 3192 uiduam
1658 3168 1725 3191 non
1741 3159 1773 3192 Τ
1780 3158 1790 3178 ¹
1809 3157 1821 3202 ΙΙ
1841 3159 1879 3192 13
1893 3168 2000 3200 neque
2017 3171 2075 3192 om.
2088 3159 2134 3191 Β*
2151 3158 2201 3237 Qu
2219 3172 2278 3193 om.
2294 3159 2345 3204 Vss

1266 3209 1306 3240 14
1329 3206 1543 3239 interdictum
1567 3203 1646 3247 13²1]
1666 3205 1706 3237 16
1719 3205 1805 3236 rubr.
1832 3202 1936 3236 Cuius
1961 3203 2057 3236 etatis
2077 3213 2152 3246 pres
2176 3204 2254 3237 iteri
2273 3204 2343 3238 dia-

1261 3251 1338 3284 coni
1357 3249 1553 3283 subdiaconi
1577 3247 1658 3281 item
1677 3246 1857 3281 diaconissa
1881 3247 1952 3281 fieri
1976 3248 2117 3281 debeant
2143 3249 2175 3282 T
2190 3250 2223 3283 in
2239 3262 2342 3294 mar-9.

1261 3297 1311 3337 (ex
1327 3295 1404 3337 Iul.)
1425 3294 1437 3337 ΙΙ
1467 3296 1505 3328 17
1531 3293 1703 3326 diaconem
1731 3292 1793 3336 ΤΙΙ
1822 3294 1892 3334 aut]
1917 3303 2024 3335 neque
2045 3294 2078 3327 V
2102 3293 2114 3336 ΙΙ
2142 3293 2343 3328 subditiuum

1267 3340 1321 3383 ΤΙΙ
1349 3341 1389 3374 18
1414 3338 1480 3372 XV
1506 3339 1555 3372 T¹
1573 3338 1585 3382 ΙΙ
1601 3338 1756 3371 lectorem
1781 3338 1891 3370 minus
1915 3339 1948 3371 R
1976 3338 2087 3371 minus
2110 3337 2266 3372 lectorem
2292 3337 2343 3372 T¹

1260 3385 1406 3418 minores
1427 3383 1566 3417 lectores
1592 3384 1623 3416 T
1631 3383 1674 3426 ²11
1699 3382 1821 3416 XVIII
1847 3384 1879 3416 Τ
1899 3382 1912 3426 ΙΙ
1940 3385 1980 3418 19
2003 3384 2118 3416 sancta
2139 3383 2257 3417 eclesia
2281 3382 2313 3417 T
2329 3381 2344 3429 ΙΙ

1262 3431 1305 3464 20
1328 3440 1396 3462 non
1421 3442 1478 3462 om.
1498 3429 1528 3462 Τ
1542 3429 1554 3471 ΙΙ
1571 3438 1637 3470 qua
1661 3427 1710 3461 R¹
1727 3427 1740 3471 {l
1755 3427 1820 3460 XL
1836 3438 1999 3461 annorum
2016 3428 2086 3462 ΕΤ
2099 3429 2111 3470 ΙΙ
2128 3429 2169 3463 23
2183 3430 2271 3462 rubr.
2294 3428 2342 3462 Do

1260 3474 1526 3507 accusationibus
1539 3473 1735 3506 clericorum
1750 3473 1783 3506 T
1791 3475 1823 3506 in
1837 3486 1907 3506 mar
1932 3475 1998 3515 .(e.v
2007 3474 2083 3514 Iul.)
2096 3473 2107 3513 ΙΙ
2120 3475 2265 3516 tempore
2281 3485 2340 3506 om.

1270 3520 1318 3553 V¹
1337 3519 1349 3563 ΙΙ
1366 3519 1526 3561 cuiusque
1541 3518 1615 3552 RV
1634 3517 1647 3562 ΙΙ
1671 3519 1715 3552 24
1737 3517 1866 3559 aliquid
1929 3517 1939 3539 ¹
1958 3517 1970 3562 ΙΙ
1995 3519 2037 3552 26
2061 3518 2234 3551 uniuersas
2257 3516 2307 3551 R*
2329 3515 2342 3560 ΙΙ

1262 3566 1302 3598 27
1329 3574 1410 3606 quas
1435 3564 1513 3607 12¹1!
1531 3563 1639 3596 mudis
1665 3563 1719 3596 T¹
1735 3562 1747 3606 ΙΙ
1773 3565 1864 3604 quas]
1889 3565 1957 3595 tam
1981 3572 2064 3606 quas
2087 3562 2158 3603 R⁶;
2183 3572 2268 3605 quae
2290 3561 2340 3597 ed.

1269 3610 1345 3643 Ven.
1366 3611 1453 3644 1494
1471 3611 1513 3643 al.
1532 3608 1545 3653 ΙΙ
1562 3610 1604 3643 28
1629 3607 1849 3642 sancciuimus
1873 3607 1923 3641 12²
1935 3607 1985 3641 Τ1

2455 3270 2476 3415 .<an=·⁸'⁴—-.
2464 3237 2476 3255 s
2472 3215 2476 3217 .
2462 3110 2476 3196 Δί,
2459 3053 2476 3086 .“.
2466 3011 2476 3036 -ε
