2476 3854
111 104 152 148 N
154 117 220 149 ov.
241 104 423 149 CXXIII
452 107 478 148 2

112 229 218 263 τερον
236 216 305 259 τὴν
323 213 406 251 κατ’
425 213 535 251 αὐτοῦ
557 216 803 263 προτεθεῖσαν
820 216 942 251 αἰτίαν
958 217 1041 260 (εἴτε
1058 217 1194 264 παρόν-

111 273 172 296 τος
205 263 271 296 τοῦ
300 261 496 308 κατηγόρου
531 264 590 295 καὶ
623 262 668 308 τῇ
701 259 792 307 παρ’
823 260 934 296 αὐτοῦ
970 263 1192 311 προτεθείσῃ

113 308 212 350 αἰτίᾳ
244 305 464 348 ἐπεξιόντος,
494 306 567 340 εἴτε
597 309 656 340 καὶ
688 304 983 351 ἀναβαλλομένου
1015 309 1074 343 ἐπὶ
1103 313 1194 354 τρεῖς

111 353 225 395 μῆνας
254 351 323 394 τὴν
346 350 444 385 ἰδίαν
466 355 685 406 κατηγρρίαν
708 351 910 405 πληριζισαι)
941 352 1117 397 ἐπιμελῶς
1139 354 1193 394 ἐξ·

1183 103 1268 152 596

1955 121 2016 152 DE
2045 120 2340 155 SANCTISSIMIS

1262 217 1482 263 propositam
1507 227 1653 254 causam
1681 219 1769 262 (sive
1792 222 1980 264 praesente
2002 222 2213 256 accusatore
2234 223 2272 257 et
2293 224 2340 259 ab

1262 273 1304 298 eo
1321 263 1541 308 propositam
1558 273 1703 299 causam
1718 267 1927 308 exequente,
1947 264 2020 300 sive
2035 265 2142 300 etiam
2157 266 2341 302 differente

1263 318 1326 352 per
1342 312 1415 343 tres
1431 318 1569 344 menses
1585 319 1687 344 suam
1703 309 1970 344 accusationem
1985 310 2142 355 implere)
2158 311 2342 356 diligenter

1264 353 1459 387 examinari
1490 353 1536 388 ab
1559 353 1620 389 illo
1653 365 1675 389 a
1698 365 1768 399 quo
1793 355 1936 390 futurus
1969 358 2048 390 erat
2071 356 2260 409 episcopus
2283 367 2340 392 or-

113 399 270 439 εταζέτω
292 399 438 439 ἐκεῖνος,
460 394 516 451 ,ὑφ
549 409 591 449 ou
622 395 773 440 ημελλεν
805 398 1053 452 σ’ἐπίσκὲηως
1081 411 1194 444 χειρο-
1231 402 1249 433 5
1265 398 1389 433 (linari.
1438 397 1489 433 Et
1513 398 1542 433 si
1559 398 1700 443 quidem
1724 400 1917 435 obnoxium
1941 409 2021 435 eum
2044 401 2267 436 accusationi
2289 401 2341 436 in-

112 442 313 476 τονεῖσθαι.
360 444 419 475 καὶ
438 453 468 474 ει
487 442 556 484 μὲν
572 440 784 476 υπεύθυνον
804 442 917 476 αυτὸν
936 456 979 489 τῃ
1001 448 1195 490 κατηγορίᾳ

113 483 227 531 εἶῗροι,
262 484 462 520 κωλυέσθω
494 483 516 529 ἦ
538 490 756 532 χειροτονία,
795 487 824 520 εἰ
849 485 888 521 δὲ
911 485 1116 523 ὑπεύθυνος
1144 489 1194 533 μὴ

112 534 252 576 φανείη,
277 528 298 573 ἡ
314 533 382 575 μὲν
398 535 601 576 χειροτονία
620 530 670 575 μὴ
693 530 963 576 έμποδιζέσθω,
988 531 1007 566 ὁ
1030 531 1071 567 δὲ
1087 535 1194 577 κατή-

110 587 222 623 γορος,
247 576 317 609 εἴτε
340 575 400 630 μὴ,
415 574 605 630 ἀπέδειξεν
635 577 707 610 εἴτε
730 580 791 611 καὶ
814 574 998 624 ἀπέφυγεν
1021 578 1089 622 τὴν
1110 591 1195 623 προ-

1263 443 1409 484 venerit,
1434 442 1667 487 prohibeatur
1690 444 1886 489 ordinatim
1910 444 1943 479 si
1965 454 2049 480 vero
2070 445 2246 481 obnoxius
2270 456 2341 481 non

1263 487 1484 531 ostendatur,
1517 488 1692 524 ordinatio
1718 489 1859 534 quidem
1882 499 1953 524 non
1977 489 2200 535 impediatur,
2233 501 2340 526 accu-

1263 535 1361 567 sator
1384 535 1521 575 autem,
1547 533 1620 569 sive
1643 544 1715 569 non
1730 534 1895 579 probavit
1918 534 1992 569 sive
2016 535 2123 570 etiam
2147 535 2237 580 fugit
2261 546 2341 581 pro-

1262 578 1416 622 positam
1441 587 1463 612 a
1486 588 1526 613 se
1549 579 1830 623 accusationem,
1854 579 2038 624 provincia
2060 580 2097 614 in
2117 591 2188 625 qua
2202 581 2343 616 habitat

111 622 285 664 τεθεῖσαν
309 633 385 665 παρ
427 623 539 655 αυτοῦ
564 625 791 668 κατηγορίαν,
815 623 854 655 ἐκ
877 634 937 666 της
958 624 1129 668 ἐπαρχίας
1154 625 1194 658 ἐν
1209 626 1250 658 10
1264 622 1451 657 abiciatur.
1499 622 1537 657 Si
1561 624 1638 668 quis
1662 627 1782 659 autem
1808 629 1891 660 ante
1915 625 2209 661 examinationem
2232 636 2341 662 accu-

112 666 133 712 ᾑ
163 666 253 699 οἰκεῖ
281 664 529 709 ἑκβαλλέσθω.
587 667 633 700 Εἰ
665 664 707 700 δέ
727 678 781 700 τις
813 666 884 712 πρὸ
909 667 1104 709 ἐξετάσεως
1126 669 1194 702 τὸν

112 711 410 757 κατηγορηθέντα
433 712 692 755 χειροτονήσει,
716 709 736 745 ὁ
760 712 828 755 μὲν
845 713 1111 757 χειροτονηθεὶς
1134 715 1195 756 τῆς

113 755 306 801 ἱερωσύνης
338 755 576 798 ἐξωθείσθω,
608 753 628 790 ὁ
654 754 694 790 δὲ
721 755 788 791 τὸν
818 759 986 792 τοιοῦτον
1015 757 1195 803 τολμήσας

111 802 359 845 χειροτονῆσαι
382 802 427 847 τῇ
452 798 625 846 ἀνωτέρω
650 802 815 848 εἰρημένῃ
837 800 1050 837 ὑποκείσθω
1072 805 1193 847 ποινῆ,

1263 670 1381 703 satum
1413 667 1645 711 ordinaverit,
1680 669 1865 705 ordinatus
1894 669 2035 714 quidem
2062 671 2262 706 sacerdotio
2285 680 2341 706 re·

1263 713 1428 757 pellatur,
1453 713 1515 757 qui
1529 723 1611 748 vero
1628 713 1734 748 talem
1752 714 1916 749 ordinare
1932 714 2162 758 festinaverit,
2179 716 2341 760 superius

1264 757 1381 792 dictae
1406 757 1590 793 subiaceat
1620 768 1758 803 poenae
1788 763 1862 794 tam
1892 760 1930 794 in
1954 760 2075 795 annali
2104 760 2343 804 prohibitione

1264 803 1358 838 sacri
1389 802 1572 838 ministerii
1608 813 1711 847 quam
1741 804 1847 839 etiam
1882 809 1923 839 ut
1946 814 2068 840 omnes
2099 805 2175 840 eius
2199 815 2257 842 res
2281 815 2341 841 ec-

112 847 220 880 τοῦτο
243 847 310 890 μὲν
339 847 401 879 ἐπὶ
425 847 469 892 τῇ
494 848 698 890 ένιαυσιαίᾳ
721 846 875 881 κωλύσει
905 849 967 891 τῆς
998 849 1103 882 θείας
1126 839 1193 882 λεί-
1210 850 1249 883 15
1265 847 1393 883 clesiae
1416 847 1650 884 vindicentur.

111 895 276 938 τουργίας
297 892 406 925 τοῦτο
426 889 466 925 δὲ
488 894 547 925 καὶ
571 892 632 927 ἐπὶ
654 893 710 934 τῷ
734 891 859 926 πάντα
883 889 992 927 αὐτοῦ
1017 893 1063 927 τοὶ
1081 892 1195 940 πράγ-

112 939 134 972 1
180 949 278 980 ματα
303 937 346 982 τῇ
363 935 531 979 ἐκκλησίᾳ
554 935 804 980 ἐκδικηθῆναι.
874 938 952 983 Πρὸ
979 936 1019 972 δὲ
1041 938 1196 974 πάντων

113 983 226 1015 έκεῖνο
244 979 479 1026 φυλαχθῆναι
498 982 733 1026 θεσπίζομεν,
757 982 818 1016 ἵνα
831 980 955 1027 μηδεὶς
978 981 1039 1017 διὰ
1060 981 1196 1017 δόσεως

62 1049 66 1051 -
111 1030 255 1073 χρυσίου
279 1024 302 1069 ἢ
326 1025 448 1060 ἄλλων
472 1026 699 1081 πραγμάτων
722 1028 915 1082 ἐπίσκοπος
937 1029 1194 1073 χειροτονῆται.

1263 939 1287 974 1
1333 937 1425 972 Prae
1457 936 1619 972 omnibus
1650 936 1737 972 illud
1769 936 1904 972 servari
1934 935 2132 981 sancimus,
2158 937 2201 972 ut
2222 937 2342 973 nullus

1263 992 1328 1027 per
1363 981 1569 1026 suffragium
1605 981 1683 1016 auri
1717 983 1781 1016 aut
1815 981 1964 1016 aliarum
1998 991 2117 1034 rerum
2151 981 2342 1034 episcopus

1265 1027 1460 1063 ordinetur.
1522 1026 1559 1062 Si
1595 1026 1679 1071 quid
1715 1030 1834 1061 autem
1869 1026 1940 1061 tale
1976 1028 2235 1070 committatur,
2272 1027 2343 1072 ipsi

111 1074 142 1105 εἰ
167 1070 209 1106 δέ
228 1084 264 1106 τι
287 1073 432 1105 τοιοῦτο
466 1073 682 1119 αμαρτηθῃ,
714 1071 986 1107 αυτοΐὲαυτοὺε
1016 1072 1052 1107 οἱ
1074 1071 1195 1107 διδόν·
1209 1075 1250 1108 20
1266 1074 1377 1108 semet
1406 1073 1503 1116 ipsos
1534 1073 1571 1106 et
1602 1072 1728 1106 dantes
1760 1075 1796 1106 et
1824 1071 2040 1116 accipientes
2071 1074 2107 1106 et
2129 1071 2343 1108 mediatores

111 1129 168 1151 τες
191 1119 250 1150 καὶ
274 1115 310 1151 οἱ
331 1113 576 1162 λαμβάνοντες
607 1119 667 1151 καὶ
690 1115 727 1152 οἱ
747 1120 850 1162 μεσοι
873 1114 996 1152 αὐτῶν
1019 1118 1111 1152 κατὰ
1133 1118 1197 1152 τὰς

112 1163 217 1196 θείας
232 1161 372 1208 γραφὰς
394 1164 454 1196 καὶ
469 1162 552 1196 τοὺς
567 1161 681 1208 ἱεροὺς
703 1163 858 1197 κανόνας
880 1176 995 1197 κατακ
1020 1167 1089 1197 ίσει
1108 1161 1192 1198 ὑπο-

111 1206 296 1253 βάλλουσι,
321 1209 379 1241 καῖ
397 1204 457 1240 διὰ
472 1208 580 1242 τοῦτο
603 1210 663 1241 καὶ
687 1203 706 1242 ὁ
729 1205 847 1241 διδοὺς
869 1211 930 1242 καὶ
953 1205 973 1242 ὁ
1017 1207 1196 1253 αμβάνων

112 1256 172 1287 καὶ
195 1250 215 1287 ὁ
238 1255 343 1307 μέσος
365 1249 553 1299 γινόμενος
583 1254 646 1297 τῆς
669 1250 866 1306 ἱερωσύνης
893 1251 917 1295 ἢ
939 1254 1003 1296 τῆς
1025 1255 1090 1288 τοῦ
1114 1250 1196 1297 κλή-

1265 1127 1386 1153 eorum
1415 1116 1608 1152 secundum
1640 1117 1782 1152 sanctas
1808 1116 2004 1161 scripturas
2033 1117 2069 1152 et
2091 1125 2214 1152 sacras
2237 1126 2342 1162 regu·

1264 1162 1318 1197 las
1344 1162 1560 1198 damnationi
1585 1161 1776 1204 subiciunt,
1808 1164 1844 1196 et
1867 1165 2058 1207 propterea
2081 1163 2117 1196 et
2140 1161 2200 1206 qui
2222 1161 2286 1197 dat
2307 1165 2344 1197 et

1267 1208 1327 1252 qui
1355 1208 1487 1252 accipit
1520 1209 1557 1241 et
1589 1206 1763 1242 mediator
1797 1206 1873 1242 eius
1906 1206 2025 1242 factus
2057 1206 2247 1242 sacerdotii
2281 1208 2345 1242 aut

1268 1252 1353 1287 cleri
1375 1253 1510 1288 honore
1534 1255 1773 1296 removeatur3
1799 1251 1892 1296 quod
1916 1254 2034 1286 autem
2057 1261 2122 1304 pro
2142 1251 2210 1287 hac
2233 1261 2345 1287 causa

112 1311 175 1378 §ov
191 1299 295 1343 τιμῆς
311 1297 585 1332 αποκινείσθω·
609 1297 653 1332 τὸ
671 1295 712 1332 δὲ
730 1299 821 1342 υπὲρ
842 1298 975 1354 ταύτης
994 1299 1058 1342 τῆς
1081 1298 1197 1332 αἰτίας
1211 1298 1251 1334 25
1266 1297 1387 1333 datum
1411 1301 1483 1341 est,
1519 1296 1692 1332 ecclesiae
1715 1296 1767 1331 illi
1789 1296 1988 1332 vindicetur
2018 1307 2119 1332 culus
2150 1296 2263 1332 voluit
2284 1306 2344 1332 sa-

135 1343 228 1378 οθέν
258 1343 303 1389 τῇ
335 1341 503 1386 ἐκκλησίᾳ
534 1343 651 1390 ἐκείνῃ
681 1340 917 1386 ἐκδικείσθω,
951 1354 991 1387 ης
1005 1339 1196 1387 ἠβουλήθη

111 1390 179 1432 τὴν
203 1387 402 1433 ἱερωσύνην
425 1386 659 1431 ὠνήσασθαι.
707 1389 738 1422 εἰ
754 1386 794 1422 δὲ
809 1387 979 1433 κοσμικὰς
997 1390 1050 1430 εἴη
1067 1387 1087 1422 ὁ
1106 1387 1197 1433 ὑπὲρ

111 1432 244 1477 ταύτης
263 1434 324 1476 τῆς
340 1434 456 1467 αἰτίας
480 1447 516 1467 τι
540 1431 742 1478 λαμβάνων
765 1431 789 1477 ἢ
809 1436 917 1478 μέσος
939 1434 994 1476 τῷ
1010 1432 1197 1481 πράγματι

111 1478 316 1525 γινόμενος,
352 1477 401 1512 τὰ
432 1476 595 1512 δοθέντα
629 1477 825 1525 πράγματα
859 1479 899 1512 ἐν
930 1475 1048 1521 διπλῷ
1085 1476 1197 1513 αὐτὸν

1267 1343 1462 1378 cerdotium
1495 1351 1714 1387 comparare.
1763 1341 1799 1376 Si
1821 1351 1903 1377 vero
1925 1341 2039 1377 laicus
2062 1341 2156 1377 forte
2183 1351 2250 1387 pro
2273 1341 2344 1377 hac

1267 1397 1377 1423 causa
1411 1387 1545 1432 aliquid
1576 1386 1730 1431 accipiat
1764 1389 1827 1421 aut
1859 1386 2031 1422 mediator
2065 1396 2184 1422 rerum
2213 1386 2344 1430 factus,

1267 1432 1369 1468 datas
1398 1442 1455 1468 res
1488 1433 1525 1467 in
1557 1432 1702 1476 duplum
1736 1441 1817 1466 eum
1848 1431 1939 1476 exigi
1973 1432 2137 1467 iubemus
2169 1432 2345 1468 ecclesiae

1265 1477 1507 1513 vindicandas.
1555 1477 1586 1512 Ν
1591 1487 1638 1512 on
1654 1477 1768 1512 solum
1788 1479 1907 1512 autem
1924 1486 2015 1521 quae
2032 1476 2227 1513 secundum
2249 1477 2345 1512 hunc

111 1522 353 1560 ἀπαιτεῖσθαι
383 1522 570 1578 κελεύομεν
604 1522 842 1576 τῇυέκκλησίᾳ
871 1521 1195 1578 ἐκδικτχθησόμιενα.
1210 1525 1251 1559 30
1266 1523 1408 1558 modum
1432 1523 1563 1557 dantur
1585 1522 1757 1557 vindicari
1780 1522 2029 1575 praecipimus,
2054 1522 2118 1557 sed
2140 1522 2247 1557 etiam
2271 1532 2344 1557 om·

111 1566 153 1604 οὗ
185 1569 303 1613 μόνον
336 1566 376 1602 δὲ
404 1567 451 1602 τὰ
480 1581 574 1602 κατα
603 1581 737 1603 τουτον
767 1566 943 1613 δεδομένα
965 1582 1034 1603 τον
1056 1581 1197 1624 τροπον

112 1612 339 1649 ἐκδικεῖσθαι
362 1611 644 1659 προςτάττομεν,
667 1611 760 1647 ἀλλὰ
777 1617 837 1647 καὶ
852 1615 977 1650 πᾶσαν
994 1610 1196 1660 ἄσφαλειαν

111 1657 203 1705 ὑπὲρ
227 1659 355 1694 τούτου
378 1655 471 1692 καθ’
499 1656 713 1701 οἱονδήποτε
735 1657 876 1703 τρόπον
899 1659 1113 1694 ἐκτεθεῖσαν
1136 1662 1197 1693 καὶ

110 1705 180 1748 τὴν
210 1705 288 1739 τῶν
318 1701 499 1748 ἐνεχύρων
529 1701 554 1747 ἢ
584 1703 666 1760 τὴν,
684 1704 944 1759 τοῦκὲγγυητοῦ
979 1703 1107 1748 ἐνοχὴν
1137 1706 1197 1738 καὶ

1265 1578 1346 1603 nem
1382 1569 1582 1603 cautionem
1605 1577 1683 1647 fipro
1718 1567 1787 1602 hoc
1819 1567 1977 1611 quolibet
2010 1566 2116 1602 modo
2147 1567 2346 1612 expositam

1266 1615 1303 1648 et
1320 1613 1508 1657 pignorum
1531 1613 1587 1647 vel
1632 1611 1852 1647 deiussorum
1875 1611 2126 1656 obligationem
2148 1615 2185 1647 et
2206 1621 2346 1648 omnem

1267 1658 1372 1693 aliam
1402 1657 1595 1702 quamlibet
1625 1657 1801 1692 actionem
1831 1666 1959 1692 vacare
1987 1656 2187 1702 sancimus3
2222 1660 2260 1693 et
2285 1667 2344 1692 su-

1293 1712 1331 1738 er
1361 1703 1431 1738 hoc
1463 1702 1522 1747 qui
1552 1702 1823 1747 promissionem
1852 1702 1994 1747 accepit
2023 1712 2096 1738 non
2123 1702 2239 1738 solum
2261 1712 2345 1748 pro-

111 1752 239 1785 πᾶσαν
271 1747 383 1793 ἄλλην
405 1746 790 1803 οἱανδήποτεζαγωγην
811 1762 833 1782 α
857 1749 1195 1803 γεῖνιθεσπίζομεν·
1210 1750 1252 1784 35
1283 1747 1458 1783 essionem
1486 1747 1631 1790 reddat,
1662 1746 1727 1783 sed
1749 1746 1855 1781 etiam
1885 1747 1982 1782 aliud
2013 1748 2152 1781 tantum
2175 1751 2346 1792 quantum

111 1799 172 1830 καὶ
195 1793 286 1849 πρὸς
307 1794 448 1828 τούτοις
478 1807 498 1828 ο
525 1807 592 1837 την
615 1794 810 1837 υπόσχεσιν
856 1797 1035 1839 αμβανων
1058 1793 1107 1839 μὴ
1130 1794 1196 1838 μό-

111 1854 178 1876 νον
199 1853 270 1883 την
292 1837 490 1886 ὁμολογίαν
513 1835 737 1883 ἀποδιδότω,
761 1835 855 1873 ἀλλὰ
876 1842 937 1873 καὶ
960 1837 1049 1874 ἄλλο
1072 1839 1197 1874 τοσοῦ-

111 1899 177 1920 τον
208 1882 297 1920 ὅσον
326 1884 350 1928 ἡ
380 1882 552 1931 ὁμολογία
587 1887 741 1931 περιέχει
776 1881 1011 1920 ἄπαιτείσθω
1051 1880 1198 1930 ὀφεῖλον

110 1932 156 1979 τῇ
181 1929 350 1974 ἐκκλησίᾳ
373 1927 544 1973 δοθῆναι.

1265 1792 1442 1874 (professio
1485 1791 1644 1829 continet
1676 1791 1858 1836 exigatur,
1897 1791 1993 1838 quod
2026 1791 2131 1828 debet
2173 1791 2347 1828 ecclesiae

1289 1848 1353 1874 an.
1605 1848 1607 1851 ·

168 2035 194 2056 c.
208 2022 253 2055 ΙΙ
272 2021 293 2065 ξ
310 2011 324 2055 1
342 2021 399 2062 (-
411 2020 455 2054 30
473 2015 716 2055 ἀπαιτεῖσθαι
739 2016 854 2055 αὐτὸν
878 2017 1078 2064 κελεύομεν)
1104 2021 1195 2054 initio
1220 2021 1254 2058 in
1280 2020 1407 2053 brevius
1432 2025 1594 2052 contracto
1619 2019 1715 2052 habet
1731 2019 1936 2062 Epanayoye
1952 2019 2042 2060 8,15.
2063 2037 2107 2043 —
2132 2018 2346 2054 Summart‘um

269 2067 291 2111 ξ
306 2069 321 2100 1
348 2068 392 2100 in.
418 2078 457 2099 ex
475 2066 552 2099 Aeli.
577 2067 693 2109 repetit
715 2066 848 2100 Nomoc.
863 2067 895 2099 L
916 2068 962 2100 tit.
979 2067 1018 2100 11
1040 2078 1075 2109 p.
1091 2067 1158 2100 615
1181 2066 1293 2107 VoelL,
1317 2077 1349 2097 υ.
1364 2065 1496 2099 25-27
1520 2065 1595 2098 Atii.
1619 2076 1741 2097 summa
1765 2071 1853 2097 extat
1879 2065 1911 2097 in
1927 2064 2099 2107 paratitlis
2118 2063 2195 2098 Ath.
2209 2065 2230 2098 2
2245 2068 2300 2104 §2

110 2181 239 2214 contra
265 2187 345 2213 eum
366 2176 594 2224 propositam
623 2176 710 2220 (sive
726 2186 906 2223 praesens
928 2176 976 2213 sit
999 2179 1191 2213 accusator
1214 2177 1251 2212 et
1272 2185 1419 2211 causam
1443 2186 1466 2210 a
1488 2186 1527 2211 se
1547 2175 1777 2222 propositam

110 2234 247 2259 menses
268 2222 535 2258 accusationem
558 2232 660 2257 suam
683 2222 819 2267 exequi
841 2221 1004 2273 differat)
1036 2221 1097 2257 ille
1119 2233 1143 2257 a
1166 2231 1239 2268 quo
1264 2220 1457 2267 episeopus
1481 2220 1659 2256 creandus
1683 2226 1764 2256 erat

1786 2178 2055 2256 Jersequatur,
2085 2175 2161 2211 sive
2177 2186 2252 2222 per
2275 2179 2348 2212 tres

1812 2220 1980 2266 iliqenter
2001 2220 2196 2257 examinet.
2242 2219 2295 2257 Et
2315 2222 2350 2257 si

111 2268 254 2315 quidem
284 2279 364 2303 eum
395 2267 594 2303 obnoxium
626 2267 850 2302 accusationi
878 2267 1074 2310 invenerit,
1103 2265 1348 2314 prohibeatur
1371 2266 1509 2301 creatio
1516 2278 1531 2308 ;
1565 2266 1622 2301 sin
1654 2273 1729 2302 non
1761 2268 1943 2313 appareat
1973 2264 2174 2308 obnoxiu-5,
2209 2267 2347 2302 creatio

110 2325 183 2349 non
203 2312 437 2360 impediatur,
461 2315 656 2348 accusator
681 2323 777 2354 vero,
808 2311 883 2348 sive
907 2323 980 2347 non
999 2311 1215 2359 probaverit
1242 2312 1317 2347 sive
1340 2311 1448 2347 etiam
1472 2310 1675 2346 destituerit
1697 2310 1929 2357 propositam
1961 2321 1985 2345 a
2007 2321 2046 2346 se
2069 2312 2346 2354 accusationem,

110 2370 160 2395 ex
180 2358 371 2405 provincia
400 2358 439 2393 in
471 2368 545 2404 qua
574 2356 715 2392 habitat
745 2357 965 2402 expellatur.
1012 2356 1056 2392 Si
1077 2358 1161 2403 quis
1180 2360 1300 2392 autem
1330 2361 1415 2392 ante
1437 2356 1744 2392 examinationem
1767 2366 1868 2391 reum
1892 2356 2085 2399 creaverit,
2118 2355 2182 2402 qui
2203 2360 2348 2392 creatus

111 2410 163 2439 est
194 2415 217 2439 a
247 2403 451 2439 sacerdotio
483 2402 704 2449 expellatur,
735 2404 802 2448 qui
823 2407 941 2438 autem
978 2403 1084 2438 talem
1115 2401 1294 2437 hominem
1325 2411 1450 2437 creare
1481 2411 1593 2436 ausus
1615 2405 1670 2436 est
1690 2411 1838 2453 poenae
1860 2410 1976 2448 supra
1998 2400 2115 2436 dictae
2136 2399 2347 2444 subiciatur,
2374 2402 2382 2408 '

112 2454 184 2484 tam
208 2452 248 2484 ut
267 2459 335 2496 per
357 2459 468 2483 unum
493 2458 627 2483 annum
651 2458 674 2482 a
697 2457 805 2483 sacro
829 2447 1028 2483 ministerio
1044 2446 1290 2494 prohibeatur
1314 2457 1423 2493 quam
1452 2451 1494 2482 ut
1518 2456 1640 2482 omnes
1662 2457 1741 2482 eius
1762 2456 1821 2481 res
1843 2445 2017 2481 ecclesiae
2040 2445 2276 2482 vindicentur.

111 2497 134 2530 1
181 2494 274 2529 Ante
298 2494 420 2529 omnia
443 2498 563 2528 autem
587 2491 680 2527 illud
703 2492 891 2528 observari
911 2492 1105 2535 sancimus,
1135 2503 1180 2528 ne
1203 2491 1286 2538 quis
1303 2502 1376 2539 per
1400 2491 1629 2537 largitionem
1652 2491 1735 2526 auri
1758 2491 1814 2527 vel
1835 2490 1992 2525 aliarum
2013 2500 2136 2525 rerum
2158 2491 2348 2538 episcopus

112 2544 264 2575 creetur.
311 2537 452 2581 Quodsi
473 2537 562 2589 quid
583 2537 760 2573 eiusmodi
783 2538 1010 2573 commissum
1031 2538 1096 2580 sit,
1127 2540 1236 2573 semet
1258 2536 1331 2583 ipsi
1362 2541 1398 2572 et
1419 2537 1483 2583 qui
1506 2536 1596 2572 dant
1626 2539 1661 2571 et
1689 2535 1755 2582 qui
1774 2535 1959 2582 accipiunt
1989 2539 2026 2572 et
2047 2534 2266 2572 mediatores
2287 2546 2347 2572 eo-

111 2595 193 2619 rum
215 2583 410 2618 secundum
441 2583 583 2619 divinas
613 2583 818 2629 scripturas
848 2586 885 2618 et
907 2593 1035 2618 sacros
1058 2592 1217 2618 canones
1239 2581 1529 2617 condemnationi
1551 2580 1742 2623 subiciunt,
1779 2590 1823 2616 ac
1881 2583 2052 2627 ropterea
2083 2583 2118 2615 et
2140 2581 2206 2627 qui
2226 2580 2291 2616 dat
2313 2584 2348 2617 et

113 2629 176 2675 qui
199 2628 333 2674 accipit
362 2632 398 2663 et
421 2629 485 2674 qui
506 2628 684 2663 mediator
711 2628 756 2671 fit
787 2639 810 2663 a
839 2627 1042 2663 sacerdotio
1075 2627 1131 2664 vel
1152 2627 1242 2663 cleri
1265 2626 1443 2673 diqnitate
1466 2630 1713 2668 removeatur;
1777 2636 1824 2660 uo
1873 2631 1992 2661 autem
2023 2624 2067 2660 ob
2098 2636 2177 2660 eam
2200 2636 2348 2662 causam

113 2674 237 2709 datum
267 2678 322 2708 est
350 2673 406 2708 illi
437 2672 608 2708 ecelesiae
635 2673 837 2708 vindicetur
867 2673 971 2708 cuius
1000 2672 1246 2708 sacerdotium
1278 2682 1394 2707 emere
1423 2671 1546 2707 voluit.
1592 2670 1733 2715 Quodsi
1767 2670 1870 2706 aicus
1900 2670 1949 2706 sit
1979 2670 2043 2716 qui
2065 2669 2156 2716 quid
2181 2681 2254 2718 pro
2278 2670 2348 2706 liac

114 2728 226 2754 causa
248 2717 407 2764 accipiat
434 2717 490 2753 vel
519 2717 696 2752 mediator
724 2718 778 2753 rei
799 2717 883 2765 fiat,
914 2728 974 2753 res
1004 2728 1099 2764 quae
1128 2718 1237 2753 datae
1266 2720 1352 2752 sunt
1384 2716 1423 2751 in
1446 2716 1596 2763 duplum
1626 2715 1670 2751 ab
1694 2726 1738 2752 eo
1763 2715 1866 2762 exiqi
1895 2714 2055 2750 iubemus
2076 2714 2247 2751 ecclesiae
2270 2716 2347 2752 vin-

113 2762 299 2799 dicandas.
347 2762 432 2797 Non
453 2762 571 2798 solum
594 2766 713 2798 autem
744 2773 838 2808 quae
868 2762 938 2798 lzoc
960 2763 1067 2798 modo
1099 2762 1187 2798 data
1209 2766 1296 2798 sunt
1325 2761 1509 2798 vindicare
1536 2762 1799 2814 praecipimus,
1831 2759 1897 2795 sed
1917 2760 2024 2795 etiam
2048 2770 2187 2796 omnem
2209 2760 2347 2797 cautio·

113 2819 194 2844 nem
226 2818 298 2854 pro
329 2806 385 2842 his
417 2807 668 2853 qualicumque
698 2807 806 2842 modo
837 2808 1044 2859 expositam
1076 2812 1114 2844 et
1141 2808 1338 2855 piqnorum
1373 2810 1438 2842 aut
1463 2805 1688 2858 fideiussoris
1717 2805 1971 2858 obliqationem
2002 2808 2037 2840 et
2067 2805 2178 2840 aliam
2209 2815 2348 2857 omnem

114 2853 337 2901 qualemcum
364 2863 408 2887 ue
431 2853 608 2888 actionem
632 2862 773 2887 cessare
794 2863 999 2895 sancimus‚·
1023 2863 1067 2888 ac
1083 2857 1280 2899 praeterea
1303 2852 1336 2887 is
1359 2852 1425 2898 qui
1442 2861 1722 2898 promissionem
1745 2854 1890 2897 accipit,
1912 2859 1986 2886 non
2007 2848 2123 2885 solum
2146 2854 2348 2886 cautionem

113 2898 255 2941 reddat,
277 2907 317 2933 se
365 2897 472 2932 etiam
496 2897 651 2932 alterum
675 2900 813 2932 tantum
838 2901 1013 2943 quantum
1036 2898 1158 2933 cautio
1181 2897 1356 2939 continet,
1382 2895 1426 2931 ab
1450 2907 1493 2933 eo
1518 2896 1693 2943 exigatur
1715 2895 1887 2932 ecclesiae
1909 2893 2079 2930 dandum.

184 3013 225 3048 13
250 3009 270 3044 ὅ
287 3030 332 3035 -
347 3007 537 3054 τολμήσας]
563 3009 622 3063 qui
638 3028 687 3063 —‘
697 3010 908 3043 festinaverit
926 3021 946 3047 ς
968 3012 1028 3053 qui
1044 3029 1087 3034 ——
1102 3020 1198 3053 prae-

115 3057 274 3100 cipitatus
297 3058 347 3089 est
370 3056 434 3089 Iul.
461 3057 495 3096 (ι’.
510 3067 535 3088 e.
560 3067 580 3087 o
604 3073 647 3078 —
668 3067 738 3098 ορμ
752 3053 866 3092 ’σαςἩ
886 3054 899 3099 11
924 3056 965 3090 19
988 3057 1196 3099 χειροτονεῖ-

114 3115 177 3182 255⁶
193 3104 224 3137 ²²
242 3104 254 3146 ¹¹
273 3104 314 3137 ²⁰
327 3096 561 3189 {aazia
578 3098 698 3179 ἐξω·
722 3097 955 3178 sitiri
968 3100 1167 3187 titii?
1186 3099 1200 3189 1

115 3160 313 3238 πράῗμδιΐα
336 3200 366 3226 ec
389 3185 504 3243 αὗτὸν
528 3202 586 3244 ogn-
602 3189 656 3244 ΒΟἱ
669 3189 682 3233 11
698 3157 750 3224 {4
772 3157 838 3243 ’ἔειῖτῖ
859 3158 1043 3243 ἐγγυέτοῖἰ]
1068 3170 1199 3243 iideius-

116 3233 508 3319 Ξρῖιιιὲῗόἔτηαῗόβαλλην]
533 3232 685 3277 απειλην
706 3235 753 3268 Μ
764 3234 777 3279 11
793 3237 953 3280 αγωγην]
977 3236 1107 3277 ένοχην
1126 3236 1176 3268 3⁰
1188 3236 1200 3278 11

186 3374 266 3415 lsq.
291 3371 361 3404 sive
379 3389 423 3395 —-
443 3380 575 3404 causam
600 3381 660 3403 om.
675 3370 708 3403 Τ
717 3369 757 3412 ι11
781 3371 800 3402 5
824 3371 911 3409 eum]
939 3381 979 3398 n
1004 3368 1056 3401 T¹
1071 3367 1084 3410 11
1103 3378 1199 3402 accu-

117 3418 239 3451 sationi
257 3418 500 3461 Osenbrilqyen]
521 3413 826 3448 accusatioRVT¹
845 3416 1016 3446 accusator
1030 3413 1175 3457 T’vuly.
1188 3411 1201 3458 11

118 3465 137 3497 6
163 3474 230 3495 non
255 3462 450 3495 ostendatur
471 3480 513 3486 -
534 3463 552 3495 7
570 3459 763 3504 inpediatur
785 3458 954 3502 (pediatur
970 3459 1004 3492 in
1021 3460 1100 3496 rae.)
1121 3460 1198 3491 add.

122 3508 184 3549 ΤΞ,
210 3521 267 3541 om.
291 3508 323 3540 T
331 3507 342 3527 ¹
365 3506 377 3550 11
409 3508 428 3540 8
453 3505 648 3548 probauerit
675 3505 802 3547 Vvuly.
830 3504 843 3548 11
870 3506 890 3538 9
914 3504 1123 3536 accusatione
1149 3502 1201 3536 T¹

118 3555 211 3586 actus
228 3552 391 3585 actionem
407 3551 441 3584 R
458 3551 470 3594 11
487 3551 523 3584 in
540 3553 618 3593 qua]
638 3560 737 3592 quam
754 3550 804 3583 Τι
820 3549 833 3593 11
854 3551 894 3584 10
914 3549 1099 3581 habitiatur
1117 3548 1150 3581 T
1156 3547 1166 3568 ¹
1198 3549 1201 3591 1

119 3601 207 3639 ante]
233 3598 293 3630 eafi
318 3598 372 3629 T‘²
400 3596 413 3638 11
444 3598 485 3630 12
509 3594 720 3629 festiuauerit
742 3594 881 3639 Vincla]
905 3593 1079 3627 festinauit
1101 3593 1171 3626 ΒΤ
1197 3596 1201 3638 1

122 3645 162 3677 13
186 3643 222 3674 in
246 3642 392 3685 Rvul9.]
418 3654 475 3674 om.
499 3641 562 3675 VT
587 3640 599 3685 11
630 3642 670 3675 14
693 3639 836 3673 misterii
854 3639 940 3682 VT„
965 3648 1017 3672 res
1041 3637 1113 3671 eius
1139 3638 1201 3682 Τ11

123 3690 162 3722 15
176 3686 367 3719 iudicentur
379 3686 413 3719 R
430 3685 442 3729 11
462 3687 502 3720 17
511 3688 600 3719 rubr.
614 3686 659 3719 Ut
671 3685 766 3719 nulla
781 3685 926 3728 pecnnia
938 3682 1014 3717 data
1028 3683 1201 3727 episcopus

1267 3012 1481 3043 consecratur
1493 3011 1564 3052 (sic)
1578 3010 1649 3043 Tin
1662 3021 1764 3052 mary.
1775 3009 1827 3049 (esc
1834 3008 1912 3049 Iul.)
1928 3006 1941 3050 11
1957 3005 2124 3048 omnibus]
2141 3007 2251 3039 autem
2268 3007 2345 3041 add.

1267 3056 1362 3089 Beck
1379 3054 1393 3098 11
1409 3053 1580 3087 obseruari
1599 3054 1728 3095 Tune.)
1747 3053 1760 3096 11
1785 3053 1826 3086 18
1849 3062 1910 3096 per
1933 3064 1991 3085 om.
2013 3051 2067 3094 Vn
2088 3052 2129 3084 19
2150 3050 2347 3085 ordinentur

1268 3100 1315 3133 R¹
1333 3099 1346 3143 11
1363 3098 1453 3141 quod
1477 3099 1527 3132 T¹
1542 3099 1555 3142 11
1572 3100 1632 3131 aut
1654 3097 1733 3141 R¹ss
1759 3097 1830 3140 ipse
1856 3095 1907 3130 Τι
1930 3095 1943 3140 11
1970 3096 2013 3130 20
2037 3097 2140 3129 semet
2162 3097 2252 3139 ipsos
2275 3099 2347 3139 eet-1

1270 3143 1381 3189 {tipsos
1398 3163 1439 3168 —
1457 3145 1502 3178 24
1516 3153 1577 3186 pro
1594 3143 1656 3175 hac
1671 3152 1772 3175 causa
1787 3139 1837 3183 da!
1860 3153 1922 3175 scr.
1939 3141 1992 3174 T²
2010 3141 2043 3174 in
2062 3154 2127 3174 rae.
2141 3141 2160 3174 3
2175 3154 2321 3176 versuum

1268 3191 1308 3224 21
1335 3190 1465 3222 sanctas
1490 3189 1571 3228 ΒΤ]
1596 3197 1706 3220 sacras
1726 3186 1783 3229 Vss
1801 3187 1843 3220 22
1867 3184 2078 3219 donationem
2102 3186 2271 3220 subitiunt
2298 3186 2331 3220 V

1267 3235 1348 3276 (ων.
1364 3243 1403 3266 ·s·
1419 3232 1635 3267 subiciuntur
1656 3230 1717 3274 17⁸)
1754 3231 1927 3264 subiciunt
1949 3231 2162 3264 damnationi
2185 3232 2259 3274 T(²)
2273 3230 2286 3275 11
2305 3232 2347 3266 23

1267 3280 1338 3320 aut]
1363 3280 1396 3312 et
1419 3279 1453 3311 R
1475 3276 1488 3322 11
1516 3278 1560 3311 24
1585 3275 1666 3310 oleri
1687 3277 1790 3321 vulp]
1815 3276 1929 3309 clerici
1951 3276 2027 3309 RV
2053 3275 2212 3309 clericatu
2238 3275 2314 3319 T(²)
2335 3275 2350 3321 11

1267 3324 1503 3356 remoueantur
1519 3323 1552 3355 R
1575 3324 1789 3354 remouentur
1809 3322 1884 3363 T(²)
1900 3320 1912 3365 11
1939 3322 1981 3355 25
2002 3319 2096 3354 illius
2110 3320 2211 3364 RVu
2234 3322 2274 3355 27
2295 3330 2348 3354 re-

1267 3378 1343 3401 rum
1367 3369 1429 3401 del.
1446 3367 1496 3400 Τ2
1512 3367 1525 3410 11
1549 3367 1656 3400 sactus
1672 3366 1809 3407 RVT’1
1833 3367 1939 3399 faetus
1956 3367 2003 3399 est
2023 3366 2055 3399 Τ
2061 3366 2071 3387 ¹
2084 3367 2172 3408 vulq.
2190 3365 2203 3409 11
2229 3367 2272 3401 28
2291 3366 2348 3399 da-

1267 3416 1336 3446 tam
1359 3422 1411 3445 res
1434 3412 1484 3445 R¹
1517 3413 1627 3445 datam
1649 3422 1719 3445 rem
1743 3411 1853 3445 R2T¹
1873 3411 1885 3454 11
1908 3412 1950 3445 29
1975 3410 2215 3444 nendicandam
2239 3408 2289 3445 R*
2298 3409 2349 3445 T⁸

1269 3458 1496 3491 uendicandus
1520 3458 1571 3490 lt‘*
1594 3458 1607 3500 11
1632 3458 1676 3491 30
1698 3456 1765 3498 sed]
1789 3466 1823 3489 se
1843 3456 1899 3500 1711
1925 3466 2022 3489 omne
2046 3454 2123 3500 13¹1!
2150 3457 2193 3491 32
2217 3455 2349 3488 fideius-

1268 3503 1399 3536 sionum
1427 3503 1476 3536 T¹
1507 3501 1519 3546 11
1547 3502 1786 3544 obligationem
1809 3503 1906 3535 schol.
1925 3502 1972 3542 R]
2010 3500 2270 3533 dominationem
2299 3500 2349 3534 T¹

1269 3547 1482 3581 donationem
1503 3548 1537 3581 V
1552 3548 1720 3581 dationem
1738 3547 1786 3580 Β*
1798 3545 1850 3580 T²
1867 3546 1879 3589 11
1896 3547 1938 3581 33
1962 3546 2128 3579 actionem
2140 3546 2246 3587 Beck]
2271 3555 2348 3578 cau-

1268 3594 1394 3626 tionem
1417 3594 1494 3626 libri
1520 3592 1532 3636 11
1561 3603 1661 3636 super
1684 3593 1747 3625 hoo
1771 3591 1830 3634 qui
1850 3592 1895 3632 V]
1928 3591 1988 3633 qui
2011 3600 2110 3634 super
2133 3590 2195 3624 hoc
2215 3590 2318 3623 Rvul
2339 3614 2348 3623 .

1269 3638 1327 3717 315st
1351 3647 1450 3715 csixiiper
1463 3639 1554 3716 1139.oe
1578 3637 1637 3680 qui
1661 3637 1733 3680 (qui
1756 3638 1818 3671 del.
1838 3635 1903 3678 ΤΞ)
1927 3636 2046 3680 Τ1134
2067 3635 2270 3679 professione
2293 3602 2350 3679 Vqss

1336 3693 1355 3715 a
1384 3693 1440 3716 um
