2476 3854
118 93 227 137 Nov.
257 92 435 136 CXVIII
463 94 489 135 3

121 204 152 239 εἰ
183 205 365 247 ἐπέζησεν.
413 199 508 238 ὅθεν
539 198 749 236 ἀκόλουθόν
770 202 871 236 ἐστιν
913 201 973 235 ἴνα
997 201 1028 235 εἰ
1050 200 1160 244 τυχὸν
1183 198 1204 235 ὅ

121 249 405 294 προτελευτῆσας
440 246 609 292 ἀδελφός,
646 238 688 280 οὗ
724 246 761 281 οἱ
791 227 916 282 παῖδες
947 249 1115 291 περίεισι,
1151 242 1203 280 δι’

122 295 289 338 ἑκατέρου
313 297 444 340 γονέως
466 295 519 335 τῷ
547 293 616 326 νῦν
638 290 896 334 τελευτήσαντι
920 290 1101 336 προςώπῳ
1126 302 1207 326 συν-

122 337 269 383 ήπτετο,
313 338 349 373 οἱ
386 337 427 372 δὲ
468 337 653 382 περιόντες
697 333 845 381 ἀδελφοὶ
885 333 946 370 διὰ
974 337 1040 370 τοῦ
1071 335 1209 381 πατρὸς

1192 87 1277 135 570

2017 104 2077 136 ΒΕ
2102 99 2357 139 Ennomus

1274 210 1359 253 pere
1394 199 1426 235 si
1457 202 1640 245 superstes
1672 202 1778 238 esset.
1826 200 1929 237 Unde
1960 211 2182 256 consequens
2210 205 2281 248 est,
2317 206 2359 239 ut

1275 255 1306 281 si
1334 245 1428 280 forte
1460 247 1711 290 praemortuus
1741 245 1863 288 frater,
1896 246 1997 282 cuius
2029 246 2092 282 filii
2125 247 2261 292 vivunt,
2293 257 2358 294 per

1276 293 1465 334 utrumque
1489 293 1673 335 parentem
1696 301 1792 327 nunc
1817 290 2007 328 defunctae
2031 291 2207 337 personae
2234 293 2356 338 iunge-

1275 335 1393 377 batur,
1423 336 1634 380 superstites
1667 340 1786 372 autem
1816 335 1948 372 fratres
1978 346 2042 382 per
2072 340 2211 383 patrem
2243 338 2358 374 solum

121 385 233 429 μόνου
256 384 366 439 τυχὸν
394 382 416 426 ἢ
436 383 501 437 τῆς
523 382 657 426 μητρὸς
689 378 789 434 αὐτῷ
814 381 1052 425 συνήπτοντο,
1084 393 1207 425 προτι-
1244 380 1398 416 5f0rsan
1436 383 1501 415 aut
1539 384 1687 417 matrem
1725 381 1759 417 ei
1796 381 2054 425 iungebantur,
2092 385 2358 428 praeponantur

121 430 298 474 μηθιῦσιν
325 441 359 462 οι
382 440 512 462 τουτου
542 425 667 462 παῖδες
697 439 774 461 των
804 425 911 461 ἰδίων
933 426 1063 469 θείων,
1094 427 1125 460 εἰ
1148 429 1209 460 καὶ

122 478 246 519 τρίτου
275 475 342 507 εἰσὶ
366 473 517 517 βαθμοῦ
551 472 633 515 (εἴτε
657 472 747 525 πρὸς
770 471 908 517 πατρὸς
938 471 1009 505 εἴτε
1031 471 1121 517 πρὸς
1142 484 1208 516 μη-

122 520 206 564 τρὸς
229 518 352 572 εἴησαν
376 517 412 552 οἱ
434 518 548 560 θεῖοι,
580 520 640 550 καὶ
663 518 734 551 eive
758 515 902 562 ἄρρενες
933 516 1005 551 εἴτε
1036 515 1208 560 θήλειαι),

123 563 239 608 ὥςπερ
260 577 279 596 ο
305 560 428 597 αὐτῶν
456 562 580 617 γονεὺς
603 563 823 610 προετιμᾶτο
848 563 878 595 εἰ
901 563 1038 606 περιῆν.
1086 564 1146 596 καὶ
1169 562 1207 595 ἐκ

1276 425 1378 461 istius
1402 424 1466 460 filii
1490 425 1644 471 propriis
1667 426 1765 467 thiis,
1796 426 1881 462 licet
1904 426 2009 462 tertio
2041 427 2114 463 sint
2136 427 2248 471 gradu
2272 427 2359 469 (sive

1277 480 1299 505 a
1322 474 1425 515 patre
1455 470 1528 507 sive
1550 480 1574 506 a
1595 475 1709 507 matre
1740 470 1811 506 sint
1831 471 1914 514 thii,
1946 475 1983 507 et
2005 472 2080 507 sive
2105 471 2255 507 masculi
2285 471 2359 508 sive

1278 515 1454 558 feminae),
1487 515 1582 551 sicut
1611 525 1735 552 eorum
1765 526 1896 562 parens
1922 517 2223 562 praeponebatur,
2253 516 2285 552 si
2307 516 2358 552 vi-

1277 563 1383 595 veret.
1432 560 1482 596 Et
1504 570 1525 596 e
1548 560 1698 604 diverso,
1730 561 1762 597 si
1785 562 1927 607 quidem
1957 565 2139 607 superstes
2169 562 2283 597 frater
2315 571 2360 597 ex

122 610 199 643 τιῦν
232 610 423 648 ἐναντίων,
454 608 484 642 εἰ
508 620 527 641 ο
550 609 617 651 μὲν
641 607 779 661 usquin
803 604 956 652 ἀδελφὸς
980 606 1018 647 ἐξ
1041 606 1208 651 ἑκατέρου
1224 610 1263 641 10
1277 609 1429 650 utroque
1458 609 1606 651 parente
1639 606 1866 651 coniungitur
1896 607 2076 650 defuncto,
2107 610 2359 653 praemortuus

121 657 254 700 γονέως
274 650 498 688 συνάπτεται
529 653 584 696 τῷ
607 651 880 695 τελευτησαντι,
912 649 932 685 ὁ
958 649 998 686 δὲ
1021 651 1206 697 προτελευ-

122 698 232 742 τήσας
256 696 308 732 δι’
327 698 407 733 ἑνὸς
428 700 563 743 γονέως
586 696 798 740 συνήπτετο,
822 697 904 750 τοὺς
923 694 1052 731 τούτου
1076 696 1208 732 παῖδας

123 745 161 777 ἐκ
185 745 247 786 τῆς
270 742 503 788 κληρονομίας
534 739 782 786 ἅποκλείομεν,
815 753 932 788 ωςπερ
963 745 1023 776 καὶ
1049 739 1155 776 αὐτὸς
1177 742 1208 775 εἰ

123 790 253 834 περιῆν
277 788 478 829 ἐξεκλείετο.
517 787 562 822 τὸ
580 785 620 822 δὲ
634 789 802 822 τοιοῦτον
820 786 1021 832 προνόμιον
1038 788 1078 821 ἐν
1092 786 1207 834 ταύτῃ

1277 653 1397 686 autem
1427 660 1492 695 per
1521 661 1631 686 unum
1662 656 1846 697 parentem
1875 652 2101 697 iungebatur,
2135 651 2241 688 huius
2267 651 2359 687 filios

1277 696 1323 731 ab
1355 696 1551 731 hereditate
1582 696 1821 741 excludimus,
1851 697 1945 733 sicut
1973 697 2052 742 ipse
2083 697 2114 734 si
2136 698 2268 733 viveret
2298 705 2359 732 ex·

1278 740 1500 777 eludebatur.
1547 740 1763 777 Huiusmodi
1784 752 1867 778 vero
1890 742 2111 787 privilegium
2141 742 2180 778 in
2209 742 2278 778 boc
2300 751 2358 778 or-

1278 786 1359 821 dine
1386 785 1606 830 cognationis
1641 787 1728 822 solis
1759 787 1969 832 praebemus
1998 787 2151 823 fratrum
2181 786 2359 823 masculo-

122 835 166 880 τῇ
192 833 291 874 τάξει
322 835 385 888 τῇς
409 837 613 880 συγγενείας
642 830 767 876 μόνοις
796 835 999 888 παρέχομεν
1030 835 1102 867 τοῖς
1130 833 1209 867 τῶν
1225 834 1265 868 15
1277 841 1356 867 rum
1380 834 1444 866 aut
1466 831 1676 867 feminarum
1699 831 1782 867 filiis
1812 834 1876 868 aut
1897 831 2058 875 filiabus,
2089 836 2131 868 ut
2153 832 2192 868 in
2213 841 2359 868 suornm

123 877 294 923 ἀδελφῶν
329 881 494 924 αρρένων
528 876 551 921 ἢ
587 877 750 919 θηλειῶν
783 881 871 912 υιοῖς
905 891 927 921 η
967 876 1208 924 θυγατράσιν,

123 925 182 958 ἵνα
211 925 258 958 εἰς
289 924 337 958 τοὶ
365 924 443 957 τῶν
473 921 580 957 ἰδίων
610 925 749 969 γονέων
782 921 902 957 δίκαια
933 920 1208 965 ὑπειςέλθωσιν,

123 966 244 1003 οὐδενὶ
272 967 312 1003 δὲ
342 967 442 1012 ἄλλῳ
474 967 660 1003 παντελῶς
694 967 877 1015 προςώπῳ
913 969 951 1002 ἐκ
982 968 1113 1010 ταύτης
1146 968 1210 1010 τῆς

122 1014 258 1055 τάξεως
274 1016 454 1059 ἐρχομένῳ
471 1015 580 1048 τοῦτο
596 1013 638 1048 τὸ
658 1011 799 1048 δίκαιον
818 1014 1079 1067 συγχωροῦμεν.
1120 1010 1208 1047 ἀλλὰ

1277 879 1466 922 parentum
1489 877 1570 912 iura
1593 876 1808 922 succedant3
1846 877 1935 912 nulli
1957 877 2111 924 (autem)
2133 877 2195 912 alii
2217 876 2358 913 omnino

1276 931 1452 966 personae
1484 931 1529 957 ex
1561 921 1630 958 hoc
1654 922 1780 958 ordine
1807 922 1960 958 venienti
1990 923 2059 958 hoc
2090 922 2147 958 ius
2177 922 2358 966 largimur.

1278 967 1347 1002 Sed
1365 970 1401 1001 et
1417 966 1503 1011 ipsis
1518 966 1671 1002 fratrum
1690 967 1772 1002 filiis
1789 970 1876 1002 tunc
1893 967 1962 1003 hoc
1978 967 2190 1003 beneficium
2206 965 2360 1004 conferi·

1278 1022 1366 1053 mus,
1389 1012 1531 1056 quando
1550 1022 1629 1047 cum
1645 1011 1800 1058 propriis
1816 1012 2020 1048 iudicantur
2034 1012 2119 1048 thiis
2138 1012 2306 1048 masculis
2325 1016 2360 1047 et

123 1063 182 1093 καὶ
207 1058 326 1093 αὐτοῖς
348 1062 421 1094 τοῖς
442 1060 519 1093 τῶν
542 1055 713 1112 ἀδελφῶν
744 1062 850 1094 παισὶ
872 1071 958 1093 τοτε
981 1071 1119 1100 ταυτην
1142 1057 1210 1100 τὴν
1223 1059 1264 1092 20
1280 1057 1436 1099 feminis,
1472 1058 1546 1093 Sive
1580 1058 1721 1102 paterni
1756 1058 1829 1093 sive
1858 1058 2012 1093 materni
2042 1057 2125 1094 sint.
2173 1057 2213 1093 Si
2241 1060 2360 1093 autem

124 1102 328 1150 εὐεργεσίαν
351 1106 563 1149 παρέχομεν,
595 1116 659 1138 οτε
680 1103 772 1148 μετὰ
796 1105 873 1138 τῶν
897 1101 1003 1138 ἰδίων
1026 1107 1210 1149 κρίνονται

123 1150 243 1184 θείων
275 1147 440 1197 ἀρρένων
475 1162 515 1184 τε
550 1152 611 1183 καὶ
642 1149 673 1183 θ
697 1148 816 1193 λειᾱίν,
852 1149 922 1183 εἴτε
955 1148 1045 1193 πρὸς
1074 1147 1211 1193 πατρὸς

122 1196 194 1229 εἴτε
217 1194 307 1239 πρὸς
328 1194 463 1241 μητρὸς
487 1194 566 1229 εἶεν.
615 1195 645 1228 εἰ
670 1162 710 1228 δὲ
730 1194 823 1238 μετὰ
851 1195 928 1228 τῶν
951 1191 1122 1239 ἀδελφῶν
1144 1194 1210 1228 τοῦ

122 1239 400 1283 τελευτήσαντος
423 1242 484 1274 καὶ
502 1238 677 1282 ἀνιόντες,
702 1236 750 1273 οἷς
771 1237 840 1283 ἤδη
864 1243 1095 1294 προείπομεν,
1120 1238 1210 1286 πρὸς

1280 1111 1359 1138 cum
1382 1102 1555 1138 fratribus
1580 1102 1738 1138 defuncti
1761 1102 1867 1138 etiam
1891 1102 2141 1145 ascendentes,
2173 1102 2268 1139 sicut
2289 1102 2360 1138 iam

1280 1147 1449 1191 diximus,
1484 1148 1532 1183 ad
1563 1148 1795 1183 hereditatem
1826 1150 2009 1192 vocantur,
2045 1147 2144 1184 nullo
2178 1148 2283 1183 modo
2314 1146 2362 1183 ad

1280 1193 1542 1229 successionem
1571 1193 1616 1228 ab
1647 1193 1817 1229 intestato
1852 1193 1976 1229 fratris
2012 1196 2077 1229 aut
2105 1193 2238 1229 sororis
2267 1191 2361 1228 filios

1279 1238 1399 1274 vocari
1422 1238 1668 1283 permittimus,
1693 1247 1810 1283 neque
1833 1238 1863 1274 si
1888 1248 1931 1274 ex
1955 1241 2106 1284 utroque
2129 1241 2277 1284 parente
2299 1247 2360 1274 eo·

122 1285 190 1328 τὴν
214 1285 454 1329 κληρονομίαν
485 1284 699 1327 καλοῦνται,
729 1282 851 1319 οὐδενὶ
873 1297 1002 1331 τροπῳ
1029 1283 1118 1330 πρὸς
1140 1283 1209 1326 τὴν
1223 1285 1264 1318 25
1279 1293 1357 1318 rum
1381 1287 1486 1328 pater
1509 1287 1571 1319 aut
1594 1285 1708 1319 mater
1732 1283 1902 1319 defuncto
1923 1283 2149 1328 iungebatur.
2193 1282 2360 1328 Quando-

124 1331 162 1371 ἐξ
186 1327 386 1365 οἷδιαθέτου
412 1328 584 1373 διαδοχὴν
608 1330 688 1364 τοὺς
711 1330 774 1364 τοῦ
799 1326 955 1375 ἀδελφοῦ
980 1327 1005 1373 ἢ
1023 1331 1084 1372 τῆς
1108 1326 1209 1363 ἀδελ-

123 1377 191 1420 φῆς
222 1374 355 1410 παῖδας
386 1374 581 1410 καλεῖσθαι
604 1376 867 1422 συγχωροῦμεν,
899 1372 984 1409 οὐδὲ
1007 1375 1037 1408 εἰ
1069 1374 1107 1415 ἐξ
1129 1375 1208 1408 ἑκα-

122 1424 165 1455 τέ
185 1434 225 1455 ου
246 1424 380 1467 γονέως
403 1419 424 1454 ὅ
439 1418 575 1476 (αὐτῶν
599 1421 718 1466 πατὴρ
744 1418 769 1475 ἢ
790 1419 908 1473 μήτηρ
931 1419 1134 1473 συνήπτετο
1154 1422 1207 1462 τῷ

122 1434 387 1510 τελευτήσαντι.
428 1466 543 1501 οπότε
564 1469 687 1500 τοίνυν
709 1476 783 1500 τοις
802 1478 867 1500 του
889 1463 1045 1511 ἀδελφου
1070 1468 1130 1500 καὶ
1147 1465 1210 1507 τῆς

1304 1329 1421 1364 uidem
1450 1327 1575 1365 fratris
1605 1332 1641 1364 et
1670 1329 1802 1365 sororis
1832 1329 1918 1365 filiis
1947 1329 2021 1364 tale
2048 1328 2270 1375 privilegium
2300 1328 2361 1364 de-

1303 1374 1451 1416 erimus,
1490 1377 1531 1409 ut
1564 1374 1602 1409 in
1637 1374 1865 1419 propriorum
1906 1377 2095 1420 parentum
2131 1373 2361 1410 succedentes

1278 1419 1395 1454 locum
1419 1419 1487 1456 soli
1509 1419 1548 1454 in
1571 1419 1677 1455 tertio
1702 1419 1889 1455 constituti
1910 1419 2024 1464 gradu
2047 1430 2130 1456 cum
2149 1419 2206 1455 his
2239 1419 2301 1464 qui
2324 1418 2362 1454 in

1278 1464 1434 1500 secundo
1464 1465 1578 1508 gradu
1610 1468 1694 1502 sunt
1726 1465 1772 1500 ad
1801 1464 2032 1500 hereditatem
2055 1468 2237 1508 vocentur,
2272 1463 2362 1509 illud

123 1509 276 1556 ἀδελφῆς
299 1513 572 1566 παισὶττοιοῦτο
598 1508 800 1565 προνόμιον
821 1508 1042 1565 δεδώκαμεν,
1067 1511 1128 1545 ἴνα
1143 1509 1209 1544 τὸν
1223 1511 1265 1544 30
1278 1510 1396 1555 palam
1431 1514 1485 1545 est
1521 1510 1604 1555 quia
1637 1510 1722 1545 thiis
1753 1509 1914 1545 defuncti
1943 1510 2113 1547 masculis
2150 1512 2188 1546 et
2220 1508 2362 1545 feminis

123 1558 200 1591 τῶν
227 1559 367 1602 γονέων
402 1568 621 1592 υπειςιοντες
657 1569 774 1591 τοπον
807 1569 916 1600 μονοι
950 1559 1074 1601 τρίτου
1109 1554 1210 1590 ὄντες

123 1603 273 1646 βαθμοῦ
296 1602 387 1647 μετὰ
411 1603 489 1636 τῶν
510 1603 548 1635 ἐκ
566 1599 728 1646 δευτέρου
751 1602 903 1646 βαθμοῦ
928 1601 1019 1647 πρὸς
1042 1601 1110 1655 τυὴν
1129 1599 1210 1643 κλη-

1278 1555 1359 1607 sive·
1375 1565 1397 1589 a
1421 1558 1523 1607 patre
1547 1555 1619 1591 sive
1642 1565 1665 1590 a
1689 1557 1802 1591 matre
1825 1558 2106 1608 praeponuntur,
2129 1555 2162 1591 si
2181 1554 2290 1591 etiam
2311 1553 2363 1591 ini

1278 1603 1424 1636 tertium
1448 1600 1609 1637 similiter
1634 1601 1856 1646 cognationis
1879 1601 2064 1638 obtineant
2086 1600 2247 1646 gradum.

124 1651 299 1691 ρονομίαν
322 1646 525 1690 καλῶνται,
559 1648 671 1681 έκεῖνο
695 1645 882 1694 πρόδηλόν
906 1647 1017 1688 ἐστιν,
1050 1659 1110 1680 οτι
1133 1647 1211 1680 τῶν

125 1693 243 1727 θείων
275 1693 340 1727 τοῦ
371 1691 650 1735 τελευτήσαντος
682 1688 846 1737 ἀρρένων
875 1705 916 1726 τε
947 1695 1007 1726 καὶ
1035 1690 1209 1735 θηλειῶν,

124 1738 194 1772 εἴτε
217 1737 308 1782 πρὸς
330 1737 465 1783 πατρὸς
488 1737 559 1772 εἴτε
583 1736 673 1783 πρὸς
695 1737 829 1782 μητρὸς
846 1736 981 1780 εἴησαν,
1005 1737 1210 1782 προτιμῶν·
1224 1738 1266 1771 35

123 1797 201 1826 ται,
235 1784 267 1817 εἰ
289 1785 350 1817 καὶ
373 1783 502 1817 ἐκεῖνοι
525 1786 649 1828 τρίτον
674 1779 803 1826 ὁμοίως
831 1785 1034 1829 συγγενείας
1056 1780 1211 1826 βαθμὸν

123 1830 145 1864 1
193 1829 318 1871 ἔχοιεν.
396 1828 443 1862 Εἰ
467 1826 507 1861 δὲ
527 1825 618 1872 μήτε
642 1824 815 1874 ἀδελφοὺς
836 1828 928 1872 μήτε
951 1825 1084 1862 παῖδας
1107 1825 1210 1861 ἀδελ-

123 1874 217 1919 φῶν,
242 1871 290 1908 οἷς
313 1871 511 1919 εἰρήκαμεν,
536 1870 555 1906 ὁ
579 1871 790 1916 τελευτήσας
813 1871 1040 1920 καταλείψει,
1071 1871 1212 1908 πάντας
1278 1872 1445 1914 diximus,
1477 1872 1670 1909 defunctus
1694 1873 1886 1917 reliquerit,
1919 1881 2041 1907 omnes
2073 1871 2241 1918 deinceps
2263 1882 2287 1908 a
2309 1872 2362 1908 la-

122 1918 204 1953 τοὺς
228 1918 353 1964 ἐφεξῆς
384 1920 422 1952 ἐκ
445 1917 599 1964 πλαγίου
623 1921 801 1965 συγγενεῖς
831 1918 919 1964 πρὸς
949 1918 1018 1961 τὴν
1040 1917 1208 1963 κληρονο-
1278 1919 1353 1953 tere
1393 1918 1567 1963 cognatos
1605 1917 1651 1953 ad
1688 1917 1920 1955 hereditatem
1959 1926 2127 1953 vocamus
2166 1917 2362 1954 secundum

121 1967 210 2007 μίαν
226 1962 405 2007 καλοῦμεν
428 1963 521 1997 κατὰ
545 1963 614 2006 τὴν
633 1964 713 1998 ἑνὸς
737 1964 884 1997 ἑκάστου
908 1964 1060 2008 βαθμοῦ
1086 1966 1209 2008 προτί·
1223 1964 1266 1997 40
1280 1963 1560 2007 uniuscuiusque
1593 1962 1739 2007 gradus.
1761 1962 2060 2009 praerogativam,
2104 1964 2146 1999 ut
2175 1962 2363 2000 viciniores

121 2020 244 2054 μησιν,
278 2009 339 2043 ἵνα
369 2008 406 2042 οἱ
437 2006 619 2056 ἐγγύτεροι
651 2010 707 2052 τῷ
737 2009 877 2053 βαθμῷ
910 2005 1014 2043 αὐτοὶ
1038 2009 1115 2043 τῶν
1138 2007 1223 2056 λοι->

1277 1829 1299 1863 1
1347 1826 1385 1861 Si
1409 1836 1490 1863 vero
1514 1835 1630 1872 neque
1653 1827 1785 1863 fratres
1808 1836 1923 1873 neque
1945 1825 2038 1862 filios
2061 1825 2232 1870 fratrum,
2255 1826 2363 1863 sicuti

119 2131 256 2167 parens
279 2130 404 2156 eorum
428 2123 645 2166 accepturus
668 2124 765 2162 erat,
796 2120 829 2155 si
852 2121 994 2156 viveret.
1048 2118 1147 2155 Unde
1169 2129 1393 2164 consequens
1416 2122 1486 2162 est,
1518 2122 1560 2154 ut
1580 2119 1616 2154 si
1639 2119 1743 2165 forte
1771 2119 1896 2164 frater
1924 2118 1999 2155 iam
2022 2118 2229 2165 defunctu-v,
2260 2120 2364 2157 cuius

118 2165 188 2211 filii
210 2168 423 2212 supersunt,
481 2175 521 2201 er
544 2169 736 2211 utrumque
762 2169 953 2212 parentem
984 2166 1018 2201 ei
1048 2165 1114 2211 qui
1142 2164 1248 2200 modo
1280 2163 1433 2200 decessit
1462 2163 1716 2211 copulabatur,
1747 2164 1961 2210 superstites
1985 2168 2104 2200 autem
2132 2165 2275 2211 fratres
2295 2176 2364 2213 per

115 2215 262 2257 patrem
285 2210 402 2246 solum
449 2214 527 2246 orte
558 2210 614 2246 vet
636 2215 786 2246 matrem
809 2211 843 2246 ei
867 2209 1144 2257 copulabantur,
1173 2209 1243 2254 filii
1266 2210 1342 2245 eius
1363 2210 1510 2255 patruis
1531 2210 1608 2245 suis
1623 2209 1906 2256 praeferantur,
1937 2210 2078 2246 etiamsi
2106 2209 2214 2246 tertio
2241 2210 2364 2256 ‚qr-adu

121 2257 213 2300 sint,
248 2256 322 2292 sive
350 2255 497 2303 paterni
526 2255 600 2291 sive
621 2256 776 2292 materni
805 2256 880 2291 sint
909 2255 992 2297 tlzii,
1023 2255 1097 2291 sive
1120 2254 1272 2291 masculi
1302 2255 1374 2290 sive
1402 2254 1583 2300 feminae,
1614 2255 1710 2290 sicut
1737 2258 1847 2300 pater
1876 2265 2001 2291 eorum
2026 2255 2300 2308 praeferretur,
2330 2257 2364 2291 si

121 2304 304 2348 superstes
328 2305 429 2337 esset.
478 2302 595 2346 Atque
617 2312 667 2337 ex
691 2301 878 2337 contrario
909 2301 942 2336 si
965 2304 1147 2347 superstes
1175 2300 1301 2345 frater
1327 2310 1395 2347 per
1418 2305 1611 2351 utrumque
1638 2304 1829 2346 parentem
1858 2300 2092 2346 coniunqaetur
2114 2299 2301 2346 defuncto,
2331 2301 2365 2337 is

123 2351 242 2382 autem
266 2346 328 2392 qui
352 2350 436 2382 ante
460 2345 611 2382 decessit
634 2357 708 2393 per
732 2357 842 2381 unum
859 2351 1051 2393 parentem
1075 2344 1372 2391 coniunqebatur,
1402 2344 1501 2389 filios
1523 2356 1601 2381 eius
1632 2345 1677 2381 ab
1701 2343 1899 2381 hereditate
1922 2344 2160 2387 excludimus,
2193 2345 2363 2392 quemad-

122 2391 266 2426 modum
298 2392 376 2437 ipse
407 2402 479 2437 quo
510 2403 552 2427 ue
582 2391 614 2426 si
642 2394 825 2438 superstes
856 2396 946 2427 esset
978 2390 1243 2427 excluderetur.
1302 2389 1521 2426 Huiusmodi
1552 2393 1672 2426 autem
1696 2389 1931 2437 privilegium
1962 2389 2001 2424 in
2031 2389 2101 2426 hoc
2133 2389 2365 2437 coquationis

123 2436 250 2472 ordine
272 2437 361 2472 solis
378 2448 474 2483 prae
498 2447 596 2472 emus
617 2436 781 2483 fratrum
811 2436 869 2473 vel
889 2447 1057 2472 sororum
1084 2436 1173 2480 filiis
1192 2434 1392 2479 filiabusve,
1417 2439 1458 2470 ut
1480 2435 1518 2470 in
1569 2439 1734 2471 arentum
1757 2445 1905 2471 suorum
1927 2435 2012 2470 iura
2033 2434 2247 2477 succedant,
2271 2435 2365 2472 nulli

123 2493 206 2517 vero
232 2482 377 2517 omnino
410 2482 475 2516 alii
502 2492 682 2528 personae
712 2493 763 2518 ex
793 2481 861 2517 hoc
893 2481 1021 2517 ordine
1051 2481 1206 2517 venienti
1233 2479 1300 2516 hoc
1329 2481 1388 2515 ius
1419 2491 1529 2516 conce
1555 2481 1658 2516 imus.
1705 2478 1779 2516 Sed
1802 2483 1837 2516 et
1859 2480 1950 2526 ipsis
1978 2480 2142 2525 fratrum
2169 2479 2257 2526 siliis
2289 2484 2363 2517 tum

123 2526 215 2562 illud
237 2526 445 2572 beneficium
461 2527 690 2573 praebemus,
722 2526 783 2562 ubi
814 2538 894 2562 cum
926 2526 1010 2561 tln'is
1039 2527 1116 2562 suis
1146 2529 1288 2562 certant
1319 2529 1354 2562 et
1384 2525 1553 2561 masculis
1576 2529 1613 2561 et
1632 2525 1792 2571 feminis,
1824 2525 1898 2561 sive
1923 2525 2074 2572 paterni
2102 2525 2178 2561 sive
2208 2525 2364 2562 materni

123 2572 205 2607 sint.
253 2570 295 2607 Si
312 2582 394 2607 vero
420 2582 500 2607 cum
522 2571 705 2616 fratribus
728 2572 894 2618 defuncti
917 2572 1026 2607 etiam
1050 2571 1294 2613 ascendentes,
1319 2571 1374 2606 uti
1394 2582 1509 2617 supra
1532 2570 1705 2613 diximus,
1729 2570 1778 2605 ad
1793 2569 2026 2606 hereditatem
2048 2573 2236 2613 vocantur,
2260 2570 2364 2606 nullo

124 2616 230 2651 modo
261 2616 311 2651 ad
339 2618 599 2652 successionem
632 2617 676 2652 ab
708 2617 877 2653 intestato
907 2617 1042 2662 fratris
1074 2617 1130 2652 vel
1159 2616 1301 2652 sororis
1328 2615 1428 2659 filios
1458 2615 1583 2652 vocari
1609 2615 1874 2662 permittimus,
1905 2626 1951 2651 ne
1982 2619 2055 2650 tum
2085 2615 2230 2661 quidem
2258 2615 2293 2652 si
2314 2626 2364 2652 ex

124 2666 280 2707 utroque
307 2666 461 2707 parente
484 2666 597 2713 pater
619 2673 745 2698 eorum
774 2662 830 2698 vel
853 2666 968 2698 mater
991 2662 1165 2707 defuncto
1194 2661 1407 2697 coniunctus
1430 2665 1521 2697 erat.
1570 2659 1747 2704 Quoniam
1769 2661 1881 2707 iqitur
1901 2660 2037 2706 fratris
2059 2664 2096 2696 et
2117 2661 2258 2696 sororis
2275 2660 2364 2706 filiis

125 2706 300 2742 eiusmodi
322 2706 550 2752 privileyium
575 2706 747 2749 dedimus,
772 2712 813 2743 ut
835 2708 874 2743 in
899 2707 1016 2743 locum
1034 2710 1231 2754 parentum
1254 2706 1482 2742 succedentes
1505 2706 1594 2748 soli,
1629 2716 1708 2741 cum
1733 2705 1838 2742 tertio
1858 2705 1982 2757 yradu
2005 2705 2095 2747 sint,
2127 2715 2208 2741 cum
2231 2705 2276 2742 iis
2301 2706 2366 2752 qui

124 2750 282 2787 secundo
307 2750 427 2797 qradu
449 2755 535 2787 sunt
557 2752 607 2787 ad
628 2751 859 2788 hereditatem
884 2756 1066 2794 vocentur,
1092 2751 1184 2787 illud
1206 2751 1438 2797 manifestum
1462 2755 1514 2787 est
1531 2761 1594 2786 eos
1610 2750 1775 2795 defuncti
1800 2749 1884 2786 teias
1906 2755 1942 2786 et
1959 2750 2129 2786 masculis
2150 2754 2187 2786 et
2227 2750 2364 2794 eminis,

124 2797 198 2832 sive
216 2796 366 2841 paterni
390 2797 464 2832 sive
486 2798 640 2832 materni
662 2798 745 2840 sint,
765 2798 967 2845 praeferri,
992 2797 1132 2833 etiamsi
1154 2796 1210 2831 illi
1259 2807 1377 2842 uoque
1402 2797 1545 2832 tertium
1566 2796 1710 2842 pariter
1733 2795 1963 2842 coqnationis
1985 2795 2140 2842 qradum
2169 2806 2191 2831 o
2216 2795 2363 2832 tineent.

126 2844 148 2878 1
217 2841 259 2877 Si
282 2851 366 2876 vero
391 2852 505 2887 neque
527 2842 666 2886 fratres
690 2853 804 2887 neque
825 2843 988 2887 fratrum
1009 2842 1118 2887 filios,
1142 2842 1196 2876 uti
1242 2842 1388 2884 ioeimus,
1412 2841 1457 2877 de
1480 2846 1610 2877 unctus
1629 2840 1827 2886 reliquerit,
1853 2851 1975 2877 omnes
1995 2840 2164 2886 deinceps
2181 2851 2232 2876 ex
2251 2840 2365 2877 latere

126 2889 303 2933 coqnatos
326 2885 376 2921 ad
397 2885 630 2922 hereditatem
654 2897 822 2922 vocamus
842 2887 1038 2923 secundum
1067 2887 1349 2933 uniuscuiusque
1370 2897 1440 2933 θνα
1468 2897 1511 2922 us
1527 2886 1847 2933 praeroqativam,
1876 2889 1919 2920 ut
1938 2885 2222 2932 propinquiores
2242 2884 2364 2931 qradu

179 3002 195 3034 1
223 2998 349 3042 ἔζησεν
372 2999 419 3032 13⁸
438 2998 450 3043 ss
468 3000 487 3032 2
511 2996 548 3032 οἱ
570 2996 704 3040 παῖδες]
729 2997 798 3032 υἱοὶ
822 3000 869 3032 13⁸
884 3012 912 3032 v.
930 3001 949 3032 I.
969 2999 980 3042 ΙΙ
998 3002 1019 3033 4
1036 2997 1211 3043 περΙριόν-

127 3055 184 3080 τες
207 3049 259 3089 (ερ
284 3047 317 3078 in
341 3046 422 3085 ras.)
448 3044 491 3077 M
509 3044 522 3086 ΙΙ
549 3041 622 3085 διὰ]
650 3043 748 3087 παρὰ
776 3043 825 3076 ΒΓ
847 3043 860 3088 ΙΙ
887 3045 907 3077 6
925 3043 1072 3089 τούτου]
1097 3044 1211 3077 τοιοῦ-

127 3103 184 3124 τοι
203 3091 232 3124 L
250 3090 263 3134 ΙΙ
280 3089 311 3123 εἰ
334 3090 407 3131 (om.
421 3089 497 3132 Mss)
519 3091 579 3122 καὶ
595 3090 677 3129 ML]
704 3085 772 3122 κᾶν
788 3090 821 3122 Β
840 3088 852 3132 ΙΙ
869 3091 886 3122 7
910 3090 978 3121 ιύσι
993 3090 1028 3122 Β
1044 3089 1056 3127 ΙΙ
1076 3088 1213 3135 πατρὸς

128 3136 253 3178 εἴησαν
276 3133 313 3169 οἱ
341 3132 391 3175 (οἱ
413 3147 470 3168 om.
496 3134 565 3176 Bt)
598 3133 695 3167 θεῖοι
719 3132 790 3167 εἴτε
821 3132 911 3177 πρὸς
934 3133 1067 3177 μητρὸς
1092 3135 1122 3167 L
1137 3135 1167 3167 B
1202 3133 1214 3178 ΙΙ

133 3185 172 3216 10
196 3180 261 3214 τοῦ
283 3181 449 3214 ἐναντίου
471 3180 503 3213 L
532 3179 545 3222 ss
572 3175 591 3211 ὁ
615 3192 674 3213 om.
690 3180 739 3212 L⁰
764 3179 776 3221 ΙΙ
808 3180 847 3213 12
869 3178 1007 3217 τούτου]
1033 3176 1213 3212 τοιούτους

131 3228 160 3260 L
178 3228 190 3270 ΙΙ
211 3228 251 3260 13
273 3227 311 3259 ἐκ
332 3239 388 3259 om.
405 3225 454 3259 Β·
469 3229 482 3270 ss
504 3226 544 3259 16
559 3223 658 3264 υἱοῖς]
683 3221 705 3266 ἢ
721 3222 805 3256 υἱοῖς
823 3223 874 3256 B!
892 3222 904 3267 ΙΙ
926 3226 964 3257 19
984 3218 1075 3256 ἀλλὰ
1093 3227 1153 3257 καὶ
1171 3243 1212 3248 —

131 3274 172 3306 28
189 3273 242 3313 τῷ
260 3267 517 3313 τελευτήσαντι
534 3283 591 3303 om.
604 3270 672 3303 LB
686 3271 740 3313 (cf.
755 3270 799 3301 acl
813 3270 889 3309 568,
901 3275 947 3302 29.
965 3271 1040 3309 569,
1053 3277 1079 3302 2.
1095 3277 1122 3303 8.
1138 3270 1187 3309 26)
1203 3267 1214 3311 ΙΙ

131 3320 173 3351 30
199 3318 268 3350 τὸν
292 3330 349 3349 om.
367 3317 408 3348 M
426 3314 471 3349 τὸ
493 3316 543 3349 L⁰
559 3317 571 3358 ΙΙ
590 3316 633 3350 32
657 3315 696 3347 ἐκ
719 3311 882 3355 δευτέρου
901 3314 980 3354 Μς]
1006 3314 1044 3346 ἐκ
1068 3311 1215 3358 πρώτου

131 3365 189 3394 καὶ
214 3359 377 3403 δευτέρου
403 3361 472 3394 LB
497 3361 502 3405 Ι
535 3363 576 3395 33
600 3357 786 3394 καλῶνται
811 3359 855 3400 Β]
887 3356 1083 3391 καλοῦνται
1108 3359 1180 3391 ML
1204 3358 1215 3400 11

132 3410 175 3441 34
195 3405 368 3449 θηλειῶν,
385 3405 468 3447 εἴτε]
526 3404 667 3449 ηλειῶν,
685 3407 745 3438 καὶ
761 3403 832 3437 εἴτε
850 3403 902 3437 B!
919 3402 932 3448 ΙΙ
956 3405 998 3438 38
1016 3401 1215 3449 καταλείψῃ

134 3453 186 3485 ΒΤ
198 3454 285 3497 vulq-

189 3544 208 3575 3
234 3544 414 3582 utrumque
430 3543 601 3584 parentem
620 3541 866 3583 Spanyenberq]
893 3540 1066 3579 utramque
1087 3539 1213 3577 (utran-

133 3597 196 3627 que
224 3588 267 3629 R)
290 3589 417 3629 purtem
445 3588 520 3619 libri
537 3585 549 3628 11
572 3586 674 3626 nune]
699 3595 764 3617 non
793 3583 838 3616 R¹
861 3584 921 3616 del.
937 3583 986 3615 1c³
1001 3582 1014 3627 ΙΙ
1033 3583 1215 3625 iungeban-

134 3635 189 3665 tur
207 3631 305 3664 R2T¹
330 3632 359 3664 ei
383 3631 608 3673 iungebantur
632 3630 686 3672 Vll
704 3631 725 3663 4
748 3631 874 3672 partem
900 3628 948 3661 R¹
967 3628 1014 3672 115
1041 3628 1071 3661 ei
1091 3641 1216 3661 erasum

135 3678 166 3710 in
190 3676 245 3721 Vn
262 3678 282 3710 6
306 3676 381 3709 istis
406 3676 457 3709 Τι
480 3676 537 3708 isti
563 3676 612 3708 Τ2
630 3675 641 3719 ΙΙ
660 3677 677 3708 7
700 3674 751 3707 sin
774 3674 838 3707 thii
864 3674 895 3706 11³.
913 3672 926 3718 ΙΙ
943 3676 975 3706 et
999 3686 1057 3707 om.
1078 3673 1130 3718 ΤΙΙ
1148 3674 1215 3706 sive

1279 2998 1419 3032 masculi
1450 3011 1508 3032 om.
1536 2998 1583 3031 12¹
1614 2997 1626 3040 ΙΙ
1658 2999 1677 3032 8
1708 2998 1968 3041 praeponeretur
1996 2991 2132 3039 T'vulq·
2162 2995 2176 3040 ΙΙ
2203 2997 2223 3030 9
2255 2997 2290 3029 et
2312 2997 2364 3031 hic

1281 3045 1372 3085 add„
1404 3051 1477 3077 ante
1501 3053 1541 3075 ex
1565 3044 1708 3085 utroque
1732 3043 1794 3076 del.
1816 3043 1901 3085 vuly.
1927 3042 1939 3085 ΙΙ
1967 3043 2143 3084 superstes]
2178 3042 2227 3074 est
2247 3051 2363 3085 super-

1281 3092 1345 3122 stes
1372 3089 1404 3122 T
1424 3088 1436 3131 ΙΙ
1462 3088 1565 3121 frater
1589 3089 1623 3120 et
1646 3098 1684 3120 ex
1709 3087 1801 3128 (tn,
1821 3097 1859 3119 ex
1875 3087 1937 3127 13¹)
1963 3087 2040 3120 libri
2064 3086 2076 3128 ΙΙ
2102 3088 2142 3120 10
2166 3088 2259 3130 parte
2281 3086 2329 3120 R¹
2351 3085 2365 3132 ΙΙ

1281 3131 1794 3212 ⁰32i¹¹11¹15321213<3¹2¹h³⁶23123n
1804 3131 2161 3220 ῗὲἵίαίιῗῗεϋέἶὲἒ,
2180 3131 2268 3221 Ἣῖῐ
2285 3131 2364 3210 οῗῗ

1282 3224 1436 3257 ferrimus
1461 3223 1525 3264 T0,
1565 3221 1766 3255 conferimus
1796 3240 1839 3246 —
1870 3221 2063 3255 iudicantur
2083 3221 2191 3255 tribus
2221 3234 2284 3255 scr.
2312 3221 2365 3256 1⁷¹

1284 3271 1314 3302 in
1339 3281 1405 3302 ras.
1423 3269 1439 3302 1
1461 3280 1506 3300 vs.
1536 3267 1549 3310 ΙΙ
1581 3268 1621 3301 19
1646 3267 1726 3299 thiis
1750 3266 1900 3307 RV³T1
1933 3267 2041 3299 tribus
2068 3266 2144 3309 V(²)
2171 3267 2244 3300 nis
2274 3266 2323 3300 V¹
2353 3266 2366 3310 ΙΙ

1284 3314 1321 3347 21
1343 3313 1454 3353 ctiam]
1472 3314 1505 3345 et
1522 3310 1576 3355 ΤΙΙ
1596 3313 1638 3346 23
1655 3312 1877 3344 successiones
1896 3313 1949 3345 ΤΒ
1965 3312 1977 3356 ΙΙ
1997 3314 2067 3353 aut]
2086 3311 2140 3344 uel
2156 3312 2188 3345 T
2201 3311 2214 3356 ΙΙ
2231 3313 2273 3346 25
2286 3311 2363 3345 iun-

1283 3357 1423 3397 gebatur
1445 3357 1495 3390 V²
1518 3358 1550 3390 in
1567 3370 1633 3390 ras.
1658 3357 1860 3399 tangebatur
1883 3358 1954 3399 (sic)
1972 3358 2020 3390 Β)
2051 3357 2278 3400 iungebantur
2303 3356 2336 3390 T
2352 3352 2367 3402 ss

1285 3404 1326 3436 26
1351 3402 1456 3446 patris
1476 3402 1529 3435 V⁰
1547 3401 1559 3445 ΙΙ
1575 3401 1725 3435 dedimus
1748 3403 1832 3445 vulq.
1851 3402 1863 3445 ΙΙ
1882 3403 1923 3435 27
1944 3402 2093 3445 priorum
2121 3403 2153 3436 T
2167 3402 2179 3446 ss
2195 3402 2238 3436 28
2255 3401 2363 3435 locum

1283 3447 1346 3481 soli
1371 3447 1403 3480 R
1415 3447 1507 3488 VT³1
1541 3447 1619 3480 solis
1643 3447 1754 3480 locum
1780 3448 1831 3480 T²
1862 3447 1926 3480 soli
1950 3448 2060 3480 locum
2087 3447 2136 3481 T²
2162 3446 2175 3492 ΙΙ
2205 3448 2247 3481 30
2272 3446 2363 3488 quia]

1285 3493 1343 3535 qui
1367 3503 1387 3525 a
1412 3492 1462 3525 T¹
1480 3493 1492 3535 ΙΙ
1516 3492 1680 3525 defunctis
1707 3493 1737 3526 R
1761 3492 1936 3526 defunctus
1969 3493 1997 3525 V
2018 3492 2031 3535 ss
2055 3494 2093 3526 31
2121 3492 2193 3525 siue
2217 3501 2237 3524 a
2258 3493 2364 3524 matre

1283 3538 1353 3570 sine
1378 3548 1397 3569 a
1421 3540 1513 3579 patre
1543 3538 1605 3581 Tss
1632 3537 1686 3570 illi
1710 3537 1809 3570 etiam
1843 3538 1875 3571 V
1895 3540 1906 3580 ΙΙ
1937 3539 1978 3572 37
2005 3537 2035 3570 si
2058 3537 2147 3580 vero]
2172 3537 2243 3570 sine
2276 3536 2330 3569 1⁷⁶
2351 3534 2365 3580 ΙΙ

1284 3583 1406 3615 fratum
1430 3583 1461 3615 V
1486 3582 1498 3626 ss
1529 3583 1617 3616 sicut
1642 3583 1675 3616 T
1683 3583 1769 3626 vulq.
1794 3581 1806 3627 ΙΙ
1834 3585 1876 3617 38
1901 3582 2066 3616 defunctis
2087 3580 2137 3616 V⁶
2162 3581 2175 3624 ΙΙ
2202 3583 2245 3616 40
2270 3590 2363 3624 prae·

1285 3628 1468 3669 rogatiuam
1494 3627 1771 3671 (praerogatiuam
1796 3628 1994 3661 sententiam
2021 3628 2124 3662 altera
2148 3628 2215 3661 vice
2234 3626 2297 3669 Εὖ)
2323 3643 2363 3650 --

1285 3676 1392 3715 571‚2
1416 3673 1557 3707 eiusdem
1584 3673 1707 3716 gradus
1733 3675 1779 3707 bis
1803 3675 1933 3718 scripsit
1959 3673 2004 3706 13¹
2023 3673 2036 3716 n
2054 3674 2102 3714 ut]
2127 3675 2186 3706 aut
2208 3671 2257 3705 13¹
