2592 3840
1090 100 1301 133 NOTARUM
1330 98 1610 131 EXPLICA'I'IO.

351 203 399 236 11.
434 203 475 235 In
494 202 705 235 adnotatione
722 201 837 235 critica
849 201 891 234 ad
902 202 1082 234 versionem
1100 199 1237 232 latinam
1253 198 1326 232 vul-

431 250 540 289 gatam
571 247 658 289 quod
692 250 827 279 vocatur
855 245 1092 279 Authenticum
1127 244 1215 277 uotis
1249 254 1327 276 usus

431 303 502 325 snm
527 292 632 324 hisce:

266 337 297 371 R
320 354 364 367 =
389 337 488 370 codex
522 336 740 370 bibliothecae
763 336 871 378 regiae
896 334 1212 376 Berolinensis,
1247 332 1326 365 olim

308 383 500 425 Rosnyanus
524 392 561 414 ex
585 381 679 413 libris
701 382 739 413 P.
765 380 913 419 pithoei,
946 379 1002 411 lat.
1027 378 1083 411 fol.
1105 379 1166 412 271
1190 378 1324 412 membr.

308 437 389 459 saec.
415 427 501 459 XIII
537 426 590 466 (cf.
623 425 805 458 Heimbach
836 424 981 467 prolegg.
1011 424 1112 456 Auth.
1146 421 1323 462 LXXIII).

308 471 442 504 Contuli
467 471 478 503 i
519 483 544 505 e.

309 530 325 549 r
348 533 390 545 =
414 482 595 559 parffiulae
617 514 777 547 librorum
801 524 873 546 mss.
888 513 1083 546 Authentici
1107 512 1246 545 duorum
1270 523 1324 545 oo-

353 561 418 593 dici
435 562 474 594 R
498 561 650 593 adnexae.

275 606 362 638 V=
385 606 484 638 codex
507 605 723 638 bibliothecae
747 602 953 636 caesariensis
978 601 1325 635 vindobonensis

307 650 363 683 lat.
389 650 451 682 iur.
476 651 535 683 civ.
563 652 600 683 19
635 649 766 681 membr.
799 647 855 680 sol.
888 658 970 680 saec.
996 646 1231 680 XIII—XIV
1268 646 1321 689 (cf.

308 695 488 728 Heimbach
512 694 534 726 l.
557 705 583 727 c.
608 694 750 733 LXIII).
798 692 934 725 Contuli
957 693 1035 734 ipse.

266 740 298 773 T
315 756 359 768 =
382 740 482 772 codex
506 739 720 772 bibliothecae
744 738 1011 770 Monacensis
1034 736 1090 768 lat.
1113 737 1177 769 iur.
1202 735 1264 769 civ.
1283 737 1321 769 10

307 795 388 816 saec.
401 784 488 816 XIII
512 785 564 825 (cf.
579 783 759 816 Heimbach
778 782 799 815 1.
814 793 841 814 c.
855 782 958 819 LVI).
1004 781 1200 814 Lectionem
1220 780 1321 813 huius

308 829 427 861 codicis
458 840 495 862 ex
526 831 683 871 apparatu
715 827 924 860 Heimbachii
955 826 1013 859 ubi
1043 837 1059 858 e
1090 837 1125 858 re
1148 825 1321 858 videbatur

307 875 450 910 enotavi,
474 877 657 906 constanter
681 875 825 915 repetere
845 872 947 904 nolui.

308 926 381 951 t=
401 919 540 950 eiusdem
568 918 687 950 codicis
710 917 790 949 solia
813 917 940 958 aliquot
963 916 999 948 in
1019 915 1262 948 Berolinensem
1286 914 1321 948 R

347 963 506 1005 singulari
526 963 593 995 fato
617 961 719 994 illata.
1252 967 1254 969 ·

267 1008 295 1041 Ο
319 1024 359 1036 --
383 1008 481 1040 codex
506 1007 681 1040 Orielensis
708 1006 925 1039 bibliothecae
957 1005 1151 1039 Oxonicnsis
1180 1007 1209 1037 A
1238 1005 1275 1037 ΙΙ
1299 1007 1317 1038 7

306 1062 385 1084 saec.
400 1052 496 1084 XIII.
532 1051 702 1084 Novellam
720 1053 759 1085 17
784 1062 858 1084 cum
882 1062 919 1083 eo
942 1050 1028 1083 libro
1051 1049 1195 1083 contulit
1212 1050 1320 1082 Krue-

306 1108 373 1138 ger,
391 1097 474 1129 idem
491 1107 610 1139 paucas
630 1107 712 1138 quae
729 1099 841 1129 extant
853 1095 1108 1139 subscriptiones
1125 1095 1280 1127 enotavit.

263 1142 420 1175 Escorial.
441 1158 484 1170 =
507 1142 607 1174 codex
626 1141 859 1174 Escorialensis
878 1140 1095 1173 bibliothecae
1113 1140 1197 1173 altae
1214 1140 1232 1172 I
1253 1140 1285 1173 S.
1300 1141 1319 1173 9

305 1196 385 1218 saec.
395 1185 494 1227 XIII,
513 1186 599 1219 unde
612 1187 841 1229 inscriptiones
853 1188 886 1218 et
897 1186 1150 1228 subscriptiones
1168 1186 1204 1217 in
1222 1195 1318 1217 suum

305 1242 397 1263 usum
419 1231 594 1274 exscriptas
616 1231 699 1263 mihi
722 1230 940 1264 commodavit
962 1231 1123 1272 Krueger.

262 1275 379 1309 Bamb.
391 1276 419 1308 1.
431 1276 466 1308 11
493 1293 533 1305 =
556 1276 681 1308 codices
704 1276 921 1309 bibliothecae
944 1275 1193 1317 Bambergensis
1211 1276 1240 1307 D
1257 1275 1285 1307 Ι.
1302 1277 1317 1308 1

306 1324 337 1352 et
359 1322 388 1353 D
408 1321 453 1353 11.
473 1324 505 1354 11
535 1331 614 1353 saec.
635 1321 728 1363 XIV,
753 1333 770 1354 e
793 1321 913 1363 quibus
936 1321 1167 1363 inscriptiones
1190 1322 1223 1353 et
1245 1319 1321 1352 sub-

305 1366 496 1408 scriptiones
519 1365 694 1408 exscripsit
716 1366 962 1399 Heimbachius.

306 1414 455 1444 Ambrae.
476 1427 521 1439 =
544 1411 643 1443 codex
666 1410 892 1443 Ambracensis
902 1410 1165 1443 vindobonensis
1184 1410 1243 1442 lat.
1254 1410 1320 1442 iur.

350 1455 411 1487 civ,
436 1457 456 1488 4
478 1466 558 1488 saec.
583 1455 680 1487 XIII.

308 1500 467 1544 Neobury.
481 1517 523 1529 =
534 1500 633 1532 codex
647 1499 1057 1542 Claustro-Neoburgensis
1066 1502 1106 1533 62
1126 1510 1206 1532 saec.
1221 1499 1319 1533 XIII.

307 1544 415 1578 Paris.
435 1561 480 1574 =
503 1545 601 1578 codex
624 1546 793 1577 Parisinus
817 1546 903 1579 4429
927 1555 1008 1577 saec.
1026 1544 1252 1578 XIII—XIV.

308 1590 478 1623 Pistor.=
489 1590 589 1622 codex
603 1590 681 1622 bibl.
695 1591 792 1633 capit.
806 1590 1015 1622 Pistoriensis
1027 1591 1056 1622 E
1071 1592 1100 1623 4.
1111 1591 1130 1623 2
1149 1601 1230 1623 saec.
1241 1590 1322 1623 XII.

318 1634 409 1667 Vind.
433 1636 534 1712 aliesv
544 1652 585 1663 =
610 1635 708 1667 codex
733 1634 994 1667 vindobonensis
1016 1645 1072 1666 ms.
1090 1635 1235 1677 Eugenii
1262 1637 1322 1669 157

351 1689 432 1712 saec.
539 1705 546 1711 .

354 1724 480 1757 Horum
505 1726 650 1766 quinque
673 1724 832 1757 librorum
862 1725 1040 1767 scripturas
1071 1725 1098 1756 si
1122 1734 1202 1766 quas
1225 1725 1325 1757 citavi

1438 199 1557 242 repetii
1581 208 1619 231 ex
1641 197 1809 240 farragine
1833 196 1987 230 editionis
2006 197 2201 231 Authentici
2223 207 2243 231 a
2265 198 2454 231 Gust.Ern.

1438 243 1657 276 Heimbacbio
1679 244 1812 275 curatae
1840 242 1944 284 (Lips.
1972 242 2215 283 1846—1851).

1395 290 1471 322 dett.
1491 305 1536 317 =
1558 287 1751 328 deteriores,
1784 287 1828 320 al.
1846 302 1892 316 =
1908 286 1968 320 alii
1990 286 2127 320 codices.

1395 334 1443 366 ed.
1462 346 1515 376 pr.
1546 349 1590 362 =
1621 331 1723 364 editio
1745 331 1897 374 princeps
1923 331 2118 365 Anthentici
2137 332 2272 374 (Romae
2295 342 2324 367 a.
2353 334 2462 375 1476).

1392 379 1449 411 vul
1471 402 1478 409 .
1504 394 1547 406 =
1569 376 1704 418 vulgata
1725 375 1825 408 lectio
1856 376 2039 410 editionum
2063 378 2158 410 ouius
2184 376 2252 411 fere
2274 378 2390 410 auctor
2413 378 2463 410 est

1466 422 1577 454 ontius
1598 422 1714 461 (Paris.
1736 422 1831 455 1559.
1860 423 1938 456 1571
1967 423 2042 464 etc.)

1392 468 1465 500 edd.
1490 483 1534 495 =
1557 466 1716 498 editiones
1738 466 1934 499 Authentici
1962 466 2016 501 vel
2038 466 2167 509 aliquot
2197 466 2249 501 vel
2276 466 2460 510 pleraeque.

1395 511 1454 546 G'r.
1478 528 1522 541 =
1546 512 1671 544 Graeca
1694 510 1899 544 novellarum
1918 510 2028 545 lectio.

1390 604 1408 623 ⁰
1429 599 1443 622 θ
1466 600 1624 633 litterulis
1647 599 1690 632 ad
1713 599 1862 633 codicum
1886 602 1982 634 notas
2005 600 2163 644 adpositis
2182 600 2403 644 distinguitur
2418 600 2462 634 li-

1434 645 1537 678 brarii
1558 645 1721 687 scriptura
1738 645 1897 687 primaria
1914 647 1955 687 (e.
1967 656 1999 687 g.
2014 646 2086 688 Mfl)
2107 648 2140 679 et
2160 645 2353 680 secundaria
2368 643 2459 690 (Μ).

1395 691 1405 711 ¹
1419 691 1434 711 ²
1447 690 1461 711 ³
1495 690 1641 722 numeris
1671 690 1712 722 ad
1746 690 1897 724 codicum
1930 693 2026 724 notas
2054 691 2212 734 adpositis
2242 691 2459 734 distinguitur

1435 735 1564 768 librarii
1587 745 1703 768 manus
1726 736 1768 776 (e.
1785 745 1818 777 g.
1842 735 1901 779 12¹)
1933 746 1953 768 a
1977 736 2170 769 correctoris
2201 737 2463 770 cot-rectorumve

1434 779 1674 813 mutationibus
1698 779 1770 822 (12²,
1793 779 1866 823 ΕΒ).
1913 781 1979 814 Ubi
2002 781 2110 823 prima
2131 791 2250 814 manus
2271 780 2343 814 sola
2364 782 2454 814 nota

1432 827 1498 867 tur,
1520 827 1735 858 correctorem
1751 825 1787 858 in
1805 826 1918 859 codice
1938 826 2118 869 reposuisse
2136 826 2226 868 quod
2248 826 2286 859 in
2305 827 2463 859 contextu

1431 872 1544 902 nostro
1568 869 1694 902 editum
1717 871 1777 912 est,
1799 870 1859 903 ubi
1883 871 2046 904 correctio
2069 871 2150 914 sola,
2173 871 2350 905 librarium
2372 870 2463 904 codi-

1431 915 1478 947 cis
1502 925 1577 947 cum
1601 915 1701 947 editis
1724 915 1911 948 consentire
1933 916 2151 958 significatur.

1385 973 1437 1004 pr.
1462 961 1495 993 et
1517 972 1601 993 corr.
1625 959 1804 1002 distinguit
1835 961 1980 1004 priorem
2009 960 2185 995 lectionem
2215 962 2249 995 et
2270 962 2463 1004 correctam,

1432 1005 1460 1037 si
1483 1004 1616 1047 quando
1647 1005 1687 1037 de
1709 1007 1844 1039 auctore
1873 1007 2086 1039 correctionis
2116 1017 2184 1040 non
2215 1006 2295 1040 satis
2323 1007 2462 1040 constat.

1387 1062 1528 1127 ,φυῇ
1548 1050 1714 1092 scriptura
1748 1050 1801 1084 vel
1836 1050 1954 1084 notula
1988 1052 2024 1084 iu
2059 1051 2172 1085 codice
2201 1061 2303 1095 supra
2331 1060 2462 1084 versum

1432 1105 1451 1127 a
1509 1095 1606 1137 ripta.

1389 1142 1421 1174 in
1432 1152 1507 1218 argo
1530 1155 1576 1169 =
1598 1140 1762 1183 scriptura
1795 1140 1848 1174 vel
1882 1140 2000 1174 notula
2031 1141 2069 1174 in
2104 1140 2216 1174 codice
2245 1141 2283 1174 in
2311 1140 2462 1183 margine

1507 1185 1606 1227 ripta.

1389 1243 1418 1264 v.
1432 1231 1452 1263 l.
1477 1246 1521 1259 =
1539 1230 1632 1263 varia
1653 1229 1754 1263 lectio
1778 1230 1929 1264 codicum
1950 1230 2004 1264 vel
2027 1231 2129 1264 unius
2150 1230 2274 1265 codicis
2295 1239 2317 1266 a
2338 1229 2462 1264 tradita

1432 1275 1597 1317 scriptura
1620 1274 1816 1318 discrepans.

1389 1333 1428 1353 m.
1442 1332 1503 1354 rec.
1529 1337 1571 1349 =
1594 1330 1711 1353 manus
1733 1330 1856 1354 recens.

1390 1366 1460 1398 add
1466 1365 1517 1407 (it)
1541 1366 1679 1408 om(ittit)
1699 1365 1808 1408 delfin)
1829 1365 1984 1410 supplet)
2008 1365 2170 1408 comos-at)
2189 1366 2327 1407 redibit)
2345 1365 2461 1407 confi-

1431 1410 1493 1454 qil)
1517 1411 1638 1451 nouat)
1664 1410 1775 1452 emat)
1807 1411 1973 1454 ωηῑμοῑε)
2002 1410 2200 1454 lemnam)
2228 1410 2461 1453 mamam)
2511 1425 2515 1431 2

1432 1455 1493 1489 vid
1499 1456 1594 1497 (etur)
1619 1456 1656 1489 lit
1664 1457 1752 1496 (ura)
1777 1456 1929 1498 ναεῐιινιι)
1965 1456 2245 1498 exconstcfionc)
2274 1454 2461 1499 inmania)

1434 1500 1571 1543 vac(uo)
1603 1501 1767 1542 rubr-(ica)
1800 1501 1999 1544 inscrh‘ptio)
2028 1501 2253 1544 subm-(iptio)

1392 1547 1404 1586 [
1425 1545 1438 1585 ]
1463 1544 1619 1577 cancellis
1642 1555 1726 1587 quae
1747 1544 1877 1578 inclusa
1900 1547 1982 1578 sunt
2004 1544 2144 1578 delenda
2165 1555 2232 1578 eme
2252 1544 2451 1579 indicatur.·

1391 1590 1407 1635 <
1425 1588 1442 1634 >
1465 1590 1560 1622 uncis
1584 1600 1667 1631 quae
1690 1589 1820 1623 inclusa
1842 1592 1937 1633 sunt,
1959 1591 2090 1633 praeter
2112 1589 2264 1624 codicum
2285 1589 2383 1624 fidam
2403 1588 2461 1623 ad-

1437 1634 1508 1667 dita
1532 1645 1598 1668 esse
1621 1635 1800 1668 indicatur.

1393 1679 1537 1713 Stellula
1560 1679 1581 1701 *
1602 1679 1749 1723 praefixa
1770 1679 1806 1713 id
1829 1680 1918 1722 qnod
1947 1680 1984 1713 in
2015 1681 2172 1713 contextu
2195 1679 2309 1714 editur
2329 1689 2369 1712 ex
2391 1686 2463 1713 mea

1439 1724 1668 1758 emendatione
1690 1725 1871 1768 repositum
1895 1735 1962 1758 esse
1984 1724 2178 1767 significavi.

2059 1813 2121 1858 R.
2151 1811 2361 1859 Schoen-
