2592 3840
270 103 378 147 Νον.
409 104 485 147 CII
516 108 551 148 1.
582 107 608 147 2

267 212 357 248 ἀλλὰ
389 213 478 259 μηδὲ
500 218 554 258 τῷ
578 215 671 258 θείῳ
695 218 923 259 πατριμονίῳ
955 213 978 258 ἢ
1000 219 1072 250 τοῖς
1098 216 1214 251 θείοις
1235 215 1340 261 ἡμῶν

268 259 456 304 πριβάτοις
488 259 511 303 ἢ
542 258 642 302 αὐτῷ
664 261 719 302 τῷ
742 261 836 303 θείῳ
861 256 964 302 ἡμῶν
987 261 1074 304 οἴκῳ
1103 261 1171 304 τὴν
1192 261 1340 297 οἱανοῦν

267 308 460 351 ἐπαγαγεῖν
479 308 551 338 τοῖς
566 302 747 349 ἡμετέροις
762 303 950 339 ὑποτελέσι
970 307 1111 348 ζημίαν,
1152 305 1216 349 ηδε
1230 320 1337 341 κατα-

266 350 455 383 κλίνεσθαι
485 348 617 394 ῥᾳδίως
646 348 738 393 μηδὲ
767 352 921 394 τρέμειν,
953 347 1034 384 ἀλλ’
1061 347 1108 385 ἄν
1131 355 1233 396 palme
1262 354 1340 386 τῶν

266 392 440 437 ὑπηκόων
465 394 691 440 ἐξηγεῖσθαι,
721 397 782 428 καὶ
805 394 876 441 πρὸ
902 393 1057 430 πάντων
1085 398 1154 440 μὲν
1175 397 1341 445 καθαρὰς

266 438 459 484 φυλάττειν
483 439 565 482 θεῷ
594 453 633 473 τε
656 442 716 473 καὶ
739 437 826 484 ἡμῖν
854 443 914 473 καὶ
936 441 992 482 τῷ
1014 439 1117 485 νόμῳ
1141 442 1204 476 τὰς
1226 445 1342 488 χεῖρας

266 482 350 524 (ὑπὸ
374 484 443 530 γὰρ
467 487 538 518 τοῖς
563 481 681 518 αὐτοῖς
704 480 822 529 ὅρκοις
845 481 910 530 ὑφ’
933 484 992 519 οὓς
1015 486 1079 520 τὰς
1102 485 1210 521 ἄλλας
1233 484 1341 532 ἀρχὰς

265 532 324 562 καὶ
340 530 477 571 ταύτην
496 529 589 563 εἶναι
607 528 849 574 βουλόμεθα)·
875 531 1001 565 ἔπειτα
1018 532 1234 575 κομίζεσθαι
1249 530 1340 574 μετὰ

264 576 342 607 τῶν
365 573 559 628 συμβόλων
582 578 641 608 καὶ
665 575 711 608 τὰ
731 574 901 618 βασιλικὰ
926 575 1222 630 παραγγέλματα,
1246 573 1340 620 ἅπερ

264 618 299 651 οἱ
320 620 387 662 μὲν
416 631 486 673 προ
509 621 614 663 ημῶν
636 620 837 662 νομοθέται
860 623 920 654 καὶ
941 633 985 654 το
1009 620 1169 656 παλαιὸν
1188 624 1250 665 τῆς
1276 635 1339 656 πο·
1357 624 1394 656 10
1407 620 1624 665 reipublicae
1664 620 1802 656 sciebat
1839 620 1973 666 figura,
2014 631 2081 657 nos
2116 624 2234 657 autem
2276 621 2478 658 deficientia

264 663 395 697 λιτείας
425 668 604 707 ηπίστατο
639 666 772 708 σχῆμα,
808 661 906 707 ἡμεῖς
941 663 981 699 δὲ
1013 669 1075 700 καὶ
1108 665 1340 702 ἐκλελοιπότα

265 707 376 759 πάλιν
401 705 681 753 ἀνεκτησάμεθα
712 713 772 755 καί
802 710 849 744 εἰς
872 707 1058 745 πολιτείαν
1080 713 1338 759 κατηγάγομεν,

264 765 351 787 ωςτε
383 757 442 787 καὶ
473 753 613 789 τούτοις
637 753 866 801 ἐντυγχάνειν
897 752 1045 809 &situati
1075 756 1139 791 τὰς
1169 755 1340 801 ἦμετεόας

347 795 355 806 Ι

264 797 459 842 φιιλαττειν
482 798 663 853 κελεύσεις.
707 801 739 834 εἰ
755 799 825 846 γὰρ
849 798 888 853 ιγ
910 812 1050 835 τουτοις
1072 788 1340 844 κατακολουθή-

264 855 370 887 σειεν,
402 841 465 877 οὐκ
488 846 589 878 ἔστιν
612 842 713 879 ὅπως
741 845 790 889 μὴ
814 857 935 879 παντα
962 845 1078 880 καλῶς
1100 844 1341 891 ἀπαντήσειεν
1355 849 1395 881 15
1409 856 1477 890 que
1500 845 1671 881 iustitiam
1695 845 1981 882 circumscribere
2004 845 2270 891 neglegentiam.

265 886 354 935 αὐτῇ
378 892 438 922 καὶ
457 890 550 932 μετὰ
573 891 650 924 τῶν
666 889 793 934 νόμων
816 890 906 936 πρὸς
929 887 1093 926 εὐκολίαν
1116 895 1176 926 καὶ
1197 890 1341 927 δικαίαν

264 932 458 977 ῥᾳστώνην
481 931 676 980 ἀφίκοιντο.

1261 1003 1417 1040 CAPUT
1441 1002 1488 1038 H.

318 1058 473 1102 Πρῶτον
497 1059 565 1102 μὲν
587 1052 652 1091 οὖν
677 1057 768 1106 αὐτῇ
791 1057 1006 1102 σπούδασμα
1029 1061 1194 1104 γένηται,
1224 1058 1340 1094 καθά-

263 1116 330 1147 περ
365 1102 527 1157 εἰπόντες
563 1103 742 1148 ἕφθημεν,
778 1100 799 1146 ἡ
831 1105 908 1138 τῶν
937 1102 1120 1148 δημοσίων
1155 1104 1339 1158 εἴςπραξις,

261 1151 334 1181 τοῖς
350 1149 418 1191 μὲν
434 1149 637 1202 ευγναξμοσι
654 1147 920 1194 φιλάνθρωπός
939 1162 979 1182 τε
994 1152 1054 1183 καὶ
1069 1161 1226 1204 πατρικζ]
1244 1162 1339 1195 γινο-
1353 1153 1395 1184 20
1408 1158 1477 1193 que
1508 1148 1722 1192 consistens,
1755 1148 2035 1185 indevotioribus
2069 1153 2188 1186 autem
2221 1151 2408 1186 vehemens
2442 1152 2479 1185 et

260 1196 361 1237 με’νη,
385 1196 458 1227 τοῖς
475 1191 514 1226 δὲ
529 1197 855 1239 αγνωμονεστέροις
879 1192 1020 1239 σφοδρά
1047 1207 1086 1228 τε
1109 1197 1170 1227 καὶ
1192 1192 1339 1228 ανένδο-

262 1250 329 1272 τος.
379 1239 505 1272 ἔπειτα
530 1236 782 1282 ἐπιμελήσεται
814 1242 875 1272 καὶ
898 1240 962 1273 τοῦ
988 1236 1179 1283 δημοτικοῦ
1199 1242 1258 1273 καὶ
1278 1241 1341 1283 τῆς

262 1280 426 1323 εὐταξίας
449 1285 511 1326 τῆς
536 1279 660 1325 αὐτοῦ,
690 1286 751 1317 καὶ
773 1285 838 1317 τοῦ
859 1284 908 1328 μὴ
933 1283 1107 1329 θορύβοις
1130 1287 1189 1317 καὶ
1212 1283 1340 1318 στάσε-

262 1341 320 1362 σιν
352 1326 570 1362 ἐκδεδόσθαι
601 1328 693 1372 μήτε
715 1329 942 1383 βοστρηνοίις
975 1328 1066 1373 μήτε
1095 1329 1178 1363 τοὺς
1207 1327 1339 1371 ἄλλους,

260 1372 350 1417 μηδὲ
374 1374 419 1407 τὰ
445 1374 533 1418 πρὸς
555 1377 685 1427 τέρψιν
708 1377 878 1418 ανειμένα
907 1376 951 1421 τῇ
974 1372 1195 1426 παλαιότητι
1223 1375 1340 1408 ταῦτα
1353 1376 1395 1410 25
1409 1384 1477 1419 que
1502 1376 1720 1409 convertant.
1768 1373 1870 1409 Habe
1894 1374 1924 1409 it
1945 1376 2066 1410 autem
2088 1377 2148 1417 [et]
2163 1373 2391 1411 oboedientes
2409 1373 2478 1411 Sibi

261 1420 309 1452 εἰς
330 1422 468 1462 μανίαν
491 1432 530 1452 τε
554 1422 614 1452 καὶ
632 1430 763 1464 φονους
778 1422 932 1464 τρέπειν.
963 1415 1059 1459 (Εξει
1082 1417 1122 1452 δὲ
1140 1416 1340 1453 ὑπακούον-

261 1475 324 1498 τας
349 1460 439 1510 αὑτῇ
470 1468 530 1497 καὶ
559 1463 639 1498 τοὺς
670 1462 895 1509 στρατιώτας
925 1465 1018 1498 κατὰ
1050 1464 1096 1498 τὰ
1119 1464 1207 1498 θεῖα
1237 1461 1340 1509 ἡμῶν

262 1508 543 1555 παραγγέλματα
567 1511 638 1550 (καὶ
657 1508 727 1555 γὰρ
744 1507 787 1552 δὴ
806 1512 866 1543 καὶ
881 1510 989 1543 τοῦτο
1013 1509 1155 1543 ἐκεῖθεν
1179 1510 1256 1543 ἔστι
1277 1509 1339 1543 λα-

261 1558 369 1597 βεῖν),
400 1551 545 1587 οὐδενός
568 1567 607 1587 τε
631 1550 800 1598 ἀμελήσει
835 1552 1022 1589 παντελῶς
1057 1556 1135 1588 τῶν
1166 1552 1337 1589 δεόντων.

261 1598 430 1652 καθάπερ
449 1599 519 1653 γαρ
531 1599 602 1653 τὸν
618 1601 658 1632 ἐν
673 1599 808 1653 Πόντξμ
834 1598 1068 1654 πεποιήμεθα
1089 1597 1338 1653 μοδεράτωρα,
1352 1602 1394 1635 30
1406 1603 1442 1634 et
1465 1602 1521 1634 est
1542 1599 1649 1635 etiam
1672 1600 1749 1644 ipse
1772 1599 1996 1645 spectabilis,
2020 1604 2056 1636 et
2079 1599 2239 1636 similiter
2261 1603 2298 1635 et
2343 1609 2412 1636 uae
2434 1598 2479 1635 de

261 1657 357 1678 ουτω
378 1648 436 1677 καὶ
454 1657 567 1678 αυτον
590 1646 663 1678 τοῖς
687 1655 806 1678 αυτοις
828 1656 891 1687 της
914 1655 1019 1690 αρχης
1040 1656 1170 1688 ταυτης
1193 1642 1339 1680 πάντως

261 1688 505 1733 ἐμβιβάζομεν
529 1689 651 1732 ἴχνεσι,
682 1693 741 1722 καὶ
765 1691 868 1722 ἔσται
890 1692 950 1723 καὶ
974 1687 1082 1724 αὐτὸς
1105 1689 1338 1744 spectabilia&

260 1734 392 1778 ὁμοίως
416 1733 455 1767 δὲ
474 1737 533 1767 καὶ
553 1734 600 1767 τὰ
620 1738 702 1779 περὶ
721 1735 798 1768 τῶν
814 1732 997 1777 ἐκκλήτων
1019 1737 1080 1768 καὶ
1097 1748 1144 1768 τα
1161 1738 1243 1780 περὶ
1261 1736 1340 1769 τῶν

260 1778 383 1813 ἄλλων
406 1777 505 1822 αὐτῷ
531 1777 815 1823 διοικηθήσεται.
853 1783 912 1812 καὶ
929 1776 1021 1833 οὐδὲν
1028 1782 1128 1825 μέχρι
1144 1781 1207 1823 τῆς
1223 1793 1339 1825 παρα-

259 1825 395 1879 μνθίας
417 1826 479 1875 τῆς
503 1825 714 1877 ἔμπροσθεν
738 1823 952 1879 στησόμεθα
974 1836 1102 1877 μρνης·
1127 1823 1339 1869 βουλόμεθα
1351 1827 1392 1859 35
1406 1825 1496 1859 rium
1519 1828 1639 1860 autem
1663 1825 1739 1860 eius
1761 1825 1816 1860 cin
1836 1824 1890 1876 ‘uli
1914 1824 2003 1860 duas
2033 1824 2165 1860 habete
2188 1824 2311 1867 libras,
2343 1827 2379 1860 et
2401 1824 2479 1860 eius

259 1883 326 1916 γαρ
351 1883 464 1903 αυτον
489 1881 667 1915 προφασει
692 1881 871 1911 σιτι,σεων
893 1873 954 1903 καὶ
970 1881 1031 1912 της
1046 1868 1153 1912 ἄλλης
1176 1883 1339 1915 παραμυ-

262 1915 347 1948 θίας
370 1915 586 1968 κομίζεσθαι
609 1914 808 1967 Quindecim
830 1918 975 1959 χρυσίου
1000 1913 1129 1960 λίτρας,
1153 1915 1222 1949 τὸν
1242 1912 1284 1969 δέ
1298 1928 1339 1961 γε

1326 152 1329 156 .
1339 101 1425 150 494

1865 118 1927 149 DE
1954 117 2254 152 uonm'rom
2282 119 2477 153 mnus·

1406 226 1521 260 neque
1550 215 1666 252 divino
1697 215 1910 260 patrimonio
1938 219 2003 253 aut
2024 217 2136 254 sacris
2167 218 2299 255 nostris
2327 219 2477 264 privatis

1406 266 1471 296 aut
1504 260 1575 305 ipsi
1615 270 1738 296 sacrae
1777 261 1896 296 domui
1936 264 2080 297 nostrae
2120 262 2303 307 quodlibet
2342 263 2476 300 inferre

1407 306 1540 340 nostris
1564 305 1795 341 collatoribus
1818 305 2001 348 damnum,
2031 316 2148 352 neque
2177 306 2342 344 flectatur
2370 308 2477 345 facile

1407 360 1521 395 neque
1550 350 1692 392 timeat,
1727 350 1790 386 sed
1820 350 1966 386 viriliter
2002 351 2230 388 collatoribus
2263 352 2475 398 praesideat,

1377 399 1396 431 5
1409 399 1445 430 et
1491 404 1553 430 rae
1574 395 1737 432 omnibus
1768 396 1907 440 quidem
1937 406 2047 441 puras
2075 400 2192 432 servet
2222 396 2289 434 deo
2316 401 2353 434 et
2372 397 2476 434 nobis

1408 444 1444 475 et
1481 440 1535 485 egi
1563 450 1707 476 manus:
1744 441 1810 476 sub
1841 440 1964 477 eodem
1995 441 2122 487 (euim)
2149 441 2378 478 iureiurando
2409 442 2476 479 sub

1409 485 2044 567 3352d2¹³2201⁸2¹1¹f¹3⁰¹0⁸3ff¹233id13³12
2067 487 2476 568 ''einimffinffiiafflffl

1407 575 1508 616 data,
1540 585 1631 620 quae
1645 541 1735 612 1inte
1763 587 1830 612 nos
1854 576 1993 622 quidem
2015 542 2241 621 legislatoris?
2264 579 2301 612 et
2329 577 2478 623 antiqua

1408 665 1523 701 denuo
1553 665 1795 701 renovavimus
1829 670 1866 702 et
1897 666 1943 701 ad
1971 666 2225 712 rempublicam
2257 666 2476 709 deduximus,

1408 714 1448 745 ut
1477 715 1514 745 et
1541 710 1631 745 haec
1664 710 1823 764 relegant
1857 721 1996 756 semper
2028 714 2066 747 et
2098 713 2241 748 nostras
2275 711 2494 748 custodiant*

1407 755 1592 790 iussiones.
1640 754 1678 790 Si
1695 765 1788 791 emm
1810 756 1900 792 haec
1923 759 2128 801 sequantur,
2152 767 2224 792 non
2241 761 2391 802 possunt
2408 756 2477 792 nisi

1407 800 1498 835 bene
1521 799 1639 836 omnia
1663 810 1849 836 occurrere
1879 804 1916 836 et
1944 804 2027 846 post
2053 802 2169 846 legum
2191 802 2399 838 facilitatem
2419 804 2474 838 at·

1465 1058 1620 1094 Primum
1639 1058 1760 1103 itaque
1778 1057 1811 1094 ei
1831 1058 1985 1094 studium
1999 1058 2080 1101 fiat,
2103 1059 2208 1096 sicuti
2227 1059 2477 1105 praediximus,

1408 1104 1582 1139 fiscalium
1613 1103 1764 1145 exactio,
1794 1103 1928 1139 devotis
1960 1104 2100 1148 quidem
2131 1104 2284 1140 clemens
2312 1107 2477 1149 paterna·

1408 1193 1674 1229 inremissibilis.
1722 1193 1859 1229 Deinde
1891 1203 2013 1230 curam
2042 1194 2189 1231 habebit
2222 1195 2260 1230 et
2288 1194 2412 1240 populi
2441 1195 2479 1230 et
2555 1216 2559 1240 3

1408 1239 1616 1284 discipliuae
1639 1238 1728 1282 eius,
1752 1242 1789 1274 et
1806 1242 1849 1275 ut
1870 1249 1942 1274 non
1965 1239 2080 1276 turbis
2104 1243 2142 1276 et
2159 1239 2394 1275 seditionibus
2417 1238 2482 1276 den*
2538 1256 2558 1276 ·,

1408 1283 1472 1319 diti
1495 1284 1567 1318 sint
1587 1294 1631 1319 ne
1655 1294 1700 1319 ue
1725 1284 1889 1319 Bostreui
1911 1294 2025 1329 neque
2047 1283 2126 1328 alii,
2149 1294 2215 1320 uec
2238 1293 2282 1320 ea
2303 1293 2395 1329 quae
2417 1294 2477 1320 vo-

1408 1329 1606 1374 luptatibus
1629 1295 1760 1364 gicavit
1783 1328 1859 1364 auti
1883 1329 1976 1365 uitas
2007 1329 2098 1365 baec
2120 1329 2167 1366 ad
2189 1329 2330 1366 furores
2354 1338 2477 1366 necm-

1409 1422 1445 1454 et
1467 1419 1594 1454 milites
1617 1418 1812 1455 secuudum
1843 1418 1960 1455 divina
1982 1421 2106 1455 nostra
2127 1419 2296 1455 mandata
2323 1421 2420 1463 (nam
2442 1422 2480 1455 et

1407 1464 1477 1499 hoc
1507 1464 1589 1500 inde
1621 1463 1840 1510 percipitur),
1875 1463 1945 1510 (et)
1979 1465 2112 1500 nullius
2143 1464 2306 1510 neglegat
2335 1464 2478 1510 penitus
2542 1487 2545 1491 »

1408 1509 1556 1544 utilium.
1604 1510 1704 1545 Sicut
1726 1509 1818 1544 enim
1841 1509 1878 1544 in
1901 1508 2014 1545 Ponto
2036 1509 2185 1546 fecimus
2208 1508 2478 1552 moderatorem,

1407 1554 1458 1589 ita
1487 1558 1524 1589 et
1554 1564 1634 1589 eum
1664 1554 1776 1590 isdem
1808 1554 1939 1599 cinguli
1967 1555 2073 1591 huius
2107 1554 2262 1600 vestigiis
2291 1555 2479 1597 elevamus,

1408 1699 1520 1733 usque
1553 1689 1599 1724 ad
1634 1690 1767 1725 salaria
1799 1689 1921 1735 priora
1955 1693 2144 1726 statuimus
2177 1690 2274 1734 sola3
2317 1647 2478 1727 mim

1406 1735 1500 1770 enim
1524 1744 1604 1770 eum
1627 1735 1815 1771 occasione
1837 1734 2157 1771 emolumentorum
2175 1738 2212 1770 et
2226 1733 2375 1771 alterius
2391 1745 2478 1771 con-

1407 1779 1590 1815 solationis
1622 1779 1821 1824 quindecim
1853 1779 1931 1815 auri
1960 1779 2071 1816 libras
2102 1779 2283 1825 accipere,
2314 1779 2477 1816 consilia-
2539 1790 2542 1808 1

1406 1644 1702 1689 appellationibus
1726 1649 1763 1680 et
1786 1654 1877 1689 quae
1901 1644 1946 1680 de
1967 1644 2292 1697 aliis-gubernabit.

1407 1869 1564 1905 officium
1593 1869 1682 1906 duas
1714 1869 1793 1906 auri
1847 1870 1941 1905 bras.
1988 1869 2039 1905 Et
2059 1870 2142 1907 licet
2170 1879 2214 1905 ex
2235 1869 2478 1916 imperialibus
2539 1887 2545 1901 κ

260 1957 442 2006 πάρεδρον
474 1961 576 2002 αυτῷ
606 1971 669 2002 της
700 1956 807 2004 ἀρχῆς
838 1961 925 1994 duas
957 1958 1096 2006 λίτρας,
1126 1963 1186 1993 καὶ
1209 1973 1278 2003 την
1299 1972 1341 2013 χε

260 2002 371 2038 αὐτοῦ
396 2004 502 2044 τάξιν
526 2005 615 2039 duas
636 2008 779 2049 χρυσίου
799 2003 929 2048 λίτρας.
978 2006 1024 2038 Εἰ
1049 2002 1089 2038 δὲ
1111 2007 1171 2038 καὶ
1202 2006 1241 2038 ἐκ
1264 2018 1342 2039 των

259 2090 323 2119 aut
345 2083 461 2118 sacris
485 2083 619 2118 nostris
637 2083 796 2129 privatis
827 2090 890 2118 aut
912 2084 925 2118 ι’
952 2084 984 2118 si
1007 2094 1135 2119 sacrae
1164 2080 1313 2119 nostrae
1336 2083 1476 2125 domui,
1511 2089 1553 2119 ut
1576 2083 1769 2130 quicquam
1791 2083 1914 2118 damni
1944 2081 2111 2118 subiectis
2141 2083 2274 2118 nostris
2304 2083 2478 2129 inferant,

260 2140 346 2164 nene
374 2127 488 2173 facile
516 2128 686 2180 [lectatur
717 2139 787 2164 neu
820 2128 912 2175 trepi
937 2132 989 2170 et,
1021 2127 1086 2164 sed
1111 2128 1264 2173 fortiter
1292 2128 1459 2164 subiectis
1482 2128 1644 2175 praesit,
1675 2133 1712 2164 et
1742 2132 1826 2164 ante
1850 2127 1971 2163 omnia
2000 2138 2117 2174 puras
2138 2138 2267 2163 manus
2296 2132 2332 2164 et
2353 2127 2422 2165 deo
2444 2130 2480 2164 et
2519 2143 2522 2146 ·

260 2174 362 2210 nobis
390 2177 423 2209 et
453 2173 523 2219 leqz
548 2177 664 2208 servet
694 2172 832 2215 (iisdem
854 2174 946 2209 enim
969 2173 1206 2209 sacramentis
1229 2173 1358 2225 quibus
1380 2178 1518 2221 eeteros
1540 2173 1775 2219 mayistratus
1805 2172 1900 2208 laune
1920 2183 2062 2219 quoque
2084 2171 2291 2208 obstrictum
2319 2183 2396 2209 esse
2418 2183 2479 2210 vo-
2523 2213 2526 2220 Δ

260 2220 413 2261 tumus)‚·
446 2218 574 2254 deinde
597 2229 677 2253 cum
700 2217 877 2253 codicillis
899 2219 1007 2254 etiam
1030 2218 1203 2254 mandata
1226 2218 1430 2265 imperialia
1454 2218 1622 2264 accipiat,
1646 2229 1740 2265 quae
1762 2217 1905 2264 quidem
1928 2217 1992 2264 qui
2011 2220 2095 2253 ante
2117 2228 2185 2252 nos
2197 2218 2351 2264 fuerunt
2374 2217 2479 2265 leqis-

260 2265 395 2299 tatores
419 2267 453 2299 et
476 2264 627 2309 antiqua
651 2263 870 2309 reipublicae
898 2264 1026 2309 forma
1057 2274 1131 2298 non
1153 2263 1365 2309 iynorabat,
1397 2274 1465 2299 nos
1487 2268 1606 2299 autem
1628 2274 1708 2298 cum
1731 2263 1947 2309 defecissent
1974 2263 2101 2298 iterum
2123 2263 2415 2309 recuperavimus
2443 2266 2481 2300 et

259 2311 297 2344 in
320 2308 575 2355 rempublicam
599 2307 829 2351 reduximus,
862 2313 902 2344 ut
925 2313 959 2344 et
990 2308 1079 2344 haec
1101 2319 1242 2355 semper
1271 2307 1442 2344 adhibeat
1472 2314 1506 2344 et
1535 2308 1711 2344 iussiones
1741 2313 1888 2343 nostras
1919 2307 2088 2344 observet.
2134 2306 2176 2343 Si
2199 2307 2292 2343 em'm
2315 2307 2404 2344 naec
2425 2318 2479 2345 se·
2522 2338 2523 2343 ,

244 2359 405 2400 quatur,
426 2354 511 2399 fieri
530 2364 604 2388 non
626 2358 752 2400 potest
775 2353 862 2399 quin
884 2353 1005 2388 omnia
1027 2354 1063 2389 ei
1083 2353 1170 2389 bene
1193 2353 1322 2389 cedant
1343 2359 1379 2389 et
1401 2364 1481 2389 eum
1504 2352 1641 2399 leqibus
1663 2352 1713 2389 ad
1735 2351 2020 2388 commoditatem
2043 2352 2244 2400 iustamque
2263 2352 2479 2399 facilitatem

287 2400 482 2435 erveniant.

256 2411 284 2446 p
394 2444 440 2478 Π.
489 2444 607 2489 Atque
623 2443 781 2489 primum
802 2442 946 2489 quidem
966 2443 1000 2479 ei
1018 2442 1175 2478 studium
1189 2442 1250 2486 sit,
1273 2443 1381 2478 sicuti
1400 2453 1513 2489 supra
1532 2442 1703 2486 diximus,
1720 2442 1950 2490 publicorum
1971 2441 2186 2480 tributorum
2205 2442 2364 2484 exactio,
2386 2451 2480 2488 quae
2507 2465 2512 2467 Δ

260 2489 397 2525 devotis
421 2489 564 2535 quidem
587 2487 746 2523 humana
771 2493 805 2523 et
821 2492 983 2535 paterna
1005 2489 1064 2531 sit,
1097 2488 1426 2524 contumacioribus
1448 2493 1567 2523 autem
1589 2498 1714 2524 severa
1737 2492 1772 2523 et
1794 2487 2041 2535 indulyentiae
2063 2497 2207 2534 expers.
2255 2485 2392 2523 Deinde
2411 2491 2478 2534 po·
2511 2505 2514 2510 ·

256 2535 347 2581 pulo
378 2544 521 2579 quoque
546 2534 752 2579 prospiciet
782 2537 818 2568 et
846 2532 1060 2579 disciplinae
1091 2534 1178 2575 eius,
1210 2544 1254 2568 ac
1277 2544 1322 2569 ne
1346 2532 1554 2568 tumultibus
1584 2536 1620 2569 et
1648 2532 1882 2569 seditionibus
1903 2543 1942 2569 se
1964 2531 2098 2568 dedant
2127 2535 2192 2568 aut
2215 2530 2389 2568 Bostreni
2415 2533 2480 2569 aui

261 2579 388 2620 ceteri,
421 2590 508 2614 neve
531 2590 624 2623 quae
648 2578 697 2613 ad
719 2577 991 2614 delectationem
1015 2591 1038 2614 a
1061 2583 1236 2614 vetustate
1253 2578 1436 2625 permissa
1464 2582 1549 2613 sunt
1578 2589 1622 2614 ea
1653 2579 1689 2613 in
1711 2579 1879 2624 furorem
1909 2582 1946 2614 et
1974 2577 2102 2613 caedes
2124 2580 2277 2613 vertant.
2322 2572 2479 2613 Habebit

262 2627 379 2659 autem
399 2623 529 2658 milites
549 2634 692 2668 quoque
710 2622 778 2658 sibi
795 2623 1022 2659 oboedientes
1041 2623 1235 2659 secundum
1255 2633 1362 2658 saera
1383 2622 1555 2658 mandata
1575 2627 1702 2659 nostra
1721 2623 1862 2666 (etenim
1882 2622 1949 2658 hoc
1966 2632 2109 2669 quoque
2130 2621 2213 2658 inde
2224 2624 2352 2668 petere
2371 2620 2479 2664 licet),
2504 2655 2506 2658 ,

262 2679 326 2704 nec
349 2668 540 2713 quicquam
572 2668 716 2702 omnino
739 2679 864 2703 eorum
895 2679 988 2713 quae
1011 2669 1213 2704 necessaria
1241 2671 1326 2703 sunt
1348 2668 1521 2714 neqleqet.
1567 2666 1869 2711 Quemadmodum
1897 2667 1991 2703 enim
2013 2666 2051 2702 in
2075 2666 2194 2703 Ponto
2217 2665 2480 2705 moderatorem

260 2714 426 2759 fecimus,
450 2714 501 2747 ita
520 2713 637 2758 ipsum
658 2723 801 2758 quoque
825 2713 877 2746 uti
904 2723 947 2747 ue
963 2712 1086 2749 iisdem
1110 2712 1217 2748 liuius
1231 2724 1291 2748 ma
1317 2713 1468 2748 istratus
1491 2713 1653 2758 vestiqiis
1676 2712 1819 2760 inqredi
1841 2712 2011 2754 iubemus,
2035 2711 2174 2758 eritque
2191 2714 2226 2747 et
2245 2711 2323 2764 {pse
2339 2711 2479 2757 specta>-

262 2759 354 2800 bilis,
386 2762 495 2803 atque
518 2757 680 2793 similiter
703 2762 736 2792 et
761 2724 1026 2804 appethationes
1056 2762 1092 2793 et
1122 2761 1243 2793 cetera
1271 2770 1293 2792 a
1347 2769 1388 2793 eo
1422 2757 1779 2794 administrabuntur.
1826 2758 1879 2793 Ac
1901 2767 1946 2793 ne
1971 2758 2009 2792 in
2031 2755 2168 2793 solacio
2192 2755 2335 2803 quidem
2350 2755 2480 2803 priore

261 2803 508 2839 subsistemus:
539 2802 702 2838 volumus
724 2803 816 2837 enim
841 2803 957 2848 ipsum
981 2802 1124 2838 nomine
1146 2813 1375 2838 annonarum
1394 2807 1429 2838 et
1444 2802 1576 2848 reliqui
1597 2802 1727 2839 solacii
1750 2802 1951 2849 quindecim
1966 2801 2050 2837 auri
2066 2801 2178 2837 libras
2198 2800 2374 2848 accipere,
2396 2805 2484 2849 oon?
2497 2832 2506 2844 ,

261 2848 439 2883 siliarium
463 2852 581 2882 autem
605 2848 839 2892 maqistratus
867 2847 944 2882 eius
974 2847 1067 2882 duas
1090 2847 1202 2883 libras
1231 2852 1340 2893 atque
1364 2847 1526 2892 officium
1550 2848 1627 2883 eius
1656 2847 1749 2883 duas
1772 2848 1855 2882 auri
1877 2846 1998 2883 libras.
2045 2844 2268 2892 Quamquam
2291 2849 2408 2882 autem
2429 2853 2499 2893 ew·

1406 2928 1499 2968 exem
1523 2927 1614 2963 τες
1641 2927 1654 2971 μ
1681 2930 1741 2960 και
1762 2941 1819 2961 om.
1834 2928 1870 2961 B
1894 2927 1906 2970 n
1933 2925 2008 2976 *7³1
2031 2937 2071 2960 u
2095 2927 2172 2960 eitra·
2193 2911 2278 2969 1139
2301 2924 2383 2959 dun
2407 2920 2489 2971 κοῖς

310 2930 324 2961 1
352 2924 471 2970 *μηδεἹ
495 2923 583 2967 μήτε
598 2927 707 2959 MLB
722 2925 734 2969 11
753 2929 980 2970 πατριμονίῳ
1004 2928 1255 2970 (πατριμωνίῳ
1266 2928 1338 2960 Ha—

1245 2968 1252 2980 ‘
1406 2969 1471 3005 δύο
1495 2973 1564 3006 LB
1581 2972 1593 3015 ΙΙ
1618 2970 1738 3018 λίτρας
1761 2985 1818 3006 om.
1835 2972 1866 3005 L

265 2974 421 3014 IoanderJ]
446 2971 499 3013 τῷ
521 2972 580 3004 ἐπὶ
600 2972 677 3004 τῶν
698 2970 894 3015 θησαυρῶν
912 2972 947 3004 Β
963 2972 975 3015 11
993 2974 1070 3004 ταῖς
1093 2971 1211 3005 θείαις
1233 2972 1339 3015 ημῶν

263 3019 480 3063 περιουσίαις
493 3016 529 3049 Β
545 3016 558 3058 11
576 3018 595 3049 3
610 3013 756 3061 ἐπάγειν
770 3017 801 3049 L
816 3015 829 3059 11
849 3019 867 3050 5
890 3013 1061 3061 ἡγεῖσθαι
1076 3017 1268 3050 Haloander
1282 3019 1338 3060 (cf.

263 3065 371 3097 Edict.
386 3062 448 3096 IV
457 3062 490 3102 2)
510 3061 522 3102 11
539 3062 559 3094 6
580 3057 685 3103 ἡμῶν
703 3061 752 3093 ΒΕ
770 3060 782 3104 11
801 3063 817 3093 ’ἶ
836 3057 907 3094 ὑπὸ
923 3059 993 3106 γὰρ
1009 3080 1047 3084 —-
1063 3056 1168 3105 ἀρχὰς
1189 3074 1246 3095 οηι.
1262 3063 1312 3094 Bc
1328 3062 1338 3103 ἶ1

267 3111 306 3143 10
329 3107 397 3151 μὲν
423 3119 481 3140 om.
497 3107 531 3139 B
548 3106 560 3149 11
588 3108 623 3139 11
653 3102 831 3147 ἠπίστατο
851 3106 920 3146 Me]
944 3102 1147 3147 ἠπίσταντο
1167 3106 1234 3139 LB
1249 3106 1261 3146 11
1280 3108 1339 3139 καὶ

265 3167 321 3187 om.
332 3164 351 3189 ς
363 3151 375 3197 11
391 3153 431 3186 14
444 3147 806 3192 κατακολουθήσειεν]
819 3153 1000 3192 sequantur
1013 3163 1031 3187 ς
1043 3150 1054 3195 11
1071 3152 1110 3184 16
1126 3146 1215 3196 αὐτῇ
1229 3164 1286 3183 om.
1296 3163 1316 3188 ς
1327 3150 1339 3195 11

267 3201 308 3233 16
320 3211 368 3241 sq.
393 3198 453 3230 καὶ
467 3195 560 3239 μετὰ
578 3215 617 3220 ——
637 3191 838 3240 ἀφίκοιντο]
863 3198 896 3227 ct
914 3199 987 3237 post
1010 3195 1119 3237 legum
1145 3196 1338 3229 facilitatem

263 3247 363 3286 atque
375 3242 539 3275 iustitiam
552 3240 819 3274 circumscribere
832 3239 1072 3282 neglegentiam
1086 3245 1106 3276 ’ς
1117 3239 1129 3284 11
1144 3238 1212 3273 τὸν
1223 3237 1338 3282 νόμον

267 3291 314 3323 13⁶
334 3289 345 3332 11
362 3290 404 3322 22
430 3284 600 3330 δημοσίου
629 3287 675 3320 L⁰
690 3285 703 3330 11
722 3286 764 3319 23
787 3284 849 3327 μὴ]
872 3282 962 3327 μήτε
979 3285 1014 3318 Β
1033 3287 1044 3326 11
1061 3286 1104 3318 24
1125 3282 1339 3318 ἐκδίδοσθαι

266 3337 299 3368 B
318 3336 330 3377 11
346 3330 570 3376 Βοστρηνοὺς
579 3333 609 3373 (c
626 3357 633 3364 .
645 3332 688 3372 ς)]
703 3328 921 3373 βοστρύνους
934 3330 975 3363 Μ
996 3332 1203 3374 βοστρίνους
1216 3331 1246 3363 L
1270 3333 1338 3363 Bo-

265 3377 573 3423 στρινοὺςΒυιιΙρ.
628 3377 670 3411 25
696 3373 822 3418 *μηδὲ]
846 3372 936 3418 μήτε
957 3375 1066 3407 MLB
1089 3375 1101 3418 11
1125 3376 1166 3409 26
1189 3377 1338 3417 μανίαν]

266 3426 393 3457 furores
417 3435 436 3459 ς
458 3422 472 3467 11
499 3423 539 3456 27
565 3420 646 3455 τοὺς
669 3419 893 3466 στρατιώτας
916 3419 985 3452 LB
1009 3421 1063 3461 (cs.
1082 3422 1158 3458 495,
1172 3427 1205 3458 23
1230 3420 1338 3453 Edict.

266 3471 286 3502 I
294 3470 330 3511 V,
352 3472 366 3503 1
379 3476 474 3506 πίνη
499 3467 622 3499 milites
640 3477 753 3499 omnes
769 3466 858 3506 Iul.)]
878 3464 1102 3508 στρατιώτας
1116 3464 1182 3508 Mn
1200 3465 1244 3498 30
1259 3462 1337 3507 τὸν]

266 3515 341 3547 τῶν
356 3515 386 3546 L
403 3513 416 3556 11
433 3514 471 3546 31
490 3511 637 3546 πάντως
653 3525 711 3545 om.
724 3511 782 3547 Bc
799 3515 812 3555 11
828 3511 870 3545 32
885 3506 1129 3554 έμβιβάζομεν
1142 3510 1338 3553 Homberyk]

266 3557 502 3602 ἐκβιβάζομεν
511 3559 586 3591 ΜΒ
603 3553 816 3601 ἐκβιάζομεν
829 3556 860 3589 L
877 3555 1041 3588 elevamus
1054 3567 1073 3591 ς
1084 3554 1096 3599 11
1107 3555 1220 3596 ἔσται]
1234 3557 1284 3588 est
1297 3553 1338 3600 ⁵·ss

266 3603 476 3645 spectauilios
501 3603 545 3635 M
574 3599 810 3647 περίβλεπτος
833 3600 902 3634 LB
929 3601 942 3643 11
971 3601 1013 3634 33
1037 3597 1170 3644 ὁμοίως
1193 3597 1243 3641 δὲ]
1280 3601 1339 3633 καὶ

267 3646 398 3689 ὁμοίως
421 3644 460 3679 δὲ
484 3647 515 3680 L
542 3647 554 3686 11
584 3649 624 3681 37
650 3646 862 3688 quindenam,
884 3658 909 3678 s.
929 3657 959 3678 o.
983 3646 1092 3679 πέντε
1114 3647 1173 3678 καὶ
1196 3641 1281 3678 δέκα
1303 3645 1341 3677 Μ

269 3690 571 3726 πεντεκαίδεκαΒ
595 3689 789 3726 δεκαπέντε
803 3692 831 3724 L
857 3691 871 3736 fl
893 3691 935 3726 38
959 3689 1051 3731 duas,
1075 3703 1101 3723 s.
1116 3703 1144 3724 v.
1159 3689 1256 3735 ss‘M
1275 3687 1338 3723 δύο

1451 3062 1471 3094 5
1493 3060 1625 3103 quidem
1646 3073 1704 3093 om.
1727 3058 1881 3103 Vvuly.ll
1905 3060 1926 3093 6
1950 3059 2038 3092 enim
2062 3059 2138 3093 add.
2155 3059 2249 3092 Beck
2264 3057 2278 3102 11
2295 3059 2315 3093 8
2338 3057 2410 3092 acci

1407 3106 1500 3139 Beck
1517 3105 1530 3149 11
1555 3107 1595 3140 10
1612 3105 1736 3138 scribat
1754 3105 1786 3137 T
1796 3104 1810 3147 11
1829 3106 1865 3138 11
1886 3103 2121 3137 renouabimus
2137 3104 2214 3137 libri
2228 3102 2241 3147 11
2259 3103 2302 3138 12
2318 3105 2357 3136 ut
2371 3105 2406 3137 et
2439 3102 2490 3147 ul

1406 3150 1447 3183 ad
1468 3150 1502 3184 V
1520 3152 1553 3182 et
1572 3152 1611 3182 ut
1634 3150 1666 3183 Τ
1675 3150 1687 3192 11
1705 3149 1768 3181 hoc
1787 3149 1819 3182 T
1831 3148 1843 3191 11
1859 3148 2013 3191 relegunt
2034 3149 2071 3188 V,
2094 3147 2220 3190 relegat
2233 3148 2326 3182 Beck
2341 3147 2356 3192 Ι
2371 3148 2486 3182 oum

1407 3195 1501 3227 diant
1515 3195 1561 3236 Τ]
1580 3194 1731 3227 custodia
1750 3194 1795 3226 sit
1815 3193 1853 3235 V,
1875 3193 2041 3226 custodiat
2054 3193 2147 3227 Beck
2161 3192 2174 3238 11
2195 3195 2236 3228 13
2251 3193 2333 3226 liaeo
2347 3189 2491 3274 m

1406 3241 1586 3281 sequantur
1604 3239 1648 3280 V]
1665 3241 1844 3280 sequentur
1857 3239 1894 3279 T,
1910 3240 2068 3280 sequatur
2077 3238 2170 3272 Beck
2184 3237 2198 3283 Ι
2218 3239 2260 3274 14
2271 3238 2355 3272 bene

1415 3285 1459 3325 V]
1482 3284 1562 3317 bene
1577 3284 1685 3317 omnia
1698 3283 1780 3316 bene
1796 3282 1848 3327 Tu
1860 3283 2019 3316 facilitate
2037 3284 2089 3326 Vn
2105 3284 2146 3317 18
2160 3284 2190 3316 ei
2203 3283 2310 3325 Beck]
2323 3282 2371 3316 oin
2381 3275 2481 3330 nm}

1406 3329 1462 3362 flet
1478 3329 1583 3362 secuti
1602 3329 1634 3362 V
1646 3328 1660 3373 11
1678 3330 1717 3363 19
1730 3327 1854 3361 fiscalia
1875 3327 1929 3372 711
1947 3329 1990 3362 20
2007 3328 2236 3362 uehementius
2250 3326 2309 3373 ΤΙ
2323 3327 2368 3362 22
2379 3325 2478 3373 ω
2493 3347 2498 3359 ⁴

1406 3374 1534 3418 plinam
1549 3374 1599 3407 V¹
1619 3373 1795 3416 disciplina
1811 3372 1864 3406 V*
1880 3372 1893 3416 11
1909 3375 1943 3406 et
1956 3373 2175 3407 seditionibus
2191 3373 2236 3416 V]
2253 3383 2293 3406 so
2306 3369 2477 3407 eodm

1409 3420 1467 3451 bus
1482 3419 1539 3463 Τ11
1557 3420 1599 3453 23
1624 3418 1780 3452 hosti-emi
1801 3418 1833 3451 V
1850 3417 1957 3451 bostre
1976 3419 2008 3452 T
2020 3419 2033 3462 11
2050 3420 2099 3459 ea]
2125 3418 2192 3452 alia
2213 3417 2268 3461 ΤΙ
2293 3414 2476 3452 uolunffl·

1406 3463 1467 3496 bus
1486 3464 1517 3497 T
1531 3465 1543 3506 11
1560 3466 1601 3498 24
1615 3463 1746 3497 dicabat
1766 3462 1822 3507 Vn
1839 3464 1880 3497 25
1898 3466 1931 3496 ct
1947 3465 2007 3497 del.
2022 3464 2115 3497 Beck
2131 3463 2145 3508 11
2161 3464 2205 3497 26
2220 3462 2337 3496 diuina
2350 3461 2402 3496 iiia
2416 3459 2479 3505 (effi
2504 3464 2507 3466 ’

1404 3522 1464 3552 pro
1483 3511 1553 3550 nia)
1582 3510 1614 3543 T
1634 3512 1746 3542 nostra
1768 3507 1885 3541 diuina
1905 3509 1938 3542 V
1957 3507 1970 3553 11
1996 3510 2037 3542 27
2063 3511 2096 3542 οι
2119 3509 2196 3542 add.
2214 3508 2443 3551 Ouum-liw-

1406 3553 1510 3587 nullis
1535 3555 1590 3598 Τ11
1608 3554 1740 3598 penitus
1763 3566 1822 3586 om.
1839 3553 1872 3587 T
1883 3553 1896 3597 11
1919 3555 1961 3588 29
1985 3555 2072 3595 eum]
2096 3553 2183 3586 enim
2203 3550 2258 3596 V!
2274 3548 2447 3585 1112me
2511 3554 2513 3559 ’

1406 3593 2474 3688 iiiiiflssthfffflfimifgiiss'mffiflii'i‘woiffssffiffiissin'iffi

1408 3691 1450 3725 34
1467 3689 1553 3733 auri]
1576 3694 1686 3724 autem
1707 3690 1783 3723 libri
1795 3687 1808 3735 Ι
1826 3690 1972 3733 accipere
1989 3706 2030 3714 —
2052 3689 2096 3724 36
2113 3687 2188 3722 auri
2202 3686 2304 3720 libras
2328 3697 2386 3719 οιιι.
2399 3682 2432 3723 Y
