2476 3854
1231 73 1316 120 728

150 77 258 121 Nov.
283 77 416 120 CLIII
445 91 506 134 pr.
1762 91 1823 121 Dm
1849 90 2116 126 mmmmus
2143 91 2375 126 EXPosrms

1153 208 1312 246 CAPUT
1334 209 1362 244 1.

284 278 339 312 Εἴ
358 291 395 312 τι
425 280 549 312 τοίνυν
579 278 682 322 μέχρι
713 276 777 311 τοῦ
807 276 875 311 νῦν
905 275 995 322 πρὸς
1017 274 1161 321 βλάβην
1184 277 1248 310 τοῦ
1273 274 1442 321 δημοσίου
1466 280 1598 324 γέγονε,
1622 279 1730 313 τοῦτο
1755 278 1886 325 ἄκυρον
1908 279 2002 314 εἶναι
2023 280 2224 325 κελεύομεν.
2244 282 2374 318 θεσπί-

150 325 271 365 ζοντες
298 325 364 357 τοῦ
395 322 522 357 λοιποῦ
552 323 707 355 ἕκαστον
738 321 844 354 θεῖον
867 321 1121 368 πραγματικὸν
1144 321 1271 364 τύπον,
1294 322 1366 357 εἴτε
1385 322 1474 358 ποὸς
1495 321 1565 357 τὸν
1589 321 1847 370 αὗγουστάλιον
1869 325 1942 360 εἴτε
1965 325 2056 369 πρὸς
2077 327 2147 361 τὸν
2171 325 2283 360 δοῦκα
2302 327 2375 361 εἴτε

150 368 242 413 πρὸς
265 367 347 402 τοὺς
368 366 514 401 λοιποὺς
537 367 615 401 τῶν
639 367 823 411 ἐπαρχιῶν
847 364 1024 412 ἄρχοντας
1045 368 1186 412 γένοιτο
1211 367 1389 414 προφάσει
1413 354 1610 411 δημοσίων,
1638 369 1742 403 καθὰ
1765 369 1913 415 εἴρηται,
1937 370 2085 405 πάντως
2106 371 2373 417 ἐμφανίζεσθαι

149 415 202 455 τῷ
229 411 445 457 δικαστηρίῳ
467 413 529 454 τῆς
552 412 614 454 σῆς
637 410 817 455 ὑπεροχῆς,
842 415 902 444 καὶ
925 407 1040 445 οὕτως
1063 412 1111 445 εἰς
1130 411 1194 446 τὰς
1218 413 1389 457 ἐπαρχίας
1412 413 1624 457 πέμπεσθαι
1647 414 1943 460 προταττόμενον
1964 415 2057 458 μετὰ
2073 415 2370 462 προςταγμάτων,

149 458 250 491 καθὰ
275 458 422 502 εἴρηται,
446 458 507 498 τῆς
530 457 590 499 σῆς
611 452 792 501 ὑπεροχῆς.
841 452 928 491 ὥςτε
954 453 1035 490 ὅσοι
1058 458 1125 501 μὲν
1147 456 1197 501 μὴ
1220 457 1310 501 πρὸς
1332 455 1474 501 βλάβην
1495 461 1657 503 γίνοιντο
1680 459 1744 493 τοῦ
1768 457 1939 504 δημοσίου
1963 460 2060 494 θεῖοι
2081 461 2202 504 τύποι,
2225 460 2373 495 τούτους
2419 465 2439 496 5

148 506 209 536 καὶ
241 501 412 544 δεχεσθαι
442 505 501 534 καὶ
533 501 754 546 προτάττειν
782 502 859 535 ταῖν
892 500 1190 547 προςταγμάτων,
1222 505 1282 535 καὶ
1313 502 1528 546 πέμπεσθαι
1551 504 1651 549 παρὰ
1674 504 1737 547 τῆς
1757 505 1818 547 σῆς
1841 503 2013 551 ὑπεροχῆς
2035 505 2083 540 εἰς
2105 506 2169 540 τὰς
2192 507 2373 551 ἐπαρχίας,

149 545 202 593 ἐφ’
236 545 265 589 ᾧ
296 559 335 580 τε
362 549 493 591 πέρατι
521 543 815 590 παραδίδοσθαι·
847 541 928 580 ὅσοι
957 544 998 580 δὲ
1028 546 1118 592 πρὸς
1144 545 1289 590 βλάβην
1319 548 1382 581 τοῦ
1414 545 1584 591 δημοσίου
1614 548 1707 583 κατὰ
1740 549 1978 595 συναρπαγὴν
2000 554 2177 595 γίνονται,
2202 547 2374 593 δέχεσθαι

147 594 214 635 μὲν
237 592 304 633 τὴν
325 591 393 634 σὴν
424 589 604 637 ὑπεροχὴν
635 591 717 625 τοὺς
748 589 929 625 τοιούτους
958 592 1081 626 θείους
1104 591 1247 634 τύπους,
1271 591 1319 636 μὴ
1343 593 1518 635 πράττειν
1541 590 1582 626 δὲ
1603 592 1648 627 τοὶ
1674 595 1714 628 ἐν
1737 593 1857 628 αὐτοῖς
1879 597 2065 640 έγκείμενα
2088 598 2174 640 πρὶν
2196 593 2221 638 ἢ
2243 595 2374 642 πρότε-

148 650 213 680 ρον
235 637 283 670 εἰς
303 634 395 679 ἡμᾶς
419 634 614 682 ἀνενέγκαι,
638 637 699 669 ἵνα
722 636 757 669 εἴ
774 649 812 670 τι
835 634 883 670 ὡς
905 635 998 671 εἰκὸς
1021 636 1112 681 πρὸς
1131 635 1274 680 βλάβην
1298 639 1361 671 τοῦ
1381 635 1551 681 δημοσίου
1567 640 1700 685 γε’γονε,
1722 640 1831 673 τοῦτο
1848 640 2114 685 ἐπανορθωθῆ.
2157 637 2372 683 Οἱοςδήποτε

147 685 271 715 τοίνυν
296 681 395 716 θεῖος
418 680 664 726 πραγματικὸς
683 681 792 716 τύπος
815 682 995 726 προφάσει
1019 679 1203 726 δημοσίων
1225 682 1416 728 γενόμενος
1436 682 1487 726 μὴ
1511 683 1671 728 ἐμφανὴς
1692 686 1839 730 γένηται
1861 686 1914 728 τῷ
1931 685 2060 731 θρόνῳ
2082 676 2146 728 τῆς
2169 686 2230 728 σῆς
2247 681 2373 730 ὔπερο-
2399 690 2439 723 10

147 729 216 769 χῆς,
246 726 379 761 τοῦτον
403 728 443 761 ἐν
472 724 594 761 videri
624 726 745 771 χρόνῳ
769 729 914 772 κρατεῖν
937 725 1162 771 βουλόμεθα.
1209 726 1253 762 D.
1276 728 1312 763 k.
1336 726 1416 763 Iun.
1443 727 1513 763 GP.
1539 729 1597 764 dn.
1620 728 1819 765 Iustiniano
1839 739 1901 775 pp.
1922 730 2014 774 Aug.
2038 729 2140 776 (IV.)
2163 732 2200 766 et
2221 729 2373 809 Ραῑιὶἐῐιο

147 782 198 807 vc.
226 781 319 808 coss.
2211 777 2258 817 [a.
2282 777 2302 809 5
2327 776 2375 816 4.]

1200 887 1300 931 ῑῖΝ-Ιῗ

633 962 812 1015 ΠΕΡΙ
854 961 1003 1015 ΤῼΝ
1045 961 1555 1015 ΧΑΜΕῩΡΕΤῼΝ
1594 962 1896 1017 ΒΡΕΦῼΝ.

615 1039 655 1076 Ὁ
678 1038 786 1075 aizos
808 1040 973 1085 βασιλεὺς
993 1038 1100 1084 Ἠλίᾳ
1122 1041 1175 1084 τῷ
1201 1039 1425 1084 ἐνδοξοτάτῳ
1450 1038 1596 1089 ἐπάρχῳ
1620 1042 1686 1076 τοῦ
1709 1040 1904 1088 Ἰλλυρικοῦ.
2399 1050 2439 1084 15

305 1108 592 1156 Προοίμιον.)
635 1107 816 1154 Ἐγκλημα
841 1110 905 1152 τῆς
935 1105 1172 1154 ἀνθρωπίνης
1193 1106 1345 1165 ’γνώμης
1368 1104 1560 1153 ἀλλότριον
1582 1111 1643 1143 καὶ
1666 1105 1749 1142 οὐδὲ
1772 1112 1854 1155 περὶ
1874 1108 2029 1143 πάντων
2051 1110 2253 1165 βαρβάρων
2275 1106 2375 1150 ἀξιό-

146 1166 279 1191 πιστον
300 1153 464 1201 Ανδρεάς
489 1151 509 1187 ὁ
533 1153 815 1198 θεοφιλέστατος
839 1154 1077 1200 πρεσβύτερος
1100 1157 1159 1187 καὶ
1183 1153 1448 1199 αποκρισιάριος
1470 1154 1533 1197 τῆς
1555 1155 1634 1188 τῶν
1659 1153 1951 1188 Θεσσαλονικέων
1974 1151 2178 1201 ἁγιωτατης
2192 1153 2376 1199 ἐκκλησίας

146 1199 409 1247 προςήγγειλεν,
441 1196 490 1234 ὥς
523 1210 617 1233 τινες
639 1199 686 1233 τὰ
709 1197 889 1245 προϊόντα
912 1195 1022 1233 εὐθὺς
1045 1200 1084 1232 ἐκ
1103 1197 1238 1233 κοιλίας
1260 1197 1546 1244 ἀπορρίπτοντες
1567 1202 1682 1245 βρέφη
1706 1201 1766 1232 καὶ
1786 1201 1827 1233 ἐν
1848 1202 1926 1233 ταῖς
1949 1196 2065 1246 ἁγίαις
2087 1197 2181 1234 αὐτὰ
2204 1198 2374 1244 καταλιμ-

146 1243 325 1280 πάνοντες
353 1245 551 1288 ἐκκλησίαις
578 1243 671 1288 μετὰ
701 1243 744 1278 τό
779 1245 896 1278 ταῦτα
927 1242 1028 1289 παρὰ
1058 1244 1137 1278 τῶν
1166 1240 1417 1287 εὐσεβούντων
1448 1240 1667 1288 ἀνθρώπων
1699 1241 1888 1297 ἀναγωγῆς
1914 1247 1974 1278 καὶ
2003 1245 2136 1290 τροφῆς
2165 1242 2374 1288 ἀξιωθῆναι

147 1290 327 1325 έκδικοῦσι
354 1294 415 1324 καὶ
441 1288 587 1324 δούλους
619 1288 936 1335 προςαγγέλλουσι,
966 1292 1027 1323 καὶ
1058 1289 1281 1332 ἐπιθυμοῦσι
1309 1290 1355 1335 τῇ
1387 1289 1499 1332 οἰκείᾳ
1531 1286 1695 1334 ὠμότητι
1721 1302 1830 1323 τουτο
1860 1289 2088 1334 προςθεῖναι,
2123 1285 2212 1324 dien
2241 1285 2302 1323 viic
2331 1292 2374 1323 ὲν
2397 1295 2441 1329 20

146 1335 266 1371 αὐτοῖς
288 1339 361 1370 τοῖς
383 1337 446 1378 τῆς
470 1335 563 1377 ζωῆς
586 1339 783 1379 προοιμίοις
806 1332 963 1378 θανάτῳ
987 1331 1302 1380 παραδεδώκασιν.
1327 1331 1553 1377 αὐξήσαντας
1576 1335 1746 1380 στερῆσαι
1769 1335 1832 1378 τῆς
1855 1333 2071 1380 ἐλευθερίας.
2110 1332 2237 1378 ἐπειδὴ
2249 1337 2375 1368 τοίνυν

145 1381 187 1415 τὸ
220 1382 387 1415 τοιοῦτον
417 1378 590 1424 ἀτόπημα
619 1378 735 1414 πολλὰ
767 1379 860 1413 κατὰ
894 1376 1029 1414 ταύτὸν
1052 1382 1206 1424 περιέχει
1227 1377 1441 1425 ἐγκλήματα,
1466 1379 1580 1424 φόνον
1603 1393 1643 1413 τε
1666 1382 1726 1413 καὶ
1750 1383 1998 1426 συκοφαντίαν
2015 1382 2076 1414 καὶ
2097 1375 2168 1414 ὅσα
2191 1377 2239 1414 ἄν
2257 1389 2312 1413 τις
2335 1380 2375 1413 ἐν

145 1427 190 1473 τῇ
218 1425 369 1472 τοιαύτῃ
395 1424 520 1472 πράξει
542 1422 697 1459 εὐκόλως
721 1422 1035 1470 ἀπαριθμήσαιτο,
1057 1425 1130 1458 ἔδει
1153 1423 1235 1459 τοὺς
1254 1424 1301 1458 τὰ
1325 1425 1476 1458 τοιαῦτα
1495 1422 1805 1471 διαπραξαμένους
1826 1424 1895 1469 τὴν
1918 1428 1958 1459 ἑκ
1978 1425 2056 1459 τῶν
2078 1423 2205 1469 νόμων
2225 1424 2275 1468 μὴ
2296 1421 2373 1458 δια-

145 1470 291 1517 φεύγειν
315 1469 506 1514 ἐκδίκησιν,
531 1467 607 1504 ἀλλ’
634 1471 681 1504 εἰς
703 1468 747 1504 τό
774 1470 858 1504 τοὺς
873 1468 999 1504 ἄλλους
1015 1471 1326 1515 σωφρονεστέρους
1338 1469 1514 1513 γενέσθαι
1531 1472 1606 1504 ταῖς
1625 1468 1792 1512 ἐσχάταις
1807 1466 2208 1514 αὖτοὺςύποβληθῆναι
2221 1471 2374 1513 ποιναῖς,

144 1516 203 1551 οἶα
227 1518 266 1551 ἐκ
288 1518 350 1560 τῆς
374 1513 558 1551 ἀναιδείας
580 1516 642 1559 τῆς
665 1516 847 1562 ἐναγωγῆς
870 1513 946 1550 ἴδια
970 1513 1172 1562 ἐγκλήματα
1195 1513 1526 1562 προςαγγείλαντας.
1560 1512 1651 1561 ὅπερ
1665 1515 1731 1549 τοῦ
1746 1514 1874 1551 λοιποῦ
1889 1513 2123 1561 φυλαχθῆναι
2138 1515 2373 1560 θεσπίζομεν.
2398 1520 2441 1553 25

279 1608 366 1642 Νου.
388 1607 514 1642 CLIII
543 1607 669 1641 Graece
696 1614 817 1641 tantum
847 1613 936 1641 extat
965 1608 998 1640 in
1022 1606 1104 1649 ML,
1130 1619 1156 1640 c.
1175 1607 1191 1640 1
1218 1617 1256 1638 ex
1278 1605 1329 1638 Β*
1351 1605 1393 1639 Ν
1409 1606 1442 1647 3,
1461 1610 1477 1637 3
1499 1618 1536 1649 p.
1554 1608 1618 1640 517
1643 1606 1746 1641 ΖαςΙι.
1780 1607 1814 1641 in
1839 1606 1875 1639 B
1898 1607 1954 1649 33,
1971 1613 2000 1649 2,
2017 1613 2044 1640 4.
2067 1624 2113 1631 —
2137 1606 2228 1651 Epit-
2252 1605 2376 1640 Theod.

148 1654 223 1695 153,
248 1654 368 1686 Athan.
388 1654 440 1694 18,
460 1658 494 1691 7;
519 1653 706 1697 Anonymus
730 1652 938 1686 Bodleianus
962 1653 1004 1686 26
1029 1652 1119 1695 apud
1139 1651 1329 1687 Zachariae
1348 1646 1481 1684 Ἀνέκδ.
1499 1664 1536 1695 p.
1554 1652 1628 1686 222.

278 1796 308 1832 Ι.
353 1796 396 1832 Si
424 1795 513 1842 quid
542 1795 869 1842 iqitur,ltucusque
901 1793 951 1830 ad
978 1793 1226 1830 detrimentum
1257 1794 1312 1830 rei
1369 1794 1507 1830 ublicae
1535 1794 1676 1840 factum
1711 1798 1782 1836 est,
1817 1793 1887 1830 hoc
1922 1795 2066 1830 irritum
2095 1804 2174 1831 esse
2202 1795 2376 1838 iubemus,

143 1843 356 1884 sancientes,
388 1845 429 1877 ut
457 1840 496 1876 in
519 1844 711 1887 posterum
768 1839 923 1875 uaelibet
943 1849 1051 1875 sacra
1068 1840 1305 1891 praqmatica
1326 1805 1453 1885 fin-ma
1477 1839 1563 1882 (sive
1587 1839 1637 1875 ad
1658 1838 1893 1885 Auqustalem
1915 1839 1990 1875 sive
2013 1839 2063 1874 ad
2084 1839 2209 1875 ducem
2231 1839 2307 1876 sive
2327 1839 2378 1876 ad

144 1892 282 1924 ceteros
307 1886 583 1933 provinciarum
608 1886 735 1933 praesi
761 1896 799 1921 es
828 1895 949 1920 rerum
966 1884 1199 1931 publicarum
1223 1885 1377 1926 nomine,
1401 1885 1511 1920 sicuti
1532 1883 1665 1919 dictum
1687 1887 1754 1925 est,
1773 1884 1866 1929 fiat),
1891 1885 2037 1920 omnino
2060 1884 2194 1920 iudicio
2217 1884 2376 1921 sublimi-

146 1933 232 1969 tatis
263 1930 346 1968 tua'e
376 1932 590 1973 insinuetur,
621 1936 730 1977 atque
758 1932 808 1966 ita
831 1930 870 1965 in
886 1930 1101 1976 provincias
1123 1931 1288 1966 mittatur
1336 1929 1482 1975 raefixa
1505 1929 1638 1965 additis
1658 1929 1875 1982 praeceptis,
1899 1929 1952 1964 uti
1975 1928 2109 1964 dictum
2131 1932 2196 1975 est,
2217 1929 2376 1966 sublimi-

145 1979 230 2014 tatis
261 1981 355 2013 tuae.
403 1974 535 2022 Itaque
567 1986 811 2022 quaecumque
839 1986 968 2011 sacrae
993 1975 1139 2020 formae
1167 1978 1242 2011 non
1337 1975 1587 2011 detrimentum
1610 1985 1663 2010 ret
1679 1974 1850 2020 publicae
1869 1974 1975 2018 siunt,
1998 1984 2061 2010 eas
2083 1977 2120 2010 et
2139 1974 2319 2022 suscipias
2340 1978 2377 2011 ct

142 2022 358 2069 praemittas
386 2031 519 2068 praece
548 2023 604 2063 tis,
636 2025 744 2067 atque
770 2020 960 2056 mittantur
989 2031 1012 2055 a
1035 2020 1254 2056 sublimitate
1278 2025 1340 2056 tua
1361 2020 1400 2054 in
1420 2019 1640 2066 provincias,
1671 2023 1712 2055 ut
1734 2018 1784 2054 ad
1806 2018 1972 2065 effectum
1995 2018 2244 2061 adducantur‚·
2267 2029 2377 2065 quae-
2411 2063 2414 2066 ἢ

144 2078 295 2114 cumque
325 2073 444 2102 autem
475 2032 543 2102 af
554 2065 804 2103 detrimentum
834 2065 889 2101 rei
910 2064 1083 2111 publicae
1101 2076 1169 2112 per
1192 2065 1438 2112 obreptionem
1458 2065 1565 2109 fiunt,
1589 2063 1764 2100 eiusmodi
1787 2063 1930 2110 quidem
1952 2074 2079 2099 sacras
2098 2064 2243 2109 formas
2264 2063 2377 2100 susci-

136 2113 225 2160 piat
254 2112 456 2148 sublimitas
480 2115 552 2153 tua,
585 2122 700 2157 neque
726 2115 844 2146 tamen
867 2121 962 2156 quae
985 2111 1023 2146 in
1045 2110 1120 2146 illis
1142 2110 1372 2146 continentur
1393 2110 1525 2155 faciat,
1555 2109 1771 2156 priusquam
1794 2109 1844 2145 ad
1869 2118 1937 2144 nos
1958 2108 2148 2153 rettulerit,
2171 2112 2213 2145 ut
2233 2109 2268 2144 si
2289 2108 2379 2155 quid

142 2159 243 2204 forte
271 2156 321 2193 ad
350 2157 599 2193 detrimentum
625 2157 682 2192 rei
696 2155 869 2202 publicae
891 2156 1033 2201 factum
1056 2159 1121 2198 est,
1144 2155 1184 2191 id
1205 2154 1419 2192 emendetur.
1466 2153 1718 2200 Quaecumque
1741 2154 1854 2200 iqitur
1875 2163 1984 2189 sacra
2005 2153 2235 2199 praqmatica
2257 2155 2377 2195 forma

138 2203 370 2250 publicorum
390 2202 538 2239 nomine
558 2202 666 2248 facta
688 2200 768 2238 sedi
788 2200 1018 2238 sublimitatis
1042 2205 1126 2238 tuae
1148 2200 1334 2237 insinuata
1357 2211 1432 2236 non
1451 2200 1581 2246 fuerit,
1604 2210 1684 2236 eam
1703 2198 1804 2235 nullo
1829 2203 1988 2246 tempore
2009 2198 2128 2236 valere
2151 2198 2325 2235 volumus.

764 2414 866 2466 ΒΕ
905 2343 1338 2466 ΙΝΙῙἈΝΤΙῖῧέ
1379 2413 1758 2466 E'XPOSITIS.

698 2503 799 2541 Idem
823 2506 1008 2551 Auqustus
1032 2504 1137 2541 Eliae
1155 2504 1418 2551 qloriosissimo
1435 2504 1632 2552 praefecto
1658 2502 1811 2550 Illyrici.

279 2571 540 2618 Praefatio.
591 2571 731 2609 Crimen
758 2584 782 2608 a
812 2582 919 2608 sensu
948 2571 1104 2608 humano
1136 2572 1302 2613 alienum,
1336 2575 1372 2608 et
1393 2571 1494 2618 quod
1514 2582 1559 2607 ne
1582 2570 1626 2607 de
1649 2569 1815 2606 barbaris
1838 2569 1981 2616 quidem
2004 2569 2089 2605 ullis
2111 2569 2252 2617 referri
2267 2569 2377 2616 fidem

145 2617 269 2660 habet,
292 2618 460 2653 Andreas
488 2617 554 2653 deo
586 2618 795 2653 carissimus
821 2616 1011 2664 presbyter
1038 2621 1074 2653 et
1104 2616 1367 2664 apocrisiarius
1397 2617 1644 2652 sanctissimae
1675 2614 2041 2651 Thessalonicensium
2070 2615 2241 2652 ecclesiae
2274 2615 2378 2651 nobis

145 2663 335 2704 mmtiavit,
360 2673 437 2697 esse
461 2663 524 2708 qui
547 2663 710 2707 infantes
733 2673 783 2698 ex
805 2666 907 2698 utero
957 2662 1152 2698 rodeuntes
1173 2662 1295 2697 statim
1318 2662 1478 2698 abiciant
1499 2665 1535 2697 et
1556 2662 1595 2696 in
1610 2660 1746 2696 sanctis
1761 2659 1919 2695 ecclesiis
1933 2670 1994 2696 eos
2007 2659 2226 2706 relinquant,
2249 2659 2379 2696 deinde

145 2707 285 2742 eosdem
308 2712 506 2752 postquam
537 2719 560 2742 a
581 2707 655 2753 piis
678 2706 882 2743 hominibus
901 2719 921 2743 e
947 2707 1149 2743 ucationem
1172 2711 1207 2743 et
1229 2707 1400 2743 alimenta
1422 2706 1654 2753 impetrarint
1675 2704 1856 2741 vindicent
1882 2708 1919 2741 et
1939 2715 2062 2741 servos
2083 2714 2171 2741 suos
2193 2715 2270 2741 esse
2288 2715 2377 2752 pro-

145 2752 321 2793 nuntient,
353 2756 463 2797 atque.
491 2752 640 2798 cupiant
671 2763 761 2788 suae
792 2752 999 2788 crudelitati
1028 2751 1095 2788 lzoc
1127 2751 1272 2793 addere,
1304 2755 1344 2787 ut
1375 2762 1468 2798 quos
1495 2751 1534 2786 in
1556 2751 1647 2797 ipsis
1670 2750 1763 2787 vitae
1781 2748 1995 2797 primordiis
2017 2749 2126 2785 morti
2150 2749 2377 2792 tradiderint,

144 2807 207 2833 eos
238 2795 385 2831 adultos
413 2798 558 2842 privent
588 2796 763 2832 libertate.
810 2796 986 2840 Quoniam
1016 2797 1130 2850 iqitur
1157 2796 1333 2833 eiusmodi
1355 2796 1555 2843 indiqnitas
1577 2796 1690 2832 multa
1712 2794 1820 2830 simul
1841 2794 2088 2841 complectitur
2111 2795 2276 2837 crimina,
2299 2803 2378 2830 cae·

145 2841 223 2877 clem
255 2845 291 2876 et
321 2841 536 2876 calumniam
566 2845 601 2877 et
633 2852 878 2888 quaecumque
908 2843 991 2888 quis
1019 2853 1057 2877 m
1088 2841 1263 2878 eiusmodi
1293 2841 1458 2882 facinore
1483 2840 1599 2888 facile
1630 2840 1861 2882 recensuerit,
1897 2838 2087 2886 oportebat
2117 2849 2178 2876 eos
2201 2839 2266 2886 qui
2287 2838 2378 2876 haec

146 2887 235 2922 talia
267 2886 543 2927 committerent,
575 2886 768 2922 vindictam
799 2898 849 2922 ex
879 2886 1019 2932 leqibus
1047 2890 1220 2923 statutam
1251 2897 1325 2922 non
1349 2886 1528 2933 effuqere,
1554 2885 1620 2922 sed
1641 2896 1714 2931 quo
1738 2884 1848 2921 ceteri
1870 2884 2130 2920 moderatiores
2177 2887 2289 2926 erent,
2311 2893 2377 2920 ex·

146 2931 267 2967 tremis
294 2931 425 2977 poenis
454 2930 579 3009 ⁸illu-bici,
596 2931 746 3010 bquippe
778 2931 842 2977 qui
869 2942 939 2978 per
970 2931 1229 2979 impudentiam
1261 2931 1418 2968 actionis
1442 2942 1510 2967 sua
1531 2930 1604 2978 ipsi
1626 2929 1779 2967 crimina
1803 2928 2000 2975 deferrent.
2046 2927 2124 2973 Quo
2174 2927 2316 2975 quidem
2337 2928 2377 2964 in

143 2980 331 3022 posterum
357 2980 457 3010 custo
485 2986 529 3010 tre
555 2986 591 3010 iu
617 2986 724 3010 enms.

194 3125 209 3157 1
239 3123 341 3175 μέχρι
373 3121 437 3154 τοῦ
465 3120 530 3155 νῦν
554 3122 596 3162 L]
623 3134 681 3154 om.
708 3120 753 3153 M
780 3119 792 3163 11
825 3122 844 3153 2
867 3119 971 3172 θεῖον
996 3134 1053 3154 om.
1080 3122 1130 3154 La
1160 3120 1172 3165 11
1206 3123 1227 3175 1}

145 3166 670 3252 I‘lss'ssff‘fi'ssss‘sssstvllkffifi
695 3165 951 3255 11,τέαῇἶὲτῖῧέ
972 3164 1125 3243 ἒεῖἷέἶὶ
1135 3178 1226 3254 118ᾗῖ

146 3258 205 3298 M]
230 3257 261 3290 εἰ
283 3255 332 3300 μὴ
350 3258 381 3290 L
399 3257 412 3300 11
432 3259 470 3291 11
496 3258 619 3290 subscr.
645 3256 662 3287 ἐ
683 3254 861 3307 εφωνήθη
884 3256 970 3297 μηνὶ
994 3252 1225 3307 ἰουνίῳοὺπα-

146 3303 533 3380 ἷῗῖᾳαῗὲᾳὲἓεῖἶῖἕὲῗ
559 3302 787 3380 &effi-Ji}
808 3299 1226 3379 {ffif‘lssgiffflafflin'cffli

148 3371 311 3426 immerito·
326 3371 534 3435 adscriptum·
547 3393 633 3435 quod
652 3403 687 3435 p,
706 3391 771 3424 725
796 3390 927 3423 exhibui
948 3390 1007 3422 etsi
1030 3390 1063 3422 in
1078 3370 1227 3433 promptu

149 3444 196 3470 est
214 3439 337 3480 referre
363 3438 409 3470 ad
431 3450 501 3471 nov.
525 3443 702 3480 sequentem
722 3435 806 3469 CLI
816 3436 871 3478 (cf.
890 3435 935 3467 ad
952 3435 1027 3475 727,
1044 3435 1097 3476 1¹),
1123 3441 1225 3467 tamen

146 3484 201 3515 vix
230 3483 339 3516 dubito
370 3483 446 3524 quin
479 3483 526 3515 ad
555 3483 638 3515 hanc
672 3494 742 3515 nov.
771 3479 875 3514 CLII
889 3480 1069 3523 pertineat,
1101 3479 1158 3512 ubi
1189 3479 1228 3512 de

147 3528 312 3560 consulatu
337 3528 370 3560 in
397 3528 452 3560 illo
477 3527 597 3561 scholio
621 3532 858 3560 commemorato
884 3537 923 3558 ez·
945 3525 1018 3568 ipsa
1043 3524 1165 3557 codicis
1192 3523 1231 3556 M

145 3573 378 3615 subscriptione
404 3579 547 3612 constat‚·
573 3572 698 3605 accedit
721 3571 808 3614 quod
825 3581 893 3603 cum
918 3569 982 3603 hac
996 3569 1228 3612 subscriptione

136 3628 277 3673 facilius
294 3629 469 3661 conciliari
485 3635 593 3670 potest
616 3629 683 3662 diei
704 3634 781 3661 nota
806 3628 838 3661 in
862 3626 983 3660 scholio
1007 3631 1160 3669 corrupta
1182 3635 1228 3657 ua

1296 3133 1355 3164 καὶ
1380 3144 1422 3174 κη
1443 3132 1538 3174 (corr.
1564 3129 1642 3165 καλ.
1662 3130 1733 3163 iun.
1743 3130 1774 3171 Ὶ)
1820 3142 1892 3164 uam
1916 3141 1984 3164 cum
2008 3130 2061 3164 die
2086 3131 2119 3163 in
2142 3130 2377 3174 subscriptione

1297 3189 1368 3210 nov.
1397 3177 1481 3211 C'LI
1501 3182 1607 3209 notato
1632 3174 1735 3208 XVII
1759 3174 1802 3211 ka
1817 3199 1825 3207 .
1843 3198 1852 3208 .
1868 3176 1933 3219 ..11
1954 3176 1995 3210 13
2019 3173 2131 3219 νεαρὰ
2154 3172 2235 3219 ρμβ
2258 3176 2377 3210 citatur

1297 3222 1388 3265 apud
1410 3222 1516 3254 Anon.
1542 3220 1644 3253 Bodl.
1669 3227 1700 3253 et
1721 3219 1830 3263 ΑιΙι.11
1856 3221 1898 3254 14
1922 3222 2010 3253 rubr.
2035 3221 2124 3265 Περὶ
2147 3220 2377 3264 χαμευρετῶν

1298 3266 1418 3299 Themi.
1437 3265 1449 3309 11
1469 3267 1510 3299 15
1526 3260 1631 3306 Ἠλίᾳ
1646 3264 1721 3297 Atla-
1739 3265 1796 3308 (qs.
1816 3266 1862 3298 ad
1876 3266 1972 3299 inser.
1990 3277 2061 3299 nov.
2080 3265 2166 3299 CXI
2174 3278 2207 3309 p.
2226 3266 2303 3305 521,
2318 3266 2376 3306 12)]

1297 3310 1406 3352 Μηνᾶ
1431 3311 1504 3343 ML
1521 3309 1534 3354 11
1557 3310 1594 3342 16
1610 3308 1785 3365 γνώσεως
1805 3310 1924 3343 Theod.
1942 3309 1955 3353 11
1973 3307 2082 3343 *οὔτε
2099 3310 2170 3344 ML
2186 3309 2199 3355 11
2217 3311 2300 3355 περὶ
2315 3310 2375 3351 Μ]

1296 3374 1395 3421 παρὰ
1421 3377 1451 3409 L
1469 3375 1482 3420 11
1502 3378 1540 3411 17
1566 3354 1607 3408 ἀί
1643 3378 1663 3410 i.
1690 3389 1715 3410 e.
1739 3374 1842 3422 ἁγίας
1866 3377 1896 3410 L
1920 3377 1933 3421 11
1961 3378 2001 3412 18
2030 3374 2273 3423 προσήνεγκεν
2297 3377 2348 3410 L*
2364 3375 2378 3422 11

1296 3417 1614 3467 *ἀπορρίπτονται
1640 3422 1683 3454 M
1703 3417 1970 3466 ἄπορίπτονται
2001 3423 2082 3463 (sim.
2107 3423 2139 3456 in
2159 3423 2210 3464 ra)
2234 3422 2266 3455 L
2289 3420 2303 3465 11
2332 3422 2376 3456 20

1296 3462 1356 3500 οὓς
1380 3467 1438 3506 Μ]
1463 3458 1528 3500 οὖν
1552 3467 1594 3507 L,
1613 3466 1696 3500 τοὺς
1720 3467 1915 3501 Haloander
1930 3467 1943 3511 11
1962 3468 2002 3502 21
2025 3479 2124 3512 παρα
2148 3462 2329 3500 cimbrus
2343 3466 2376 3500 L

1295 3512 1307 3552 ΙΙ
1324 3512 1365 3545 23
1390 3509 1436 3544 τὰ
1458 3511 1610 3545 τοιαῦτα
1636 3512 1677 3553 L]
1702 3507 1796 3546 αύτὰ
1817 3512 1859 3546 Μ
1871 3511 1884 3556 11
1903 3508 2091 3557 διαφυγεῖν
2115 3512 2147 3545 L
2163 3511 2177 3555 11
2194 3512 2238 3546 24
2261 3510 2309 3545 εἰς
2329 3509 2374 3545 τὸ

1297 3556 1340 3596 L]
1365 3551 1460 3589 ὥστε
1484 3556 1528 3589 Μ
1551 3556 1563 3598 11
1587 3557 1630 3591 25
1655 3554 1963 3604 προσαγγέλοντας
1987 3557 2029 3599 L,
2053 3553 2377 3603 προςαγγίλλοντας

1299 3600 1521 3646 Ηαίοαηᾱεν11
1540 3600 1777 3646 θεσπίζωμεν
1800 3602 1847 3635 Μ
