2476 3854
124 60 232 105 Nov.
256 60 374 105 CXX
405 65 442 105 5.
475 65 500 105 6

124 167 259 214 αὐτῶν,
284 170 332 206 ais
347 173 378 206 εἰ
394 173 539 207 τοιοῦτό
555 187 591 207 τι
606 176 771 219 γένηται,
795 176 855 207 καὶ
877 174 986 208 τοῦτο
1009 172 1203 219 α’νίσχυρον

125 217 226 250 ἔσται
250 220 310 251 καὶ
333 219 457 253 πᾶσαν
480 218 546 261 τὴν
571 221 781 262 περιουσίαν
805 214 928 253 αὐτῶν
950 231 991 253 τε
1013 219 1091 253 τῶν
1115 218 1201 264 λαμ-

124 260 321 304 βανόντων
351 266 410 297 καὶ
434 264 510 298 τῶν
534 261 737 304 οἰκονόμων
767 266 828 297 καὶ
850 262 1119 310 χαρτουλαρίων
1142 266 1203 298 καὶ

125 304 327 351 διοικητῶν,
352 307 403 342 οἷς
425 308 518 342 κατὰ
541 307 606 342 τὸν
629 309 815 364 εἰρημένον
836 308 976 353 τρόπον
999 309 1202 344 συνάπτον·

124 365 195 393 ται,
219 354 267 387 εἰς
286 353 351 387 τὸν
367 351 474 399 εὐαγῆ
499 353 597 386 οἷκον
621 352 660 393 ἐξ
683 366 725 388 ου
750 353 792 388 τὸ
811 355 962 399 πρᾶγμα
977 350 1202 398 λαμβάνουσι

123 396 214 436 μετὰ
237 397 305 442 τὴν
328 395 450 432 αὐτῶν
473 397 639 441 τελευτὴν
663 397 871 445 περιελθεῖν
894 397 1092 444 κελεύομεν.

1193 59 1278 107 582

1952 76 2013 108 DE
2039 75 2342 112 flnmwnonn

1269 173 1354 219 quid
1376 173 1456 217 fiat,
1487 176 1524 210 et
1546 173 1615 212 hoe
1637 175 1829 212 invalidum
1852 174 1920 212 erit
1949 176 1985 212 et
2016 185 2154 212 omnem
2175 177 2342 214 substan·

1270 219 1356 254 tiam
1383 220 1457 254 tam
1489 229 1611 256 eorum
1641 221 1703 266 qui
1733 220 1914 265 accipiunt
1943 230 2049 266 quam
2071 230 2344 259 oeconomorum

1269 268 1304 298 et
1329 263 1600 316 cartulariorum
1631 269 1667 302 et
1694 266 1958 308 ordinatorum,
1990 266 2119 311 quibus
2150 267 2345 305 secundm

1269 309 1491 354 praedictum
1521 311 1663 346 modum
1699 311 1879 347 coniuncti
1909 313 2010 355 sunt,
2043 310 2081 348 in
2110 312 2344 349 venerabilem

1237 358 1257 391 5
1270 355 1429 406 domuin,
1461 354 1505 390 de
1528 365 1598 400 qua.
1621 366 1696 392 rem
1718 356 1917 402 accipiunt,
1948 358 2034 401 post
2055 356 2192 393 obitum
2223 367 2344 395 eorum

1269 409 1453 445 pervenire
1475 399 1652 438 iubemus.

1109 510 1265 548 CAPUT
1291 510 1351 547 VI.

192 580 264 610 Καὶ
288 578 404 611 ταῦτα
426 579 494 621 μὲν
514 579 574 613 ἐπὶ
597 579 659 621 τῆς
683 574 886 624 ἁγιωτάτης
906 577 1059 626 μεγάλης
1081 577 1200 622 ἐκκλη-

123 627 200 656 σίας
233 625 293 655 καὶ
327 624 404 657 τῶν
432 624 629 668 εἰρημένων
660 619 801 669 εὗαγῶν
831 622 942 658 οἴκων
976 625 1055 660 τῶν
1086 626 1126 658 ἐν
1155 626 1201 672 τῇ

122 665 282 711 βασιλίδι
307 666 411 702 πόλει
434 671 494 702 καὶ
517 669 561 711 τῆ
587 665 694 711 αὐτῆς
723 667 913 703 πεοιοικίδι
943 670 1201 716 τυγχανόντων

1335 578 1385 614 Et
1407 579 1497 615 haee
1520 579 1662 625 quidem
1683 590 1792 625 super
1813 580 1871 617 his
1898 591 1991 626 quae
2013 583 2098 617 sunt
2120 579 2264 617 maioris
2286 590 2345 617 ee-

1269 623 1399 660 clesiae
1433 626 1469 659 et
1502 625 1766 670 praedictarum
1801 625 2052 662 venerabilium
2087 625 2272 662 domorum
2306 625 2345 662 in

1269 669 1365 713 regia
1398 669 1540 706 civitate
1571 674 1608 705 et
1637 670 1713 706 eius
1744 670 1895 706 circuitu
1925 671 2193 707 adhaerentium
2223 671 2344 716 dispo-

124 711 406 756 διετυπώσαμεν.
466 714 525 748 ἐπὶ
541 704 597 747 ’δὲ
628 716 705 748 ταῖς
738 701 861 748 ἄλλαις
896 710 1115 761 ἁγιωτάταις
1146 716 1200 749 ἐκ·
1218 717 1255 748 10
1270 714 1416 750 suimus.
1461 714 1504 750 In
1527 714 1606 751 aliis
1629 725 1712 752 vero
1729 715 1964 752 sanctissimis
1986 716 2146 752 ecclesiis
2168 719 2205 752 et
2220 726 2343 752 mona-

122 756 281 801 κλησιάις
304 761 364 791 καὶ
378 761 631 804 μοναστηρίοις
654 762 714 792 καὶ
733 758 863 799 ξενῶσι
887 762 947 793 καὶ
962 764 1202 804 νοσοκομείοις

122 806 182 836 καὶ
206 801 340 836 λοιποῖς
371 800 537 849 εὖαγέσιν
568 804 674 837 οἴκοις
703 807 775 837 τοῖς
798 806 837 837 ἐν
859 802 1017 840 ἁπάσαις
1040 808 1116 839 ταῖς
1140 807 1199 840 ἐπ-

123 852 259 892 αρχίαις
282 849 343 890 τῆς
363 846 531 893 ἡμετέρας
552 848 732 883 πολιτείας
751 852 939 894 κειμένοις,
959 847 1001 884 οὗ
1020 850 1092 894 μὴν
1112 847 1200 884 ἀλλὰ

1270 759 1388 813 etesiis
1405 762 1441 794 et
1455 760 1686 796 xenodochiis
1705 764 1740 795 et
1755 761 1968 796 nosocomiis
1992 771 2057 797 seu
2075 761 2220 813 reliquis
2239 771 2343 797 vene·

1269 805 1442 840 rabilibus
1459 804 1621 841 domibus
1642 815 1735 851 quae
1752 805 1790 841 in
1806 806 1968 841 omnibus
1987 805 2180 851 provinciis
2200 810 2345 842 nostrae

1269 850 1487 903 reipublicae
1510 851 1647 895 positae
1667 854 1760 894 sunt,
1785 861 1905 887 verum
1922 852 2028 886 etiam
2051 851 2346 887 monasteriorum

122 896 182 926 καὶ
205 897 456 938 μοναστηρίοις
481 896 520 927 ἐν
543 895 587 940 τῇ
612 892 774 938 βασιλίδι
806 892 911 929 πόλει
940 899 1000 929 καὶ
1023 908 1068 942 τῃ
1093 892 1202 938 αὐτῆς
1268 905 1306 931 ln
1330 895 1425 939 regia
1449 895 1590 931 civitate
1621 897 1658 931 et
1680 896 1756 931 eius
1788 896 1939 931 circuitu
1969 895 2236 933 adhaerentium
2258 906 2343 932 con-

123 936 312 983 περιοικίδι
326 938 564 984 τυγχάνουσιν
582 936 794 974 ἀκολούθως
810 937 965 984 διορίσαι
981 939 1199 996 συνείδομεν.
1217 943 1256 974 15
1269 944 1458 984 sequenter
1482 940 1630 976 definire
1651 941 1900 986 praevidimus.

122 986 139 1018 l
192 981 335 1018 Ἀδειαν
354 988 478 1018 τοίνυν
499 982 645 1029 δίδομεν
663 988 736 1018 τοῖς
756 986 950 1028 εἰρημένοις
969 982 1033 1019 εὗα
1056 989 1133 1021 ἐσιν
1153 999 1198 1020 οι,

122 1039 194 1062 κοις
217 1028 265 1071 μὴ
287 1029 402 1071 μόνον
426 1029 641 1075 πρόςκαιρον
665 1029 880 1076 ἑμφύτευσιν
905 1034 1022 1065 ποιεῖσ
1056 1044 1092 1065 αι
1125 1032 1202 1066 τῶν

123 1070 306 1116 ἀκινήτων
337 1072 564 1121 πραγμάτων
589 1076 666 1109 τῶν
692 1072 811 1110 αὐτοῖς
826 1075 1094 1121 προςηκόντων,
1112 1073 1202 1111 ἀλλὰ

122 1123 182 1152 καὶ
207 1118 377 1162 διηνεκῶς
407 1121 525 1154 ταῦτα
549 1119 953 1175 ἐμφυτευτιιιῷβικαιέρ
970 1125 1055 1168 ,τοῖς
1076 1120 1200 1166 βουλο->

1269 988 1291 1022 1
1339 985 1536 1021 Licentiam
1565 986 1673 1030 igitur
1703 986 1848 1031 damus,
1860 985 2054 1031 praedictis
2085 985 2345 1022 venerabilibus

1269 1030 1432 1066 domibus
1464 1042 1536 1066 non
1565 1031 1679 1066 solum
1710 1032 1757 1067 ad
1781 1034 1922 1076 tempus
1951 1031 2195 1077 emphyteosin
2225 1030 2347 1067 faeere

1269 1076 1500 1111 immobilium
1528 1086 1647 1112 rerum
1677 1077 1745 1113 sibi
1767 1076 2059 1121 competentium,
2088 1076 2153 1112 sed
2285 1080 2346 1112 tue

1270 1122 1356 1156 haec
1381 1122 1640 1167 emphyteotieo
1670 1122 1748 1158 iure
1778 1122 1977 1158 volentibus
2005 1121 2093 1158 dari.
2141 1121 2192 1156 Et
2214 1131 2246 1157 ει
2268 1121 2344 1166 qui·

121 1166 240 1209 μένοις
272 1162 425 1199 διδόναι.
474 1167 533 1198 καὶ
564 1167 595 1199 εἰ
626 1167 693 1209 μὲν
708 1179 926 1220 ἶαγιωταται
956 1169 1048 1201 οὖσιν
1079 1166 1200 1210 ἐκκλη-
1215 1169 1256 1200 20
1270 1166 1349 1202 dem
1372 1166 1619 1204 sanctissimae
1642 1167 1713 1204 Sint
1736 1167 1909 1203 ecelesiae
1936 1166 1991 1202 vel
2014 1166 2108 1202 aliae
2125 1166 2345 1203 venerabiles

123 1214 199 1244 σιάι
224 1208 245 1253 ἢ
269 1212 384 1255 ἕτεροι
407 1207 540 1257 εὐαγεῖς
563 1211 669 1252 οἶκοι,
693 1225 748 1245 ων
770 1210 839 1255 τὴν
863 1209 1040 1254 διοίκησιν
1064 1209 1084 1245 ὁ
1108 1212 1201 1247 κατὰ

122 1253 239 1289 τόπον
269 1254 468 1290 ὁσιώτατος
497 1257 688 1290 ἐπίσκοπος
719 1254 742 1299 ἢ
772 1253 823 1290 δι’
850 1257 977 1310 ἑαυτοῦ
1004 1255 1027 1300 ἢ
1051 1254 1112 1292 διὰ
1136 1259 1200 1291 τοῦ

1271 1212 1406 1255 domus,
1432 1222 1583 1256 quarum
1605 1212 1897 1257 gubernationem
1920 1212 1991 1248 loci
2011 1212 2256 1248 sanctissimus
2271 1211 2345 1257 epi·

1271 1267 1402 1302 seopus
1426 1261 1490 1292 aut
1513 1268 1577 1302 per
1600 1267 1640 1294 se
1662 1262 1725 1293 aut
1748 1267 1813 1303 per
1832 1257 2068 1293 venerabilem
2090 1257 2224 1292 clerum
2245 1256 2345 1300 fauit,

123 1297 269 1347 εὐαγοῦς
300 1298 410 1335 αὐτοῦ
440 1300 569 1346 κλήρου
594 1305 769 1346 ποιεῖται,
800 1315 893 1336 κατα
915 1302 1066 1348 γνώμην
1090 1300 1201 1337 αὐτοῦ
1272 1312 1353 1337 cum
1384 1302 1568 1338 voluntate
1601 1313 1724 1338 eorum
1755 1306 1791 1338 et
1820 1313 1999 1339 consensu
2032 1302 2111 1338 fieri
2144 1301 2348 1338 huiusmodi

122 1349 182 1379 καὶ
203 1349 409 1381 συναίνεσιν
431 1347 603 1392 γίνεσθαι
627 1346 670 1381 τὸ
689 1347 854 1382 τοιοῦτον
872 1346 1113 1394 συνάλλαγμα,
1138 1344 1201 1392 ὂμ-
1272 1350 1513 1392 contractum,
1549 1348 1749 1384 iurantibus
1780 1353 1968 1392 praesente
2002 1358 2045 1383 eo
2080 1347 2281 1384 oeconomi!
2309 1349 2348 1383 et

122 1388 268 1426 νύντων
292 1390 473 1436 παρόντος
502 1388 614 1426 αὐτοῦ
645 1393 722 1427 τῶν
745 1389 947 1436 οἰκονόμων
978 1396 1038 1427 καὶ
1071 1391 1202 1435 διοικη-
1215 1395 1256 1427 25
1270 1393 1616 1428 administratoribus
1639 1397 1676 1429 et
1691 1393 1892 1429 cartulariis
1913 1393 2028 1438 ipsius
2049 1391 2262 1429 venerabilis
2283 1391 2346 1428 do-

122 1438 199 1471 τῶν
214 1439 275 1470 καὶ
293 1435 564 1484 χαρτουλαρίων
588 1438 650 1472 τοῦ
667 1434 776 1472 αὐτοῦ
797 1434 945 1484 εὖαγοῦς
968 1438 1076 1479 οἴκου,
1096 1436 1144 1472 ὥς
1163 1439 1202 1472 ἐκ
1269 1449 1360 1480 mus,
1392 1438 1488 1483 quod
1518 1449 1562 1473 ex
1593 1440 1662 1474 hac
1686 1439 1789 1484 emph
1814 1438 1905 1474 teosi
1934 1438 2070 1474 nullum
2098 1438 2266 1473 damnum
2294 1437 2346 1473 fli-

122 1481 252 1525 ταύτης
281 1483 343 1526 τῆς
363 1479 611 1527 ἐμφυτεύσεως
633 1479 781 1526 οὐδεμία
805 1484 912 1526 ζημία
942 1485 997 1526 τῷ
1021 1480 1120 1526 αὐτῷ
1145 1482 1200 1518 εὐ-
1270 1483 1349 1518 dem
1378 1483 1569 1519 venerabili
1598 1484 1719 1519 domui
1743 1485 1781 1519 in
1797 1488 1911 1527 ertum
1947 1483 1979 1520 si
2000 1493 2085 1520 vero
2113 1482 2260 1529 ptochia
2282 1484 2347 1519 ant

124 1530 202 1572 αγεῖ
224 1527 310 1571 οἴκῳ
335 1528 525 1573 ἐπάγεται·
562 1529 592 1561 εἰ
617 1526 656 1562 δὲ
679 1531 839 1575 πτωχςῖα
870 1526 893 1572 ἢ
917 1528 1066 1568 ξενῶνες
1095 1526 1119 1572 ἢ
1141 1541 1201 1564 νο·
1269 1538 1424 1564 xenones
1455 1531 1518 1564 aut
1541 1529 1747 1565 nosocomia.
1775 1533 1839 1565 aut
1861 1529 1925 1565 reli
1950 1539 2018 1565 une
2039 1528 2260 1565 venerabile·
2281 1527 2345 1564 do-

123 1575 290 1617 σοκομεῖα
321 1570 345 1616 ἢ
368 1574 493 1626 ἕτεροιε
506 1570 641 1620 εὐαγεῖς
664 1573 755 1607 οἴκοι
779 1576 871 1607 αἷσιν
902 1571 1000 1608 ἰδίαν
1024 1571 1200 1618 διοίκησιν
1269 1584 1348 1609 mus
1384 1574 1456 1610 sint
1490 1575 1671 1619 propriam
1708 1574 2050 1611 administrationem
2086 1574 2281 1617 habentes,
2313 1572 2348 1612 Sl

124 1618 278 1660 ἔχοντες,
314 1618 345 1652 εἰ
375 1619 442 1661 μὲν
471 1622 590 1664 αγίους
618 1615 817 1664 εἰκτηρίους
846 1618 961 1654 οἴκους
991 1619 1086 1654 εἶναι
1115 1632 1199 1663 συμ·
1213 1622 1256 1655 30
1270 1619 1411 1664 quidem
1433 1619 1649 1655 venerabilia
1671 1621 1827 1656 oratoria
1850 1629 1930 1656 esse
1952 1620 2156 1664 contigerit,
2180 1628 2262 1655 cum
2283 1628 2345 1654 vo-

122 1666 221 1707 βαίη,
253 1663 345 1697 κατὰ
368 1660 520 1709 γνώμην
549 1664 615 1698 τοῦ
639 1663 802 1698 πλείονος
830 1667 877 1707 με’
897 1676 954 1698 ους
982 1665 1061 1699 τῶν
1092 1666 1203 1699 ἐκεῖσε
1269 1664 1408 1700 luntate
1430 1665 1576 1700 maioris
1595 1665 1707 1710 partis
1728 1666 1859 1702 ibidem
1873 1665 2100 1701 adorantium
2123 1664 2344 1708 clericorum,

124 1706 428 1754 λειτουργούντων
452 1708 639 1754 κληρικῶν,
663 1707 705 1742 οὐ
729 1709 802 1753 μὴν
826 1706 870 1743 ἀλ
893 1709 917 1743 ὰ
940 1712 1000 1744 καὶ
1022 1710 1086 1744 τοῦ
1110 1710 1202 1744 οἰκο-
1269 1719 1335 1745 nec
1359 1720 1430 1745 non
1461 1713 1498 1745 et
1520 1710 1723 1754 oeconomi,
1754 1711 1787 1746 si
1808 1720 1892 1747 vero
1921 1721 2041 1746 xenon
2069 1713 2134 1747 aut
2163 1708 2347 1755 ptochium

122 1752 256 1798 νόμου,
280 1755 311 1788 εἰ
328 1752 367 1788 δὲ
384 1753 500 1794 ξενών
523 1753 545 1798 ἢ
560 1757 739 1797 πτωχιῖον
762 1752 786 1797 ἢ
801 1757 1034 1798 νοσοκομεῖον
1049 1751 1072 1797 ἢ
1088 1756 1205 1800 ἕτερος
1272 1757 1337 1791 aut
1358 1755 1602 1791 nosocomium
1625 1758 1690 1791 aut
1707 1755 1778 1792 alia
1795 1756 1843 1792 sit
1856 1755 2068 1792 venerabilis
2090 1755 2227 1798 domus,
2248 1754 2346 1801 apud

191 1858 219 1879 c.
241 1845 294 1879 VI
308 1858 361 1888 pr.
386 1846 442 1888 (10
464 1842 547 1879 Ἐπὶ
568 1848 645 1879 ταῖς
668 1843 794 1880 ἄλλαις
806 1871 904 1879 .....
907 1847 920 1888 )
943 1853 973 1880 et
997 1845 1049 1888 §1
1071 1853 1180 1880 extant
1195 1847 1245 1880 13⁸
1266 1848 1302 1879 E
1318 1848 1367 1881 11.
1382 1854 1410 1888 5,
1433 1846 1455 1890 5
1469 1846 1559 1888 2(—
1571 1847 1648 1884 583,
1662 1853 1695 1880 19
1721 1844 2055 1891 παρακελευόμεθα)
2079 1848 2121 1880 io.
2138 1847 2159 1880 6
2183 1852 2273 1887 extr„
2294 1857 2344 1880 u-

124 1892 283 1934 quentium
307 1903 407 1933 usque
432 1893 477 1924 ad
489 1893 593 1933 finem
618 1891 640 1935 ξ
655 1892 680 1925 ’2
704 1903 826 1926 summa
850 1892 926 1925 ib.6
945 1892 988 1926 in.
1014 1910 1057 1915 --
1080 1891 1103 1935 5
1117 1894 1133 1926 1
1150 1894 1212 1925 et2
1232 1893 1276 1926 in.
1300 1888 1458 1933 (Ἄδειαν
1479 1893 1604 1925 τοίνυν
1629 1888 1775 1935 δίδομεν
1797 1893 1871 1925 τοῖς
1893 1888 2055 1937 εὖαγέσιν
2078 1889 2186 1925 οἴκοις
2206 1892 2282 1925 τοῖς
2302 1891 2346 1924 ἐν

123 1932 283 1970 ἁπάσαις
306 1938 383 1969 ταῖς
406 1937 591 1980 ἐπαρχίαις
613 1936 675 1978 τῆς
696 1933 867 1981 ἡμετέρας
891 1933 1072 1970 πολιτείας
1094 1938 1282 1991 κειμένοις,
1306 1933 1347 1970 οὗ
1365 1935 1439 1980 μὴν
1458 1933 1549 1970 ἀλλὰ
1573 1939 1634 1970 καὶ
1655 1939 1905 1981 μοναστηρίοις
1928 1937 1968 1970 ἐν
1989 1936 2035 1982 τῇ
2057 1933 2219 1980 βασιλίδι
2241 1931 2345 1971 πόλει

123 1984 183 2015 καὶ
205 1981 250 2026 τῇ
272 1977 381 2024 αὐτῆς
400 1979 592 2025 περιοικίδι
615 1981 664 2024 μὴ
686 1980 802 2025 μόνον
825 1980 1038 2026 πρόςκαιρον
1062 1982 1277 2028 ἐμφυτευσιν
1300 2001 1345 2006 -
1369 1983 1444 2024 583,
1458 1990 1489 2016 15
1515 1978 1707 2026 διδόμενον
1730 1982 1890 2027 πρᾶγμα)
1917 1984 2041 2026 passim
2071 1988 2210 2017 mutatas
2240 1989 2270 2015 et
2292 1983 2344 2015 de·

123 2034 268 2061 curtatas
293 2028 388 2060 habet
416 2028 495 2060 Con.
513 2028 554 2061 87
579 2039 650 2071 cap.
669 2029 709 2060 14
732 2028 820 2068 (inde
846 2040 923 2070 app.
938 2028 1072 2061 Nomoc.
1090 2029 1155 2070 12),
1180 2028 1351 2061 earundem
1374 2029 1577 2060 summarium
1602 2027 1750 2071 Epitome
1774 2029 1806 2068 7,
1818 2035 1854 2061 40
1874 2040 1909 2072 p.
1924 2028 1989 2061 328
2002 2027 2129 2068 Zach.).

123 2116 299 2153 eiusmodi
319 2117 462 2162 factum
485 2117 543 2158 sit,
568 2120 604 2152 et
626 2115 696 2152 hoc
718 2116 863 2151 irritum
884 2115 972 2161 fore
994 2121 1028 2152 et
1053 2126 1191 2151 omnem
1213 2115 1449 2152 substantiam
1472 2126 1551 2151 cum
1575 2126 1699 2152 eorum
1724 2116 1787 2162 qui
1810 2116 2014 2163 acceperint
2038 2120 2111 2151 tum
2135 2125 2345 2152 oeconomo-

121 2173 202 2197 rum
226 2167 262 2197 et
284 2161 589 2198 chartulariorum
611 2165 647 2196 et
669 2160 1022 2203 administratorum,
1045 2162 1174 2207 quibus
1195 2160 1389 2197 secundum
1410 2161 1637 2208 praedictum
1659 2161 1803 2197 modum
1827 2162 2107 2208 coanimantur,
2131 2159 2181 2197 ad
2198 2171 2346 2198 venera-

123 2207 227 2243 bitem
250 2206 393 2242 domum
416 2218 466 2242 ex
490 2218 563 2252 qua
586 2218 662 2242 rem
685 2210 903 2253 acceperunt
920 2211 1009 2258 post
1033 2211 1181 2242 mortem
1202 2217 1328 2242 eorum
1345 2207 1538 2254 pervenire
1560 2216 1629 2242 nos
1651 2206 1782 2242 iubere.

258 2252 319 2287 VI.
367 2250 418 2288 Et
433 2252 523 2288 haec
539 2251 681 2298 quidem
700 2251 744 2287 de
760 2251 989 2287 sanctissima
1012 2251 1150 2288 maiore
1169 2251 1320 2287 ecclesia
1341 2257 1376 2288 et
1393 2251 1595 2298 praedictis
1618 2251 1877 2288 venerabilibus
1900 2250 2062 2287 domibus
2081 2261 2175 2298 quae
2189 2250 2228 2286 in
2243 2250 2346 2298 reyia

123 2298 266 2343 civitate
296 2297 352 2334 vel
382 2297 459 2333 eius
489 2297 673 2333 territorio
703 2300 787 2332 sunt
818 2297 1078 2333 constituimus.
1126 2295 1173 2332 In
1203 2296 1354 2344 reliquis
1384 2304 1503 2332 autem
1530 2296 1766 2332 sanctissimis
1797 2295 1955 2332 ecclesiis
1988 2299 2024 2332 et
2053 2295 2281 2332 monasteriis
2311 2300 2346 2333 et

122 2342 326 2379 xenonibus
357 2348 392 2378 et
415 2343 631 2379 nosocomiis
660 2347 695 2378 et
716 2342 844 2378 ceteris
868 2341 1129 2378 venerabilibus
1151 2341 1315 2378 domibus
1344 2353 1439 2389 quae
1468 2341 1508 2376 in
1532 2341 1694 2378 omnibus
1724 2345 1872 2378 nostrae
1902 2340 2121 2388 reipublicae
2198 2340 2347 2380 ovinciis

122 2390 213 2424 sitae
236 2392 332 2430 sunt,
362 2399 425 2424 nec
449 2399 522 2423 non
546 2387 774 2423 monasteriis
804 2398 899 2432 quae
928 2387 967 2421 in
990 2387 1092 2434 reqia
1116 2387 1258 2423 civitate
1288 2391 1324 2423 et
1347 2387 1533 2424 territorio
1556 2387 1633 2422 eius
1654 2390 1757 2429 sunt,
1790 2390 2049 2433 consequenter
2075 2384 2119 2423 de
2147 2385 2226 2423 nire
2246 2386 2347 2422 nobis

123 2436 146 2470 1
187 2434 341 2480 placuit.
419 2433 642 2468 Facultatem
658 2433 772 2480 iyitur
785 2437 1019 2479 praestamus
1037 2431 1235 2479 praedictis
1256 2431 1517 2468 venerabilibus
1533 2431 1696 2468 domibus
1711 2442 1783 2467 non
1798 2431 1915 2467 solum
1932 2432 2186 2478 temporariam
2201 2431 2347 2479 emphy-

125 2478 240 2514 teusin
263 2489 383 2514 rerum
407 2478 638 2514 immobilium
669 2488 762 2524 quae
785 2476 835 2512 ad
855 2487 918 2513 eas
938 2477 1121 2529 pertinent
1140 2477 1324 2522 faciendi,
1354 2476 1419 2515 sed
1441 2477 1549 2513 etiam
1575 2481 1756 2524 perpetuo
1786 2477 1870 2512 illas
1892 2475 2153 2524 emphyteutico
2183 2476 2264 2517 iure
2285 2487 2346 2514 vo-

125 2523 276 2559 lentibus
302 2523 478 2558 tradendi.
527 2522 576 2558 Et
597 2523 630 2557 si
653 2522 795 2569 quidem
826 2523 1076 2558 sanctissimae
1106 2522 1278 2558 ecclesiae
1305 2522 1379 2559 sint
1408 2521 1466 2558 vel
1488 2522 1585 2558 aliae
1608 2521 1827 2558 venerabiles
1849 2521 1986 2564 domus,
2018 2532 2173 2568 quarum
2195 2520 2346 2560 admini-

123 2569 335 2604 strationem
358 2568 605 2604 sanctissimus
628 2570 704 2604 eius
724 2567 796 2603 Ioci
814 2567 1007 2614 episcopus
1026 2568 1082 2603 vel
1124 2579 1164 2604 er
1178 2578 1217 2603 se
1237 2567 1293 2603 vel
1305 2578 1377 2614 per
1393 2566 1628 2604 venerabilem
1647 2567 1725 2603 eius
1741 2566 1875 2603 clerum
1888 2572 2044 2609 exercet,
2068 2567 2145 2602 eius
2163 2566 2347 2609 voluntate

124 2618 159 2649 et
182 2624 356 2648 consensu
381 2613 583 2648 huiusmodi
607 2617 816 2649 contractus
835 2612 922 2658 fiat,
955 2613 1094 2649 iuranti
1115 2623 1159 2648 us
1188 2624 1231 2649 eo
1259 2618 1451 2660 praesente
1473 2612 1676 2648 oeconomis
1705 2615 1741 2649 et
1763 2611 2115 2648 administratoribus
2145 2615 2180 2648 et
2202 2611 2346 2656 chartu-

125 2658 227 2693 lariis
258 2658 415 2693 eiusdem
445 2658 657 2694 venerabilis
687 2657 829 2703 domus,
864 2657 1003 2694 nullum
1032 2657 1202 2694 damnum
1236 2669 1286 2695 ex
1320 2657 1389 2693 hac
1412 2656 1636 2704 emphyteusi
1665 2656 1778 2693 eidem
1813 2656 2010 2694 venerabili
2037 2656 2160 2693 domui
2193 2657 2345 2710 afferri.

124 2702 261 2783 {hodsi
283 2702 436 2749 ptochia
466 2703 522 2739 vet
548 2714 713 2739 xenones
743 2703 800 2739 vel
826 2703 1036 2739 nosocomia
1067 2703 1124 2739 vel
1153 2703 1248 2739 aliae
1277 2702 1497 2741 venerabiles
1527 2702 1655 2738 domus
1677 2702 1751 2738 sint
1775 2702 1972 2750 propriam
2001 2700 2347 2741 administrationem

149 2748 305 2789 abentes,
335 2749 368 2783 si
391 2748 533 2793 quidem
555 2749 655 2794 forte
677 2753 826 2784 sanctae
847 2748 976 2784 domus
1000 2748 1185 2785 oratoriae
1207 2748 1290 2792 sint,
1321 2747 1507 2784 voluntate
1529 2748 1678 2783 maioris
1697 2748 1822 2795 partis
1844 2747 2057 2785 clericorum
2114 2747 2152 2783 ui
2174 2746 2225 2782 ibi
2245 2746 2347 2783 mini·

124 2793 235 2828 steria
260 2794 399 2834 obeunt,
423 2804 488 2828 neo
510 2804 582 2828 non
606 2795 807 2835 oeconomi,
830 2794 887 2829 sin
911 2804 1035 2829 xenon
1056 2793 1112 2830 vel
1129 2792 1316 2840 ptochium
1338 2792 1395 2828 vel
1414 2792 1660 2828 nosocomium
1683 2791 1739 2829 vel
1761 2793 1835 2828 alia
1856 2793 1905 2828 sit
1926 2792 2089 2829 venerabi
2105 2792 2137 2827 is
2155 2791 2292 2835 domus,
2315 2791 2347 2828 is

173 2886 189 2919 1
217 2878 339 2916 αὐτῶν
363 2896 421 2916 οηι.
436 2882 553 2916 Proch.
570 2882 582 2926 ΙΙ
600 2882 635 2915 εἴ
649 2895 686 2916 τι
705 2883 872 2917 τοιοῦτον
893 2884 1154 2925 CNomoc.m10‚
1168 2893 1176 2918 1
1193 2883 1205 2927 Η

125 2926 314 2975 γενήσεται
339 2928 374 2961 Β
390 2928 402 2970 ΙΙ
430 2929 449 2961 2
474 2928 567 2960 ἔστω
594 2928 709 2961 Proeh.
721 2931 868 2971 plerique
885 2929 897 2971 ΙΙ
915 2925 1038 2963 αὐτῶν
1063 2942 1120 2962 om.
1135 2929 1204 2962 No-

126 2974 222 3009 moc-d
239 2972 343 3017 &1311
361 2984 401 3006 τε
424 2973 513 3013 τῶν]
536 2972 614 3006 τῶν
636 2984 676 3005 τε
702 2974 735 3006 Β
751 2973 763 3017 ss
783 2975 802 3006 3
826 2976 886 3006 καὶ
910 2974 987 3007 τῶν
1009 2972 1203 3018 χαρτουλα-

126 3023 218 3065 ρίων
245 3019 312 3053 Cv.
328 3019 348 3051 l.
366 3018 379 3061 ΙΙ
409 3020 426 3051 7
452 3018 512 3052 ἐπὶ
536 3018 609 3059 τῆς]
635 3028 734 3059 super
758 3018 810 3050 his
834 3029 918 3060 quae
941 3023 1019 3051 sunt
1041 3020 1076 3060 (i.
1091 3032 1116 3053 e.
1144 3020 1204 3053 ἐπὶ

125 3067 198 3099 τοῖς
207 3065 236 3105 ⁸3)
250 3076 268 3099 ς
282 3065 295 3102 ll
314 3060 517 3109 ἁγιωτάτης
533 3075 591 3095 om.
602 3074 631 3102 ς,
647 3060 800 3107 μεγάλης
816 3076 873 3096 om.
888 3064 917 3097 C
926 3077 954 3097 v.
966 3064 986 3096 I.
1005 3064 1018 3107 ss
1037 3066 1078 3098 10
1094 3059 1203 3109 ἁγιω-

125 3106 263 3150 τάταις]
288 3104 508 3154 ἁγιωτάταις
530 3104 698 3153 μεγάλαις
725 3108 793 3141 Cv.
809 3109 828 3141 l.
846 3109 858 3150 ΙΙ
886 3110 923 3143 11
949 3111 1203 3153 μοναστηρίων

127 3156 189 3189 Ma
207 3156 219 3198 ΙΙ
242 3156 280 3188 12
304 3156 375 3194 καὶ]
401 3164 457 3186 seu
478 3165 497 3189 ς
513 3153 526 3196 ΙΙ
547 3155 588 3187 16
607 3152 800 3197 εἰρημένοις
824 3166 882 3186 om.
901 3154 1021 3187 Goon.
1037 3155 1078 3187 87
1095 3166 1167 3197 cap.
1193 3152 1204 3197 ΙΙ

128 3203 167 3234 17
193 3198 393 3240 ποιεῖσθαι]
417 3197 592 3244 γενέσθαι
613 3198 657 3231 M
676 3200 688 3238 ΙΙ
722 3199 761 3232 19
785 3199 844 3230 καὶ
868 3211 924 3230 om.
940 3210 959 3234 ς
981 3198 993 3242 ΙΙ
1024 3199 1061 3232 21
1089 3199 1204 3242 ἕτεροι

126 3259 183 3279 om.
195 3246 246 3278 Β(
261 3246 273 3288 ss
293 3246 335 3278 22
353 3241 553 3289 ἁγιώτατος
570 3243 650 3277 Colt.
665 3244 704 3277 87
720 3255 792 3285 cap.
811 3242 823 3285 ΙΙ
842 3243 883 3277 23
904 3238 1014 3276 αὐτοῦ
1033 3256 1091 3275 om.
1103 3244 1181 3279 B‘e
1193 3243 1204 3286 ΙΙ

127 3293 169 3325 24
194 3286 407 3334 ὄμνυόντων
436 3289 514 3323 Coll.
540 3289 581 3323 87
607 3301 679 3339 cap.
704 3288 760 3329 (id.
784 3287 860 3328 583,
879 3290 907 3326 ⁸2)
938 3286 950 3329 ΙΙ
978 3288 1019 3320 25
1045 3290 1104 3320 καὶ
1127 3288 1204 3321 τῶν

126 3333 320 3378 διοικητῶν
346 3335 375 3367 L
405 3334 417 3378 ΙΙ
444 3334 508 3367 τοῦ
529 3329 676 3379 εὐαγους
700 3327 810 3365 αὐτοῦ
834 3329 963 3375 κλήρου
989 3333 1019 3364 L
1042 3335 1053 3374 ΙΙ
1085 3333 1124 3366 2Ἶ
1150 3333 1204 3374 τῷ

128 3378 225 3422 αὐτῷ
246 3394 303 3413 om.
326 3380 405 3414 Colt.
420 3381 461 3414 87
475 3392 561 3422 cap„
586 3375 683 3420 αὐτῷ
710 3391 767 3411 om.
782 3377 813 3411 L
839 3377 852 3420 ΙΙ
882 3379 924 3410 29
945 3375 1034 3410 οἶκοι
1058 3376 1149 3410 εἰσὶν
1168 3377 1204 3410 Β

127 3420 218 3459 ὦσιν
234 3425 324 3459 οἶκοι
344 3426 373 3459 C
391 3425 483 3459 εἰσὶν
498 3424 588 3458 οἶκοι
605 3436 682 3468 app·
693 3423 786 3459 Nom.
805 3421 817 3467 Ι]
836 3423 878 3456 30
894 3420 986 3455 εἶναι
1003 3434 1061 3456 om.
1075 3422 1204 3464 Cunus,

132 3473 211 3505 Coit.
226 3473 267 3505 87
283 3483 354 3514 cap.

183 3606 203 3638 3
223 3610 255 3638 et
271 3605 511 3645 ordinatorum]
533 3606 565 3637 et
585 3617 643 3637 om.
665 3603 722 3647 Vn
739 3605 760 3637 4
776 3601 910 3636 modum
925 3601 1131 3645 praedictum
1149 3602 1182 3635 T
1191 3602 1204 3643 Η

128 3651 146 3682 5
170 3660 204 3682 re
227 3650 304 3694 12¹1!
323 3653 339 3684 ἰ’
358 3661 454 3693 super
473 3650 525 3682 his
542 3651 636 3691 quae]
661 3650 842 3683 secundum
865 3647 916 3681 his
940 3647 998 3689 qui
1027 3646 1129 3681 lt¹V¹
1143 3647 1201 3691 (cſs

1273 2885 1320 2917 ad
1331 2885 1364 2927 8)
1383 2883 1396 2928 ss
1410 2885 1489 2916 sunt
1508 2882 1570 2925 1⁷³]
1595 2896 1655 2917 om.
1671 2882 1759 2917 RV¹
1772 2883 1805 2916 T
1817 2883 1830 2927 ΙΙ
1847 2884 1867 2918 8
1883 2882 1959 2924 *inJ
1984 2892 2068 2925 quae
2084 2884 2164 2916 sunt
2178 2881 2216 2916 in
2236 2881 2347 2917 V⁸T²

1270 2930 1358 2971 vulq.
1384 2939 1468 2970 quae
1484 2928 1556 2962 eius
1571 2930 1650 2962 sunt
1666 2927 1716 2961 Β*
1739 2928 1798 2970 qui
1822 2928 1893 2961 eius
1916 2931 1966 2961 est
1985 2927 2034 2962 V¹
2044 2927 2111 2967 T¹;
2135 2928 2233 2962 verba
2249 2927 2345 2962 inter·

1266 2975 1384 3017 potata
1409 2975 1455 3007 ad
1467 2975 1609 3016 priorem
1634 2974 1734 3007 locum
1757 2985 1787 3006 υ.
1802 2975 1820 3006 7
1842 2973 2004 3016 pertinere
2026 2973 2174 3006 videntur
2196 2970 2210 3016 Π
2238 2973 2258 3007 9
2281 2972 2345 3005 oir-

1270 3019 1398 3052 ouitum
1419 3018 1531 3052 V¹T¹
1549 3018 1562 3062 ΙΙ
1590 3019 1626 3052 11
1650 3017 1884 3051 exenodochiis
1911 3017 1961 3050 1⁷¹
1976 3016 1989 3068 Ι]
2007 3018 2039 3049 et
2061 3015 2264 3050 nosohomiin
2285 3016 2345 3060 Τί,

1271 3076 1328 3097 om.
1343 3063 1375 3096 R
1392 3062 1405 3107 ΙΙ
1421 3062 1573 3105 reliquis]
1598 3062 1674 3096 aliis
1700 3061 1758 3106 ΤΙΙ
1777 3063 1818 3096 12
1839 3060 2037 3104 provintieis
2054 3061 2103 3095 T¹
2129 3060 2142 3104 fl
2174 3063 2212 3096 13
2237 3062 2346 3105 posita

1271 3109 1339 3141 sint
1359 3107 1389 3142 V
1402 3108 1415 3151 ΙΙ
1439 3107 1551 3148 etiam]
1577 3107 1674 3140 etiam
1699 3106 1735 3140 in
1759 3106 1828 3140 ΒΤ
1847 3107 1859 3150 ΙΙ
1882 3106 2113 3140 mosten-iorum
2135 3106 2198 3147 Τί,
2231 3117 2344 3140 mona-

1271 3153 1382 3186 steriis
1402 3154 1488 3195 vulq.
1505 3152 1518 3196 Ι
1544 3153 1587 3186 14
1610 3152 1646 3184 in
1667 3152 1713 3192 V]
1737 3150 1772 3183 in
1797 3151 1859 3184 hac
1883 3151 2041 3194 RTvulq.
2060 3150 2266 3195 ”circuitum
2287 3152 2347 3194 Τί]

1270 3198 1484 3231 adherentem
1503 3197 1552 3238 R,
1577 3195 1832 3229 adhaerentibus
1856 3196 1939 3239 vulq.
1962 3195 1975 3239 ΙΙ
2005 3198 2044 3231 18
2069 3196 2136 3238 sed]
2160 3197 2217 3230 sed
2241 3200 2275 3231 et
2295 3195 2347 3232 11²

1275 3242 1420 3286 T²vul9.
1430 3241 1442 3287 ΙΙ
1454 3244 1650 3285 perpetuum
1671 3241 1704 3275 V
1712 3243 1725 3285 ΙΙ
1746 3243 1785 3275 19
1798 3241 1889 3282 haec]
1907 3251 1942 3273 ec
1963 3241 2010 3275 V¹
2036 3252 2052 3274 e
2074 3240 2123 3276 1⁷2
2139 3241 2151 3285 ss
2169 3243 2207 3276 21
2223 3241 2344 3285 guber-

1270 3287 1422 3320 nationes
1443 3287 1477 3320 V
1489 3286 1729 3328 gubernatione
1742 3285 1774 3319 R
1791 3285 1803 3329 ΙΙ
1822 3287 1864 3320 22
1876 3284 2032 3328 *οΙθι-ιιιιι]
2051 3287 2190 3323 eborum
2201 3287 2274 3329 (om.
2285 3286 2345 3330 ΕΙ,

1271 3342 1383 3365 eorum
1412 3331 1471 3372 T¹)
1496 3330 1691 3364 clericorum
1714 3330 1764 3364 R’
1774 3330 1836 3364 VT
1846 3332 1931 3375 υιιζο.
1955 3331 1967 3375 ΙΙ
1998 3331 2077 3364 facit
2102 3332 2206 3374 Beck]
2238 3332 2346 3366 tacere

1272 3376 1440 3412 R¹V¹T¹
1465 3376 1587 3409 faceret
1609 3376 1660 3410 Τ3
1671 3376 1758 3419 vuly.
1782 3375 1882 3408 habet
1901 3375 1951 3410 1⁷³
1978 3376 2086 3410 facere
2110 3376 2245 3411 uidetur
2264 3375 2315 3411 R*
2333 3375 2346 3422 ΙΙ

1271 3422 1312 3455 23
1339 3431 1532 3454 eonsensum
1556 3420 1603 3464 Vl
1636 3422 1679 3455 24
1702 3421 1930 3464 praesentibus
1959 3421 2009 3454 T³
2025 3421 2037 3465 ΙΙ
2065 3423 2115 3463 eo]
2139 3424 2173 3454 et
2195 3421 2265 3456 ΒΤ
2284 3421 2345 3465 ⁰13⁰

1270 3468 1305 3507 (i.
1319 3479 1343 3499 e.
1362 3466 1525 3509 episeopo)
1550 3469 1582 3499 et
1653 3477 1691 3500 eo
1712 3468 1744 3499 et
1766 3467 1852 3509 vuly.
1876 3467 1888 3510 ΙΙ
1914 3467 1956 3500 26
1981 3465 2164 3510 emphyt‘oei
2186 3467 2258 3509 (sic)
2285 3466 2319 3500 V
2333 3464 2345 3511 ΙΙ

1271 3511 1427 3544 damnum
1452 3525 1508 3545 om.
1526 3512 1573 3545 Β*
1592 3511 1605 3563 ΙΙ
1621 3513 1662 3546 27
1687 3511 1798 3544 toenia
1811 3512 1842 3544 R
1865 3511 1992 3554 ptochii
2014 3512 2075 3545 VT
2095 3511 2100 3555 Ι
2119 3513 2160 3546 28
2182 3521 2344 3545 exenones

1273 3557 1321 3591 T¹
1346 3556 1359 3600 ΙΙ
1383 3558 1423 3591 31
1450 3556 1659 3590 adei-natium
1680 3556 1728 3592 13¹
1756 3555 2025 3590 adordinantium
2046 3556 2077 3590 V
2107 3555 2181 3600 12²1!
2209 3557 2252 3590 32
2275 3566 2343 3589 non

1271 3614 1329 3635 om.
1343 3601 1376 3634 R
1394 3600 1407 3645 ss
1422 3603 1466 3642 et]
1488 3601 1585 3634 etiam
1601 3602 1633 3636 T
1645 3601 1657 3646 ΙΙ
1675 3603 1706 3636 et
1721 3601 1853 3635 eonomi
1869 3602 1902 3635 Τ
1907 3602 1917 3622 ¹
1929 3601 1942 3646 ss
1954 3611 2062 3635 xenon
2075 3601 2180 3643 Beck]
2200 3611 2344 3635 xenone·

1271 3646 1305 3681 R
1315 3646 1434 3692 Vvulq.
1454 3648 1593 3681 xenonis
1608 3648 1641 3682 T
1653 3648 1666 3691 Η
1681 3646 1874 3690 potochium
1895 3647 1945 3681 Va
1961 3647 1974 3691 ΙΙ
1992 3647 2034 3681 33
2048 3645 2295 3681 nosochomium
2308 3645 2344 3680 R
