2592 3840
1178 87 1261 135 319
1980 87 2088 131 Nov.
2109 87 2207 130 LIX
2231 89 2269 130 2.
2300 89 2326 130 3

105 207 174 242 νῦν
201 203 266 241 οὐκ
295 206 391 248 εἶχον
412 203 597 251 (καθάπερ
625 206 687 238 καὶ
718 199 820 238 αὐτοὶ
849 200 894 237 τὸ
916 199 1089 248 ἡμέτερον
1112 200 1182 236 ίδί-
1250 211 1322 236 non
1345 200 1527 236 habebant
1557 201 1665 244 (sicut
1687 201 1725 236 et
1746 199 1817 246 ipsi
1848 201 2008 236 nostram
2035 197 2236 234 docuerunt
2258 209 2322 251 po-

107 249 225 292 δαξαν
247 249 396 298 κράτος),
419 251 534 285 ταῦτα
558 247 730 284 δαπανᾶν
757 250 840 294 περὶ
868 246 936 291 τὴν
966 248 1044 281 τῶν
1067 245 1181 281 τελευ-
1250 249 1440 290 testatem),
1463 256 1526 282 eas
1541 245 1743 291 expendere
1764 245 1860 281 circa
1875 244 2126 296 defunetorum
2143 253 2322 296 exequias,

103 293 261 332 τόντων
290 294 406 338 ὁσίαν,
438 290 527 329 diste
555 293 597 329 ἔκ
627 307 668 329 τι
697 291 841 328 τούτων
874 293 955 327 τῶν
984 289 1181 339 χρημάτων
1250 294 1291 325 ut
1320 293 1358 326 et
1391 302 1439 326 ex
1470 290 1527 326 his
1557 291 1720 336 pecuniis
1754 294 1791 327 et
1820 300 1865 326 ex
1895 289 2068 325 reditibus
2098 288 2324 334 praediorum

104 343 166 376 καὶ
188 343 228 375 ἐκ
249 342 328 375 τῶν
348 337 536 388 προςόδων
567 340 647 374 τῶν
668 341 815 384 χωρίων
835 336 904 381 τὴν
927 335 1105 381 διανομὴν
1127 340 1180 383 γί-
1249 335 1454 371 distributio
1477 336 1542 371 fiat
1565 339 1600 372 et
1620 335 1765 372 decanis
1789 339 1824 371 et
1844 334 2006 371 ascetriis
2026 338 2064 369 et
2087 333 2268 369 canonicis
2288 337 2324 368 et

106 386 243 421 νισθαι
262 388 335 420 τοῖς
353 398 394 420 τε
410 383 570 420 δεκανοῒς
591 386 651 418 καὶ
671 382 876 429 ἀσκητρίαις
898 385 959 416 καὶ
976 385 1181 415 κανονικαῒς
1216 385 1236 416 5
1249 380 1444 423 acoluthis,
1476 381 1571 416 sicut
1600 380 1853 416 descendentes
1882 379 2133 416 ordinavimus.
2177 378 2322 414 Eisdem

105 433 166 466 καὶ
189 427 417 472 ἀκολούθοις,
449 428 597 464 καθάπι
650 426 696 463 ἂν
718 425 976 462 ὑποκατιόντες
1001 425 1180 467 διαταξώ-
1249 425 1342 461 enim
1362 426 1428 462 deo
1448 426 1657 463 amabilibus
1677 425 1881 462 oeconomis
1902 424 2125 467 docentibus,
2149 423 2235 469 quia
2252 423 2323 475 iam

103 470 567 562 ffiffigggagffgss
587 442 1179 553 ἓόῖἐὲἴπὲἷῖνῶὲὰῖόᾞτῖξ
1248 470 2032 552 fflss⁰⁸53315fi²⁸203509532ffia302t35330
2049 468 2323 559 ἒζὲὲἳέῑέῗέᾼ

107 564 232 600 λοιποῦ
263 564 330 607 τὴν
358 533 471 608 additu
503 561 678 612 πρόςοδον
706 530 1020 610 περισώζεσθέι,ρ
1034 561 1180 596 εἰκότως
1249 563 1467 596 crementum
1490 543 1733 597 distribuimus
1760 561 1847 596 hnic
1870 560 1983 606 parti,
2015 560 2184 605 quatinus
2206 559 2322 611 incul-

105 607 203 667 ᾗμιῒς
231 609 299 653 τὴν
327 611 405 644 τῶν
435 611 654 656 τριακοσίων
688 609 936 655 ἐργαστηρίων
971 606 1181 654 προςθήκην
1198 609 1235 641 10
1248 605 1414 651 pabiliter
1438 606 1534 651 quod
1551 606 1726 641 hactenus
1744 606 1867 641 datum
1891 609 1947 641 est
1960 605 2208 641 laborantibus
2229 614 2324 639 circa

106 658 350 700 απενείμαμεν
371 652 490 698 τούτῳ
515 655 570 698 τῷ
590 657 708 702 μέρει,
739 649 838 688 ὅπως
861 650 1114 696 ἀνεπιλήπτως
1135 651 1178 686 τό
1247 652 1414 686 funerum
1446 651 1614 696 exequias
1646 651 1814 696 deinceps
1838 651 1952 693 detur,
1982 651 2052 686 hoc
2076 654 2132 686 est
2162 660 2228 695 per
2250 649 2322 685 sin-

106 703 207 747 μέχρι
228 701 298 734 νῦν
319 697 510 745 διδόμενον
532 702 606 733 τοῖς
628 698 803 743 κάμνουσι
826 701 908 745 περὶ
931 697 999 741 τὴν
1014 698 1092 732 τῶν
1112 696 1179 731 221-
1247 696 1369 741 gulum
1391 706 1547 732 mensem
1571 696 1846 742 quadringentos
1871 695 2005 731 solidos
2033 694 2238 731 dividendos
2262 694 2323 730 de-

106 745 236 791 φόνων
257 743 413 792 ἐκφορὰν
442 747 501 778 καί
525 744 650 790 ἑφεξῆς
673 742 813 786 δοθείη,
835 746 999 778 τουτέστι
1021 753 1087 788 per
1105 743 1178 778 sin-
1251 742 1349 777 canis
1368 744 1405 776 et
1420 741 1598 777 acoluthis
1622 743 1658 777 et
1677 742 1840 777 ascetriis
1864 745 1900 776 et
1920 741 2103 776 canonicis
2127 739 2323 776 secundum

106 790 228 834 gnlum
256 800 412 826 mensem
440 789 718 835 quadringentos
747 788 898 831 solidos,
929 790 1180 835 μεριζομένους
1272 796 1341 822 uae
1363 787 1537 822 hactenus
1560 786 1657 831 apud
1684 796 1745 822 eos
1768 786 1884 821 tenuit
1903 785 2145 828 consuetudo,
2176 785 2247 821 hoc
2269 788 2324 820 est

111 105 245 140 (2ch
274 104 605 139 Dm'unm'onnu
633 103 860 144 EanmAs

3 868 6 869 γ
30 881 36 886 .
106 837 180 870 τοῖς
208 847 250 869 τε
271 832 434 869 δικανοῒς
463 837 523 868 καὶ
553 831 768 887 ἀκολοόθοις
794 836 855 868 καὶ
883 831 1093 887 §amphus
1119 835 1179 866 καὶ
1194 834 1235 866 15
1273 832 1394 867 ecanis
1418 832 1561 877 quidem
1582 842 1648 876 pro
1673 831 1810 883 singulo
1832 841 1954 867 mense
1979 835 2120 866 centum
2144 830 2324 882 octoginta

107 883 309 914 κανονικαῖς
331 878 423 914 κατὰ
446 878 490 914 τὸ
512 881 615 926 μέχρι
642 892 710 913 νυν
735 876 825 924 παρ’
852 881 971 913 αυτοῖς
993 878 1180 924 κρατῆσαν
1249 877 1340 913 duos
1364 877 1517 919 solidos,
1552 876 1714 912 ascetriis
1738 878 1857 912 autem
1879 876 2075 920 nonaginta
2104 886 2216 911 unum
2238 875 2323 911 soll-

106 924 194 959 Ιθος
216 926 391 967 (τουτέστι
422 927 496 958 τοῖς
524 927 593 968 μὲν
615 922 775 958 δεκανοῖς
796 933 862 968 per
884 924 1060 968 singulum
1082 932 1178 958 men-
1248 922 1324 964 dos,
1357 925 1394 957 et
1417 921 1595 957 acoluthis
1625 921 1819 965 nonaginta
1838 932 1948 956 unum
1971 921 2122 965 solidos,
2156 924 2192 956 et
2214 930 2323 956 cano-

107 979 182 1006 sem
199 973 343 1005 centum
358 970 540 1014 octoginta
555 969 645 1005 duos
660 968 805 1011 solidos,
823 971 901 1003 ταῖς
917 966 958 1002 δὲ
971 965 1180 1014 ἀσκητρίαις
1247 967 1339 1003 nicis
1368 967 1514 1011 triginta
1540 976 1604 1002 sex
1627 966 1781 1010 solidos,
1816 966 2080 1012 congregandos
2112 965 2254 1010 quidem
2276 964 2323 1000 ab

106 1014 301 1059 nonaginta
323 1025 434 1049 unum
457 1013 606 1058 solidos,
638 1016 699 1048 καὶ
725 1017 800 1048 τοῖς
821 1010 1037 1047 ἀκολούθοις
1066 1022 1179 1049 nona·
1247 1012 1382 1048 eisdem
1411 1013 1477 1048 deo
1507 1011 1720 1047 amabilibus
1743 1013 1964 1054 oeconomis,
1994 1011 2182 1047 solvendos
2204 1013 2324 1046 autem

106 1059 205 1104 ginta
227 1070 335 1095 unum
358 1059 507 1102 solidos,
540 1062 600 1093 καὶ
623 1061 701 1094 ταῖς
722 1061 926 1093 κανονικαῑς
947 1058 1094 1103 triginta
1116 1068 1181 1093 sex
1192 1058 1286 1093 20in
1311 1058 1363 1094 eis
1387 1057 1451 1103 qni
1474 1060 1736 1093 consueverunt
1758 1057 1923 1102 accipere
1945 1066 2010 1103 per
2034 1067 2099 1093 sex
2119 1065 2270 1092 menses.

107 1103 266 1148 solidos),
290 1101 570 1151 ἀθροιζομένους
590 1106 659 1147 μὲν
681 1117 711 1139 π
757 1103 780 1137 ὰ
799 1104 878 1138 τῶν
902 1101 1026 1138 αὗτῶν
1053 1103 1181 1148 θεοφι-

109 1147 293 1184 haveram
315 1149 534 1194 οἰκονόμων,
570 1117 901 1193 καταβαλλομένους
937 1146 979 1183 δὲ
1007 1149 1069 1183 ἐπὶ
1097 1148 1181 1182 τοὺς

107 1193 287 1229 εἰωθότας
309 1194 527 1239 κομίζεσθαι
549 1193 644 1229 κατὰ
672 1204 737 1230 sex
759 1203 910 1230 menses.

1086 1305 1244 1342 CAPUT
1273 1306 1338 1342 111.

161 1377 227 1410 Δεῖ
252 1371 293 1408 δι’
323 1373 367 1408 τὸ
396 1376 464 1419 μὲν
492 1373 689 1419 ἐπιβάλλον
719 1375 783 1409 τοῦ
805 1377 952 1427 χρυσίω(
976 1375 1081 1418 μέρος
1106 1377 1185 1408 ταῖς

1309 1373 1461 1418 Oportet
1483 1377 1602 1425 autem
1627 1374 1886 1425 competentem
1916 1371 2058 1417 quidem
2089 1371 2168 1405 auri
2190 1372 2328 1415 partem

109 1416 386 1464 εὖλαβεστάταις
414 1416 621 1474 ἀσκητρίαις
651 1417 827 1473 δίδοσθαι
858 1431 958 1464 παρα
987 1420 1066 1453 τῶν
1096 1418 1183 1453 θεο-
1198 1418 1544 1454 25reverentissim1s
1568 1419 1731 1453 ascetriis
1751 1418 1830 1453 dari
1852 1428 1874 1452 a
1894 1417 1961 1453 deo
1985 1415 2198 1452 amabilibus
2222 1425 2327 1451 oeco-

110 1463 339 1510 φιλεστάτων
368 1464 569 1509 οἶκονομων
599 1477 693 1499 κατα
721 1477 789 1508 την
812 1465 1000 1509 εἰρημένην
1023 1464 1184 1511 προθεσ-

109 1512 199 1554 μίαν
221 1508 383 1562 Εὗχενίῳ
415 1511 469 1552 τῷ
501 1508 775 1555 θεοφιλεστάτη)
806 1507 964 1552 διακόνῳ
996 1512 1056 1542 καὶ
1087 1509 1183 1550 ξενο·

94 1552 206 1602 ,δόχφ
229 1566 294 1588 του
317 1553 408 1587 κατὰ
426 1554 596 1608 Σαμψών
617 1554 685 1589 τὸν
706 1555 769 1597 τῆς
791 1552 892 1588 ὁσίας
914 1551 1053 1598 μνήμης
1076 1554 1184 1594 ξενῶ-

112 1610 172 1633 νος
205 1601 266 1632 καὶ
304 1600 368 1632 τοῦ
406 1611 482 1645 παρ
532 1597 636 1643 ἡμῶν
669 1597 865 1633 συστάντος
898 1601 958 1632 καὶ
992 1601 1065 1632 τοῖς
1097 1595 1181 1643 μετ’

1251 1463 1365 1499 nomis
1390 1463 1584 1498 secundum
1607 1463 1720 1499 dictas
1743 1463 1899 1499 indutias
1923 1461 2084 1506 Eugenio
2114 1461 2182 1496 deo
2205 1470 2327 1495 aman-

1252 1508 1389 1543 tissimo
1423 1508 1576 1543 diacono
1612 1512 1650 1543 et
1682 1508 1893 1543 xenodocho
1928 1506 2122 1543 secundum
2154 1505 2330 1550 Sampson

1252 1556 1400 1589 sanctae
1423 1553 1612 1589 memoriae
1639 1553 1855 1588 xenodochii
1884 1556 1921 1588 et
1945 1551 2040 1597 quod
2068 1562 2092 1586 a
2114 1550 2218 1586 nobis
2243 1560 2329 1602 con-

1253 1598 1417 1634 stitutum
1439 1603 1505 1641 est,
1537 1603 1574 1633 et
1597 1598 1658 1642 qui
1681 1603 1763 1643 post
1795 1608 1876 1632 eum
1906 1597 2040 1633 fuerint
2069 1596 2135 1631 deo
2159 1599 2328 1630 amanus-

111 1641 225 1678 αὐτὸν
240 1642 535 1688 θεοφιλεστάτοις
550 1641 748 1686 ξενοδόχοις
763 1645 842 1678 τῶν
851 1644 1057 1697 ,εἰρημένων
1076 1643 1184 1684 §wob-
1196 1646 1240 1678 30
1253 1644 1333 1679 simi
1368 1642 1569 1679 xenodochi
1608 1646 1885 1678 memoratorum
1923 1641 2227 1677 xenodochiorum
2237 1667 2246 1682 ,
2287 1650 2329 1675 eo

111 1701 200 1730 νων,
218 1685 280 1722 διὰ
296 1687 340 1722 τὸ
358 1687 421 1722 τὰς
438 1685 630 1736 ἄσκητρίας
648 1688 710 1723 τὰς
728 1689 776 1723 εἰς
794 1701 932 1732 ταυτην
940 1687 1185 1735 υπουργούσας

111 1732 178 1777 τὴν
211 1736 335 1779 χρείαν
368 1731 440 1768 ὑπὸ
472 1733 553 1768 τοὺς
585 1732 680 1767 κατὰ
714 1732 841 1780 καιρὸν
872 1731 1077 1776 ξενοδόχους
1107 1734 1186 1767 τῶν

112 1779 311 1834 εἰρημένων
332 1774 474 1824 stay&
493 1776 664 1819 ξενώνων
683 1777 817 1813 τελεῖν·
846 1777 890 1813 τὸ
907 1776 949 1812 δὲ
971 1778 1098 1823 αἱροῦν
1112 1781 1187 1813 τοῖς

111 1836 153 1858 τι
175 1821 388 1857 melodema
409 1826 470 1856 καὶ
491 1827 570 1857 ταῖς
591 1820 870 1867 εὖλαβεστάταις
895 1826 1100 1858 κανονικαῖς
1124 1819 1186 1857 ὥς·

1279 1689 1350 1724 uod
1372 1688 1547 1724 ascetriae
1579 1688 1625 1723 ad
1648 1690 1718 1724 hoc
1741 1688 1984 1723 ministrantes
2015 1697 2107 1731 opus
2130 1686 2198 1721 sub
2218 1695 2328 1721 xeno-

1279 1733 1380 1768 ochis
1403 1743 1469 1778 per
1492 1735 1634 1778 tempus
1658 1736 1936 1768 memoratorum
1950 1731 2204 1767 venerabilium
2220 1740 2329 1766 xeno-

1255 1778 1450 1814 dochorum
1486 1779 1703 1814 constitutae
1738 1778 1828 1823 sint;
1871 1777 1966 1822 quod
2001 1779 2122 1812 autem
2158 1776 2331 1820 contingit

1255 1823 1443 1859 acoluthos
1466 1828 1503 1859 et
1524 1823 1826 1859 reverentissimas
1851 1822 2042 1858 canonicas
2070 1821 2231 1857 similiter
2254 1821 2331 1855 dari

113 1865 231 1902 αὕτως
265 1865 438 1902 δίδοσθαι
472 1867 571 1915 παρὰ
607 1882 685 1902 των
726 1865 850 1902 αὐτῶν
885 1866 1188 1913 θεοφιλεστάτων
1200 1870 1243 1903 35
1256 1868 1302 1903 ab
1333 1867 1467 1903 eisdem
1501 1867 1567 1904 deo
1600 1868 1813 1903 amabilibus
1844 1868 2047 1903 oeconomis
2080 1871 2116 1902 et
2147 1866 2208 1911 qui
2235 1877 2331 1901 nunc

112 1909 313 1957 οἰκονόμων
346 1915 419 1947 τοῖς
451 1926 493 1948 τι
526 1914 594 1947 νῦν
628 1914 832 1958 ἐφεστῶσιν
868 1910 988 1947 αὐτοῖς
1022 1915 1082 1947 καὶ
1115 1915 1189 1946 τοῖς

113 2000 421 2049 (quemadm0dum
444 2001 516 2047 ipsi

109 2045 267 2093 pecwtia
289 2049 324 2082 et
346 2056 396 2082 ex
417 2044 523 2080 redite

518 2002 741 2080 ‘atentiam‘
766 2005 928 2053 nostram
951 2002 1165 2053 docuerunt)
1195 2002 1234 2052 in
1263 2011 1334 2036 exe
1359 2002 1440 2036 uias
1462 2001 1721 2046 defunctorum
1742 2000 1966 2047 eapcndere‚
1995 2001 2049 2036 ita
2071 2004 2114 2036 ut
2134 2006 2171 2037 et
2190 2012 2241 2037 ex
2264 2001 2332 2036 hac

606 2045 845 2092 praediorum
868 2046 1075 2082 distributio
1103 2047 1173 2091 fiat
1202 2050 1298 2081 inter

1352 2056 1486 2081 ecanos
1515 2050 1552 2081 et
1580 2045 1756 2081 ascetrias
1785 2050 1823 2081 et
1844 2045 2041 2081 canonicas
2070 2049 2107 2081 et
2129 2045 2331 2087 acoluthos,

114 2089 409 2138 quemadmodum
428 2090 648 2136 procedente
669 2090 836 2126 oratione
858 2091 1123 2127 constituemus.
1181 2090 1266 2127 Oum
1288 2091 1381 2126 enim
1404 2090 1511 2126 iidem
1542 2090 1609 2126 deo
1634 2090 1813 2125 carissimi
1835 2091 2024 2126 oeconomi
2053 2101 2122 2126 nos
2143 2090 2331 2126 docuerint

114 2146 191 2172 non
214 2146 324 2182 posse
351 2145 403 2170 ea:
430 2134 593 2180 praediis
621 2135 660 2169 in
681 2138 874 2186 posterum
904 2135 1054 2170 eundem
1076 2135 1402 2186 reditum-profici,
1433 2135 1559 2171 merito
1590 2146 1659 2170 nos
1681 2139 1920 2186 trecentamcm
1952 2135 2185 2180 officinarum
2216 2136 2331 2171 incre-

43 2204 46 2206 *
115 2185 271 2216 mentum
293 2178 376 2214 huie
395 2179 499 2230 parti
512 2178 777 2222 destinavimus,
800 2183 843 2214 ut
854 2179 954 2225 quod
967 2190 1081 2225 usque
1104 2179 1195 2231 adeo
1217 2190 1264 2214 us
1283 2180 1345 2225 qui
1364 2179 1600 2215 cadaveribus
1618 2179 1813 2225 efferendis
1833 2190 1854 2215 o
1882 2190 1981 2215 eram
1989 2184 2191 2231 praestant
2207 2179 2330 2215 datum

115 2229 182 2267 est,
211 2225 352 2270 inteqre
381 2227 490 2259 etiam
517 2222 686 2270 deinceps
713 2223 829 2266 detur,
861 2223 1011 2259 dicimus
1034 2235 1108 2270 per
1130 2224 1295 2270 smqulos
1323 2235 1461 2260 menses
1484 2224 1640 2270 quadrin
1667 2228 1751 2260 enta
1772 2224 1843 2260 soli
1867 2234 1926 2266 os,
1957 2223 2223 2260 dastrzbuendos
2246 2225 2331 2260 illos

116 2270 212 2305 inter
234 2268 391 2304 decanos
419 2271 456 2303 et
477 2267 667 2303 acoluthos
695 2272 733 2303 et
753 2268 929 2303 ascetrias
956 2273 992 2304 et
1015 2269 1210 2304 canonicas
1237 2268 1432 2304 secundum
1455 2272 1628 2304 consuetu
1654 2269 1749 2304 inem
1779 2279 1874 2320 quae
1896 2279 2011 2314 usque
2033 2268 2124 2305 adeo
2148 2269 2250 2316 apud
2269 2281 2331 2304 eos

118 2313 272 2350 obtinuit
293 2312 374 2356 (hoc
396 2315 451 2348 est
471 2311 618 2347 decanis
640 2312 782 2358 quidem
797 2323 871 2359 per
893 2313 1057 2358 sinqulos
1079 2323 1217 2349 menses
1238 2316 1378 2349 centum
1402 2314 1588 2360 octoyinta
1610 2313 1702 2348 duos
1718 2313 1867 2355 solidos,
1892 2314 2057 2349 ascetriis
2076 2318 2195 2349 autem
2215 2325 2330 2349 nona—

117 2359 221 2406 qinta
242 2368 352 2392 unum
374 2356 522 2398 solidos,
545 2361 581 2392 et
602 2356 782 2392 acoluthis
803 2358 1006 2403 nonaginta
1028 2368 1139 2393 unum
1160 2357 1310 2400 solidos,
1334 2362 1371 2393 et
1392 2358 1579 2394 canonicis
1602 2358 1754 2404 tn‘qinta
1776 2369 1845 2393 sex
1867 2358 2026 2401 solidos),
2051 2362 2086 2394 et
2108 2358 2331 2405 colligendos

119 2404 166 2439 ab
186 2401 310 2438 iisdem
332 2401 400 2437 deo
423 2401 618 2436 cm'ssimis
641 2402 842 2437 oeconomis
864 2406 900 2438 et
920 2407 1026 2438 seoeto
1049 2413 1193 2449 quoque
1214 2413 1334 2438 mense
1354 2402 1546 2439 solvendos
1568 2403 1614 2438 iis
1636 2403 1701 2449 qui
1723 2404 1874 2454 auferre
1897 2409 2168 2439 consuevmnt.

250 2446 316 2481 m.
365 2445 516 2492 Oportet
537 2450 655 2481 autem
678 2457 756 2482 eam
778 2446 920 2492 quidem
943 2447 1027 2482 auri
1041 2453 1189 2493 partem
1239 2458 1307 2483 uae
1336 2447 1405 2483 reli
1436 2448 1619 2483 'os-issimis
1641 2448 1804 2483 ascetriis
1827 2448 1999 2495 competit
2031 2459 2055 2483 a
2084 2449 2152 2484 deo
2184 2450 2329 2485 carissi-

119 2493 186 2528 mis
207 2490 410 2527 oeconomis
431 2490 530 2526 intra
551 2490 683 2526 dictum
707 2492 879 2538 temporis
900 2492 1057 2538 spatium
1088 2491 1172 2527 dari
1229 2492 1359 2538 uqenio
1435 2503 1458 2528 o
1478 2493 1665 2528 carissimo
1688 2492 1843 2528 diacono
1874 2498 1910 2529 et
1937 2492 2156 2529 xenodocho
2180 2493 2331 2541 hospitii

120 2535 332 2583 Sampsonis
352 2538 500 2571 sanctae
521 2536 713 2571 memoriae
734 2536 880 2582 eiusque
903 2536 1003 2582 quod
1024 2548 1048 2571 a
1070 2536 1175 2572 nobis
1197 2538 1431 2573 constitutum
1454 2542 1508 2574 est
1530 2537 1690 2584 hospitii,
1714 2542 1824 2584 atque
1846 2538 1892 2572 iis
1914 2539 1979 2583 qui
2028 2542 2086 2573 ost
2106 2550 2186 2574 eum
2207 2539 2330 2584 fictura·

119 2586 202 2617 sumt
223 2581 291 2616 deo
313 2580 510 2615 carissimis
530 2580 757 2632 :cenodochis
778 2580 957 2616 dictorum
980 2580 1231 2628 hospitiorum,
1248 2586 1450 2635 propterea
1473 2582 1574 2628 quod
1595 2583 1771 2618 ascetriae
1794 2593 1888 2628 quae
1911 2582 1961 2618 ad
1981 2549 2078 2618 hlt'aenc
2100 2595 2203 2619 usum
2225 2584 2328 2619 mini-

119 2630 240 2662 serant
266 2624 331 2660 sub
352 2625 576 2660 xenodochis
608 2636 670 2677 qui
693 2636 770 2677 pro
803 2630 1077 2678 tempore-sunt
1101 2637 1289 2662 sacrorum
1319 2627 1466 2663 illorum
1489 2626 1727 2678 hospitiorum
1758 2627 1958 2669 habentur;
1991 2639 2070 2663 eam
2093 2633 2212 2664 autem
2233 2641 2329 2681 qaae

119 2670 266 2706 debetur
286 2669 465 2705 acoluthis
486 2674 523 2705 et
543 2669 823 2716 reliquomsaemis
844 2671 1030 2706 canonicis
1051 2671 1216 2707 similiter
1239 2671 1283 2706 ab
1304 2671 1427 2707 iisdem
1451 2672 1518 2708 deo
1535 2672 1732 2707 carissimis
1747 2673 1953 2708 oeconomis
1967 2672 2051 2708 dari
2066 2678 2102 2708 et
2117 2674 2162 2709 iis
2176 2684 2238 2720 qut
2255 2675 2328 2709 allis

165 2761 186 2794 2
201 2759 328 2800 ταῦτα]
348 2761 408 2792 καὶ
427 2759 542 2793 ταῦτα
558 2761 590 2793 L
605 2761 618 2803 1]
635 2758 702 2802 τὴν
722 2762 840 2794 om.·M
848 2763 861 2803 ss
887 2763 906 2795 3
928 2756 1022 2795 ὥστε
1046 2763 1085 2794 ἐκ
1107 2760 1186 2795 τοί·-

119 2816 197 2839 των
206 2803 284 2838 τῶν
295 2815 324 2838 π
391 2801 481 2838 ’δων
499 2807 559 2837 καὶ
579 2805 618 2837 ἐκ
635 2804 714 2838 τῶν
724 2801 918 2850 χρημάτων
935 2806 968 2839 L
997 2805 1010 2851 ΙΙ
1036 2807 1056 2840 6
1071 2804 1186 2840 καθά-

119 2850 262 2928 msM]
287 2861 332 2881 κα
370 2846 540 2894 καθάπερ
563 2850 622 2886 Le
638 2849 651 2892 ΙΙ
666 2847 928 2894 διαταξώμεθα
942 2851 1000 2892 Μ]
1025 2848 1186 2892 διεταξά-

119 2905 165 2938 με
196 2905 221 2926 α
236 2894 291 2929 Le
306 2893 319 2937 Ι
336 2896 355 2927 7
374 2891 668 2934 διαταξάντωνΙΣ
685 2895 698 2938 Ι
725 2897 764 2929 10
786 2896 940 2940 ἐργαστη
964 2899 1034 2929 ίων
1052 2909 1110 2930 om.
1123 2898 1154 2930 L
1174 2896 1186 2940 ΙΙ

122 2940 160 2973 11
186 2934 328 2972 τούτων
349 2939 381 2972 L
409 2939 422 2983 Ι
454 2941 495 2973 13
518 2942 579 2972 καὶ
602 2952 660 2973 om.
685 2951 705 2975 ς
730 2939 743 2983 Ι
770 2950 830 2982 per
851 2908 1020 2982 unguium
1043 2952 1185 2974 mensem

121 2982 355 3025 quadragintos
377 2980 504 3017 ιοΙίδος
525 2985 565 3025 (s.
582 2998 611 3018 υ.
632 2979 701 3017 άνὰ
721 2986 874 3018 ἕκαστον
1159 2983 1168 2994 ’

1220 2765 1222 2767 ’
1250 2764 1327 2805 pius
1351 2763 1390 2795 de
1411 2764 1511 2805 aedis}
1536 2764 1560 2796 Ι
1581 2765 1601 2797 2
1620 2771 1699 2796 extr.
1726 2763 1739 2807 ΙΙ
1776 2764 1819 2797 29
1843 2765 1903 2796 καὶ
1925 2762 2005 2796 τῶν
2024 2760 2116 2808 παρ’
2143 2759 2246 2807 ἡμῶν
2270 2775 2328 2798 συ-

1253 2803 1423 2840 στάντων
1438 2808 1470 2840 L
1488 2806 1501 2852 fl
1516 2808 1560 2842 30
1576 2806 1748 2847 ξενώνων
1767 2827 1810 2832 —-
1830 2809 1872 2841 33
1893 2807 2091 2852 εἰρημένων
2109 2811 2158 2843 bis
2176 2822 2238 2842 scr.
2252 2810 2300 2843 M
2315 2809 2327 2849 ss

1253 2852 1296 2884 32
1312 2850 1384 2885 ὑπὸ
1404 2852 1484 2885 τῶν
1502 2851 1594 2886 κατὰ
1613 2850 1755 2897 καιροὺς
1775 2849 1977 2894 ξενοδόχων
1988 2854 2021 2886 L
2039 2853 2052 2898 ss
2069 2855 2110 2888 33
2132 2852 2257 2899 αἷρσῦν
2269 2855 2325 2894 Μ]

1252 2897 1376 2942 ἕτερον
1399 2898 1430 2930 L
1456 2898 1468 2941 Ι
1490 2898 1533 2932 36
1556 2900 1608 2939 τε]
1634 2900 1710 2931 ταῖς
1733 2899 1765 2931 L

969 2998 992 3018 α
1014 2997 1102 3019 τεσσ
1172 3005 1185 3012 -

120 3039 232 3061 κοντα
250 3030 467 3071 νομίσματα)
490 3028 705 3074 μεριζόμενα
724 3031 797 3063 τοῖς
818 3042 859 3063 τε
901 2998 1038 3064 εκηένοῖς
1057 2999 1186 3064 Βίαὲιῗα

120 3072 273 3106 ἕκαστον
293 3073 390 3115 μῆνα
408 3075 481 3106 τοῖς
497 3085 538 3106 τι
557 3071 716 3107 δεκανοῖς
731 3075 763 3108 L
777 3074 791 3119 Ι
812 3077 852 3109 15
869 3071 1103 3109 ἇκουλούθοις
1117 3077 1163 3109 Μ
1175 3077 1186 3119 i}

125 3117 166 3150 16
187 3119 389 3151 κανονικαῖς
411 3116 512 3160 κατὰ]
543 3130 738 3153 κανονικως
763 3122 824 3152 καὶ
846 3118 938 3153 κατὰ
961 3121 992 3154 L
1019 3120 1033 3165 Ι
1062 3123 1102 3154 17
1127 3131 1187 3164 per

140 3160 150 3167 ‘
235 3172 292 3195 um
309 3172 451 3195 mensem
471 3165 608 3204 (mensm
620 3165 666 3204 L)
690 3166 822 3197 centum
839 3166 1008 3207 octaginta
1026 3165 1110 3199 duos
1132 3177 1186 3199 so·

123 3204 208 3238 lidos
229 3206 395 3246 (mudum
412 3208 469 3250 L),
503 3221 529 3241 s.
543 3222 571 3242 v.
596 3205 663 3241 ἀνὰ
686 3210 839 3243 ἕκαστον
862 3208 1004 3250 (ἑκατὸν
1024 3212 1067 3251 L)
1090 3211 1187 3253 μῆνα

123 3246 252 3283 ἑκατὸν
280 3246 499 3302 ᾇγδοήκοντα
527 3250 591 3286 δύο
619 3252 723 3298 (ρπβ’
747 3255 805 3296 Μ)
836 3258 1039 3298 νομίσματα
1064 3255 1111 3289 JI
1110 3256 1142 3289 L
1176 3255 1188 3299 ΙΙ

126 3295 168 3328 19
179 3297 361 3336 nonaginta
375 3306 480 3329 unum
498 3297 620 3331 solidos
637 3301 667 3339 ς]
692 3297 906 3341 ἐνενήκοντα
918 3302 1124 3343 νομίσματα
1136 3301 1186 3341 M,

125 3351 183 3372 σπι.
200 3338 232 3372 L
252 3338 267 3382 Ι
293 3341 420 3375 19-21
441 3350 588 3384 eapectas
606 3345 667 3376 καὶ
687 3345 765 3377 ταῖς
787 3347 990 3377 κανονικαῖς
1005 3345 1188 3387 nonaginta

124 3393 228 3415 nnnm
243 3383 365 3416 solidos
382 3387 442 3417 καὶ
455 3388 527 3419 τοῖς
541 3384 753 3422 ἀκολούθοις
766 3388 907 3430 triginta
923 3399 978 3421 sex
994 3389 1117 3422 solidos
1130 3391 1186 3431 (ef.

124 3440 196 3470 cap.
206 3426 259 3472 5)ss
269 3428 451 3480 nonaginta
461 3440 564 3464 unum
576 3432 696 3465 solidos
704 3433 787 3474 m,
796 3446 822 3466 s.
831 3446 860 3467 ο.
870 3430 1085 3475 ἐνενήκοντα
1098 3435 1138 3467 ἓν
1149 3435 1189 3467 ἓν

122 3483 202 3514 νομ.
214 3473 256 3513 L,
279 3473 491 3515 ἐνενηκοντα
505 3488 585 3519 νομ.
598 3477 644 3510 Μ
655 3476 668 3521 Ι
684 3479 727 3511 20
739 3478 856 3519 trigita
868 3478 900 3510 L
919 3477 932 3521 ΙΙ
948 3479 988 3512 21
998 3491 1046 3522 sq.
1062 3475 1188 3524 ἀθροι·

125 3517 290 3559 ζομόνονς
325 3525 355 3551 et
388 3518 715 3564 καταβαλλομένονς
746 3523 816 3563 Le]
852 3518 1129 3567 ἀθροιζομένων
1161 3530 1191 3556 et

123 3559 449 3613 καταβαλλομένων
466 3564 514 3598 M
520 3564 533 3609 Ι
558 3577 586 3599 π
641 3563 651 3575 “
677 3567 756 3600 τῶν
775 3564 899 3599 αὐτῶν
911 3565 956 3599 M
959 3568 989 3606 ς]
1015 3564 1107 3612 παρ’
1131 3564 1190 3599 αὖ-

121 3616 200 3638 των
210 3617 288 3640 των
298 3607 332 3640 L
349 3607 362 3650 Ι
378 3608 420 3641 22
437 3607 497 3641 ἐπὶ
512 3610 568 3650 Μ]
588 3608 676 3644 κατὰ
690 3612 721 3644 L
740 3611 753 3655 ΙΙ
769 3612 811 3645 23
824 3610 916 3643 κατὰ
928 3621 982 3643 sex
995 3622 1120 3644 menses
1133 3611 1189 3651 M]

121 3648 161 3689 ἓξ
180 3650 295 3694 μῆνας
314 3651 358 3685 M
366 3665 392 3685 s.
404 3665 446 3695 v.,
459 3654 489 3686 L
506 3653 520 3697 Ι
537 3655 581 3688 28
601 3656 760 3699 σαμψῶν
777 3655 855 3688 τῶν
870 3655 931 3697 τῆς
942 3656 984 3688 L.
1009 3656 1060 3698 Cf.
1071 3656 1191 3689 Proco-
1223 3655 1227 3690 ’.

1298 2987 1318 3019 3
1343 2996 1382 3018 ex
1404 2994 1568 3030 utrumque
1592 3000 1650 3020 om.
1672 3001 1689 3019 r
1717 2986 1729 3029 ΙΙ
1758 2989 1779 3020 4
1803 2989 1836 3019 et
1858 2987 2018 3028 ascetriis]
2043 2998 2082 3020 ex
2106 2987 2267 3019 asciteriis
2300 2987 2332 3018 V

1253 3030 1426 3063 assisteriis
1444 3031 1489 3076 ru
1508 3035 1541 3065 et
1554 3031 1729 3073 acoluthis]
1749 3031 1879 3064 acolitis
1898 3034 1931 3064 et
1955 3045 1972 3065 r
1987 3032 2043 3074 Vss
2061 3035 2080 3066 5
2096 3031 2194 3071 sicut]
2214 3031 2261 3062 sic
2281 3043 2298 3062 r

1253 3075 1480 3109 ordinabimus
1505 3077 1600 3110 Beck
1623 3078 1706 3110 male
1733 3076 1746 3119 l]
1774 3076 1919 3109 eiusdem
1942 3089 1960 3109 r
1989 3076 2002 3118 ΙΙ
2031 3078 2052 3110 6
2075 3075 2222 3108 docentis
2254 3074 2287 3106 V

1255 3122 1294 3154 11
1320 3121 1460 3162 exequia
1479 3121 1542 3165 V]
1569 3121 1735 3164 deinceps]
1759 3123 1793 3154 et
1816 3120 1969 3162 deinceps
1991 3121 2076 3163 ναῖς.
2101 3119 2114 3161 fl
2142 3118 2322 3158 singulum]

1253 3166 1408 3198 funerum
1428 3165 1491 3210 Vfl
1523 3168 1564 3201 12
1589 3166 1825 3208 quadrigentos
1848 3165 1894 3208 rfl
1925 3166 1966 3198 13
1990 3164 2119 3196 acolitis
2142 3176 2159 3194 r
2176 3162 2210 3194 V
2226 3170 2256 3194 et
2273 3163 2324 3212 sic

1254 3211 1344 3254 infra
1364 3211 1575 3254 constanter-fl
1599 3211 1772 3243 asscistriis
1794 3223 1813 3243 r
1839 3208 1997 3241 asisteriis
2018 3207 2079 3248 Vn
2111 3209 2151 3239 15
2175 3216 2234 3247 per
2254 3216 2323 3237 sm-

1254 3254 1334 3297 gnlo
1356 3266 1468 3288 mense
1488 3256 1523 3289 V
1549 3266 1609 3298 per
1628 3255 1780 3297 singulos
1803 3264 1927 3286 menses
1949 3253 2034 3294 vulq.
2064 3250 2078 3293 Ι
2106 3251 2147 3284 16
2169 3249 2236 3283 duo
2262 3263 2279 3281 r
2311 3251 2323 3289 Η

1255 3300 1413 3333 ascistriis
1435 3314 1453 3333 r
1487 3300 1648 3333 acisteriis
1675 3300 1710 3333 V
1732 3300 1745 3341 Ι
1770 3301 1829 3330 aut
1852 3311 1869 3330 r
1895 3298 1908 3339 Ι
1942 3295 2063 3328 solidos
2086 3312 2129 3318 —
2155 3296 2195 3327 17
2220 3304 2321 3326 unum

1255 3357 1315 3378 om.
1335 3344 1391 3389 Vfl
1411 3347 1451 3379 17
1472 3345 1615 3377 solidum
1635 3358 1653 3377 r
1670 3343 1683 3387 fl
1700 3346 1741 3378 19
1764 3341 1952 3374 αιοοιιοιιήε
1970 3352 1988 3371 r
2005 3339 2017 3380 ss
2032 3340 2090 3370 aut
2112 3337 2155 3380 νΙΙ
2174 3339 2217 3371 24
2234 3348 2321 3370 com-

1254 3391 1404 3431 petenter
1432 3390 1466 3422 V
1486 3389 1499 3432 1]
1537 3391 1578 3422 25
1603 3388 1774 3421 asscistriis
1798 3399 1816 3419 r
1848 3383 2022 3416 ascisteriis
2050 3382 2084 3414 V
2102 3381 2114 3424 ss
2146 3381 2224 3414 dare
2255 3382 2323 3423 Vl]

1256 3435 1297 3467 27
1316 3434 1525 3467 exenodoeho
1545 3447 1563 3466 r
1578 3434 1633 3476 Vn
1651 3431 1822 3477 Sampson]
1842 3430 2006 3476 sumptum
2029 3427 2106 3458 libri
2117 3426 2130 3468 Ι
2149 3427 2191 3459 28
2205 3436 2321 3477 exeno-

1256 3478 1372 3510 dochii
1394 3478 1488 3521 rVfl
1519 3478 1607 3519 quod
1630 3479 1661 3517 a]
1686 3484 1764 3516 quia
1788 3486 1806 3505 r
1831 3472 1844 3515 fl
1875 3472 1917 3521 {9
1942 3481 1999 3511 qui
2023 3471 2098 3511 post
2120 3472 2206 3521 eum]
2230 3481 2323 3513 pnus

1256 3532 1333 3554 cnm
1352 3522 1410 3565 V}
1426 3522 1528 3554 fuerit
1551 3535 1569 3554 r
1624 3522 1666 3553 30
1687 3515 1900 3551 exenodochu
1925 3515 1968 3556 νΙ
1986 3513 2282 3548 exenodochiorum
2307 3529 2324 3547 r

1256 3565 1499 3599 xenodochium
1520 3566 1554 3599 V
1617 3565 1658 3598 31
1684 3561 1825 3594 assistrie
1850 3573 1867 3590 r
1889 3558 2035 3590 asisterie
2057 3558 2091 3590 V
2112 3558 2124 3598 ῐΙ
2150 3559 2231 3592 haec
2262 3561 2297 3593 V
2311 3559 2325 3602 ΙΙ

1256 3610 1470 3643 scenodochis
1487 3606 1730 3642 Vsenodochiis
1742 3618 1758 3636 r
1770 3603 1781 3646 Η
1794 3605 1836 3636 32
1851 3604 2065 3635 memoratum
2083 3603 2134 3645 Vll
2146 3604 2187 3636 33
2201 3607 2323 3645 autem]

1258 3653 1347 3685 enim
1371 3668 1388 3687 r
