2476 3854
118 135 487 172 B'ltmmm‘noffl

1182 118 1261 165 581

1957 121 2066 165 Nov.
2094 121 2211 165 CXX
2237 124 2280 164 4.
2310 123 2338 164 5

1117 232 1274 271 CAPUT
1293 232 1356 268 IV.

181 293 228 327 Et
251 290 292 327 δὲ
313 295 470 338 συμβαίη
491 291 577 327 τινὰ
600 293 678 327 τῶν
700 293 898 346 εἰρημένων
920 289 1064 337 εὐαγῶν
1081 290 1193 326 οἴκων

117 335 272 383 ἇνόματι
301 336 485 382 δημοσίων
509 336 723 372 συντελειῶν
745 351 767 380 η
799 335 907 379 ἄλλης
935 337 1077 372 οἱαςοῦν
1106 348 1191 381 συμ-

117 383 310 428 βαινούσης
341 380 497 430 ἀνάγκης
519 383 572 425 τῷ
597 379 718 429 εὖαγεῖ
737 383 824 425 οἴκῳ
839 382 1035 426 χρημάτων
1058 379 1191 425 δεηθῆ-

117 442 195 470 ναι,
231 429 362 469 ἐξεῖναι
385 430 458 462 τοῖς
478 425 608 463 τούτου
631 425 824 471 διοικηταῖς
847 424 1020 469 ἀκίνητον
1043 428 1192 481 πρᾶγμα

1328 288 1367 325 Si
1390 298 1473 324 vero
1498 289 1686 334 contigerit
1713 288 1870 335 aliquam
1900 288 2164 333 praedictarum
2194 298 2338 325 venera·

1259 335 1381 371 bilium
1416 334 1599 370 domorum
1634 335 1776 371 nomine
1809 334 1984 370 fiscalium
2019 333 2234 369 tributorum
2275 338 2340 369 aut

1260 380 1409 415 alterius
1433 379 1623 415 cuiuslibet
1645 379 1926 425 supervenientis
1950 379 2174 415 necessitatis
2190 389 2337 415 venera·

1261 425 1324 460 bili
1347 424 1468 460 domui
1498 425 1660 470 pecuniis
1683 435 1802 470 egere,
1833 425 1942 460 liceat
1971 425 2049 460 eius
2073 424 2339 460 ordinatoribus

118 471 371 508 ὑποτίθεσθαι
405 476 466 507 καὶ
497 470 623 507 δοῦναι
653 473 700 506 εἰς
731 471 850 506 ἰδικὸν
881 474 1056 518 ἐνέχυρον,
1087 472 1148 507 ἵνα
1171 485 1193 505 ο
1228 474 1248 505 5
1261 470 1474 505 immobilem
1497 480 1571 505 rem
1602 473 1689 513 [aut]
1713 479 1917 516 supponere
1948 473 1986 505 et
2008 469 2094 504 dare
2124 470 2160 504 in
2184 469 2340 515 speciale

119 516 307 562 δανειστὴς
329 521 479 563 νέμηται
508 518 551 553 τὸ
577 514 667 552 αὐτὸ
691 519 842 564 πρᾶγμα
871 521 932 551 καὶ
959 518 1042 552 τοὺς
1063 514 1193 552 τούτου

118 563 275 608 καρποὺς
299 560 515 609 ἇναλὲγηται
546 566 606 596 καὶ
628 562 811 609 λυγίζηται
838 563 955 605 ἑαυτῷ
987 562 1033 597 τὰ
1056 564 1124 607 μὲν
1145 563 1194 596 eis

119 605 212 642 αὐτὰ
243 607 288 642 τὰ
311 606 554 642 δανεισθέντα
582 607 764 653 χρήματα,
795 608 842 642 τὰ
867 605 907 641 δὲ
929 608 977 642 εἰς
998 605 1123 642 τόκους
1144 606 1194 652 μὴ

119 651 260 692 πλείους
291 654 355 687 τοῦ
386 652 560 698 τετάρτου
593 655 719 697 μέρους
751 654 815 706 τῆς
844 653 1047 706 ἑκατοστῆς.
1093 653 1125 687 εἰ
1157 650 1197 687 δὲ

1260 515 1400 560 pignus,
1435 517 1476 550 ut
1502 515 1660 567 creditor
1690 515 1875 568 possideat
1909 515 2058 550 eandem
2088 525 2162 567 rem
2197 519 2233 550 et
2263 515 2339 567 eius

1260 561 1402 612 fructus
1431 559 1585 612 colligat·
1604 563 1641 596 et
1669 563 1811 613 reputet
1842 560 1912 596 sibi
1941 563 2015 596 tam
2044 560 2083 595 in
2114 560 2170 613 his
2195 560 2339 595 credltls

1262 614 1762 695 Effare¹¹¹¹¹¹2332¹¹¹oe3¹oe¹33323
1787 617 1858 686 ”3¹²
1871 606 2220 696 ἓὲἕῖεᾙῗὲἓὶᾓ
2257 615 2340 686 ”3¹³3

118 696 353 742 καταβάλωσι
384 697 426 732 τὸ
457 700 555 751 χρέος
585 698 621 732 οἱ
650 710 875 743 προεστῶτες
904 711 968 732 του
999 694 1112 732 αὐτοῦ
1139 694 1195 731 εὖ·
1210 698 1339 731 lotum
1373 695 1570 739 praepositi
1604 696 1760 731 eiusdem
1794 696 2005 732 venerabilis
2038 696 2163 732 domus
2198 699 2262 730 aut
2295 705 2342 731 ex

119 744 225 788 αγοῧς
247 743 343 777 οἴκου
366 739 389 785 ἢ
412 745 451 776 ἐκ
470 756 547 777 των
565 744 718 787 καρπῶν
740 742 921 790 πληρωθῇ
952 741 973 777 ὁ
998 741 1195 786 δανειστής,

119 787 338 844 §gaud-&civ
360 787 474 822 πάλιν
495 787 539 822 τὸ
564 790 714 835 πρᾶγμα
738 790 799 823 ἐπὶ
821 789 889 824 τὸν
904 786 1015 835 εὐαγῆ
1035 788 1135 823 οἶκον
1157 787 1196 828 ἐξ

118 844 161 867 ου
185 836 246 867 καὶ
268 830 422 867 δέδοται.

1263 740 1440 776 fructibus
1460 740 1696 784 adimpleatur
1717 741 1906 783 creditum,
1932 741 2056 776 redeat
2074 741 2199 777 iterum
2219 751 2276 776 res
2294 740 2340 776 ad

1263 785 1497 821 venerabilem
1522 785 1664 821 domum
1688 795 1731 821 ex
1755 796 1825 831 qua
1848 787 1934 822 data
1956 790 2020 822 est.

1120 899 1277 936 CAPUT
1300 900 1346 936 V.

191 956 261 992 Τὰς
288 956 329 992 δὲ
344 959 374 991 a!

471 958 581 992 εύσεις
611 960 672 990 καὶ
703 954 894 1001 ὑποθήκας
921 961 983 991 καὶ
1009 957 1074 992 τὰς
1105 954 1196 1002 ὑπὲρ

1329 955 1583 1000 Emphyteosis
1614 965 1697 991 vero
1729 957 1765 991 et
1794 955 2015 1000 hypothecas
2046 960 2082 991 et
2113 956 2208 991 ultra
2238 957 2341 1002 quin-

119 1007 340 1040 πενταετίαν
362 1001 564 1048 μισθώσεις
582 1001 795 1081 βουλοίμεθα
816 1002 989 1056 γίνεσθαι
1011 1002 1110 1048 παρὰ
1127 1004 1195 1047 μὲν
1211 1003 1251 1036 15
1263 1002 1456 1054 quennium
1476 1001 1639 1036 volumus
1671 999 1750 1036 fieri
1772 1010 1795 1035 a
1818 1000 2043 1036 sanctissima
2072 1002 2205 1037 maiore
2228 1002 2342 1038 eccle-

699 1062 722 1091 η

119 1051 183 1092 τῆς
205 1046 408 1095 ἁγιωτάτης
435 1047 588 1095 μεγάλης
619 1050 679 1082 έκκ
723 1052 802 1082 σίας
830 1059 895 1091 της
915 1046 1100 1092 βασιλίδος
1128 1046 1195 1082 πό-

234 1092 363 1141 γνώμῃ
396 1097 456 1128 καὶ
478 1096 678 1128 συναινέσει
707 1094 772 1127 τοῦ
800 1092 1080 1139 μακαριωτάτου
1109 1091 1195 1127 ταύ-

119 1150 182 1183 της
201 1136 482 1195 ἀργιεπισκόπου
504 1142 563 1172 καὶ
586 1139 817 1193 πατριάρχου,
841 1135 1038 1193 ὖμνιέντων
1059 1137 1194 1184 παρόν-

1263 1046 1318 1082 sia
1340 1056 1458 1091 regiae
1476 1045 1629 1081 civitatis
1654 1046 1873 1081 conscientia
1897 1050 1932 1081 et
1952 1057 2129 1082 consensu
2148 1047 2342 1082 beatissimi

1263 1091 1368 1127 huius
1403 1090 1558 1127 civitatis
1592 1091 1753 1136 episcopi
1788 1095 1825 1126 et
1859 1091 2104 1137 patriarchae,
2139 1093 2342 1128 iurantibus

1263 1137 1514 1183 praesentibus
1537 1136 1603 1172 deo
1622 1136 1835 1173 amabilibus
1856 1137 2059 1172 oeconomis
2082 1142 2117 1172 et
2138 1137 2342 1173 cartulariis

121 1196 180 1219 τος
211 1186 322 1218 αυτοῦ
345 1186 424 1219 τῶν
441 1197 482 1218 τε
498 1182 797 1228 θεοφιλεστατων
819 1185 1021 1228 οἰκονομῶν
1043 1186 1103 1217 καὶ
1117 1185 1197 1218 τῶν
1265 1182 1423 1218 eiusdem
1445 1181 1690 1218 sanctissimae
1713 1182 1856 1217 maioris
1879 1182 2063 1226 ecclesiae,
2095 1183 2179 1227 quia
2201 1193 2274 1218 nou
2297 1182 2343 1218 ad

120 1228 391 1285 χμρτουλαρίῳν
410 1230 472 1272 τῆς
487 1225 595 1271 αὐτῆς
603 1226 814 1283 ρὰγιωτνάτης
828 1227 980 1283 μεγάλης
1002 1228 1196 1273 ἐκκλησίας,
1210 1229 1252 1262 20
1265 1228 1582 1281 praescriptionem
1611 1227 1698 1263 iuris
1729 1228 1805 1263 eius
1836 1231 2045 1263 contractus
2075 1228 2271 1273 efficiatur-3
2303 1227 2345 1263 in

121 1286 171 1309 ως
204 1287 247 1308 ου
286 1286 377 1320 προς
415 1287 640 1320 περιγραφην
678 1287 757 1308 των
795 1286 927 1317 ταυτης
963 1272 1116 1309 δικαίων
1151 1274 1196 1308 τό

121 1318 353 1366 συνάλλαγμα
375 1323 528 1366 γίνεται·
564 1322 626 1353 ἐπὶ
656 1317 695 1353 δὲ
724 1322 798 1353 τοῖς
819 1317 938 1354 ἄλλοις
959 1317 1124 1366 εὗσγέσιν
1146 1319 1198 1353 οἴ-

120 1376 209 1407 κοις,
233 1366 265 1398 εἰ
278 1367 345 1408 μέν
362 1366 431 1398 εἰσι
445 1363 709 1410 χαρτουλάριοι,
734 1361 864 1398 αὐτοὺς
876 1364 945 1399 τὸν
958 1365 1039 1399 ἴσον
1057 1363 1198 1410 τρόπον

121 1408 276 1454 ὀμνύναι
301 1409 481 1454 παρόντος
503 1411 568 1443 τοῦ
581 1410 818 1464 Ιπροεστῶτος
839 1411 903 1444 τοῦ
919 1406 1067 1457 εὐαγοῦς
1089 1409 1197 1451 οἴκου,

1266 1275 1346 1308 alus
1380 1283 1465 1309 vero
1498 1272 1761 1308 venerabilibus
1797 1273 1978 1314 domibus,
2018 1273 2049 1308 si
2083 1273 2222 1318 quidem
2258 1277 2344 1309 sunt

1267 1318 1469 1362 cartularii,
1499 1318 1599 1363 ipsos
1630 1318 1773 1363 aequali
1804 1318 1908 1354 modo
1938 1318 2059 1353 iurare
2089 1321 2277 1363 praesente
2299 1329 2342 1354 eo

1266 1364 1326 1409 qui
1349 1366 1494 1409 praeest
1522 1363 1716 1412 venerabili
1738 1363 1874 1407 domui,
1913 1363 1944 1399 si
1967 1374 2050 1399 vero
2073 1375 2144 1399 non
2168 1365 2240 1400 sint
2264 1373 2343 1399 car-

1266 1410 1403 1451 tularii,
1434 1419 1500 1454 per
1524 1418 1596 1461 eos·
1611 1409 1672 1454 qui
1693 1411 1868 1454 praesunt
1897 1409 2156 1444 venerabilibus
2180 1409 2344 1444 domibus

121 1456 152 1489 εἰ
175 1452 216 1489 δὲ
235 1454 286 1511 μή
316 1456 384 1489 εἰσι
414 1454 680 1510 &ambul-agnon,
713 1452 843 1489 αὐτοὺς
865 1455 947 1490 τοὺς
967 1457 1199 1500 προεστῶτας
1211 1455 1252 1489 25
1266 1455 1459 1500 propositis
1483 1458 1618 1490 sanctis
1637 1454 1828 1499 evangeliis
1854 1459 2078 1489 contractum
2102 1454 2180 1490 fieri
2202 1454 2240 1490 in
2256 1454 2344 1490 scri·

120 1501 199 1535 τῶν
220 1501 363 1547 ευαγῶν
394 1513 504 1534 οικων
528 1502 776 1545 προκειμένων
805 1501 882 1534 τῶν
907 1498 1025 1547 ἁγίων
1053 1498 1196 1547 εὐαγγε-

122 1544 212 1580 λίων
240 1545 283 1580 τὸ
311 1544 543 1592 συνάλλαγμα
575 1545 763 1580 ποιεῖσθαι
791 1547 1072 1592 ἐγγραφομένους
1100 1543 1193 1590 μεθ’

121 1587 230 1636 ὅρκου
254 1593 328 1625 τοῖς
349 1589 526 1625 τοιούτοις
548 1589 785 1634 συμβολαίοις,
816 1589 865 1625 ὠς
886 1588 929 1625 οὗ
944 1591 1035 1636 πρὸς
1082 1589 1198 1635 λάβην

121 1634 145 1680 ἢ
159 1635 383 1682 περιγραφὴν
398 1636 462 1670 τοῦ
475 1633 624 1690 ετῖιαγοῦς
637 1636 734 1691 οἴκου
743 1640 883 1682 γίνεται
899 1636 942 1671 τὸ
955 1647 1023 1671 συν
1034 1636 1043 1645 ’
1112 1649 1195 1683 γμα.

1265 1500 1336 1544 ptis
1367 1510 1448 1536 cum
1470 1499 1700 1535 iureiurando
1729 1499 1931 1535 huiusmodi
1961 1500 2217 1543 instrumentis,
2248 1499 2345 1545 quod

1264 1556 1336 1581 non
1371 1545 1418 1581 ad
1451 1545 1643 1580 laesionem
1682 1548 1747 1580 aut
1780 1545 2098 1591 praescriptionem
2134 1545 2345 1581 venerabilis

1265 1591 1391 1626 domus
1416 1594 1622 1626 contractus
1646 1589 1813 1626 efficitur.

215 1684 291 1715 Τοῖς
322 1679 362 1715 δὲ
390 1682 590 1737 οἰκονομοιξ
624 1683 683 1714 καὶ
714 1681 1002 1727 ορφανοτρόφοις
1034 1684 1094 1716 καὶ
1124 1684 1198 1716 τοῖς
1209 1682 1288 1717 301
1356 1679 1567 1715 Oeconomis
1602 1690 1685 1716 vero
1719 1683 1756 1716 et
1791 1679 2094 1725 orphanotrophis
2129 1681 2166 1714 et
2200 1678 2346 1724 reliquis

122 1727 200 1761 τῶν
216 1725 356 1761 λοιπῶν
378 1724 522 1773 εὖαγων
544 1739 655 1760 οικων
674 1724 877 1770 διοικηταῖς,

902 1728 956 1782 ἔτ)
977 1740 1019 1773 γε
1039 1726 1114 1771 μὴν
1137 1729 1198 1760 καὶ
1264 1725 1519 1761 venerabilium
1554 1725 1739 1761 domorum
1772 1725 2055 1767 ordinatoribus,
2099 1734 2166 1760 nec
2200 1735 2273 1760 non
2310 1727 2347 1760 et

122 1774 196 1806 τοῖς
218 1770 373 1806 πάντων
395 1769 674 1816 χαρτουλαρίοις,
705 1774 765 1805 καὶ
788 1775 862 1806 τοῖς
884 1784 1027 1806 τουτων
1053 1773 1202 1818 γονεῦσι
1266 1770 1429 1806 omnibus
1453 1771 1656 1806 cartulariis
1686 1772 1723 1806 et
1747 1770 1956 1815 parentibus
1979 1780 2103 1806 eorum
2133 1773 2170 1805 et
2195 1769 2279 1805 filiis
2310 1772 2346 1804 et

122 1830 163 1851 τε
185 1819 246 1851 καὶ
267 1819 374 1851 παισὶ
397 1819 458 1850 καὶ
478 1820 553 1850 τοῖς
575 1815 696 1851 ἄλλοις
716 1819 788 1851 τοῖς
803 1817 896 1851 κατὰ
919 1820 1020 1863 γένος
1035 1813 1155 1851 αὐτοῖς
1175 1814 1200 1860 ἢ

1266 1817 1358 1860 aliis,
1382 1816 1444 1861 qui
1465 1826 1532 1860 per
1547 1825 1659 1860 genus
1683 1825 1736 1851 εις
1759 1816 1814 1851 vel
1837 1816 2041 1860 nuptiarum
2064 1816 2142 1850 iure
2165 1815 2346 1850 coniuncti

122 1862 163 1895 ἐκ
171 1863 331 1916 γαμικοῦ
350 1859 487 1895 δικαίου
505 1863 786 1916 συναπτομένοιὲ
805 1859 1075 1910 ἆπαγορεύομεν
1090 1863 1199 1916 ἐμφυ-
1268 1864 1371 1903 sunt,
1411 1861 1654 1896 interdicimus
1667 1906 1677 1915 ·
1688 1861 1941 1914 emphyteosin·
1973 1864 2010 1896 et
2041 1860 2239 1912 locationes
2274 1860 2347 1896 sive

122 1917 257 1941 τιυσεις
270 1919 310 1941 τε
329 1909 389 1940 καὶ
402 1906 603 1951 μισθώσεις
624 1920 734 1953 ηγουν
757 1906 946 1962 υποθῆκας
973 1920 1200 1954 πραγματων
1212 1910 1255 1943 35
1267 1906 1488 1952 hypothecas
1517 1916 1636 1942 rerum
1658 1916 1754 1951 >ipsis
1776 1906 2037 1941 venerabilibus
2062 1906 2225 1941 domibus
2249 1915 2346 1940 com-

122 1955 197 2004 τοῖς
212 1948 332 1986 αὐτοῖς
354 1950 520 1998 εὐαγέσιν
538 1951 645 1986 οἴκοις
667 1964 923 1998 προςηκοντων
940 1950 964 1997 ἢ
984 1949 1036 1987 δι’
1059 1953 1201 1987 ἑαυτῶν

122 2010 144 2039 η
166 1994 227 2032 διὰ
245 1997 473 2043 παρενθέτου
496 1996 687 2043 προςώπου
709 1996 920 2043 λαμβάνειν,
938 1995 1201 2045 γινωσκόντων

1267 1952 1462 1998 petentium
1491 1954 1558 1987 aut
1578 1962 1645 1997 per
1666 1953 1778 2005 semet
1799 1952 1899 2005 ipsos
1927 1955 1990 2004 aut
2012 1961 2075 1996 per
2098 1950 2347 2004 interpositam

1267 2007 1457 2043 personam
1479 1997 1662 2042 accipere,
1693 1997 1890 2033 solentibus
1912 2006 1981 2040 eis,
2014 2007 2107 2041 quod
2131 2007 2163 2031 s1
2185 1996 2258 2031 tale
2280 1996 2345 2030 ah·

191 2078 219 2100 c.
231 2065 291 2100 IV
310 2078 341 2099 υ.
357 2067 438 2109 Bsq.
462 2078 583 2100 summa
606 2079 645 2100 ex
668 2067 745 2100 Ath.
768 2069 923 2110 repetitur
946 2069 979 2101 in
996 2068 1167 2110 pai-atilli:
1190 2067 1266 2101 Ath.
1283 2068 1323 2101 1'1
1340 2071 1356 2106 5
1372 2074 1396 2100 ¹.

191 2123 219 2145 c.
238 2110 274 2144 V
290 2111 311 2152 ξ
326 2113 342 2145 1
369 2111 518 2144 clausula
536 2113 700 2145 immutata
725 2119 812 2145 extat
834 2114 867 2145 in
890 2113 1049 2146 Prochiro
1076 2113 1127 2154 15,
1148 2119 1165 2145 6
1191 2113 1279 2154 (inde
1303 2118 1454 2153 excerpta
1477 2112 1511 2144 in
1534 2111 1683 2154 Epitome
1707 2113 1739 2152 7,
1756 2118 1788 2145 41
1809 2124 1844 2155 p.
1867 2111 1934 2145 329
1957 2110 2085 2151 Zach.)‚
2117 2110 2226 2142 eadem
2251 2122 2290 2142 ex
2309 2109 2346 2142 B

368 2157 506 2199 repetita
523 2156 638 2198 leqitur
653 2158 685 2189 in
699 2156 877 2190 Nomoc.‘¹¹¹¹
891 2158 953 2190 XI
959 2158 1045 2191 Vtit.
1062 2159 1114 2197 10,
1128 2165 1141 2191 1
1157 2164 1187 2190 et
1201 2158 1235 2190 in
1251 2155 1405 2190 Names*
1426 2157 1458 2197 8,
1470 2163 1513 2190 13.
1529 2175 1575 2180 -
1598 2157 1760 2189 Summam
1779 2157 1877 2189 habet
1893 2155 2026 2190 Numae.
2040 2155 2104 2188 XI
2108 2155 2195 2188 Vrii.
2212 2156 2262 2194 10,
2277 2162 2300 2188 1.

257 2231 320 2267 Iv.
367 2231 507 2275 Quodsi
526 2233 718 2278 contiqerit
740 2233 899 2279 aliquam
926 2244 977 2270 ex
995 2233 1193 2280 praedictis
1214 2231 1475 2269 venerabilibus
1496 2231 1661 2267 domibus
1682 2232 1828 2267 nomine
1847 2231 2027 2276 fiscalium
2051 2231 2268 2266 tributorum
2291 2230 2349 2266 vel

126 2277 222 2313 alius
244 2276 432 2313 cuiuslibet
454 2278 677 2312 necessitatis
699 2278 895 2313 venerabili
923 2278 1047 2314 domui
1067 2289 1110 2313 su
1138 2278 1351 2314 crvcnientis
1379 2278 1536 2323 pecunia
1558 2277 1732 2322 indiqere,
1765 2276 1871 2311 liceat
1894 2275 2248 2311 administratoribus
2269 2276 2347 2312 eius

126 2332 200 2357 rem
218 2321 429 2357 immobilem
452 2321 675 2368 hypothecae
695 2323 857 2368 obliqare
875 2327 912 2358 et
929 2323 968 2358 in
986 2323 1087 2369 speci
1124 2334 1145 2359 e
1161 2323 1303 2374 piqnus
1321 2322 1421 2363 darc,
1445 2328 1485 2356 ut
1505 2321 1663 2356 creditor
1682 2320 1829 2356 eandem
1849 2331 1926 2356 rem
1942 2320 2130 2367 possideat
2147 2325 2184 2355 et
2198 2321 2347 2365 fructus

126 2368 204 2403 eius
226 2366 378 2419 colliqat
398 2366 467 2402 sibi
492 2378 536 2402 ue
559 2367 708 2418 imputet
724 2367 865 2414 partim
892 2367 930 2419 in
954 2368 1063 2419 ipsas·
1081 2378 1255 2420 pecunias
1278 2366 1434 2402 creditas
1453 2366 1598 2445 ἔανιίηι
1628 2367 1666 2401 in
1689 2376 1821 2401 usuras
1843 2370 1977 2445 quarta
2001 2370 2113 2412 parte
2135 2366 2347 2401 centesimae

1824 2421 1844 2446 e

126 2422 200 2447 non
231 2422 396 2446 mores.

501 2411 580 2446 odsi
611 2411 766 2447 debitum
796 2412 971 2448 solverint
1000 2423 1061 2458 qui
1086 2412 1198 2448 eidem
1229 2411 1424 2447 venerabili

1478 2411 1577 2445 omui
1594 2415 1774 2457 praesunt
1803 2421 1824 2446 v
1887 2421 1938 2447 ex
1955 2409 2142 2457 fructibus
2173 2409 2350 2446 creditori

126 2457 293 2502 satisfiat,
317 2467 377 2491 res
398 2467 526 2491 rursus
548 2456 598 2491 ad
619 2456 853 2492 venerabilem
876 2457 1019 2492 domum
1043 2468 1066 2492 α
1090 2468 1163 2503 qua
1186 2456 1275 2492 data
1297 2461 1351 2492 est
1372 2455 1506 2491 redeat.

263 2501 307 2537 V.
355 2499 616 2548 Emphyteuses
639 2507 756 2538 autem
780 2506 816 2537 et
837 2501 1061 2548 hypothecas
1082 2508 1116 2539 et
1139 2502 1238 2537 ultra
1262 2502 1544 2548 quinquennium
1567 2500 1768 2536 locationes
1789 2500 1952 2536 volumus
1968 2500 2054 2545 fieri
2075 2510 2100 2535 a
2118 2500 2348 2536 sanctissima

128 2545 270 2600 quidem
292 2546 430 2581 maiore
459 2547 608 2582 ecclesia
631 2548 756 2592 reqiae
784 2546 940 2582 civitatis
962 2547 1148 2583 voluntate
1178 2551 1214 2582 et
1236 2556 1412 2582 consensu
1436 2546 1630 2581 beatissimi
1657 2546 1735 2581 eius
1756 2545 2023 2591 archiepiscopi
2043 2548 2080 2581 et
2098 2545 2346 2591 patriarchae,

128 2590 332 2628 iurantibus
353 2602 396 2626 eo
413 2596 610 2638 praesente
632 2596 669 2627 et
691 2591 758 2627 deo
782 2591 980 2627 carissimis
1002 2592 1206 2628 oeconomis
1234 2596 1271 2627 et
1293 2590 1528 2627 chartulariis
1548 2590 1706 2626 eiusdem
1727 2591 1975 2626 sanctissimae
2005 2590 2156 2625 maioris
2178 2590 2347 2626 ecclesiae

128 2640 352 2672 contractam
383 2646 457 2671 non
480 2636 530 2671 ad
551 2636 917 2683 circumscriptionem
947 2638 1040 2672 iuris
1068 2637 1146 2673 eius
1164 2636 1248 2682 fieri
1254 2649 1271 2678 ;
1303 2636 1341 2670 in
1363 2635 1515 2682 reliquis
1546 2646 1630 2671 vero
1654 2635 1915 2671 venerabilibus
1936 2634 2119 2676 domibus,
2148 2635 2184 2670 si
2204 2635 2347 2680 quidem

129 2681 346 2716 chartularii
365 2686 460 2723 sunt,
484 2691 547 2716 eos
567 2681 680 2716 simili
698 2682 806 2717 modo
829 2681 954 2717 iurare
968 2686 1167 2728 praesente
1198 2692 1241 2717 co
1265 2682 1332 2728 qui
1351 2680 1548 2717 venerabili
1567 2679 1690 2715 domui
1705 2684 1874 2728 praeest,
1903 2681 1960 2715 sin
1983 2680 2076 2715 nulli
2096 2683 2180 2715 sunt
2202 2679 2347 2715 chartu-

129 2727 224 2768 larii,
248 2726 349 2778 ipsos
367 2726 431 2772 qui
452 2725 712 2761 venerabilibus
733 2726 894 2763 domibus
910 2732 1092 2773 praesunt
1103 2727 1313 2779 propositis
1333 2726 1450 2762 sacris
1469 2725 1665 2805 evzndqeliis
1681 2729 1890 2760 contractus
1900 2725 2029 2772 facere
2051 2729 2087 2761 et
2111 2724 2347 2761 imciwando

123 2774 304 2818 praestito
334 2781 373 2806 in
403 2771 578 2806 eiusmodi
606 2772 853 2807 instrumentis
880 2772 1037 2807 scribere
1066 2783 1139 2807 non
1168 2782 1207 2807 in
1229 2770 1400 2816 fraudem
1430 2771 1487 2806 vel

128 2819 151 2853 1
194 2816 278 2862 fieri
299 2819 533 2851 contractum.

1586 2771 1950 2817 circumscriptionem
1978 2769 2192 2806 venerabilis
2218 2769 2348 2805 domus

628 2815 851 2852 Oeconomos
873 2821 990 2852 autem
1014 2821 1051 2852 et
1072 2815 1392 2864 orphanotrophos
1421 2820 1457 2851 et
1478 2815 1701 2861 reliquarum
1725 2815 1979 2851 venerabilium
2003 2814 2173 2850 domuum
2195 2814 2345 2850 admixti-

127 2866 316 2904 stratores‚
337 2871 382 2896 ac
400 2866 594 2907 praeterea
617 2862 773 2896 omnium
797 2861 1049 2904 chartularios,
1073 2873 1269 2908 eorumque
1290 2866 1325 2897 et
1347 2865 1520 2907 parentes
1542 2865 1577 2896 et
1602 2859 1735 2896 liberos
1756 2866 1792 2896 et
1811 2866 1948 2896 ceteros
1970 2861 2035 2907 qui
2053 2860 2270 2906 coqnatione
2292 2859 2349 2895 vel

128 2906 324 2951 affinitatis
346 2906 426 2941 iure
447 2906 521 2941 illis
543 2906 728 2942 coniuncti
746 2911 848 2948 sunt,
880 2911 1038 2942 vetamus
1067 2906 1316 2953 emphyteuses
1343 2910 1380 2941 et
1402 2906 1601 2941 locationes
1629 2905 1704 2941 sive
1726 2905 1949 2952 hypothecas
1979 2916 2101 2942 rerum
2130 2904 2180 2940 ad
2205 2904 2347 2940 easdem

128 2950 347 2987 venerabiles
369 2950 492 2986 domos
505 2951 765 2998 pertinentium
794 2953 868 2987 sive
885 2962 957 2998 per
977 2962 1017 2986 se
1038 2953 1113 2987 sive
1138 2963 1208 2998 per
1230 2951 1482 2997 interpositam
1499 2960 1695 2996 personam
1718 2951 1902 2998 accipere,
1934 2961 2014 2986 cum
2035 2951 2172 2992 sciant,
2204 2950 2239 2984 si
2259 2948 2349 2995 quid

197 3043 216 3075 '1
240 3037 452 3087 ἀναλέγεται
479 3042 578 3076 ov.1.
598 3041 611 3086 ss
632 3040 810 3088 λογίζεται
838 3043 906 3076 Ου.
922 3043 955 3084 L,
971 3043 1022 3076 Βο
1040 3042 1053 3086 [1
1077 3044 1118 3077 10
1139 3038 1201 3075 αὗ-

128 3087 194 3120 τοῦ
215 3099 274 3120 σπι.
292 3088 320 3120 C
328 3099 357 3120 v.
372 3088 392 3119 l.
418 3086 431 3130 Ι
458 3089 497 3121 11
523 3083 543 3119 ὁ
569 3083 767 3129 δανειστὴς]
800 3087 962 3120 creditum
986 3099 1005 3123 ς
1034 3087 1048 3131 ΙΙ
1076 3089 1118 3121 12
1139 3088 1202 3121 ἑπ-

130 3129 272 3183 ανρλθη
295 3131 373 3175 B‘fl
398 3133 440 3165 15
453 3128 742 3186 Ι,μισθώσεις-01η.
767 3131 817 3176 ςΙΙ
842 3134 883 3184 18.
906 3128 1201 3176 ἇρχιεπισκόπου]

131 3186 275 3227 eplsoop}
298 3176 347 3219 ςΙ
368 3187 547 3220 παροντος
570 3179 692 3218 αυτου]
717 3178 945 3220 praesentibus
965 3178 1015 3219 ςΙ
1039 3179 1079 3212 19
1103 3180 1203 3211 verba

131 3221 192 3253 καὶ
218 3232 296 3253 των
324 3219 594 3265 χαρτουλαρίων
619 3230 695 3266 post
724 3219 920 3266 ὄμνύντων
942 3224 1011 3265 (18)
1043 3223 1115 3256 coll.
1137 3223 1168 3256 L
1190 3224 1202 3266 ss

133 3265 177 3315 21.)Ι
198 3263 494 3319 χαρτουλλαρίων,
510 3267 558 3318 ²¹2¹
573 3269 618 3308 (et
638 3269 686 3300 sic
708 3269 797 3311 infra
812 3270 890 3311 sere
913 3263 1201 3322 constan'ternaezt}

132 3317 209 3386 ἶῖἷῗς
218 3321 277 3392 ‘3¹¹1'
292 3309 367 3387 {⁴⁷7}
386 3311 616 3398 ²}›a‘50'3'n303
625 3311 653 3391 c!
664 3312 991 3395 ιῖξοῖνὲᾝαῇῗαν
1002 3323 1201 3402 ᾗῖῗηζὶσῖιῗῐ

135 3399 178 3431 36
193 3394 217 3438 ἢ
233 3393 283 3430 δι’
303 3398 332 3432 G
391 3400 457 3431 och.
472 3368 580 3440 effa]
604 3395 658 3433 δι’
673 3401 783 3434 MLB
798 3402 811 3444 ΙΙ
828 3382 871 3436 31
893 3399 953 3435 διὰ
979 3382 1037 3434 om.
1051 3356 1204 3438 Noniae-J

134 3443 208 3483 8,13
220 3447 231 3485 »k
243 3453 295 3476 πα
319 3441 484 3475 ενθέτων
494 3442 697 3487 προςώπων
708 3446 824 3479 Proch.
833 3459 862 3479 v.
872 3447 905 3489 L,
916 3447 1094 3481 Nemeam
1105 3450 1158 3489 10,
1166 3455 1181 3482 1
1193 3448 1205 3490 ΙΙ

135 3484 260 3530 λαβεῖν
320 3491 443 3520 omae-'⁸
456 3490 509 3529 10,
520 3496 535 3522 1

203 3620 223 3652 3
246 3619 422 3651 necessitas
445 3619 493 3652 Β*
526 3629 746 3653 nenoteanes
765 3620 815 3654 γ’
839 3620 854 3664 Ι
880 3622 903 3655 4
926 3622 1010 3664 eius]
1035 3636 1097 3654 aa·
1119 3624 1171 3658 V¹
1193 3623 1206 3669 n

136 3665 156 3697 5
174 3665 232 3696 aut
248 3664 310 3696 del.
326 3662 446 3706 Becku
463 3665 507 3704 et]
531 3666 590 3697 aut
603 3666 691 3708 vuly.
709 3665 722 3708 Ι
739 3667 760 3699 6
777 3667 816 3698 ut
832 3665 895 3706 T2]
920 3669 954 3699 et
969 3668 1089 3701 RVT¹
1107 3667 1120 3711 Ι
1135 3678 1204 3702 cro-

136 3708 301 3742 ditoribus
315 3709 348 3742 T
356 3709 366 3729 ¹
390 3709 568 3742 creditores
582 3709 633 3743 Τ*
642 3708 656 3754 ss
665 3709 853 3753 possideant
866 3710 924 3754 ΤΙ
940 3714 960 3746 7
974 3711 1137 3755 colligant
1151 3713 1185 3746 T
1193 3716 1205 3756 ss

1269 3043 1423 3084 reputent
1438 3040 1488 3074 T²
1506 3039 1519 3084 Ι
1534 3040 1668 3073 creditis
1683 3041 1785 3084 καφ]
1809 3040 1948 3073 redditis
1967 3040 2129 3080 (redditus
2149 3039 2212 3081 1⁷⁸)
2237 3039 2315 3071 libri

1269 3088 1290 3120 9
1302 3089 1454 3128 quartam
1465 3088 1594 3129 partem
1607 3086 1693 3127 libri,
1706 3098 1788 3119 corr.
1798 3086 1893 3118 Beck
1904 3086 1958 3127 (cfi
1966 3085 2045 3126 Iul.)
2056 3084 2069 3129 ΙΙ
2079 3083 2277 3127 pei-soluerit
2293 3083 2324 3114 R
2341 3092 2346 3124 1

1273 3134 1309 3165 11
1337 3131 1500 3164 creditum
1520 3130 1688 3163 redditum
1710 3130 1824 3164 redeat
1847 3131 1898 3164 T⁰
1915 3130 1927 3173 ΙΙ
1948 3132 1988 3163 14
2001 3132 2088 3162 rubr.
2109 3127 2346 3160 Iusiurandum

1269 3176 1466 3209 clericorum
1482 3177 1556 3210 Tin
1573 3188 1676 3218 ’κατ-9.
1692 3175 1705 3220 fl
1723 3186 1801 3208 vero
1818 3177 1862 3216 et]
1886 3178 1919 3208 et
1943 3187 2001 3208 om.
2022 3174 2071 3206 1⁷¹
2089 3173 2102 3214 ΙΙ
2120 3174 2159 3206 15
2180 3171 2344 3212 volumus]

1268 3220 1448 3254 locationes
1462 3220 1617 3254 uolumus
1631 3221 1664 3253 T
1669 3220 1692 3260 ⁸,
1709 3221 1801 3253 Beck
1817 3220 1830 3263 ΙΙ
1850 3221 1891 3253 16
1905 3220 1998 3260 regia
2018 3218 2067 3251 1⁷¹
2085 3216 2097 3260 ΙΙ
2113 3227 2188 3249 cum
2205 3215 2345 3247 scientia

1272 3266 1322 3299 T²
1337 3265 1350 3310 Ι
1368 3266 1468 3299 huius
1489 3265 1671 3299 beatissimi
1697 3265 1760 3308 ΤΙΙ
1788 3266 1826 3298 18
1850 3262 2087 3307 praesentibus]
2112 3262 2281 3311 praesente
2306 3270 2344 3292 eo

1271 3311 1365 3344 Beck
1382 3311 1395 3353 11
1419 3313 1459 3345 19
1484 3311 1563 3352 quia
1578 3312 1659 3351 non]
1683 3320 1767 3351 qnae
1782 3319 1848 3342 non
1865 3308 1913 3341 R¹
1946 3307 2034 3349 quod
2056 3316 2124 3338 non
2143 3305 2192 3337 Β*
2223 3315 2283 3346 qni
2302 3307 2344 3338 aii

1270 3357 1304 3396 (i.
1319 3369 1345 3389 e.
1365 3358 1456 3395 ante)
1483 3357 1515 3389 T
1521 3355 1533 3376 ¹
1550 3355 1562 3397 Ι
1579 3356 1621 3389 20
1644 3354 1916 3397 perscriptionem
1938 3352 1992 3394 Vn
2018 3353 2058 3384 21
2085 3351 2154 3400 sint
2176 3349 2309 3392 Ιίνιιις.
2331 3349 2345 3391 Ι

1271 3401 1315 3434 22
1337 3400 1404 3444 ipsi
1428 3400 1483 3443 ΤΙΙ
1507 3401 1619 3433 iurare
1642 3399 1692 3432 R²
1703 3400 1800 3440 only]
1831 3407 1910 3429 cura
1933 3400 1966 3427 et
1989 3394 2098 3427 R¹T¹
2129 3403 2242 3426 ltu-are
2264 3403 2344 3426 aura

1269 3447 1362 3486 (cura
1386 3447 1447 3479 del.
1466 3445 1529 3487 V⁸)
1553 3448 1586 3477 et
1606 3445 1637 3476 V
1655 3444 1767 3476 iurent
1782 3442 1833 3475 Τ2
1857 3441 1870 3483 fl
1899 3441 1940 3473 23
1965 3450 2049 3481 quae
2072 3439 2106 3471 R
2127 3438 2142 3481 Ι
2166 3441 2247 3471 suut
2273 3439 2306 3471 T
2331 3439 2345 3479 Ι

1271 3491 1316 3524 24
1330 3501 1390 3534 per
1405 3501 1461 3523 eos
1477 3490 1537 3533 qui
1554 3490 1600 3529 T]
1626 3498 1680 3520 eos
1695 3488 1753 3529 qui
1766 3486 1816 3518 R¹
1838 3498 1944 3515 .....
1964 3484 2013 3517 V²
2036 3483 2077 3515 ab
2094 3483 2147 3515 his
2161 3482 2221 3524 qui
2236 3482 2344 3516 R’V‘

1270 3536 1356 3579 vulq.
1375 3535 1388 3578 fl
1405 3536 1446 3568 25
1459 3532 1655 3577 praepositis
1667 3533 1700 3564 R
1716 3534 1728 3573 ΙΙ
1747 3531 1788 3564 26
1803 3529 2028 3569 iureiurando]
2044 3527 2157 3560 addito
2170 3526 2343 3569 (aditam)

1273 3581 1349 3613 add.
1363 3579 1414 3613 Β2
1425 3581 1524 3623 only„
1547 3575 1781 3610 conscribendo
1805 3575 1841 3605 in
1866 3575 1943 3606 add.
1958 3573 2056 3606 schol.
2072 3572 2104 3605 T
2123 3572 2137 3615 Ι
2160 3573 2203 3606 33
2226 3574 2342 3614 genus]

1270 3635 1332 3667 geo
1357 3624 1407 3657 R¹
1424 3624 1436 3666 Ι
1454 3625 1500 3656 eis
1521 3623 1566 3664 V]
1588 3634 1646 3654 om.
1660 3619 1753 3661 RTn
1770 3620 1813 3653 34
1837 3618 2008 3660 enphiteoa
2034 3617 2085 3650 T⁸
2115 3617 2343 3660 enphiteoseos

1276 3668 1327 3703 Τ2
1348 3668 1362 3712 ΙΙ
1388 3669 1429 3702 35
1455 3664 1714 3710 competentibus
1738 3662 1786 3695 Β*
1798 3662 1848 3695 T¹
1870 3662 1883 3706 Ι
1907 3664 1948 3696 37
1974 3662 2045 3695 eius
2070 3661 2120 3696 T¹
2149 3661 2163 3706 Ι
2189 3660 2278 3706 quod
2300 3662 2343 3705 si]

1273 3712 1333 3754 qui
1351 3712 1402 3746 V¹
1419 3713 1432 3756 Ι
1448 3711 1577 3753 aliquid
1599 3708 1666 3742 tale
1687 3708 1722 3741 R
