2476 3854
136 128 245 172 Nov.
276 127 496 172 CXXVIII
529 132 547 170 1
1193 123 1278 172 636
1937 141 1998 173 nn·
2027 141 2366 196 commolimus·

175 236 272 285 <Ἐπ
282 239 464 286 ίλογος.)
516 239 587 273 Τόν
610 236 778 283 παρόντα
798 240 923 271 τοίνυν
945 237 1091 284 γενικὸν
1114 234 1217 282 ἡμῶν
1351 238 1633 319 <Efilogum>
1679 240 1909 277 Praesentem
1938 240 2045 286 igitur
2072 241 2272 286 generalem
2295 251 2361 278 no-

130 283 245 329 νόμον
270 283 379 328 δῆλον
410 282 431 328 ἡ
458 284 501 327 σὴ
527 282 717 326 ἐνδοξότης
741 282 882 325 ποιήσει
914 279 975 316 διὰ
999 284 1076 317 τῶν
1099 294 1214 318 συνει-
1283 287 1395 320 stram
1432 294 1530 329 egem
1552 284 1776 321 manifestam
1804 286 1868 321 tua
1890 286 2004 331 gloria
2025 285 2136 322 faciat
2158 296 2222 332 pel·
2244 286 2362 323 edicta

132 331 324 375 θἰσμένων
357 328 506 364 ἰδίκτων
536 332 609 363 τοῖς
641 341 679 363 τε
710 327 778 370 τὴν
806 326 966 373 μεγάλην
989 326 1134 381 «ταύτην
1165 329 1214 363 oi·
1284 329 1470 365 sollemnia
1493 332 1530 366 et
1552 329 1609 366 his
1633 331 1692 376 qui
1715 331 1810 366 hanc
1829 331 2017 367 maximam
2042 331 2218 368 civitatem
2241 334 2278 367 et
2299 331 2362 376 qui

132 377 234 409 κοῦσι
251 374 361 410 πόλιν
378 377 450 408 τοῖς
465 387 504 407 τε
521 374 584 408 τὰς
600 375 771 418 ἐπαρχίας
787 373 958 416 οἰκοῦσιν,
976 384 1063 407 ωςτε
1077 371 1216 419 μηδένα
1310 374 1486 411 rovincias
1510 375 1690 418 habitant,
1721 379 1763 411 ut
1784 376 1904 412 nullus
1935 376 2090 413 omnium
2121 385 2214 422 quae
2236 376 2283 412 ad
2303 386 2361 413 sa-

132 421 209 455 τιῦν
233 419 387 455 πάντων
418 419 465 453 τὰ
497 420 557 453 ἐπὶ
578 422 741 463 σωτηρίᾳ
771 419 874 465 κοινῇ
897 418 1216 464 νενομοθετημένα
1253 422 1271 454 5
1300 423 1395 456 utem
1419 430 1639 457 communem
1663 420 1802 457 Sancsta
1826 423 1911 458 sunt
1933 431 1957 458 a
1979 421 2083 458 nobis
2106 421 2252 467 ignoret.

132 462 222 510 παρ’
250 462 354 510 ἡμῶν
380 461 565 510 ἀγνοῆσαι.
657 464 742 498 Dat.
769 463 805 499 k.
831 462 928 509 Sept.
955 463 1023 499 GP.
1049 464 1133 509 imp.
1156 465 1215 501 dn.

132 510 320 545 Iustiniani
344 520 405 554 pp.
423 509 515 554 Aug.
542 519 635 545 anno
652 508 766 545 XX11.
792 511 876 554 post
895 518 990 545 cons.
1013 509 1137 544 Basilii
1161 521 1214 545 vc.

132 565 225 591 anno
242 555 323 590 VII.
348 555 421 590 ind,
438 555 503 590 XI.
1078 558 1121 597 [a.
1136 557 1215 597 548]

631 780 717 824 P—lffl
1517 791 1714 829 CXXVIII.
1760 791 1872 828 Auth.
1883 791 2078 829 CXXXIII.
2093 792 2179 828 coll.
2188 790 2241 828 IX
2254 791 2310 828 tit.
2321 794 2363 828 14

200 859 380 913 ΠΕΡΙ
410 858 557 911 ΤΗΣ
585 857 734 910 ΤΩΝ
766 857 1152 912 ΔΗΜΟΣΙῼΝ
1231 862 1331 911 wR
1364 861 1457 910 DE
1492 860 2011 913 COLLATORIBUS
2055 862 2146 912 ET
2180 859 2362 911 ALIIS

133 926 494 980 ΑΝῩΣΕῼΣ
545 924 685 978 ΚΑΙ
737 924 995 978 ΚΑΤΑΒ
1007 927 1216 980 ΟΛΗΣ
1610 929 1968 981 CAPITULIS
2000 930 2052 980 R

195 993 337 1047 ΚΑΙ
365 992 657 1046 ΕΤΕΡῼΝ
693 992 796 1045 ΚΕ
807 992 1160 1046 ΦΑΛΑΙῼΝ.

153 1071 191 1108 ‘0
215 1070 323 1108 αὐτὸς
352 1072 519 1118 βασιλεὺς
543 1075 672 1116 Πέτρῳ
703 1071 757 1130 τῷ
789 1068 1016 1116 ἐνδοξοτάτῳ
1047 1073 1193 1120 ἐπάρχῳ
1618 1073 1717 1110 idem
1733 1074 1824 1118 Aug.
1841 1072 1950 1109 Petro
1965 1084 2026 1119 pp.

552 1129 799 1162 πραιτωριων.

1145 1208 1300 1244 CAPUT
1324 1209 1353 1245 Ι.

194 1271 286 1310 Ὅσα
309 1274 399 1319 πρὸς
423 1271 602 1320 ὠφέλειαν
625 1275 703 1310 τῶν
726 1272 911 1320 ἡμετέρων
935 1273 1125 1311 ὑποτελῶν
1148 1272 1216 1322 ὁρᾷ
1234 1280 1274 1312 15
1351 1276 1604 1321 Quaecumque
1635 1276 1680 1312 ad
1703 1276 1891 1314 utilitatem
1921 1278 2124 1312 nostrorum
2155 1275 2366 1312 collatorum

134 1318 399 1362 σπουδάζοντες
423 1318 719 1363 διαπράττεσθαι
748 1323 809 1355 καὶ
831 1320 900 1356 τὸν
924 1319 1093 1365 παρόντα
1115 1321 1217 1356 vith-
1286 1322 1484 1367 respiciunt
1505 1322 1707 1368 (studentes
1725 1321 1895 1376 perficere
1913 1323 1951 1357 et
1964 1325 2185 1367 praesentem
2201 1322 2366 1367 ponimns

132 1380 200 1411 μεν
216 1364 344 1410 νόμον,
369 1362 420 1399 δι’
440 1365 482 1399 οὑ
504 1366 743 1410 θεσπίζομεν,
768 1366 861 1400 κατὰ
886 1365 952 1401 τὸν
967 1363 1116 1401 Ἰούλιον
1138 1366 1218 1410 ἢτοι
1286 1367 1414 1411 legem,
1438 1377 1503 1412 per
1518 1378 1624 1421 quam
1641 1367 1838 1413 sanemus)
1860 1377 1926 1412 per
1940 1366 2069 1402 Iulium
2090 1367 2146 1402 vel
2164 1367 2366 1411 Augustum

133 1410 349 1459 Αὔγουστον
371 1412 470 1455 μῆνα
493 1411 577 1455 μιᾶς
600 1410 750 1454 ἑκάστης
775 1409 1018 1456 ἐπινεμήσεως
1041 1411 1106 1446 τὰς
1122 1425 1218 1457 μερι-
1286 1422 1442 1448 mensem
1474 1413 1757 1459 umuscuiusque
1789 1412 1995 1448 indictionis
2026 1412 2260 1456 particulares
2294 1412 2365 1448 dis·

133 1458 196 1492 κάς
226 1454 467 1492 διατυπώσεις
497 1456 576 1491 τῶν
599 1455 816 1491 συντελειῶν
843 1458 904 1500 τῆς
925 1455 1119 1501 μελλούσης
1143 1459 1218 1492 ἐπι-
1287 1458 1484 1503 positiones
1520 1459 1749 1494 collationum
1790 1458 1933 1494 futurae
1966 1457 2170 1494 indictionis
2211 1458 2251 1493 in
2284 1456 2366 1494 foro

134 1501 316 1547 νεμήσεως
346 1503 386 1537 ἐν
409 1502 462 1544 τῷ
488 1500 708 1547 δικαστηρίῳ
739 1504 816 1537 τῶν
840 1501 990 1546 ἑκάστης
1013 1500 1220 1546 διοικήσεως
1232 1505 1274 1538 20
1287 1504 1568 1549 uniuscuiusque
1605 1504 1757 1540 diocesis
1794 1503 2127 1548 gloriosissimorum
2162 1505 2367 1539 nostrorum

135 1544 387 1588 ἐνδοξοτάτων
406 1544 512 1591 ἡμῶν
532 1545 703 1592 ἐπάρχων
724 1550 986 1592 πραττομένων
1007 1545 1217 1592 ὑπομνημά-
1287 1549 1551 1594 praefectorum
1578 1549 1645 1585 sub
1670 1549 1892 1586 confectione
1921 1549 2232 1585 monumentorum
2253 1549 2366 1584 mani·

134 1607 213 1628 των
236 1593 505 1639 φανεροῦσθαι,
530 1591 773 1647 σημαινούσας
795 1592 838 1627 τὸ
864 1589 1005 1628 ὁπόσον
1029 1594 1069 1628 ἐν
1084 1593 1218 1641 ἑκάστῃ
1286 1594 1430 1638 festari,
1472 1594 1693 1631 declarantes
1728 1598 1899 1640 quantum
1934 1594 2126 1646 unicuique
2163 1593 2367 1639 provinciae

136 1640 290 1684 ἐπαρχίᾳ
313 1637 394 1681 ἤτοι
423 1635 528 1673 πόλει
557 1639 649 1683 νπὲρ
680 1638 832 1672 ἑκάστου
863 1637 983 1685 ἰούγου
1018 1636 1041 1682 ἢ
1072 1637 1219 1673 ἰουλίων
1288 1639 1362 1675 sive
1385 1639 1520 1675 civitati
1549 1650 1614 1685 pro
1639 1649 1853 1685 unoquoque
1875 1639 1958 1684 iugo
1985 1641 2049 1674 aut
2070 1638 2166 1675 mliis
2196 1640 2262 1674 aut
2283 1648 2366 1675 cen-

135 1682 158 1727 ἢ
181 1687 400 1728 κεντουρίων
431 1681 455 1726 ἢ
481 1681 603 1717 ἄλλων
627 1681 853 1726 οἱωνὸήποτε
884 1680 1080 1728 ὀνομάτων
1109 1685 1218 1719 τοῦτο
1287 1685 1390 1720 turiis
1418 1686 1482 1720 aut
1503 1685 1575 1721 alio
1599 1686 1757 1730 quolibet
1779 1689 1853 1720 tam
1875 1685 1913 1720 in
1937 1685 2056 1730 specie
2088 1693 2195 1730 quam
2216 1683 2254 1719 in
2277 1693 2366 1720 auro

134 1731 201 1773 μὲν
235 1730 275 1763 έν
305 1726 391 1762 εἴδει
424 1728 533 1762 τοῦτο
568 1726 608 1762 δὲ
638 1730 678 1763 ἐν
708 1732 841 1774 χρυσίῳ
879 1726 1064 1773 δημοσίων
1098 1730 1219 1764 ἕνεκεν
1232 1732 1274 1765 25
1287 1729 1463 1766 fiscalium
1480 1740 1589 1766 causa
1604 1731 1773 1772 imminet,
1797 1729 1995 1765 indicantes
2012 1738 2152 1782 quoque
2168 1729 2367 1775 specierum

136 1776 331 1816 ἐπίκειται,
364 1773 586 1819 φανερούσας
611 1771 651 1807 δὲ
674 1777 734 1808 καὶ
757 1775 834 1808 τῶν
857 1772 967 1809 εἰδῶν
997 1774 1067 1818 τὴν
1091 1773 1218 1810 ἀποτί-
1288 1775 1570 1811 aestimationem
1602 1775 1796 1811 secundum
1828 1784 1985 1811 mensam
2021 1778 2056 1810 et
2085 1785 2123 1810 m
2151 1783 2368 1820 unoquoque

135 1831 247 1863 μησιν
270 1818 362 1853 κατὰ
386 1817 453 1861 τὴν
475 1817 662 1863 τράπεζαν
690 1822 750 1853 καὶ
781 1817 850 1862 τὴν
881 1821 922 1853 ἐν
944 1817 1087 1863 ἑκάστῳ
1111 1817 1219 1864 τόπῳ
1599 1845 1602 1849 -

192 1911 279 1945 Nov.
297 1911 399 1944 CXX
407 1910 499 1944 VIII
509 1911 675 1951 (Anthent.
693 1910 894 1944 CXXXIII
904 1927 949 1940 =
971 1911 1051 1944 Coll.
1064 1912 1124 1944 IX
1138 1913 1185 1946 tit.
1203 1914 1260 1946 14:
1283 1912 1395 1955 yloss.)
1424 1912 1549 1946 Graece
1565 1919 1651 1946 extat
1667 1913 1699 1946 in
1717 1912 1801 1954 ML,
1825 1923 1851 1945 c.
1870 1911 2004 1945 22-24
2020 1912 2052 1945 in
2070 1911 2104 1944 B
2121 1912 2153 1952 6,
2167 1918 2195 1952 3,
2209 1917 2250 1944 41.
2264 1917 2366 1949 11-143

132 1958 229 2000 prior
251 1968 333 2002 pars
351 1957 425 1999 suit
447 1957 481 1990 in
505 1956 541 1989 Β
565 1956 619 1997 56,
635 1963 668 1990 18
701 1957 763 1999 (βι.
787 1955 866 1990 τῶν
888 1954 1090 2000 βασιλικῶν
1112 1954 1165 1993 νς’
1190 1956 1301 2001 νεαρὰ
1326 1955 1401 2002 ρκη’
1426 1952 1500 1991 ἀπὸ
1531 1957 1594 2000 τῆς
1626 1953 1735 2002 ἀρχῆς,
1760 1953 1783 1999 ἦ
1813 1956 1925 2002 νεαρὰ
1955 1958 2057 2001 μέχρι
2081 1952 2286 2001 διαιρέσεως
2308 1953 2364 1999 »ιβ’

135 2002 233 2035 schol.
251 2002 307 2044 L),
331 2002 415 2034 unde
433 2002 618 2044 particulas
641 2003 782 2035 servavit
806 2002 854 2035 B*
880 2003 958 2043 (vid.
983 2003 1098 2045 infra).
1123 2021 1166 2026 —
1196 2003 1286 2047 Epie.
1302 2003 1424 2036 Theod.
1441 2003 1516 2045 128,
1539 2004 1660 2036 Athon.
1674 2004 1755 2045 20,1
1779 2003 1867 2044 (inde
1891 2008 2016 2045 partem
2039 2009 2186 2046 repetunt
2202 2002 2368 2046 paratitlo

135 2047 209 2080 Atli-
225 2048 247 2081 4
262 2051 277 2086 ἕ
290 2053 333 2089 21,
359 2047 413 2080 lib.
435 2047 518 2091 περὶ
542 2042 732 2091 διαφόρων
756 2041 1059 2093 ἀναγνωσμάτων
1080 2047 1102 2092 ξ
1117 2048 1159 2081 20
1179 2050 1218 2091 μ’
1236 2048 1298 2081 197
1316 2047 1520 2091 ΗείηιόαοῙι).
1566 2048 1689 2082 Iulian.
1713 2055 1812 2081 const.
1842 2048 1965 2081 CXXI
1970 2047 2006 2081 V.

267 2146 508 2199 Epiloyus.
555 2146 786 2184 Praesentem
809 2147 924 2199 iqitur
946 2147 1150 2194 qeneralem
1173 2147 1286 2195 leqem
1309 2151 1473 2184 nostram
1497 2152 1560 2184 tua
1577 2148 1697 2195 qloria
1720 2147 1951 2194 manifestam
1971 2158 2042 2199 per
2056 2150 2229 2184 consueta
2251 2146 2368 2183 edicta

134 2192 250 2240 faciet
272 2197 307 2228 et
329 2193 375 2228 iis
398 2193 464 2238 qui
484 2203 523 2227 tn
546 2192 615 2229 nac
638 2203 772 2239 maqna
795 2193 937 2229 civitate
959 2192 1127 2229 habitant
1148 2197 1184 2230 et
1207 2193 1270 2240 qui
1290 2193 1503 2240 provincias
1525 2193 1706 2237 incolunt,
1738 2196 1778 2229 ut
1800 2203 1903 2229 nemo
1929 2203 2087 2229 omnium
2109 2203 2153 2229 ea
2181 2202 2275 2240 quae
2294 2201 2367 2239 pro

136 2238 316 2275 communi
334 2237 452 2274 salute
475 2249 499 2274 a
521 2238 624 2275 nobis
644 2239 785 2275 sancita
807 2242 893 2274 sunt
913 2238 1069 2285 iqnoret.
1932 2248 1935 2251 ·

1157 2416 1349 2454 XXVIII.

216 2485 318 2536 ΒΕ
348 2485 815 2538 PUBLICORUM
842 2485 1306 2538 TRIBUTORIJM
1339 2485 1739 2538 EXACTIONE'
1771 2486 1867 2538 ΕΤ
1881 2445 2293 2538 ‘SOLIJTJONE

881 2553 976 2604 ET
997 2554 1202 2605 ALIIS
1238 2554 1624 2606 CAPITIBIJS.

670 2630 773 2668 Idem
794 2633 981 2679 Auqustus
996 2632 1108 2670 Petro
1131 2633 1395 2680 gloriosissimo
1412 2634 1610 2681 praefecto
1632 2632 1832 2680 praetorio.

270 2699 300 2735 Ῑ.
349 2698 435 2735 Cum
483 2710 703 2747 uaecumque
726 2699 776 2735 ad
798 2700 989 2737 utilitatem
1011 2700 1252 2737 subiectorum
1275 2704 1483 2737 nostrorum
1505 2705 1671 2748 spectant
1691 2700 1868 2747 perficere
1889 2698 2110 2743 studeamus,
2133 2698 2242 2735 etiam
2255 2708 2367 2747 prae-

135 2748 269 2781 sentem
302 2744 414 2791 leqem
443 2711 610 2797 flerimus,
642 2756 715 2791 qua
744 2746 936 2788 sancimus,
968 2750 1010 2782 ut
1036 2757 1155 2782 mense
1187 2746 1283 2782 Iulio
1306 2746 1363 2783 vel
1383 2747 1548 2799 Auqusto
1579 2745 1860 2792 uniuscuiusque
1890 2744 2096 2781 indictionis
2125 2743 2368 2790 particulares

136 2790 380 2836 dele-cationes
405 2789 619 2826 tributorum
647 2790 802 2836 futurae
832 2791 1039 2827 indictionis
1068 2792 1107 2826 in
1130 2791 1264 2828 iudicio
1324 2792 1639 2828 lorioszssimorum
1657 2791 1843 2837 ¹cuiusque
1865 2789 2069 2827 dioeceseos
2094 2789 2368 2836 praefectorum

135 2840 344 2871 nostrorum
368 2835 459 2870 actis
483 2835 661 2881 confectis
683 2836 902 2881 manifestae
922 2837 1032 2882 fiant,
1065 2847 1158 2883 quae
1180 2803 1384 2883 siqnilizent
1415 2841 1589 2883 quantum
1617 2837 1656 2871 in
1679 2846 1899 2882 unaquaque
1925 2834 2117 2882 provincia
2145 2833 2202 2870 vel
2223 2834 2368 2870 civitate

129 2891 204 2927 pro
228 2879 383 2926 sinqulis
412 2880 508 2925 iuqis
539 2879 594 2915 vel
623 2880 721 2915 iuliis
752 2881 808 2916 vel
836 2882 1009 2917 centuriis
1039 2882 1095 2918 vel
1125 2882 1405 2928 quibuscumque
1435 2881 1518 2918 aliis
1542 2881 1746 2918 nominibus
1777 2884 1850 2916 tam
1873 2881 1911 2916 in
1934 2880 2053 2927 specie
2082 2889 2188 2923 quam
2212 2878 2250 2914 in
2274 2888 2367 2914 auro

138 2925 351 2962 tributorum
373 2924 517 2960 nomine
540 2925 743 2971 impositum
766 2926 824 2969 sit,
848 2937 893 2961 ac
915 2927 1113 2974 specierum
1136 2938 1280 2974 quoque
1304 2927 1586 2964 aestimationem
1607 2927 1766 2963 indicent
1787 2925 1980 2962 secundum
2004 2934 2162 2960 mensam
2185 2927 2220 2960 et
2241 2933 2367 2959 secun-

182 3040 202 3072 6
215 3040 336 3072 subscr.
352 3050 408 3071 om·
424 3049 453 3077 ς,
471 3036 699 3071 ῘιαὺεηίΙαὶΜ
717 3037 730 3081 ΙΙ
745 3038 778 3071 k.
793 3040 867 3071 sert.
880 3039 926 3072 M
942 3039 1008 3072 kal.
1023 3039 1102 3073 setb.
1118 3039 1214 3079 Iul.⁶;
1288 3040 1438 3074 Cuiaeius
1463 3041 1510 3073 ad
1535 3039 1613 3073 Cod.
1640 3041 1692 3081 10,
1707 3039 1811 3080 27,2);
1845 3040 1886 3082 cf
1912 3038 1988 3079 637,
2001 3044 2054 3075 353
2089 3048 2160 3069 nov.
2187 3035 2320 3078 XVII,
2345 3036 2365 3070 8

136 3080 331 3118 καλανδῶν
350 3078 507 3116 Ἰουλίων
522 3083 611 3125 Aen,
633 3084 718 3126 μηνὶ
743 3082 937 3128 ἰανουαρίῳ
962 3086 1018 3128 (cs.
1034 3087 1080 3118 ad
1095 3087 1173 3127 634,
1187 3087 1216 3126 7)
1279 3098 1314 3128 p.
1330 3086 1445 3126 122,13
1463 3084 1475 3128 ΙΙ
1494 3085 1537 3119 24
1556 3081 1703 3117 *ἄλλων
1719 3079 1944 3125 οἱωνδήποτε
1967 3077 2184 3124 (οἱωδήποτε
2197 3081 2257 3124 Μ)
2282 3076 2367 3115 ὀνό-

141 3131 172 3163 T
169 3130 259 3163 lzeod.
277 3129 290 3172 ΙΙ
313 3138 409 3171 eonp.
433 3128 503 3171 inp.
528 3128 628 3161 donn,
651 3127 789 3160 iustian.
814 3139 889 3170 aug.
916 3140 992 3162 ann.
1007 3130 1114 3163 XXII
1136 3128 1216 3164 Iul!
1281 3142 1371 3174 ματι
1396 3130 1468 3163 ML
1502 3129 1569 3162 alio
1593 3128 1743 3170 quolibet
1766 3139 1796 3170 ς’,
1828 3129 1912 3162 unde
1935 3123 2091 3170 ὀνόματι
2114 3127 2276 3171 qtoesema
2298 3137 2368 3160 esse

136 3172 320 3218 βασιλείας
340 3169 595 3208 Ἰουστινιανοῦ
619 3172 662 3207 τὸ
683 3170 739 3216 κβ’
754 3174 829 3206 Aen.
860 3175 933 3207 ἔτει
956 3172 1013 3218 κβ’
1030 3175 1093 3218 τῆς
1112 3178 1216 3219 βασι-
1284 3177 1465 3209 arbitratur
1477 3174 1681 3213 Zachariam
1705 3174 1834 3207 correxi
1843 3168 2050 3216 ὀνομάτων,
2067 3172 2111 3251 (ᾗ
2125 3172 2248 3205 nov.X
2253 3171 2332 3215 VII,
2345 3171 2366 3206 8
2429 3187 2431 3190 ·

136 3219 231 3254 λείας
255 3221 376 3254 Theod.
413 3229 463 3262 cp.
480 3219 537 3252 dn.
552 3218 632 3252 inst.
656 3229 709 3261 pp.
727 3228 803 3259 aug.
822 3219 865 3251 M
888 3218 900 3262 ΙΙ
926 3222 943 3252 7
967 3222 1044 3262 post
1068 3231 1154 3253 cons.
1172 3239 1217 3246 —
1283 3216 1307 3262 ἢ
1323 3215 1560 3262 ὅπωςδήποτε
1584 3215 1631 3252 ἄν
1656 3214 1747 3251 αὐτὰ
1771 3217 1864 3251 κατὰ
1882 3217 2006 3261 χώραν
2024 3229 2069 3250 κα
2111 3218 2166 3250 ἵεν

137 3266 205 3299 ind.
218 3264 272 3298 XI
296 3266 354 3308 (cf.
371 3266 418 3298 ad
432 3266 510 3306 634,
523 3266 563 3307 7)]
588 3260 743 3304 ὑπατείᾳ
767 3261 957 3297 Βασιλείου
980 3263 1023 3297 τὸ
1042 3261 1076 3305 ζ’
1096 3263 1163 3299 ἰνδ.
1183 3264 1216 3298 α’
1285 3277 2366 3289 ——————-——-———-——-

136 3313 231 3353 (corr.
249 3306 311 3353 ια’)
338 3310 459 3344 ΤΙιεοιΙ.
498 3306 589 3353 μετὰ
609 3306 679 3352 τὴν
703 3305 881 3342 ὑπατείαν
904 3308 1092 3343 Βασιλείου
1115 3309 1158 3343 τὸ
1185 3305 1215 3351 ζ’
1355 3311 1370 3344 1
1403 3308 1591 3351 generalem
1620 3310 1767 3342 nostram
1799 3306 1848 3342 V²
1875 3309 1908 3341 in
1932 3314 2018 3351 spat.
2042 3319 2112 3341 vac.
2141 3306 2154 3351 ΙΙ
2183 3309 2203 3341 4
2232 3304 2365 3339 inhabi·
2434 3311 2435 3314 ’

137 3357 212 3389 Ath.
237 3357 312 3398 post
327 3366 413 3389 cons.
430 3355 542 3389 basilii
558 3353 668 3399 (uallL
683 3352 778 3396 Inest)
798 3363 875 3387 ann.
892 3358 984 3387 sexto
1000 3358 1062 3394 (vel
1077 3355 1138 3396 VI)
1152 3356 1215 3388 Iul.
1283 3356 1358 3387 tant
1384 3354 1415 3387 T
1433 3354 1445 3396 ΙΙ
1471 3355 1491 3387 5
1515 3355 1749 3397 subscriptione
1769 3360 1880 3387 carent
1901 3353 1978 3387 libri
1992 3351 2005 3396 ΙΙ
2030 3353 2050 3387 9
2074 3364 2146 3386 που.
2168 3352 2272 3386 CXX
2282 3348 2371 3385 VIII
2436 3358 2438 3361 '

137 3412 240 3434 conss.
255 3402 298 3434 M
310 3401 323 3444 ss
342 3403 477 3435 10rubr.
491 3403 629 3444 Περὶ-
641 3397 848 3444 κεφαλαίων
859 3399 943 3440 ML,
962 3400 993 3432 B
1004 3401 1111 3441 56,18]
1127 3402 1217 3446 Περὶ
1284 3401 1340 3441 (=
1353 3399 1448 3432 Aucta.
1468 3399 1682 3440 CXXXIII)
1707 3411 1765 3432 om.
1778 3399 1826 3440 R,
1852 3399 1885 3432 in
1904 3398 2073 3442 particula
2089 3399 2131 3431 ab
2148 3397 2255 3431 altera
2270 3406 2366 3430 mama

137 3445 385 3480 συντελεστῶν
400 3449 460 3479 καὶ
476 3443 600 3479 ἄλλων
615 3443 822 3490 κεφαλαίων
837 3445 911 3478 Atta.
927 3456 946 3481 ς
970 3446 1058 3488 Περὶ
1077 3444 1141 3478 τοῦ
1162 3445 1216 3478 de·
1281 3446 1464 3488 perscripta
1489 3445 1613 3477 exhibet
1641 3444 1673 3478 Τ
1707 3469 1715 3477 .
1735 3445 1800 3479 174
1826 3442 1839 3487 ΙΙ
1871 3444 1910 3477 10
1925 3444 2011 3477 rubr.
2033 3455 2091 3476 om.
2108 3442 2141 3476 T
2160 3442 2252 3485 (add.
2265 3438 2364 3474 schol.

136 3492 268 3534 legatov
292 3493 353 3524 καὶ
377 3487 671 3545 περῐκᾶριχόντων
696 3490 814 3542 Theoti-3
837 3489 850 3533 ΙΙ
876 3490 915 3523 13
941 3487 1086 3543 ἐπάρχω
1111 3500 1215 3534 πραι-
1285 3492 1318 3541 in
1333 3490 1448 3541 marq.)
1467 3487 1480 3533 ΙΙ
1503 3489 1678 3522 collationi
1702 3499 1746 3541 us.
1761 3489 1815 3541 Vn
1843 3489 1884 3523 13
1902 3488 1992 3521 Idem
2009 3497 2038 3521 a.
2060 3487 2158 3539 Vnt-J
2182 3486 2365 3562 Imperagor

136 3534 415 3615 Ξῗὲἕζῖἒᾌῗῖὶῗ
420 3539 531 3622 ‘iffi‘
536 3535 859 3614 Ξξῖτῗιὲσιτῗῑῖωέἷ.
869 3536 1036 3624 ἳῖζοῗῖ
1053 3542 1103 3614 ‘i'fi
1113 3533 1218 3613 {ital
1283 3534 1637 3612 ἓῑὲῗέἒεω-’ἷῖἒῃῖῑὲιᾷῗ
1648 3530 2365 3629 ιἠῗῗῗὲἷὶῗῗῖεηῖἷέιῖῗὲῖιὲῗῗᾶἰῗἷιῖίιῖἶ

138 3624 214 3659 λιον
228 3628 259 3659 L
277 3627 288 3669 ΙΙ
305 3623 396 3668 ἤτοι]
414 3624 437 3669 ἢ
454 3627 484 3659 L
502 3627 514 3669 11
534 3628 573 3661 21
601 3622 804 3670 *ὑπάρχων
818 3625 889 3658 ML
906 3625 918 3669 ΙΙ
936 3626 979 3660 22
1003 3625 1043 3658 ἐν
1066 3638 1125 3659 om.
1139 3625 1191 3658 L⁰
1205 3623 1217 3663 ΙΙ
1287 3627 1324 3659 17
1351 3624 1414 3665 vel]
1445 3624 1498 3657 uel
1523 3634 1582 3669 per
1608 3625 1641 3658 T
1662 3624 1674 3668 ΙΙ
1708 3625 1747 3659 18
1771 3623 1948 3657 inditionis
1969 3623 2013 3664 (et
2034 3624 2082 3657 sic
2105 3623 2196 3666 infra
2219 3633 2258 3654 sa
2301 3630 2349 3653 ιω

139 3672 179 3704 23
206 3670 324 3716 ἰούγου
348 3669 371 3713 ἢ
395 3670 540 3705 ἰουλίων
557 3673 598 3704 M
605 3674 635 3712 ς]
661 3670 775 3717 ἰούγγι
799 3669 945 3704 ἰουλίων
963 3671 995 3704 L
1027 3669 1173 3716 (ἰοὺγων
1192 3667 1216 3712 ἢ
1292 3669 1348 3714 Vn
1368 3670 1581 3713 particularis
1601 3669 1657 3713 Vl!
1680 3671 1722 3704 25
1746 3679 1918 3703 causarum
1944 3667 2007 3712 ΤΙΙ
2031 3668 2074 3703 26
2097 3676 2243 3702 mensam
2292 3663 2361 3707 ech]

137 3711 283 3749 οὗϊλίων
308 3717 518 3756 Ηαῖοαηάενς
555 3714 748 3762 ἰουγαλίων
776 3729 838 3760 pro
862 3712 1009 3749 οὗϊλίων
1035 3717 1217 3750 coniciebat
1282 3725 1469 3748 mensuram
1494 3717 1570 3749 libri
1589 3714 1601 3760 ΙΙ
1626 3718 1659 3748 et
1680 3715 1726 3756 T]
1751 3727 1810 3749 om.
1833 3713 1960 3759 Vvulq.
