2592 3840
236 59 276 103 N
277 73 341 104 ov.
358 60 499 103 LXIII
519 74 578 116 pr.
613 63 632 104 1

234 296 408 351 ΠΕΡΙ
442 231 976 349 ΚΑΙΝΟΤόἓἎΙῼΝ
1005 296 1151 350 ΤΗΣ
1171 299 1304 352 ΕΠΙ

358 364 608 418 ΘΑΛΑΣ
618 363 764 415 ΣΑΝ
795 364 1183 419 ΑΠΟΨΕῼΣ.
1274 382 1280 387 ·

233 440 267 476 ‘0
293 439 397 477 αὐτὸς
426 442 591 486 βασιλεὺς
624 445 796 496 Λογγίνῳ
830 440 974 489 ἐπάρχῳ
1005 446 1067 487 τῆς
1097 443 1305 490 εὐδαίμονος

612 499 744 531 ταυτης
768 485 914 523 πόλεως.

275 558 482 601 <Προοίμι
492 557 567 599 ον.)
604 557 757 612 Πρᾶγμα
776 554 929 603 δολερῶς
939 554 1132 603 γινόμενον
1148 559 1208 593 ἐπὶ
1220 557 1302 593 ταὺ-

231 612 292 644 της
316 602 375 643 τῆς
397 599 581 645 βασιλίδος
603 599 741 636 πολεως
772 604 854 645 περὶ
885 600 948 636 τὰς
970 603 1048 636 τῶν
1079 603 1189 638 οἴκων
1212 605 1301 637 οἰκο-

231 644 340 690 δομὰς
373 643 579 680 ἀναστεῖλαι
614 648 673 679 καὶ
706 647 971 693 ἐπανορθῶσαι
1003 645 1154 702 δίκαιον(
1173 646 1302 702 ἡγησά-

1308 57 1397 106 334

1732 78 1792 109 DE
1821 77 1927 111 NOVI
1957 77 2111 111 OPERIS
2139 79 2440 113 NUNTIATIONE

1749 233 1879 268 LXIII.
1926 233 2035 270 Auth.
2047 234 2174 271 LXVI.
2193 235 2322 272 Con.v
2334 236 2388 273 tit.
2401 240 2440 274 15

1420 301 1473 350 R
1505 301 1598 350 DE
1634 301 1801 353 NOVI
1836 302 2075 354 OPERIS
2111 305 2390 355 NUNTIA—

1424 367 1634 418 TIONE
1677 370 1920 420 MARINI
1954 370 2308 422 ASPEOTUS
2339 373 2390 423 R

1426 445 1515 491 Imp.
1541 445 1759 482 lastinianus
1782 447 1873 492 Aug.
1899 447 2060 493 Longino
2085 449 2267 494 praefecto
2291 449 2391 487 urbis

1739 492 2076 538 constantinopolis.

1427 558 1714 604 <Praefatio.>
1760 559 1912 595 Causam
1947 570 2038 605 quae
2074 561 2195 597 dolose
2229 562 2271 597 fit
2303 562 2341 597 in
2376 562 2443 599 hac

1373 605 1469 647 regia
1501 603 1642 640 civitate
1677 605 1772 640 circa
1808 605 1972 641 domuum
2007 606 2171 642 aedificia
2207 608 2373 643 cohibere
2406 612 2443 644 et

1373 648 1560 684 emendare
1586 649 1719 685 iustum
1749 650 1936 686 credimus.
1984 650 2076 696 Quia
2098 652 2191 687 enim
2215 653 2321 688 certis
2345 662 2442 688 men-

230 691 341 734 μεθα.
378 689 501 745 ἐπειδη
516 691 585 737 γὰρ
602 692 720 739 ῥητοῖς
736 694 878 746 μέτροις
894 690 1079 727 διεστάναι
1095 705 1176 727 τους
1190 696 1304 728 οὶκους
1372 694 1466 729 suris
1487 693 1620 730 distare
1644 693 1766 730 domos
1790 695 1836 731 ab
1859 696 2009 732 invicem
2029 696 2183 732 Zenonis
2207 698 2287 742 piae
2311 708 2441 734 memo·

230 734 394 779 ἀλλήλων
415 751 435 778 η

231 781 338 828 λέγει,
369 784 427 814 καὶ
451 782 547 826 ἡμεῖς
575 779 615 815 δὲ
637 782 780 816 τοιοῦτο
804 796 840 817 τι
863 783 1210 828 νενομοθετήκαμεν,
1243 787 1302 818 έπ-

229 827 333 867 ῆκται
362 825 402 859 δὲ
426 823 514 860 ὦςτε
544 827 604 861 ἐπὶ
634 826 766 871 ταύτης
793 829 854 871 τῆς
885 826 1069 872 βασιλίδος
1097 827 1233 863 πόλεως
1254 828 1304 874 μὴ

230 869 420 905 δύνασθαί
437 885 522 906 τινα
542 870 673 906 ἑκατὸν
692 870 822 907 ποδῶν
842 873 926 907 εἵσω
948 872 1099 908 κωλύειν
1119 873 1303 917 θαλάττης

454 739 620 779 Ζηνωνος
643 737 707 770 τοῦ
730 738 790 791 τῆς
814 739 978 781 ευσεβοῦς
996 737 1126 781 λήξεως
1146 737 1304 779 διάταξις
1318 743 1359 775 10
1372 739 1447 774 riae
1471 739 1678 775 constitutio
1702 739 1804 783 dicit,
1837 741 1900 777 sed
1923 745 1960 777 et
1981 752 2047 777 nos
2071 742 2206 787 aliquid
2228 743 2301 778 tale
2326 744 2441 779 sanci-

1371 784 1493 828 vimus,
1527 784 1685 829 sequitur
1709 787 1828 820 autem
1850 786 1887 820 in
1910 786 1978 822 hac
2002 787 2099 831 regia
2130 787 2219 823 urbe
2242 798 2314 824 non
2336 798 2442 833 posse

1372 829 1526 874 aliquem
1542 829 1638 865 intra
1652 834 1794 865 centum
1805 830 1912 875 pedes
1925 831 2113 876 prohibere
2127 833 2235 868 maris
2246 836 2440 878 aspectum,

1372 884 1446 909 rem
1481 874 1736 919 gratissimam:
1775 876 1964 920 oportebat
1999 876 2139 921 quidem
2173 877 2295 913 forsan
2329 882 2365 913 et
2398 888 2442 913 ex

228 915 379 961 ἄποψιν,
405 916 613 964 πράγματος
635 916 888 963 χαριεστάτου,
921 920 1027 963 ἐχρῆν
1048 921 1115 964 μὲν
1134 920 1221 954 ἴσως
1243 923 1303 953 καὶ
1372 930 1428 955 am
1455 919 1536 955 liori
1567 930 1735 955 mensura
1765 923 1932 966 aspectus
1964 922 2014 957 eis
2045 925 2170 967 patere
2206 926 2242 957 et
2276 933 2348 958 non
2380 933 2441 959 eos

229 963 267 995 ἐκ
291 960 451 996 πλείονος
473 965 603 1009 μέτρου
626 961 688 997 τὰς
711 960 863 1010 ἀπόψεις
885 960 1001 999 αὐτοῖς
1023 961 1212 1009 ἀνεῷχθαι
1242 967 1302 999 καὶ
1317 968 1358 1000 15
1372 976 1436 1010 pro
1465 965 1579 1008 ibere,
1613 964 1675 1001 sed
1697 968 1816 1001 tamen
1848 969 1883 1001 et
1905 966 1943 1001 in
1966 966 2036 1002 hoc
2058 967 2266 1011 inopinabili
2289 967 2441 1012 quadam

227 1006 276 1051 μὴ
296 1005 428 1041 ταύτας
451 1005 614 1050 κωλύειν,
645 1006 740 1051 πλὴν
771 1007 860 1043 ἀλλὰ
890 1011 950 1043 καὶ
975 1010 1082 1044 τοῦτο
1105 1007 1301 1058 παραδόξῳ

228 1055 300 1086 τινὶ
318 1052 649 1099 προςμεμηχάνηται
665 1056 782 1101 τέχνῃ.
817 1057 911 1089 τινες
929 1053 996 1102 γὰρ
1012 1053 1055 1089 τὸ
1075 1056 1152 1090 τῶν
1173 1055 1302 1090 ἑκατὸν

228 1096 354 1132 ποδῶν
385 1095 645 1133 καταλιπόντες
673 1102 807 1145 μέτρον
838 1097 860 1143 ἢ
890 1103 949 1133 καὶ
978 1098 1095 1179 §paxu
1125 1113 1162 1135 τι
1183 1098 1300 1143 τούτῳ

228 1143 454 1187 προςθέντες,
478 1144 555 1177 εἶτα
574 1141 775 1189 οἰκοδομεῖν
800 1146 911 1179 ἐκεῖσε
935 1142 975 1179 οὗ
1001 1147 1041 1179 ἐν
1063 1147 1188 1191 ἕτερον
1205 1147 1301 1189 ἔχον-

1371 1010 1621 1046 maehinantur
1640 1011 1728 1046 arte.
1776 1010 1928 1056 Quidam
1951 1012 2044 1047 enim
2069 1016 2209 1047 centum
2231 1012 2362 1057 pedum
2384 1022 2440 1047 re-

1370 1056 1394 1090 l·
1445 1059 1568 1091 nentes
1592 1065 1793 1091 mensuram
1817 1059 1881 1091 aut
1902 1056 2008 1092 etiam
2030 1066 2178 1102 parvum
2202 1057 2250 1092 ali
2274 1057 2335 1093 uid
2358 1057 2441 1092 huic

1370 1101 1415 1135 ad
1441 1104 1541 1136 entes
1571 1101 1697 1136 deinde
1727 1100 1918 1136 aedificant
1947 1102 1998 1138 ibi
2021 1101 2109 1137 nihil
2138 1102 2235 1138 aliud
2282 1102 2440 1145 abentes,

1371 1146 1433 1181 sed
1455 1149 1636 1191 tamquam
1659 1145 1803 1191 aliquod
1826 1147 1942 1182 velum
1964 1147 2125 1190 tendunt,
2155 1150 2191 1182 et
2215 1157 2295 1183 cum
2317 1148 2440 1184 abstu-

227 1200 298 1228 τες,
335 1185 423 1222 ἀλλὰ
453 1187 623 1236 καθάπερ
655 1203 692 1243 τι
723 1193 992 1243 παραπέτασμα
1023 1195 1302 1244 παρατείνοντα
1315 1193 1356 1226 20
1370 1191 1476 1226 ierint
1496 1192 1602 1226 maris
1620 1193 1805 1236 aspectum
1826 1201 1892 1237 per
1910 1202 2049 1227 omnem
2070 1194 2295 1238 potestatem,
2314 1194 2352 1228 et
2370 1203 2442 1228 non

228 1231 375 1267 ἐπειδὰν
405 1231 612 1280 ἀφέλωνται
641 1247 709 1277 την
732 1247 793 1279 της
823 1235 1009 1279 θαλάττης
1040 1247 1178 1292 αποφιν
1209 1234 1301 1270 κατὰ

227 1280 349 1313 πᾶσαν
373 1279 547 1321 ἐξουσίαν,
580 1279 621 1314 οὗ
643 1278 841 1325 μαχόμενοι
871 1282 925 1325 τῷ
949 1280 1052 1325 νόμῳ
1077 1279 1137 1316 δια
1157 1280 1200 1316 τὸ
1222 1282 1301 1316 τῶν

226 1323 356 1358 ἑκατὸν
386 1322 514 1359 ποδῶν
543 1323 723 1371 διάστημα
754 1323 863 1361 ἔνδον
892 1324 1141 1372 οἰκοδομοῦσιν
1163 1324 1299 1362 ἀκωλύ-

226 1380 314 1403 τως·
346 1373 405 1403 καί
429 1368 578 1404 ἐπειδὰν
597 1372 661 1405 τοῦ
687 1372 903 1416 ζητουμένου
927 1368 1079 1416 τύχοιεν,
1103 1373 1300 1419 καθαιροῦ-

1369 1241 1609 1282 repugnantes
1644 1236 1712 1281 legi
1745 1238 1894 1282 propter
1930 1239 2071 1273 centum
2108 1237 2238 1283 pedum
2274 1237 2439 1282 spatium,

1369 1282 1518 1317 interius
1551 1281 1743 1317 aedificant
1775 1282 1852 1318 sine
1881 1282 2138 1328 prohibitione3
2170 1285 2207 1318 et
2234 1282 2318 1318 dum
2345 1284 2441 1330 quod

1370 1330 1546 1372 quaerunt
1579 1327 1784 1372 potiuntur,
1830 1326 2013 1372 deponunt
2045 1327 2133 1364 illud
2166 1328 2261 1372 quod
2295 1331 2441 1373 propter

1370 1372 1559 1408 utilitatem
1583 1372 1630 1408 ab
1652 1373 1702 1408 eis
1731 1372 1959 1408 adinventum
1979 1376 2043 1415 est,
2068 1376 2105 1408 et
2126 1373 2178 1409 ita
2204 1374 2347 1409 schema
2370 1373 2439 1408 cir-

227 1427 286 1448 σιν
309 1416 423 1449 έκεῖνο
453 1415 495 1468 τὸ
527 1413 586 1449 διὰ
616 1415 683 1459 τὴν
706 1420 830 1471 χρείαν
861 1415 980 1471 αὖτόἴς
1011 1419 1300 1462 ἐπινενοημένον,
1314 1419 1356 1452 25
1371 1418 1631 1453 cumvenientes
1656 1418 1752 1453 omni
1775 1417 1959 1463 voluptate
1983 1423 2168 1454 extraneas
2193 1427 2439 1463 possessorum

226 1463 285 1493 καὶ
305 1457 401 1513 οὕτω
425 1474 468 1495 το
477 1462 604 1514 ,σχῆμα
627 1472 860 1507 σοφισαμενοι
883 1473 999 1516 πασης
1021 1466 1065 1497 τέ
1085 1474 1181 1509 ψεως
1200 1460 1299 1497 ἀλλο-

1371 1463 1594 1499 constituunt
1617 1463 1751 1499 domos.
1799 1463 1902 1508 Quod
1925 1464 1970 1500 de
2001 1467 2119 1500 cetero
2150 1463 2227 1499 fieri
2250 1463 2348 1499 nullo
2371 1473 2432 1499 vo-

225 1509 325 1551 τριάς
350 1517 412 1540 τας
441 1520 520 1540 των
543 1510 771 1552 κεκτημένων
798 1507 1020 1542 καθιστασιν
1043 1513 1162 1543 oculas.
1211 1504 1300 1555 ὅπερ
1369 1508 1485 1544 lumus
1509 1509 1624 1544 modo.

226 1553 288 1583 τοῦ
314 1550 439 1586 λοιποῦ
462 1552 634 1598 γίνεσθαι
657 1549 740 1587 κατ’
763 1550 895 1587 οὐδένα
918 1550 1128 1598 βουλόμεθα
1152 1552 1300 1600 τρόπον.

281 1683 363 1721 ἀλλ’
390 1687 426 1721 εἴ
451 1698 507 1741 τις
528 1687 694 1732 βούλοιτο
717 1687 860 1723 τοιοῦτό
887 1700 924 1723 τι
947 1686 1133 1731 σχεδιάσαι
1157 1691 1217 1722 καὶ
1241 1702 1300 1723 κα-

1415 1689 1485 1725 Sed
1509 1690 1539 1725 si
1563 1689 1642 1735 quis
1666 1690 1817 1726 voluerit
1839 1690 1913 1726 tale
1933 1690 2065 1735 aliquid
2086 1691 2286 1736 excogitare
2306 1695 2346 1727 ‘et
2364 1702 2438 1727 ma-

225 1733 435 1779 κουργῆσαι,
462 1746 512 1778 μη
542 1734 692 1767 τοιαῦτα
725 1735 903 1777 παιζέτω,
935 1730 1018 1768 ἀλλ’
1044 1733 1144 1779 εἴπερ
1175 1733 1302 1768 τούτου
1315 1735 1514 1780 301ignari,
1546 1745 1618 1770 non
1649 1735 1768 1771 taliter
1796 1736 1916 1778 ludat,
1951 1737 2014 1771 sed
2045 1736 2078 1772 si
2108 1737 2178 1773 hoc
2204 1738 2341 1782 eguerit
2373 1748 2437 1783 pro

269 1811 353 1845 Nov.
367 1811 504 1846 LXIII
517 1813 680 1855 (Anthene.
694 1814 766 1847 LX
774 1814 825 1847 VI
833 1830 878 1844 ==
895 1814 974 1849 Gon.
990 1814 1026 1847 V
1035 1815 1081 1848 tit.
1097 1815 1151 1857 15)
1175 1814 1300 1848 Graece
1313 1822 1400 1848 extat
1412 1816 1445 1849 in
1458 1814 1543 1858 ML,
1567 1817 1671 1849 maior
1685 1827 1769 1859 pars
1791 1815 1846 1856 (—
1859 1814 1920 1857 τῆς
1932 1810 2103 1861 ἀπόψεως
2114 1812 2306 1861 ἁρπαζέτω
2319 1818 2395 1859 335,
2409 1822 2438 1862 7)

224 1858 390 1913 ige—58,
404 1866 444 1899 ιι,
459 1865 491 1892 13
514 1859 579 1900 (Be
589 1871 624 1901 p.
639 1860 706 1893 394
719 1860 847 1902 zuen).
869 1878 914 1884 —
934 1859 1023 1903 Epic.
1040 1859 1160 1893 Theou.
1175 1860 1230 1901 63,
1253 1861 1373 1894 Αιιιαη.
1393 1860 1447 1903 21,
1461 1867 1489 1894 2.
1536 1861 1656 1895 Iulian.
1675 1867 1772 1895 comt.
1787 1859 1907 1894 LVII.

2297 1913 2372 1918 -.„....-
2379 1912 2423 1919 ----

266 2024 367 2076 DE
396 2024 491 2077 No
501 2024 612 2077 VIS
649 2024 870 2077 OPERI
871 2025 1000 2076 BUS
1030 1958 1462 2084 PROSPLICHYIIJI
1490 2027 1576 2079 IN
1603 2027 1813 2080 MARE
1833 2027 2391 2080 'OFFICIENTIBUS

774 2092 876 2129 Idem
897 2095 1084 2140 Augustus
1107 2093 1274 2141 Lonqino
1292 2096 1488 2142 praefecto
1513 2095 1619 2131 huius
1639 2095 1764 2142 felicis
1785 2095 1893 2131 urbis.

364 2160 626 2207 Praefatio.
673 2160 781 2205 Quod
801 2161 840 2196 in
863 2160 932 2197 hac
954 2161 1058 2208 reqia
1081 2162 1224 2198 civitate
1245 2163 1501 2208 fraudulenter
1521 2163 1567 2209 fit
1595 2164 1634 2199 in
1664 2163 1840 2209 aedificiis
1867 2165 2098 2201 exstruendis
2127 2169 2169 2201 ut
2197 2164 2439 2203 cohibet-emus

224 2214 333 2255 atque
355 2207 624 2244 emendaremus
639 2218 718 2254 par
741 2217 818 2243 esse
841 2206 1136 2243 existimavimus.
1191 2207 1285 2244 Nam
1309 2220 1389 2245 cum
1412 2209 1521 2245 certis
1542 2208 1674 2256 spatiis
1696 2209 1823 2245 domos
1845 2220 1869 2244 a
1891 2220 1930 2245 se
1951 2210 2100 2246 invicem
2123 2210 2260 2246 distare
2285 2210 2440 2247 Zenonis

221 2255 306 2300 piae
327 2253 521 2289 memoriae
544 2252 753 2289 constitutio
776 2252 910 2295 iubeat,
941 2254 977 2288 et
998 2263 1067 2288 nos
1097 2263 1243 2299 quoque
1267 2253 1339 2290 tale
1370 2254 1459 2300 quid
1489 2254 1568 2300 leqe
1590 2254 1892 2296 constituerimuS,
1919 2254 2037 2300 sitque
2058 2254 2108 2291 ibi
2131 2255 2371 2292 introductum
2395 2268 2440 2293 ne

224 2299 306 2345 quis
327 2299 366 2334 in
389 2297 458 2334 lzac
480 2298 584 2345 reqia
607 2298 752 2334 civitate
773 2297 873 2333 intra
897 2301 1037 2334 centum
1058 2298 1169 2345 pedes
1184 2303 1423 2346 prospectum
1446 2299 1484 2335 in
1508 2310 1618 2342 mare,
1642 2310 1715 2335 rem
1735 2299 2040 2343 iucundissimam,
2063 2300 2237 2347 impedire
2253 2302 2377 2347 possit
2395 2321 2436 2328 -

224 2345 297 2380 etsi·
312 2345 415 2395 forte
439 2355 518 2391 par
547 2347 628 2380 erat
650 2354 699 2380 ea:
723 2343 889 2390 lonqiore
919 2343 1026 2379 etiam
1049 2343 1171 2390 spatio
1194 2343 1388 2392 adspectus
1403 2349 1537 2392 patere
1567 2345 1613 2380 iis
1635 2355 1750 2391 neque
1772 2344 1940 2391 impediri
1961 2365 2024 2388 —,

2062 2350 2179 2381 tamen
2206 2345 2275 2381 hoc
2298 2357 2440 2393 quoque

223 2389 400 2436 sinqulare
426 2388 582 2435 quodam
603 2388 759 2434 artificio
778 2388 875 2424 ultro
897 2392 1005 2425 attem
1034 2392 1146 2425 tatum
1166 2394 1230 2425 est.
1278 2389 1457 2426 Nonnulli
1479 2390 1572 2426 enim
1594 2389 1786 2427 intervallo
1807 2394 1947 2426 centum
1964 2390 2100 2437 pedum
2122 2391 2250 2427 relicto
2273 2391 2330 2428 vel
2348 2391 2439 2428 adeo

220 2446 339 2481 parvo
363 2434 520 2481 quodam
543 2435 664 2487 spatio
689 2433 827 2470 adiecto
851 2433 944 2469 nihil
965 2444 988 2468 a
1003 2433 1068 2469 tud
1090 2433 1191 2480 quod
1212 2434 1403 2481 aedificent
1425 2434 1605 2478 habentes,
1630 2434 1694 2471 sed
1713 2435 1819 2482 quasi
1836 2435 2019 2515 quoddam
2040 2440 2197 2483 tapetum
2218 2435 2440 2473 obtendenda

225 2480 287 2515 ubi
301 2491 396 2526 pros
423 2483 538 2516 ectum
559 2491 599 2515 in
621 2490 721 2516 mare
743 2490 824 2515 cum
848 2480 948 2515 omni
969 2478 1114 2515 licentia
1137 2479 1372 2523 abstulerunt,
1404 2491 1476 2517 non
1492 2484 1705 2528 puqnantes
1727 2491 1806 2516 cum

1848 2491 1914 2527 eye
1929 2480 2088 2528 propter
2111 2481 2339 2517 intervallum
2361 2492 2440 2517 cen-

226 2530 299 2560 tum
323 2536 376 2572 pe
402 2536 461 2560 um
494 2525 593 2561 intus
623 2524 818 2569 aedificant
846 2525 992 2571 impune
998 2539 1013 2568 ,·
1046 2529 1082 2561 et
1104 2529 1306 2572 postquam
1337 2525 1438 2572 quod
1466 2529 1648 2572 quaerunt
1677 2525 1832 2562 assecuti
1862 2529 1965 2568 sunt,
2001 2526 2191 2562 destruunt
2220 2526 2313 2562 illud
2342 2526 2442 2573 quod

223 2575 376 2617 propter
399 2570 494 2606 hunc
515 2581 619 2605 usum
641 2569 686 2606 ab
705 2570 795 2617 ipsis
817 2570 1065 2616 excogitatum
1085 2574 1150 2614 est,
1173 2575 1283 2617 atque
1305 2571 1359 2607 ita
1375 2581 1522 2607 causam
1544 2571 1734 2607 commenti
1755 2570 1871 2607 omnis
1893 2570 2091 2618 voluptatis
2108 2575 2278 2618 expertes
2293 2582 2439 2618 posses-

225 2626 346 2651 sorum
370 2615 495 2662 domos
517 2615 681 2651 reddunt.

267 2753 381 2786 2rubr.
393 2747 712 2796 Περὶ-ἇπὸψεως
720 2748 851 2797 (ὅψεως
861 2765 891 2786 v.
901 2752 1018 2794 l.A111.)
1032 2752 1195 2794 MLAchJ
1210 2753 1300 2797 Περὶ

226 2794 395 2841 ἄπόψεως
407 2793 594 2839 θαλάσσης
607 2797 727 2831 ΤΙιεοά.
741 2798 831 2840 (Iul.)
847 2797 860 2840 fl
878 2799 900 2832 4
911 2796 1056 2843 ἐπάρχω
1070 2798 1127 2838 Μ]
1150 2792 1300 2842 ιῖπὰρχω

228 2844 258 2877 L
276 2842 289 2887 ΙΙ
305 2845 323 2876 7
346 2839 546 2885 οἰκοδομίας
559 2842 594 2876 Β
612 2842 625 2886 ΙΙ
650 2843 691 2876 10
705 2841 884 2884 Ζήνωνος]
903 2843 982 2877 cod.
994 2844 1024 2883 8,
1038 2850 1083 2884 ιο,
1098 2848 1131 2876 12
1147 2846 1191 2882 §4
1209 2841 1222 2887 ΙΙ
1236 2842 1299 2875 τοῦ

227 2907 271 2912 -
287 2885 417 2931 λήξεως
436 2899 495 2921 om.
511 2887 547 2920 B
562 2886 575 2931 ΙΙ
595 2888 634 2922 11
652 2885 796 2922 τοιοῦτό
810 2899 848 2921 τι
862 2887 1213 2932 νενομοθετήκαμεν]
1238 2899 1301 2921 non

226 2941 383 2968 servatur.
421 2933 507 2967 Nam
532 2932 610 2966 cod.
625 2933 656 2974 8,
674 2940 718 2974 lo,
731 2940 763 2967 18
785 2934 846 2966 huc
869 2946 931 2966 non
951 2934 1093 2977 pertinet
1114 2933 1171 2976 (cfi
1196 2932 1233 2965 B
1246 2933 1300 2973 58,

227 2988 267 3020 11,
279 2981 333 3021 1⁴2),
358 2990 415 3012 nec
437 2979 555 3012 rectius
577 2990 648 3012 nov.
663 2979 727 3013 165
752 2979 908 3021 intelleqit
918 2978 1106 3012 Zachariae
1124 2975 1137 3017 ΙΙ
1152 2977 1302 3019 ἐπῆκται

228 3026 275 3059 Μ
287 3024 448 3067 (sequitur
461 3025 504 3078 εὶ]
529 3023 761 3057 ἐπιτέτακται
773 3023 805 3056 L
829 3023 952 3057 ἐπιτέτ
975 3034 1090 3057 απται
1103 3022 1138 3055 Β
1156 3021 1169 3066 ΙΙ
1188 3023 1228 3056 12
1240 3021 1301 3063 τῆς

226 3066 409 3115 βασιλίδος
430 3078 561 3111 ταυτης
583 3069 616 3102 L
635 3068 649 3114 Ι
682 3069 722 3102 13
747 3063 932 3109 θαλάττης
950 3035 991 3101 51
996 3070 1008 3109 ]
1032 3065 1218 3109 θαλάσσης
1231 3067 1300 3100 LB

227 3117 285 3158 (id.
299 3116 354 3158 21)
371 3114 384 3159 11
403 3116 444 3150 19
461 3110 661 3157 οἰκοδομεῖν
675 3114 734 3155 Μ]
759 3111 1009 3156 οἰκοδομοῦσιν
1022 3113 1113 3148 LBs
1128 3115 1140 3155 ΙΙ
1158 3111 1301 3145 ἐκεῖθεν

229 3162 278 3215 33⁸
292 3160 305 3206 ΙΙ
330 3161 370 3195 21
398 3156 515 3215 incid:
533 3157 578 3193 ἂν
590 3159 648 3200 Μ]
671 3160 735 3213 καὶ,
755 3154 904 3192 ἐπειδὰν
915 3158 1006 3214 LBf
1030 3157 1042 3201 ΙΙ
1065 3155 1131 3211 τὴν
1154 3156 1301 3208 οπι.Μ-Η

227 3204 749 3302 ἓῖἴνιῗιιιςῗῖἀῖἶικᾞοῖῗῡσῗῖ,
762 3203 853 3290 ’ὲΒιῖ
867 3198 1301 3291 Ητὲῧκέἒῖἶῖἇῗῇοῗῗυῐι

228 3299 270 3332 29
289 3296 432 3331 τοιοῦτο
455 3308 514 3330 om.
529 3295 563 3330 B
583 3294 597 3341 fl
622 3296 664 3329 30
688 3304 806 3328 τουτω
819 3293 866 3327 Μ

285 3434 301 3468 1
329 3433 470 3467 Novella
483 3430 619 3464 LXIII
633 3443 679 3460 =
696 3429 795 3462 Anti.
808 3427 882 3462 LX
890 3426 982 3461 VIin
1003 3426 1196 3470 Vrepetitur
1209 3428 1300 3470 infra

228 3478 309 3512 inter
322 3483 571 3522 extravaqantes
585 3475 771 3509 Anthoneici
779 3480 854 3518 post
865 3485 935 3506 nov.
949 3473 1044 3505 XXI
1050 3474 1084 3516 s.
1099 3468 1173 3506 184¹
1188 3472 1245 3513 (=
1257 3473 1299 3514 v),

229 3525 335 3557 eodem
355 3525 422 3557 loco
444 3523 560 3566 leqitur
580 3523 614 3555 in
635 3521 668 3554 R
682 3521 716 3563 fl
734 3520 788 3562 74,
814 3524 899 3552 extat
919 3519 1013 3551 etiam
1029 3519 1062 3551 in
1087 3530 1104 3551 r
1120 3519 1151 3561 s.
1167 3518 1209 3551 88
1225 3524 1301 3560 post

229 3581 298 3602 nov.
312 3569 385 3602 LX
394 3568 485 3602 VIII
503 3567 560 3609 (=
579 3566 674 3600 Auth.
688 3564 813 3607 LXX)
837 3563 851 3608 fl
874 3562 914 3608 R(
938 3561 1053 3596 LXVI
1085 3562 1119 3597 V
1138 3562 1151 3608 fl
1178 3563 1296 3596 2rubr.

229 3626 287 3647 om.
300 3614 358 3647 Rv
375 3613 388 3657 11
404 3614 453 3646 De
468 3612 577 3655 operis
592 3611 675 3645 noui
690 3609 946 3643 annuntiatione
966 3622 984 3643 r
998 3608 1011 3653 ΙΙ
1029 3611 1051 3643 4
1067 3611 1162 3643 inser.
1184 3623 1242 3643 om.
1254 3621 1272 3643 r
1286 3605 1299 3653 ΙΙ

229 3659 329 3701 Impr.
347 3658 426 3691 Iust.
442 3660 526 3699 Aug.
544 3658 588 3699 V]
602 3656 691 3690 Idem
705 3657 744 3689 A.
757 3655 818 3689 Ru
832 3654 845 3699 ΙΙ
864 3654 1010 3697 Longini
1023 3651 1056 3686 R
1071 3654 1084 3699 u
1103 3657 1122 3689 5
1137 3654 1299 3688 Constan-

728 2613 835 2658 Quod
856 2616 895 2650 in
911 2620 1103 2661 posterum
1125 2615 1226 2651 nullo
1250 2615 1357 2652 modo
1406 2617 1459 2652 eri
1481 2615 1654 2653 volumus.

359 2660 389 2697 Ι.
446 2659 575 2696 Verum
597 2661 632 2696 si
653 2660 734 2707 quis
757 2659 847 2707 quid
867 2659 1042 2696 eiusmodi
1062 2671 1267 2707 properare
1295 2665 1331 2697 et

1381 2661 1530 2697 raudem
1558 2662 1686 2707 facere
1708 2660 1810 2704 velit,
1840 2672 1887 2697 ne
1909 2660 1998 2696 talia
2020 2671 2093 2707 per
2124 2660 2316 2696 ludibrium
2339 2664 2437 2707 aqat,

1367 2751 1527 2794 tinopolis
1546 2751 1591 2794 V]
1617 2751 1983 2795 Constantinopolitane
1994 2752 2028 2784 R
2039 2764 2058 2785 v
2076 2752 2089 2795 ΙΙ
2104 2753 2125 2785 6
2142 2751 2187 2784 sit
2205 2750 2250 2795 ru
2269 2753 2287 2785 7
2306 2751 2438 2784 domum

1367 2797 1525 2831 R¹VvT
1543 2796 1615 2830 doffi
1631 2810 1650 2831 r
1674 2795 1688 2840 ΙΙ
1710 2795 1848 2830 ediffitia
1870 2809 1891 2829 v
1907 2797 1950 2838 (et
1964 2798 2011 2830 sic
2022 2798 2164 2840 saepius)
2183 2795 2196 2840 ΙΙ
2219 2797 2239 2830 8
2262 2795 2436 2838 eredimus]

1368 2840 1517 2874 dedimus
1538 2842 1611 2883 ΒΤ,
1637 2842 1696 2885 leq.
1714 2841 1935 2875 credidimus?
1959 2841 1972 2885 fl
1998 2842 2171 2883 mensuris]
2195 2840 2255 2874 mis
2277 2841 2360 2874 iuris
2382 2854 2403 2873 v
2425 2842 2432 2883 Ι

1368 2887 1389 2920 9
1402 2886 1584 2919 distrahere
1603 2899 1625 2919 v
1653 2886 1815 2928 digestare
1831 2886 1864 2920 r¹
1881 2886 1894 2930 ΙΙ
1911 2887 2007 2920 domo
2028 2886 2082 2930 Vn
2102 2888 2143 2920 10
2157 2888 2381 2919 const-nn·
2397 2900 2413 2919 r

1368 2933 1402 2964 et
1416 2944 1474 2964 om.
1489 2944 1506 2965 r
1523 2931 1536 2975 ΙΙ
1551 2931 1768 2964 sanctiuimus
1785 2932 1831 2974 V]
1853 2932 2035 2965 sanccimus
2046 2932 2238 2973 (sanctimus
2252 2933 2281 2972 υ)
2300 2931 2414 2965 RTrv

1371 2978 1410 3011 11
1435 2976 1518 3010 urbe
1539 2976 1594 3010 Vv
1606 2978 1634 3018 r]
1659 2976 1795 3009 ciuitate
1807 2976 1902 3020 RT}
1921 2977 1961 3010 12
1985 2975 2128 3018 aliquem
2150 2977 2196 3018 V]
2220 2975 2349 3018 aliquid
2361 2976 2395 3009 R
2407 2988 2437 3017 v,

1369 3034 1459 3055 om.r
1487 3021 1500 3065 11
1528 3021 1618 3054 intra
1641 3023 1785 3063 centum]
1811 3021 1935 3054 coctum
1951 3022 2008 3064 (=
2021 3023 2216 3062 trecentum)
2241 3034 2258 3054 r
2283 3020 2297 3066 ΙΙ

1369 3065 1503 3109 beret-{1
1526 3066 1640 3099 matris
1665 3066 1714 3100 R¹
1732 3065 1745 3110 ΙΙ
1771 3067 1811 3100 13
1835 3077 1870 3099 re
1893 3067 2079 3108 gratissima
2103 3080 2119 3099 r
2142 3066 2155 3109 ΙΙ
2180 3066 2324 3108 quidem]
2349 3066 2437 3108 quod

1368 3112 1403 3145 R
1419 3111 1432 3154 ΙΙ
1447 3111 1567 3144 lorsam
1590 3125 1608 3145 r
1624 3110 1638 3155 ΙΙ
1654 3113 1687 3144 et
1711 3123 1768 3144 om.
1781 3112 1815 3144 R
1829 3110 1843 3155 ΙΙ
1864 3113 1905 3145 14
1926 3111 1995 3144 eius
2008 3111 2041 3144 R
2053 3125 2069 3145 r
2081 3112 2116 3144 υι
2136 3112 2148 3153 ΙΙ
2163 3115 2274 3154 patere
2294 3111 2338 3153 V]
2361 3121 2435 3154 par-

1368 3159 1434 3190 tem
1457 3156 1581 3190 RTrv
1608 3155 1621 3200 ΙΙ
1653 3157 1692 3190 15
1716 3155 1890 3198 perhibere
1912 3169 1930 3189 r
1949 3155 1964 3208 fl
1994 3159 2027 3188 et
2051 3169 2108 3189 om.
2124 3156 2157 3189 R
2188 3159 2221 3190 et
2244 3157 2279 3189 in
2305 3170 2394 3190 om.v
2423 3155 2437 3202 ΙΙ

1367 3200 1567 3243 inopinabili
1588 3201 1654 3242 Vu]
1677 3200 1841 3243 opinabili
1855 3201 1887 3234 Τ
1906 3201 2065 3244 epmabili
2080 3202 2111 3234 R
2135 3201 2176 3234 ob
2196 3201 2275 3234 mali
2293 3202 2336 3245 νΙΙ
2355 3212 2436 3244 qua-

1369 3246 1444 3279 dam
1463 3246 1507 3287 V]
1528 3245 1669 3288 quodam
1680 3245 1743 3279 Ru
1762 3245 1927 3288 quandam
1940 3247 1984 3290 νΙ
2006 3247 2046 3280 16
2058 3246 2292 3280 machinantur
2309 3248 2436 3292 rvuly]

1368 3290 1578 3324 machinatur
1606 3291 1638 3323 V
1664 3291 1873 3325 machinatus
1896 3291 1930 3324 R
1960 3290 2150 3325 dominatur
2172 3306 2193 3325 υ
2222 3290 2235 3336 ΙΙ
2261 3294 2362 3325 artem
2387 3306 2404 3325 r
2425 3293 2438 3337 ΙΙ

1368 3335 1514 3379 quidam]
1541 3335 1674 3378 quidem
1691 3335 1775 3369 clam
1791 3349 1811 3369 υ
1827 3336 1839 3379 11
1857 3336 1977 3379 pedum
1997 3337 2140 3379 spatium
2156 3337 2365 3379 relinquente
2386 3338 2438 3382 Vn

1370 3383 1410 3416 17
1434 3391 1572 3424 parvum
1600 3382 1744 3415 Osenbru
1766 3383 1841 3426 qen]
1865 3391 1982 3424 parum
2007 3383 2083 3416 libri
2110 3382 2122 3426 ΙΙ
2150 3382 2279 3425 aliquid
2303 3395 2361 3416 om.
2386 3395 2404 3415 r
2425 3384 2438 3426 ΙΙ

1368 3427 1410 3461 18
1441 3426 1616 3459 aedificant
1647 3426 1694 3459 ibi
1727 3395 1833 3468 {ecla}
1872 3426 2100 3461 edificantibus
2133 3429 2210 3462 libri
2235 3428 2248 3471 ΙΙ
2280 3427 2437 3461 habentes

1366 3470 1459 3504 aliud
1474 3484 1495 3503 υ
1510 3470 1523 3515 ΙΙ
1552 3473 1591 3506 19
1609 3471 1738 3513 aliquid
1757 3472 1793 3504 v¹
1817 3471 1822 3515 Ι
1840 3471 2013 3506 abstulerit
2034 3473 2087 3515 Vl!
2114 3474 2156 3507 23
2175 3474 2360 3516 potiuntur,
2381 3473 2436 3506 de-

1366 3517 1506 3559 ponunt]
1528 3517 1699 3559 potuerint
1713 3530 1733 3549 υ
1750 3517 1763 3561 ΙΙ
1780 3517 1804 3549 il
1821 3528 1856 3550 os
1870 3518 1902 3551 R
1920 3517 1933 3561 [Ι
1948 3520 2092 3561 propter]
2114 3529 2172 3561 per
2186 3532 2203 3551 r
2215 3531 2234 3551 υ
2250 3518 2263 3562 ΙΙ
2287 3519 2330 3553 24
2342 3518 2435 3551 adin-

1365 3563 1503 3594 uentum
1518 3562 1549 3596 R
1560 3562 1622 3602 Vv]
1643 3562 1817 3595 inuentum
1835 3576 1852 3595 r
1866 3563 1879 3605 ss
1898 3565 1930 3595 et
1952 3564 2016 3605 Vr]
2031 3565 2081 3597 set
2096 3563 2156 3596 Rv
2173 3563 2186 3608 ΙΙ
2211 3564 2252 3597 25
2271 3563 2436 3606 voluptate

1366 3606 1417 3640 R‘⁸
1430 3620 1447 3640 r
1463 3606 1476 3650 ΙΙ
1500 3607 1542 3640 26
1563 3607 1670 3648 Quod]
1695 3607 1752 3649 qui
1775 3608 1807 3641 R
1831 3607 1845 3651 ΙΙ
1868 3608 1910 3643 29
1929 3608 2005 3651 Sed]
2027 3609 2092 3642 Sed
2111 3610 2143 3642 et
2162 3609 2251 3653 Rvfl
2274 3608 2354 3651 quid
2379 3608 2407 3641 V
2424 3606 2437 3652 fl

1368 3651 1512 3685 voluerIt
1535 3652 1602 3685 tale
1628 3654 1675 3686 bis
1686 3664 1747 3686 scr.
1761 3665 1780 3686 υ
1803 3651 1816 3698 ΙΙ
1841 3653 1883 3687 30
1909 3652 1979 3686 luat
2005 3667 2020 3687 r
2042 3653 2055 3699 Ι]
2079 3655 2218 3695 egerunt
2240 3666 2258 3687 r

2325 3021 2436 3064 perhi-
