2476 3854
185 142 292 186 Nov.
323 142 456 187 CVIII
486 146 511 185 2
542 157 606 199 ep.

184 251 338 297 μηδεμία
373 254 522 297 τοιαίτη
556 264 609 287 τις
643 250 833 287 ὑπόκειται
869 250 1064 298 πρόφασις,
1100 250 1262 300 ἀνάγκην

185 299 278 340 &kent
298 299 445 333 πάντως
463 299 504 332 τὸ
522 302 695 341 τέταρτον
713 299 816 341 μέρος
834 297 896 339 τῆς
911 298 1042 331 οἰκείας
1057 297 1259 333 ἐνστάσεως

185 342 379 388 φυλάττειν
402 347 460 377 καὶ
483 344 527 389 τῇ
543 339 694 388 τοιαύτῃ
718 338 1013 376 ἀποκαταστάσει
1034 344 1258 388 χαρίζεσθαι.

184 388 215 421 εἰ
236 391 361 432 μέντοι
388 402 423 421 τι
448 387 624 429 δαπανῴη
649 389 742 429 ἔχων
771 382 866 420 ὅθεν
897 387 965 429 τὴν
996 383 1260 435 ἀποπλήρωσιν

185 432 388 475 ποιήσεται,
420 432 458 472 ἐξ
482 434 617 465 ἐκείνου
649 434 708 464 καὶ
732 427 1038 476 ἀναπληροῦσθαι
1068 433 1111 466 τὸ
1136 437 1258 478 τέταρ-

183 491 261 519 τον,
292 481 351 510 καὶ
383 477 474 510 κατὰ
504 475 682 521 μηδεμίαν
713 477 833 510 αἰτίαν
862 473 952 510 αὐτὸ
977 478 1182 519 μειοῦσθαι.
1229 479 1260 512 εἰ

184 521 224 556 δὲ
247 522 474 566 προςάψηται
497 522 559 555 τοῦ
583 521 753 566 τετάρτου
779 523 839 554 καὶ
863 518 925 554 οὐκ
950 524 1019 563 ἐξίει
1051 523 1140 567 πρὸς
1172 520 1259 557 ἇνα-

183 566 371 611 πλήρωσιν
393 567 520 611 ἑτέραν
544 563 681 608 οὐσίαν,
704 566 905 609 τηνικαῦτα
921 564 1069 611 δίδομεν
1091 567 1258 602 καὶκατὰ

183 613 260 645 τῶν
275 609 508 665 ῇγορακότων
523 610 547 654 ἧ
563 610 679 645 ἄλλως
696 609 891 655 λαβόντων
915 611 1111 658 πράγματα
1133 613 1170 648 in
1186 623 1260 648 rem

1245 139 1328 187 516

1295 436 1314 467 5
1328 434 1485 479 suppleri
1507 438 1679 478 quartam,
1703 438 1739 470 et
1758 446 1823 481 per
1841 447 1865 471 n

1915 157 1975 188 DE
2002 156 2396 190 RESTITUTIONIBUS

1329 257 1446 290 autem
1469 254 1568 289 nulla
1589 254 1670 290 talis
1695 255 1858 290 subiacet
1880 256 2034 298 occasio,
2063 256 2310 293 necessitatem
2331 257 2396 292 ha-

1326 300 1410 335 bere
1440 299 1583 334 omnino
1613 303 1776 344 quartam
1806 304 1944 345 partem
1974 302 2138 346 propriae
2165 301 2396 337 institutionis

1327 354 1468 380 servare
1493 348 1528 379 et
1550 344 1615 380 tali
1635 346 1851 381 restitutioni
1874 346 2017 381 donare.
2064 345 2103 381 Si
2123 350 2243 382 tamen
2264 345 2398 391 aliquid

1327 390 1534 434 expenderit
1551 389 1686 425 habens
1710 390 1804 426 unde
1823 391 2106 470 suffilementum
2129 391 2249 471 fagiat,
2272 401 2320 443 ει.
2336 391 2397 443 illo

1919 445 1976 471 am
1998 445 2140 471 causam
2189 446 2256 471 auc
2275 446 2395 471 mmm.

1328 480 1365 513 Si
1388 489 1472 514 vero
1497 480 1683 524 contigerit
1706 485 1869 525 quartam
1900 483 1935 516 et
1958 491 2030 516 non
2054 480 2162 516 habet
2185 481 2230 516 ad
2253 480 2396 525 supple-

1327 526 1483 559 mentum
1513 524 1619 559 aliam
1650 525 1902 566 substantiam,
1932 530 2019 561 tunc
2049 526 2173 561 damus
2207 530 2243 560 et
2271 529 2398 561 contra

1328 574 1502 613 emptores
1534 572 1598 604 aut
1620 570 1723 606 aliter
1744 571 1958 615 accipientes
1988 581 2046 606 res
2068 571 2105 606 in
2128 581 2202 606 rem
2226 573 2262 606 et
2283 570 2396 615 hypo-

1328 615 1451 649 thecas
1474 624 1518 649 ex
1542 617 1754 651 auctoritate
1777 616 1882 651 huius
1905 615 2002 660 legis,
2028 618 2069 651 ut
2091 616 2198 651 liceat
2221 615 2398 660 complere

182 659 242 689 καὶ
270 655 461 699 υποθήκας
495 658 533 690 ἐκ
567 658 630 699 τῆς
664 652 861 690 αὗθεντίας
893 655 1001 691 τοῦδε
1035 658 1099 691 τοῦ
1135 657 1259 702 νόμου,
1274 661 1313 693 10
1329 660 1397 695 sibi
1426 659 1789 696 fideicommissariam
1818 670 1863 696 ex
1890 671 2008 696 rerum
2039 661 2293 696 vindicatione:
2328 660 2397 695 hoc

183 698 270 734 ὦςτε
285 701 418 741 ἐξεῖναι
434 698 668 746 ἀναπληροῦν
690 701 758 735 ’τὸν
773 701 1117 738 fideicommissariam!
1140 703 1260 745 ἑαυτῷ

183 747 221 779 ἐκ
244 747 306 789 τῆς
329 747 407 780 τῶν
430 746 657 792 πραγμάτων
679 743 909 790 ἐκδικήσεως,
939 749 1048 782 τοῦτο
1078 744 1170 793 ὅπερ
1199 750 1259 781 καὶ

183 793 243 825 ἐπὶ
262 792 339 825 τῶν
358 790 522 838 λεγάτων
544 790 612 835 ἤδη
636 789 844 835 δεδώκαμεν
866 795 925 825 καὶ
947 792 1014 836 τὴν
1035 794 1073 827 ἐκ
1096 795 1159 837 τῆς
1182 791 1258 826 δια-

181 833 317 876 τάξεως
339 836 377 871 in
400 847 474 871 rem
499 833 618 870 αὐτοῖς
639 836 871 889 χαρισάμενοι
897 840 957 870 καὶ
980 837 1049 881 τὴν
1071 839 1135 873 τοῦ
1159 838 1257 873 fidei-

1328 704 1423 749 quod
1452 704 1490 739 in
1513 705 1637 749 legatis
1666 705 1737 740 iam
1759 705 1916 741 dedimus
1946 711 1982 741 et
2011 716 2055 741 ex
2079 705 2333 742 constitutione
2360 705 2398 740 iu

1327 760 1401 785 rem
1436 750 1487 785 eis
1523 750 1695 785 donantes
1733 755 1770 784 et
1805 750 2068 786 fideicommissi
2104 751 2396 796 persecutionem.

1327 794 1430 830 Unde
1458 797 1495 830 et
1525 795 1723 830 cautionem
1745 795 2081 832 fideicommissariis
2112 796 2211 831 dabit
2238 805 2309 830 non
2332 794 2397 830 mi-

1327 851 1394 875 nus
1418 843 1580 884 quartam
1603 850 1756 882 servare,
1779 840 1847 876 nisi
1869 844 1905 875 et
1925 841 1938 875 i
1966 851 2041 876 sam
2060 844 2222 884 testator,
2245 840 2339 876 sicut
2360 839 2398 875 in

183 881 389 916 commissov
412 881 673 926 persecutiona.
713 893 802 916 ωςτε
817 884 877 915 καὶ
893 879 1094 928 ἀσφάλειαν
1110 881 1142 925 [ὁ
1160 883 1259 918 fidei·
1276 885 1314 917 15
1328 885 1559 930 pronuntiato
1582 885 1685 920 nobis
1711 885 1820 929 facto,
1850 885 2044 930 prohibuit.
2092 886 2180 921 Cum
2207 886 2298 921 enim
2321 885 2398 938 ipse

183 926 452 968 commissarios]
489 924 598 960 δώσει
626 927 690 960 τοῦ
721 926 769 971 μὴ
802 926 958 962 ἔλαττον
992 929 1056 962 τοῦ
1087 929 1260 973 τετάρτου

182 970 387 1017 φυλάττειν,
413 973 443 1005 εἰ
465 971 513 1015 μὴ
538 975 599 1005 καὶ
622 969 736 1014 αὐτὴν
759 969 778 1005 ὁ
804 970 1057 1017 διατιθέμενος
1079 970 1261 1019 συγχωρή-

183 1028 288 1057 σειεν,
320 1013 437 1062 ὥςπερ
466 1018 526 1051 ἐπὶ
555 1018 618 1051 τοῦ
641 1015 942 1063 προςηγγελμένου
973 1016 1060 1063 ἡμῖν
1088 1022 1262 1060 πεποίηκε

182 1061 332 1117 maxum:
374 1058 484 1095 αὐτοῦ
506 1062 576 1107 γὰρ
599 1062 664 1096 τοῦ
693 1059 950 1105 διατιθεμένου
972 1065 1096 1097 πᾶσαν
1119 1060 1182 1097 οὐκ
1205 1065 1260 1110 ἐγ-

180 1119 272 1153 γυην
286 1120 413 1150 μονον,
438 1103 528 1140 ἀλλὰ
548 1110 608 1140 καὶ
625 1103 825 1162 ἀσφάλειαν
838 1109 1148 1162 ρυγχωρήσαντος,
1170 1107 1192 1151 ἡ
1220 1109 1262 1142 ἇς
1274 1111 1316 1143 20

182 1148 413 1197 ἀλλοιότερον
433 1149 520 1185 αὐτὸ
538 1150 726 1186 διαθεῖναι
749 1165 813 1186 ουκ
830 1166 876 1186 αν
900 1155 952 1195 εἰη
977 1165 1039 1197 της
1061 1166 1126 1188 του
1145 1166 1184 1187 τε
1208 1166 1260 1187 ευ-

181 1195 356 1238 τήσαντος
380 1199 642 1241 ἐστοχασμένον
664 1195 817 1244 γνώμης.

226 1237 320 1287 <Ἐπ
331 1245 345 1275 ί
350 1241 370 1276 λ
380 1242 503 1288 ογος.)
549 1242 656 1276 Κατὰ
672 1244 789 1276 ταῦτα
808 1246 934 1276 τοίνυν
949 1244 1045 1277 ἔστω
1061 1245 1134 1277 τοῖς
1148 1241 1260 1298 πράγ-

180 1298 270 1340 μασι
304 1286 408 1332 τομή,
446 1284 546 1329 αὐτῷ
580 1301 620 1321 τε
650 1284 769 1330 τούτῳ
804 1288 858 1330 τῷ
891 1291 1155 1334 παρασχομένῳ
1191 1301 1261 1332 την

1327 933 1481 965 testator
1503 940 1642 965 omnem
1667 941 1740 966 non
1759 930 2021 966 fideiussionem
2045 931 2176 975 solum,
2207 930 2269 966 sed
2292 935 2398 965 etiam

1329 976 1528 1011 cautionem
1550 975 1773 1016 relaxaverit,
1806 986 1871 1010 nos
1900 975 2004 1011 aliter
2030 976 2218 1021 disponere
2246 986 2321 1011 non
2343 978 2399 1010 est

1327 1020 1510 1057 morientis
1533 1021 1694 1056 conicere
1717 1021 1945 1056 voluntatem.

1382 1244 1652 1291 (Epilogus.)
1696 1245 1795 1281 Haec
1817 1245 1926 1290 igitur
1949 1245 1997 1281 sit
2020 1245 2139 1281 causis
2162 1244 2305 1287 decisio,
2330 1244 2399 1291 ipsi

1329 1300 1421 1335 quae
1449 1290 1615 1335 praebuit
1638 1291 1879 1336 quaestionem
1909 1293 1945 1326 et
1967 1290 2047 1326 aliis
2070 1290 2234 1326 omnibus
2264 1290 2301 1326 in
2321 1289 2399 1335 qui-

182 1334 333 1375 ζητησιν
353 1335 412 1365 καὶ
431 1335 504 1366 τοῖς
519 1331 639 1366 ἄλλοις
658 1329 798 1367 ἅπασιν
821 1330 880 1379 ἐφ’
899 1332 950 1386 oig-
972 1330 1158 1387 ἠρξῆσθαι
1173 1345 1259 1378 συμ-
1274 1336 1316 1369 25
1328 1336 1396 1370 bus
1420 1336 1575 1380 pendere
1598 1336 1785 1380 contigerit
1805 1346 1923 1380 casus,
1945 1339 2236 1372 testamentorum
2258 1335 2399 1381 quidem

181 1381 300 1421 βαίνει
322 1377 369 1411 τὰ
393 1377 559 1421 θέματα,
590 1379 668 1412 τῶν
690 1380 758 1421 μὲν
781 1375 974 1421 διαθηκων
996 1392 1094 1412 ουτω
1116 1381 1260 1424 γενομέ-

181 1436 260 1456 νων
283 1426 343 1456 καὶ
366 1424 443 1456 τῶν
463 1421 695 1466 διαθεμένων
718 1423 804 1457 ἴσως
826 1422 1131 1467 τελευτησάντων,
1155 1422 1259 1458 οὔπω

183 1466 223 1501 δὲ
236 1469 301 1502 τοῦ
318 1464 482 1501 τοιούτου
504 1466 628 1515 χώραν
646 1467 822 1512 λαβόντος
845 1467 1149 1514 φιδεϊκομμίσσου,
1174 1465 1257 1502 ἀλλ’

182 1514 237 1546 ἔτι
252 1514 317 1546 τοῦ
333 1516 579 1567 βεβαρημένου
604 1512 801 1558 περιόντος.
841 1516 901 1547 καὶ
921 1513 1037 1548 ταῦτά
1061 1526 1180 1560 φαμεν
1197 1511 1259 1547 οὐκ

1326 1380 1505 1416 factorum
1521 1384 1557 1416 et
1570 1384 1781 1416 testatorum
1806 1381 1937 1434 quippe
1959 1381 2219 1423 defunctorum,
2243 1380 2399 1416 nondum

1327 1429 1447 1461 autem
1476 1427 1539 1461 tali
1562 1426 1678 1462 locum
1706 1427 1903 1471 accip1ente
1931 1426 2218 1469 fideicommisso‚
2249 1425 2313 1461 sed
2335 1425 2398 1461 ad-

1327 1471 1399 1505 huc
1431 1481 1473 1507 eo
1505 1471 1566 1516 qui
1596 1474 1764 1516 gravatus
1796 1474 1851 1507 est
1881 1471 2080 1516 superstite.
2128 1471 2177 1506 Et
2199 1471 2288 1506 haec
2311 1469 2398 1506 dici-

1327 1527 1405 1551 mus
1429 1527 1501 1551 non
1523 1517 1560 1551 in
1583 1517 1665 1552 filiis
1689 1517 1820 1559 solum,
1852 1517 1915 1552 sed
1938 1516 2044 1552 etiam
2075 1516 2155 1552 aliis
2178 1526 2220 1551 co
2245 1515 2338 1551 natis
2362 1517 2399 1551 et

182 1559 243 1592 ἐπὶ
272 1556 417 1592 παίδων
447 1571 584 1601 novam,
613 1555 705 1591 ἀλλὰ
735 1560 903 1600 nal-1⁶51}
927 1557 1050 1593 ἄλλων
1066 1560 1261 1612 -συγγενῶν
1273 1562 1315 1594 30
1328 1561 1506 1596 extraneis
1529 1572 1552 1596 a
1573 1571 1716 1606 genere,
1747 1562 1784 1596 in
1809 1562 1935 1606 quibus
1959 1561 2102 1597 omnino
2125 1561 2199 1597 tale
2246 1561 2398 1596 deicom-

182 1606 242 1635 καὶ
265 1604 342 1636 τῶν
366 1603 440 1643 ἔξω
464 1604 529 1637 τοῦ
551 1606 683 1649 γένους,
708 1600 769 1649 ἐφ’
788 1602 842 1637 ὡν
865 1599 958 1638 ὅλως
981 1617 1124 1638 τοιουτο
1148 1601 1260 1649 φιδεϊ-

182 1645 384 1691 κόμμισσον
418 1647 702 1693 καταλελεῖφθαι
735 1652 935 1692 συμβαίνει.
983 1647 1025 1682 Ἡ
1055 1653 1180 1683 τοίνυν
1214 1649 1258 1692 σὴ

182 1691 372 1735 ἐνδοξότης
393 1689 509 1727 ἅπασι
527 1694 644 1727 ταῦτα
666 1693 804 1739 φανερὰ
826 1694 967 1737 ποιήσει
989 1697 1063 1728 τοῖς
1082 1691 1260 1739 ἡμετέροις

182 1735 363 1781 ὑπηκόοις,
387 1735 474 1771 ὦςτε
490 1736 635 1781 εἰδέναι,
657 1738 750 1772 κατὰ
765 1742 850 1772 τίνα
865 1738 1005 1784 τρόπον
1021 1738 1184 1785 προςήκει
1199 1742 1260 1773 καὶ

1327 1606 1474 1641 missum
1503 1606 1656 1651 relinqui
1685 1607 1867 1651 contingit.
1916 1607 1996 1641 Tua
2017 1606 2124 1651 igitur
2152 1606 2263 1651 gloria
2286 1606 2398 1642 omni-

1327 1652 1394 1687 bus
1413 1652 1502 1686 haec
1518 1652 1705 1687 manifesta
1724 1652 1835 1687 faciat
1853 1652 1987 1687 nostris
2007 1652 2188 1695 subiectis,
2211 1654 2253 1687 ut
2273 1651 2398 1693 sciant,

1327 1697 1622 1742 quemadmodum
1651 1699 1831 1742 competat
1865 1699 1901 1732 et
1930 1697 2045 1732 vivere
2079 1707 2140 1732 eos
2175 1700 2211 1732 et
2239 1696 2328 1731 mori
2362 1698 2400 1731 et

1327 1742 1452 1777 testari
1469 1746 1504 1776 et
1518 1742 1788 1778 fideicommissa
1812 1742 2011 1787 relinquere
2034 1744 2070 1777 et
2088 1742 2159 1777 alia
2180 1751 2285 1786 agere
2308 1750 2399 1786 quae

183 1783 250 1825 ζῆν
278 1779 406 1817 αὐτοὺς
436 1786 496 1816 καὶ
526 1782 696 1818 τελευτᾶν
725 1787 786 1817 καὶ
811 1781 1053 1818 διατίθεσθαι
1077 1782 1259 1837 φιδεϊέόμ-
1272 1787 1314 1819 35
1327 1787 1364 1822 in
1385 1787 1518 1823 talibus
1541 1790 1626 1822 sunt
1649 1788 1798 1823 sancita.

180 1827 293 1870 μισσά
314 1841 354 1861 τε
377 1827 665 1871 καταλιμπάνειν
695 1831 756 1862 καὶ
778 1829 825 1862 τὰ
849 1828 941 1863 ἄλλα
964 1830 1138 1875 πράττειν
1167 1842 1260 1875 απερ

182 1874 242 1906 ἐπὶ
266 1873 344 1907 τῶν
369 1872 546 1908 τοιούτων
571 1874 792 1916 νενόμισται.

237 1918 320 1953 Dat.
344 1919 380 1953 k.
406 1918 512 1954 Febr.
539 1918 608 1954 ΟΡ.
638 1918 758 1963 (imp.)
781 1919 840 1954 dn.
865 1919 1054 1954 Iustiniani
1082 1930 1142 1965 pp.
1167 1920 1259 1964 Aug.

181 1973 275 1998 anno
296 1963 391 1998 XIV.
418 1963 552 1999 Basilio
576 1974 629 1998 vc.
655 1974 752 1999 cons.
1116 1969 1161 2007 [a.
1177 1967 1254 2006 541]

177 2030 271 2075 fieri.
320 2029 362 2065 Si
386 2041 468 2066 vero
492 2031 594 2065 nulla
617 2030 795 2066 eiusmodi
816 2041 926 2065 causa
949 2030 1074 2072 subsit,
1106 2033 1250 2067 omnino
1274 2042 1416 2067 necesse
1436 2031 1566 2068 habeat
1620 2027 1763 2068 martam
1783 2038 1927 2079 partem
1950 2032 2186 2068 institutionis
2214 2043 2303 2068 suae
2324 2043 2398 2069 ser-

181 2086 267 2111 vare
294 2079 330 2110 et
355 2075 419 2110 tali
450 2075 670 2111 restitutioni
684 2079 890 2122 praestare.
939 2074 980 2122 Si
1003 2075 1093 2121 quid
1116 2078 1243 2112 tamen
1257 2076 1462 2123 expendat,
1495 2088 1573 2112 cum
1623 2078 1730 2114 abeat
1758 2077 1853 2112 unde
1874 2077 2159 2124 supplementum
2180 2077 2318 2123 faciat,
2348 2088 2399 2114 ex

181 2131 222 2156 eo
247 2126 381 2166 quarta
405 2131 549 2166 quoque
571 2121 798 2167 suppleatur,
828 2131 915 2156 neve
938 2120 1013 2155 ulia
1034 2121 1079 2155 de
1102 2131 1214 2156 causa
1237 2133 1280 2157 ea
1302 2122 1496 2157 minuatur.
1544 2121 1588 2157 Si
1608 2133 1693 2158 vero
1717 2126 1885 2168 quartam
1908 2122 2072 2168 attiqerit
2092 2133 2208 2168 neque
2229 2122 2338 2158 aliam
2360 2124 2399 2159 in

179 2165 465 2212 supplementum
487 2165 724 2200 substantiam
748 2164 888 2208 habeat,
921 2170 993 2200 tum
1017 2166 1124 2201 etiam
1147 2166 1319 2202 adversus
1342 2178 1405 2203 eos
1428 2168 1492 2213 qui
1512 2171 1673 2203 emerunt
1696 2167 1752 2202 vel
1771 2167 1878 2202 aliter
1899 2178 1957 2203 res
1980 2171 2198 2214 acceperunt
2220 2168 2396 2204 actionem

181 2212 218 2246 in
250 2222 325 2246 rem
355 2216 391 2246 et
413 2210 637 2257 hypothecas
668 2212 796 2245 damus
825 2222 876 2246 ex
906 2211 1125 2246 auctoritate
1155 2210 1262 2247 huius
1292 2212 1399 2258 lepis,
1431 2217 1472 2247 ut
1501 2212 1609 2248 liceat
1627 2212 1962 2257 fideicommissario
1992 2213 2062 2248 sibi
2090 2212 2162 2259 ipsi
2186 2213 2400 2259 satisfacere

174 2267 246 2302 per
268 2267 389 2291 rerum
413 2256 700 2298 vindicationem,
722 2256 762 2290 id
784 2255 882 2307 quod
904 2255 1010 2291 etiam
1033 2257 1071 2290 in
1096 2257 1223 2303 leqatis
1247 2257 1318 2292 iam
1342 2259 1592 2301 concessimus,
1621 2262 1693 2293 tam
1717 2258 1754 2292 in
1776 2269 1851 2293 rem
1875 2258 2050 2293 actionem
2073 2268 2124 2293 ex
2145 2258 2400 2294 constitutione

181 2312 290 2346 quam
316 2300 585 2346 fideicommissi
605 2305 895 2352 persecutionem
929 2301 975 2352 iis
1003 2301 1139 2348 larqiti.
1187 2300 1318 2348 Itaque
1348 2302 1454 2337 etiam
1485 2303 1686 2339 cautionem
1721 2302 2100 2348 [fideicommissarius]
2129 2304 2330 2349 praestabit
2361 2314 2400 2339 se

181 2350 254 2381 non
277 2347 395 2381 minus
418 2351 552 2392 quarta
575 2350 811 2388 servaturum,
836 2346 906 2381 nisi
929 2357 1045 2393 ipsam
1069 2357 1210 2393 quoqne
1234 2352 1386 2383 testator
1408 2349 1597 2390 remiserit,
1620 2347 1917 2393 quemadmodum
1941 2348 1978 2383 in
1995 2348 2099 2394 facto
2123 2347 2174 2383 ad
2191 2358 2258 2383 nos
2281 2348 2399 2384 relato

179 2391 282 2436 fecit.
331 2391 425 2426 Nam
449 2391 512 2427 ubi
533 2392 610 2438 ipse
635 2395 787 2427 testator
811 2402 949 2426 omnem
973 2403 1047 2427 non
1066 2392 1333 2436 fideiussionem
1355 2393 1489 2435 solum,
1513 2393 1578 2428 sed
1591 2394 1698 2428 etiam
1721 2393 1922 2428 cautionem
1945 2392 2093 2435 remisit,
2116 2393 2152 2428 si
2168 2403 2236 2428 nos
2258 2392 2399 2429 diverso

180 2436 286 2471 modo
311 2435 355 2471 de
377 2447 421 2472 ea
441 2447 481 2471 re
503 2441 752 2478 statueremus,
777 2435 816 2471 id
838 2447 911 2472 non
935 2441 1027 2472 esset
1049 2437 1098 2472 ad
1120 2437 1286 2483 defuncti
1308 2437 1527 2473 voluntatem
1549 2437 1866 2474 accommodatum.
1901 2481 1905 2484 ῃ

315 2480 404 2528 Epi
413 2481 427 2516 l
436 2493 456 2516 ο
465 2492 560 2527 qus.
609 2481 812 2517 Secundum
843 2481 932 2516 haec
963 2481 1077 2528 iqitur
1107 2483 1226 2518 causis
1256 2482 1389 2518 decisio
1419 2483 1503 2527 fiat,
1541 2488 1613 2519 tam
1644 2483 1719 2530 ipsi
1749 2483 1803 2518 illi
1833 2493 1927 2529 quae
1957 2482 2203 2528 quaestionem
2231 2482 2402 2529 praebuit

181 2537 290 2572 quam
321 2527 446 2562 ceteris
477 2526 640 2562 omnibus
669 2527 708 2561 in
734 2526 864 2572 quibus
893 2538 952 2562 res
976 2526 1139 2573 pendere
1169 2527 1288 2563 adhuc
1319 2529 1525 2572 continqat,
1561 2528 1780 2564 testamentis
1808 2527 1862 2564 ica
1894 2527 2071 2574 consectis
2105 2531 2141 2563 et
2172 2528 2401 2564 testatoribus

179 2571 281 2616 forte
304 2571 499 2616 defunctis,
531 2572 681 2607 necdum
705 2582 789 2607 vero
814 2572 893 2607 loco
918 2572 1004 2607 dato
1028 2573 1203 2608 eiusmodi

1227 2572 1515 2617 fideicommisso,
1546 2574 1610 2608 sed
1632 2584 1675 2609 eo
1700 2573 1764 2619 qui
1786 2578 1957 2608 oneratus
1979 2576 2033 2608 est
2055 2572 2173 2608 adhuc
2195 2573 2399 2619 superstite.

180 2617 297 2662 Atque
321 2616 409 2652 haec
432 2616 582 2651 dicimus
605 2628 679 2651 non
703 2617 746 2652 de
770 2616 893 2652 liberis
915 2617 1014 2658 soliS,
1045 2618 1110 2652 sed
1139 2618 1246 2653 etiam
1277 2618 1321 2653 de
1348 2618 1497 2663 reliquis
1527 2618 1694 2664 coqnatis
1724 2622 1760 2653 et
1789 2618 1988 2659 extraneis,
2019 2618 2115 2653 inter
2137 2628 2230 2664 quos
2257 2618 2400 2653 omnino

181 2661 354 2696 eiusmodi
375 2661 686 2705 fideicommissum
715 2662 872 2741 relircelqui
901 2662 1100 2708 coritinqat.
1151 2662 1227 2698 Tua
1250 2664 1364 2709 ἐρέται·
1393 2664 1515 2709 qloria
1547 2663 1709 2699 omnibus
1731 2663 1898 2698 subiectis
1928 2662 2064 2698 nostris
2094 2662 2184 2698 lzaec
2206 2663 2400 2708 manifesta

179 2706 310 2750 faciet,
344 2711 384 2741 ut
407 2707 541 2748 sciant,
575 2706 786 2757 quemadmo

815 2718 872 2741 um
895 2718 957 2742 eos
980 2706 1105 2742 deceat
1127 2712 1163 2743 et
1184 2709 1301 2743 vivere
1323 2713 1358 2743 et
1381 2709 1476 2744 mori
1497 2712 1533 2743 et
1556 2709 1682 2745 testari
1712 2713 1820 2754 atque
1840 2708 2116 2752 fideicommissa
2140 2707 2344 2754 relinquere
2365 2713 2400 2743 et

180 2751 322 2795 reliqua
347 2762 456 2794 assere
480 2763 574 2796 quae
597 2763 633 2785 ιη
658 2752 831 2786 eiusmodi
853 2751 958 2786 rebus
982 2763 1050 2786 usu
1073 2758 1218 2799 recepta
1240 2758 1335 2787 sunt.

225 2833 246 2864 4
259 2828 438 2871 δαπανοίη
451 2831 533 2871 ML,
548 2844 630 2865 corr.
641 2832 827 2865 Zachariae
845 2831 858 2876 ΙΙ
874 2834 893 2865 5
907 2834 967 2864 καὶ
980 2845 1037 2865 om.
1048 2845 1068 2868 ς
1085 2834 1097 2874 ΙΙ
1115 2836 1132 2866 7
1147 2843 1256 2877 προσ-
1291 2840 1293 2862 i
1327 2837 1410 2871 cett.)
1435 2831 1652 2884 έξεφωνὴθη
1667 2835 1753 2876 μηνὶ
1776 2835 2003 2877 φεβρουαρίῳ
2020 2829 2175 2873 ὑπατείᾳ
2190 2829 2400 2876 Βελισαρίου

181 2874 314 2919 ἅψεται
339 2876 369 2907 L
387 2876 436 2917 119
461 2876 496 2907 in
517 2876 585 2907 rem
610 2877 640 2908 L
672 2876 773 2922 ἰνρὲμ
794 2877 834 2908 Μ
848 2878 860 2920 ΙΙ
893 2880 930 2911 10
953 2873 1167 2910 αὖθεντείας
1191 2879 1221 2911 L
1245 2877 1257 2915 ΙΙ

184 2923 222 2954 11
253 2917 548 2965 φιδικοηιίεεάτίοη
575 2921 618 2953 Μ
648 2918 981 2966 φιδεικομμισάριον
1011 2923 1040 2955 L
1069 2922 1082 2965 ΙΙ
1110 2923 1255 2964 *ἑαυτῷ

179 2967 298 3008 scripsi
317 2978 355 2997 ea:
379 2967 409 3005 ς]
434 2963 618 2998 ἕαυτὸνΜ
641 2961 797 2998 αὗτὸνὶ
814 2966 826 3009 ΙΙ
849 2967 888 2999 12
911 2969 971 2999 καὶ
996 2980 1054 3000 om.
1069 2979 1088 3003 ς
1103 2968 1115 3010 ΙΙ
1137 2970 1176 3001 13
1201 2965 1256 3000 δε-

180 3008 359 3053 δώκαμεν]
378 3011 457 3043 Cod.
472 3012 504 3045 6.
518 3019 563 3049 43,
577 3018 600 3043 1.
615 3018 630 3043 3
648 3015 702 3049 §2
718 3019 733 3044 3
751 3011 764 3053 ΙΙ
784 3013 825 3044 14
842 3011 877 3043 in
894 3012 961 3043 rem
975 3013 1022 3045 M
1038 3008 1186 3057 ἀγωγὴν
1198 3014 1229 3046 L
1244 3011 1256 3057 ΙΙ

180 3055 403 3088 fidikomissov
432 3055 668 3088 nersecutiona
693 3055 739 3088 M
767 3052 1037 3099 φιδεικομμίσου
1068 3068 1255 3100 περσεκου-

179 3101 339 3134 umal,
358 3100 371 3144 ΙΙ
389 3101 428 3133 15
453 3096 473 3132 ὁ
499 3099 761 3132 fidicomissarios
783 3101 822 3132 M
842 3097 861 3132 ὁ
885 3098 1213 3148 φιὸεικομμισάριος
1226 3103 1255 3135 L

179 3144 488 3179 fideicommissariis
512 3157 547 3183 ς;
584 3140 603 3176 ὁ
627 3142 844 3196 κληρονόμος
867 3147 919 3187 τῷ
945 3146 1255 3189 fideicommissarii?

180 3194 261 3226 coni.
275 3191 462 3224 Zachariae
486 3191 540 3233 (cf.
561 3190 624 3223 Iul.
649 3193 791 3232 scriptus
811 3190 906 3222 heres
923 3191 1070 3231 generali
1090 3191 1255 3224 fideicom-

179 3237 329 3269 missario
341 3236 529 3268 cautionem
540 3238 685 3277 praestet
711 3236 830 3268 Theoti.
849 3231 869 3266 ὁ
885 3230 1058 3274 ἀξιωθεὶς
1072 3232 1255 3269 ἀποκατα-

179 3282 315 3324 στῆσαί
335 3293 408 3314 τινι
425 3277 685 3332 κληρονομίαν).
711 3281 840 3312 Seclusi
854 3287 888 3312 ut
902 3281 1060 3323 qlossema
1078 3282 1090 3322 ss
1116 3284 1155 3314 17
1174 3293 1254 3327 συγ-

179 3326 386 3371 χωρήσειεν]
410 3325 584 3368 prohlbuit
609 3336 629 3361 ς
652 3324 851 3368 (specialiter
867 3326 1065 3357 concesserit
1090 3326 1166 3367 Iul.)
1183 3326 1195 3369 ΙΙ
1215 3328 1255 3360 18

180 3375 351 3413 πεποίηκε
375 3384 434 3404 om.
460 3383 479 3407 ς
494 3372 506 3412 ΙΙ
525 3372 564 3404 21
593 3366 681 3403 αὐτὸ
707 3382 764 3402 om.
792 3381 810 3404 ς
829 3368 900 3412 1122
925 3371 1187 3412 ἐστοχασμένον
1212 3372 1255 3412 L]

180 3418 457 3460 ἐστοχασμένους
478 3416 523 3449 M
540 3416 813 3457 ἑστοχασμένων
837 3415 1022 3458 Homberqlc
1045 3415 1255 3458 ἐστοχασμέ-

179 3475 242 3495 νοι]
257 3463 443 3495 Zachariae
458 3462 470 3503 ΙΙ
490 3462 532 3494 23
555 3459 658 3493 Κατὰ
680 3460 809 3500 ταῦτα]
834 3459 926 3491 Haec
951 3471 970 3494 ς
986 3459 998 3502 ΙΙ
1017 3461 1059 3493 24
1082 3460 1186 3502 τομή]
1211 3460 1254 3493 τὸ

179 3507 227 3549 μὴ
247 3508 288 3539 Μ
308 3507 360 3539 τῶ
383 3506 433 3549 μὴ
460 3507 490 3539 L
507 3507 519 3545 ΙΙ
536 3506 588 3547 τῷ
615 3518 672 3538 om.
687 3506 717 3538 L
736 3504 748 3549 ΙΙ
765 3506 807 3538 26
831 3499 927 3537 οὕτω
952 3518 1009 3536 om.
1025 3516 1044 3540 ς
1059 3506 1070 3545 11
1091 3506 1132 3537 27
1159 3504 1255 3546 ἴσως]

182 3638 436 3685 φιδεικόμμισά
459 3654 499 3674 τε
524 3643 553 3674 L
571 3642 583 3684 ΙΙ
608 3643 651 3674 36
672 3638 785 3673 τᾶλλα
810 3641 840 3672 L
858 3640 869 3683 ΙΙ
895 3641 937 3673 38
962 3640 992 3671 d.
1018 3640 1050 3671 k.
1077 3639 1177 3672 sebra.
1202 3651 1252 3683 cp.

181 3687 235 3718 dn.
261 3687 336 3718 iust.
361 3697 415 3727 pp.
440 3698 516 3724 aug.
542 3686 658 3718 basilio
684 3697 732 3718 uc.
758 3696 863 3718 conss,
888 3686 931 3717 M
961 3685 1025 3717 dat.
1051 3686 1082 3716 k.
1109 3685 1170 3717 seb.
1197 3685 1252 3717 dn.

181 3731 363 3763 iustiniuno
380 3742 467 3762 anno
482 3732 598 3763 XIIII.
619 3742 667 3773 pc.
686 3731 777 3763 basil.
796 3741 883 3763 cons.
899 3730 985 3762 lutw
998 3732 1068 3769 (om.
1083 3731 1144 3763 Iul.
1159 3732 1251 3763 cmld.

1326 2878 1398 2911 ἔτει
1422 2875 1473 2910 ιδ’
1497 2889 1559 2920 της
1582 2875 1763 2921 βασιλείας
1791 2879 1821 2910 Τ
1820 2880 1908 2910 head.
1945 2875 2081 2922 ἐγράφη
2104 2872 2218 2921 ἡμέρᾳ
2241 2876 2285 2921 τῇ
2310 2872 2399 2921 αὐτῇ

1324 2925 1397 3001 (gi-151·
1409 2924 1588 3004 εοὲίνῗιῖηςάίε
1605 2936 1666 2966 quo
1683 2936 1753 2955 nov.
1770 2923 1929 2956 CVII=
1942 2924 2017 2955 Aila.
2033 2926 2064 2963 9,
2077 2930 2110 2955 8:
2136 2923 2179 2964 cf.
2197 2923 2251 2954 ad.
2266 2922 2343 2962 513,
2353 2925 2398 2962 w)

1372 3059 1388 3091 1
1414 3056 1583 3089 subiaceat
1608 3057 1639 3089 R.
1656 3057 1668 3100 ΙΙ
1693 3057 1712 3089 3
1738 3059 1771 3089 et
1794 3055 1866 3095 tali]
1891 3058 1924 3087 et
1946 3053 2009 3086 tali
2033 3057 2065 3087 et
2087 3053 2163 3087 aliis
2182 3055 2261 3087 iibri
2276 3054 2289 3096 ss
2303 3055 2396 3087 resti-

1324 3101 1449 3135 tutioni
1459 3102 1563 3142 Beck]
1578 3101 1822 3134 restitutionem
1836 3100 1869 3132 R
1880 3100 1913 3132 V
1927 3099 2153 3132 restitutiones
2168 3099 2200 3132 T
2212 3099 2224 3142 ΙΙ
2242 3100 2286 3132 tuin
2299 3099 2375 3133 ΒΤ*
2386 3098 2399 3144 ΙΙ

1325 3148 1345 3181 6
1370 3146 1490 3179 habeat
1514 3145 1675 3188 Roman
1699 3147 1719 3179 8
1744 3147 1777 3177 et
1801 3145 1861 3177 del.
1876 3143 1954 3187 12³1
1978 3144 2147 3187 ipothecas
2169 3144 2201 3177 V
2223 3145 2397 3187 ypotheca-

1323 3192 1389 3224 rias
1416 3192 1448 3223 T
1465 3191 1478 3234 ΙΙ
1502 3192 1522 3224 9
1547 3190 1705 3232 compleri
1729 3190 1762 3222 R
1777 3196 1790 3233 n
1816 3191 1856 3223 10
1881 3188 1952 3221 fieri
1975 3188 2236 3222 commissarium
2258 3190 2290 3222 V
2306 3189 2398 3222 fidei-

1323 3236 1529 3269 commissum
1555 3236 1603 3267 Ru
1616 3236 1701 3271 vulo.
1725 3234 1738 3278 ῃ
1768 3234 2000 3266 uendicatione
2026 3234 2057 3266 R
2068 3234 2135 3267 VT
2154 3234 2167 3277 ΙΙ
2200 3236 2239 3268 12
2264 3235 2399 3268 donatos

1324 3284 1357 3313 et
1380 3279 1637 3313 fideicommissis
1670 3279 1718 3312 V¹
1748 3279 1760 3322 ΙΙ
1793 3281 1832 3313 13
1856 3278 2175 3311 fideicommissarius
2203 3280 2251 3312 T*
2267 3280 2355 3323 vuly.
2385 3282 2398 3321 11

1326 3328 1367 3359 14
1384 3326 1548 3366 quartam]
1565 3327 1682 3366 quarta
1698 3337 1735 3357 ex
1750 3325 1992 3367 Hamburqensi
2007 3325 2234 3369 Osenbrstqyen
2250 3324 2264 3369 ΙΙ
2281 3325 2396 3368 ipsam]

1324 3371 1511 3402 cautionem
1527 3383 1552 3402 s.
1569 3382 1597 3402 υ.
1612 3371 1718 3402 adscr.
1735 3369 1785 3402 T³
1803 3369 1815 3412 ΙΙ
1839 3371 1878 3402 15
1897 3370 1982 3401 enim
2009 3382 2067 3402 om.
2082 3369 2114 3402 R
2129 3369 2141 3413 ΙΙ
2168 3371 2208 3403 16
2231 3370 2306 3402 fidei
2329 3369 2396 3403 ius—

1324 3417 1447 3447 sionem
1466 3415 1497 3447 Τ
1515 3414 1723 3446 fideiussione
1736 3414 1785 3446 11¹
1803 3414 1815 3457 ΙΙ
1831 3414 1949 3454 solum]
1974 3425 2040 3446 non
2060 3414 2168 3447 solum
2189 3415 2243 3459 Vl!
2271 3417 2310 3449 17
2329 3425 2396 3448 non

1325 3463 1372 3492 est
1396 3473 1453 3492 om.
1480 3459 1524 3491 R·
1555 3460 1567 3502 ΙΙ
1597 3462 1638 3493 23
1663 3459 1732 3502 ipse
1759 3459 1808 3492 T¹
1837 3458 1850 3501 ss
1879 3460 1921 3492 24
1945 3461 2002 3500 qui
2027 3459 2136 3503 RTfl
2166 3462 2207 3494 25
2234 3461 2293 3503 leo.
2318 3470 2395 3492 con-

1324 3504 1449 3546 tingit?
1466 3505 1478 3547 ΙΙ
1497 3515 1610 3537 causas
1627 3505 1674 3537 Β*
1699 3505 1747 3544 (in
1770 3503 1855 3536 libro
1877 3515 1927 3536 sn.
1953 3515 2066 3536 causas
2088 3506 2186 3538 schol.
2206 3506 2252 3545 T)
2268 3505 2281 3548 ΙΙ
2299 3506 2342 3539 28
2358 3514 2396 3537 eo

180 3553 302 3604 quippe
326 3565 343 3587 ς
361 3551 373 3594 ΙΙ
392 3554 433 3584 28
458 3549 733 3596 φιδικομμίσσου
753 3550 781 3583 L
798 3550 811 3593 ΙΙ
829 3551 868 3583 31
894 3547 976 3590 ἔξω]
1001 3549 1039 3588 ἐξ
1056 3545 1166 3582 αὐτοῦ
1180 3550 1228 3582 L¹
1246 3553 1256 3592 ἑξ
1288 3545 1291 3594 Ξ
1324 3563 1382 3582 om.
1400 3550 1430 3582 Τ
1442 3551 1453 3592 ΙΙ
1480 3551 1536 3589 Et]
1562 3552 1606 3581 At
1628 3550 1676 3582 V‘¹
1701 3549 1751 3581 Ad
1775 3549 1823 3581 V⁰
1842 3549 1912 3591 1129
1938 3555 1970 3581 et
1994 3563 2050 3582 om.
2065 3549 2114 3581 R¹
2131 3550 2143 3593 ΙΙ
2168 3551 2211 3583 30
2235 3561 2255 3582 a
2277 3560 2396 3591 genere

181 3597 438 3641 φιδικομμισον
464 3598 493 3629 L
511 3597 523 3639 ΙΙ
540 3598 583 3629 32
608 3595 666 3638 σὴ]
690 3597 748 3628 σοῖ
774 3596 800 3628 L
818 3595 830 3637 ΙΙ
848 3596 888 3628 35
915 3591 1137 3637 φιδικόῐηίεειί
1159 3607 1198 3627 τε
1218 3595 1258 3627 Μ
1288 3598 1290 3623 !

1326 3596 1429 3635 Beck]
1460 3606 1578 3635 genere
1603 3595 1647 3625 1'1
1682 3605 1778 3636 agere
1806 3595 2028 3637 RV³Tvul9.
2055 3594 2067 3636 ΙΙ
2095 3596 2131 3627 31
2162 3595 2340 3636 contigerit
2364 3595 2396 3627 R

1323 3641 1407 3682 vulfs.
1426 3640 1438 3681 ΙΙ
1457 3643 1496 3672 33
1523 3643 1710 3682 competant
1732 3640 1781 3672 V⁰
1798 3639 1810 3681 ss
1829 3640 1951 3679 vivere]
1976 3640 2049 3671 iure
2063 3640 2108 3671 [ιη
2126 3639 2139 3682 ΙΙ
2158 3643 2190 3671 et
2210 3640 2323 3671 testari
2350 3637 2395 3672 V⁶

1287 3690 1290 3711 θ
1322 3686 1422 3727 vulfs]
1449 3689 1486 3716 ut
1510 3688 1542 3717 et
1566 3684 1681 3717 testari
1706 3686 1737 3717 R
1769 3690 1806 3715 ut
1830 3685 1944 3716 testari
1968 3685 1999 3717 T
2023 3687 2056 3716 et
2079 3686 2117 3716 ut
2140 3685 2289 3717 testatori
2312 3684 2362 3717 V⁰
2383 3682 2396 3727 ΙΙ

1287 3746 1290 3761 ι
1323 3733 1365 3762 38
1389 3731 1620 3772 subscriptione
1643 3738 1753 3762 carent
1778 3731 1855 3763 libri
