2592 3840
230 68 338 112 Nov.
370 69 597 114 XXXVIII
629 83 689 126 pr.
1299 68 1383 117 246
2060 89 2120 120 nn
2151 88 2464 121 mrumnmus

744 230 802 272 AT}
1827 239 2030 278 XXXVIII.
2271 244 2378 279 Auth.
2401 243 2466 280 XL

446 305 624 357 ΠΕΡΙ
656 304 1106 361 ΒΟΥΛΕῩΤΩΝ
1581 310 1635 358 R
1660 310 1752 358 DE
1780 309 2263 362 NATURALIBUS

264 370 448 424 ῼΣΤΕ
478 368 1025 425 ΕΝΝΑΟΫΓΚΙΟΝ
1057 372 1287 425 ΚΑΤΑ·
1385 378 1458 426 IN
1477 376 1738 427 OURIAM
1754 377 2195 429 DEPUTANDIS
2217 379 2352 429 VEL
2372 380 2466 431 DE

265 439 734 492 AIMHANEIN
768 438 942 491 ΤΟΙΣ
977 438 1289 492 ΕΑῩΤῼΝ
1441 443 1963 494 DISTRIBUENDA
1997 445 2410 497 FACULTATE

386 506 857 560 BOYAEYTAIE
893 506 1174 559 ΠΑΙΣΙΝ.
1352 525 1371 556 5
1386 510 1766 561 GURIALIUM
1779 513 1854 562 IN
1867 511 2091 562 FILIOS
2107 513 2466 565 MASOULOS

1388 578 1521 629 SEU
1548 579 1776 628 FILIAS
1801 580 1942 630 VEL
1974 579 2043 630 SI
2068 579 2231 630 SINE
2262 581 2467 632 FILIIS

1385 646 1692 696 FUERINT
1718 646 2053 698 CURIALES
2083 649 2158 698 IN
2182 647 2469 708 QUOTAM

1521 714 1800 763 PARTEM
1836 714 2247 766 SUOOEDANT
2285 717 2338 766 R

238 787 272 823 ‘0
303 786 408 823 αὐτὸς
439 788 605 843 βασιλεὺς
634 787 783 837 Ἰωάννῃ
818 790 872 832 τῷ
910 787 1135 833 ἐνδοξοτάτῳ
1170 787 1316 835 ἐπάρχῳ
1422 791 1511 836 Imp.
1536 791 1754 826 lastinianus
1779 791 1869 836 Aug.
1895 792 2045 828 Iohanni
2069 804 2128 838 pp.
2157 803 2222 839 per
2245 792 2436 830 Orientem.

240 836 314 868 τῶν
339 834 447 880 ἱερῶν
477 835 539 877 τῆς
565 831 629 867 'Em
654 838 893 882 πραιτωρίων
922 834 966 869 τὸ
991 832 1046 878 β’,
1070 831 1143 870 ἀπὸ
1166 831 1318 869 ὑπάτων
1335 837 1374 869 10

640 884 700 913 καὶ
719 883 911 925 πατρικίφ.

281 946 583 992 <Προοίμιον.>
623 946 667 981 Οἱ
682 946 750 990 τὴν
767 946 954 982 πολιτείαν
971 944 1058 991 ἡμῖν
1078 944 1190 982 πάλαι
1209 959 1317 980 κατα·
1431 947 1721 993 (Praefatio.)
1768 947 1836 991 Qui
1868 948 2124 993 rempublicam
2154 949 2238 985 olim
2270 950 2372 986 nobis
2395 950 2466 986 dis-

238 990 433 1034 στήσαντες
456 988 637 1035 ᾠήθησαν
659 993 788 1036 χρῆναι
817 991 909 1027 κατὰ
937 991 1005 1035 τὴν
1027 993 1088 1035 τῆς
1111 988 1317 1036 βασιλευού-
1387 997 1601 1038 posuerunt,
1633 993 1910 1028 aestimaverunt
1941 998 2106 1039 oportere
2128 996 2324 1031 secundum
2349 996 2468 1040 regiae

236 1048 299 1080 σης
330 1034 466 1070 πόλεως
497 1040 650 1081 μίμησιν
685 1036 860 1084 ἀθροῖσαι
895 1035 989 1071 καθ’
1023 1035 1178 1079 ἑκάστην
1208 1033 1318 1070 πόλιν
1386 1038 1486 1074 urbis
1516 1039 1631 1073 instar
1660 1037 1820 1073 adunare
1849 1038 1888 1073 in
1917 1048 2133 1084 unaquaque
2165 1039 2308 1076 civitate
2330 1041 2467 1076 nobiles

236 1080 318 1115 τοὺς
361 1075 400 1116 εὖ
460 1080 629 1129 εγιζνότας
669 1086 728 1115 καὶ
771 1082 903 1129 ἑκάστῃ
946 1079 1147 1129 σύγκλητον
1191 1079 1318 1115 δοῦναι
1336 1087 1372 1118 15
1386 1084 1481 1119 viros
1511 1086 1549 1119 et
1579 1083 1770 1128 unicuique
1798 1086 1945 1119 senatus
1976 1083 2062 1119 dare
2086 1084 2240 1127 curiam,
2273 1095 2339 1130 per
2361 1096 2468 1130 quam

235 1125 379 1171 βουλήν,
420 1095 470 1160 ‹il‘
508 1126 546 1170 ἧς
581 1126 704 1170 ἔμελλε
738 1127 784 1161 τά
818 1140 858 1162 τε
894 1126 1050 1172 δημόσια
1085 1126 1318 1174 πράττεσθαι
1386 1129 1592 1165 debuissent
1615 1128 1674 1172 agi
1704 1138 1798 1172 quae
1828 1129 1975 1174 publica
2005 1130 2090 1164 sunt
2119 1133 2227 1183 atque
2249 1130 2369 1166 omnia
2390 1130 2469 1166 fieri

236 1168 382 1206 ἅπαντά
416 1185 457 1206 τε
490 1172 663 1219 γίνεσθαι
698 1173 790 1207 κατὰ
824 1172 927 1213 τάξιν
963 1171 1030 1215 τὴν
1062 1171 1317 1218 προςήκουσαν-
1387 1174 1583 1209 secundum
1614 1173 1776 1209 ordinem
1808 1178 2077 1218 competentem.
2138 1174 2197 1209 Sic
2225 1184 2380 1220 namque
2409 1186 2468 1211 nes

235 1216 332 1251 οὕτω
355 1221 481 1251 τοίνυν
505 1216 547 1251 τὸ
571 1219 719 1265 πρᾶγμα
742 1216 917 1261 ἤνθησεν,
949 1214 1063 1251 οὕτως
1095 1216 1208 1263 ἐφάνη
1231 1216 1318 1260 λαμ·
1386 1219 1519 1263 floruit,
1551 1219 1604 1254 sic
1628 1218 1795 1264 apparuit
1819 1219 1927 1261 clara,
1957 1219 2010 1254 ita
2039 1223 2080 1254 ut
2103 1229 2254 1264 magnae
2285 1225 2322 1256 et
2351 1230 2398 1266 po
2425 1231 2467 1256 u-

237 1260 342 1306 πρόν,
380 1261 427 1296 ὠς
461 1261 523 1296 τὰς
557 1267 727 1309 μεγίστας
762 1276 802 1297 τε
837 1266 896 1297 καὶ
931 1258 1320 1309 πολυανθρωποτάτοις
1386 1265 1487 1299 losae
1519 1264 1646 1299 domus
1679 1264 1865 1299 curialium
1893 1267 2030 1308 essent,
2068 1264 2294 1300 multitudine
2350 1265 2387 1301 ni
2412 1275 2467 1301 em

236 1308 348 1341 οἰκίας
372 1306 580 1351 βουλευτῶν
603 1307 714 1349 εἶναι,
747 1307 912 1350 πλήθους
934 1310 1001 1352 μὲν
1025 1307 1128 1341 ὄντος
1149 1308 1213 1341 τοῦ
1236 1311 1318 1351 βου·
1332 1311 1375 1344 20
1388 1309 1562 1344 existente
1586 1309 1785 1350 curialium,
1815 1309 1910 1354 quod
1933 1314 2052 1344 autem
2075 1309 2299 1346 functionum
2322 1310 2466 1347 videba-

238 1350 411 1394 λεύοντος,
434 1353 495 1396 τῆς
520 1350 559 1386 δὲ
583 1351 753 1396 δοκούσης
783 1353 876 1387 εἶναι
905 1354 984 1387 τῶν
1008 1351 1319 1399 λειτουργημάτων
1387 1358 1447 1389 tur
1477 1364 1556 1390 esse
1588 1365 1679 1389 onus
1715 1354 1806 1389 nulli
1840 1355 1982 1389 omnino
2014 1354 2236 1390 intolerabile
2269 1355 2467 1391 existebat:

237 1396 437 1444 βαρύτητος
460 1395 580 1431 οὐδενὶ
604 1397 794 1432 παντελῶς
826 1396 1007 1445 ἀφορήτου
1031 1398 1318 1441 καθισταμένης·
1387 1410 1470 1434 nam
1496 1399 1590 1443 quod
1613 1399 1651 1434 in
1674 1399 1938 1434 multitudinem
1962 1399 2129 1435 dividilzur
2151 1410 2243 1435 onus
2262 1400 2468 1436 insensibile

237 1444 291 1485 τῷ
334 1442 378 1489 αρ
402 1444 449 1477 εἰς
468 1441 609 1486 πλῆθος
633 1440 833 1489 διῃρῆσθαι
851 1444 894 1477 τὸ
914 1442 1024 1489 βάρος
1043 1440 1319 1486 ἀνεπαίσθητον
1387 1445 1643 1489 propemodum
1666 1444 1755 1479 facit
1779 1445 1840 1484 eis.
1872 1445 1933 1489 qui
1955 1445 2026 1480 hoc
2056 1445 2244 1481 sustinent.
2294 1445 2468 1490 Quoniam

237 1498 299 1529 σχε
324 1487 367 1522 ὸν
401 1491 475 1522 τοῖς
510 1489 619 1521 τοῦτο
653 1487 896 1533 ὑπομένουσιν
927 1482 981 1531 ἦν.
1026 1484 1127 1522 Ἐπεὶ
1158 1485 1198 1522 δὲ
1228 1486 1320 1522 κατὰ
1388 1493 1505 1524 autem
1529 1499 1594 1534 per
1617 1492 1738 1534 partes
1762 1489 1905 1534 quidam
1929 1493 2125 1535 coeperunt
2146 1500 2186 1526 se
2206 1490 2361 1526 eximere
2384 1491 2466 1526 albo

236 1535 340 1578 μέρος
363 1532 520 1579 ἤρξαντό
551 1545 646 1567 τινες
676 1532 820 1567 ἑαυτοὺς
852 1533 1007 1579 ἐξαιρεῖν
1038 1534 1116 1567 τῶν
1139 1531 1317 1577 βουλευζι-
1332 1537 1373 1570 25
1389 1535 1510 1570 curiae
1535 1537 1571 1570 et
1595 1535 1804 1571 occasiones
1826 1535 1985 1570 invenire
2015 1545 2079 1588 per
2102 1545 2191 1580 quas
2213 1535 2317 1571 liberi
2338 1537 2467 1571 harum

238 1579 315 1611 κῶν
346 1576 588 1621 λευκωμάτων
619 1581 678 1611 καὶ
710 1578 925 1625 ἐξευρίσκειν
956 1576 1151 1630 προφάσεις
1182 1575 1233 1631 διζ
1265 1576 1319 1612 ὡν
1388 1579 1626 1622 efficerentur,
1651 1580 1703 1615 sic
1727 1580 1913 1624 paullatim
1937 1581 2141 1615 demmutae
2164 1585 2249 1616 sunt
2270 1580 2392 1616 curiae
2413 1581 2466 1616 in—

238 1635 316 1657 πως
334 1621 519 1668 ἐλεύθεροι
538 1622 681 1657 τούτων
698 1625 856 1665 ἔσονται,
877 1623 955 1657 εἶτα
974 1620 1057 1656 κατ’
1077 1622 1198 1670 ολίγον
1215 1622 1319 1667 ηλατ-
1388 1625 1543 1660 numeris
1577 1625 1788 1669 excogitatis
1821 1625 2088 1668 occasionibus,
2121 1635 2186 1671 per
2217 1636 2306 1670 quas
2328 1626 2465 1671 potuis-

238 1666 348 1710 τώθη
380 1667 425 1702 τὰ
455 1665 690 1714 βουλευτήρια
718 1672 859 1713 μυρίων
889 1668 1157 1711 έπινοηθεισιῦν
1181 1667 1318 1713 προφά-
1388 1674 1469 1705 sent
1492 1670 1663 1715 specialia
1687 1670 1828 1715 quidem
1851 1671 1942 1706 bene
1961 1670 2104 1712 habere,
2130 1671 2329 1706 communia
2348 1674 2468 1715 autem

239 1725 345 1754 σεων,
384 1713 421 1753 ἐξ
454 1704 508 1747 ὧν
531 1711 654 1756 &pezae
676 1712 722 1751 τὰ
745 1715 812 1757 μὲν
835 1712 912 1747 ἴδια
935 1711 1052 1747 καλῶς
1076 1713 1180 1755 ἕξειν,
1210 1712 1256 1747 τὰ
1280 1711 1320 1747 δὲ
1389 1719 1423 1750 et
1447 1715 1592 1759 publica
1616 1715 1771 1750 deminui
1794 1726 1860 1761 per
1878 1716 2008 1751 omnia.
2053 1715 2249 1761 Propterea
2265 1716 2312 1752 ad
2331 1726 2467 1762 paucos

239 1757 342 1791 κοινοὶ
379 1761 439 1792 καὶ
475 1756 497 1791 δ
548 1756 631 1792 όσια
669 1755 729 1792 διὰ
767 1757 921 1793 πάντων
955 1757 1211 1792 ἐλαττοῦσθαι.
1259 1756 1320 1792 διὰ
1332 1763 1375 1794 30
1388 1760 1482 1796 viros
1506 1760 1674 1795 redactae
1696 1760 1899 1796 functiones
1932 1764 1967 1796 et
1988 1760 2131 1796 illorum
2154 1760 2346 1797 facultates
2371 1771 2466 1797 com·

238 1804 347 1836 τοῦτο
366 1804 426 1848 ,εἰς
457 1772 590 1849 ἅνδιὲας
620 1800 758 1850 ὀλίγους
790 1801 1013 1849 περιστάντα
1044 1803 1091 1838 τὰ
1122 1801 1260 1849 λειτουρ
1285 1803 1319 1846 ἡ·
1386 1807 1584 1848 moverunt,
1618 1811 1654 1840 et
1686 1805 1845 1851 civitates
1875 1806 1929 1841 ita
1959 1806 2161 1841 deminutae
2193 1810 2293 1850 sunt,
2327 1810 2369 1842 ut
2399 1807 2467 1842 sub

238 1861 337 1892 ματα
367 1846 540 1882 κάκείνοις
570 1846 632 1881 τὰς
659 1845 782 1883 οὐσίας
809 1851 994 1883 κατέσεισε
1024 1850 1084 1881 καὶ
1116 1847 1178 1882 τὰς
1201 1849 1249 1883 πό
1290 1861 1320 1884 ις
1387 1850 1478 1886 istos
1501 1850 1660 1896 perditos
1684 1850 1920 1886 conductores
1944 1861 2035 1896 quos
2058 1850 2216 1886 vindices
2239 1856 2371 1887 vocant
2387 1851 2467 1887 red-

238 1889 350 1927 σῧτως
374 1891 593 1937 ἠλάττωσεν,
625 1889 714 1927 ὥςτε
744 1891 817 1928 ὑπὸ
847 1892 993 1928 τούτους
1024 1893 1117 1926 εἶναι
1140 1894 1222 1927 τοὺς
1244 1892 1318 1928 ὀλε-
1388 1899 1471 1931 acta
1496 1895 1596 1931 curia
1619 1895 1726 1940 plena
1749 1896 1891 1941 quidem
1911 1896 2121 1940 defectibus,
2146 1897 2254 1941 plena
2272 1907 2354 1932 vero
2373 1896 2469 1933 omni

239 1938 367 1984 θρίους
389 1937 581 1983 μισθωτάς
604 1936 663 1972 οὓς
687 1935 731 1981 δὴ
753 1937 918 1982 βίνδικας
941 1936 1099 1972 καλοῦσι.
1141 1942 1318 1984 συμβέβη-
1387 1940 1563 1976 iniustitia
1586 1940 1697 1976 fieret.

238 1997 300 2017 κεν
335 1978 399 2017 οὖν
428 1982 471 2017 τὸ
495 1982 694 2028 πολίτευμα
724 1982 859 2026 μεστὸν
881 1986 948 2028 μὲν
973 1981 1229 2027 ἐλλειμμάτων,
1258 1998 1319 2029 με·
1332 1988 1375 2020 35

237 2030 259 2063 1
305 2028 392 2064 στὸν
427 2027 468 2062 δὲ
501 2027 616 2071 πάσης
649 2025 788 2063 ἀδικίας
846 2028 1008 2062 ενέσθαι.
1073 2029 1191 2062 Ταῦτα
1222 2027 1318 2073 ἡμεῖς
1386 2033 1409 2066 1
1453 2031 1554 2066 Haec
1577 2042 1644 2066 nos
1668 2041 1774 2075 saepe
1820 2034 2059 2066 erscrutantes
2082 2031 2343 2066 aestimavimus
2363 2042 2385 2066 o
2411 2041 2467 2067 or-

239 2072 406 2108 πολλάκις
435 2071 716 2120 ἀνερευνώμενοι
747 2042 924 2118 ῴήιξημεν
952 2074 1080 2119 χρῆναι
1113 2073 1318 2120 θεραπείαν
1386 2080 1463 2111 tere
1487 2076 1658 2111 medelam
1690 2076 1742 2111 rei
1765 2086 1787 2111 a
1812 2076 1952 2121 hibere3
1986 2079 2021 2111 et
2045 2081 2218 2120 quantum
2248 2086 2314 2112 nos
2336 2076 2375 2111 in
2424 2086 2468 2112 oc

247 2180 251 2185 ·
295 2164 379 2198 Νου.
406 2165 624 2198 XXXVIII
642 2165 700 2207 (=
720 2165 873 2198 Anthent.
896 2164 987 2197 XL:
1019 2165 1129 2207 yloss„
1162 2167 1205 2207 ef.
1232 2166 1357 2199 Biener
1385 2166 1501 2201 Gescb.
1526 2168 1584 2201 der
1607 2167 1692 2201 Νου.
1713 2179 1750 2211 p.
1774 2168 1855 2209 447)
1882 2167 2009 2201 Graece
2032 2174 2120 2200 extat
2144 2168 2176 2200 in
2202 2167 2282 2200 ML.
2308 2186 2351 2191 —
2375 2167 2467 2211 Epic.

241 2210 361 2242 Tbeod.
376 2211 430 2251 38,
453 2211 574 2243 Athan.
590 2212 620 2252 8,
635 2218 659 2244 ι.
706 2210 827 2243 Iulian.
851 2216 950 2243 const.
975 2210 1141 2243 XXXV.

1246 2330 1471 2368 XXXVIII.

456 2398 558 2451 DE
588 2397 1123 2450 DECURIONIBUS
1157 2399 1244 2450 UT
1270 2399 1507 2452 FILIIS
1537 2399 1696 2451 SUIS
1727 2399 2261 2451 DECURIONIBUS

838 2465 1299 2527 RELJNQUANT
1324 2467 1576 2520 NOVEM
1612 2467 1874 2519 UNCIAS.
1951 2459 1961 2480 Χ

286 2544 387 2581 Idem
406 2547 591 2592 Auqustus
612 2543 773 2580 Iohanni
794 2545 1059 2592 qloriosissimo
1076 2546 1275 2592 praefecto
1294 2557 1401 2583 sacro
1425 2547 1583 2583 Orientis
1603 2547 1793 2594 praetorio
1817 2548 1958 2589 iterum,
1983 2547 2175 2582 exconsuli
2198 2550 2234 2582 et
2254 2545 2422 2592 patricio.

379 2613 640 2658 Praefatio.
700 2611 770 2655 Qui
804 2613 1062 2659 rempublicam
1098 2613 1203 2649 nobis
1239 2614 1325 2650 olim
1359 2615 1636 2656 constituerunt,
1671 2613 1722 2649 ad
1750 2613 1987 2649 imitationem
2022 2613 2123 2649 urbis
2156 2614 2281 2660 reqiae
2309 2613 2349 2648 in
2379 2623 2468 2648 una-

241 2669 313 2705 qua
343 2669 386 2694 ue
424 2658 568 2700 civitate
605 2658 704 2693 viros
740 2657 879 2693 nobiles
917 2658 1140 2704 colliqenclos
1177 2660 1435 2695 eoeistimarunt
1477 2663 1513 2694 et
1549 2659 1744 2703 unicuique
1782 2662 1948 2694 senatum
1987 2658 2146 2694 dandum
2185 2669 2255 2705 per
2292 2668 2396 2703 quem
2433 2662 2470 2694 et

239 2702 313 2750 pub
329 2703 387 2738 ica
411 2702 559 2748 neqotia
582 2702 847 2747 conficerentur
869 2707 904 2738 et
927 2703 1048 2738 omnia
1071 2708 1167 2738 recte
1190 2708 1299 2749 atque
1323 2703 1451 2739 ordine
1470 2703 1610 2749 fierent.
1663 2704 1781 2748 Atque
1804 2714 1848 2738 ea
1870 2714 1930 2739 res
1953 2703 2044 2739 adeo
2064 2703 2204 2749 floruit,
2235 2702 2326 2738 adeo
2349 2702 2468 2748 splen·

241 2748 328 2783 dida
351 2747 543 2794 apparuit,
575 2750 618 2782 ut
639 2747 822 2783 maximae
844 2751 963 2783 essent
991 2752 1028 2783 et
1046 2748 1358 2794 populosissimae
1383 2748 1511 2784 domus
1534 2747 1744 2790 curialium,
1777 2758 1856 2783 cum
1879 2753 1915 2783 et
1936 2759 2071 2794 maqna
2101 2752 2194 2784 esset
2217 2748 2322 2794 copia
2350 2747 2468 2783 ctu-ia-

243 2793 329 2829 lium
360 2803 475 2838 neque
498 2802 682 2826 munerum
715 2791 815 2837 quod
844 2803 922 2828 esse
952 2792 1139 2828 videbatur
1171 2804 1264 2828 onus
1294 2793 1462 2839 cuiquam
1494 2793 1639 2828 omnino
1670 2791 1898 2828 intolerabile
1920 2798 2032 2834 essen
2066 2804 2108 2828 eo
2139 2793 2154 2827 i
2180 2803 2222 2829 so
2246 2793 2341 2828 enim
2370 2791 2471 2838 quod

241 2839 336 2873 inter
358 2848 529 2884 maqnum
560 2847 747 2871 numerum
779 2836 1005 2873 dividebatur
1034 2848 1126 2873 onus
1154 2839 1237 2884 fere
1268 2849 1341 2874 non
1372 2849 1485 2884 qrave
1515 2842 1596 2873 erat
1617 2838 1663 2873 iis
1694 2837 1757 2882 qui
1779 2837 1819 2872 id
1840 2837 2075 2874 sustinebant.
2166 2837 2205 2874 bi
2225 2848 2310 2874 vero
2333 2837 2471 2883 sinquli

242 2883 401 2919 eximere
423 2892 501 2918 sese
529 2892 580 2918 ex
602 2880 686 2916 albo
711 2881 843 2917 curiali
865 2887 1062 2928 coeperunt
1091 2893 1293 2928 causasque
1314 2883 1476 2929 reperire
1499 2893 1573 2929 per
1623 2893 1689 2917 uas
1716 2883 1819 2928 sorte
1849 2883 1894 2919 ab
1918 2894 1961 2918 eo
1994 2882 2247 2926 liberarentur,
2279 2887 2353 2918 tum
2362 2893 2468 2963 m

244 2929 345 2964 latim
368 2927 572 2964 deminutae
602 2930 687 2961 sunt
709 2926 833 2962 curiae
862 2927 1033 2963 sescentis
1061 2927 1181 2963 causis
1204 2928 1436 2974 excogitatis,
1466 2938 1516 2963 ex
1540 2929 1602 2973 qui
1627 2938 1669 2962 us
1691 2933 1731 2963 ut
1748 2928 1920 2974 privatae
1943 2928 2086 2974 quidem
2110 2939 2170 2964 res
2192 2927 2279 2964 bene
2300 2938 2339 2964 se
2433 2938 2466 2963 e-

241 2978 340 3016 rent,
376 2981 579 3008 communes
612 2981 697 3007 vero
732 2975 767 3006 et
799 2971 967 3017 publicae
1001 2972 1147 3007 omnino
1183 2972 1475 3008 deminuerentur
1509 2972 1634 3008 evenit.
1694 2972 1896 3019 Pr0pterea
1929 2972 1979 3008 ad
2006 2983 2152 3026 paucos
2186 2973 2285 3009 viros
2318 2972 2468 3008 redacta

242 3029 392 3054 munera
416 3021 452 3053 et
474 3016 620 3052 illorum
643 3016 806 3062 ipsorum
830 3015 926 3052 bona
948 3020 1153 3053 everterunt
1182 3021 1217 3053 et
1239 3017 1403 3053 civitates
1425 3016 1516 3053 adeo
1541 3017 1806 3060 imminuerunt,
1841 3021 1882 3053 ut
1937 3017 2063 3054 erclttis
2091 3018 2171 3054 istis
2198 3016 2467 3059 mercennariis,

241 3075 335 3111 quos
354 3062 497 3109 quidem
520 3060 679 3097 vindices
702 3066 842 3102 vocant,
865 3061 1123 3097 subicerentur.
1166 3060 1259 3097 Inde
1277 3062 1442 3108 contiqit,
1466 3067 1506 3098 ut
1525 3062 1730 3109 respublica
1754 3073 1833 3098 cum
1851 3062 1896 3098 de
1916 3063 2052 3099 ectibus
2076 3067 2149 3098 tum
2170 3062 2268 3098 omni
2290 3060 2468 3098 inmetata

241 3112 264 3145 1
315 3108 527 3155 repleretur.
597 3105 700 3141 Haec
722 3116 791 3141 nos
813 3105 897 3141 dum
919 3107 1066 3153 saepius
1092 3111 1377 3152 perscrutamur,
1402 3106 1613 3142 medicinam
1637 3107 1671 3143 ei
1694 3108 1749 3143 rei
1772 3107 2011 3144 adhibendam
2034 3108 2303 3155 reputavimus;
2336 3111 2373 3143 et
2394 3116 2467 3153 quo

300 3203 320 3233 9
350 3195 495 3243 ἐπάρχῳ
526 3198 557 3231 L
581 3198 670 3238 Am]
705 3193 853 3239 ὑπάρχῳ
880 3197 922 3229 Μ
955 3196 967 3239 11
1006 3198 1047 3230 10
1079 3195 1191 3230 αἶώας
1214 3198 1261 3230 L·
1309 3198 1320 3240 11
1390 3198 1539 3230 ordinem
1560 3198 1631 3230 fieri
1650 3206 1661 3231 t
1680 3198 1693 3242 11
1720 3201 1872 3240 namque]
1892 3200 2004 3241 itaque
2017 3198 2187 3277 wiffare
2208 3206 2220 3232 t
2242 3199 2255 3240 11
2285 3200 2320 3232 18
2336 3198 2466 3240 aperuit

246 3246 286 3279 12
316 3240 401 3288 ἡμῖν
425 3243 531 3284 ΜΕς]
562 3239 666 3285 ἡμῶν
697 3243 748 3275 cit.
778 3242 898 3276 Theod.
919 3242 994 3274 Atk.
1025 3240 1037 3285 11
1076 3243 1113 3275 13
1145 3238 1320 3286 ὠήθημεν
1399 3243 1431 3276 V
1450 3241 1463 3287 11
1493 3244 1534 3276 19
1558 3243 1670 3275 domos
1695 3243 1815 3276 curiali
1839 3247 1949 3277 autem
1973 3247 2080 3277 essent
2163 3243 2176 3287 11
2207 3242 2353 3285 quidem]
2378 3241 2464 3284 quod

243 3291 290 3323 L¹
315 3290 328 3334 11
362 3292 401 3323 15
425 3286 556 3334 ἑκάστῃ
581 3287 669 3327 1¹²5]
695 3282 850 3328 ἑκάστην
876 3286 963 3319 ML¹
990 3285 1003 3338 11
1034 3287 1076 3319 20
1101 3287 1230 3320 οἰκείας
1257 3288 1284 3320 I.
1308 3286 1320 3331 11
1390 3287 1521 3321 tNeob.
1547 3286 1560 3332 11
1583 3289 1625 3321 20
1647 3288 1822 3321 curialium
1844 3289 1902 3331 Vn
1922 3289 2100 3322 uidebatur
2122 3289 2166 3329 V]
2190 3288 2346 3321 uideatur
2362 3287 2464 3322 Neob-

244 3337 286 3370 23
310 3335 364 3377 ’τῷ
379 3335 556 3377 Scrimqer]
580 3331 623 3366 τὸ
639 3330 758 3376 ΜΕςΙΙ
778 3333 820 3365 26
844 3329 1097 3374 λευκωματων]
1122 3330 1320 3376 λειτουργη-
1389 3332 1531 3365 debeant
1544 3340 1556 3366 t
1570 3333 1582 3376 11
1602 3335 1640 3366 21
1658 3344 1724 3367 esse
1738 3334 1846 3366 honus
1866 3334 1904 3375 V,
1918 3347 1975 3367 om.
1990 3334 2118 3368 tNeob.
2137 3333 2150 3376 11
2164 3331 2391 3366 intollerabile
2409 3332 2441 3366 V

242 3380 371 3423 μάτων
384 3379 431 3412 L²
446 3379 458 3422 11
478 3380 520 3412 28
539 3376 747 3419 ἐπινοηθεῖς
766 3377 807 3409 [2¹
826 3375 839 3420 11
854 3377 897 3410 29
915 3373 1063 3419 ἤμελλεν
1077 3377 1107 3409 L
1123 3375 1135 3419 11
1155 3378 1196 3410 33
1213 3373 1318 3417 ὥστε]
1390 3378 1432 3411 22
1445 3376 1662 3410 multitudine
1680 3379 1709 3411 V
1724 3379 1736 3421 11
1751 3379 1859 3411 honus
1873 3379 1951 3412 libri
1963 3379 1975 3421 11
1995 3379 2037 3412 23
2050 3378 2143 3419 facit]
2165 3379 2225 3422 leq.
2240 3377 2307 3410 fuit
2319 3378 2372 3410 vel
2381 3376 2442 3409 fit?

244 3421 338 3458 ὥστε
360 3422 442 3458 τοὺς
465 3424 497 3457 L
523 3419 617 3456 ὥστε
640 3419 767 3456 αὐτοὺς
788 3421 981 3454 Haloander
996 3421 1009 3464 11
1028 3423 1071 3454 34
1095 3423 1320 3465 συμβέβηκεν
1389 3423 1432 3456 24
1451 3422 1585 3463 quidam
1606 3425 1786 3465 coeperunt
1802 3424 1901 3467 nula]
1926 3423 2059 3465 quidem
2075 3425 2234 3466 oeperunt
2255 3421 2380 3456 tNeob.
2405 3431 2464 3463 qui

244 3463 308 3503 οὖν
330 3469 373 3503 τὸ
397 3467 607 3512 πολίτευμα]
639 3467 772 3501 redacta
795 3466 888 3499 ouria
912 3477 931 3501 ς
955 3466 1034 3499 haec
1054 3467 1220 3509 prioribus
1245 3480 1317 3500 ‹ron-
1388 3467 1589 3509 deceperunt
1610 3468 1642 3501 V
1661 3467 1674 3511 11
1698 3469 1740 3501 25
1759 3468 1909 3501 invenire
1933 3481 1992 3501 om.
2014 3468 2046 3502 V
2067 3467 2080 3512 11
2104 3467 2212 3509 liberi]
2241 3470 2273 3501 in
2294 3468 2351 3500 hoe
2369 3478 2462 3499 voca-

246 3518 374 3549 tinuans
396 3514 408 3558 11
433 3516 473 3548 37
500 3512 698 3558 θεραπείας
721 3512 769 3545 L¹
1390 3512 1462 3544 bulo
1484 3513 1622 3553 deficitt
1647 3514 1692 3556 (f
1715 3514 1788 3554 86¹¹)
1815 3513 1828 3555 11
1857 3515 1900 3546 26
1924 3513 2095 3545 deminuta
2123 3513 2154 3546 V
2174 3513 2188 3555 11
2216 3514 2295 3544 sunt
2319 3523 2377 3544 om.
2398 3510 2429 3543 V
2450 3508 2463 3552 Ι

248 3575 1040 3584 —---——————
1388 3558 1429 3590 27
1456 3555 1577 3598 *quael
1602 3567 1668 3598 qua
1688 3557 1792 3591 Neob.
1825 3567 1909 3598 quae
1941 3558 1969 3590 V
1993 3558 2006 3600 11
2034 3559 2075 3591 28
2100 3556 2235 3599 speciali
2258 3557 2290 3589 V
2312 3555 2325 3600 11
2353 3557 2461 3588 autem

289 3607 310 3638 4
331 3604 561 3637 distributoris.
581 3604 674 3647 7116
694 3604 721 3636 si
741 3617 799 3637 om.
823 3603 875 3636 Vt
891 3602 904 3646 11
926 3604 943 3635 ’7
967 3602 1069 3634 ruerit
1091 3600 1147 3645 Vn
1163 3602 1198 3633 in
1218 3605 1319 3642 quota
1388 3615 1446 3635 om.
1468 3602 1500 3633 V
1523 3602 1536 3645 11
1565 3604 1607 3635 29
1632 3601 1685 3642 ad]
1716 3604 1748 3634 et
1777 3603 1855 3635 libri
1880 3601 1893 3646 11
1924 3604 1966 3635 30
1991 3603 2081 3634 uiros
2104 3602 2160 3634 sed
2184 3604 2255 3634 acte
2280 3599 2461 3633 functionis

243 3652 337 3692 parte
358 3650 390 3682 V
409 3649 422 3692 11
445 3651 464 3683 8
483 3650 664 3682 succedunt
685 3650 737 3682 V⁰
762 3648 775 3693 11
801 3650 841 3682 16
865 3657 931 3689 qua
952 3647 992 3691 tss
1012 3649 1052 3681 16
1065 3659 1112 3689 sq.
1137 3647 1316 3679 secundum
1396 3646 1453 3690 Vn
1470 3647 1505 3679 31
1525 3647 1571 3678 ita
1592 3660 1650 3679 om.
1665 3647 1768 3681 Neob.
1786 3646 1857 3690 1133
1871 3646 2125 3679 defacultatibun
2147 3646 2202 3690 Vll
2227 3648 2268 3680 34
2284 3645 2412 3677 iustitie
2436 3642 2467 3677 V
