2476 3854
146 85 223 129 Ed.
239 87 345 131 XIII
374 89 480 128 4-7
1205 82 1300 133 782«
1714 101 1774 131 Dr.
1802 101 1919 133 URBE.
1947 100 2366 136 Amxmnnmossuu

147 199 207 231 καὶ
230 197 299 241 τὴν
323 198 549 242 πειθομένην
573 195 674 239 αὐτῷ
698 196 803 237 τάξιν
826 193 984 239 κινδύνῳ
1009 195 1128 239 οἰκείῳ
1153 197 1213 229 καὶ
1237 194 1315 230 τῶν
1339 193 1462 230 ὄντων
1486 195 1586 241 αὐτῷ
1608 202 1668 233 καὶ
1687 199 1871 242 ἐσομένων
1893 199 2120 247 πραγμάτων
2135 204 2195 235 καὶ
2210 199 2367 245 κινδύνῳ

146 243 209 285 τῆς
233 242 342 277 αὐτοῦ
365 241 498 284 τάξεως
521 240 560 276 οὐ
585 245 667 287 περὶ
691 243 808 275 ταῦτα
827 239 943 285 μόνον
966 237 1056 274 ἀλλὰ
1080 243 1139 274 καὶ
1160 239 1229 283 τὴν
1253 244 1437 285 σωτηρίαν
1459 239 1575 285 αὐτὴν
1599 240 1823 290 ἀγωνιώσης,
1847 246 1972 280 πᾶσαν
1990 246 2171 280 τίθεσθαι
2187 244 2367 292 πρόνοιαν

145 289 211 321 τοῦ
242 287 310 322 τὸν
341 289 527 332 εἰρημένον
553 288 615 330 τῆς
638 286 756 320 αἰσίας
779 284 930 331 ἐμβολῆς
954 288 1057 320 σῖτον
1079 288 1139 320 καὶ
1163 282 1401 321 ἀπαιτεῖσθαι
1424 289 1484 320 καὶ
1507 287 1600 322 κατὰ
1620 287 1703 324 τοὺς
1725 293 2001 345 νεμομισμένους
2024 289 2167 336 καιροὺς
2190 293 2366 337 ἐκπέμπε-

146 332 170 366 2
216 333 318 367 σθαι.
366 332 454 367 ἀλλὰ
480 333 611 366 τοῦτον
670 333 708 365 ὲν
731 330 960 376 εἰσπράττειν
982 326 1083 365 ὅστις
1106 330 1144 371 ἐξ
1168 331 1335 376 ἑκατέρας
1358 333 1458 366 ἐστὶν
1481 331 1682 379 Αἰγύπτου,
1712 333 1781 368 τὸν
1804 332 1845 369 δὲ
1868 333 1975 370 αλλον
1998 333 2258 379 ἀνυπερθέτως
2280 333 2366 371 ὑπο-

148 375 322 420 δέχεσθαι
350 375 397 420 [ἢ]
430 380 489 410 καὶ
514 345 765 421 ἐμβάλλιὲσθαι
795 378 870 410 τοῖς
901 374 1036 411 πλοίοις
1056 374 1344 421 παρασκευάζειν
1367 389 1407 411 τε
1431 376 1479 411 εἰς
1502 375 1641 421 ταύτην
1665 379 1919 423 ἐκπέμπεσθαι
1941 379 2011 424 τὴν
2034 378 2230 425 εὐδαίμονα
2248 379 2368 424 πόλιν,
2392 384 2412 416 5

146 419 228 457 ὅσος
259 423 323 457 τοῦ
356 421 507 456 κανόνος
536 422 598 465 τῆς
624 419 732 464 αὐτῆς
763 421 879 455 αἰσίας
910 420 1063 464 ἐμβολῆς
1085 422 1163 455 ἐστι
1186 421 1249 463 τῆς
1273 421 1439 456 ἐνταῦθα
1462 421 1716 466 πλωϊζομένης.
1764 422 1897 468 ὁμοίως
1921 422 1960 459 δὲ
1983 428 2042 459 καὶ
2065 424 2133 460 τὸν
2157 422 2241 472 παρ’
2265 422 2368 468 ἡμῶν

146 466 444 512 φιλοτιμούμενον
478 468 541 510 τῆς
599 465 722 511 εγάλης
756 466 834 500 τῶν
863 462 1127 510 Ἀλεξανδρέων
1159 464 1295 500 πόλεως
1324 465 1393 500 τὸν
1422 468 1490 510 μὲν
1519 466 1700 510 ἀπαιτεῖν,
1737 465 1819 504 ὅσος
1847 469 1885 510 ἐξ
1917 470 2108 517 Αἰγύπτου
2139 471 2367 514 καθέστηκεν

146 513 321 557 ἑκατέρας,
352 512 471 555 οἰκείῳ
501 525 560 545 κιν
585 510 661 555 ύνῳ
693 513 753 545 καὶ
773 512 837 553 τῆς
860 507 972 545 αύτοῦ
995 511 1138 552 τάξεως,
1170 509 1236 545 τὸν
1260 508 1300 545 δὲ
1323 509 1567 553 ὑποδέχεσθαι
1591 511 1725 548 ὁπόσος
1749 513 1788 554 ἐξ
1810 514 1945 559 ἑτέρων
1967 512 2134 561 ἀφίκοιτο
2153 514 2283 551 τόπων
2306 518 2367 549 καὶ

147 554 248 599 αὐτῷ
277 554 508 602 παραδοθείη
539 556 631 590 κατὰ
658 555 701 591 τὸ
726 555 865 600 μᾶλλον
893 557 948 590 ἔτι
974 558 1199 601 σαφέστερον
1230 557 1270 591 ἐν
1299 559 1371 591 τοῖς
1403 557 1526 602 ἐφεξῆς
1557 555 1877 602 δηλωθησόμενον,
1906 562 1966 593 καὶ
1999 558 2173 594 δαπανᾶν
2196 559 2368 605 καθάπερ

145 602 307 635 εἴθισται
347 605 430 646 περὶ
452 601 495 636 τὸ
527 599 706 647 τρόφιμον
735 602 799 644 τῆς
827 597 934 645 αὐτῆς
960 599 1108 642 πόλεως,
1140 598 1236 635 ὥστε
1266 599 1310 636 τὸ
1343 598 1517 647 ἄφθονον
1548 597 1660 646 αύτὴν
1682 602 1849 647 βουλήσει
1874 605 1964 639 θεοῦ
1990 603 2050 639 διὰ
2075 605 2230 640 πάντων
2252 607 2365 648 ἔχειν·
2395 609 2434 642 10

145 644 499 692 συγκινδυνευόντων
530 648 584 690 τῷ
617 646 718 689 αὐτῷ
746 645 976 691 περιβλέπτῳ
1002 644 1252 692 αύγουσταλίῳ
1277 643 1366 680 ὅσον
1389 647 1437 682 εἰς
1458 645 1526 690 τὴν
1548 647 1737 694 εἴσπραξιν
1760 651 1820 682 καὶ
1843 650 1921 684 τῶν
1944 651 2185 695 στρατιωτῶν
2206 651 2283 685 τῶν
2307 647 2369 684 ὑπ’

146 689 260 725 αὐτὸν
281 695 514 738 τεταγμένων
538 695 597 726 καὶ
620 693 698 726 τῶν
721 690 991 736 λαμπροτάτων
1014 687 1222 738 τριβούνων
1245 694 1305 725 καὶ
1329 689 1445 735 πάσης
1468 690 1653 736 πολιτικῆς
1675 696 1736 727 καὶ
1761 691 1932 739 δημοσίου
1955 695 2139 740 βοηθείας,
2163 691 2260 730 ὥστε
2280 708 2371 731 παν-

145 736 307 779 ταχόθεν
330 735 606 782 ἀνεμπόδιστον
629 735 672 771 τὸ
694 737 841 784 πρᾶγιια
863 736 1046 783 γίνεσθαι.

1149 791 1304 828 CAPUT
1331 793 1373 829 V.

286 861 357 894 Τὸν
386 859 426 895 δὲ
458 862 495 895 ἐκ
526 862 604 895 τῶν
636 859 766 896 τόπων
796 862 874 895 τῶν
904 858 953 904 μὴ
978 857 1040 895 ὑπ’
1067 858 1178 895 αὖτὸν
1202 858 1324 894 ὄντων
1349 861 1627 905 ἐκκομιζόμενον
1651 862 1811 904 θεσπίζο
1841 874 1880 896 εν
1903 861 1996 897 κατὰ
2020 863 2196 897 τοσοῦτον
2219 863 2368 906 ἐπάγειν

147 903 249 949 αὐτῷ
282 904 349 940 τὸν
381 905 561 948 κίνδυνον,
593 901 688 941 ὥστε
717 904 868 940 ἐπειδὰν
892 905 1124 950 ἐκκομισθείη
1148 903 1264 939 αὐτόν
1285 918 1325 939 τε
1348 903 1595 948 ὑποδέχεσθαι
1620 905 1736 949 πάσης
1758 920 1803 951 με
1826 905 1962 952 λήσεως
1984 911 2091 952 χωρὶς
2113 911 2173 942 καὶ
2196 906 2265 952 τὴν
2288 919 2363 942 πει·
2393 913 2432 946 15
2469 931 2474 935 -

145 952 308 994 θομένην
333 948 432 994 αὐτῷ
458 949 563 992 τάξιν
585 951 681 998 (καὶ)
706 952 825 995 οἰκείῳ
849 948 1007 994 κινδύνῳ
1033 949 1207 992 πλωΐζειν
1230 949 1322 995 πρὸς
1344 949 1483 995 ταύτην
1506 951 1574 995 τὴν
1598 949 1798 996 εὐδαίμονα
1822 952 1940 994 πόλιν,
1973 953 2162 995 πανταχοῦ
2186 949 2367 998 πρόνοιαν

145 996 362 1050 ποιούμενον
394 998 458 1031 τοῦ
488 994 602 1040 μηδὲν
633 994 803 1043 ἐκφόριον
824 996 998 1042 γίνεσθαι
1019 997 1059 1029 ἐκ
1083 997 1161 1030 τῶν
1183 991 1487 1041 ὑποτεταγμένων
1512 996 1611 1040 αὐτῷ
1636 995 1780 1032 πόλεών
1803 1011 1844 1033 τε
1867 1001 1927 1031 καὶ
1952 998 2138 1043 ἐπαρχιῶν
2156 1001 2217 1032 καὶ
2238 998 2368 1034 τόπων

144 1044 203 1074 καὶ
235 1039 361 1086 ὅρμων
391 1045 452 1075 καὶ
484 1044 656 1086 στομίων,
691 1044 778 1089 πρὶν
801 1041 869 1085 τὴν
893 1041 1016 1075 αἰσίαν
1040 1040 1198 1085 ἐμβολὴν
1222 1038 1450 1076 ἀποπλεῦσαι
1473 1042 1534 1085 τῆς
1552 1037 1816 1087 Ἀλεξανδρέων
1839 1041 1989 1086 πόλεως,
2012 1040 2104 1087 μηδὲ
2124 1043 2217 1088 μετὰ
2240 1044 2369 1087 ταῦτα,

144 1085 240 1128 πλὴν
264 1087 295 1120 εἰ
316 1085 366 1131 μὴ
391 1085 485 1121 κατὰ
510 1087 554 1121 τὸ
580 1084 663 1131 παρ’
691 1085 796 1132 ἡμῶν
821 1088 1130 1131 ἐπιτετραμμένον
1152 1083 1176 1129 ἢ
1199 1085 1542 1132 ἐπιτραπησόμενον
1565 1088 1605 1121 ἐκ
1628 1088 1748 1122 θείων
1762 1089 1831 1131 μὲν
1846 1085 1953 1132 ἡμῶν
1966 1086 2107 1131 τύπων,
2130 1086 2369 1131 προστάξεων

144 1129 184 1165 δὲ
213 1132 291 1166 τῶν
321 1130 475 1176 θρόνων
502 1133 580 1167 τῶν
610 1134 705 1167 σῶν·
742 1130 832 1177 πρὸς
862 1127 1012 1167 ἅπαντα
1042 1134 1103 1165 καὶ
1131 1131 1210 1165 τῶν
1240 1133 1481 1188 στρατιωτῶν
1509 1129 1790 1179 ὑπουργούντων
1819 1131 1919 1176 αὐτῷ
1950 1132 2122 1178 καθάπερ
2154 1134 2366 1178 ἔμπροσθεν
2392 1135 2434 1168 20

143 1176 281 1231 εἴρηται
309 1176 359 1211 οἷς
390 1175 437 1211 ἂν
467 1176 587 1212 αὐτοῖς
608 1176 833 1222 προστάξειε,
864 1179 924 1210 καὶ
947 1177 1026 1211 τῶν
1048 1175 1261 1221 ναυκλήρων
1280 1175 1556 1221 υποδεχομένων
1576 1178 1644 1212 τὸν
1666 1181 1771 1213 σῖτον
1794 1180 1854 1212 καὶ
1878 1176 2141 1222 ἐμβαλλόντων
2163 1181 2241 1213 ταῖς
2264 1181 2370 1214 ναυσὶ

144 1222 316 1256 κακεῖθεν
335 1218 393 1268 ὑφ’
421 1218 569 1268 ἡγεμόνι
594 1223 674 1267 θεῷ
699 1223 786 1268 πρὸς
809 1221 947 1265 ταύτην
970 1220 1039 1265 τὴν
1060 1219 1258 1265 εὐδαίμονα
1278 1221 1572 1267 ναυτιλλομένων
1595 1221 1716 1258 πόλιν.

1135 1311 1292 1348 CAPUT
1314 1311 1376 1348 VI.

278 1380 324 1414 Εἰ
348 1383 513 1428 μέντοιγε
543 1380 610 1416 τὸν
640 1380 679 1420 ἐξ
709 1380 877 1424 ἑκατέρας
900 1376 1093 1425 Αἰγύπτου
1123 1377 1172 1435 μὴ
1202 1378 1407 1424 εἰσπράξειε
1437 1383 1550 1423 σῖτον,
1582 1384 1642 1414 καὶ
1674 1380 1742 1415 τὸν
1772 1383 1840 1425 μὲν
1867 1382 1928 1424 τῆς
1948 1381 2116 1416 ἐνταῦθα
2140 1384 2370 1425 πεμπομένης

143 1426 259 1460 αἰσίας
289 1424 442 1470 ἐμβολῆς
470 1426 751 1470 εἰσκομισθῆναι
782 1422 1065 1470 παρασκευάσειε
1089 1425 1135 1471 τῇ
1157 1423 1422 1470 Λλεξανδρέων
1451 1428 1512 1459 καὶ
1545 1423 1783 1469 πλωϊσθῆναι
1807 1425 1897 1471 πρὸς
1919 1425 2057 1470 ταύτην
2079 1426 2149 1469 τὴν
2172 1423 2368 1471 εὐδαίμονα

142 1469 250 1505 πόλιν
280 1473 340 1504 καὶ
371 1469 544 1515 βασιλίδα
567 1469 638 1517 πρὸ
663 1473 816 1516 πέρατος
840 1471 904 1504 τοῦ
930 1468 1129 1516 αὖγούστου
1151 1468 1273 1514 μηνός,
1297 1469 1364 1504 τὸν
1389 1468 1428 1504 δὲ
1450 1471 1515 1505 τοῦ
1540 1474 1716 1526 τροφίμου
1740 1472 1805 1506 τοῦ
1830 1468 1914 1517 παρ’
1939 1469 2045 1516 ἡμῶν
2068 1471 2367 1517 φιλοτιμουμένου
2391 1472 2433 1505 25

143 1513 205 1549 διὰ
237 1516 300 1550 τοῦ
320 1520 561 1562 σεπτεμβρίου
584 1516 634 1560 μὴ
654 1517 860 1560 εἰςκομίσειε
883 1517 929 1562 τῇ
951 1516 1030 1550 τῶν
1050 1512 1313 1561 Ἀλεξανδρέων
1336 1513 1451 1559 πόλει,
1476 1515 1566 1550 ἴστω
1591 1527 1640 1551 ως
1663 1516 1756 1551 κατὰ
1779 1517 1893 1563 τριῶν
1916 1514 2092 1563 ἄρτάβων
2112 1515 2203 1563 ὑπὲρ
2218 1515 2368 1551 ἑκάστου

142 1564 361 1604 νομίσματος
385 1558 682 1605 ἀπαιτηθήσεται
705 1560 806 1608 παρὰ
829 1561 893 1594 τοῦ
918 1561 983 1595 σοῦ
1006 1559 1148 1605 θρόνου
1171 1558 1215 1595 τὸ
1240 1559 1365 1595 λεῖπον
1389 1557 1412 1604 ἢ
1433 1561 1478 1608 τῇ
1501 1560 1634 1607 ἐμβολῇ
1657 1559 1681 1604 ἢ
1704 1562 1758 1605 τῷ
1783 1565 1949 1619 τροφίμῳ
1975 1562 2067 1596 κατὰ
2083 1560 2127 1596 τὸ
2147 1562 2186 1602 ἐξ
2201 1562 2369 1607 ἑκατέρας

142 1605 331 1651 Αἰγύπτου
363 1606 612 1653 εἰςφερόμενον
653 1604 760 1639 αὐτός
803 1619 842 1640 τε
866 1605 885 1639 ὁ
911 1604 1036 1652 ἅρχων
1058 1608 1118 1639 καὶ
1143 1603 1288 1648 ἰδιώτης
1309 1603 1502 1652 γενόμενος
1524 1605 1738 1651 κληρονόμοι
1761 1620 1802 1641 τε
1826 1607 1937 1641 αυτοῦ
1961 1609 2021 1641 καὶ
2039 1605 2215 1661 διάδοχοιζ
2237 1610 2297 1640 καὶ
2319 1606 2367 1641 τὰ

144 1648 256 1685 αὐτοῦ
287 1650 486 1698 πράγματα
514 1648 590 1686 κατ’
617 1650 750 1686 οὐδένα
780 1647 919 1697 τρόπον
948 1649 1245 1696 έλευθερούμενα,
1275 1652 1342 1685 ἕως
1373 1647 1473 1686 ἅπαν
1504 1650 1548 1686 τὸ
1573 1652 1748 1686 ἐντεῦθεν
1771 1650 1915 1697 ὄφλημα
1938 1652 2032 1686 κατὰ
2056 1653 2170 1697 τριῶν
2194 1651 2369 1697 αρτάβων

142 1692 425 1741 ἆποτιμώμενον
459 1697 663 1741 εἰςκομίσειε
697 1698 775 1731 ταῖς
808 1698 1003 1741 τραπέζαις
1039 1698 1117 1730 ταῖς
1148 1699 1236 1730 σαῖς.
1291 1692 1382 1730 ἀλλὰ
1417 1695 1590 1744 προσήκει
1621 1694 1771 1732 πάντως
1800 1693 1914 1732 αὐτὸν
1942 1699 2003 1732 καὶ
2034 1696 2105 1741 τὴν
2136 1697 2175 1738 ἐξ
2203 1697 2368 1742 ἑκατέρας
2391 1697 2435 1730 30

141 1740 334 1787 Αἰγύπτου
358 1740 562 1788 πληναρίαν
585 1741 724 1788 πρᾶξαι
747 1741 839 1776 κατὰ
862 1739 945 1776 τοὺς
967 1740 1170 1786 εἰρημένους
1192 1740 1346 1786 καιρούς.

1130 1829 1287 1867 CAPUT
1303 1829 1380 1866 VII.

274 1897 420 1942 Ἐπειδὴ
450 1897 491 1933 δὲ
519 1896 540 1943 ἡ
572 1899 633 1933 ἐπὶ
663 1899 726 1943 τῆς
758 1898 874 1933 atalae
905 1897 1057 1943 ἐμβολῆς
1086 1901 1232 1944 φροντὶς
1263 1900 1491 1953 συνημμένον
1524 1911 1564 1933 τε
1595 1899 1655 1932 καὶ
1686 1895 1891 1943 ἀχώριστον
1921 1899 1993 1941 εχει
2021 1897 2089 1933 τὸν
2119 1899 2198 1934 τῶν
2220 1897 2369 1934 ναύλων

143 1943 278 1987 τίτλον,
301 1944 514 1989 βουλόμεθα
537 1947 597 1979 καὶ
621 1942 667 1979 τὰ
693 1946 775 1990 περὶ
795 1942 925 1978 τούτου
950 1942 1192 1986 διατυπῶσαι,
1217 1939 1314 1978 ὥστε
1337 1942 1535 1989 ολόκληρον
1559 1944 1613 1986 τῷ
1629 1942 1817 1990 πράγματι
1833 1946 1893 1977 καὶ
1912 1943 2165 1989 προσήκουσαν
2181 1944 2370 1979 ἐπιθεῖναι

142 2043 248 2081 habet
277 2043 508 2081 habiturusve
537 2048 608 2087 est,
637 2048 675 2080 et
704 2044 868 2096 periculo
900 2044 1019 2090 officii
1047 2044 1125 2080 eius
1155 2054 1230 2080 non
1260 2043 1305 2080 de
1336 2042 1393 2079 his
1422 2044 1538 2080 solum
1568 2043 1633 2080 sed
1662 2044 1771 2080 etiam
1802 2044 1847 2080 de
1876 2044 1959 2097 ipsa
1988 2044 2107 2082 salute
2128 2046 2369 2091 periclitantis

143 2100 281 2126 omnem
306 2100 431 2126 curam
460 2093 577 2137 qerat,
609 2095 651 2125 ut
676 2089 811 2126 dietum
838 2089 963 2135 felicis
989 2088 1150 2126 embolae
1174 2089 1399 2135 frumentum
1431 2093 1468 2125 et
1496 2089 1670 2137 exiqatur
1701 2094 1737 2125 et
1767 2092 1915 2125 statutus
1945 2091 2164 2136 temporibus
2186 2089 2368 2128 evehatur.

141 2136 166 2172 2
216 2134 263 2171 Et
293 2135 334 2171 id
358 2135 502 2181 quidem
532 2135 598 2172 exi
622 2138 663 2170 at
692 2134 793 2181 quod
820 2145 870 2171 ex
900 2138 1056 2181 utraque
1079 2138 1134 2170 est
1154 2135 1335 2181 Aeqypto,
1357 2134 1538 2180 reliquum
1561 2145 1646 2171 vero
1668 2135 1745 2170 sine
1768 2133 1942 2171 dilatione
1962 2134 2139 2182 suscipiat
2160 2140 2197 2173 et
2217 2135 2369 2172 navibus

143 2181 306 2227 imponat
326 2186 363 2216 et
385 2185 488 2216 curet
512 2180 562 2215 ad
609 2179 845 2260 ancbfelicem
868 2180 991 2216 urbem
1015 2180 1296 2226 exportandum,
1321 2183 1494 2225 quantum
1522 2180 1673 2215 canonis
1695 2183 1750 2216 est
1771 2178 1928 2216 eiusdem
1934 2179 2072 2260 felicis
2092 2180 2252 2218 embolae
2273 2191 2367 2228 quae

142 2225 293 2262 navibus
322 2224 393 2261 huc
423 2225 623 2262 advehitur.
700 2224 846 2260 imiliter
876 2235 961 2261 vero
991 2225 1100 2261 etiam
1132 2224 1231 2271 quod
1253 2236 1277 2260 a
1299 2225 1403 2261 nobis
1426 2224 1587 2260 donatur
1609 2235 1764 2277 maqnae
1788 2224 1932 2261 Alexan
1959 2224 2121 2260 rinorum
2154 2225 2255 2263 urbis
2282 2227 2366 2272 fru-

142 2274 297 2306 mentum
320 2271 461 2318 partim
492 2271 638 2317 exiqat,
672 2274 847 2316 quantum
878 2281 928 2307 ex
957 2273 1115 2321 utraque
1135 2270 1303 2316 Aeqypto
1332 2270 1514 2314 consistit,
1542 2280 1617 2315 pro
1645 2280 1700 2305 rao
1731 2273 1768 2305 et
1798 2269 1917 2315 officii
1945 2270 2006 2305 sui
2022 2270 2200 2316 periculo,
2225 2271 2365 2318 partim

141 2316 336 2362 suscipiat,
367 2320 543 2362 quantum
574 2326 624 2352 ex
655 2316 739 2351 aliis
767 2315 855 2351 locis
885 2314 1073 2351 advenerit
1102 2318 1138 2350 et
1167 2316 1202 2351 ei
1225 2315 1398 2351 traditum
1420 2315 1469 2351 sit
1490 2324 1598 2351 secun
1625 2325 1684 2349 um
1707 2325 1751 2350 ea
1799 2324 1869 2350 uae
1890 2314 1929 2349 in
1951 2315 2182 2360 sequentibus
2203 2315 2367 2362 apertius

141 2361 495 2403 demonstrabuntur,
526 2364 565 2396 at
591 2371 636 2397 ue
665 2364 791 2406 eroqet
819 2360 929 2396 solito
957 2371 1058 2396 more
1080 2360 1118 2395 in
1141 2360 1298 2396 eiusdem
1321 2359 1421 2396 urbis
1439 2359 1660 2402 alimoniam,
1691 2363 1732 2394 ut
1779 2370 1822 2395 eo
1845 2358 1985 2395 volente
2007 2359 2046 2394 in
2069 2359 2232 2396 omnibus
2255 2361 2367 2397 abun-

142 2406 270 2442 dantia
293 2409 438 2442 utatur:
456 2406 562 2452 peric
576 2405 750 2442 itan-tibus
773 2415 854 2441 cum
877 2404 999 2441 eodem
1021 2405 1213 2452 spectabili
1233 2406 1289 2440 Au
1317 2404 1437 2446 ustali‚
1487 2408 1636 2440 uantum
1655 2403 1705 2439 ad
1717 2404 1942 2440 exactionem
1950 2404 2123 2450 pertinet,
2146 2409 2184 2442 et
2196 2404 2368 2441 militibus

141 2450 205 2486 sub
237 2462 279 2487 eo
310 2451 514 2532 colnstitutis
544 2454 581 2487 et
609 2450 821 2486 clarissimis
855 2449 1008 2486 tribunis
1033 2454 1068 2486 et
1099 2450 1196 2486 omni
1225 2451 1322 2485 civii
1350 2454 1387 2485 et
1415 2460 1467 2495 pu
1493 2449 1561 2485 lico
1584 2449 1780 2492 adiutorio,
1810 2453 1851 2485 ut
1874 2448 1918 2484 ab
1944 2449 2041 2485 omni
2060 2453 2170 2496 parte
2192 2449 2367 2497 expedita

141 2507 201 2532 res
250 2506 335 2532 roce
361 2500 410 2532 at.

220 2506 248 2542 p
276 2541 322 2578 V.
369 2540 475 2584 Quod
497 2544 616 2577 autem
639 2551 689 2577 ex
712 2540 802 2576 locis
823 2551 896 2576 non
918 2539 984 2576 sub
1008 2550 1051 2575 eo
1076 2539 1281 2576 constitutis
1303 2539 1534 2586 adportatur,
1557 2542 1707 2575 eatenus
1729 2538 1763 2574 ei
1783 2538 1984 2585 periculum
2007 2538 2157 2585 adferre
2172 2539 2366 2582 sancimus,

143 2590 185 2621 ut
213 2589 407 2637 postquam
439 2585 674 2633 adportatum
702 2586 750 2621 sit
780 2585 859 2632 ipse
888 2584 1023 2630 absque
1053 2585 1130 2620 ulla
1153 2585 1382 2621 cunctatione
1404 2584 1582 2630 suscipiat
1603 2587 1639 2619 et
1662 2583 1825 2628 officium
1848 2583 1949 2630 quod
1970 2584 2005 2619 ei
2023 2587 2131 2631 paret
2152 2588 2188 2620 et
2207 2584 2366 2637 proprio

141 2631 304 2682 periculo
327 2630 478 2667 navibus
500 2631 540 2666 id
558 2631 664 2667 vehat
686 2630 736 2666 ad
754 2629 850 2666 hanc
870 2630 1015 2676 felicem
1038 2629 1174 2672 urbem,
1198 2629 1330 2675 ubique
1345 2630 1590 2676 prospiciens,
1614 2639 1658 2664 ne
1681 2628 1874 2674 quicquam
1898 2632 2115 2675 exportetur
2135 2639 2186 2665 ex
2198 2628 2367 2665 subiectis

143 2676 215 2722 ipsi
245 2676 393 2713 urbibus
423 2680 459 2712 et
486 2676 686 2723 provinciis
709 2679 745 2712 et
767 2675 858 2711 locis
881 2678 915 2711 et
937 2674 1154 2711 stationibus
1175 2675 1320 2710 navium
1352 2677 1388 2710 et
1412 2674 1516 2710 ostiis
1536 2674 1640 2721 prius
1660 2683 1769 2719 quam
1789 2672 1889 2718 felix
1912 2673 2050 2709 embola
2073 2673 2118 2709 ab
2142 2673 2364 2711 Alexandri-

143 2730 273 2756 norum
296 2720 384 2757 urbe
407 2726 531 2757 avecta
545 2721 604 2763 sit,
628 2731 672 2756 ac
695 2731 741 2757 ne
761 2724 891 2767 postea
915 2719 1058 2766 quidem
1081 2720 1153 2756 nisi
1175 2722 1354 2766 quatenus
1377 2730 1400 2754 a
1422 2719 1527 2755 nobis
1546 2719 1760 2771 permissum
1781 2718 1829 2753 sit
1847 2718 1904 2755 vel
1912 2719 2148 2765 permittatur
2187 2729 2227 2755 er
2240 2729 2366 2755 sacras

143 2769 287 2801 nostras
339 2772 461 2801 ormas
490 2765 656 2811 sedisque
686 2769 769 2801 tuae
788 2765 967 2801 iussiones
971 2778 987 2807 ;
1010 2764 1060 2801 ad
1081 2766 1202 2801 omnia
1226 2774 1310 2801 vero
1334 2763 1505 2800 militibus
1527 2774 1559 2800 ez
1585 2762 1922 2810 obtemperantibus,
1947 2767 1988 2799 ut
2009 2766 2118 2799 antea
2167 2763 2276 2800 ictum
2299 2766 2364 2807 est,

169 2809 295 2856 uidqui
342 2811 393 2846 eis
416 2811 462 2845 im
490 2811 656 2851 eraverit‚
680 2810 916 2846 naviculariis
940 2813 1058 2846 autem
1079 2810 1303 2856 frumentum
1326 2808 1586 2856 accipientibus
1608 2812 1644 2845 et
1666 2807 1818 2844 navibus
1839 2808 2105 2854 imponentibus
2126 2808 2281 2855 indeque
2296 2807 2364 2845 deo

142 2821 234 2891 guae
255 2854 306 2890 ad
328 2854 422 2890 hanc
437 2822 582 2900 silicem
606 2854 727 2890 urbem
750 2855 1017 2901 naviqantibus.

277 2899 338 2936 Vl.
385 2898 523 2943 Quodsi
543 2900 766 2945 frumentum
788 2911 839 2936 ex
867 2904 1023 2946 utraque
1045 2900 1099 2936 Ae
1123 2902 1215 2946 ypto
1239 2909 1312 2935 non
1336 2899 1499 2945 exeqerit
1522 2909 1638 2945 neque
1660 2897 1760 2944 quod
1779 2898 1902 2943 felicis
1924 2897 2083 2935 embolae
2105 2901 2162 2934 est
2183 2908 2278 2945 quae
2295 2896 2365 2934 huc

143 2945 299 2982 mittitur
321 2944 371 2981 ad
393 2944 725 2981 Alexandrinorum
749 2946 871 2981 urbem
895 2945 944 2981 ad
971 2949 1077 2980 ortan
1105 2955 1163 2979 um
1187 2944 1371 2980 curaverit
1392 2947 1429 2980 et
1451 2943 1501 2979 ad
1518 2942 1613 2979 hanc
1634 2942 1779 2989 felicem
1803 2947 1838 2978 et
1858 2943 1997 2988 reqiam
2020 2942 2143 2979 urbem
2165 2942 2261 2978 mitti
2281 2946 2365 2979 ante

140 2990 249 3035 finem
279 2989 411 3027 mensis
432 2990 605 3035 Augusti,
637 2989 736 3035 quod
763 2994 881 3025 autem
912 3001 934 3025 a
950 2990 1106 3026 imoniae
1137 2993 1190 3025 est
1212 3000 1236 3024 a
1259 2989 1362 3025 nobis
1384 2988 1542 3024 donatae
1558 2998 1631 3035 per
1653 2998 1805 3023 mensem
1830 2986 2072 3034 Septembrem
2095 2997 2167 3022 non
2190 2987 2363 3034 importa-

143 3035 234 3072 verit
256 3035 295 3070 in
318 3034 653 3071 Alexandrinorum
678 3034 811 3076 urbem,
834 3035 927 3070 sciat
947 3035 1035 3081 fore
1058 3038 1097 3070 ut
1114 3044 1187 3081 per
1212 3037 1334 3070 ternas
1357 3033 1506 3070 artabas
1526 3044 1603 3080 pro
1629 3032 1784 3080 sinqulis
1811 3033 1934 3069 aureis
1961 3032 2226 3078 computatione
2255 3031 2365 3076 facta

143 3081 318 3126 exiqatur
343 3091 368 3116 a
397 3080 482 3116 sede
512 3083 576 3116 tua
605 3078 705 3125 quod
727 3078 824 3114 deest
846 3080 920 3115 sive
943 3078 1100 3115 embolae
1122 3079 1196 3115 sive
1219 3078 1412 3115 alimoniae
1434 3078 1472 3114 in
1496 3089 1538 3114 eo
1563 3077 1663 3124 quod
1684 3088 1735 3114 ex
1757 3081 1913 3123 utraque
1937 3078 2103 3123 Aeqypto
2138 3075 2299 3122 infertur
2329 3079 2364 3110 et
2390 3100 2402 3107 .

143 3124 1192 3215 {5320202-‘225250‘22522215ff05'3„22”3u554253“22-52022225722
1215 3119 2364 3204 522?225322523532525325‘35325‘tm,3522st“2235ss

145 3219 289 3262 oportet
308 3226 388 3251 eum
413 3196 558 3251 omnin’o
580 3214 687 3250 etiam
706 3213 914 3261 plenariam
960 3223 1064 3249 acere
1087 3223 1138 3249 ex
1160 3217 1315 3258 utraque
1339 3213 1507 3259 Aeqypto
1532 3211 1751 3258 temporibus
1774 3221 1867 3256 quae
1890 3210 2060 3247 diximus.

276 3260 357 3297 vn.
407 3259 582 3303 Quoniam
612 3269 697 3295 vero
726 3257 849 3304 felicis
878 3269 931 3293 em
957 3258 1037 3293 olae
1060 3268 1150 3293 cura
1174 3268 1379 3293 connexum
1403 3262 1439 3292 et
1460 3257 1654 3302 confusum
1677 3255 1784 3291 habet
1806 3255 1999 3291 naulorum
2024 3254 2175 3295 titulum,
2200 3253 2364 3290 volumus

143 3305 250 3342 etiam
283 3316 377 3352 quae
410 3305 460 3341 ad
488 3304 584 3340 hunc
608 3304 792 3351 pertinent
816 3302 978 3349 definire,
1009 3306 1051 3338 ut
1066 3303 1212 3348 plenam
1235 3302 1290 3339 rei
1313 3301 1649 3346 convenientemque
1672 3311 1795 3336 curam
1821 3299 2028 3336 tribuamus.
2077 3298 2226 3336 Interim
2250 3299 2364 3346 iqitur

190 3421 211 3453 2
241 3417 424 3452 τίθεσθαι
456 3418 558 3452 Kroll
587 3418 643 3459 (cfi
669 3429 694 3451 e.
720 3430 752 3461 9.
778 3418 833 3457 ἰ’9,
848 3416 915 3458 20)]
946 3414 1119 3461 γίνεσθαι
1144 3415 1186 3448 Μ
1205 3414 1219 3459 Ι
1285 3412 1420 3456 πρᾶξιν
1445 3413 1493 3453 M,
1519 3426 1601 3446 corr.
1630 3411 1815 3447 Zachariae
1840 3414 1852 3456 ΙΙ
1882 3416 1921 3448 14
1944 3410 2068 3446 αὐτῶν
2092 3412 2157 3446 M⁰
2174 3412 2186 3455 ΙΙ
2206 3413 2245 3446 15
2266 3411 2361 3456 ἐγκο-

143 3466 169 3498 4
189 3460 300 3506 ὅστις]
324 3459 363 3497 ὃς
385 3463 449 3506 τῆς
473 3463 518 3497 Μ
527 3463 540 3506 ΙΙ
558 3465 578 3496 5
603 3453 624 3505 ἢ
647 3462 766 3496 seclusi
780 3461 793 3506 ΙΙ
809 3457 935 3496 πλόοις
959 3461 1001 3493 Μ
1015 3460 1028 3503 {l
1044 3462 1096 3500 τε]
1117 3472 1217 3503 prae·
1284 3458 1436 3502 μισθείη
1462 3459 1509 3492 M
1517 3458 1530 3502 ΙΙ
1546 3456 1726 3501 μελήσεως
1750 3459 1797 3492 Μ
1807 3459 1819 3502 ΙΙ
1840 3460 1881 3494 16
1903 3461 1963 3492 καὶ
1988 3459 2064 3492 add.
2086 3456 2299 3500 Zachariaess
2321 3457 2362 3490 18

143 3517 208 3543 stat
236 3521 277 3542 τε
306 3510 367 3542 καὶ
399 3516 456 3541 aut
484 3508 549 3541 tale
581 3508 709 3551 aliquid
716 3518 731 3547 ;
766 3514 851 3541 certe
879 3519 900 3540 a
929 3503 1217 3550 παρασκευάζειν
1285 3500 1411 3557 ὁρμῶν
1435 3503 1482 3536 Μ
1499 3503 1512 3547 ΙΙ
1537 3505 1577 3537 19
1602 3515 1696 3548 προσ
1737 3503 1831 3543 ξεων
1853 3505 1928 3546 (lac.
1946 3503 2123 3544 3-41511.)
2147 3502 2194 3535 M
2203 3501 2215 3544 ΙΙ
2234 3503 2274 3536 21
2299 3498 2360 3542 οἷς]

139 3555 260 3596 pendet
282 3550 532 3597 ἐμβάλλεσθαι
563 3552 577 3596 ΙΙ
609 3553 629 3586 8
658 3548 907 3594 ἀποδέχεσθαι
939 3563 1008 3584 cum
1033 3550 1216 3593 Scrimyero
1285 3558 1334 3582 ως
1349 3546 1536 3582 Zachariae
1554 3547 1566 3592 ΙΙ
1583 3545 1692 3582 airas
1715 3551 1790 3583 olim
1815 3547 2002 3583 Zachariae
2021 3549 2101 3589 fort·
2120 3553 2202 3581 recte
2218 3545 2231 3590 ΙΙ
2249 3546 2361 3589 ἐμβα·

143 3599 229 3642 vuly.
254 3599 267 3642 ΙΙ
287 3598 470 3641 ἑκατέρων
494 3597 545 3639 M,
570 3610 651 3631 corr.
675 3595 889 3640 Zachariaess
916 3597 937 3630 9
961 3591 1062 3638 αὐτῷ
1086 3593 1216 3629 Zacha-
1284 3591 1428 3627 λόντων
1446 3593 1494 3627 Μ
1502 3593 1515 3637 ΙΙ
1544 3595 1586 3628 26
1610 3590 1782 3637 ἇρράβων
1807 3594 1852 3627 M
1854 3597 1871 3615 ⁰
1890 3592 1902 3638 ΙΙ
1925 3595 1967 3627 30
1990 3589 2284 3645 άποτιμωμρνων
2308 3590 2359 3629 Μ,

146 3644 225 3684 riae]
252 3639 342 3677 αύτὰ
367 3643 412 3676 Μ
428 3642 441 3686 Ι]
463 3643 518 3675 ἔτι
542 3642 718 3686 Scrimyer]
743 3641 819 3675 ἐστὶ
843 3641 890 3675 Μ
901 3641 915 3686 ΙΙ
934 3642 973 3675 10
992 3640 1063 3682 ἔχει
1087 3639 1155 3683 ΜΙΙ
1175 3641 1211 3673 11
1284 3651 1367 3672 corr.
1395 3636 1580 3673 Zachariae
1605 3638 1617 3682 ΙΙ
1640 3637 1889 3682 εἰσκομισθείη
1914 3636 2101 3673 Zachariae
2119 3636 2131 3680 ΙΙ
2147 3648 2266 3677 αυτην
2291 3635 2333 3668 Μ
2338 3637 2356 3656 ⁰
