2476 3854
86 91 192 134 Nov.
217 91 347 135 CLIX
377 105 438 147 pr.
1170 88 1256 135 738
1896 107 1956 137 nn
1985 107 2308 141 Rusrrru'moun

85 201 129 236 τὰ
153 198 347 247 Κωπάρια,
373 198 463 246 ὅπερ
487 202 527 235 ἐν
548 202 593 248 τῇ
617 203 853 247 προειρημένῃ
879 198 1040 248 διαθήκῃ
1057 205 1163 235 Κων-
1233 202 1436 246 appellatur
1472 203 1642 247 Cuparia,
1679 202 1774 247 quod
1807 205 1844 240 in
1878 205 2060 250 praedicto
2095 208 2307 243 testamento

84 251 267 290 σταντίνῳ
299 249 351 290 τῷ
406 244 751 292 εγαλοπρεπεστάτῳ
775 258 842 288 μου
866 245 933 289 υἱῷ
958 245 1162 288 κατέλιπον,
1234 246 1466 282 Constantino
1497 247 1571 283 viro
1598 248 1794 293 magnifico'
1808 249 1881 285 filio
1905 260 1982 285 meo
2008 251 2198 296 dereliqui,
2229 252 2309 287 dari

85 290 242 335 δοθῆναι
273 296 333 325 καὶ
365 261 546 337 δῖαφέρειν
578 290 712 325 τελείας
741 291 848 334 νομῆς
872 293 930 323 καὶ
955 289 1163 326 δεσποτείας
1233 292 1269 326 et
1302 292 1478 336 pertinere
1541 292 1675 329 erfecto
1710 294 1947 339 possessionis
1982 299 2018 331 et
2052 295 2196 331 dominii
2230 296 2309 332 iure

84 336 212 381 δικαίῳ
235 335 344 382 Ἰερίῳ
376 338 429 379 τῷ
458 333 705 381 λαμπροτάτῳ
737 338 796 368 καὶ
828 333 1072 381 εὐγενεστάτω
1095 348 1164 381 μου
1233 336 1354 372 Hierio
1389 338 1464 372 viro
1497 348 1517 373 c
1532 338 1691 374 arissimo
1723 342 1760 373 et
1791 336 2033 392 εὐγενεστάτω
2065 350 2143 377 meo
2173 342 2308 387 nepoti,

84 383 241 428 ἑγγόνῳ,
274 382 340 425 vicii
373 384 652 414 vaorawn'wov
683 381 749 414 τοῦ
777 379 1164 427 μεγαλοπρεπεστάτην
1201 381 1304 417 5filio
1324 382 1544 417 Constantini
1568 383 1633 418 viri
1656 383 1846 427 magnifici,
1869 384 1907 420 iu
1928 384 2063 429 integro
2086 385 2204 431 ipsum
2222 397 2307 438 pro·

83 441 151 471 μου
176 428 263 469 υἱοῦ,
296 425 442 468 σύμπαν
469 425 511 459 τὸ
537 424 623 459 αὐτὸ
649 426 865 471 προάστειον
887 426 979 470 μετὰ
1003 428 1080 460 τῶν
1104 425 1164 460 ὅν·
1233 427 1362 462 astium
1394 437 1474 462 cum
1507 428 1669 464 omnibus
1701 439 1792 473 quae
1820 429 1858 465 in
1887 439 1929 465 eo
1955 433 2039 465 sunt
2061 431 2249 475 praetoriis
2273 434 2310 467 et

84 485 161 506 των
185 474 224 504 ἐν
248 469 347 514 αὐτῷ
369 474 604 515 πραιτωριάιν
625 473 685 503 καὶ
701 469 846 504 σκαλῶν
863 471 996 506 πασῶν
1012 472 1165 506 καὶτῶν
1231 481 1382 507 ascensu
1415 475 1451 507 et
1480 472 1655 509 descensu
1686 473 1831 509 σκαλοῦν
1862 474 2025 510 omnibus
2057 479 2093 510 et
2122 476 2307 512 conductis

83 517 343 561 μισθουμένων
373 516 444 549 εἴτε
474 517 581 549 ἔνδον
603 516 663 558 τῆς
687 514 799 557 πύλης
822 515 893 550 εἴτε
916 516 987 556 ἔξω
1011 518 1074 559 τῆς
1097 514 1163 551 mi—
1231 517 1304 552 sive
1334 517 1443 552 illatis
1477 528 1556 553 cum
1589 519 1747 554 conclavi
1780 520 1947 555 domuum
1977 523 2015 555 et
2039 521 2240 564 ergasteriis
2271 525 2309 556 et

86 563 145 603 mc
167 561 376 605 οἰκημάτων
404 564 463 594 καὶ
489 562 737 607 ἐργαστηρίων
759 564 819 595 καὶ
843 562 906 595 τοῦ
930 560 1079 606 λουτροῦ
1103 564 1163 595 καὶ
1231 563 1359 597 balneo
1392 565 1427 597 et
1459 562 1571 599 hortis
1604 567 1679 598 tam
1704 564 1799 599 intra
1831 575 1936 609 quam
1968 567 2070 601 extra
2101 576 2242 609 muros,
2273 569 2310 601 et

83 607 162 641 τῶν
193 604 323 648 κήπων
354 607 432 640 τῶν
463 618 503 640 τε
534 604 640 640 ἔιδον
664 608 723 638 καὶ
747 606 824 639 τῶν
847 606 919 646 ἔξω
942 607 1006 640 τοῦ
1030 610 1164 650 τείχους
1178 610 1218 641 10
1230 606 1502 652 hippodromum
1525 612 1561 643 et
1581 608 1675 654 quod
1698 609 1735 644 in
1758 619 1801 645 eo
1826 613 1880 645 est
1902 611 2045 645 hortum
2067 613 2103 646 et
2119 610 2309 646 cistertium

84 655 143 685 καί
168 652 232 685 τοῦ
258 649 485 696 ἱπποδρόμου
510 654 569 685 καί
593 651 659 685 τοῦ
682 652 722 684 ἐν
747 647 846 694 αὐτῷ
871 651 987 694 κήπου
1010 655 1069 686 καί
1089 665 1162 685 κιν-
1230 656 1267 686 et
1291 653 1409 687 omnia
1432 653 1575 688 omnino
1601 664 1822 700 quocumque
1845 655 1949 690 modo
1971 655 2209 700 competentia
2222 655 2310 691 mihi

85 698 231 742 οτέρνης
261 699 322 730 καὶ
351 696 489 731 παντὸς
519 694 644 730 ἁπλῶς
668 693 761 729 καθ’
787 694 1001 739 οἱονδὴποτε
1024 694 1164 741 τρόπον
1230 697 1310 732 iura
1334 708 1440 742 super
1463 698 1540 743 ipso
1563 699 1734 744 proastio.
1781 700 1870 735 Dari
1894 699 2033 744 quidem
2056 700 2136 737 volo
2159 700 2309 736 eundem

85 740 310 785 ἁρμόζοντος
343 754 405 785 μοι
441 739 581 775 δικαίου
619 742 678 775 ἐπὶ
718 742 772 783 τῷ
808 738 907 784 αι’-τῷ
946 746 1163 787 προαστείῳ.
1232 742 1429 786 proastium
1446 742 1626 788 praedicto
1643 744 1717 780 viro
1736 744 1931 780 clarissimo
1951 755 2029 781 meo
2050 745 2171 790 nepoti
2187 746 2309 781 Hierio

85 786 244 829 δοθῆναι
261 790 383 831 μέντοι
405 785 580 830 βούλομαι
605 786 647 820 τὸ
665 784 753 819 αὐτὸ
773 787 992 831 προάστειον
1006 788 1059 830 τῷ
1078 799 1163 831 προ·
1232 787 1328 823 facto
1354 797 1440 824 suae
1463 789 1652 833 potestatis
1676 798 1741 834 per
1752 790 2069 835 emancipationem
2086 801 2109 826 a
2125 801 2190 826 suo
2205 794 2310 836 patre

85 834 259 876 ειρημένῳ
296 831 542 878 λαμπροτάτῳ
578 843 646 873 μου
677 831 816 878 ἑγγόνῳ
849 829 958 876 Ἱερίῳ
986 836 1163 879 γινομένῳ
1180 836 1316 878 1511081
1345 832 1482 868 obitum
1514 843 1647 876 meum,
1678 834 1778 869 nulla
1810 834 1894 870 data
1924 834 2069 871 licentia
2091 835 2125 871 ei
2146 835 2221 871 viro
2244 835 2310 871 ho·

86 876 302 919 αὐτεξουσίῳ
327 873 403 910 κατ’
422 876 709 921 emancipationa
732 877 831 922 παρὰ
855 879 920 910 τοῦ
944 878 1073 911 οἰκείου
1097 890 1164 912 πα·
1232 882 1334 914 nesto
1366 878 1487 923 nepoti
1522 888 1618 921 meo,
1656 879 1720 915 sed
1753 889 1867 925 neque
1895 879 1950 915 his
1982 880 2042 924 qui
2070 880 2143 916 sive
2173 890 2218 916 ex
2240 881 2311 916 hoc

82 922 166 966 τοὺς
200 923 291 966 μετὰ
326 922 393 964 τὴν
429 922 518 965 ἐμὴν
547 921 733 964 τελευτήν,
767 920 943 966 μηδεμιᾶς
979 921 1165 967 διδομένης
1232 925 1445 959 testamento
1469 923 1542 959 sive
1565 933 1609 959 ex
1628 926 1841 960 testamento
1865 924 2022 960 eiusdem
2042 925 2109 960 viri
2124 925 2310 961 clarissimi

86 965 207 1000 ἀδείας
232 968 283 1011 τῷ
309 968 409 1010 αὐτῷ
435 964 678 1013 ε’ἰγενεστάτῳ
699 979 768 1011 μου
792 968 942 1013 ἐγγόνῳ,
967 965 1057 1001 ἀλλὰ
1074 966 1165 1011 μηδὲ
1233 968 1300 1003 mei
1323 969 1461 1014 nepotis
1486 968 1760 1013 suscipientibus
1783 969 1863 1005 iura
1886 969 1962 1005 eius
1986 970 2137 1006 vendere
2152 973 2215 1005 aut
2228 979 2310 1016 per-

84 1015 157 1046 τοῖς
181 1012 252 1045 εἴτε
286 1014 323 1045 ἐκ
342 1009 473 1054 ταύτης
496 1025 565 1055 μου
585 1013 647 1054 τῆς
672 1010 850 1055 διαθήκης
873 1013 944 1046 εἴτε
967 1017 1007 1046 εκ
1031 1010 1164 1055 διαθῆψ
1233 1016 1372 1049 mutare
1395 1017 1459 1048 aut
1482 1013 1615 1049 donare
1638 1014 1747 1049 alicui
1771 1018 1835 1050 aut
1857 1025 2080 1060 quocumque
2102 1015 2207 1051 modo
2224 1014 2309 1051 alie·

83 1069 143 1100 κης
166 1058 230 1091 τοῦ
253 1054 363 1091 αἰτοῦ
381 1054 637 1102 λαμπροτάτου
653 1070 720 1100 μου
737 1057 885 1113 effevum)
903 1055 1165 1103 διαδεχομένοις
1178 1060 1220 1093 20
1235 1068 1321 1094 nare
1343 1059 1460 1103 ipsum
1484 1059 1680 1103 proastium
1703 1062 1766 1095 aut
1789 1062 1927 1105 partem
1951 1060 2106 1106 aliquam
2129 1069 2174 1095 ex
2188 1069 2231 1096 eo
2247 1063 2311 1095 aut

84 1103 131 1136 τὰ
158 1100 250 1136 αὐτὰ
273 1101 396 1136 δίκαια
419 1103 484 1136 τοῦ
505 1101 736 1145 διαπωλῆσαι
760 1117 782 1145 η
807 1099 1031 1144 ἀνταλλάξαι
1054 1100 1077 1146 ἢ
1095 1100 1164 1137 δω-
1232 1104 1298 1145 ius,
1322 1107 1469 1148 propter
1492 1104 1586 1149 quod
1605 1104 1684 1140 volo
1702 1105 1852 1140 eundem
1869 1105 2064 1150 proastium
2079 1105 2153 1141 sive
2168 1105 2311 1141 domum

84 1148 273 1191 ρήσασθίιί
295 1161 368 1181 τιτι
389 1146 410 1190 ἢ
430 1146 668 1190 ὁπωσδήποτε
692 1148 882 1190 ἐκποιῆσαι
907 1148 948 1182 τὸ
972 1144 1060 1181 αὗτὸ
1078 1160 1164 1193 προ·
1233 1148 1453 1184 adiacentem
1485 1149 1582 1184 intra
1603 1149 1729 1185 ianuas
1752 1150 1848 1195 quod
1872 1150 1970 1186 ducit
1992 1150 2087 1186 circa
2109 1150 2311 1187 venerabile

85 1194 231 1226 ιὶστειον
262 1190 285 1235 ἢ
316 1196 420 1237 μέρος
449 1206 485 1226 τι
514 1192 552 1233 ἐξ
576 1189 687 1226 αὐτοῦ
711 1190 734 1235 ἢ
759 1190 909 1236 δίκαιον,
927 1191 988 1227 διὰ
1013 1193 1055 1227 τὸ
1080 1190 1163 1238 βού-
1234 1194 1427 1230 oratorium
1448 1197 1596 1230 sanctae
1620 1194 1773 1230 Theclae
1796 1204 1940 1230 manere
1958 1205 2023 1240 per
2045 1196 2163 1231 omnia
2177 1198 2215 1231 et
2228 1204 2310 1241 per·

83 1237 218 1272 λεσθαί
238 1251 284 1282 με
300 1237 342 1271 τὸ
362 1234 451 1271 aiv&
473 1236 693 1282 προάστειον
709 1236 790 1281 ἤτοι
805 1238 921 1272 οἰκίαν
939 1237 1164 1282 διακείμενον
1232 1242 1342 1284 petuo
1373 1239 1410 1275 iu
1440 1249 1520 1275 mea
1550 1239 1685 1275 familia
1716 1243 1753 1275 et
1783 1250 1975 1285 numquam
2006 1241 2124 1286 egredi
2153 1239 2199 1276 de
2229 1249 2309 1276 meo

83 1280 105 1324 ἢ
137 1281 364 1325 διακειμένην
396 1281 504 1317 ἔνδον
533 1284 595 1325 τῆς
629 1281 741 1325 πύλης
771 1284 836 1317 τοῦ
868 1285 1000 1318 Συκῶν
1032 1287 1164 1325 τείχους
1178 1286 1220 1320 25
1233 1285 1386 1320 nomine.
1434 1284 1525 1321 Volo
1557 1286 1677 1320 autem
1706 1287 1742 1321 et
1770 1285 1895 1328 iubeo,
1922 1285 1954 1322 si
1983 1285 2172 1330 contigerst
2204 1294 2309 1332 prae·

83 1330 146 1371 τῆς
182 1325 388 1374 ἀπαγούσης
422 1330 482 1362 ἐπὶ
516 1328 559 1362 τὸ
596 1325 718 1374 εὐαγὲς
747 1329 948 1374 μαρτύριον
978 1330 1040 1372 τῆς
1063 1325 1166 1375 ἁγίας
1234 1330 1367 1365 dictum
1386 1330 1498 1365 virum
1522 1330 1708 1366 honestum
1733 1340 1850 1365 meum
1864 1333 2030 1376 nepotem
2045 1330 2204 1366 Hierium
2220 1329 2311 1366 mori

85 1373 217 1407 Θέκλας
245 1375 366 1417 μεῖναι
395 1371 455 1407 διὰ
488 1373 626 1408 παντὸς
658 1376 718 1407 καὶ
749 1373 919 1417 διηνεκῶς
950 1375 989 1408 ἐν
1021 1375 1066 1421 τῇ
1098 1374 1164 1419 ἐμῇ
1232 1375 1462 1419 impuberem,
1486 1379 1550 1411 aut
1573 1378 1656 1421 post
1677 1375 1902 1421 pubertatem
1924 1375 2001 1412 siue
2019 1375 2102 1411 filiis
2124 1378 2244 1411 tamen
2266 1385 2311 1411 ex

83 1417 237 1463 φαμιλίᾳ
273 1422 334 1452 καὶ
365 1417 545 1462 μηδέποτε
573 1417 737 1459 ἐξελθεῖν
766 1420 831 1453 τοῦ
865 1419 951 1463 ἐμοῦ
979 1416 1164 1463 ὀνόματος.
1233 1420 1390 1464 legitimo
1415 1420 1639 1456 matrimonio
1663 1421 1696 1456 ei
1719 1421 1925 1466 progenitis,
1949 1421 2133 1466 pervenire
2155 1424 2192 1456 et
2214 1430 2310 1456 com-

83 1463 261 1508 βούλομαι
287 1463 327 1497 δὲ
349 1467 407 1497 καὶ
432 1463 576 1508 κελεύω,
603 1465 702 1509 εἴπερ
722 1465 842 1511 συμβῇ
866 1462 935 1499 τὸν
956 1467 1163 1509 προειρημέ-
1233 1470 1355 1510 petere
1386 1465 1460 1502 sive
1491 1466 1681 1501 restituere
1710 1467 1971 1511 possessionem
1999 1470 2034 1501 et
2056 1465 2311 1512 proprietatem

83 1523 148 1543 τον
176 1507 435 1555 εὐγενέστατόν
464 1522 532 1553 μου
563 1511 713 1564 ἔγγονον
742 1507 864 1556 Ἱέριον
889 1508 1098 1553 τελευτῆσαι
1127 1511 1166 1543 ἐν
1180 1512 1221 1545 30
1235 1511 1389 1547 eiusdem
1414 1511 1563 1556 proastii
1587 1511 1660 1547 sive
1684 1511 1809 1547 domus
1832 1511 1907 1547 viro
1922 1511 2108 1556 magnifico
2124 1511 2200 1546 eius
2210 1509 2312 1564 patri

84 1551 301 1598 ιῖνηβότητι,
334 1552 356 1597 ἢ
379 1557 438 1587 καί
468 1554 559 1597 μετὰ
586 1554 796 1598 ανηβότητα
817 1554 915 1589 ἐκτὸς
934 1557 1059 1600 μέντοι
1083 1558 1165 1590 παί·
1235 1555 1471 1592 Constantino
1495 1556 1562 1592 sub
1584 1556 1709 1593 eadem
1733 1556 1953 1600 condicione,
1977 1567 2050 1592 non
2073 1556 2222 1592 alienari
2244 1555 2310 1591 ali-

84 1598 161 1633 δων
193 1602 231 1633 ἐκ
256 1604 422 1643 νομίμων
449 1599 576 1646 γάμων
600 1597 700 1643 αὐτῷ
721 1603 955 1644 τικτομένων,
988 1602 1165 1646 περιέρχε-

84 1645 177 1678 σθαι
209 1647 268 1678 καὶ
300 1643 484 1690 διαφέρειν
514 1645 594 1687 ἢτοι
623 1642 921 1688 ἀποκαταστῆναι
951 1645 1019 1689 τὴν
1050 1645 1166 1689 νομὴν

83 1693 143 1723 καὶ
169 1687 384 1723 δεσποτείαν
407 1690 472 1724 τοῦ
499 1686 608 1723 αὐτοῦ
633 1693 848 1735 προαστείου
872 1689 952 1733 ἦτοι
976 1691 1087 1732 οἰκίας
1109 1691 1164 1734 τῷ

83 1732 460 1781 μεγαλοπρεπεστάτης)
498 1732 609 1769 αὐτοῦ
645 1738 756 1780 πατρὶ
791 1738 1066 1778 Κωνσταντίνῳ
1103 1737 1164 1770 ἐπὶ
1176 1737 1220 1771 35

82 1782 137 1824 τῷ
168 1777 267 1823 αὐτῷ
295 1776 371 1827 ὅρῳ
400 1781 465 1814 τοῦ
487 1780 538 1824 μὴ
560 1780 807 1830 ἐκποιηθῆναί
828 1793 916 1815 ποτε
939 1782 977 1813 ἐκ
996 1782 1059 1824 τῆς
1081 1781 1166 1824 ἐμῆς

83 1892 198 1916 meum
222 1882 320 1927 quod
343 1887 494 1917 vocatur
520 1883 678 1927 nopai-ia
703 1884 801 1926 quod
825 1881 968 1926 quidem
990 1882 1028 1916 in
1045 1882 1238 1927 praedicto
1264 1887 1475 1918 testamento
1499 1883 1733 1921 Constantino
1755 1882 2109 1928 magnificentissimo
2128 1881 2210 1927 filio
2233 1892 2310 1918 meo

82 1926 226 1972 reliqui,
250 1926 334 1961 dari
356 1930 391 1961 et
415 1930 615 1972 competere
635 1925 745 1972 pleno
763 1926 1008 1972 possessionis
1030 1932 1065 1961 et
1088 1926 1242 1961 dominii
1261 1926 1341 1962 iure
1357 1926 1485 1963 Hierio
1510 1926 1708 1962 clarissimo
1731 1931 1767 1963 et
1788 1927 2063 1973 qenerosissimo
2087 1925 2211 1973 nepoti
2233 1936 2310 1963 meo

79 1972 159 2017 filio
186 1971 413 2007 Constantini
441 1971 788 2017 maqnificentissimi
812 1971 885 2016 filii
913 1971 992 2013 mei,
1023 1971 1227 2007 universum
1251 1972 1332 2007 dico
1355 1972 1599 2007 suburbanum
1616 1971 1811 2018 praedium
1835 1983 1915 2008 cum
1936 1971 2133 2018 praetoriis
2156 1982 2249 2017 quae
2271 1971 2310 2007 in

82 2028 125 2053 eo
156 2021 241 2052 sunt
272 2020 307 2052 et
335 2016 446 2051 scalis
478 2015 641 2051 omnibus
670 2016 786 2061 iisque
810 2026 904 2062 quae
927 2015 1096 2051 locantur
1117 2016 1191 2052 sive
1213 2017 1311 2052 intra
1328 2021 1479 2063 portam
1502 2017 1576 2052 sive
1599 2021 1707 2053 extra
1722 2022 1871 2063 portam
1894 2016 2069 2062 aedificiis
2091 2021 2201 2062 atque
2223 2015 2310 2062 offi-

85 2062 178 2098 cinis
201 2065 236 2097 et
259 2060 387 2097 balneo
411 2066 446 2096 et
470 2061 587 2097 liortis
613 2066 686 2096 tam
709 2062 774 2106 qui
795 2062 894 2097 intra
917 2071 1025 2106 quam
1050 2061 1115 2106 qui
1137 2065 1246 2097 extra
1269 2072 1393 2097 muros
1415 2066 1501 2097 sunt
1523 2066 1559 2097 et
1581 2061 1823 2108 hippodromo
1848 2064 1883 2097 et
1905 2061 1969 2107 qui
1990 2062 2029 2097 in
2052 2072 2095 2098 eo
2119 2065 2175 2098 est
2204 2059 2310 2097 horto

83 2108 241 2142 cisterna
269 2118 312 2142 ue
335 2112 445 2152 atque
463 2107 559 2141 omni
583 2105 737 2152 denique
758 2106 838 2142 iure
861 2105 960 2152 quod
982 2106 1033 2141 ali
1060 2117 1105 2142 uo
1127 2106 1234 2142 modo
1266 2107 1304 2142 in
1333 2106 1455 2143 eodem
1476 2107 1631 2153 praedio
1653 2107 1860 2143 suburbano
1885 2106 1972 2142 milei
1993 2106 2171 2153 competit.
2219 2106 2312 2142 Dari

83 2163 167 2188 vero
199 2162 240 2187 vo
258 2162 279 2186 o
310 2151 403 2186 idem
433 2151 622 2197 praedium
651 2151 894 2187 suburbanum
919 2162 1016 2197 prae
1042 2152 1113 2187 icto
1146 2152 1344 2187 clarissimo
1376 2153 1501 2198 nepoti
1531 2162 1608 2187 meo
1632 2151 1760 2187 Ηὶενὶο
1783 2153 1842 2187 sui
1866 2151 1956 2187 iuris
1975 2152 2080 2198 facto
2101 2161 2171 2198 per
2219 2150 2312 2188 atris

81 2198 141 2233 sui
170 2197 493 2243 emancipationem
524 2201 610 2241 post
640 2201 789 2232 mortem
819 2207 933 2232 meam
965 2195 1068 2231 nulla
1091 2200 1276 2243 potestate
1306 2197 1394 2233 data
1423 2196 1535 2233 eidem
1565 2197 1841 2243 qenerosissimo
1873 2198 2000 2243 nepoti
2025 2207 2115 2239 meo,
2145 2205 2184 2232 se
2237 2206 2311 2232 non

82 2243 199 2288 maqis
223 2242 268 2276 iis
291 2242 354 2288 qui
377 2242 448 2277 sive
472 2252 522 2277 ex
546 2241 613 2277 hoc
635 2252 713 2277 meo
739 2245 950 2278 testamento
974 2242 1049 2278 sive
1072 2253 1122 2278 ex
1146 2246 1355 2278 testamento
1380 2242 1535 2278 eiusdem
1559 2242 1752 2277 clarissimi
1775 2252 1798 2276 n
1847 2242 1917 2277 otis
1939 2242 2008 2277 mei
2030 2241 2067 2276 in
2090 2241 2213 2277 eadem
2229 2241 2312 2277 iura

82 2287 285 2322 successuri
313 2288 387 2321 sint
417 2286 510 2323 idem
540 2286 785 2322 suburbanum
810 2286 1004 2333 praedium
1036 2287 1092 2322 vel
1120 2292 1262 2333 partem
1291 2288 1368 2323 eius
1399 2287 1559 2333 aliquam
1584 2286 1713 2324 velius
1736 2298 1800 2323 ven
1826 2287 1909 2322 endi
1933 2286 1990 2323 vel
2033 2285 2235 2322 ermutandt'
2256 2286 2313 2323 vel

83 2332 246 2368 donandi
276 2332 404 2374 alicui,
435 2332 492 2368 vel
521 2332 596 2367 ullo
628 2332 733 2367 modo
765 2332 968 2375 alienandi,
997 2335 1194 2378 propterea
1226 2333 1325 2378 quod
1354 2332 1446 2367 idem
1477 2332 1721 2368 suburbanum
1748 2331 1938 2379 praedium
1962 2342 2003 2367 ve
2039 2330 2183 2366 domum
2205 2331 2311 2367 situm

81 2378 231 2413 sitamve
251 2378 350 2413 intra
366 2383 518 2424 portam
542 2378 639 2412 muri
660 2376 839 2424 Syearum
863 2387 957 2422 quae
979 2377 1077 2412 ducit
1100 2376 1150 2412 ad
1172 2377 1372 2413 venerabile
1395 2377 1608 2423 martyrium
1631 2380 1780 2412 sanctae
1797 2376 1947 2413 Theclae
1962 2387 2036 2423 per
2057 2386 2159 2412 omne
2174 2380 2313 2423 tempus

83 2428 116 2459 et
142 2430 323 2469 perpetuo
356 2423 437 2458 volo
470 2423 508 2457 in
539 2422 686 2468 familia
717 2434 796 2458 mea
826 2433 971 2458 manere
1000 2433 1116 2468 neque
1145 2433 1315 2468 umquam
1338 2422 1383 2458 de
1405 2424 1549 2458 nomine
1571 2432 1649 2458 meo
1674 2423 1788 2457 eecire.
1830 2421 1919 2458 Volo
1943 2426 2063 2458 autem
2085 2425 2120 2456 et
2142 2421 2258 2464 iubeo,
2279 2421 2316 2456 si

83 2469 225 2514 quidem
249 2468 445 2514 continqat,
469 2471 509 2503 ut
529 2467 741 2514 praedictus
764 2467 1061 2514 qenerosissimus
1083 2477 1197 2514 nepos
1219 2478 1318 2504 meus
1331 2467 1479 2503 Hierius
1503 2468 1600 2503 intra
1616 2467 1846 2513 pubertatem
1870 2466 1926 2502 vel
1948 2467 2054 2503 etiam
2075 2469 2162 2512 post
2177 2465 2311 2513 puber-

84 2518 192 2549 tatem
220 2513 297 2548 sine
328 2512 450 2549 liberis
482 2518 598 2548 tamen
629 2524 679 2549 ex
709 2513 878 2559 leqitimis
907 2512 1046 2558 nuptiis
1075 2513 1111 2547 ei
1140 2513 1236 2548 natis
1269 2513 1458 2556 moriatur,
1486 2512 1751 2559 possessionem
1773 2515 1808 2548 et
1831 2511 2028 2547 dominium
2050 2510 2207 2547 eiusdem
2229 2509 2312 2547 sub-

83 2558 214 2593 urbani
234 2558 383 2604 praedii
413 2557 470 2594 vel
497 2558 624 2593 domus
651 2559 843 2604 perveniat
872 2562 909 2594 et
936 2561 1118 2603 competat
1147 2568 1210 2594 seu
1240 2559 1454 2594 restituatur
1476 2556 1829 2604 maynifieentissimo
1853 2557 1930 2593 eius
1949 2555 2052 2603 patri
2076 2555 2311 2592 Constantino

132 2664 145 2693 1
174 2663 341 2703 κωπαριά
365 2661 396 2692 L
420 2661 431 2700 11
458 2659 664 2692 κιόνσταντι
682 2660 715 2692 L
732 2660 744 2702 11
762 2661 781 2693 3
806 2657 952 2700 τελείας]
976 2662 1122 2702 perlecto
1146 2671 1165 2695 ς
1199 2664 1201 2700 1
1234 2659 1442 2700 eugenistato
1467 2659 1542 2693 RV
1560 2658 1695 2701 eugenii
1715 2659 1721 2701 1
1741 2659 1833 2692 statu
1861 2658 1893 2690 T
1917 2656 1930 2700 11
1959 2659 1979 2691 5
2002 2656 2066 2689 filii
2091 2656 2136 2690 T¹
2161 2655 2174 2701 11
2199 2655 2236 2689 in
2258 2656 2311 2689 in-

83 2704 95 2750 11
119 2707 139 2738 4
164 2702 291 2737 δικαίω
317 2706 375 2736 καὶ
399 2701 608 2737 δεσποτείας
631 2705 662 2737 L
685 2703 698 2747 11
725 2703 839 2749 ἱερείω
867 2706 916 2737 La
941 2703 1027 2748 ἱερεῖ
1049 2705 1096 2738 Μ
1106 2704 1118 2747 11
1145 2706 1165 2738 5
1233 2706 1327 2746 tegro
1349 2704 1394 2745 7]
1419 2703 1455 2736 in
1479 2703 1516 2736 iu
1543 2704 1577 2744 (i.
1603 2717 1629 2737 e.
1654 2705 1690 2737 in
1714 2701 1921 2744 integrum‘n
1944 2701 2013 2735 RT
2030 2701 2200 2743 integrum
2221 2702 2310 2746 vulq.

84 2749 314 2783 κώνσταντος
335 2749 407 2782 τοῦ.
423 2761 487 2782 του
507 2751 577 2791 (sic)
602 2750 634 2782 L
661 2750 672 2791 11
697 2752 716 2783 6
740 2761 808 2793 μου
828 2747 904 2782 υἱοῦ
929 2763 987 2783 om.
1012 2761 1032 2786 ς
1047 2749 1065 2804 11
1076 2747 1167 2792 μετὰ
1233 2750 1244 2791 11
1260 2750 1367 2791 ipsum
1388 2762 1446 2782 om.
1468 2748 1562 2791 7116
1585 2751 1664 2782 sunt
1686 2749 1722 2781 in
1747 2758 1786 2782 eo
1804 2747 1859 2791 ΤΙΙ
1879 2749 1896 2781 7
1919 2746 2113 2780 *ascensum
2130 2749 2163 2780 et
2179 2746 2312 2780 descen-

83 2795 173 2836 τῶν]
196 2805 269 2827 cum
294 2794 448 2826 omnibus
473 2796 507 2831 (ι’.
530 2808 554 2827 e.
575 2793 665 2835 μετὰ
686 2791 840 2828 πάντων
864 2794 953 2836 τῶν)
978 2806 997 2831 ς
1014 2795 1026 2838 11
1043 2806 1167 2827 οντων
1233 2805 1304 2826 sum
1329 2794 1405 2827 RV
1434 2804 1597 2827 accessum
1629 2796 1662 2827 et
1685 2794 1852 2827 decessum
1878 2793 1911 2825 Τ
1936 2791 1949 2835 11
1980 2789 2136 2833 σκαλῶν]
2167 2801 2313 2834 anacam

85 2841 124 2873 ἐν
150 2836 249 2872 αὐτῶ
275 2840 332 2880 Μ]
365 2840 405 2872 ἐν
435 2835 534 2871 αι’-τῶ
559 2837 682 2872 ὄντων
707 2838 775 2876 [οὓς
799 2835 910 2872 αὐτοῦ
935 2838 1057 2873 ὄντων
1082 2840 1133 2891 L‘f
1155 2838 1167 2883 11
1234 2840 1306 2882 (sic)
1331 2839 1365 2872 R
1389 2839 1510 2882 opalon
1536 2840 1568 2872 T
1587 2838 1677 2882 opali
1701 2839 1734 2872 V
1757 2839 1769 2882 11
1797 2837 1970 2871 conductis
1993 2837 2099 2878 Beck]
2124 2837 2311 2870 coniunctis

86 2888 103 2918 7
138 2882 294 2925 σκαλιῦν]
328 2885 362 2915 in
392 2894 526 2916 ascensu
554 2887 586 2916 et
610 2884 767 2917 descensu
792 2882 936 2918 σκαλιῦν
961 2896 980 2921 ς
1006 2884 1019 2926 11
1050 2886 1069 2919 8
1095 2885 1166 2917 εἶτε
1236 2886 1314 2918 libri
1334 2884 1346 2927 11
1373 2886 1392 2919 8
1415 2895 1490 2916 cum
1515 2897 1572 2919 om.
1595 2884 1629 2918 V
1646 2884 1658 2927 11
1684 2883 1842 2917 conclaue
1868 2882 1965 2925 RVn
1989 2881 2146 2914 domuum
2167 2882 2310 2925 Vvuly]

85 2927 250 2963 ε’νδον-
264 2926 484 2972 οἰκημάτων]
509 2929 576 2961 sive
592 2928 696 2961 illatis
712 2940 785 2962 cum
803 2929 952 2962 conclavi
970 2931 1124 2962 domuum
1147 2940 1166 2965 ς
1234 2929 1351 2963 domus
1377 2930 1410 2963 T
1429 2929 1528 2963 domu
1551 2929 1585 2962 R
1600 2929 1612 2972 11
1639 2931 1660 2963 9
1684 2929 1789 2962 baneo
1810 2927 1867 2971 711
1882 2927 1965 2960 ortis
1988 2927 2058 2960 ΒΤ
2071 2925 2084 2970 11
2099 2927 2189 2959 intra
2212 2926 2310 2969 only]

84 2978 96 3019 11
112 2978 148 3010 11
165 2976 385 3018 κινστέρνοις
404 2975 444 3006 M
458 2976 510 3014 (de
519 2975 632 3017 forma
650 2977 840 3018 κίνστερνα
859 2977 900 3018 ch
920 2976 955 3008 B
973 2977 1026 3017 60,
1042 2982 1084 3017 12,
1099 2975 1142 3016 21)
1156 2976 1167 3016 11
1234 2974 1323 3007 infra
1346 2974 1451 3008 RVT
1475 2974 1487 3018 11
1520 2976 1560 3009 10
1585 2974 1818 3017 hipodromum
1839 2971 1889 3006 V²
1912 2970 2128 3015 hipodomum
2159 2970 2208 3004 7ι
2231 2980 2311 3014 ypo-

87 3023 129 3055 14
152 3021 290 3064 μέντοι]
316 3020 450 3061 quidem
474 3030 494 3055 ς
522 3019 534 3062 11
564 3020 605 3052 16
629 3020 889 3052 emanciratlona
911 3020 943 3052 L
967 3021 1166 3063 ἐμανκιπα-
1234 3020 1384 3053 dromum
1409 3020 1478 3052 ΒΤ
1501 3018 1514 3063 11
1543 3019 1642 3061 quod]
1669 3019 1728 3062 leq.
1754 3017 1837 3060 qui?
1863 3016 1876 3060 11
1905 3016 1942 3049 in
1973 3025 2011 3049 eo
2035 3017 2096 3057 est]
2118 3014 2223 3049 estin
2246 3015 2313 3059 Ru

84 3068 190 3099 τίονα
215 3066 256 3099 Μ
272 3065 284 3108 11
304 3066 344 3099 18
368 3066 450 3098 inter
473 3076 524 3096 vv.
548 3075 616 3107 μου
641 3062 780 3109 ἐγγόνω
805 3073 834 3097 et
858 3060 947 3097 ἀλλὰ
967 3061 1059 3107 μηδὲ
1083 3066 1115 3098 in
1134 3065 1165 3097 L
1234 3067 1344 3097 ortum
1363 3063 1490 3107 RVTu
1509 3064 1651 3097 cisterna
1669 3063 1727 3106 Τ11
1745 3064 1783 3097 11
1803 3071 2029 3104 quaecumque
2044 3060 2114 3094 ΒΤ
2126 3059 2138 3103 11
2158 3061 2199 3094 12
2211 3069 2312 3103 supra

83 3119 292 3155 praepostere
316 3111 505 3153 interposita
530 3116 577 3142 est
595 3110 762 3151 particula
789 3121 859 3142 nov.
883 3110 1086 3143 CXXXIII
1105 3123 1130 3143 c.
1146 3110 1167 3142 6
1239 3109 1294 3153 Τ11
1310 3109 1375 3142 isto
1396 3110 1427 3142 R
1442 3109 1455 3152 11
1473 3108 1545 3141 dari
1567 3109 1669 3151 vulq]
1698 3108 1775 3140 data
1797 3107 1858 3140 VT
1877 3105 1953 3139 data
1976 3107 2026 3138 est
2049 3104 2082 3138 R
2101 3108 2113 3148 11
2129 3104 2215 3138 idem
2240 3105 2312 3149 αΙ.11

83 3154 107 3197 ἢ
131 3158 208 3189 ταῖς
231 3155 352 3189 θείαις
375 3156 467 3196 (675,
487 3155 516 3196 2)
532 3173 575 3179 —
597 3154 691 3188 CXL
702 3154 735 3187 V
743 3167 798 3197 pr.
824 3154 893 3195 τὴν
916 3155 978 3187 τοῦ
1003 3151 1166 3199 πράγμα-
1237 3156 1277 3189 13
1301 3154 1506 3196 praedictum
1533 3153 1580 3186 ἸἹι
1605 3153 1618 3196 11
1644 3152 1758 3185 heerio
1785 3151 1816 3184 T
1835 3150 1961 3183 hierico
1986 3150 2018 3183 R
2037 3149 2048 3191 11
2067 3151 2108 3184 14
2128 3149 2311 3193 emantipn-

85 3211 145 3235 τος
168 3202 334 3243 (711‚24):
361 3202 400 3233 de
424 3212 486 3243 quo
512 3212 618 3233 errore
643 3212 681 3232 ex
705 3200 816 3232 ordine
842 3201 974 3232 duorum
1000 3200 1169 3244 archetypi
1234 3200 1325 3232 tione
1346 3199 1401 3242 711
1422 3201 1461 3232 15
1487 3198 1574 3238 data]
1598 3198 1639 3230 de
1656 3197 1717 3230 tali
1736 3196 1790 3239 711
1811 3197 1851 3229 16
1869 3195 1927 3237 qui
1943 3207 2001 3247 om.
2015 3195 2103 3242 only.
2120 3196 2177 3239 (cs
2191 3196 2312 3237 uhts)

87 3249 328 3290 quaternionum
348 3247 474 3279 turbato
491 3245 660 3288 repetendo
679 3245 817 3277 diximus
833 3245 879 3276 ad
894 3245 970 3284 675,
984 3251 1010 3277 2.
1029 3246 1165 3286 711,24.
1233 3245 1245 3288 11
1267 3244 1330 3276 hoc
1354 3256 1412 3276 om.
1437 3243 1499 3284 12¹,
1530 3253 1602 3275 mco
1627 3243 1704 3275 add.
1726 3243 1812 3284 vuly.
1842 3240 1854 3284 11
1888 3243 1924 3274 17
1957 3249 2025 3272 sive
2055 3250 2093 3273 ex
2117 3242 2312 3273 testamento

85 3291 155 3336 1119
181 3291 263 3332 εἴτε]
285 3289 352 3333 ἤδη
378 3291 409 3324 L
427 3291 439 3334 11
455 3302 523 3332 μου
552 3303 610 3323 οηι.
636 3290 682 3333 cu
701 3288 772 3322 εἴτε
796 3289 834 3321 ἐκ
858 3285 1035 3331 διαθήκης
1059 3301 1117 3322 om.
1135 3289 1166 3322 L
1234 3302 1292 3323 om.
1314 3287 1363 3322 Β*
1390 3287 1402 3331 11
1435 3288 1474 3322 18
1500 3287 1571 3319 eius
1594 3286 1668 3319 iura
1695 3286 1727 3319 T
1749 3290 1761 3328 11
1784 3287 1996 3329 per-mutuare
2023 3285 2055 3318 Τ
2075 3285 2088 3328 11
2111 3285 2166 3327 (20
2190 3285 2311 3328 ipsum]

85 3341 96 3377 1ῖ
114 3338 155 3370 20
182 3335 431 3379 διαδεχομένηε
456 3336 487 3369 L
505 3336 517 3378 11
545 3337 582 3369 21
610 3333 656 3368 τὰ
682 3330 775 3367 αὐτὰ
800 3331 933 3375 δίκαια]
958 3334 1032 3366 iura
1053 3333 1123 3367 eius
1148 3345 1167 3370 ς
1234 3336 1292 3367 aut
1315 3334 1423 3376 ipsum
1449 3333 1549 3376 vuly.)
1573 3331 1585 3375 11
1611 3333 1651 3366 21
1677 3334 1853 3375 propterea
1877 3331 1971 3364 Beck
1986 3329 1998 3373 11
2017 3329 2105 3372 quod
2129 3342 2187 3363 om.
2211 3328 2312 3374 711σὶ

85 3380 96 3426 11
122 3383 162 3415 25
196 3379 317 3424 πύλης]
348 3379 487 3415 πόλεως
512 3382 562 3413 L⁰
592 3380 604 3424 11
631 3379 695 3413 τοῦ
720 3379 850 3411 Συκῶν
873 3382 1007 3420 τείχους
1032 3392 1090 3411 om.
1114 3390 1134 3415 ς
1155 3378 1167 3423 11
1242 3378 1381 3421 711122
1406 3376 1497 3409 dedit
1520 3377 1553 3410 R
1570 3377 1582 3420 11
1610 3376 1725 3410 *circa
1748 3376 1807 3417 17¹,
1832 3388 1890 3409 om.
1915 3376 1959 3416 R,
1982 3375 2073 3408 iusta
2095 3376 2128 3416 [ἰ.
2155 3387 2181 3408 e.
2205 3374 2311 3415 iuxta]

87 3421 127 3460 27
154 3425 284 3469 θέκλης
309 3427 339 3459 L
367 3428 380 3469 11
411 3428 453 3460 29
478 3427 737 3472 προειρημένον
761 3437 819 3457 om.
844 3424 875 3456 L
903 3423 915 3467 11
946 3425 984 3457 31
1014 3426 1072 3456 aut
1092 3427 1167 3466 post
1233 3437 1259 3457 s.
1276 3435 1304 3456 υ.
1324 3421 1375 3456 T²
1391 3422 1403 3466 11
1421 3421 1643 3454 uenerabilem
1673 3422 1751 3464 T⁰1j
1770 3422 1812 3456 23
1836 3420 1920 3454 tecle
1945 3420 2007 3461 T2]
2031 3419 2167 3453 ecclesie
2190 3419 2311 3463 (suppl.

85 3472 292 3514 pubertatem
318 3483 337 3507 ς
367 3470 379 3515 11
408 3472 449 3505 33
475 3469 774 3511 ἀποκαταστῆναι
798 3469 883 3510 ML]
914 3463 1165 3502 ἀποκαταστα-
1242 3468 1291 3502 17³
1314 3469 1346 3501 in
1370 3474 1455 3510 spat.
1477 3480 1544 3500 vac.
1572 3469 1658 3501 6-7
1685 3467 1756 3507 liu.)
1781 3466 1903 3500 RVT*
1919 3465 1931 3508 11
1950 3466 2123 3509 perpetuo]
2150 3466 2312 3508 perpetuo

86 3517 204 3560 θ’ἢνιιι
226 3530 294 3551 cum
319 3517 516 3550 Haloandro
541 3517 625 3560 vuly.
642 3515 655 3560 11
674 3517 718 3550 34
741 3516 800 3548 καὶ
824 3515 880 3556 M]
901 3525 941 3547 τε
964 3515 1024 3546 καὶ
1045 3514 1076 3546 L
1234 3522 1401 3546 remanere
1423 3512 1457 3545 V
1474 3516 1669 3554 perpetuare
1685 3511 1754 3545 ΒΤ
1773 3511 1976 3555 (perpetuari
1993 3510 2065 3544 edd.
2084 3508 2249 3553 αΙίοιιοίΗΙ
2269 3510 2312 3543 24

1233 3560 1314 3599 meu]
1340 3567 1378 3590 ea
1395 3556 1425 3591 T
1438 3555 1450 3597 ΙΙ
1471 3558 1511 3591 25
1537 3556 1764 3599 coutingnerit
1784 3557 1816 3590 T
1828 3556 1841 3599 11
1859 3556 1899 3589 27
1917 3554 2122 3598 impuberem
2145 3553 2194 3587 Τ2
2210 3554 2311 3597 vuly.]

1074 3600 1162 3605 ’-
1256 3603 1388 3636 uberem
1412 3602 1532 3635 RVT¹
1551 3602 1563 3646 11
1579 3602 1753 3645 pubertate
1774 3601 1831 3645 711
1856 3603 1902 3634 tm
1917 3601 1947 3634 R
1965 3600 1978 3644 11
1996 3601 2038 3634 29
2061 3597 2194 3634 restitui
2219 3598 2313 3632 Beck

135 3653 151 3686 1
179 3652 335 3694 cupparia
357 3652 389 3685 R
413 3651 511 3696 cufiia
539 3653 578 3685 T¹
599 3651 611 3695 11
637 3653 656 3685 2
684 3651 806 3694 reliqui
829 3650 923 3695 Τ114
948 3650 1073 3682 hierico
1098 3649 1130 3682 R
1153 3647 1165 3693 11
1240 3648 1244 3693 1
1269 3650 1310 3682 30
1335 3647 1453 3681 eisdem
1482 3647 1514 3680 T

2463 3669 2476 3854 was-n.
2462 3223 2476 3658 m.en—„.,.-—-nn=5—n—.ssu—..
2470 3174 2476 3209 ..-
2467 3138 2476 3151 ,ι
2470 3075 2476 3107 -..
2469 3007 2476 3054 .....
2471 2948 2476 2949 1
