2476 3854
101 93 480 174 nummismais
497 140 558 172 m·
575 139 662 173 nno
681 138 956 172 Aimimsus
1172 121 1260 170 593
1923 123 2031 167 Nov.
2062 122 2242 167 CXXIII
2269 136 2331 178 pr.

100 240 164 283 τῆς
186 237 342 275 παλαιᾶς
364 240 559 284 συνηθείας
589 241 771 283 ἐπιζητεῖν
800 239 986 284 τιμήματα
1015 234 1040 283 ἢ
1061 235 1229 283 μισθούς.
1275 232 1466 282 κελεύομεν
1488 233 1576 316 (διῖο
1592 239 1654 270 καὶ
1682 235 1766 270 τοὺς
1794 234 1860 269 τὰς
1881 232 2066 279 μετρήσεις
2095 235 2174 268 τῶν
2197 231 2333 268 οἰκοδο-

99 285 218 329 μικῶν
241 288 302 319 καὶ
323 286 551 332 γεηπονικῶν
573 288 635 319 καὶ
656 286 735 319 τῶν
758 283 882 318 ἄλλων
905 286 1023 331 ἔργων
1045 284 1241 319 ποιοῦντας
1263 279 1377 326 μηδὲν
1400 280 1512 317 πλέον
1600 281 1748 324 ίζεσθαι
1770 283 1845 315 τοῖς
1867 281 2133 326 ἐργαζομένοις,
2157 275 2248 313 ἀλλὰ
2273 282 2334 312 καὶ

102 326 222 364 αὐτοῖς
244 330 314 373 τὴν
337 327 492 378 α’ρχαίαν
515 330 717 374 συνήθειαν
739 328 946 385 φυλάττειν.
993 330 1112 365 ταῦτα
1134 326 1176 362 δὲ
1198 326 1497 373 παραφυλάττειν
1520 340 1558 361 κε
1610 326 1710 371 ὀμεν
1732 328 1793 360 καὶ
1816 324 1899 360 τοὺς
1920 323 2184 360 ἐπιτάττοντας
2212 322 2334 366 οἱαδή-

101 387 191 409 ποτε
225 376 311 422 ἔργα
344 374 367 418 ἢ
400 378 464 410 καί
495 388 580 410 τινα
619 372 696 418 εἴδη
731 377 968 420 ωνουμένους·
1016 371 1102 410 οὖδέ
1133 372 1204 420 γὰρ
1241 368 1361 407 αὐτοῖς
1397 372 1529 413 ἐξεῖναι
1564 371 1676 408 πλέον
1708 372 1774 406 τοῦ
1809 370 1918 405 ἔθους
1951 370 2019 405 τοῦ
2040 367 2334 423 «διατεταγμένου

100 423 271 465 παρέχειν
300 421 560 466 συγχωροῦμεν.
605 420 869 466 γινωσκόντων
898 422 976 455 τῶν
1009 419 1120 455 πλέον
1147 431 1187 454 τι
1207 418 1272 461 τῆς
1295 415 1449 453 παλαιᾶς
1478 418 1674 460 συνηθείας
1704 415 1987 460 ἐπιζητούντων,
2021 426 2070 449 ως
2092 413 2334 460 τριπλασίονα

101 463 289 518 ποσότητα
310 465 504 523 είςκομίσαι
535 465 589 509 τῷ
613 463 775 510 δημοσίῳ
807 461 1172 512 ἀναγκασθήσονται,
1207 464 1239 497 εἰ
1263 462 1362 509 παρὰ
1392 462 1435 497 τὸ
1468 462 1507 503 ἐξ
1530 459 1638 508 ἀρχῆς
1668 461 1950 508 διατεταγμένον
1978 458 2154 505 λαβόντες
2175 458 2198 503 ἢ
2222 457 2333 494 δεδω-

100 521 202 544 “⁰1³2
226 522 516 602 ἷξὲΐσετηιῖλοόΐος.)
566 555 687 590 Ταῦτα
710 552 750 589 δὲ
773 555 966 597 ζητεῖσθαι
987 557 1049 589 καὶ
1071 550 1298 589 ἐκδικεῖσθαι
1321 550 1511 596 κελεύομεν
1539 551 1638 597 παρά
1662 564 1702 586 τε
1725 553 1788 595 τῆς
1811 553 1875 596 σῆς
1898 551 2073 596 ὑπεροχῆς
2102 552 2164 584 καὶ
2186 550 2252 584 τοῦ
2277 550 2334 583 ἐν·

101 597 297 640 δοξοτάτου
328 600 484 646 ἐπάρχου
512 598 647 643 ταύτης
674 601 738 643 τῆς
768 598 979 644 εὐδαίμονος
1009 596 1159 636 πόλεως.
1204 596 1419 643 βουλόμεθα
1444 597 1516 644 γὰρ
1540 593 1593 630 δι’
1620 593 1725 640 ὑμῶν
1755 596 1839 631 τοὺς
1869 600 2167 650 παραβαίνρντας
2194 593 2335 637 ταύτην

101 641 206 688 ἡμῶν
234 643 303 688 τὴν
326 642 558 679 διατύπωσιν
580 643 823 680 ἀπαιτεῖσθαι
845 646 915 689 τὴν
938 644 1156 690 ὁρισθεῖσαν
1179 643 1313 687 ποινὴν
1344 645 1405 676 καὶ
1428 645 1617 688 τιμωρίαις
1639 640 1935 686 ὑποβάλλεσθαι·
1967 652 2095 677 ποιννς
2113 641 2335 685 ἐπικειμένης

100 692 211 725 πέντε
227 693 373 735 χρυσίου
395 688 530 734 λιτρῶν
552 693 630 724 ταῖς
653 690 892 734 πειθομέναις
915 687 1001 735 ὑμῖν
1022 690 1181 732 τάξεσιν,
1213 688 1250 723 εἴ
1263 702 1301 723 τι
1323 689 1402 722 τῶν
1425 684 1515 732 παρ’
1542 684 1648 730 ἡμῶν
1675 684 1968 738 διατεταγμένων
1990 684 2058 732 ἇμε
2080 687 2199 730 ηθείη.

234 735 318 770 Dat.
333 746 371 771 x.
389 735 425 770 k.
441 735 530 780 Apr.
548 735 617 771 ΟΡ.
634 734 755 781 (imp.)
776 735 836 772 dn.
850 735 1041 772 Iustiniani
1063 746 1124 781 pp.
1140 736 1232 779 Aug.
1257 743 1351 770 anno
1368 732 1485 770 XVII.
1507 735 1591 778 post
1607 742 1705 768 cons.
1726 733 1850 768 Basilii
1870 743 1927 769 vc.
1948 743 2042 768 anno
2060 732 2123 768 111.
2193 734 2241 773 [a.
2256 733 2335 773 544]

601 895 682 938 ιῑιῖν
1522 900 1684 937 cxxm.
1728 900 2045 938 Auth.CXXX1V.
2064 900 2214 937 0011.1x
2225 899 2283 936 tit.
2295 902 2335 936 15

101 970 279 1024 ΠΕΡΙ
310 969 1008 1024 ΕΚΚΑΗΣΙΑΣΊῚΚΩΝ
1039 971 1182 1024 ΔΙΑ-
1292 971 1346 1020 R
1377 971 1472 1021 DE
1510 970 1983 1022 SANCTISSIMIS
2020 972 2111 1019 ET
2147 969 2285 1019 DEO

276 1036 519 1092 ΦΟΡῼΝ
547 1038 1005 1092 ΚΕΦΑΛΑΙΩΝ.
1197 1051 1238 1084 15
1252 1038 1679 1089 AMABILIBUS
1723 1039 1819 1088 ET
1861 1037 2339 1088 REVERENTIS-

1253 1106 1435 1157 SIMIS
1479 1105 1839 1158 EPISCOPIS
1883 1108 1976 1156 ET
2020 1104 2334 1156 CLERICIS

1519 1176 1611 1223 ET
1646 1173 1997 1225 MONACHIS
2026 1175 2082 1224 R

122 1249 163 1287 ‘0
179 1248 289 1287 αὐτὸς
310 1249 478 1304 βασιλεὺέ
493 1253 621 1330 Πέτρῳ
643 1252 698 1307 τῷ
720 1249 948 1309 ἐνδοξοτάτῳ
970 1254 1159 1298 μαγίστρῳ
1324 1250 1413 1297 Imp.
1438 1251 1658 1288 lastinianus
1681 1251 1775 1296 Aug.
1798 1251 1907 1288 Petro
1930 1251 2185 1297 gloriosissimo
2205 1261 2267 1297 pp.

417 1310 496 1331 των
551 1309 567 1329 ε
584 1309 639 1330 ων
661 1309 855 1343 οφφικιων.

169 1364 474 1411 (Προοίμιον.)
520 1367 608 1409 Περὶ
639 1362 846 1408 διοικήσεως
879 1367 941 1398 καὶ
971 1367 1183 1411 προνομίων
1195 1367 1238 1400 20
1293 1364 1587 1410 (Praefatio.)
1632 1364 1688 1400 De
1702 1364 1962 1410 gubernatione
1979 1366 2015 1400 et
2029 1364 2221 1410 privilegiis
2240 1364 2335 1400 aliis-

101 1413 163 1444 καὶ
177 1409 301 1444 ἄλλων
316 1407 505 1455 διαφόρων
523 1409 732 1455 κεφαλαίων
754 1410 804 1444 εἰς
819 1409 884 1444 τὰς
898 1406 1106 1456 ἁγιωτάτας
1128 1411 1182 1443 ἐκ·
1251 1419 1318 1454 que
1349 1410 1497 1445 diversis
1534 1410 1702 1455 capitulis
1737 1410 1784 1444 ad
1816 1409 2062 1446 sanctissimas
2096 1410 2269 1445 ecclesias
2301 1413 2338 1445 et

102 1454 247 1498 κλησίας
269 1457 330 1488 καὶ
348 1454 433 1489 τοὺς
454 1453 580 1489 ἄλλους
598 1451 733 1501 εὐαγεῖς
746 1455 862 1489 οἴκους
883 1451 1101 1499 ἀνηκόντων
1115 1453 1183 1499 ἤδη
1252 1455 1343 1490 alias
1367 1455 1586 1491 venerabiles
1618 1454 1742 1491 domos
1776 1455 2037 1499 pertinentibus
2068 1455 2140 1490 iam
2163 1454 2338 1500 quaedam

101 1500 184 1535 τινὰ
222 1498 507 1544 διετυπώσαμεν,
541 1501 603 1535 ἐπὶ
638 1497 678 1534 δὲ
710 1501 775 1534 τοῦ
811 1498 992 1545 παρόντος
1025 1500 1072 1534 τὰ
1102 1504 1185 1546 περὶ
1253 1500 1509 1544 disposuimus,
1541 1510 1651 1546 super
1681 1500 1914 1536 sanctissimis
1946 1504 2064 1536 autem
2095 1500 2275 1545 episcopis
2302 1503 2339 1535 et

101 1546 177 1580 τῶν
194 1543 413 1580 ὁσιωτάτων
428 1544 643 1580 ἐπισκόπων
659 1548 721 1579 καὶ
737 1544 917 1590 κληρικῶν
934 1549 995 1580 καὶ
1011 1546 1185 1589 μοναχῶν
1253 1545 1391 1581 clericis
1415 1548 1452 1580 et
1474 1546 1661 1581 monachis
1684 1545 1819 1580 dudum
1841 1545 1879 1581 iii
1899 1546 2046 1582 diversis
2070 1545 2339 1581 constitutioni-

102 1591 229 1636 πρώην
245 1591 286 1624 ἐν
300 1588 486 1636 διαφόροις
501 1588 687 1631 διατάξεσι
705 1588 995 1626 διατυπωθέντα
1016 1591 1108 1634 μετὰ
1123 1593 1187 1634 τῆς
1198 1593 1240 1625 25
1255 1591 1320 1626 bus
1344 1591 1519 1636 disposita
1550 1602 1629 1627 cum
1655 1591 1870 1635 competenti
1894 1591 2115 1627 correctione
2145 1591 2215 1626 hac
2239 1601 2337 1627 coin-

102 1634 340 1715 προςηέούσης
360 1636 651 1681 ἐπανορθώσεως
666 1634 764 1679 τῷδε
779 1635 990 1682 περιλαβεῖν
1009 1638 1066 1680 τῷ
1080 1634 1184 1680 νόμῳ
1252 1636 1472 1681 prehendere
1494 1636 1572 1681 lege
1593 1637 1853 1682 perspeximus.

102 1685 203 1716 συνεί
225 1693 322 1725 ομεν.

170 1750 255 1784 Non.
273 1750 441 1784 CXXIII
450 1750 615 1792 (Anthent.
632 1750 794 1784 CXXXI
800 1751 883 1784 V=
908 1750 1064 1784 (101le
1078 1752 1125 1783 tit.
1140 1751 1201 1784 15:
1225 1751 1338 1794 qloss.)
1367 1750 1492 1784 Graece
1513 1758 1602 1784 extat
1626 1751 1658 1784 in
1679 1751 1723 1783 Μ
1742 1758 1774 1784 et
1796 1762 1864 1783 eum
1890 1762 1962 1784 nov.
1989 1750 2209 1784 CXXXVII
2226 1757 2339 1783 conta-

104 1797 225 1830 minata
248 1797 282 1829 in
305 1795 353 1835 L,
379 1807 451 1839 cap.
466 1796 486 1829 2
502 1796 656 1834 §1—32
680 1798 712 1829 in
737 1796 774 1828 B
798 1797 831 1838 3,
845 1803 870 1836 1,
886 1803 983 1830 9—16.
1001 1803 1119 1830 20-33.
1137 1802 1258 1838 35-48,
1289 1808 1362 1839 cap.
1379 1796 1527 1830 34—44
1550 1798 1583 1829 in
1607 1796 1646 1829 Β
1666 1797 1704 1838 4,
1724 1803 1749 1838 1,
1763 1802 1859 1829 2-16.
1906 1795 2058 1829 Maxima
2084 1808 2169 1839 pars
2192 1796 2338 1829 novellae

103 1842 251 1885 quamuis
268 1841 393 1884 passim
417 1847 583 1874 contracta
606 1848 637 1874 et
661 1842 824 1874 immutata
848 1842 986 1875 liabetur
1007 1842 1041 1874 in
1069 1842 1261 1875 Collectione
1282 1841 1516 1875 LXXXVII
1534 1842 1747 1885 capitulorum
1772 1841 1904 1875 28—87
1929 1841 1988 1883 (=
2009 1840 2038 1874 S
2044 1851 2054 1879 ς
2082 1841 2157 1874 inde
2175 1841 2338 1885 pleraque

102 1893 288 1930 repetuntur
310 1886 436 1919 diverso
469 1887 582 1919 ordine
606 1887 764 1929 disposita
787 1887 820 1919 in
845 1886 1074 1920 Nomocanone
1097 1886 1129 1919 L
1154 1887 1314 1920 titulorum
1346 1887 1452 1920 eiusce
1477 1888 1682 1930 appendice),
1709 1887 1898 1929 particulae
1926 1887 1960 1920 in
1984 1885 2192 1930 Epanaqoqe
2215 1887 2336 1920 8-10

102 1932 182 1974 (vid.
205 1932 319 1974 infin).
342 1950 387 1955 —
411 1931 502 1974 Epit-
524 1931 647 1964 Theod.
671 1932 747 1972 123,
772 1932 893 1964 Athon.
910 1933 940 1973 1,
956 1939 973 1965 2
996 1932 1086 1973 (inde
1114 1932 1194 1965 Coll.
1220 1938 1318 1965 const.
1343 1932 1418 1965 ecel.
1443 1932 1508 1965 III
1528 1934 1560 1973 1,
1578 1939 1613 1971 ²3
1646 1932 1679 1965 A
1692 1933 1727 1975 s.
1748 1932 1829 1965 184⁹
1851 1933 1884 1965 in
1905 1938 2004 1975 parte
2028 1932 2114 1965 tituli
2130 1932 2233 1974 primi
2256 1933 2338 1965 inter

102 1976 248 2010 novellae
265 1975 432 2010 CXXXI
441 1988 467 2009 c.
482 1977 578 2010 4215
591 1977 735 2017 inserto).
781 1976 904 2010 Iulian.
919 1983 1018 2010 const.
1035 1977 1143 2010 CXV
1159 1978 1231 2020 (qui
1251 1977 1426 2020 exemplum
1453 1977 1614 2011 Graecum
1638 1989 1702 2011 non
1727 1985 1791 2010 tani
1815 1978 1975 2020 excerpsit
1991 1989 2087 2020 quarn
2112 1978 2290 2020 expressit).

170 2021 332 2055 Prooemii
353 2022 510 2063 (novellae
531 2021 756 2065 Vpraemiesi')
781 2022 1023 2055 translationem
1048 2023 1184 2055 latinam
1210 2035 1231 2055 α
1254 2023 1389 2065 υιιζᾳαια
1413 2023 1573 2056 diversam
1596 2023 1630 2056 in
1655 2023 1836 2066 appendice
1859 2022 2054 2055 collectionis
2078 2034 2233 2055 canonum
2254 2022 2338 2055 Dio·

103 2067 576 2152 ’geio-nggrdianagleaeliigent
597 2067 724 2145 audies}
731 2113 738 2119 1
737 2066 870 2145 ἇιὶίφιρε
876 2067 1016 2146 13)(ζῖωᾷ
1018 2067 1144 2155 {xiv-et
1158 2068 1204 2120 X.
1231 2068 1286 2146 (ὃς
1304 2067 1790 2154 Μαριεεὲιᾰδίεῖιιῖὅεόεῗὲἠιε.
1803 2067 2123 2151 άῖιὲέό)ΑΙαέιέ.3άεν
2146 2067 2338 2101 Wissenscli.

152 2124 203 2145 nen
336 2124 371 2154 p.
445 2123 477 2145 n.
528 2136 537 2151 ‚
557 2124 657 2154 primi
724 2124 734 2144 1
760 2124 837 2145 erun
909 2125 919 2145 ι
956 2124 1006 2145 oei
1044 2125 1084 2145 ra
1116 2124 1150 2146 es
1174 2125 1207 2146 in
1285 2125 1328 2146 ss.
1350 2125 1372 2145 a
1449 2125 1467 2145 o
1493 2137 1503 2145 .
1527 2125 1542 2146 e
1616 2125 1665 2146 ου.
1734 2125 1813 2145 aris.
1950 2124 1985 2153 p.
2068 2137 2076 2143 .

103 2187 245 2223 maiora
274 2198 383 2239 quam
411 2186 607 2222 secundum
638 2179 789 2223 veterem
819 2188 1111 2224 consuetudinem
1140 2189 1262 2235 pretia
1291 2188 1514 2225 mercedesve
1543 2189 1704 2233 eaeiqere.
1750 2186 1922 2223 Iubemus
1950 2192 2070 2223 autem
2101 2198 2163 2223 eos
2194 2198 2338 2234 quoque

104 2233 169 2279 qui
190 2231 438 2277 aedificiorum
461 2236 497 2267 et
518 2242 694 2278 aqrorum
717 2231 950 2267 colendorum
973 2232 1202 2279 aliorumque
1226 2244 1375 2279 operum
1399 2243 1588 2268 mensuras
1608 2233 1758 2278 faciunt
1780 2232 1874 2268 nihil
1891 2232 2049 2278 amplius
2071 2233 2251 2279 operariis
2274 2235 2337 2268 im-

98 2281 247 2324 putare,
269 2276 334 2312 sed
355 2277 445 2323 ipsis
468 2287 613 2329 quoque
635 2276 820 2322 antiquam
846 2277 1139 2314 consuetudinem
1161 2289 1315 2314 servare.
1363 2279 1481 2324 Atque
1503 2276 1593 2313 haec
1615 2288 1677 2312 eos
1700 2288 1844 2324 quoque
1866 2277 2056 2313 observare
2078 2277 2249 2319 iubemus,
2274 2278 2340 2324 qui

105 2322 381 2368 qualiacumque
404 2331 518 2367 opera
540 2327 720 2367 imperant
742 2321 798 2358 vel
820 2323 928 2358 etiam
950 2322 1087 2369 species
1110 2323 1287 2368 quasdam
1310 2323 1508 2359 redimunt:
1541 2322 1671 2375 quibus
1693 2333 1739 2356 ne
1762 2322 1852 2369 ipsis
1875 2322 2019 2367 quidem
2049 2327 2091 2358 ut
2108 2322 2198 2368 plus
2227 2334 2338 2369 quam

103 2377 203 2403 more
224 2367 456 2402 constitutum
478 2369 532 2401 cst
552 2369 744 2412 praestare
767 2366 876 2402 liceat
891 2367 1147 2413 permittimus.
1196 2367 1323 2402 Sciant
1346 2371 1463 2403 autem
1494 2378 1556 2413 qui
1580 2367 1775 2413 quicquam
1806 2366 1967 2414 amptius
1995 2377 2105 2413 quam
2128 2372 2229 2403 vetus
2250 2378 2337 2403 con-

103 2411 257 2447 suetudo
278 2411 359 2458 fert
379 2410 545 2457 exiqunt,
574 2421 614 2446 se
638 2410 815 2457 triplicem
838 2412 1076 2462 quantitatem
1097 2412 1190 2457 fisco
1213 2413 1356 2459 inferre
1378 2416 1544 2448 coactum
1566 2412 1631 2455 iri,
1661 2412 1698 2448 si
1717 2416 1847 2448 contra
1870 2411 1911 2447 id
1931 2411 2033 2458 quod
2053 2411 2099 2447 ab
2123 2412 2227 2448 initio
2251 2423 2337 2449 con-

103 2457 268 2493 stitutum
291 2460 372 2491 erat
393 2466 456 2492 eos
479 2465 564 2491 acce
591 2456 661 2491 isse
683 2455 740 2491 vel
761 2455 902 2491 dedisse
925 2462 1114 2503 appareat.

240 2500 305 2547 Ep
315 2501 350 2536 il
357 2511 378 2536 o
385 2511 481 2547 qus.
566 2510 631 2536 aec
650 2504 770 2536 autem
793 2502 1000 2537 examinari
1022 2505 1132 2548 atque
1151 2501 1330 2538 vindicari
1353 2502 1513 2538 iubemus
1543 2505 1580 2538 et
1607 2513 1631 2537 a
1653 2505 1717 2537 tua
1738 2501 1958 2538 sublimitate
1976 2504 2011 2537 et
2031 2513 2055 2537 a
2072 2501 2336 2547 qloriosissimo

105 2547 295 2593 praefecto
319 2546 427 2581 liuius
447 2545 570 2591 felicis
594 2545 704 2581 urbis.
753 2545 826 2581 Per
850 2557 916 2582 vos
937 2547 1031 2582 enim
1054 2547 1099 2583 ab
1121 2547 1169 2582 iis
1190 2548 1257 2594 qui
1277 2548 1371 2583 lianc
1394 2551 1558 2583 nostram
1581 2547 1871 2583 constitutionem
1895 2547 2069 2582 violaturi
2090 2547 2165 2582 sint
2187 2547 2337 2582 multam

105 2591 288 2637 definitam
310 2591 412 2637 exiqi
441 2601 575 2636 eosque
632 2590 734 2626 oenis
761 2590 880 2627 subici
906 2591 1069 2627 volumus
1075 2604 1091 2634 ;
1124 2602 1204 2627 cum
1235 2592 1373 2639 officiis
1400 2603 1494 2639 quae
1522 2592 1622 2628 vobis
1650 2596 1835 2639 apparent
1864 2592 2025 2639 quinque
2055 2591 2229 2628 librarum
2252 2592 2338 2628 auri

102 2647 225 2684 poena
246 2636 439 2680 immineat,
461 2635 494 2671 si
516 2634 581 2682 qm·
627 2646 751 2671 eorum
774 2646 870 2682 quae
891 2647 915 2672 a
937 2636 1043 2672 nobis
1065 2638 1262 2673 constituta
1283 2641 1370 2674 sunt
1391 2637 1592 2684 neqlectum
1613 2636 1743 2683 fuerit.

473 2848 576 2900 DE
606 2849 696 2900 DI
702 2848 948 2901 VERSJS
982 2780 1355 2901 ΟΑΡΙξῗὲῧδ
1386 2849 1972 2904 ECCLESIASTICIS.

538 2926 641 2965 Idem
657 2928 844 2975 Auqustus
859 2927 970 2964 Petro
992 2928 1258 2975 qloriosissimo
1282 2930 1456 2976 maqistro
1478 2940 1668 2966 sacrorum
1692 2930 1913 2977 officiorum.

238 2995 504 3042 Praefatio.
552 2996 607 3032 De
629 2996 944 3032 administratione
965 3000 1000 3032 et
1016 2996 1223 3044 privileqiis
1253 2997 1407 3043 aliisque
1429 2997 1581 3034 diversis
1603 2998 1785 3046 capitibus
1813 3008 1910 3045 quae
1939 2997 1990 3034 ad
2010 2997 2259 3034 sanctissimas
2279 3005 2335 3033 ec-

105 3041 235 3078 clesias
264 3041 430 3087 aliasque
452 3041 671 3077 venerabiles
694 3040 820 3077 domos
840 3042 1025 3088 pertinent
1053 3042 1126 3078 iam
1150 3042 1328 3088 quaedam
1352 3043 1619 3085 constituimus,
1650 3044 1688 3078 in
1705 3044 1918 3090 praesentia
1948 3048 2068 3079 autem
2096 3053 2140 3077 ea
2172 3052 2266 3087 quae
2290 3041 2336 3077 de

105 3086 388 3133 reliqiosissimis
409 3087 591 3133 episcopis
613 3091 650 3122 et
672 3086 815 3122 clericis
836 3091 871 3122 et
896 3086 1082 3122 monachis
1105 3089 1142 3123 in
1158 3087 1310 3123 diversis
1332 3088 1649 3125 constitutionibus
1672 3093 1782 3125 antea
1796 3088 1974 3135 disposita
1989 3091 2086 3130 sunt,
2108 3097 2189 3122 cum
2204 3085 2336 3122 idonea

106 3131 354 3168 emendatione
376 3130 447 3167 hac
469 3132 548 3178 leqe
570 3131 872 3178 comprehendere
888 3132 1044 3179 placuit.

154 3211 170 3242 1
197 3205 238 3242 δὲ
255 3211 333 3244 add.
346 3210 512 3252 Scrimqer
527 3210 540 3254 Ι
558 3212 580 3244 4
602 3207 678 3253 εἱδη
694 3211 735 3243 M
750 3211 805 3255 (ch
819 3224 889 3245 nov.
905 3211 1107 3245 CXXVIII
1115 3224 1142 3246 c.
1154 3213 1183 3246 l.

108 3255 139 3288 2.
154 3254 185 3287 3.
199 3255 231 3287 9.
245 3255 298 3287 15.
326 3254 465 3288 CXXX
473 3267 501 3288 c.
516 3257 546 3290 l.
559 3257 591 3290 2.
605 3257 651 3297 3)]
675 3252 744 3298 ἤδη
768 3269 835 3290 cum
858 3258 1042 3300 Scrimqero
1062 3258 1150 3300 vulq.
1173 3255 1186 3300 ss

111 3300 151 3332 12
164 3300 286 3331 subscr.
302 3298 333 3331 d.
349 3308 388 3332 11.
405 3300 439 3332 k.
455 3310 524 3342 apr.
542 3310 591 3343 cp.
608 3300 663 3333 dn.
681 3301 759 3333 inst.
776 3312 797 3343 p
824 3327 831 3334 .
848 3312 924 3343 aug.
942 3303 1019 3345 post
1033 3301 1185 3334 bilisario

106 3353 160 3396 ,¹¹⁰-
177 3352 280 3375 conss.
297 3343 360 3395 Mi
376 3342 522 3396 ἐγράφηε
535 3343 608 3389 πρὸ
629 3341 657 3378 ι’
675 3312 822 3379 καλανὲ
844 3342 978 3401 Ἀπριλ.
1001 3344 1186 3390 βασιλείας

114 3389 359 3421 Ῑουστινιανου
380 3387 424 3421 τὸ
441 3387 487 3429 ιζ’
503 3392 676 3423 νπατείας
686 3388 877 3424 Βασιλείου
891 3403 935 3425 το
950 3390 983 3437 γ’
995 3392 1086 3433 Atti„
1102 3393 1186 3425 unde

109 3433 370 3474 subscriptionem
383 3435 521 3467 restituit
531 3434 719 3468 Zachariae
735 3434 749 3477 Ι
768 3437 810 3468 14
822 3437 909 3469 rubr.
934 3438 1024 3481 Περὶ
1040 3434 1184 3470 ἐπισκό-

109 3488 193 3510 πων
215 3478 276 3509 nat
298 3474 477 3521 κληρικῶν
498 3479 575 3511 Aeli.
589 3479 710 3512 Theod.
729 3480 785 3522 (cfl
799 3491 820 3515 ς
830 3487 861 3512 et
874 3481 963 3521 infra
975 3493 1006 3514 υ.
1016 3482 1072 3522 24)
1097 3483 1185 3525 Περὶ

109 3521 187 3555 τῶν
200 3519 248 3554 τὰ
264 3524 483 3565 ψηφίσματα
501 3521 579 3555 τῶν
594 3520 807 3558 ἐπισκόπων
822 3521 1069 3559 ἐπιδιδόντων
1085 3522 1187 3559 ὅπως

109 3565 174 3610 χρὴ
193 3565 364 3611 γίνεσθαι
377 3567 405 3598 S
419 3566 433 3608 Ι
452 3567 492 3600 18
503 3570 690 3612 μαγίστρω
702 3569 780 3601 τῶν
793 3567 912 3602 θείων
922 3565 1041 3614 (ἡμῶν
1054 3573 1132 3604 add.
1142 3571 1186 3613 L)

111 3608 296 3655 όφφικίων
320 3611 404 3651 ML]
427 3608 573 3654 ἐπάρχῳ
597 3615 833 3656 πραιτωρίων
856 3613 931 3646 Adi.
950 3627 981 3656 ς,
1008 3615 1187 3660 Gregorius

1254 3212 1424 3253 confirmat
1448 3214 1481 3246 in
1495 3213 1571 3254 fine
1594 3213 1739 3247 novellae
1761 3211 1775 3256 fl
1799 3214 1839 3246 21
1866 3208 1990 3244 ἄλλων
2015 3206 2074 3242 δια
2105 3205 2204 3252 όρων
2225 3218 2334 3251 κεφα-

1253 3254 1368 3290 λαίων
1388 3257 1565 3299 LSeIuL]
1596 3254 1787 3302 διαφόρων
1810 3254 2018 3302 κεφαλαίων
2041 3252 2066 3286 ἆ
2089 3251 2165 3286 λων
2187 3251 2262 3295 Mu
2290 3253 2334 3285 22

1261 3299 1320 3344 ’δη
1340 3303 1407 3345 μέν
1426 3314 1511 3336 τινα
1531 3303 1560 3336 S
1576 3301 1589 3347 ΙΙ
1606 3305 1647 3337 23
1668 3299 1873 3336 διετυπώσα
1920 3302 1954 3340 ν]
1978 3311 2048 3332 nov.
2071 3297 2230 3331 CXXXI
2241 3297 2255 3340 fl
2273 3297 2335 3330 ἐπὶ

1254 3314 1294 3379 δὲ
1316 3347 1381 3379 τοῦ
1405 3347 1587 3392 παρόντος
1608 3347 1655 3380 τὰ
1673 3349 1769 3392 περὶ]
1792 3345 1839 3379 τὰ
1886 3346 1903 3377 ὲ
1924 3346 2006 3388 περὶ
2028 3343 2099 3376 sola
2116 3343 2230 3385 quisse
2245 3342 2335 3375 vide-

1255 3398 1305 3425 tur
1329 3403 1350 3428 ς
1374 3392 1386 3435 fl
1413 3394 1456 3426 25
1481 3388 1680 3433 διατάξεσι]
1704 3394 1746 3435 cfi
1772 3403 1845 3424 nov.
1867 3389 1923 3423 VI.
1957 3388 2042 3422 Val-

1301 3528 1343 3561 14
1365 3526 1580 3559 sanctissimis
1604 3527 1657 3558 cit.
1675 3524 1811 3566 Greqor.
1825 3535 1874 3565 ep.
1892 3524 1943 3562 13,
1956 3523 2004 3561 45]
2027 3519 2333 3571 sanctissimis-epi-

1254 3570 1362 3614 scopis
1386 3572 1476 3612 libri,
1499 3572 1587 3614 vuly.
1607 3569 1619 3612 ss
1650 3570 1690 3602 15
1715 3569 1759 3607 et]
1783 3578 1821 3599 ac
1848 3564 2022 3616 Greqor..}
2052 3567 2090 3599 16
2112 3575 2278 3616 episcopis
2300 3567 2335 3598 et

1255 3616 1384 3648 clericis
1401 3616 1551 3659 Θαρσῇ]
1584 3613 1746 3655 episcopis
1770 3614 1803 3643 et
1826 3610 1866 3643 de
1886 3610 2016 3643 clericis
2037 3609 2071 3643 V
2095 3612 2128 3641 et
2151 3609 2281 3642 clericis
2301 3611 2334 3643 R

113 3656 258 3699 Maqnus
279 3656 387 3698 Epist.
402 3657 454 3697 13,
468 3663 503 3688 45
526 3655 571 3688 11
584 3668 620 3699 p.
637 3658 723 3691 1252
747 3658 796 3690 ed.
813 3657 981 3692 Benedici
1009 3659 1188 3704 Exemplar
1255 3660 1384 3693 clericis
1402 3660 1557 3703 Tvu19.u
1581 3661 1616 3691 ιτ
1645 3657 1683 3701 fir
1703 3653 2051 3697 L·XL·11·(³1‘0)TI
2080 3655 2120 3688 ¹8
2145 3656 2214 3697 pu]
2237 3665 2334 3697 prae-

114 3701 347 3735 constitutionis
376 3701 423 3734 ad
446 3700 575 3734 Petrum
604 3703 716 3745 praefi
738 3709 844 3745 praee.
869 3704 994 3737 missum
1014 3705 1124 3746 fuisse
1148 3705 1195 3738 M
1256 3705 1341 3738 fecto
1363 3705 1428 3738 VT
1445 3715 1477 3747 p.
1494 3704 1527 3736 R
1545 3703 1558 3747 Ι
1574 3704 1615 3735 25
1640 3711 1717 3734 cuni
1740 3713 1799 3734 om.
1815 3700 1872 3743 ΤΠ
1888 3698 2096 3742 correptione
2120 3699 2153 3732 R
2169 3699 2183 3743 fl
2199 3699 2284 3732 hano
2305 3700 2341 3734 V

183 3754 232 3782 ¹¹¹·
2021 3757 2062 3788 75

2361 643 2401 676 10
