2476 3854
167 122 259 153 mx
287 121 374 153 PRO
402 120 698 153 nnm'romnus

1243 102 1326 151 8⁰3

2059 103 2171 160 App.
2186 102 2297 146 vni.
2327 102 2390 146 lx

1228 239 1315 276 vili

168 313 303 362 LEX
339 311 526 371 QUAE
561 310 751 361 DATA
786 310 918 362 EST
952 309 1084 360 PRO
1118 267 1578 360 DEBI'rORtssUS
1612 308 1687 359 IN
1719 306 1959 358 ITALIA
1992 307 2084 356 ET
2120 304 2385 357 SICILIA.

166 389 212 425 In
238 388 380 425 nomine
409 388 542 424 domini
571 388 684 424 nostri
713 387 797 424 lesu
827 387 962 424 Christi
990 386 1189 433 Imperator
1218 386 1352 423 Caesar
1380 385 1526 422 Flavius
1549 385 1769 422 lastinianus
1792 384 2049 420 Alamannicus
2072 383 2247 420 Gothicus
2269 382 2385 418 Fran-

168 434 267 470 cicus
297 434 531 470 Germanicus
561 433 737 477 <Anticus
768 433 963 473 Alanicus>
996 431 1241 469 Uuandalicus
1271 431 1469 467 Africanus
1503 431 1583 477 pius
1615 430 1704 467 felix
1736 430 1892 476 inclytus
1928 430 2043 466 victor
2072 438 2117 464 ac
2145 427 2386 473 triumphator

787 478 969 523 (semper)
991 478 1176 522 Augustus
1198 476 1307 513 Narsi
1329 476 1523 512 Panfronio
1547 479 1584 512 et
1605 475 1758 512 senatui.

302 545 392 581 Cum
422 554 562 590 semper

592 543 756 580 decursio
787 544 968 580 barbarici
994 544 1166 589 temporis
1191 544 1230 578 in
1261 553 1432 579 novarum
1461 552 1581 579 rerum
1606 557 1654 574 ο·
1668 557 1686 574 ο
1711 546 1749 578 et
1777 542 1958 578 veteribus
1989 541 2128 586 legibus
2158 540 2387 577 occasionem

166 590 338 637 praebeat
367 589 646 635 promulgandis,
676 589 901 634 generalibus
924 589 1104 625 hominum
1128 588 1402 624 difficultatibus
1424 588 1600 624 communi
1623 588 1778 624 remedio
1801 587 1991 623 subvenire
2013 596 2159 622 necesse
2182 587 2248 621 est.
2298 585 2384 621 Uni-

166 646 291 689 yersae
320 635 461 681 quidem
482 633 609 669 Italiae
639 644 706 670 nos
735 634 878 670 oblatae
909 644 1036 680 preces
1056 633 1271 678 generaliter
1293 636 1570 677 commoverunt,
1599 632 1819 669 feneraticiis

1841 632 2004 677 pecuniis
2026 631 2215 667 reddendis
2237 630 2385 676 aliquod

166 691 239 717 iam
261 689 421 716 annuere
443 678 667 724 postulantes
690 679 895 721 remedium,
918 689 964 715 ne
986 689 1053 724 per
1075 688 1280 714 communes
1303 678 1526 714 calamitates
1550 681 1587 713 et
1609 678 1784 713 reditibus
1807 677 1961 722 propriis
1982 676 2196 712 fraudentur
2218 679 2255 711 et
2274 674 2387 711 debiti

166 725 364 778 inpossibili
386 724 554 760 solutioni
577 724 824 759 succumbant.
873 724 1022 759 Talibus
1052 723 1175 776 itaque
1196 723 1365 775 precibus
1388 727 1587 758 annuentes
1608 723 1721 769 (per)
1742 726 1966 767 praesentem
1988 722 2101 767 legem
2125 721 2317 763 sancimus,
2338 723 2379 755 ut
2409 722 2452 756 1⁰

166 781 234 816 per
252 779 455 806 umversain
478 769 619 804 Italiam
642 773 751 813 atque
774 769 932 804 Siciliain
954 779 1021 814 pro
1043 771 1178 804 mutuis
1201 769 1370 814 pecuniis,
1395 778 1488 812 quae
1510 777 1625 812 usque
1647 768 1694 803 ad
1716 777 1831 812 nuper
1852 767 1986 802 factam
2008 766 2246 802 incursionem
2271 765 2301 800 F
2301 775 2384 801 ran-

167 825 290 851 corum
319 815 426 850 datae
454 816 663 856 noscuntur,
699 816 784 858 post
805 814 980 850 redditam
1004 814 1202 859 perfectam
1224 823 1350 858 pacem
1373 813 1497 848 ltaliae
1519 813 1661 857 expleto
1686 812 1939 858 quinquennio,
1962 814 2050 847 tunc
2073 814 2138 846 aut
2159 811 2275 846 media
2297 821 2384 856 pars

168 861 326 896 creditae
355 859 462 895 sortis
494 858 730 894 creditoribus
762 858 953 910 offeratur..
967 862 1051 911 ‘aut
1081 858 1307 893 medietatem
1332 868 1421 894 suae
1451 857 1692 899 substantiae,
1728 858 1759 892 si
1789 858 1858 893 hoc
1890 857 1923 892 el

167 905 350 947 creditori,
379 914 492 939 usura
516 903 682 938 videlicet
709 913 734 938 a
762 903 822 939 die
852 903 978 939 crediti

166 950 270 986 modo
294 952 470 985 cessante.
517 948 556 983 Si
579 957 672 992 quae
694 951 814 1001 autem
835 949 987 994 pignora
1007 958 1074 994 pro
1097 948 1218 984 debito
1242 948 1329 984 data
1350 958 1416 994 per

1924 857 2033 901 egerit
2064 856 2205 891 debitor
2213 882 2223 899 ,
2256 856 2383 891 offerat

1010 912 1124 948 usque
1153 903 1200 938 ad
1231 903 1448 948 completum
1478 903 1759 954 quinquennium
1788 902 1867 955 (in)
1895 902 1977 937 istis
1999 901 2254 955 ‘cona-actibus
2286 900 2385 936 omni

1439 947 1560 983 clades
1582 947 1710 983 Italiae
1731 949 1926 993 perierunt,
1957 956 2011 982 rei
2034 955 2255 982 communem
2277 955 2381 981 even-
2408 948 2450 981 15

166 996 243 1030 tum
272 996 344 1030 tam
374 993 514 1029 debitor
543 1003 649 1038 quam
680 993 836 1028 creditor
864 994 1008 1037 sentiat,
1036 995 1077 1029 ut
1105 1003 1173 1028 nec
1205 992 1361 1028 creditor
1379 1003 1446 1039 pro
1468 992 1604 1028 mutuis
1622 992 1786 1037 pecuniis
1809 992 1999 1027 convenire
2020 1001 2087 1026 nec
2110 991 2251 1026 debitor
2269 991 2384 1036 possit

166 1040 328 1075 actiones
361 1048 527 1074 exercere
558 1038 820 1083 pigneraticias.
868 1038 908 1074 Si
937 1048 1021 1074 vero
1052 1037 1202 1083 pignora
1231 1040 1391 1080 exstant,
1428 1038 1571 1073 debitae
1607 1037 1713 1072 eu'ani
1749 1037 1855 1072 sortis
1891 1047 1956 1082 pro
1991 1036 2137 1079 integi-Is
2172 1036 2382 1081 pignoribus

166 1085 297 1121 solutio
321 1084 532 1120 celebretur.

579 1082 714 1126 Quodsi
736 1093 821 1128 pars
844 1084 1033 1128 pignorum
1056 1083 1155 1119 salva
1177 1083 1391 1125 inveniatur,
1422 1093 1488 1128 pro
1511 1087 1592 1118 rata
1614 1082 1779 1127 portione
1801 1082 1910 1117 sortis
1931 1081 2039 1116 etiam
2063 1090 2147 1126 pars
2171 1081 2383 1116 creditorem

230 1131 349 1165 natur.
395 1128 435 1164 Si
463 1128 543 1173 quis
574 1137 658 1163 vero
690 1128 854 1164 datorum
885 1129 1074 1173 pignorum
1095 1128 1371 1173 magnitudinem
1395 1128 1586 1163 occasione
1609 1127 1788 1163 barbarici
1811 1126 2026 1172 (temporis)
2048 1126 2139 1161 lucri
2162 1136 2274 1161 causa
2295 1136 2382 1170 sup-

165 1184 323 1255 fflere
345 1175 409 1209 aut
432 1174 550 1208 celare
571 1172 724 1208 voluerit
746 1176 784 1208 et
805 1173 876 1209 hoc
899 1182 923 1208 a
946 1173 1107 1209 debitore
1130 1183 1210 1208 com
1235 1173 1358 1208 rohai-i
1379 1173 1547 1218 potuerit,
1577 1173 1711 1208 amisso
1732 1172 1853 1208 debito
1876 1172 2028 1217 pignora
2049 1170 2199 1206 reddere
2223 1171 2380 1215 compel·
2405 1173 2450 1206 2ο

263 1246 272 1254 .
318 1218 367 1254 Hi
388 1228 484 1261 vero,
507 1217 569 1262 qui
591 1217 843 1254 necessitatem
865 1218 977 1254 debiti
996 1217 1187 1253 facientem

166 1263 270 1301 bonis
298 1263 520 1308 temporibus
551 1261 630 1298 fieri
659 1262 755 1307 leges

1256 1218 1386 1253 neficia
1407 1219 1464 1254 vel
1482 1228 1610 1254 usuras
1629 1218 1668 1253 in
1691 1217 1811 1262 capite
1833 1217 1945 1252 debiti
1966 1217 2141 1260 redigunt,
2165 1216 2260 1260 quod
2276 1217 2384 1251 etiam

785 1263 928 1298 minime
958 1263 1155 1308 patiuntur,
1187 1273 1252 1308 per
1280 1263 1376 1298 hanc
1405 1263 1626 1299 sanctionem
1649 1262 1853 1299 huiusmodi
1874 1261 2087 1297 fraudentur
2108 1264 2309 1305 augmento,
2332 1261 2384 1295 ita

165 1309 340 1353 videlicet,
362 1311 415 1354 ut,
435 1307 606 1353 quidquid
628 1307 735 1343 etiam
757 1307 803 1344 de
822 1308 940 1344 usuris
961 1310 1000 1344 et
1022 1307 1205 1344 beneficiis
1229 1308 1368 1344 confert
1391 1323 1409 1339 ε
1422 1322 1440 1340 ι
1456 1323 1474 1339 2

1242 1485 1306 1521 IX.

166 1557 256 1602 Imp.
272 1555 328 1591 Pl.
346 1553 569 1591 lastinianus
584 1551 841 1588 Alamannicus
866 1553 1041 1589 Gothicus
1065 1553 1263 1589 Francicus
1288 1553 1525 1589 Germanicus
1546 1552 1700 1589 Anticus
1721 1553 1896 1589 Alanicus
1920 1552 2164 1589 Uuandalicus
2186 1552 2381 1588 Africanus
2406 1559 2449 1591 25

406 1600 488 1644 pius
510 1598 597 1634 felix
619 1598 765 1634 inclitus
787 1598 902 1634 victor
924 1608 968 1634 ac
990 1599 1230 1644 triumphator
1250 1608 1391 1644 semper
1412 1600 1599 1643 Augustus
1621 1599 1774 1634 Iohanni
1790 1609 1851 1644 pp.
1875 1608 1940 1644 per
1957 1599 2129 1634 Africam.

267 1712 277 1720 .
301 1666 491 1712 Cognitum
520 1665 625 1702 nobis
648 1668 703 1701 est
725 1664 822 1710 quod
844 1665 987 1711 quidam
1008 1666 1047 1701 iii
1069 1666 1253 1711 provincia
1274 1665 1449 1702 Africana
1470 1676 1545 1701 non
1567 1665 1799 1702 adtendentes
1823 1665 1999 1702 iussiones
2022 1670 2177 1708 nostras,

2200 1675 2291 1710 quas
2314 1675 2381 1710 pro

165 1712 376 1758 repetitione
406 1711 556 1746 fecimus
586 1710 812 1753 rusticorum,
845 1710 1061 1746 calumniam
1089 1720 1256 1746 exercere
1286 1721 1359 1746 non
1382 1715 1536 1754 cessant,
1562 1714 1765 1756 repetentes
1789 1711 1937 1747 colonos
1956 1710 2013 1746 vel
2029 1711 2186 1746 rusticos
2208 1711 2264 1746 vel
2286 1710 2380 1746 filios

165 1768 305 1800 eorum,
336 1757 398 1802 qui
427 1766 473 1791 ex
501 1755 658 1801 propriis
687 1756 795 1791 rebus
827 1758 912 1791 ante
940 1756 1132 1791 adventum
1157 1755 1352 1791 felicissimi
1380 1756 1563 1791 exercitus
1593 1756 1710 1792 exisse
1731 1759 1993 1800 monstrantur3
2026 1756 2091 1792 sed
2112 1759 2151 1791 et
2173 1755 2322 1791 clericos
2344 1755 2383 1791 in

165 1802 295 1839 officiis
317 1800 570 1837 ecclesiasticis
593 1800 808 1836 constitutos
831 1810 877 1835 ex
897 1801 976 1836 iure
1001 1800 1187 1836 colonatus
1209 1801 1402 1836 sollicitare
1421 1810 1496 1836 non
1518 1803 1672 1836 cessant.

164 1857 289 1884 sacros
317 1846 438 1891 apices
467 1845 713 1890 promulgasse
743 1843 873 1890 quibus
904 1845 1140 1886 definivimus,
1169 1849 1329 1891 tempore
1358 1855 1404 1881 ex
1426 1856 1496 1890 quo
1522 1846 1694 1881 deberent
1717 1846 1948 1891 repetitiones
1970 1845 2050 1881 fieri
2070 1845 2287 1881 rusticorum
2309 1846 2383 1881 sive

163 1892 390 1928 rusticarum.
435 1891 604 1926 Iubemus
626 1899 711 1935 ergo

734 1889 1012 1934 magnitudinem
1035 1894 1134 1925 tuam
1157 1891 1223 1926 bas
1248 1891 1443 1925 calumnias
1466 1891 1690 1944 repetitionis
1708 1891 1821 1926 modis
1839 1891 2002 1926 omnibus
2016 1891 2056 1926 in
2071 1890 2250 1926 Africanis
2267 1892 2382 1935 regio-

164 1937 271 1972 nibus
293 1939 481 1989 amputare
503 1938 541 1970 et
561 1935 697 1988 nullum
719 1935 955 1979 permittimus
980 1935 1189 1987 colonorum
1212 1938 1346 1987 statum
1383 1935 1481 1987 tani)
1503 1946 1541 1970 in
1564 1936 1648 1971 viris
1672 1945 1777 1980 quani
1799 1936 1838 1970 in
1861 1936 2068 1971 mulieribus
2091 1935 2145 1970 vel
2161 1935 2245 1971 filiis
2260 1946 2383 1972 eorum

165 1981 307 2017 sibimet
335 1979 517 2015 vindicare
548 1990 617 2014 msi
650 1989 694 2014 ex
724 1984 895 2024 tempore,
929 1990 1000 2024 quo
1030 1984 1125 2015 sicut
1156 1980 1308 2014 diximus
1331 1979 1351 2014 f
1395 1979 1560 2015 cissimus
1582 1984 1706 2015 noster
1728 1980 1909 2015 exercitus
1932 1979 2141 2016 Africanam
2163 1981 2381 2025 provinciam

165 2025 360 2062 auxiliante
390 2023 457 2059 deo
488 2026 612 2059 nostro
642 2024 689 2058 im

690 2023 790 2068 perio
820 2023 1030 2067 vindicavit3
1061 2024 1272 2059 clericorum
1301 2026 1422 2059 autem

165 2069 356 2107 statuimus
384 2068 464 2103 fieri
494 2068 657 2103 iubemus
685 2077 751 2103 nec
784 2067 934 2103 ulterius
957 2068 1119 2114 dilatari;
1143 2073 1351 2105 veternosas
1370 2069 1465 2104 enim
1502 2069 1568 2104 'tes
1591 2073 1629 2104 et
1652 2069 1898 2105 contentiones
1920 2079 1992 2105 non
2041 2070 2175 2104 atimur
2196 2071 2379 2123 protelari.

165 2115 342 2160 Quoniam
370 2118 490 2149 autem

521 2113 748 2158 cognovimus
778 2113 874 2148 viros
902 2113 1209 2158 eloquentissimos
1242 2113 1467 2158 supradictas
1497 2114 1673 2149 iussiones
1704 2117 1848 2149 nostras
1881 2124 1950 2158 gen

2029 2114 2107 2150 ’bus
2141 2115 2280 2158 legibus
2307 2125 2381 2150 non

164 2159 365 2213 praeferre,
385 2158 559 2211 ‘iubemus
589 2162 664 2210 tam
695 2158 909 2211 praeteritas
930 2158 1116 2211 ‚iuss-iones
1147 2168 1237 2210 quas
1268 2169 1335 2204 pro
1364 2158 1433 2193 hac
1458 2167 1568 2193 eausa
1589 2159 1890 2211 promulgavimus
1913 2169 2020 2204 quam
2037 2160 2131 2211 lianc
2154 2164 2379 2204 praesentem

164 2204 359 2241 iussionem
383 2214 420 2238 in
445 2203 625 2238 Africanis
644 2202 849 2246 regionibus
871 2202 961 2247 legis
983 2213 1095 2239 vicem
1117 2204 1281 2238 obtinere
1302 2206 1340 2238 et
1361 2203 1462 2238 nulla
1480 2204 1761 2249 praescriptione
1782 2204 1900 2248 legum
1920 2205 2136 2248 generalium
2160 2205 2379 2249 submoveri;

167 2250 232 2286 sed
263 2248 389 2284 edictis
420 2258 443 2283 a
474 2250 539 2283 tua
568 2246 811 2291 magnitudine
842 2247 1038 2292 propositis
1060 2247 1300 2292 innotescere,
1323 2252 1365 2283 ut
1386 2248 1503 2284 sciant
1526 2259 1648 2284 omnes
1670 2249 1835 2284 Africani
1857 2249 1999 2294 populi,
2022 2250 2089 2284 sub
2114 2259 2185 2293 qua
2206 2249 2377 2295 temporis
2402 2255 2447 2288 4⁰

165 2295 307 2330 cautela
335 2303 421 2329 suas
452 2293 608 2328 debeant
637 2302 702 2337 pro
733 2291 945 2336 repetitione
978 2292 1186 2328 colonorum
1214 2293 1271 2329 vel
1302 2293 1509 2329 colonatum
1539 2293 1614 2329 sive
1644 2294 1854 2329 clericorum
1882 2303 2048 2329 exercere
2070 2295 2241 2337 actiones,
2262 2304 2381 2339 poena

165 2339 321 2384 quinque
348 2337 521 2373 librarum
551 2337 630 2372 auri
662 2336 724 2381 qui
756 2340 883 2372 contra
911 2337 1007 2373 lianc
1032 2338 1226 2374 iussionem
1257 2338 1377 2374 venire
1406 2338 1658 2383 temptaverint
1689 2338 1869 2374 feriendis.
1919 2338 2094 2374 Divinitas
2117 2343 2154 2374 te
2178 2341 2294 2375 servet
2314 2349 2381 2383 per

165 2384 296 2420 multos
319 2392 444 2419 annos.
492 2382 574 2417 Dat.
598 2382 643 2416 X.
664 2382 699 2416 k.
726 2381 891 2417 Octobris
914 2382 1141 2418 Chalcedone
1171 2383 1254 2428 imp.
1278 2383 1336 2418 dn.
1356 2382 1546 2419 Iustiniani
1569 2385 1672 2429 (pp.)
1694 2384 1788 2427 Aug.
1813 2393 1907 2419 anno
1931 2383 2080 2419 XXXII.
2106 2394 2160 2429 pc.
2183 2383 2240 2420 Fl.
2257 2384 2383 2419 Basilii

166 2439 222 2466 vc.
245 2438 340 2464 anno
363 2426 477 2462 XVII.
501 2426 665 2462 ind.V11.

2218 2431 2267 2471 [a.
2292 2431 2381 2470 558]

299 2508 387 2551 App.
419 2507 512 2540 VIII
520 2514 608 2539 extat
624 2508 657 2539 in
678 2507 816 2540 Vindob.
829 2507 918 2541 2160
931 2508 966 2540 in
979 2508 1159 2551 appendice
1173 2507 1309 2549 Iuliani,
1327 2519 1366 2540 a
1381 2519 1444 2550 quo
1464 2508 1566 2540 edidit
1579 2507 1704 2541 Biener
1715 2507 1875 2541 Zei'trchr.
1886 2510 1921 2552 fi
1934 2510 2042 2552 qeach.
2056 2509 2215 2542 Rechtrw.
2225 2508 2330 2542 V352
2338 2521 2382 2541 ss.

298 2554 386 2596 App.
411 2552 471 2585 lx
490 2558 577 2584 errat
597 2552 630 2584 in
655 2551 780 2585 Iuliana·
801 2552 909 2585 codice
931 2550 1076 2586 Utinam·
1084 2554 1120 2596 fi
1136 2553 1196 2586 92'
1214 2559 1292 2596 post
1313 2559 1412 2586 const.
1434 2551 1494 2593 VI,
1516 2565 1555 2585 α·
1572 2564 1635 2596 quo
1650 2553 1754 2586 edidit
1769 2553 1900 2587 Haeriel
1914 2553 1996 2587 Ber.
2014 2554 2046 2586 d.
2062 2554 2179 2588 Sfichs.
2199 2553 2274 2588 Ges.
2292 2554 2382 2589 1852

162 2612 198 2643 p.
216 2599 258 2632 75
282 2605 313 2631 et
335 2597 457 2630 Iulian.
478 2609 513 2640 p.
530 2597 604 2630 225.

210 2733 233 2766 2
250 2730 286 2764 lx
309 2731 378 2764 cod.
409 2729 423 2772 Ι
456 2731 476 2763 3
501 2729 738 2762 Alamannicus
760 2729 878 2770 Kroll]
902 2728 1052 2762 alanicus
1076 2730 1146 2763 cod.
1173 2729 1187 2773 Ι
1215 2731 1238 2764 4

164 2775 382 2820 guandalicus
398 2775 468 2808 cod.
485 2774 498 2817 Ι
516 2776 536 2808 6
552 2774 601 2815 ἰιι]
614 2774 741 2806 intuitu
754 2774 959 2812 Zachariam
977 2775 1126 2807 lacunam
1138 2775 1242 2808 statui

163 2823 177 2865 Ι
192 2820 359 2854 veteribus
382 2821 459 2860 (non
474 2821 614 2860 sanum)]
632 2820 752 2852 veteris
770 2818 857 2852 iuris
872 2819 1059 2852 Zachariae
1073 2818 1087 2862 Ι
1106 2821 1125 2852 Ἰ
1141 2829 1237 2862 prae-

164 2866 267 2899 beant
289 2867 358 2899 cod.
375 2864 389 2907 Ι
406 2866 426 2899 8
450 2865 522 2904 nos]
546 2863 642 2896 nobis
657 2863 845 2897 Zachariae
861 2863 875 2907 Ι
891 2863 1002 2896 oblate
1019 2865 1089 2898 cod.
1104 2863 1118 2907 Ι
1135 2866 1157 2898 9
1180 2874 1239 2896 aii-

165 2921 268 2944 nuere
282 2910 395 2951 Kroll]
418 2918 558 2942 renuere
577 2910 646 2942 cod.
673 2908 825 2941 invenire
840 2909 980 2942 Skutsch
997 2909 1010 2951 Ι
1026 2909 1173 2941 reditum
1193 2927 1238 2934 -—

164 2954 340 2988 fraudetur
359 2973 403 2978 —
421 2953 622 2986 solutionem
645 2954 856 2986 succumbeat
879 2954 949 2986 cod.
974 2953 987 2997 Ι
1015 2955 1053 2987 11
1073 2963 1134 2996 per
1157 2954 1236 2987 add.

164 3001 270 3040 Beck,
293 3000 465 3042 praesente
487 2998 561 3040 lege
582 2998 798 3040 Zachariae}
819 2999 860 3031 12
887 2998 964 3030 data
984 2999 1084 3040 cad]
1104 2999 1145 3033 13
1168 3009 1236 3031 me-

164 3044 301 3079 dietatis
325 3045 408 3085 cod.‚
433 3056 517 3077 corr.
531 3043 720 3076 Zachariae
745 3044 998 3086 interpunctione
1018 3050 1092 3076 ante
1115 3043 1145 3075 si
1163 3046 1236 3077 sul>-

165 3090 266 3133 lata}
285 3090 327 3124 14
348 3098 466 3122 usuras
490 3089 559 3121 cod.
577 3088 590 3131 Ι
607 3098 627 3119 a
646 3087 699 3120 die
723 3087 922 3128 Zachariae]
946 3087 1061 3120 audiet
1083 3089 1153 3120 cod.
1170 3088 1184 3131 Ι
1200 3089 1236 3120 in
1270 3107 1272 3117 1

166 3135 244 3167 add.
260 3133 475 3175 Zachariae}
496 3134 536 3166 15
560 3135 739 3165 cessantem
764 3133 835 3165 cod.
852 3131 865 3175 ΙΙ
883 3132 912 3165 si
935 3142 1001 3173 qua
1023 3135 1136 3165 utrum
1155 3134 1236 3172 cad„

167 3190 250 3211 corr.
276 3179 370 3211 Beck
391 3177 405 3221 Ι
436 3179 478 3211 16
501 3177 675 3210 conueniri
699 3178 769 3211 eod.
792 3176 807 3218 Ι
835 3179 874 3211 17
898 3179 1038 3219 pignera
1061 3178 1131 3210 cod.
1156 3178 1170 3220 Ι
1196 3180 1237 3212 18

165 3222 284 3255 solatio
299 3223 369 3255 cad.
386 3221 400 3263 Ι
415 3222 591 3263 pignerum
616 3224 684 3255 cod.
703 3222 716 3264 Ι
731 3224 836 3255 ratam
857 3223 1044 3266 portionem
1056 3241 1099 3246 —
1112 3224 1237 3265 partem

165 3268 236 3300 cod.
260 3266 274 3309 Ι
301 3268 341 3300 19
364 3265 515 3298 datorum
539 3266 738 3308 Zachariae]
762 3271 911 3300 actorum
932 3269 1000 3300 cod.
1024 3268 1037 3308 Ι
1062 3268 1236 3310 pig-nerum

166 3312 236 3345 cod.
254 3311 267 3353 Ι
283 3311 487 3343 occasionem
507 3311 576 3343 cod.
592 3310 605 3353 Ι
623 3312 782 3354 temporis
797 3314 925 3352 addidi,
948 3311 1139 3345 barbaricae
1161 3312 1235 3357 <in-

166 3353 355 3399 cursionis)
379 3354 566 3388 Zachariae
582 3355 595 3396 Ι
612 3365 823 3398 suppremere
840 3358 910 3390 cod.
929 3356 943 3400 Ι
959 3358 1001 3390 20
1026 3357 1237 3400 comprobare

166 3401 237 3433 cod.
252 3399 266 3443 Ι
283 3400 422 3442 pignera
436 3401 507 3432 cod.
522 3399 535 3442 Ι
554 3400 595 3432 21
613 3399 808 3432 necessitate
819 3419 862 3425 ——
875 3401 1017 3434 faciente
1028 3402 1216 3436 Zachariae
1223 3414 1237 3441 ;

167 3457 210 3477 an
234 3446 462 3477 necessitatem
477 3463 513 3467 —
529 3443 716 3485 augentes?
738 3444 751 3486 Ι
774 3455 877 3477 usura
899 3447 968 3479 cod.
1017 3448 1060 3481 22
1078 3457 1236 3489 augmen·

166 3490 238 3523 tum
262 3491 332 3522 eod.
356 3493 371 3533 Ι
399 3490 440 3522 23
467 3490 547 3521 dala
570 3496 615 3521 est
638 3490 689 3522 lea:
709 3490 809 3531 paulo
830 3498 904 3532 post
928 3491 1120 3524 Francorum
1146 3495 1236 3525 inca-

1305 2731 2098 2818 ssfflzfflifflfflssj'io'ssss15³3&ss
2113 2731 2189 2816 ,ῗὲᾰῑ
2203 2730 2381 2808 „issimi

1306 2821 1377 2853 cod.
1402 2822 1415 2862 Ι
1440 2821 1482 2854 26
1506 2819 1699 2853 triumfator
1720 2822 1791 2854 eod.
1815 2820 1829 2864 Ι
1850 2820 1955 2854 africa
1978 2822 2048 2853 cod.
2066 2823 2080 2864 Ι
2098 2821 2140 2854 28
2166 2820 2381 2863 repetitiones

1306 2865 1378 2898 cod.
1405 2864 1420 2909 Ι
1449 2864 1584 2898 colonas
1614 2865 1671 2898 uel
1694 2865 1835 2898 rusticas
1859 2867 1943 2907 cod„
1973 2869 2080 2909 possis
2104 2867 2197 2899 etiam
2221 2865 2379 2908 (colonos

1306 2909 1358 2942 vel
1387 2909 1555 2953 rusticos)
1586 2910 1639 2942 vel
1663 2910 1797 2943 oolonas
1820 2910 1873 2943 vel
1897 2911 2037 2943 rusticas
2069 2911 2081 2951 Ι
2114 2911 2156 2943 29
2175 2912 2379 2942 monstratur

1306 2955 1376 2987 cad.
1395 2955 1408 2997 Ι
1424 2956 1465 2988 31
1492 2965 1602 2988 sacros
1625 2956 1747 2998 apices]
1771 2963 1818 2989 est
1840 2968 1918 3000 app.
1939 2955 1991 2989 VI
2002 2955 2015 2998 Ι
2039 2954 2250 2998 promulgare
2273 2957 2343 2987 cod.
2365 2954 2380 2999 Ι

1305 2999 1423 3032 debere
1446 3001 1517 3033 cod.
1546 3000 1559 3042 Ι
1585 3002 1782 3033 tusticorum
1805 3002 1876 3034 cod.
1899 3001 1944 3033 ni¹
1965 3000 1978 3043 fl
2005 3001 2047 3033 32
2078 2999 2246 3031 affricanis
2273 3001 2343 3032 cod.
2366 3002 2379 3041 Ι

1306 3045 1348 3078 33
1380 3043 1509 3077 millam
1533 3046 1616 3086 cod.,
1647 3044 1735 3078 nulli
1758 3046 1947 3078 Zachariae
1975 3044 1988 3087 Ι
2014 3047 2082 3076 tam
2111 3043 2148 3075 in
2171 3043 2254 3076 viris
2277 3053 2378 3085 quam

1307 3089 1424 3129 Kroll]
1446 3088 1484 3121 iii
1508 3089 1593 3122 uiris
1614 3092 1683 3122 tam
1706 3092 1791 3132 cod.‚
1823 3091 1860 3122 in
1883 3090 1964 3122 viris
1987 3091 2047 3121 aut
2065 3088 2255 3121 Zachariae
2286 3088 2300 3130 Ι
2331 3089 2373 3122 35

1305 3133 1378 3174 deo]
1400 3133 1535 3166 domino
1558 3135 1629 3167 cod.
1652 3135 1666 3178 Ι
1692 3145 1759 3177 quo
1782 3146 1801 3167 a
1824 3138 1970 3177 tempore
1992 3134 2112 3173 Kroll]
2145 3132 2225 3174 quia
2246 3135 2378 3175 tempus

1305 3179 1389 3219 cod„
1412 3188 1479 3220 quo
1498 3182 1645 3221 tempore
1660 3179 1847 3213 Zachariae
1863 3179 1876 3221 Ι
1894 3180 1935 3211 36
1960 3177 2106 3220 protelas
2122 3179 2191 3210 eod.
2211 3177 2225 3220 Ι
2240 3178 2283 3210 39
2299 3177 2377 3210 nul-

1305 3222 1373 3255 lam
1394 3225 1668 3266 prescriptionem
1692 3226 1759 3258 cod.
1779 3224 1791 3266 Ι
1809 3226 1851 3256 40
1875 3223 1943 3263 sed]
1965 3222 2023 3254 sed
2046 3224 2079 3254 et
2102 3221 2290 3255 Zachariae
2312 3234 2376 3255 aon

1306 3269 1388 3301 male
1410 3269 1424 3311 Ι
1448 3271 1488 3302 41
1510 3270 1724 3311 repetitiones
1747 3270 1816 3301 cod.
1834 3268 1847 3310 Ι
1872 3268 1915 3300 42
1938 3266 2079 3299 feriendi
2099 3267 2181 3305 cod„
2205 3278 2289 3299 corr.
2308 3266 2377 3299 Za·

1305 3314 1466 3357 chariaefl
1483 3315 1527 3348 43
1550 3316 1671 3347 subscr.
1696 3313 1844 3345 octubris
1868 3311 2044 3344 calcedona
2067 3310 2148 3353 imp.
2169 3311 2259 3344 donfi
2279 3310 2375 3343 iusti·

1305 3356 1406 3390 niano
1429 3359 1498 3391 aad.
1529 3358 1541 3394 Ι
1576 3357 1717 3390 XXXII
1747 3358 1946 3396 Zachariae]
1976 3354 2107 3388 XXII?
2140 3357 2211 3388 cad.
2235 3357 2376 3398 „palluit

1305 3404 1472 3436 numer-affl
1494 3402 1508 3447 Ι
1537 3405 1601 3445 pc.]
1625 3412 1713 3434 cons.
1738 3403 1807 3434 cod.
1836 3401 1849 3443 Ι
1876 3400 1975 3434 bmili
1997 3410 2050 3432 uc.
2071 3410 2159 3432 anno
2184 3400 2265 3433 XVI
2285 3400 2374 3432 inde.

1307 3447 1371 3479 VII
1395 3449 1464 3480 eod.

2078 3703 2136 3736 101
2153 3703 2172 3721 ⁸

1720 1801 1859 1836 Scimus
1879 1801 1973 1836 enim
1995 1811 2063 1837 nos
2084 1810 2152 1846 pro
2175 1801 2246 1836 liac
2271 1810 2382 1836 causa
2405 1806 2450 1839 30

1536 2025 1680 2060 titiones
1712 2035 1781 2069 quo
1813 2034 1838 2059 a
1865 2029 2026 2070 tempore
2053 2025 2187 2060 nostris
2217 2025 2381 2077 apicibus
2404 2030 2448 2063 35
