2592 3840
230 80 336 122 Nov.
367 80 490 122 XLII
517 83 542 121 2

231 188 500 234 ἐπειλημμένον,
532 187 613 224 ἀλλ’
640 192 695 223 ἔτι
728 185 864 230 ζῶντός
894 202 934 222 τε
957 192 1018 222 καὶ
1041 191 1082 222 ἐν
1104 192 1182 223 ταῖς
1203 188 1310 237 ἁγιω-

230 234 354 269 τάταις
388 234 588 277 ἐκκλησίαις
623 233 956 279 ἀνακηρυττομένου
992 234 1056 267 τοῦ
1092 234 1163 279 πρὸ
1201 233 1311 269 αὐτοῦ

231 279 298 323 τὴν
331 278 530 323 ἱερωσύνην
563 278 767 321 ἐσχηκότος,
799 277 899 324 παρὰ
929 276 970 312 δὲ
1000 279 1063 312 τοῖι
1088 277 1172 323 μετ’
1199 278 1312 314 αὐτὸν

230 326 293 368 τῆς
328 321 521 370 ἱερωσύνης
556 322 847 365 ἐκπεπτωκότος,
883 323 925 358 οὖ
962 323 1101 358 στάντα
1138 322 1178 358 δὲ
1209 327 1311 371 μέχρι

231 367 360 404 τούτου
382 368 506 413 μόνον,
536 365 616 403 ἀλλ’
644 366 710 411 ἠδη
743 370 803 401 καὶ
833 365 906 403 ὑπὸ
937 367 1061 402 κοινὸν
1088 365 1310 413 ἀναθεματι-

232 413 326 459 σμὸν
350 416 412 458 τῆς
435 412 638 460 ὀρθοδόξου
661 416 722 446 καὶ
745 410 940 456 καθολικῆς
964 411 1148 455 ἐκκλησίας
1169 411 1312 461 γενόμε-

232 471 307 501 νον,
341 462 401 493 καὶ
433 457 579 493 πολλῶν
615 455 697 501 ἡμῖν
728 456 886 502 βιβλίων
919 456 1148 503 βλασφήμων
1179 472 1220 493 τε
1250 462 1310 494 καὶ

232 501 532 558 ἀπηγορευμένων
556 500 790 547 ἐμπλήσαντα
817 502 860 537 τὸ
884 501 1093 548 πολίτευμα.
1142 502 1230 539 ὥςτε
1251 507 1311 539 καὶ

232 547 503 602 ἀπαγρρευομεν
520 545 635 582 ἅπασι
650 548 728 581 τῶν
745 544 854 581 αὐτοῦ
873 562 911 582 τι
926 549 1127 591 κεκτῆσθαι
1142 547 1309 594 βιβλίων,

1314 76 1399 124 266

1854 91 1916 122 DE
1943 91 2236 123 DnPOffl'noNn
2265 92 2458 125 ANTHIMI

1379 191 1451 225 huc
1474 190 1613 226 vivente
1636 193 1674 225 et
1695 190 1733 225 in
1758 189 1891 225 sanctis
1916 189 2077 226 ecclesiis
2100 190 2308 235 praedicato
2332 201 2374 226 eo
2395 191 2455 236 qui

1379 238 1462 270 ante
1485 245 1567 270 eum
1590 234 1829 270 sacerdotium
1851 234 1989 277 habuit,
2013 234 2059 270 ab
2082 245 2125 270 eo
2149 238 2270 270 autem
2292 235 2353 280 qui
2371 239 2455 280 post

1379 291 1460 316 eum
1486 279 1555 315 fuit
1578 279 1778 316 sacerdotio
1802 279 1996 323 cadentem,
2027 283 2063 315 et
2084 289 2151 314 nec
2170 282 2324 315 stantem
2343 290 2457 326 usque

1379 325 1426 360 ad
1442 325 1513 360 hoc
1528 325 1655 368 solum,
1672 325 1735 360 sed
1750 324 1857 360 etiam
1881 324 1948 359 sub
1966 324 2145 359 communi
2160 325 2455 362 anathematismo

1346 374 1364 405 5
1381 370 1602 406 orthodoxae
1626 369 1896 413 catholicaeque
1920 368 2093 404 ecclesiae
2112 368 2258 411 factum,
2282 373 2318 405 et
2335 369 2456 408 multis

1379 415 1482 450 nobis
1503 415 1604 450 libris
1621 414 1838 459 blasphemis
1862 415 1899 449 et
1917 413 2117 449 interdictis
2137 414 2344 459 implentem
2363 425 2454 450 rem-

1379 459 1571 504 publicam.
1618 459 1721 495 Unde
1755 459 1862 494 etiam
1896 457 2142 494 interdicimus
2178 459 2343 495 omnibus
2378 459 2456 497 eius

1380 504 1535 549 aliquem
1570 505 1704 539 habere
1739 504 1922 547 librorum,
1958 506 1996 539 et
2024 503 2130 539 sicuti
2164 513 2237 539 non
2271 504 2356 540 licet
2384 503 2457 540 Ne-

1380 549 1483 585 storii
1522 549 1695 594 scriptare
1733 551 1798 584 aut
1834 548 2018 594 possidere
2052 548 2182 591 libros,
2222 558 2265 584 eo
2304 549 2400 593 quod
2433 559 2457 584 a
2501 562 2504 564 ’

232 597 292 628 καὶ
316 605 433 639 ωςπερ
457 607 520 627 ουκ
542 593 659 633 ἔξεστι
683 591 728 626 τὰ
752 594 949 646 Νεστορίσυ
972 593 1123 647 γράφειν
1147 592 1168 636 ἢ
1191 596 1310 637 κεκτῆ-
1327 597 1367 629 10
1379 594 1557 639 prioribus
1587 594 1722 629 nostris
1751 594 2025 638 imperatoribus
2058 593 2096 628 in
2127 603 2251 628 eorum
2284 594 2456 629 constitu-

233 639 327 673 σθαι
349 638 491 682 βιβλιά,
522 635 616 671 διότι
639 640 713 671 τοῖς
735 650 806 682 προ
830 651 935 682 ημων
959 650 1240 684 αυτοκρατορσιν
1270 641 1311 673 ἐν

233 687 311 718 ταῖς
342 684 483 717 ἑαυτῶν
514 680 721 722 διατάξεσιν
750 680 851 723 ἔδοξε
879 686 952 717 τοῖς
983 682 1082 728 παρὰ
1106 687 1310 739 Πορφυρίου

233 727 325 762 κατὰ
342 728 578 771 Χριστιανῶν
600 728 796 774 εἰρημένοις
822 724 930 771 ὅμοια
953 727 1190 771 καθεστάναι,
1214 727 1310 763 ου’τω

232 771 324 817 μηδὲ
346 772 391 806 τὰ
418 772 568 819 Σεβήρῳ
600 772 765 818 ῥηθέντα
796 786 836 806 τε
866 776 927 807 καὶ
955 776 1143 819 γραφέντα
1217 777 1310 808 νέτω

1381 639 1537 674 tionibus
1560 639 1699 683 placuit
1722 649 1782 674 eos
1806 642 1843 674 et
1863 637 1919 673 his
1951 648 2042 683 quae
2065 648 2089 672 a
2113 638 2308 683 Porphyrio
2333 642 2459 675 contra

1381 683 1605 719 Christianos
1629 683 1725 719 dicta
1749 687 1834 719 sunt
1857 683 1988 718 similes
2013 683 2240 727 constituere,
2269 683 2322 718 ita
2344 693 2459 729 neque

1381 729 1503 768 Severi
1526 727 1621 763 dicta
1644 732 1681 764 et
1704 727 1839 773 scripta
1861 730 2029 763 maneant
2058 728 2155 773 apud
2178 728 2334 773 aliquem
2357 728 2458 765 chri—

1381 774 1547 816 stianum,
1580 773 1643 808 sed
1666 773 1739 809 sint
1759 772 1914 818 profana
1948 777 1984 807 et
2006 773 2123 808 aliena
2153 783 2176 807 a
2199 773 2376 809 catholica
2398 783 2458 810 ec-

233 819 331 864 παρά
348 831 421 851 τινι
435 818 659 862 Χριστιανῴ,
680 814 762 852 ἀλλ’
786 819 882 851 ἔστω
902 817 1039 862 βέβηλοι
1060 821 1120 852 καὶ
1138 816 1159 851 ἀ
1184 816 1310 872 λρτρια
1327 821 1366 854 15
1382 819 1490 853 clesia
1512 818 1656 862 ignique
1680 821 1952 853 concrementur
1981 827 2004 852 a
2030 819 2307 862 possessoribus,
2337 818 2371 854 si
2392 829 2457 859 no·

233 864 294 906 τῆς
314 861 509 904 καθολικῆς
529 860 724 905 ἐκκλησίας,
746 866 834 908 πυρί
851 876 891 896 τε
910 862 1103 909 φλεγε’σθ·ω
1119 876 1218 909 παρα
1232 876 1312 898 των

234 910 471 951 κεκτημένων,
507 907 538 941 εἰ
565 906 615 950 μὴ
645 906 840 952 βούλονται
875 906 1096 942 κινδυνεύειν
1130 908 1166 942 οἱ
1195 910 1312 942 ταῦτα

233 955 387 995 ἔχοντες·
418 966 441 999 γ
467 952 622 997 αφέσθω
646 965 686 986 τε
711 951 810 998 παρὰ
831 951 983 997 μηδενὸς
1005 952 1047 987 τὸ
1071 951 1200 989 λοιπὸν
1221 952 1312 998 μήτε

233 999 311 1032 τῶν
333 998 380 1031 εἰς
403 996 446 1031 κά
470 996 526 1051 λοΙς
555 995 646 1041 μήτε
669 999 746 1052 τῶν
777 998 825 1032 εἰς
847 995 1199 1054 τάχοςςγρὶαφόνταξν
1223 995 1313 1042 μήτε

1380 864 1460 898 lunt
1483 863 1660 899 sustinere
1683 862 1884 907 periculum
1908 861 1969 907 qui
1992 862 2083 897 haec
2106 862 2258 907 habent;
2297 863 2458 899 scriban-

1380 912 1510 952 turque
1534 918 1557 943 a
1579 908 1678 943 nullo
1702 907 1746 942 de
1771 911 1901 950 cetero,
1934 916 2049 951 neque
2072 907 2118 942 ab
2141 907 2198 942 his
2228 907 2289 952 qui
2310 907 2461 952 pulchre

1380 952 2146 1042 ssfituesisssstss⁹¹3333iafflissssissseffinffi
2166 951 2461 1042 ἓξὲῗηὲἒῖιῖἒῖῗέ

232 1040 340 1076 ἄλλου
364 1043 443 1077 τῶν
466 1055 621 1077 παντων
643 1054 751 1084 τινος,
784 1040 919 1077 εἰδότος
944 1054 990 1078 ως
1010 1055 1178 1099 αποκοπη
1200 1043 1314 1097 χειρός
1327 1046 1368 1078 20
1382 1047 1467 1078 sunt
1499 1042 1739 1078 scribentibus
1762 1051 1891 1087 poena.
1938 1041 2022 1077 Non
2043 1041 2139 1077 enim
2167 1042 2330 1078 volumus
2352 1043 2461 1079 etim

233 1090 338 1121 ἔσται
366 1091 440 1122 τοῖς
470 1086 518 1121 τὰ
539 1089 675 1121 ἐκείνου
704 1084 902 1134 γράφουσιν
925 1085 947 1131 ἦ
971 1087 1097 1132 ποινή·
1134 1086 1218 1122 ουδὲ
1245 1101 1313 1134 γαρ

233 1131 444 1177 βουλόμεθα
474 1135 534 1166 καὶ
557 1134 612 1175 τῷ
637 1131 836 1176 λειπομένῳ
867 1129 985 1178 χρόνῳ
1011 1131 1080 1176 τὴν
1103 1133 1141 1174 ἐξ
1165 1135 1315 1167 ἐκείνων

233 1177 258 1213 3
305 1176 547 1224 ἐπισύρεσθαι
567 1176 813 1222 βλασφημίαν.
857 1176 1006 1222 Ὁμοίως
1026 1176 1066 1212 δὲ
1090 1176 1135 1220 δὴ
1155 1181 1216 1212 καὶ
1235 1179 1315 1212 τοῦ·

233 1235 299 1257 τον
330 1225 512 1257 παντοίως
546 1219 817 1278 ἀσξαγορώομεν
850 1224 911 1266 τῆς
945 1236 985 1256 τε
1019 1221 1204 1267 βασιλίδος
1238 1224 1314 1258 ἐπι-

1381 1088 1516 1132 reliquo
1541 1089 1717 1133 <tempore
1740 1097 1785 1123 ex
1807 1087 1877 1122 illis
1901 1087 2064 1131 protrahi
2086 1086 2355 1132 blasphemiam.

1381 1177 1408 1214 3
1453 1177 1639 1222 Similiter>
1668 1179 1786 1213 autem
1817 1180 1854 1212 et
1874 1176 1959 1213 huic
1991 1177 2132 1212 omnino
2161 1176 2404 1215 interdicimus
2425 1180 2462 1213 et

1383 1223 1517 1268 regiam
1541 1223 1712 1258 accedere
1736 1222 1917 1258 civitatem
1939 1221 2086 1267 eiusque
2109 1221 2265 1258 confinia
2294 1224 2332 1258 et
2354 1223 2462 1261 aliam

233 1271 377 1312 βαίνειν
413 1266 550 1303 πόλεως
583 1281 605 1311 η
640 1265 856 1315 περιοικίδος
891 1266 999 1311 αὐτῆς
1030 1266 1134 1311 ἄλλης
1167 1281 1208 1320 τε
1238 1269 1316 1302 τῶν
1328 1270 1370 1303 25
1385 1268 1578 1312 quamlibet
1597 1267 1800 1311 insignium,
1822 1267 1886 1302 sed
1900 1267 1938 1302 in
1957 1268 2097 1303 deserto
2113 1267 2270 1312 quodam
2289 1269 2326 1303 et
2343 1267 2462 1312 quiete

235 1315 508 1358 ἐπισημοτέρων
530 1311 643 1354 τινός,
673 1309 752 1347 ἀλλ’
780 1315 820 1346 ἐν
843 1315 972 1358 ἐρημίᾳ
999 1316 1073 1346 τινὶ
1104 1316 1164 1346 καὶ
1187 1316 1316 1356 ησυχίᾳ

235 1359 431 1401 καθῆσθαι
454 1361 514 1392 καὶ
536 1356 584 1402 μὴ
608 1355 840 1406 διαφθείρειν
864 1358 1002 1403 ἑτέρους
1025 1355 1116 1402 μηδὲ
1139 1358 1187 1391 εἰς
1203 1356 1314 1402 βλασ-

235 1407 374 1448 φημίαν
398 1400 524 1437 αὐτοὺς
554 1400 649 1449 προά
672 1416 737 1444 ειν,
764 1400 854 1447 μηδὲ
881 1400 941 1437 ἇεί
968 1415 1005 1437 τι
1028 1402 1156 1438 καινὸν
1187 1402 1314 1448 ἐξευρί-

235 1460 335 1482 σκειν
371 1447 464 1482 κατὰ
498 1449 576 1482 τῶν
611 1445 633 1481 ἆ
656 1448 766 1500 ηᾷῶν
802 1446 1006 1494 δογμάτων,
1042 1446 1095 1482 δι’
1129 1438 1170 1482 οὗ
1205 1446 1315 1482 πάλιν

617 1493 627 1502 x

1385 1313 1509 1348 sedere
1540 1315 1577 1348 et
1605 1323 1677 1348 non
1702 1322 1932 1357 corrumpere
1963 1312 2052 1347 alios
2080 1322 2196 1357 neque
2226 1312 2274 1348 ad
2292 1311 2462 1357 ,blasphe-

1383 1358 1492 1393 miam
1528 1368 1589 1392 eos
1625 1357 1822 1403 producere
1853 1367 1967 1402 neque
1997 1357 2132 1402 aliquid
2161 1367 2301 1402 semper
2331 1366 2462 1394 novum

1387 1405 1513 1438 contra
1535 1413 1619 1438 vera
1643 1402 1809 1446 dogmata
1826 1402 1994 1447 reperire,
2018 1412 2084 1446 per
2103 1402 2199 1447 quod
2215 1412 2342 1438 rursus
2356 1401 2461 1439 nobis

1386 1448 1602 1484 conturbare
1627 1447 1871 1483 sanctissimas
1895 1447 2066 1483 ecclesias
2089 1447 2241 1483 studeat.

235 1490 320 1538 ἡμῖν
343 1491 563 1539 συνταράξαι
586 1504 651 1527 τας
673 1492 877 1539 αγιωτάτας
910 1491 1094 1536 ἐκκλησίας
1117 1491 1313 1528 σπεύσειεν.
1329 1495 1372 1528 30

1237 1582 1392 1618 CAPUT
1417 1583 1465 1618 11.

276 1635 326 1673 Οὔ
350 1636 421 1683 μὴν
444 1634 527 1690 οὐδὲ
548 1640 690 1683 Πέτρον
721 1637 788 1672 τὸν
809 1636 1009 1691 Ἀπαμείαῇ
1023 1637 1218 1685 γενόμενον
1241 1641 1315 1673 ἐπί-

1431 1638 1500 1673 Sed
1523 1648 1638 1683 neque
1660 1639 1807 1674 Petrum
1837 1639 1900 1683 qui
1922 1638 2095 1684 Apamiae
2122 1637 2192 1674 fuit
2212 1637 2404 1690 episcopus
2424 1640 2464 1675 et

236 1696 384 1724 σκοπόν,
414 1686 473 1716 καὶ
497 1696 573 1727 αμα
603 1685 671 1727 μὲν
695 1684 954 1731 καθῃρημένον
985 1697 1060 1728 αμα
1090 1682 1130 1719 δὲ
1160 1686 1220 1719 ἐπὶ
1243 1687 1317 1718 τοῖς
1386 1683 1493 1719 simul
1523 1683 1663 1727 quidem
1697 1683 1892 1728 depositus,
1926 1684 2029 1719 simul
2062 1687 2180 1719 autem
2209 1694 2247 1718 ιιι
2269 1683 2395 1719 iisdem
2423 1683 2463 1718 in

237 1727 357 1763 αὐτοῖς
392 1725 451 1774 ἐφ’
486 1727 536 1762 οἷς
566 1729 723 1774 Σεβῆρος
756 1727 826 1764 ὑπὸ
862 1727 928 1763 τὸν
962 1730 1149 1774 εἰρημένον
1179 1726 1316 1763 ἀναθε·
1387 1729 1517 1773 quibus
1533 1729 1684 1764 Severus
1709 1729 1775 1763 sub
1796 1729 2023 1764 anathemate
2047 1727 2167 1764 factus
2191 1730 2257 1771 est,
2275 1727 2462 1774 imperium

235 1772 419 1819 ματισμὸν
437 1771 672 1828 γενόμενοντξ
695 1772 862 1817 βασιλεία
879 1777 1079 1821 προςίεται·
1115 1771 1197 1808 ἀλλ’
1219 1776 1316 1808 ἔστω
1387 1774 1533 1818 recepit,
1570 1774 1633 1809 sed
1662 1773 1734 1808 sint
1762 1776 1843 1808 rata
1874 1774 1982 1809 etiam
2012 1783 2104 1818 quae
2135 1776 2261 1809 contra
2290 1782 2372 1809 eum
2400 1773 2461 1809 de-

236 1819 342 1864 κύρια
366 1821 425 1853 ,καὶ
449 1816 497 1851 τὰ
520 1815 602 1851 κατ’
631 1819 740 1852 αυτοῦ
771 1819 1028 1864 ψηφισθέντα,
1060 1822 1121 1852 καὶ
1149 1817 1221 1853 ὑπὸ
1250 1817 1317 1853 τὸν
1330 1821 1372 1854 35
1388 1822 1486 1854 creta
1509 1822 1604 1860 sunt,
1634 1821 1670 1853 et
1693 1820 1761 1855 Sub
1787 1829 1972 1854 commune
2003 1818 2177 1855 deductus
2206 1817 2461 1854 811813181ηῶ-

236 1862 361 1898 κοινὸν
388 1860 515 1905 ἀχθεὶς
550 1860 853 1908 ἀναθεματισμὸν
886 1859 953 1897 ὑπ’
989 1862 1101 1897 αὐτὸν
1132 1861 1316 1906 τετάχθω,
1387 1874 1482 1898 mum
1501 1864 1568 1899 sub
1589 1874 1631 1898 eo
1654 1864 1904 1907 constituatur,
1927 1863 2233 1899 sanctissimorum
2247 1862 2463 1908 pontificum

236 1910 298 1951 τῆς
325 1909 404 1942 τῶν
428 1905 644 1954 ἁγιωτάτων
674 1904 868 1954 ἀρχιερέων
891 1906 1138 1954 προελθούσης
1167 1906 1226 1944 ἐπ’
1255 1906 1316 1942 αὖ·
1386 1918 1495 1952 super
1527 1908 1579 1943 eis
1604 1908 1819 1952 procedente
1848 1908 2023 1944 sententia
2052 1912 2133 1943 rata
2156 1910 2331 1943 manente.
2378 1906 2461 1943 Non

236 1954 291 1998 τῷ
315 1952 437 1999 ψήφου
467 1956 588 1998 κυρίας
611 1950 853 1997 διαμενούσης.
903 1950 976 1988 Οὐκ
998 1955 1143 1999 ἐφίεμεν
1170 1951 1210 1987 δὲ
1232 1950 1317 1987 οὐδὲ
1384 1954 1533 1989 sinimus
1557 1957 1676 1988 autem
1706 1963 1772 1988 nec
1795 1953 1848 1988 illi
1870 1953 1966 1988 hanc
1988 1954 2153 1988 habitare
2180 1953 2314 1997 regiam
2338 1952 2461 1988 civita—⁴

237 1999 363 2041 ἐκείνῳ
388 1996 527 2040 ταύτην
558 1998 668 2031 οἰκεῖν
696 1996 764 2041 τὴν
785 1996 957 2042 βασιλίδα
988 1996 1099 2033 πόλιν
1121 1996 1145 2045 ἢ
1165 1997 1234 2042 τὴν
1258 1994 1319 2032 αὗ-

282 2081 354 2111 cap.
372 2069 393 2101 2
417 2079 538 2100 summa
552 2068 626 2109 finit
647 2066 685 2099 B
708 2068 775 2108 1,1‚
790 2074 825 2101 49
851 2080 890 2100 esc
915 2067 1039 2100 ΤΙιεοιί.
1065 2069 1121 2111 (cfi
1134 2066 1323 2100 Zachariae
1345 2062 1468 2100 ‘Beitn
1492 2079 1519 2099 z.
1546 2066 1634 2099 Krit.
1659 2078 1688 2099 u.
1714 2066 1832 2100 Restit.
1857 2067 1915 2099 der
1939 2060 2132 2100 Basiliken'
2162 2068 2246 2101 1877
2267 2079 2304 2110 p.
2316 2067 2349 2101 4.
2365 2066 2420 2108 14)

236 2145 478 2190 principatum
501 2147 600 2197 recte
622 2155 695 2179 non
718 2146 920 2188 acceperat,
952 2144 1016 2179 sed
1045 2144 1163 2180 adhuc
1194 2144 1332 2196 vivente
1363 2153 1404 2196 eo
1438 2145 1474 2178 et
1502 2143 1540 2177 in
1564 2142 1797 2195 sanctissimis
1825 2142 2263 2197 ecclesiis-commorante,
2295 2142 2356 2188 qui
2379 2144 2465 2178 ante
2485 2145 2530 2178 40

236 2201 356 2271 affl
380 2189 1255 2277 ffssiffidss'fflffifflbffittcfissnssi‘litsssstffix‘ffi
1268 2187 2464 2269 232⁰{affigefaciteam&ffissffifttassffmffitt¹13³ssssss

238 2280 540 2325 blasphemiisque
572 2283 608 2315 et
638 2279 961 2315 abominationibus
992 2280 1096 2315 nobis
1126 2279 1288 2324 politiam
1311 2278 1478 2324 implevit.
1537 2277 1655 2322 Quare
1678 2278 1851 2313 universis
1872 2278 2116 2314 interdicimus
2139 2277 2274 2324 aliquid
2296 2277 2340 2314 de
2361 2277 2464 2314 libris

237 2326 351 2371 ipsius
366 2325 561 2370 possidere,
586 2328 622 2360 et
637 2325 731 2360 sicut
753 2335 827 2360 non
849 2324 933 2360 licet
952 2324 1110 2360 Nestorii
1133 2324 1243 2359 libros
1268 2324 1425 2359 scribere
1447 2323 1503 2358 vel
1525 2323 1720 2368 possidere,
1745 2323 1829 2368 quia
1847 2322 2185 2367 praedecessoribus
2201 2323 2334 2359 nostris
2353 2323 2463 2369 impe·

238 2371 420 2406 tatoribus
443 2370 481 2405 in
505 2370 579 2405 suis
603 2370 917 2405 constitutionibus
948 2369 1063 2405 visum
1093 2373 1150 2405 est
1172 2372 1331 2405 statuere
1362 2367 1491 2404 similia
1514 2368 1569 2403 his
1595 2378 1686 2412 quae
1709 2368 1803 2403 dicta
1833 2371 1870 2403 et
1893 2367 2029 2413 scripta
2053 2373 2137 2404 sunt
2161 2379 2184 2403 a
2206 2367 2404 2414 Porphyrio
2422 2367 2464 2416 ‘in
2485 2369 2530 2404 45

240 2416 474 2459 Christianos,
498 2415 551 2450 sic
575 2425 641 2451 nec
665 2415 762 2451 dicta
785 2419 821 2449 et
844 2415 979 2461 scripta
1002 2415 1124 2450 Severi
1146 2418 1315 2450 maneant
1338 2424 1449 2459 penes
1473 2413 1627 2458 aliquem
1651 2413 1904 2455 Christianum,
1933 2413 1997 2448 sed
2019 2413 2091 2449 sint
2112 2413 2267 2459 profana
2290 2415 2327 2448 et
2348 2413 2479 2450 aliena

240 2463 286 2497 ab
309 2461 462 2496 ecclesia
486 2460 663 2495 catholica
685 2460 836 2505 igneque
860 2461 1117 2496 comburantur
1141 2470 1163 2495 a
1186 2459 1470 2504 possidentibus,
1504 2458 1574 2494 nisi
1605 2458 1668 2503 qui
1697 2458 1769 2493 ista
1791 2459 1928 2493 habent
1949 2457 2059 2493 velint
2079 2458 2277 2504 periculum
2299 2458 2385 2504 pati.
2430 2455 2465 2506 A

239 2506 380 2541 nemine
404 2516 486 2550 ergo
511 2506 717 2541 scribantur
740 2515 854 2550 neque
878 2506 924 2541 ad
946 2505 1247 2551 pulchritudinem
1270 2513 1385 2549 neque
1407 2503 1456 2539 ad
1478 2503 1699 2539 velocitatem
1724 2503 1965 2545 scribentium,
1994 2503 2138 2539 sciendo
2161 2503 2246 2549 quia
2267 2512 2325 2538 am
2351 2501 2464 2539 utati‘o

240 2561 365 2586 manus
390 2550 445 2585 his
470 2551 531 2595 qui
555 2551 689 2596 scripta
712 2551 789 2586 eius
813 2550 1022 2595 scripserint
1045 2560 1163 2595 poena
1185 2550 1268 2585 erit:
1305 2559 1421 2602 neque
1445 2549 1538 2583 enim
1561 2548 1722 2583 volumus
1747 2548 1783 2583 in
1803 2547 1924 2583 futuro
1948 2551 2109 2593 tempore
2137 2557 2182 2584 ex
2204 2547 2274 2583 illis
2296 2547 2320 2584 b
2376 2547 2464 2594 phc-

240 2596 266 2631 3
311 2596 417 2629 miam
441 2595 611 2639 protrahi.
705 2595 872 2630 Similiter
895 2598 1015 2630 autem
1039 2598 1076 2631 et
1098 2596 1182 2630 huic
1204 2594 1450 2630 interdiclmus
1483 2593 1625 2629 omnino
1649 2593 1781 2637 regiam
1813 2593 1991 2629 civitatem
2012 2593 2149 2638 ingredi
2180 2594 2244 2628 aut
2266 2592 2464 2641 districtum
2487 2593 2550 2635 50„

241 2641 317 2676 eius
342 2650 408 2675 nec
432 2640 586 2684 aliquam
616 2640 722 2675 aliam
754 2640 798 2675 de
828 2640 1039 2683 insignibus,
1070 2641 1133 2675 sed
1162 2640 1200 2675 in
1229 2639 1350 2684 aliqua
1381 2638 1571 2675 solitudine
1600 2642 1635 2674 et
1664 2638 1702 2673 in
1732 2638 1871 2673 silentio
1901 2638 2041 2681 sedere,
2075 2639 2110 2674 et
2140 2648 2214 2674 non
2238 2644 2465 2683 corrumpere

243 2690 380 2721 ceteros
404 2694 518 2728 neque
549 2685 585 2719 in
609 2685 865 2730 blasphemiam
896 2685 994 2729 ipsos
1018 2685 1206 2726 adducere,
1239 2687 1277 2719 et
1299 2695 1372 2719 non
1404 2693 1543 2729 semper
1572 2683 1707 2728 aliquid
1739 2683 1819 2718 novi
1842 2682 2001 2718 invenire
2032 2685 2157 2718 contra
2179 2692 2264 2718 vera
2287 2682 2464 2727 dogmata,

242 2740 307 2776 per
331 2729 426 2774 quod
449 2740 573 2764 rursus
598 2730 701 2764 nobis
725 2731 941 2765 conturbare
963 2730 1207 2765 sanctissimas
1231 2729 1402 2764 ecclesias
1425 2728 1581 2764 festinet.

377 2774 424 2809 11.
484 2773 553 2809 Sed
583 2784 649 2809 nec
673 2774 818 2809 Petrum
847 2774 1053 2819 episcopum
1076 2775 1258 2819 Apameae
1288 2776 1325 2809 et
1356 2774 1462 2809 simul
1494 2773 1692 2819 depositum
1724 2776 1760 2808 et
1791 2772 1895 2807 simul
1924 2772 1974 2807 ab>
1998 2771 2086 2817 ipsis
2117 2781 2139 2807 a
2164 2771 2292 2816 quibus
2315 2771 2465 2808 Severus
2536 2808 2538 2810 ,

243 2821 311 2856 sub
341 2818 525 2864 praedicto
555 2820 781 2854 anathemate
812 2819 948 2853 factum
978 2820 1165 2864 imperium
1193 2819 1359 2861 admittit,
1397 2819 1461 2853 sed
1493 2818 1565 2853 sint
1593 2817 1740 2863 propria
1771 2822 1898 2852 contra
1928 2817 2045 2862 ipsum
2076 2816 2303 2859 sententiata,
2339 2819 2376 2852 et
2405 2815 2466 2862 qui
2486 2817 2534 2850 58

243 2867 310 2901 sub
345 2863 522 2899 communi
553 2864 847 2899 anathematismo
880 2864 1066 2899 ordinatus
1095 2868 1167 2906 est,
1199 2864 1267 2899 sub
1295 2864 1374 2908 ipso
1407 2866 1495 2906 esto,
1527 2865 1564 2898 et
1593 2862 1770 2898 sententia
1799 2861 2100 2897 sanctissimorum
2133 2860 2341 2915 pontificum
2373 2870 2466 2906 quae

242 2912 359 2955 ipsum
389 2909 574 2953 praevenit
602 2908 705 2943 firma
735 2912 952 2952 permaneto.
1010 2909 1135 2952 Neque
1166 2919 1248 2944 vero
1278 2908 1514 2952 permittimus
1544 2907 1594 2942 illi
1623 2908 1718 2942 hanc
1748 2907 1879 2950 regiam
1910 2907 2034 2942 urbem
2066 2906 2229 2941 habitare
2259 2907 2325 2941 aut
2353 2905 2466 2951 ipsius

1393 2988 1486 3019 etiam
1500 2986 1648 3028 librum„
1673 2986 1778 3018 libros
1792 2987 1870 3020 libri
1885 2985 1898 3029 ΙΙ
1914 2988 1935 3020 9
1946 2986 2092 3028 *scripta
2105 2986 2138 3018 T
2153 2985 2351 3028 scripturam
2363 2984 2468 3019 Neob-

1391 3031 1631 3073 scripturarum
1662 3031 1697 3063 V
1712 3030 1724 3074 ss
1757 3032 1794 3064 11
1822 3030 2021 3072 Porphyrio]
2046 3030 2285 3073 porphirioque
2310 3029 2467 3072 Twa„

292 2992 307 3023 1
334 3001 374 3022 τε
397 3001 455 3021 om.
470 2989 501 3021 L
531 2987 544 3030 ΙΙ
571 2990 592 3021 4
616 2985 877 3021 ἐκπεπτωκότα
900 2988 953 3023 L:
974 2987 986 3030 ΙΙ
1015 2989 1096 3030 asq.
1110 2984 1322 3030 βιβλίων-

243 3032 446 3077 κεκτῆσθαι
470 3033 583 3066 om.M
605 3031 618 3076 11
645 3034 683 3066 12
709 3029 926 3073 διατάξεσιν]
942 3034 983 3074 cs.
1003 3031 1080 3065 God.
1097 3033 1125 3073 1,
1146 3041 1172 3072 1,
1186 3039 1211 3065 3.
1228 3038 1287 3072 5‚6
1311 3030 1323 3075 ΙΙ

248 3083 287 3115 12
296 3093 344 3123 sq.
358 3080 432 3112 τοῖς
443 3097 487 3102 -
499 3077 705 3128 εἰρημένοις]
731 3080 763 3109 et
781 3077 833 3109 his
852 3087 936 3117 quae
949 3095 991 3100 —
1004 3076 1093 3108 dicta
1117 3078 1196 3108 sunt
1220 3088 1239 3112 ς
1270 3076 1323 3107 his

245 3136 330 3168 quae
342 3124 432 3157 dicta
444 3125 476 3156 et
489 3125 611 3166 scripta
623 3124 702 3154 sunt
723 3123 735 3154 l
751 3120 764 3166 ΙΙ
783 3123 823 3155 14
842 3118 958 3163 *μήτε
982 3121 1060 3154 libri
1073 3122 1085 3161 11
1102 3119 1160 3161 τὰ]
1183 3120 1262 3153 τῶν
1275 3120 1322 3153 L²

244 3171 311 3205 τὸν
323 3169 372 3203 L²
388 3168 401 3213 ΙΙ
418 3167 579 3212 σευήρων
592 3167 639 3200 L¹
655 3167 668 3211 ΙΙ
689 3168 729 3200 18
739 3180 786 3209 sq.
800 3163 909 3209 *μηδὲ
920 3184 965 3189 -
975 3162 1067 3208 μηδὲ
1079 3166 1155 3198 libri
1171 3165 1184 3209 ΙΙ
1203 3167 1241 3198 19
1256 3162 1322 3198 τὸν

245 3216 293 3250 εἰς
304 3212 410 3256 τάχος
426 3214 455 3248 C
470 3212 483 3258 ΙΙ
508 3212 767 3259 γραφέντωνΙ,
790 3212 802 3253 ll
824 3208 914 3254 μήτε
927 3211 985 3263 Μ]
1009 3207 1101 3253 μηδὲ
1114 3210 1181 3243 Lo
1201 3209 1212 3252 ΙΙ
1233 3208 1322 3261 μήτε

245 3258 353 3295 ἄλλον
362 3278 406 3284 ——
418 3255 517 3292 τινὸς
531 3271 588 3291 οηι.
599 3258 612 3291 l
623 3257 634 3302 ΙΙ
648 3259 690 3290 20
701 3253 798 3290 τινὸς
809 3255 887 3289 τῶν
900 3267 1052 3290 παντων
1065 3255 1092 3288 C
1107 3254 1119 3298 ΙΙ
1137 3256 1178 3288 23
1191 3266 1322 3287 τουτον

251 3307 308 3347 oc]
332 3304 441 3338 τοῦτο
455 3303 526 3336 ML
543 3302 557 3347 ΙΙ
574 3304 616 3337 25
637 3299 741 3342 ἄλλης
754 3303 805 3342 τε]
827 3299 848 3342 ἢ
867 3298 971 3342 ἄλλης
988 3300 1030 3333 τὲ
1041 3300 1082 3339 L,
1107 3300 1148 3332 τε
1168 3300 1229 3333 del.
1245 3299 1292 3332 12²
1310 3298 1323 3343 ΙΙ

247 3354 288 3385 27
315 3349 476 3391 καθῆσαι
503 3349 533 3381 L
548 3347 561 3392 ΙΙ
588 3349 630 3382 28
654 3344 763 3380 αὐτοῦ
787 3345 864 3386 L¹n
890 3347 932 3379 29
956 3341 1111 3386 ἀληθῶν
1126 3344 1214 3384 ΜΟ]
1239 3341 1321 3384 ἀλη-

247 3395 371 3429 θινῶν
397 3396 426 3427 L
445 3393 458 3438 ΙΙ
480 3395 522 3428 33
547 3390 712 3439 σευὴρρος
735 3392 781 3424 L*
807 3389 820 3435 ΙΙ
841 3387 914 3424 ὑπὸ
938 3388 1003 3423 τὸν
1027 3389 1213 3435 εἰρημένον
1236 3385 1320 3421 ἀνα-

248 3438 479 3485 θεματισμὸν
505 3439 561 3479 Μ]
595 3433 667 3472 ὑπὸ
691 3435 734 3470 τὸ
759 3436 944 3481 εἰρημένον
969 3430 1139 3477 ἀνάθεμα
1163 3434 1231 3468 Lo
1260 3432 1320 3465 sub

247 3487 456 3518 anathemate
477 3495 496 3520 ς
513 3484 525 3527 ΙΙ
549 3485 590 3517 35
604 3479 675 3517 ὑπὸ
686 3482 764 3515 τῶν
778 3480 911 3514 κοινῶν
923 3480 955 3513 L
971 3479 976 3524 Ι
1010 3482 1052 3514 36
1069 3478 1218 3533 ταχθεὶς
1240 3479 1269 3512 C
1279 3479 1290 3510 l
1311 3478 1322 3522 [Ι

248 3529 430 3572 τετάχθω]
455 3529 551 3562 ἔστω
568 3530 597 3563 C
620 3529 633 3571 ΙΙ
663 3529 704 3562 37
727 3524 786 3561 ἐπ’
804 3522 959 3568 αὖτῷΜ
989 3526 1000 3566 ]
1026 3525 1072 3558 ἐπ
1104 3521 1222 3557 αὐτοῖς
1239 3524 1289 3559 Cf

297 3623 311 3653 1
332 3621 393 3652 *in
407 3623 536 3652 sanctas
547 3619 699 3652 ecclesias
718 3619 794 3651 libri
807 3617 819 3659 Η
837 3619 858 3650 4
871 3616 913 3649 ad
932 3616 994 3648 hoc
1008 3615 1102 3656 Tal.]
1127 3615 1169 3647 ad
1187 3614 1253 3646 huc
1271 3613 1323 3656 Vss

251 3676 422 3698 commune
448 3667 524 3698 libri
551 3665 564 3707 ΙΙ
595 3666 616 3698 6
637 3662 804 3696 blasfemia
837 3662 870 3695 V
889 3659 902 3705 ΙΙ
940 3662 959 3694 8
983 3659 1169 3692 *librorum
1199 3660 1323 3703 (possis

1389 3074 1588 3118 porfflioque
1609 3075 1659 3108 V⁰
1682 3074 1884 3117 porfirioque
1907 3074 1954 3108 V¹³
1972 3074 1985 3119 ΙΙ
2002 3076 2044 3108 14
2061 3076 2235 3117 prophana
2255 3073 2310 3119 Vss
2327 3074 2467 3108 chatho-

1391 3119 1456 3152 lica
1472 3118 1526 3164 Vu
1548 3122 1588 3152 15
1601 3121 1853 3152 concrementur
1866 3119 2146 3162 appossessoribus
2163 3119 2194 3152 V
2205 3120 2217 3162 ΙΙ
2239 3120 2279 3153 17
2293 3120 2333 3152 de
2342 3120 2465 3162 cetero]

1390 3164 1522 3197 decreto
1544 3163 1600 3206 Vll
1629 3165 1669 3197 19
1693 3173 1833 3205 magnus
1854 3163 1908 3207 VH
1935 3166 1975 3197 21
2001 3166 2148 3205 tempore
2172 3182 2214 3187 —
2237 3165 2280 3197 23
2303 3160 2467 3198 Similiter
2534 3211 2540 3213 ‚

1389 3210 1539 3252 supplevi
1545 3221 1554 3248 ;
1581 3210 1700 3242 hiatum
1724 3220 1787 3241 non
1811 3215 1924 3241 nolant
1947 3209 2025 3242 libri
2051 3207 2064 3251 ΙΙ
2094 3209 2135 3242 25
2160 3208 2331 3250 insignum
2362 3208 2427 3243 VT
2453 3207 2467 3253 ΙΙ

1390 3255 1431 3287 27
1457 3253 1596 3294 aliquid]
1620 3252 1713 3285 aliud
1735 3253 1768 3285 V
1781 3252 1823 3284 ad
1846 3251 1901 3297 ΤΙΙ
1925 3254 1968 3287 29
1989 3253 2182 3286 conturbari
2204 3253 2306 3298 libr-in
2334 3254 2378 3288 32
2398 3252 2466 3287 hiu-

1390 3298 1463 3331 dem
1484 3298 1547 3331 VT
1568 3298 1580 3340 11
1608 3300 1649 3332 33
1674 3296 1805 3330 seuenis
1825 3297 1859 3330 V
1882 3298 1893 3339 ΙΙ
1925 3299 1968 3332 34
1989 3298 2049 3341 leq.
2070 3298 2214 3340 recipit?
2235 3297 2248 3342 ΙΙ
2279 3299 2322 3333 38
2345 3297 2419 3331 illio
2437 3296 2474 3332 V
2537 3304 2540 3306 '

1435 3389 1479 3421 40
1496 3389 1730 3428 commorante]
1749 3389 2001 3420 commemorato
2015 3387 2130 3420 Mansa*
2151 3385 2164 3431 ΙΙ
2180 3388 2219 3421 41
2235 3396 2340 3428 usque
2357 3386 2466 3419 adhue

1389 3432 1494 3473 stetit]
1518 3443 1709 3475 progressus
1727 3433 1791 3464 huc
1806 3442 1910 3473 usque
1928 3431 2077 3465 substitit
2098 3432 2213 3465 Mami
2237 3430 2249 3475 ΙΙ
2278 3433 2321 3465 42
2345 3430 2463 3471 fantus]

1389 3477 1517 3519 positus
1531 3478 1646 3511 Μαπει·
1655 3476 1668 3522 ΙΙ
1678 3478 1722 3511 43
1734 3476 1898 3519 politiam]
1911 3476 2148 3519 rempublicam
2158 3477 2274 3510 Man-*ti
2281 3473 2294 3520 ΙΙ
2306 3477 2350 3510 44
2361 3475 2465 3518 ipsius

1389 3522 1556 3564 possidere
1569 3523 1695 3563 Mami]
1716 3521 1822 3564 ipsius
1832 3522 1991 3564 possideri
2006 3522 2139 3556 cantius
2155 3520 2169 3564 ss
2186 3523 2227 3555 47
2243 3520 2306 3553 ista
2322 3519 2463 3560 contiuo]
2505 3534 2518 3540 -
2565 3498 2582 3541 Ῐ·

1390 3568 1461 3609 ipsa
1476 3568 1590 3601 Mansi
1604 3567 1617 3611 ΙΙ
1643 3571 1684 3602 55
1702 3567 1837 3607 factum]
1861 3567 2005 3609 positum
2020 3567 2135 3600 Mami
2148 3566 2161 3610 u
2185 3566 2330 3608 propria]
2355 3563 2463 3597 valida

1391 3622 1475 3654 quae
1490 3613 1605 3646 illarum·
1628 3612 1641 3656 ΙΙ
1661 3611 1876 3655 sententiata]
1901 3611 1994 3645 fuere
2011 3613 2137 3646 statuta
2149 3611 2267 3646 Mami
2280 3610 2294 3655 ΙΙ
2310 3611 2353 3644 56
2372 3607 2461 3642 ordi-

1391 3659 1500 3698 natus]
1524 3659 1650 3699 positus
1674 3657 1791 3691 Man-ei
2335 3660 2340 3663 ’
