2592 3840
238 71 344 116 Nov.
369 71 465 115 VIII
494 71 780 115 Iusiurandum
1310 65 1365 114 90
1613 80 1673 111 nr
1700 79 1876 111 mmcns
1903 78 2002 111 snm
2029 78 2275 111 senensem
2301 76 2439 112 rums
2503 64 2513 71 ‘⁴

238 180 297 217 δὸς
318 184 378 216 καὶ
396 185 548 228 γνησίαν
570 179 732 215 δουλείαν
753 178 895 235 φυλάξω
919 182 990 213 τοῖς
1017 176 1218 213 θειοτάτοις
1239 181 1299 213 καὶ
1365 187 1574 222 manumque
1609 177 1789 213 servitium
1823 187 1879 212 me
1919 179 2141 213 servaturum
2183 177 2430 215 sacratissimis

238 223 499 271 εὖσεβεστάτοις
529 222 630 279 ἡμῶν
659 223 848 260 δεσποταιε
868 221 1108 267 Ἰουστινιανῷ
1131 225 1191 257 καὶ
1216 225 1297 258 θεο-
1365 222 1497 258 nostris
1522 222 1670 258 dominis
1690 221 1884 258 Iustiniano
1908 225 1944 257 et
1958 221 2166 257 Theodorae
2191 223 2333 267 coniugi
2355 222 2431 259 eius

237 269 354 318 δώρᾳ,
382 272 426 315 τῆ
451 268 611 318 ὁμοζυγῳ
635 271 696 305 τοῦ
722 267 830 303 αὐτοῦ
852 267 1010 316 κράτους,
1039 267 1215 314 προφάσει
1238 269 1298 310 τῆς
1366 267 1552 303 occasione
1581 266 1733 302 traditae
1767 266 1853 302 mihi
1883 266 1929 302 ab
1963 276 2083 302 eorum
2117 267 2248 311 pietate
2282 267 2429 304 admini-

238 308 522 364 παραδεδομένης
543 328 604 360 μοι
628 313 723 359 παρὰ
747 315 806 357 τῆς
830 312 952 347 αὐτῶν
974 311 1151 357 εὐσεβείας
1178 310 1296 359 ἀρχῆς·
1366 311 1563 355 strationis3
1596 315 1631 346 et
1658 320 1796 346 omnem
1824 311 1983 347 laborem
2013 321 2056 347 ac
2086 311 2250 347 sudorem
2273 322 2354 348 cum
2374 311 2430 348 fa-

237 363 296 394 καὶ
327 360 446 395 πάντα
475 359 588 396 πόνον
618 363 676 393 καὶ
705 356 865 402 κάματον
894 356 975 402 μετ’
1002 356 1138 391 εὐνοίας
1162 355 1298 391 ἀδόλως
1332 361 1350 392 5
1364 366 1446 393 vore
1476 356 1551 391 sine
1581 355 1661 391 dolo
1685 358 1722 390 et
1753 355 1829 391 sine
1857 360 1934 391 arte
1964 366 2185 401 quacumque
2215 357 2370 402 suscipio
2393 358 2429 392 in

238 407 295 439 καὶ
319 403 399 448 δίχα
421 408 542 448 τέχνης
564 403 658 438 τινὸς
680 401 894 446 ἀναδέξομαι
919 404 977 436 ἐπὶ
999 403 1043 449 τῇ
1062 399 1226 449 bostelen}
1235 414 1296 446 μοι
1365 401 1552 437 commissa
1574 400 1660 435 mihi
1684 400 1729 435 ab
1753 400 1804 436 eis
1827 400 2132 436 administratione
2155 401 2198 437 de
2221 411 2343 437 eorum
2365 401 2428 437 im-

238 448 327 497 παρ’
355 448 476 484 αὐτῶν
486 448 573 497 ἀρχῆ
596 446 684 494 ὑπὲρ
700 449 760 490 τῆς
779 445 900 481 αὐτῶν
918 446 1099 490 βασιλείας
1116 449 1176 480 καὶ
1199 446 1295 482 πολι-
1391 446 1462 481 erio
1480 449 1585 490 atque
1602 444 1796 489 republica.
1830 445 1880 481 Et
1896 445 2171 482 communicator
2187 456 2264 482 sum
2284 450 2430 483 sanctae

240 498 340 529 τείας.
387 497 458 528 Καὶ
480 486 683 528 κοινωνικός
705 494 776 536 εἰμι
799 493 842 539 τῇ
867 489 949 538 ἁγία
978 493 1042 525 τοῦ
1066 491 1156 525 θεοῦ
1186 491 1296 526 uasto·
1365 457 1422 526 gei
1446 491 1641 526 catholicae
1658 492 1694 524 et
1716 490 1935 535 apostolicae
1954 490 2135 534 ecclesiae,
2159 494 2196 526 et
2213 491 2310 528 nullo
2326 491 2431 528 modo

239 539 314 583 λικῆ
339 542 397 572 και·
421 537 634 581 ἀποστολικῆ
658 535 838 579 ἐκκλησίᾳ,
871 539 930 570 καὶ
957 534 1040 570 κατ’
1067 534 1196 571 οὐδένα
1219 535 1296 583 τρό-
1365 535 1419 570 vel
1447 539 1604 579 tempore
1628 534 1843 570 adversabor
1873 535 1922 576 ei,
1952 545 2018 571 nec
2048 535 2155 571 alium
2178 546 2430 582 quemcumque

237 575 308 618 πον
330 582 351 626 ἢ
373 583 500 630 χρόνον
524 574 739 617 ἐναντιωθᾱὶ
764 578 870 628 αὐτῇ,
898 577 980 614 οὐδὲ
1001 579 1097 624 ἄλλῳ
1120 584 1194 615 τινὶ
1217 592 1296 627 συγ·
1314 583 1352 615 10
1364 580 1547 625 permitto,
1578 580 1748 624 quantum
1771 579 2041 625 possibilitatem
2063 580 2190 616 habeo.
2236 581 2320 617 Iuro
2344 591 2429 626 quo-

237 628 403 675 χωρὴσω,
437 625 527 663 καθ’
554 626 639 660 ὅσον
663 624 838 670 δυνάμεως
860 627 940 667 ἔχω.
981 623 1132 670 Ὄμνυμι
1156 623 1195 659 δὲ
1217 625 1298 659 τοὺς
1365 635 1432 669 que
1455 624 1547 660 idem
1568 624 1823 667 iusiurandum,
1848 624 1932 669 quia
1948 626 2036 660 nulli
2058 625 2200 678 penitus
2217 636 2332 671 neque
2351 626 2430 662 dedi

237 672 363 707 αὐτοὺς
385 672 515 719 ὅρκους,
540 669 586 706 ὠς
608 669 725 705 οὐδενὶ
743 669 926 705 παντελῶς
948 668 1030 704 οὔτε
1054 668 1193 704 δέδωκα
1216 669 1298 704 οὗτε
1364 680 1476 714 neque
1500 669 1592 704 dabo
1617 669 1805 705 occasione
1829 669 1904 705 dati
1926 670 2013 705 mihi
2035 670 2168 715 cmguli
2190 680 2304 715 neque
2326 681 2428 707 occa-

237 715 345 751 διόσω
377 716 551 763 προφάσει
578 718 638 759 τῆς
667 713 853 759 δεδομένης
881 727 943 759 μοι
974 713 1077 761 ἀρχῆς
1108 713 1190 749 οὐδὲ
1213 728 1297 762 προ·
1365 715 1463 749 sione
1485 714 1684 759 patrocinii,
1709 724 1822 759 neque
1844 715 1990 759 promisi
2012 725 2125 759 neque
2147 715 2329 760 professus
2353 726 2428 751 sum

237 761 339 808 φάσει
363 751 588 809 προστασίας,
611 759 691 794 οὔτε
709 758 968 815 ἐπηγγειλάμην
987 758 1069 794 οὔτε
1088 757 1298 806 αἱμολόγησα
1366 759 1409 794 de
1431 759 1613 804 provincia
1634 759 1775 794 mittere
1797 769 1910 804 neque
1932 760 2079 804 mittam,
2106 770 2221 805 neque
2243 761 2430 796 occasione

237 810 274 840 ἐκ
296 808 356 850 τῆς
381 809 549 852 ἐπαρχίας
571 808 725 849 πεμπειν
748 818 829 838 avve
852 808 995 850 πέμψω,
1020 803 1102 839 οὐδὲ
1121 805 1297 853 προφάσει
1316 807 1352 839 15
1366 804 1531 839 dominici
1552 803 1721 848 suffragii,
1745 814 1858 849 neque
1873 804 2131 857 gloriosissimis
2154 804 2346 850 praefectis
2369 816 2429 842 ne·

237 850 443 887 δεσποτικοῦ
475 850 584 886 suffra
609 850 674 891 ὀυ,
709 847 790 883 οὔτε
821 853 893 883 τοῖς
920 847 1162 890 ἐνδοξοτάτοις
1193 848 1296 895 έπάρ-
1365 859 1433 893 que
1456 849 1535 884 aliis
1559 848 1802 884 famosissimis
1821 849 1906 884 viris
1922 849 2245 886 administrationes
2268 850 2427 885 habenti-

235 908 306 952 ²4⁰⁸ss
329 895 409 930 οὔτε
440 898 510 930 τοῖς
539 860 655 928 ἆλῗκς
685 893 925 951 πανευφήμοις
953 891 1105 939 ἀνδράσι
1136 898 1208 929 τοῖς
1237 896 1298 928 τὰς
1365 894 1431 929 bus
1455 903 1569 937 neque
1593 893 1653 938 qui
1677 894 1773 929 circa
1796 903 1856 929 eos
1881 895 1966 929 sunt
1993 903 2058 930 nec
2085 894 2146 930 alii
2169 895 2323 930 omnium
2345 894 2427 931 ulli:

235 955 257 974 α
280 940 341 984 χὰς
362 943 500 983 ἔχουσιν
523 938 605 973 οὔτε
627 941 699 973 τοῖς
721 942 802 985 περὶ
819 938 944 973 αυτοὺς
960 939 1194 974 καθεστῶσιν
1216 939 1297 974 οὔτε
1365 939 1427 974 sed
1451 939 1544 974 sicut
1567 938 1645 973 sine
1669 938 1834 983 suffragio
1858 939 2002 984 percepi
2025 939 2219 984 cingulum,
2249 940 2302 975 sic
2325 940 2428 976 etiam

234 954 328 1028 ἄλλῳ
351 987 428 1019 τῶν
449 984 598 1020 πάντων
618 980 752 1018 οὐδενί·
784 981 864 1018 ἀλλ’
886 981 1001 1031 ὥςπερ
1020 982 1182 1028 ἄμισθον
1207 997 1296 1030 παρ·
1363 993 1452 1028 pure
1474 993 1531 1018 me
1554 983 1701 1019 exhibeo
1718 983 1814 1019 circa
1829 984 2007 1020 subiectos
2028 983 2267 1029 piissimorum
2289 988 2429 1021 nostro·

234 1031 363 1074 ἐλαβον
384 1028 450 1072 τὴν
472 1027 591 1073 ἀρχήν,
622 1025 717 1062 οὕτω
741 1032 799 1063 καὶ
822 1027 983 1074 καθαρὸς
1006 1030 1187 1075 φανοῦμαι
1215 1032 1297 1074 περὶ
1311 1030 1441 1063 20111111
1465 1028 1704 1071 dominorum,
1738 1030 1924 1064 contentus
1955 1028 2011 1064 his
2042 1039 2133 1074 quae
2162 1032 2318 1065 statutae
2346 1033 2431 1065 sunt

235 1075 312 1109 τοὺς
346 1072 523 1109 ὑποτελεῖς
556 1075 634 1108 τῶν
668 1073 934 1118 εὐσεβεστάτων
965 1071 1067 1118 ἡμῶν
1098 1072 1296 1115 δεσποτῶν,
1364 1073 1450 1108 1111111
1482 1073 1525 1109 de
1555 1073 1643 1109 fisco
1673 1074 1834 1109 annonis.
1889 1074 1938 1109 Et
1971 1074 2122 1119 primum
2156 1084 2258 1110 omne
2290 1074 2430 1111 habebo

234 1120 442 1166 ἀρκούμενος
469 1122 545 1152 ταῖς
574 1116 838 1165 ἀφωρισμένως
866 1131 928 1163 μοι
962 1120 1000 1152 ἐκ
1034 1120 1097 1152 τοῦ
1128 1117 1298 1164 δημοσίου
1365 1118 1519 1154 studium
1554 1120 1596 1153 ut
1633 1118 1769 1154 fiscalia
1805 1118 1989 1163 vigilanter
2020 1118 2225 1164 inspiciam,
2260 1121 2298 1154 et
2330 1118 2428 1155 inde-

234 1164 401 1207 σιτὴσεσι.
447 1167 519 1197 Καὶ
543 1165 690 1211 πρῶτον
711 1165 778 1207 μὲν
802 1161 953 1198 πάντων
974 1161 1167 1209 ποιήσομαι
1190 1176 1296 1199 σπου·
1364 1167 1466 1198 votos
1502 1163 1641 1208 quidem
1675 1167 1711 1199 et
1744 1163 1940 1207 indigentes
1974 1164 2187 1200 necessitato
2221 1174 2300 1199 cum
2335 1165 2429 1199 omni

234 1208 297 1252 δὴν
320 1208 362 1243 τὸ
384 1212 455 1243 τοῖς
484 1206 660 1253 δημοσίοις
690 1206 878 1255 ἀγρύπνως
907 1212 1096 1254 προςέχειν,
1127 1212 1186 1243 καὶ
1218 1208 1298 1243 τοὺς
1365 1208 1502 1252 exigam
1525 1208 1761 1251 vehementia,
1790 1218 2013 1254 nequaquam
2035 1209 2293 1245 subinclinatus
2317 1219 2430 1254 neque
2457 1247 2460 1250 ,

235 1256 297 1287 μὲν
319 1252 615 1300 ἀγνωμονοῦντας
630 1257 689 1287 καὶ
711 1251 892 1297 δεομένους
911 1253 1062 1301 ἀνάγκης
1076 1253 1166 1299 μετὰ
1183 1252 1297 1298 πάσης
1310 1256 1351 1289 25
1365 1253 1409 1289 Ob
1440 1254 1508 1288 hoc
1530 1253 1648 1298 ipsum
1677 1254 1815 1289 lucrum
1844 1254 1984 1289 omnino
2017 1254 2245 1290 considerans
2275 1257 2338 1289 aut
2365 1263 2430 1299 per

234 1299 403 1345 εἰςπράξω
426 1300 486 1342 τῆς
509 1295 763 1346 σφοδρότητος,
792 1295 897 1332 οὐδὲν
919 1296 1295 1343 ὑποκατακλινόμενος,
1362 1299 1512 1342 gratiam
1535 1298 1589 1334 vel
1612 1298 1729 1334 odium
1753 1300 1895 1343 exigens
1918 1299 2070 1344 aliquem
2093 1299 2184 1335 citra
2206 1309 2312 1344 quam
2334 1308 2428 1334 com·

233 1342 314 1378 οὐδὲ
341 1339 430 1388 ὑπὲρ
462 1341 569 1377 αὐτοῦ
593 1341 720 1377 τούτου
749 1341 870 1390 κέρδος
893 1343 1128 1379 παντάπασιν
1159 1346 1297 1379 ἐννοῶν
1363 1344 1468 1388 petit,
1503 1346 1567 1379 aut
1602 1343 1758 1379 concedo
1795 1344 1916 1388 alicui3
1952 1343 2098 1380 devotos
2132 1348 2251 1379 autem
2283 1346 2430 1389 paterne

234 1387 253 1431 ἢ
277 1387 362 1435 πρὸς
384 1389 487 1433 χάριν
509 1387 531 1442 ᾗ
555 1387 640 1434 πρὸς
670 1385 869 1430 ἀπέχθειαν
892 1387 1061 1423 ἀπαιτῶν
1086 1402 1170 1423 τινα
1198 1389 1296 1433 παρὰ
1363 1388 1546 1431 tractabo,
1581 1392 1619 1424 et
1653 1388 1832 1424 subiectos
1863 1388 2103 1433 piissimorum
2135 1390 2338 1424 nostrorum
2367 1387 2427 1423 do-

233 1433 273 1467 τὸ
304 1434 476 1480 προςῆκον
505 1446 526 1476 η
555 1432 792 1480 συγχωρήσων
819 1437 902 1467 τινί.
947 1437 1020 1467 τοῖς
1047 1431 1088 1467 δὲ
1119 1431 1235 1481 εὗγνω
1262 1447 1294 1468 ο-
1363 1434 1538 1469 minorum
1571 1434 1714 1469 illaesos
1749 1434 1917 1478 undique,
1958 1437 2129 1487 quantum
2161 1433 2429 1479 possibilitatem

235 1480 330 1512 ιὀὖσι
359 1479 540 1523 πατρικῶς
563 1476 905 1522 προςενεχθὴσομαι,
934 1482 994 1512 καὶ
1020 1478 1102 1513 τούς
1123 1478 1296 1522 ὖπηκοους
1310 1481 1351 1513 30
1364 1479 1490 1521 habeo,
1513 1478 1711 1514 custodibo.
1754 1478 1805 1513 Et
1823 1488 1957 1523 aequus
1973 1490 2011 1514 ln
2035 1478 2152 1514 causis
2169 1478 2316 1523 *utrique
2337 1478 2429 1523 parti

237 1525 310 1557 τῶν
344 1520 610 1567 εὐσεβεστάτων
649 1521 751 1567 ἡμῶν
786 1521 975 1558 δεσποτῶν
1018 1521 1297 1571 ἀνεπηρεάστους
1365 1527 1401 1558 et
1429 1523 1467 1558 in
1499 1523 1652 1576 publicis
1683 1523 1880 1568 disciplinis
1915 1533 1995 1566 em,
2027 1523 2186 1568 nullique
2214 1523 2310 1568 parti
2339 1522 2429 1558 citra

235 1567 478 1610 πανταχόθεν,
509 1564 594 1602 ὅσον
616 1566 797 1612 δυνάμεως
822 1569 909 1611 ἔχω,
942 1567 1095 1614 φυλάξω.
1143 1572 1202 1603 καὶ
1224 1569 1297 1603 ἶσος
1388 1578 1469 1603 uam
1496 1570 1628 1604 iustum
1660 1571 1713 1604 est
1745 1569 1954 1613 praestabo,
1990 1568 2054 1604 sed
2084 1577 2239 1612 exequar
2266 1567 2430 1603 universa

236 1615 274 1647 ἐν
296 1615 373 1646 ταῖς
395 1610 507 1646 δίκαις
529 1613 683 1658 ἑκατέρῳ
712 1615 759 1656 με’
779 1626 810 1647 ει
838 1616 897 1647 καὶ
918 1615 957 1648 ἐν
986 1617 1062 1648 ταῖς
1093 1611 1297 1668 δημοτικαῖς
1364 1580 1511 1656 Relicta,
1545 1616 1582 1649 et
1616 1623 1754 1648 omnem
1788 1613 2001 1658 aequitatem
2036 1614 2201 1658 servabo,
2237 1612 2429 1648 secundum

234 1655 470 1692 καταστάσεσι
491 1656 689 1704 γινόμενος,
713 1626 777 1691 nai
794 1655 910 1692 οὐδενὶ
934 1661 1032 1706 μέρει
1052 1671 1150 1707 παρα
1177 1658 1220 1694 τὸ
1244 1656 1296 1693 δι’·
1364 1658 1458 1703 quod
1480 1658 1592 1694 visum
1615 1658 1723 1700 fuerit
1744 1658 1830 1693 mihi
1858 1658 2010 1693 iustum:
2041 1661 2079 1694 et
2099 1668 2162 1693 eos
2184 1657 2340 1703 quidem,
2369 1657 2431 1703 qui

234 1714 335 1736 καιον
366 1700 668 1748 προεκθήσομαι,
699 1701 779 1736 ἀλλ’
806 1702 1075 1748 ἐπεξελεύσομαι
1106 1705 1193 1739 πᾶσι
1224 1707 1297 1738 τοῖς
1309 1706 1350 1739 35
1364 1703 1499 1739 innoxii
1528 1706 1629 1745 sunt,
1661 1703 1817 1748 undique
1845 1702 2008 1739 innoxios
2042 1703 2254 1747 illaesosque
2288 1711 2428 1738 conser-

234 1744 474 1793 ἁμαρτάνσυσι
495 1750 553 1780 καὶ
574 1748 693 1781 πᾶσαν
708 1746 861 1790 ’ἰσότητα
882 1747 1025 1793 φυλάξω
1043 1748 1133 1783 κατὰ
1152 1748 1194 1783 τὸ
1215 1763 1295 1795 φαι-
1363 1749 1474 1792 vabo,
1509 1748 1625 1784 noxiis
1660 1751 1778 1783 autem
1811 1748 1955 1793 impono
1989 1747 2202 1793 supplicium
2236 1746 2429 1783 secundum

234 1791 386 1836 νόμενόν
412 1804 473 1836 μοι
504 1789 651 1826 δίκαιον.
697 1795 756 1826 καὶ
786 1791 866 1826 τούς
893 1795 959 1836 μὲν
984 1791 1204 1828 ἀνευθύνους
1233 1791 1293 1828 οἷν·
1362 1794 1492 1837 legcm;
1528 1797 1564 1828 et
1599 1803 1737 1829 omnem
1769 1792 1955 1835 iustitiam,
1992 1793 2085 1829 sicut
2118 1792 2252 1828 dictum
2285 1794 2357 1835 est,
2391 1792 2429 1828 in

234 1836 466 1883 επηρεάστους
487 1835 642 1882 φυλάξω,
665 1839 737 1871 τοῖς
759 1835 798 1871 δὲ
819 1835 1034 1873 ὑπευθύνοις
1053 1838 1222 1882 ἐπιθήσω
1244 1852 1293 1874 τι-
1362 1839 1514 1884 publicis
1543 1838 1762 1883 privatisque
1791 1837 2034 1874 contractibus
2063 1838 2114 1873 eis
2144 1837 2310 1880 servabo,
2341 1839 2377 1872 et
2399 1837 2430 1873 si

234 1886 374 1928 μωρίαν
386 1880 474 1927 πρὸς
488 1880 553 1916 τὸν
571 1879 700 1925 νόμον·
719 1885 778 1915 καὶ
794 1883 915 1917 πᾶσαν
936 1881 1172 1926 δικαιοσύνην,
1195 1883 1295 1918 καθὰ

235 1927 387 1974 εἴρηται,
421 1926 460 1960 ἔν
489 1939 529 1960 τε
554 1930 625 1960 τοῖς
655 1924 833 1970 δημοσίοις
865 1929 906 1961 ἔν
935 1941 975 1962 τε
1004 1931 1077 1963 τοῖς
1106 1927 1296 1963 ἰδιωτικοῖς
1309 1933 1351 1964 40

232 1969 521 2018 ’συναλλάγμασιν
551 1968 667 2006 αὐτοῖς
697 1969 914 2018 διατηρήσω,
949 1976 1008 2007 καὶ
1038 1973 1101 2007 ἐὰν
1128 1970 1220 2021 εὕρω
1251 1974 1294 2008 τὸ

234 2083 414 2118 servitium
435 2084 686 2118 sacratissimis
699 2087 734 2118 et
743 2083 915 2130 piissimis
938 2084 1090 2120 dominis
1113 2086 1248 2120 uostris
1271 2083 1475 2121 Iustiniana
1498 2089 1535 2121 et
1559 2084 1787 2127 Theodorae,
1816 2084 1965 2130 coniuqi
1989 2083 2186 2120 maiestatis
2206 2084 2294 2126 eius,
2316 2085 2430 2131 maqi-

234 2131 370 2163 stratus
391 2128 534 2163 nomine
556 2139 579 2163 a
627 2129 734 2164 ietate
756 2138 877 2164 eorum
900 2128 988 2165 milti
1010 2129 1134 2165 traditi
1156 2134 1399 2173 servaturum,
1434 2140 1644 2176 omnemque
1666 2139 1812 2176 operam
1835 2133 1872 2165 et
1896 2128 2054 2164 laborem
2077 2128 2226 2165 libenter
2246 2129 2324 2164 sine
2346 2129 2431 2166 dolo

234 2177 269 2208 et
290 2173 367 2207 sine
385 2172 460 2207 ulla
481 2173 523 2218 fr
634 2173 673 2208 in
692 2183 858 2209 concesso
878 2173 965 2209 milti
982 2174 1026 2209 ab
1050 2174 1122 2210 illis
1141 2176 1357 2221 maqistratu
1371 2186 1447 2222 pro
1465 2174 1610 2210 illorum
1626 2174 1777 2221 imperio
1798 2177 1834 2210 et
1851 2184 1891 2210 re
1900 2173 2050 2220 publica
2067 2178 2316 2220 suscepturum
2334 2185 2432 2216 esse;

234 2221 270 2253 et
296 2217 335 2252 in
357 2218 600 2254 communione
622 2229 677 2254 me
700 2229 775 2254 esse
796 2222 943 2254 sanctae
967 2218 1025 2254 dei
1056 2218 1254 2255 catholicae
1282 2225 1317 2255 et
1339 2219 1567 2266 apostolicae
1594 2219 1781 2261 ecclesiae,
1815 2229 1931 2270 neque
1959 2218 2035 2254 ullo
2058 2217 2163 2254 modo
2187 2222 2252 2254 aut
2274 2223 2432 2272 tenuiore

234 2262 267 2297 ei
285 2261 554 2298 adversaturum
577 2273 691 2308 neque
713 2263 775 2298 alii
798 2264 965 2309 cuiquam
990 2263 1031 2299 id
1046 2265 1303 2310 permissurum
1326 2276 1420 2307 esse,
1452 2268 1626 2311 quantum
1648 2274 1808 2299 mearum
1830 2262 1958 2300 varium
1978 2266 2042 2299 est.
2088 2261 2178 2299 Iuro
2202 2268 2320 2299 autem
2339 2263 2431 2300 idem

234 2306 492 2348 iusiurandum,
515 2318 570 2343 me
592 2308 723 2343 nemini
741 2308 885 2343 omnino
908 2309 1100 2354 quicquam
1122 2320 1237 2356 neque
1259 2309 1398 2345 dedisse
1417 2320 1532 2361 neque
1547 2308 1718 2344 daturum
1731 2319 1808 2344 esse
1823 2309 1966 2344 nomine
1989 2307 2115 2344 traditi
2132 2307 2219 2344 milti
2241 2308 2430 2356 maqistra-

236 2356 292 2387 tus
313 2362 378 2386 neo
399 2352 598 2398 patrocinii
614 2353 766 2395 nomine,
791 2363 905 2398 neque
925 2354 1137 2404 promisisse
1159 2365 1275 2401 neque
1295 2354 1533 2407 spopondtsse
1555 2364 1604 2390 ea:
1620 2354 1815 2407 provincia
1836 2353 1976 2389 mittere
1998 2363 2113 2399 neque
2131 2354 2321 2389 missurum
2344 2364 2431 2396 esse,

236 2407 280 2431 ne
297 2396 465 2431 dominici
487 2396 629 2442 quidem
650 2397 823 2444 suffraqii
844 2409 996 2440 nomme,
1020 2410 1134 2445 neque
1159 2399 1430 2445 qlorioszssaemis
1441 2399 1650 2452 praefectae
1671 2409 1786 2445 neque
1803 2397 1953 2444 reliquis
1967 2408 1987 2433 s
2014 2397 2239 2434 ectatissimis
2260 2399 2348 2435 υἰνιές
2369 2399 2435 2445 qui

236 2442 466 2487 magistratus
482 2446 623 2487 gerunt,
647 2453 760 2487 neque
781 2443 827 2477 iis
845 2443 908 2488 qui
930 2445 1027 2479 cirea
1050 2454 1112 2479 eos
1130 2448 1226 2487 sunt,
1248 2455 1362 2491 neque
1385 2444 1447 2480 alit
1471 2445 1616 2480 omnino
1636 2443 1712 2479 ulli.
1748 2442 1822 2479 Sed
1843 2454 1946 2490 quem
1995 2442 2139 2479 modum
2160 2442 2279 2489 qratis
2299 2443 2430 2489 ma'qis-

238 2490 369 2520 tratum
391 2486 529 2532 accepi,
559 2486 613 2521 ita
642 2488 748 2522 etiam
770 2498 858 2534 erqa
880 2487 1043 2523 subditos
1094 2488 1308 2524 iissimorum
1338 2493 1547 2525 nostrorum
1569 2488 1796 2524 dominorum
1822 2488 2000 2535 inteqrum
2024 2498 2079 2523 me
2097 2487 2317 2567 fraestabo,
2347 2495 2431 2525 con·

239 2534 354 2564 tentus
372 2531 525 2566 annonis
544 2541 593 2566 ex
601 2531 692 2582 fisco
709 2531 797 2567 milti
811 2531 1008 2568 destinatis.
1046 2499 1098 2568 ,11)
1112 2534 1271 2580 primum
1290 2534 1445 2569 omnium
1465 2544 1613 2581 operam
1627 2533 1733 2576 dabo,
1753 2536 1795 2568 ut
1809 2532 1859 2568 ad
1879 2531 2012 2568 tributa
2031 2533 2103 2579 viqt
2117 2535 2220 2568 anter
2237 2530 2431 2574 attendam,

237 2585 351 2619 eaque
369 2585 392 2609 a
408 2575 673 2610 contumacibus
690 2577 801 2622 etqui
820 2578 1004 2613 coactione
1017 2577 1201 2624 indiqeant
1217 2589 1295 2614 cum
1312 2579 1408 2615 omni
1425 2579 1614 2615 severitate
1632 2578 1792 2625 exiqam,
1812 2576 1904 2613 nihil
1922 2576 2106 2613 declinam
2120 2587 2187 2612 nec
2197 2587 2272 2623 pro
2290 2587 2333 2612 eo
2350 2576 2431 2624 ipso

239 2619 375 2669 lucrum
392 2620 535 2654 omnino
551 2624 717 2665 ,spectans
729 2621 783 2656 vel
798 2624 954 2667 propter
972 2622 1129 2668 qratiam
1141 2627 1205 2659 aut
1223 2623 1343 2659 odium
1358 2623 1456 2659 ultra
1475 2634 1582 2676 quam
1599 2634 1672 2676 par
1684 2627 1738 2659 est
1753 2634 1776 2658 a
1789 2632 1970 2669 quoquam
1983 2631 2175 2669 reposcens
2188 2625 2255 2657 aut
2265 2621 2431 2668 cuiquam

237 2667 428 2698 renuttens.
466 2662 701 2709 obsequentes
716 2676 799 2700 vero
814 2672 972 2711 paterno
990 2667 1109 2702 animo
1122 2669 1309 2715 accipiam,
1328 2672 1364 2705 et
1377 2668 1540 2704 subditos
1550 2668 1800 2715 piissimorum
1814 2670 2022 2703 nostrorum
2035 2665 2261 2701 donnum-um
2274 2665 2432 2712 undique

238 2707 383 2742 illaesos
405 2711 576 2753 quantum
598 2719 755 2744 mearum
779 2710 906 2745 virium
929 2714 983 2746 est
1003 2711 1161 2748 servabo.
1207 2714 1325 2759 Atque
1347 2724 1483 2760 aequus
1511 2714 1549 2748 in
1575 2713 1697 2749 litibus
1718 2712 1863 2758 utribue
1878 2712 1987 2758 partu·
2006 2714 2043 2747 et
2068 2710 2107 2746 in
2131 2709 2291 2763 publicis
2312 2711 2432 2746 causis

238 2763 314 2794 cro,
337 2752 492 2803 nec-ulli
507 2754 609 2798 parti
632 2758 759 2788 contra
781 2755 837 2789 ius
860 2756 1062 2797 concedam,
1085 2757 1149 2792 sed
1172 2768 1292 2793 omnes
1314 2758 1557 2811 delinquentes
1573 2767 1778 2804 persequar
1801 2766 2008 2802 omnemque
2029 2758 2246 2802 aequitatem
2267 2754 2430 2796 smabo,

234 2801 348 2843 prout
370 2795 455 2831 nula
477 2802 608 2832 tastum
629 2798 818 2833 videbitur:
846 2804 881 2834 et
903 2800 1105 2836 innoeentes
1128 2802 1267 2848 quidem
1291 2803 1335 2838 ab
1360 2803 1496 2838 iniuria
1518 2803 1692 2839 immunes
1713 2801 1875 2843 servabo,
1898 2799 2061 2836 sontibus
2086 2810 2170 2836 vero
2187 2810 2348 2847 poenam
2368 2799 2431 2836 im-

233 2852 372 2888 ponam
401 2840 592 2876 seeundum
619 2841 746 2887 leqem,
776 2847 883 2889 atque
914 2855 1049 2880 omnem
1075 2846 1267 2889 iustitiam,
1302 2849 1395 2883 sicut
1424 2847 1557 2884 dictum
1580 2852 1650 2891 est,
1681 2850 1718 2883 et
1738 2847 1777 2882 in
1800 2845 1960 2893 publicis
1981 2850 2016 2881 et
2038 2845 2077 2881 in
2105 2844 2259 2892 privatis
2281 2844 2434 2892 negotiis

287 2955 300 2986 1
328 2954 388 2985 καὶ
410 2950 523 2995 εὗσεβ.
537 2965 594 2987 om.
615 2965 635 2989 ς
649 2952 661 2998 ΙΙ
680 2955 699 2988 3
717 2965 737 2985 ιι
771 2951 861 2987 ’τους
878 2968 936 2989 om.
958 2967 976 2991 ς
991 2955 1004 2999 ΙΙ
1022 2959 1042 2990 4
1066 2954 1301 3001 παραδιδομέ-
1367 2970 1463 2991 suum
1486 2959 1535 2993 R¹
1563 2958 1576 3004 ΙΙ
1605 2961 1625 2994 8
1660 2959 1842 2992 catholicae
1869 2956 2066 3000 apostolicae
2084 2955 2239 2990 ecclesiae
2257 2963 2270 2990 ι
2300 2955 2434 2990 ecclesie

239 2997 355 3038 νηςΜ
364 2994 445 3050 &uffo
484 3000 549 3039 ’νηε
562 2998 592 3031 L
610 2997 623 3041 Ι
638 3000 718 3043 περὶ
732 2966 781 3030 ἔα
779 2997 791 3042 11
803 3001 827 3050 33
842 2996 924 3043 ἁγίᾳ
935 3000 1004 3040 Me]
1016 2997 1198 3047 ἁγιωτάτῃ
1212 3002 1279 3035 LB
1290 3001 1303 3046 ΙΙ
1368 3004 1528 3037 catholice
1552 3007 1585 3037 et
1607 3003 1784 3047 apostolice
1803 3003 1838 3037 V
1857 3001 1871 3047 ΙΙ
1899 3003 1920 3037 9
1944 3001 2120 3035 auersabor
2140 3001 2174 3035 V
2195 3001 2208 3045 ΙΙ
2234 3001 2433 3043 quicumque

243 3044 283 3076 12
296 3010 682 3086 k9.(0v3!;>m’138112?ss
698 3044 736 3076 13
750 3043 855 3076 *oon
868 3055 937 3088 προ
965 3041 1042 3077 άσει
1056 3047 1130 3079 libri
1139 3045 1152 3090 ss
1172 3049 1210 3080 14
1222 3044 1303 3079 οὔτε
1377 3049 1428 3081 V¹
1453 3059 1615 3091 quemque
1638 3051 1664 3082 ι’
1682 3047 1696 3093 ΙΙ
1715 3050 1754 3082 10
1777 3048 1853 3081 iuro
1874 3047 1980 3091 suppl.
2002 3046 2055 3080 V²
2076 3048 2109 3080 in
2127 3053 2213 3089 spat.
2236 3045 2334 3091 vac..
2351 3055 2432 3088 quo—

241 3087 363 3133 έπηγγ.
378 3086 425 3127 Β]
445 3083 526 3119 οὐδὲ
542 3087 663 3132 ἐπηγγ.
680 3088 749 3120 ML
765 3089 776 3129 ΙΙ
798 3090 836 3121 15
862 3086 927 3120 *οὐ
952 3090 979 3128 ἑ]
1004 3088 1085 3122 οὔτε
1099 3091 1176 3124 libri
1190 3091 1202 3133 ΙΙ
1218 3102 1301 3135 προ·
1369 3103 1507 3134 cumque
1528 3093 1579 3127 V¹
1605 3093 1618 3137 ΙΙ
1646 3095 1681 3127 11
1707 3092 1936 3136 iusiurandum
1956 3091 2042 3124 idem
2063 3091 2097 3125 V
2119 3089 2131 3135 ΙΙ
2157 3090 2244 3124 idem
2265 3090 2327 3125 del.
2349 3090 2400 3125 R’
2419 3088 2434 3135 ΙΙ

241 3128 346 3176 φάσει
370 3143 427 3164 om.
454 3132 503 3164 3⁶
528 3130 541 3175 ΙΙ
566 3134 605 3165 10
628 3132 777 3173 sufragia
800 3133 838 3172 (ι.
860 3144 888 3165 υ.
914 3130 1030 3178 δώρου
1052 3131 1154 3178 χάριν
1173 3132 1195 3177 ἢ
1217 3138 1300 3177 βοη-
1372 3139 1411 3170 12
1436 3139 1637 3171 occasionem
1660 3138 1709 3171 R¹
1739 3138 1751 3181 u
1780 3139 1820 3172 13
1843 3136 2016 3180 professus]
2039 3135 2133 3178 profe
2154 3135 2204 3169 Βι
2229 3134 2243 3179 Ι
2267 3136 2305 3168 17
2329 3134 2433 3168 alium

241 3176 411 3218 θείας)Μ
430 3172 616 3219 διδομένου
627 3174 729 3221 χάριν
741 3175 913 3218 βοηθείας
924 3180 982 3209 καὶ
995 3179 1187 3220 συνηθείας
1199 3180 1301 3212 sufra-
1369 3182 1418 3214 R¹
1441 3182 1506 3215 ali·
1530 3183 1580 3215 V¹
1608 3181 1622 3227 fl
1653 3184 1692 3216 18
1722 3182 1848 3225 percipi
1868 3181 1918 3215 R¹
1944 3180 1958 3225 11
1987 3182 2030 3214 20
2061 3181 2267 3223 contemptus
2289 3178 2396 3214 R¹V¹
2418 3178 2432 3224 ss

242 3222 338 3263 giuL
352 3218 811 3274 σουφραγίουΒΙΙὺπάρχοις
820 3222 895 3254 MB
907 3223 918 3262 11
934 3220 1089 3256 ivatas
1100 3221 1195 3265 ἄλλῳ
1207 3225 1302 3267 ίίΙινίη
1369 3227 1565 3259 constitutae
1586 3234 1598 3260 t
1623 3226 1636 3271 ΙΙ
1657 3229 1695 3261 21
1720 3227 1824 3260 habeo
1842 3226 1922 3260 R¹e²
1943 3225 2023 3259 abeo
2047 3225 2074 3258 1¹
2098 3223 2112 3268 ΙΙ
2133 3225 2176 3259 23
2198 3223 2353 3268 indignas
2375 3233 2431 3258 ue·

242 3268 284 3299 20
307 3264 477 3311 καθαρως
499 3266 650 3310 φένομαι
676 3266 759 3305 L(c)
789 3264 802 3308 ΙΙ
829 3267 870 3298 23
895 3263 1043 3299 πάντων
1064 3286 1107 3291 -
1131 3265 1300 3309 σπουδὴν]
1369 3271 1531 3304 cessitates
1556 3272 1581 3305 t¹
1599 3271 1612 3315 ΙΙ
1627 3273 1670 3305 24
1690 3271 1880 3305 uehementi
1899 3278 2127 3312 necquaquam
2147 3269 2174 3302 ι’
2188 3267 2204 3313 11
2218 3268 2432 3311 subindigna-

242 3321 336 3343 omne
359 3329 402 3334 —
425 3309 570 3343 studium
595 3323 614 3346 ς
637 3311 650 3351 fl
668 3311 710 3343 24
734 3306 779 3355 ἀγ
802 3306 921 3343 ὑπνως
939 3323 996 3343 om.
1021 3311 1051 3344 L
1069 3311 1137 3354 1127
1164 3311 1300 3353 τούτου]
1371 3318 1423 3347 tus
1447 3315 1485 3359 ιΙΙ
1504 3318 1545 3349 25
1569 3317 1631 3349 hoc
1654 3316 1695 3349 ob
1717 3316 1743 3350 ι’
1790 3315 1999 3348 considerant
2017 3313 2072 3358 ειη
2089 3315 2148 3346 aut
2169 3323 2230 3356 pro
2248 3313 2357 3355 gratia
2378 3313 2432 3346 uel

242 3355 305 3388 τοῦ
322 3354 377 3398 L}
396 3355 437 3389 28
461 3352 607 3388 ἀπαιτῶ
631 3355 765 3388 Haloan
791 3355 852 3396 eru
870 3355 912 3387 29
936 3353 1175 3405 συγχωρήσων
1195 3357 1301 3390 Ηείηι-
1370 3359 1468 3391 1101110
1493 3359 1530 3403 ιΙΙ
1549 3362 1590 3394 26
1615 3361 1725 3394 exiens
1781 3364 1799 3383 ⁰
1814 3359 1828 3404 fl
1845 3362 1885 3394 27
1911 3359 2057 3399 deuotus]
2086 3358 2176 3391 uiues
2201 3357 2336 3391 donatos
2356 3358 2404 3392 V'
2419 3357 2472 3401 u,-

246 3400 336 3439 bach]
358 3398 573 3444 συγχωρήσω
593 3399 722 3434 MLBe
745 3398 758 3443 fl
784 3401 826 3432 30
850 3398 1071 3451 namanes-,L
1093 3403 1105 3442 u
1132 3403 1174 3435 36
1194 3398 1301 3444 ἁμαρ·
1371 3405 1411 3437 28
1446 3403 1670 3447 subiecliectos
1692 3406 1726 3439 R
1755 3403 1768 3449 ΙΙ
1796 3407 1838 3439 30
1868 3403 2048 3438 custodiam
2071 3401 2150 3436 R²e²
2169 3401 2182 3447 fl
2209 3403 2325 3445 aequis
2346 3402 2398 3437 R·
2418 3404 2432 3446 Η

243 3439 410 3476 τάννουσι
435 3445 496 3497 Mfl'
510 3444 523 3489 ΙΙ
538 3443 641 3485 κατὰ]
672 3445 730 3476 καὶ
758 3440 849 3476 κατὰ
872 3443 902 3475 L
919 3443 931 3486 ss
950 3445 989 3477 37
1015 3441 1302 3490 ανεπηρεάστους]
1371 3448 1502 3488 utrique
1524 3450 1610 3490 parti
1630 3451 1666 3482 in
1690 3450 1796 3483 causis
1816 3450 1851 3483 V
1873 3449 1886 3493 Ι
1913 3450 1987 3481 utre
2009 3447 2058 3481 13¹
2083 3445 2097 3491 fl
2123 3448 2161 3480 31
2189 3449 2222 3481 et
2239 3448 2291 3489 111]
2313 3448 2349 3480 111
2373 3460 2432 3481 om.

243 3489 301 3519 καὶ
323 3485 603 3533 άνεπηρεαστους
622 3489 654 3522 L
683 3487 830 3528 undique
860 3487 1012 3520 innoxios
1037 3489 1228 3531 illaesosque
1252 3502 1270 3526 ς
1292 3491 1304 3534 ΙΙ
1371 3492 1430 3535 Ru
1447 3491 1603 3533 nulleque
1616 3494 1663 3526 R¹
1682 3493 1695 3537 ΙΙ
1710 3495 1753 3527 32
1774 3504 1918 3536 exequor
1936 3500 1949 3527 t
1969 3502 2084 3526 exeoor
2095 3490 2144 3524 Ιέι
2162 3490 2175 3534 Ι
2190 3494 2233 3527 33
2246 3506 2294 3536 sq.
2317 3502 2431 3525 0001111-

246 3533 287 3565 39
310 3532 420 3573 καθὰ]
441 3535 499 3566 καὶ
522 3531 627 3567 καθὰ
646 3534 693 3567 Βε
708 3533 721 3577 Ι
739 3534 779 3566 41
803 3529 855 3573 τὸ]
879 3530 944 3565 τὸν
964 3532 1033 3565 LB
1371 3536 1448 3567 dum
1461 3554 1503 3559 -—
1516 3538 1716 3571 conseruabo
1729 3539 1834 3582 suppl.
1852 3537 1904 3573 V²
1915 3539 1949 3572 in
1961 3544 2046 3581 spat.
2061 3538 2081 3571 3
2093 3548 2235 3570 versuum
2251 3536 2264 3582 Ι
2283 3539 2325 3572 34
2338 3546 2430 3569 usum

258 3594 1302 3603 m
1372 3579 1440 3622 13¹!
1465 3581 1523 3620 <lui
1546 3594 1602 3613 om.
1628 3583 1675 3614 R’
1698 3582 1711 3626 ΙΙ
1736 3585 1777 3616 35
1802 3592 1961 3616 conseruo
1984 3588 1997 3615 t
2019 3580 2034 3625 ΙΙ
2056 3581 2098 3614 36
2117 3582 2239 3623 noxiis]
2262 3581 2303 3615 ab
2324 3581 2432 3614 noxiis

292 3621 311 3654 2
335 3619 466 3654 domino
485 3621 519 3655 V
540 3622 552 3664 ΙΙ
574 3624 593 3655 3
617 3623 733 3655 horum
763 3622 805 3654 R*
833 3622 846 3664 11
869 3624 889 3656 6
910 3622 1045 3664 imperi·
1069 3622 1118 3655 V¹
1144 3621 1156 3666 ΙΙ
1180 3625 1197 3655 'l
1220 3626 1301 3664 sum]
1376 3623 1440 3668 R'}
1467 3626 1505 3657 37
1529 3627 1561 3657 et
1584 3636 1711 3659 omnem
1733 3627 1783 3660 R²
1807 3630 1839 3662 in
1860 3639 1928 3662 ras.
1952 3628 2038 3661 3-4
2061 3625 2121 3660 lite.
