2476 3854
124 85 231 129 Nov.
263 84 483 129 CXXVIII
512 88 579 129 24.
611 89 665 128 25
687 99 753 142 ep.

123 197 443 241 καταπιστευθείη,
478 196 665 242 κελεύομεν
698 193 812 231 αὐτὸν
848 199 1001 242 νομίμου
1034 197 1207 233 ἐντολέως

123 241 415 287 προβαλλομένου
434 245 507 276 τοῖς
527 243 590 277 τὰς
611 242 794 289 ἑναγωγάς
815 239 906 288 ὑπὲρ
923 243 1062 288 ζημιῶν
1083 255 1205 288 προτι-

123 287 246 322 θεῖσιν
263 284 555 341 ἀποκρίνεσθαι.ἱ
572 285 667 341 ὅπερ
679 288 710 321 εἰ
730 287 787 342 μὴ’
797 288 953 332 πράξειε,
980 289 1206 333 θεσπίζομεν

1188 84 1273 132 646

1931 102 1992 134 DE
2022 102 2354 137 COLLATORIBUS

1273 199 1492 244 provinciam
1522 199 1558 236 ei
1585 199 1761 245 credatur,
1791 200 1954 238 iubemus
1985 211 2065 238 eum
2091 202 2247 248 legitimo
2269 212 2352 249 pro-

1275 246 1440 280 curatore
1463 245 1657 281 constituto
1689 245 1939 282 conventiones
1971 257 2035 292 pro
2059 247 2197 284 damnis
2220 258 2352 294 propo·

1275 289 1443 325 nentibus
1477 290 1703 335 respondere.
1755 290 1858 335 Quod
1892 292 1961 328 nisi
1994 291 2137 336 fecerit,
2173 293 2353 329 sancimus

123 336 183 387 καὶ
199 329 442 377 ὑπομνήματα
460 346 562 387 παρα
577 345 629 375 τῳ
649 344 843 376 οσιωτατῳ
861 331 1064 386 έπισκόπῳ,
1081 334 1208 368 καθώς
1274 337 1501 370 monumenta
1524 335 1620 380 apud
1643 336 1906 372 sanctissimum
1929 337 2148 383 episcopum,
2175 338 2270 374 sicut
2291 349 2352 374 su-

123 381 291 422 ανωτέρω
313 379 458 423 εἴρηται,
488 378 732 429 πραττεσθαι,
757 381 816 411 καὶ
839 381 913 412 τοῖς
937 380 1028 434 υπξρ
1051 379 1128 414 τῶν
1150 382 1206 422 ζη-
1242 384 1260 415 5
1274 381 1393 424 perlus
1418 379 1552 416 dictum
1573 383 1642 425 est,
1674 382 1749 426 agi,
1781 383 1817 417 et
1840 392 1905 427 pro
1930 382 2069 419 damnis
2091 383 2202 419 illatis
2224 383 2275 420 eis
2298 383 2352 419 iu·

121 424 218 466 μιῶν
237 424 314 457 τῶν
331 423 566 464 έπαχθεισων
590 420 710 457 αὐτοῖς
733 419 890 467 ὄμόσασι
914 436 1008 457 κατα
1037 424 1106 467 τὴν
1129 426 1207 459 τῶν

123 471 389 514 πεπραγμένων
425 465 581 511 δύναμιν
617 469 743 503 πᾶσαν
781 470 912 513 ζημίαν
941 465 1206 512 ἀποδίδοσθαι,

122 517 275 557 προνοίᾳ
301 510 432 556 ὁμοίως
462 516 521 546 καὶ
545 510 705 556 κινδύνῳ
730 515 807 548 τῶν
827 513 920 548 κατὰ
944 513 1073 560 καιρὸν
1096 514 1206 561 έπάρ·

121 571 196 599 χων
221 561 279 591 καὶ
303 559 380 591 τῶν
404 558 555 601 ἑκάστης
579 559 750 603 ἐπαρχίας
774 560 1013 605 τρακτευτιῢν.

1273 425 1439 461 rantibus
1463 425 1658 462 secundum
1681 429 1860 470 gestorum
1884 427 2048 464 virtutem
2064 437 2167 464 omne
2185 428 2353 464 damnum

1273 470 1392 512 reddi,
1425 470 1649 515 providentia
1681 471 1842 507 similiter
1872 475 1908 508 et
1930 473 2090 518 periculo
2120 483 2184 518 per
2212 477 2352 518 tempus

1273 516 1536 595 gla'gslectorum
1574 519 1610 551 et
1645 517 1923 564 uniuscuiusque
1957 518 2161 563 provinciae
2194 521 2352 554 tracten-

1090 671 1246 708 CAPUT
1271 671 1381 707 XXV.

175 733 303 771 Πάσας
327 734 367 770 δὲ
389 737 453 771 τὰς
475 739 694 794 χρηματικὰς
717 738 847 774 ποινὰς
877 739 940 774 τὰς
968 741 1020 783 τῷ
1046 739 1204 787 παρόντι
1221 743 1261 775 10
1328 739 1459 776 Omnes
1490 741 1610 776 autem
1640 741 1868 787 pecuniarias
1898 751 2033 787 poenas
2064 751 2156 787 quae
2175 742 2353 796 praesenti

120 779 223 826 νόμῳ
244 785 495 826 περιεχομένας
519 784 590 818 υπὸ
606 785 670 818 τοῦ
690 783 784 817 κατὰ
802 783 931 831 καιρὸν
952 784 1105 828 κόμητος
1127 788 1205 820 τῶν

120 826 313 872 πριβάτων
337 827 619 873 εἰςπράττεσθαι
642 828 724 864 τοὺς
740 828 807 863 τὸν
824 830 992 875 παρόντα
1016 831 1132 874 νόμον
1155 830 1204 875 μὴ

120 870 368 917 φυλάττοντας
398 877 458 906 καὶ
482 875 534 917 τῷ
558 872 720 921 ἡμετέρῳ
747 878 865 920 φίσκῳ
891 872 1116 910 ἐκδικεῒσθαι
1140 876 1204 910 θε-

120 919 306 972 σπίζομεν,
339 914 431 971 ὅςτις
461 919 493 952 εἰ
521 920 571 974 μὴ
603 921 720 954 ταῦτα
752 916 948 963 ἐκδικήσει,
982 917 1090 955 αὐτὸς
1111 921 1203 965 μετὰ

1273 784 1350 829 lege
1385 785 1614 821 continentur
1646 797 1669 822 a
1701 786 1828 822 comite
1862 796 1926 832 per
1961 790 2101 832 tempus
2134 790 2351 833 privatarum

1273 840 1392 866 rerum
1422 831 1479 866 exi
1505 831 1514 839 '
1539 841 1600 866 eos
1631 831 1693 876 qui
1715 833 1940 877 praesentem
1969 832 2081 876 legem
2114 843 2187 868 non
2210 836 2354 868 servant

1274 877 1310 910 et
1332 878 1456 911 nostro
1506 886 1566 911 sco
1591 876 1763 912 vindicari
1787 877 1978 921 sancimus,
2010 877 2071 922 qui
2093 877 2161 913 nisi
2191 887 2253 913 eas
2275 877 2352 913 vin-

1273 920 1451 964 dicaverit,
1472 921 1550 965 ipse
1571 932 1650 957 cum
1669 922 1891 958 ministrante
1910 922 1977 957 sibi
1997 922 2120 958 schola
2139 932 2184 958 ex
2204 922 2354 968 propria

119 965 181 1006 τῆς
207 975 451 1010 υπηρετουσης
497 978 596 1007 αυτῳ
634 963 759 1018 σχολῆς
796 966 834 998 ἐκ
870 966 932 1008 τῆς
968 964 1058 1000 ἰδίας
1093 964 1203 1000 αὐτοῦ
1220 968 1259 1000 15
1274 966 1446 1002 facultate
1470 966 1576 1002 huius
1601 967 1835 1012 quantitatem
1862 967 1999 1003 solvere
2023 967 2170 1012 cogitur.

120 1012 325 1054 περιουσίας
351 1008 421 1052 τὴν
445 1008 589 1044 τούτων
624 1022 812 1053 ποσοτητα
843 1009 1063 1054 καταβαλεῖν
1094 1008 1203 1058 ἀναγ-

119 1052 355 1096 κασθήσεται.

177 1096 466 1146 <Έπίλογος.>
507 1096 634 1134 ’Ὰτινα
667 1104 792 1135 τοίνυν
828 1098 890 1134 διὰ
924 1102 988 1135 τοῦ
1024 1099 1205 1146 παρόντος

119 1142 370 1190 σωτηριώδους
401 1143 515 1189 νόμου
549 1146 613 1179 τοῦ
648 1146 696 1180 εἰς
730 1144 773 1180 τὸ
808 1143 966 1189 διηνεκὲς
997 1146 1205 1188 ἰσχύσαντος

1327 1100 1613 1146 (Epilogus.)
1658 1100 1757 1144 Quae
1779 1100 1887 1146 igitur
1915 1111 1980 1146 per
2002 1104 2226 1147 praesentem
2257 1101 2352 1139 salu·

1272 1149 1383 1182 tarem
1407 1146 1517 1190 legem
1540 1146 1578 1181 in
1601 1148 1812 1191 perpetuum
1835 1145 2021 1183 valituram
2050 1157 2115 1191 pro
2140 1146 2294 1183 utilitate
2317 1150 2354 1182 et

119 1188 210 1243 ῥπὲρ
241 1191 305 1233 τῆς
334 1187 507 1236 ὠφελείας
537 1193 597 1224 καὶ
625 1190 881 1225 καταστάσεως
911 1192 988 1225 τῶν
1019 1190 1204 1237 ἡμετέρων
1218 1195 1259 1227 20
1274 1193 1371 1227 statu
1393 1195 1597 1227 nostrorum
1629 1191 1838 1227 collatorum
1870 1191 2122 1236 disposuimus,
2154 1193 2219 1228 tua
2240 1192 2354 1236 gloria

120 1234 309 1270 υποτελῶν
334 1233 620 1280 διετυπώσαμεν,
647 1235 668 1279 ἡ
694 1236 734 1270 o*
757 1234 947 1280 ἐνδοξότης
970 1234 1120 1282 ἅτρωτα
1143 1240 1204 1271 καὶ

119 1278 303 1315 ἆσάλευτα
319 1278 380 1314 διὰ
398 1279 553 1315 πάντων
567 1250 903 1327 παραφυλαχθῆναι
919 1282 1126 1325 σπευσάτω,
1146 1285 1204 1315 καὶ

119 1327 166 1359 εἰς
197 1325 266 1370 τὴν
296 1323 477 1361 ἁπάντων
505 1328 646 1373 γνῶσιν
676 1325 801 1361 ἐλθεῖν
832 1327 1020 1371 ποιησάτω
1053 1325 1203 1362 ἰδίκτων

118 1371 211 1405 κατὰ
232 1371 302 1415 τὴν
324 1370 498 1416 βασιλίδα
521 1369 631 1407 πόλιν
655 1372 947 1418 προτιθεμένων,
980 1373 1041 1407 ἵνα
1064 1369 1114 1407 δι’
1142 1370 1203 1406 αὗ-

118 1418 195 1451 τῶν
219 1419 312 1453 πᾶσι
335 1415 427 1461 δῆλα
449 1420 606 1464 γένηται.

178 1463 221 1497 D.
238 1473 320 1498 vm.
345 1462 392 1498 id.
415 1463 493 1498 Iun.
520 1463 588 1498 ΟΡ.
613 1463 696 1507 imp.
722 1462 779 1498 dn.
807 1462 995 1498 Iustiniani
1022 1473 1084 1544 gp.
1108 1464 1200 1508 Aug.

118 1517 212 1544 anno
225 1507 324 1543 XIX.
338 1511 420 1553 post
437 1518 535 1544 cons.
549 1508 674 1544 Basilii
687 1517 741 1543 vc.
756 1518 850 1544 anno
860 1508 922 1544 lv.
939 1508 1011 1544 ind.

1271 1237 1443 1273 inviolata
1474 1240 1510 1272 et
1538 1236 1684 1272 immota
1714 1246 1778 1283 per
1802 1236 1921 1272 omnia
1953 1246 2096 1273 servare
2118 1236 2264 1273 festinet
2284 1238 2353 1283 (et)

1273 1282 1310 1318 in
1334 1282 1491 1318 omnium
1514 1282 1677 1318 notitiam
1708 1281 1828 1318 venire
1849 1282 1977 1326 faciat,
2006 1282 2132 1318 edictis
2153 1282 2294 1328 quidem
2315 1282 2353 1318 in

1269 1327 1339 1363 hac
1369 1328 1466 1372 regia
1498 1327 1639 1363 civitate
1671 1327 1886 1364 sollemniter
1914 1327 2118 1373 propositis,
2150 1327 2350 1373 praeceptis

1273 1376 1393 1409 autem
1410 1372 1505 1418 apud
1521 1373 1735 1409 clarissimos
1758 1372 2018 1418 provinciarum
2041 1373 2175 1408 iudices
2195 1373 2352 1417 directis,

1216 1420 1258 1453 25
1272 1422 1312 1453 ut
1335 1428 1400 1464 per
1423 1428 1486 1454 eos
1506 1419 1671 1455 omnibus
1696 1418 1926 1455 collatoribus
1948 1418 2139 1455 manifesta
2160 1417 2261 1455 fiant.

1056 1507 1121 1543 III.
1165 1511 1210 1551 [a.
1224 1511 1301 1551 545]

118 1632 156 1667 in
180 1632 255 1667 alia
272 1631 468 1678 provincia
491 1632 524 1668 ei
548 1631 729 1674 credatur,
752 1630 913 1667 iubemus
934 1642 1014 1668 eum
1037 1631 1196 1684 leqitimo
1217 1635 1464 1684 procuratore
1487 1632 1685 1669 constituto
1708 1632 1754 1668 iis
1777 1632 1841 1678 qui
1864 1632 2027 1685 actiones
2046 1634 2202 1679 propter
2219 1631 2354 1671 damna

118 1677 223 1713 illata
240 1677 477 1724 proposituri
507 1677 581 1713 sint
603 1675 835 1723 respondere.

881 1675 990 1721 ,Quod
1011 1687 1080 1713 mse
1110 1677 1254 1724 fecerit,
1285 1678 1467 1713 sancimus
1489 1681 1532 1713 ut
1553 1681 1589 1714 et
1611 1681 1695 1714 acta
1722 1677 1824 1725 apud
1844 1678 2107 1714 sanctisstmum
2130 1677 2353 1726 episcopum,

117 1724 212 1759 sicut
232 1733 347 1769 supra
378 1722 598 1774 dictum-est,
631 1722 893 1775 conficiantur-‚⁸
914 1727 949 1758 et
965 1722 1021 1775 ,iis-
1041 1723 1106 1775 qui
1127 1722 1171 1758 de
1194 1722 1336 1774 damnis
1365 1723 1436 1758 sibi
1458 1722 1570 1758 illatis
1592 1723 1752 1775 iurarint
1780 1722 1974 1759 secundum
2005 1727 2170 1759 actorum
2194 1726 2353 1761 tenorem

119 1779 223 1804 omne
246 1768 414 1803 damnum
438 1771 663 1809 restituatur,
681 1767 918 1814 providentia
939 1767 1105 1804 similiter
1128 1771 1165 1804 et
1179 1767 1350 1815 periculo
1372 1768 1645 1815 praefectorum
1669 1778 1730 1814 que
1754 1779 1899 1814 quoque
1923 1773 2083 1815 tempore
2101 1772 2187 1805 sunt
2207 1772 2244 1806 et
2263 1780 2352 1816 pro-

118 1813 256 1850 vinciae
279 1813 452 1859 cuiusque
476 1816 725 1849 tractatorum.

252 1858 366 1895 XXV.
417 1857 546 1894 Omnes
576 1862 694 1893 autem
718 1858 958 1904 pecuniarias
985 1867 1126 1905 poenas
1156 1868 1251 1904 quae
1271 1858 1463 1904 praesenti
1492 1858 1571 1905 leqe
1594 1848 1823 1894 continentur
1846 1868 1919 1904 per
1940 1858 2103 1894 comitem
2132 1869 2252 1895 rerum
2269 1860 2351 1906 pri-

117 1908 284 1956 vatarum
315 1904 379 1950 qui
409 1914 552 1956 quoque
584 1904 743 1956 tempore
773 1907 827 1938 est
848 1903 959 1954 ‘exi-qi
989 1904 1041 1956 ab·
1066 1903 1117 1955 iis.
1142 1903 1205 1949 qui
1233 1906 1459 1949 praesentem
1493 1903 1606 1950 leqem
1635 1902 1917 1956 non-servaturi
1947 1903 2019 1938 sint
2050 1906 2084 1938 et
2111 1903 2203 1956 fisco
2227 1911 2352 1941 nostro

117 1948 299 1985 vindicari
318 1959 518 1984 sancimus:
553 1959 615 1994 qui
639 1958 707 1983 msa
733 1958 797 1983 eas
819 1947 1072 1992 vindicaverit,
1104 1959 1183 1995 ipse
1207 1958 1287 1984 cum
1310 1947 1435 1984 schola
1467 1959 1561 1994 quae
1583 1949 1619 1984 ei
1639 1952 1820 1997 ministrat
1841 1959 1891 1984 ex
1913 1958 1981 1983 sua
2003 1948 2206 1984 substantia
2227 1960 2352 1986 earum

118 1995 356 2040 quantitatem
377 1994 515 2030 solvere
538 1997 699 2040 coqetur.

253 2038 320 2091 Ep
329 2039 343 2074 i
351 2039 365 2074 l
373 2050 394 2074 o
403 2051 428 2085 9
437 2051 461 2075 u
469 2050 498 2075 s.

545 2037 646 2082 Quae
668 2038 781 2084 iqitur
810 2049 879 2084 per
899 2041 1127 2085 praesentem
1149 2038 1347 2075 salutarem
1370 2037 1484 2091 leqem
1513 2038 1552 2074 in
1573 2041 1790 2085 perpetuum
1818 2037 2012 2074 valituram
2036 2048 2113 2084 pro
2136 2038 2295 2075 utilitate
2317 2042 2354 2076 et

118 2084 382 2131 tranquillitate
415 2084 656 2120 subiectorum
692 2087 899 2135 nostrorum
934 2084 1203 2126 constituimus,
1241 2087 1303 2119 tua
1338 2083 1461 2136 qloria
1494 2083 1648 2136 illibata·
1669 2087 1705 2120 et
1737 2083 1899 2135 immota·
1916 2093 1985 2136 per
2016 2083 2136 2118 omnia
2170 2083 2353 2136 custodire

117 2130 272 2173 studeat,
296 2134 405 2176 atque
427 2131 465 2166 in
489 2130 646 2165 omnium
669 2132 837 2165 notitiam
853 2128 1082 2176 perferenda
1105 2133 1218 2175 curet,
1241 2128 1367 2166 edictis
1389 2129 1428 2165 in
1450 2139 1555 2177 reqia
1579 2129 1723 2165 civitate
1744 2131 1956 2175 propontis,
1980 2131 2021 2164 ut
2039 2139 2108 2174 per
2124 2139 2168 2164 ea
2191 2130 2354 2166 omnibus

116 2175 314 2221 manifesta
334 2175 439 2220 fiant.

163 2324 179 2356 1
195 2320 352 2366 νόμιμον
368 2318 516 2355 ἐντολέα
531 2317 832 2366 προβαλλόμενον
843 2321 954 2364 Epan.
973 2320 986 2364 ss
1002 2321 1022 2354 3
1042 2318 1201 2365 *πράξω

117 2368 228 2401 MLB
241 2368 351 2410 Epan.
369 2367 381 2410 ΙΙ
399 2366 625 2411 θεσπίζομεν
648 2379 706 2400 om.
730 2366 767 2399 B
783 2366 795 2410 ΙΙ
815 2368 836 2400 4
859 2367 919 2399 καὶ
943 2378 1002 2399 om.
1024 2378 1043 2402 ς
1056 2367 1166 2410 Epan.
1191 2364 1203 2410 ΙΙ

117 2412 230 2457 παρὰ]
254 2415 435 2458 γένωνται
455 2410 568 2456 παρὰ,
594 2424 651 2446 om.
664 2424 695 2445 υ.
711 2414 730 2446 5
750 2407 985 2457 πράττεσθαι
1001 2411 1037 2445 Β
1054 2411 1067 2455 ΙΙ
1084 2413 1104 2445 5
1128 2413 1202 2445 τοῖς

118 2471 176 2492 om.
202 2459 238 2491 B
263 2458 275 2501 ΙΙ
305 2460 346 2491 10
371 2456 501 2491 ποινὰς
523 2456 589 2491 τὰς
612 2470 670 2491 om.
696 2457 753 2498 M,
788 2456 853 2490 τὰς
873 2469 932 2491 om.
957 2457 993 2489 B
1019 2456 1032 2500 ΙΙ
1059 2459 1097 2491 11
1124 2457 1202 2490 τῶν

117 2501 323 2582 sitem]
349 2500 840 2591 §intrusissent
868 2501 964 2584 ’1ὲί
978 2501 1203 2591 ‘alsait

119 2562 219 2627 onqu
235 2593 247 2631 ΙΙ
266 2550 378 2626 zievi)
393 2561 459 2627 glum
474 2580 668 2626 I‘Jaloandro
680 2594 769 2636 vuly.
787 2592 800 2636 ΙΙ
820 2594 860 2627 16
871 2589 1027 2634 τούτων]
1044 2593 1147 2626 huius
1160 2604 1179 2629 ς
1190 2591 1203 2638 ΙΙ

121 2640 162 2672 18
172 2651 218 2681 sq.
231 2633 342 2671 ἅτινα
352 2657 392 2662 —
404 2635 611 2679 ἱσχύσοντος
624 2640 671 2672 bis
683 2639 813 2681 scripsit
826 2638 856 2671 L
869 2636 880 2682 ΙΙ
897 2639 938 2672 19
951 2634 1203 2683 σωτηριώδους

118 2683 232 2727 νόμου
255 2684 363 2716 τοῦτο
387 2683 434 2715 εἰς
459 2684 514 2726 Μ,
549 2681 664 2727 νόμου
694 2683 759 2716 τοῦ
785 2693 859 2716 σωτ
885 2680 1036 2727 ριώδους
1065 2683 1131 2716 τοῦ
1155 2682 1202 2716 εἰς

119 2730 151 2762 L
166 2730 278 2771 priore
295 2729 361 2761 loco
379 2728 392 2771 ΙΙ
410 2729 451 2761 20
469 2724 647 2771 εὐσεβείας
666 2729 733 2762 Ma
749 2728 762 2772 ΙΙ
781 2729 823 2763 23
844 2729 861 2760 έ
886 2731 999 2762 ίκτων
1020 2729 1051 2761 L
1085 2728 1202 2761 edictis

119 2773 254 2816 quidem
270 2784 300 2815 ς,
321 2775 405 2806 unde
418 2774 485 2817 μὲν
499 2775 575 2806 add.
591 2786 657 2806 cum
670 2774 865 2806 Haloandro
878 2774 964 2817 ναῖς.
981 2773 993 2817 ΙΙ
1013 2775 1056 2807 24
1068 2772 1201 2816 τὴνΜ]

119 2816 259 2860 ταύτην
273 2816 343 2860 τὴν
356 2819 385 2851 L
396 2830 415 2854 ς
432 2818 446 2861 ll
462 2818 667 2851 sollemniter
683 2818 875 2861 propositis,
890 2820 1075 2862 praeceptis
1091 2821 1202 2852 autem

119 2864 162 2897 ad
198 2863 397 2897 clarissimos
431 2863 677 2905 provinciarum
713 2863 839 2896 iudices
874 2863 1008 2896 directis
1040 2875 1078 2905 ς,
1119 2866 1202 2897 unde

119 2907 292 2951 συνήθως
326 2907 616 2952 προτιθεμένων,
658 2908 888 2952 προςτάξεων
923 2906 963 2941 δὲ
997 2907 1087 2953 πρὸς
1121 2908 1203 2942 τοὺς

119 2950 392 2998 λαμπροτάτους
422 2953 500 2986 τῶν
530 2953 715 2997 ἐπαρχιῶν
748 2951 925 2997 ἄρχοντας
955 2952 1202 2998 στελλομένων

121 3013 190 3034 cum
203 3000 401 3033 Haloandro
413 2999 498 3041 vulq.
514 2997 528 3042 ΙΙ
547 2999 588 3032 25
603 2999 704 3038 πᾶσι]
722 2998 876 3031 omnibus
894 2998 1110 3032 collatoribus
1126 3000 1160 3041 (ι’.
1175 3012 1201 3033 e.

119 3045 210 3079 πᾶσι
231 3045 304 3078 τοῖς
326 3040 538 3084 ὑποτελέσι)
555 3043 596 3086 sl}
616 3044 657 3077 26
678 3045 940 3086 subscriptionem
957 3057 1016 3077 om.
1030 3056 1060 3086 ς,
1086 3046 1203 3079 habent

119 3089 253 3131 Iuvaw,
270 3091 341 3123 item
353 3089 446 3123 codd.
459 3089 524 3123 Iul.
535 3089 795 3122 Mediolanenses
807 3095 836 3121 et
854 3088 1017 3122 Utinensis
1035 3089 1047 3133 ΙΙ
1062 3100 1139 3122 vm.
1155 3089 1201 3122 id.

119 3136 209 3175 Iun.]
234 3132 265 3177 η’
280 3131 326 3167 ιδ.
344 3133 446 3168 ἴουνι.
462 3134 539 3168 Alli.
563 3133 610 3166 id.
626 3134 697 3166 iun.
717 3132 761 3166 M
784 3143 851 3165 vm
869 3135 946 3173 (0111
964 3136 981 3166 b
1005 3145 1058 3167 vn
1075 3136 1115 3175 w)
1134 3134 1201 3167 kal.

119 3181 190 3213 iun.
206 3179 279 3220 (iul.
293 3182 323 3222 b)
338 3180 413 3221 lul„
437 3181 524 3223 μηνὶ
540 3178 662 3220 ἰινυνίῳ
679 3178 798 3211 ΤΙιεοιΙ.
816 3177 829 3222 ss
849 3178 915 3211 GP.
930 3197 972 3202 —
986 3189 1075 3212 anno
1088 3179 1201 3220 XIX.]

119 3223 302 3269 βασιλείας
323 3221 577 3259 Ἰουστινιανοῧ
602 3222 644 3258 τὸ
669 3220 723 3256 ιθ·’
739 3223 816 3256 ΔιΙι.
851 3224 924 3256 ἔτει
948 3222 992 3266 ιη’
1015 3225 1076 3266 τῆς
1098 3227 1201 3268 βασι-

1268 2317 1364 2352 λείας
1378 2319 1499 2352 Theod.
1524 2318 1581 2351 dn.
1597 2317 1677 2352 iust.
1694 2328 1751 2362 pp.
1767 2327 1843 2360 aug.
1860 2317 1909 2352 Μ
1925 2317 1938 2362 ΙΙ
1962 2318 2003 2352 27
2024 2318 2101 2360 post
2124 2328 2215 2352 cons.
2232 2318 2353 2353 Basilii

1269 2375 1358 2397 anno
1370 2363 1442 2406 IV.]
1459 2362 1550 2407 μετὰ
1562 2361 1632 2406 τὴν
1646 2359 1824 2398 ὑπατείαν
1835 2361 2026 2397 Βασιλείαν
2041 2362 2085 2397 τὸ
2099 2359 2130 2396 δ’
2140 2363 2217 2397 All«.
2229 2364 2351 2399 Theod-

1268 2412 1342 2452 post
1366 2420 1454 2442 cons.
1477 2408 1622 2442 bilisarii
1646 2408 1816 2450 (uelisaria
1832 2409 1864 2449 b)
1885 2418 1977 2449 ‚anno
1993 2407 2053 2442 IV.
2073 2409 2138 2443 Iul.
2152 2410 2224 2451 (om.
2236 2409 2353 2455 Iul-¹0),

1268 2455 1388 2488 basilio
1405 2465 1455 2487 uo.
1473 2465 1539 2488 cos.
1557 2455 1604 2488 M
1613 2455 1625 2498 ss
1643 2454 1820 2487 ind.V111.
1835 2453 1912 2495 IuL,
1932 2466 1990 2488 om.
2003 2460 2073 2488 cett.

1340 2546 1356 2579 1
1380 2543 1535 2577 credatur
1558 2544 1656 2587 vulo]
1688 2543 1825 2577 cedatur
1847 2543 1899 2577 V²
1914 2545 1947 2578 in
1963 2556 2032 2578 ras.
2065 2542 2264 2577 concedatur
2288 2544 2322 2578 T
2339 2543 2353 2589 Ι

1270 2592 1289 2624 5
1302 2600 1399 2632 agere
1414 2590 1447 2623 T
1458 2590 1470 2633 ΙΙ
1490 2592 1507 2623 7
1521 2589 1658 2622 similite
1673 2589 1705 2623 T
1717 2589 1730 2633 ss
1748 2591 1767 2624 8
1780 2588 1953 2632 prouintia
1969 2588 2019 2623 1⁷²
2031 2590 2064 2623 in
2077 2600 2144 2622 ras.
2158 2587 2171 2633 ΙΙ
2185 2590 2351 2622 ἱταοίεαοα-

1269 2638 1379 2669 tarum
1401 2635 1435 2669 V
1451 2636 1673 2668 tractutarum
1694 2635 1726 2668 T
1743 2633 1756 2679 ss
1784 2636 1824 2669 10
1848 2644 1971 2678 poenas
1994 2646 2053 2668 om.
2073 2634 2107 2667 T
2126 2633 2139 2677 ΙΙ
2164 2635 2202 2668 11
2232 2633 2353 2679 {tarum

1269 2691 1380 2714 rerum
1402 2680 1451 2714 V²
1463 2681 1496 2714 in
1512 2688 1597 2725 spat.
1611 2692 1693 2722 vac„
1708 2689 1819 2713 rerum
1835 2692 1894 2713 om.
1907 2680 1993 2723 vulq.
2009 2678 2015 2723 Ι
2043 2680 2085 2713 14
2097 2677 2350 2713 administrante

1272 2727 1304 2760 T
1318 2726 1330 2770 ΙΙ
1349 2728 1388 2760 15
1406 2727 1544 2768 cogetur
1559 2726 1645 2769 vulq.
1663 2724 1676 2769 ΙΙ
1696 2727 1737 2759 18
1753 2735 1813 2767 per
1833 2737 1892 2758 om.
1908 2724 1966 2768 Tu
1982 2735 1998 2758 s
2034 2726 2160 2757 utarem
2177 2723 2283 2766 legem
2304 2725 2350 2766 V]

1268 2771 1375 2813 legem
1403 2770 1583 2804 salutarem
1613 2772 1760 2803 nostram
1787 2771 1820 2804 T
1857 2769 1966 2812 legem
1995 2772 2140 2802 nostram
2173 2768 2351 2802 salutarem

1269 2818 1354 2860 vuly.
1379 2816 1393 2860 l}
1418 2817 1460 2852 21
1485 2818 1519 2849 et
1540 2816 1687 2857 immota]
1717 2826 1784 2849 non
1807 2817 1897 2848 mota
1921 2815 1954 2848 T
1972 2813 1985 2856 ΙΙ
2010 2813 2147 2848 festinet
2170 2832 2213 2838 —
2236 2814 2351 2848 venire

1270 2875 1328 2895 om.
1344 2862 1377 2895 T
1397 2861 1409 2901 ΙΙ
1427 2863 1460 2895 et
1484 2862 1560 2895 add.
1576 2861 1664 2905 ναῖς.
1682 2860 1695 2904 11
1719 2862 1760 2895 22
1783 2859 1957 2904 pervenire
1979 2861 2067 2904 vulq.
2085 2859 2098 2903 ΙΙ
2122 2858 2224 2893 faeiat
2244 2878 2285 2884 —
2307 2860 2350 2894 25

1269 2907 1352 2939 fiant
1376 2920 1434 2941 om.
1457 2906 1515 2948 1⁷¹,
1530 2907 1635 2950 suppl.
1659 2905 1710 2940 V³
1727 2906 1739 2949 ΙΙ
1757 2907 1800 2940 24
1820 2905 1908 2948 apud
1928 2905 2006 2946 VT]
2030 2904 2073 2937 ad
2094 2904 2182 2947 ναῖς.
2205 2903 2218 2948 ΙΙ
2235 2903 2350 2937 claris-

1269 2953 1367 2985 simos
1387 2951 1568 2995 V(³)vu19.]
1591 2950 1848 2993 gloriosissimos
1867 2950 1899 2983 T
1918 2949 1931 2993 ΙΙ
1954 2949 2080 2982 iudices
2098 2948 2350 2991 prouinciarum

1278 2996 1352 3040 V(³)
1370 2997 1382 3040 ΙΙ
1400 2998 1442 3031 25
1466 2996 1641 3029 manifeste
1656 2996 1690 3029 T
1706 2995 1720 3039 ΙΙ
1745 2995 1838 3036 fiant]
1862 2994 2045 3028 latinarum
2068 2994 2146 3027 add.
2167 2992 2218 3027 V³
2246 2992 2351 3028 latine

1270 3044 1347 3076 add.
1374 3042 1407 3075 T
1430 3042 1443 3084 ΙΙ
1472 3043 1515 3076 26
1538 3042 1771 3084 subscriptione
1794 3046 1905 3073 carent
1928 3040 2006 3073 libri
2014 3051 2022 3078 ;
2058 3050 2131 3071 nam
2155 3050 2238 3081 quae
2262 3041 2295 3072 in
2322 3039 2355 3072 T

1269 3094 1357 3121 extat
1379 3089 1424 3120 at.
1448 3086 1514 3119 kal.
1539 3084 1733 3128 septembris
1755 3086 1904 3118 constan.
1928 3093 1949 3116 a
1970 3084 2049 3116 inst.
2073 3083 2271 3125 imperatore
2293 3093 2350 3127 pp.

1268 3142 1322 3165 an.
1347 3131 1430 3165 XII.
1454 3141 1505 3174 po.
1530 3132 1698 3164 coniuncta
1736 3140 1803 3163 cum
1841 3128 1975 3162 rubrica
2013 3129 2244 3162 constitutionis
2269 3130 2351 3162 inse·

1269 3179 1392 3221 quentis
1402 3177 1499 3210 Auta.
1513 3175 1591 3210 LII
1598 3191 1642 3206 =
1654 3187 1725 3209 nov.
1739 3174 1809 3208 XL
1819 3174 1853 3207 V
1857 3175 1998 3218 pertinet
2014 3174 2060 3208 ad
2075 3180 2172 3208 const.
2187 3174 2284 3208 Auen.
2297 3172 2354 3208 121

1269 3238 1313 3251 ==
1330 3234 1399 3256 nov.
1413 3221 1489 3255 LII
