2592 3840
227 102 332 145 Nov.
365 101 462 143 VIII
492 103 515 143 7

1140 153 1205 160 ——-

229 210 461 253 ἐνδοξότατον
498 212 647 254 κόμητος
684 211 759 247 τῶν
794 210 911 244 θείων
945 206 1046 252 ἡμῶν
1070 206 1296 260 (Ιαΐςίῐίοιιων

229 258 292 291 τοῦ
315 270 355 291 τε
378 255 609 297 ἐνδοξότατον
633 258 835 300 quaesturae
853 255 915 288 τοῦ
938 254 1037 287 θείου
1061 253 1162 295 ημῶν
1182 251 1294 286 παλα-

229 306 306 336 τίου
340 302 402 335 τοῦ
438 314 478 335 τε
521 299 751 341 ἐνδοξοτάτου
786 297 933 353 κόμητος
976 298 1051 331 τῶν
1085 294 1294 350 ἄπανταχοῐξ

230 348 346 380 θείων
381 343 483 390 ἡμῶν
516 346 694 391 privatwv,
730 355 906 390 παρόντος
940 340 984 384 δὴ
1019 344 1078 375 καὶ
1112 342 1175 375 τοῦ
1205 354 1296 375 κατα

229 390 354 444 ιιαιρὸν
383 389 761 443 μεγιαλοπρεπεστάτου
791 386 1041 439 χαρτουλαρίου
1070 387 1149 420 τῶν
1177 386 1296 421 θἰίων

229 450 331 489 ημων
349 449 533 470 κοιτωνων
551 437 614 469 τοῦ
637 438 709 469 τοῖς
735 432 921 477 συμβόλοις
943 442 1082 465 τουτοις
1104 433 1177 465 τοῖς
1200 429 1292 484 παρ’

230 484 312 525 ημῖν
334 478 632 526 ὑπηρετουμέιυυ,
657 475 761 525 ὅρκον
784 475 934 518 διδόναι,
957 474 1082 519 μηδενὶ
1107 474 1292 510 namsi-wc

229 524 317 569 μηδὲ
351 523 471 559 ὁτιοῦν
508 528 673 570 παρέχειν
706 523 794 567 μήτε
829 518 1004 568 προφάσει
1039 518 1171 555 δόσεως
1204 517 1292 564 μήτε

231 574 462 614 προστασίας,
494 568 581 613 μηδὲ
605 567 902 615 ἐπαγγείλασθαι,
931 563 1020 610 μηδὲ
1040 566 1078 598 ἐκ
1101 566 1162 608 τῆς
1185 567 1291 610 ἐπαρ-

1303 92 1359 140 70
1835 106 1896 137 υτ
1925 105 2101 137 mmcss
2130 105 2230 138 ειη
2258 105 2435 147 Quoquo

1364 205 1471 242 fuerit
1493 204 1746 250 gloriosissimo
1781 203 1908 239 comite
1931 212 2115 239 sacrarum
2137 206 2340 242 nostrarum
2363 205 2435 243 lar-

1363 251 1534 295 gitionum
1566 254 1602 286 et
1630 248 1881 294 gloriosissimo
1906 250 2096 292 quaestore
2118 249 2213 285 sacri
2235 250 2349 286 nostri
2370 259 2436 297 pa-

1363 296 1439 332 latii
1462 298 1499 331 et
1520 294 1772 339 gloriosissimo
1789 293 1918 329 comite
1936 293 2067 339 ubique
2089 303 2270 330 sacrarum
2293 298 2435 332 nostra-

1363 351 1442 376 rum
1465 341 1703 394 privatarum,
1736 340 1925 383 praesente
1957 347 2098 384 quoque
2119 342 2156 375 et
2184 349 2250 385 per
2275 343 2436 386 tempora

1330 390 1349 421 5
1364 384 1709 430 magmficentissimo
1755 383 1973 419 chartulario
2011 393 2194 420 sacrorum
2231 388 2436 422 nostrorum

1365 430 1625 472 cubiculorum,
1659 427 1720 473 qui
1743 427 1914 464 codicillis
1943 428 1999 464 his
2022 428 2118 474 apud
2147 439 2215 466 nos
2244 429 2435 474 ministrat,

1359 474 1604 511 iusiurandum
1639 473 1744 515 dare,
1778 472 1867 508 nihil
1901 473 2043 518 penitus
2076 483 2143 510 nec
2182 474 2364 519 quodlibet
2395 485 2436 528 se

1360 520 1531 565 praebere
1554 527 1668 562 neque
1692 517 1879 554 occasione
1902 518 2061 572 suffragii
2089 528 2206 564 neque
2259 519 2435 564 atroeimi,
2491 550 2495 554 .
2515 534 2538 546 κ

1361 574 1473 609 neque
1503 563 1709 608 promittere
1735 572 1852 615 neque
1882 562 1926 598 de
1956 564 2137 609 provincia
2166 574 2232 610 pro
2248 564 2327 600 ’teri
2348 564 2435 602 diri·

230 620 305 657 χὰις
323 613 534 668 ὁμολογῆσαι
554 612 719 653 στέλλειν,
736 610 823 654 μήτε
841 613 911 644 τοῖς
924 608 1166 650 ἐνδοξοτάτοις
1186 609 1290 656 έπάρ-
1309 614 1347 645 10
1359 619 1442 654 gere
1464 619 1509 644 ne
1534 618 1579 643 ue
1602 607 1862 652 glorioslssimis
1890 608 2082 662 praefectis
2111 619 2226 654 neque
2256 609 2336 646 aliis
2360 609 2435 646 cin-

231 671 301 701 χυις
323 672 410 702 μητε
435 662 505 693 τοῖς
528 658 642 691 ἅλλοις
664 661 735 691 τοῖς
758 656 819 690 τὰς
842 654 947 701 ἀρχὰς
973 655 1089 697 ἔχουσι
1111 652 1199 699 μήτε
1223 657 1293 689 τοῖς

232 707 311 750 περὶ
344 701 468 737 αὐτοὺς
491 704 698 736 καθεστῶσι
727 700 815 745 μήτε
844 701 954 747 ἑτέρῳ
983 702 1057 733 τινὶ
1086 698 1178 734 κατὰ
1207 697 1291 747 πρό-

231 760 341 794 φασιν
364 752 588 793 προστασίας.
624 744 701 780 ἀλλ’
725 742 838 791 ὥςπερ
860 743 1020 789 ἄμισθον
1037 742 1211 789 λαμβάνει
1227 743 1294 787 τὴν

230 792 349 839 ἀρχήν,
371 790 628 838 προςλαμβιὶνει
652 804 691 825 τε
714 790 811 835 παρὰ
835 791 896 824 τοῦ
921 787 1090 832 δημοσίου
1113 789 1175 824 τὰς
1198 788 1293 831 σιτή-

1359 655 1443 699 gula
1473 654 1520 688 ha
1546 653 1686 688 entibus
1709 662 1822 698 neque
1845 663 1906 698 qm
1930 653 2025 690 circa
2047 663 2109 690 eos
2133 654 2318 691 constituti
2340 665 2408 691 sun

1361 710 1426 734 nec
1463 698 1566 734 alteri
1601 697 1746 733 cuilibet
1779 707 1844 742 per
1874 698 2097 734 occasionem
2129 699 2334 744 patrocInii3
2370 709 2388 736 s

1361 744 1456 779 sicut
1479 743 1556 778 sine
1578 741 1747 787 suffragio
1772 743 1911 788 accepit
1933 743 2290 788 administrationem,
2318 753 2342 780 a
2366 755 2434 791 pu·

1360 789 1453 824 blico
1478 790 1711 840 percepturus
1741 797 1901 824 annonas
1934 788 2011 830 (has
2034 788 2127 824 enim
2150 789 2247 825 solas
2270 789 2435 836 accipere

231 851 300 872 aeas
324 838 465 888 (ταύτης
487 851 560 890 γαρΧ
577 835 618 878 δὴ
641 839 699 869 καὶ
721 835 832 880 μόνας
857 833 1053 878 λαμβάνειν
1071 831 1179 868 αὐτὸν
1203 836 1220 867 έ
1249 837 1292 868 ιἐ-
1310 838 1347 870 15
1361 844 1441 869 eum
1465 833 1644 876 Slnimus)‚
1669 832 1720 868 Sic
1744 843 1822 868 eam
1845 833 1944 878 puris
1967 833 2147 870 custodire
2167 834 2343 888 manibus,
2367 834 2432 872 deo

229 887 318 927 μεν),
343 880 452 915 οὕτως
477 895 588 924 αυτην
612 881 788 924 καθαραῖς
812 878 956 924 φυλάξει
980 881 1055 913 ταῖς
1078 882 1186 926 χερσί,
1244 879 1291 922 εῷ

230 942 268 962 τε
299 931 356 961 καὶ
389 926 470 970 ἡμῖν
501 925 564 959 τὸν
594 923 682 971 ὑπὲρ
715 923 821 967 αὐτῆς
848 922 992 970 ὑφέξων
1023 921 1139 980 λόγον.
1186 922 1292 971 Ἴστω

230 972 295 1019 γὰρ
319 970 339 1014 ἡ
362 970 404 1013 σὴ
427 968 577 1016 ὑπεροχὴ
600 973 658 1003 καὶ
682 970 717 1004 οἱ
746 968 835 1013 μετά
867 982 905 1002 σε
929 968 994 1002 τὸν
1027 967 1138 1003 αυτὸν
1168 970 1291 1013 ἐπιβη-

231 1016 372 1060 σόμενοι
397 1014 542 1060 θρόνον,
568 1012 624 1056 ὡς,
649 1016 719 1049 εἴτε
743 1013 844 1068 αὐτοὶ
870 1012 1093 1067 ᾂαρρήσειαν
1113 1012 1236 1068 λαβεῖν
1256 1026 1292 1047 τι

1361 883 1396 914 et
1419 878 1522 914 nobis
1545 887 1612 922 pro
1636 887 1679 912 ea
1701 877 1901 913 redditurus
1928 878 2112 914 rationem.
2160 878 2260 915 Sciat
2282 889 2375 915 emm
2397 881 2434 916 et

1361 926 1425 959 tua
1457 922 1630 958 celsitudo
1662 925 1698 958 et
1729 923 1789 976 qui
1819 927 1902 969 post
1930 926 1967 958 te
1994 923 2136 959 easdem
2165 923 2434 960 conscenderint

1362 969 1481 1010 sedes,
1506 967 1605 1012 quia,
1638 968 1710 1003 sive
1731 968 1801 1013 ipsi
1824 968 2126 1022 praesumpserint
2148 969 2312 1023 accipere
2333 969 2434 1024 quic-

1362 1023 1467 1058 quam
1502 1014 1548 1049 ab
1583 1012 1653 1048 illis
1689 1013 1750 1058 qui
1786 1013 1832 1048 ad
1874 1013 2076 1058 praed1ctas
2113 1013 2435 1051 administrationes

231 1060 325 1107 παρὰ
349 1062 425 1094 τῶν
447 1061 499 1113 εἰς,
516 1059 576 1094 τὰς
600 1061 782 1115 εἰρημένας
805 1071 910 1105 αρχας
933 1059 1141 1112 παριόντων
1165 1061 1237 1092 εἰτε
1259 1057 1295 1092 οἱ
1306 1062 1347 1094 20
1361 1059 1553 1101 accedunt,
1590 1057 1664 1094 sive
1705 1067 1872 1103 proceres
1906 1058 1993 1104 ipsi,
2029 1059 2102 1095 sive
2135 1059 2242 1095 etiam
2278 1058 2435 1096 officium

231 1104 600 1151 παραδυναστευοντες
625 1108 743 1139 αυτοῖς
773 1105 842 1138 εἴτε
873 1107 932 1137 καὶ
957 1118 977 1146 η
1001 1104 1097 1144 τάξις
1120 1101 1142 1146 ἡ
1165 1103 1208 1147 σὴ
1232 1116 1292 1139 πε-

229 1154 380 1196 ραιτέρω
403 1151 480 1183 τῶν
503 1147 678 1194 προφάσει
702 1150 909 1192 συνηθειῶν
931 1147 1022 1196 παρ’
1048 1146 1150 1193 ἡμῶν
1175 1147 1293 1183 αὐτοῖς

231 1196 438 1241 (ιἰρισμένων
470 1192 574 1241 (ἅπερ
597 1193 641 1237 δὴ
668 1198 727 1228 καὶ
750 1192 871 1240 ἀρκεῖν
898 1192 992 1238 μόνα
1015 1196 1220 1238 νομίζοντες
1244 1192 1291 1227 δι’·

230 1239 363 1273 δοσθαι
386 1238 634 1283 διωρίσαμεν),
669 1237 715 1274 ὠς
745 1238 807 1274 οὐκ
837 1241 877 1273 ἐν
907 1242 1040 1285 μικροῖς
1063 1237 1085 1282 ἡ
1109 1238 1217 1283 ποινὴ
1238 1252 1291 1286 γε·

1361 1107 1478 1146 tuum,
1519 1103 1615 1139 ultra
1649 1113 1692 1139 ea
1727 1113 1819 1149 quae
1861 1103 2049 1140 occasione
2084 1103 2379 1141 consuetudinum
2412 1114 2436 1141 a

1360 1148 1463 1184 nobis
1499 1148 1550 1184 eis
1585 1147 1731 1183 definita
1766 1151 1850 1184 sunt
1889 1151 1994 1194 (quae
2026 1148 2165 1185 scilicet
2198 1152 2235 1186 et
2270 1149 2435 1187 sufficere

1361 1194 1438 1229 sola
1460 1196 1628 1239 putantes
1648 1193 1726 1229 dari
1749 1193 1998 1237 decrevimus),
2022 1204 2095 1230 non
2117 1194 2154 1229 in
2173 1194 2296 1248 parvis
2330 1200 2435 1231 *oena

1360 1239 1439 1275 fiet:
1485 1238 1548 1274 sed
1581 1238 1725 1273 maximi
1758 1238 1898 1284 quidem
1937 1239 2073 1274 iudices
2105 1249 2268 1284 accipere
2350 1239 2435 1286 quid

229 1283 388 1326 νήσεται·
421 1281 498 1318 ἀλλ’
525 1284 559 1318 οἱ
581 1287 647 1329 μὲν
670 1287 830 1331 μέγιστοι
844 1283 1022 1340 xc't‘oygowfes
1052 1283 1089 1318 οἱ
1111 1282 1235 1339 λαβεῖν
1256 1297 1293 1318 τι
1305 1287 1346 1319 25
1385 1284 1627 1320 mesumentes
1650 1284 1697 1319 ab
1728 1283 1782 1320 his
1812 1283 1874 1329 qui
1903 1284 1950 1319 ad
1982 1283 2305 1321 administrationes
2331 1292 2436 1322 8000·

231 1328 475 1375 θαρρήσαντες
504 1330 601 1374 παρὰ
625 1331 701 1363 τῶν
724 1332 785 1364 ἐπὶ
813 1341 874 1363 τας
904 1341 1008 1375 αρχας
1038 1341 1248 1377 παριοντων
1270 1325 1292 1372 ἢ

230 1378 287 1408 καὶ
311 1372 597 1420 συγχωρήσαντες
623 1376 667 1422 τῇ
691 1376 803 1418 οἰκεία
833 1372 930 1414 τάξει
961 1373 1099 1409 τοιοῦτό
1122 1387 1158 1409 τι
1181 1372 1291 1421 πράτ-

229 1433 314 1461 τειν,
338 1423 396 1452 καὶ
419 1418 682 1466 προςαγγελθὲν
705 1418 744 1453 οὐ
769 1416 1048 1467 θεραπεύοντες,
1082 1417 1129 1455 ὦς
1159 1417 1199 1453 οὐ
1229 1418 1290 1464 μό·

229 1478 294 1498 νον
324 1463 583 1510 τετραπλάσιον
613 1462 839 1499 ἀποδώσουσι
870 1466 944 1499 πᾶν
973 1461 1060 1498 ὅσον
1094 1463 1291 1511 εἰλήφασιν,

230 1508 316 1542 ἀλλὰ
340 1513 396 1542 καὶ
413 1509 574 1565 ὶμεγάλην
598 1509 838 1556 ἀγανάκτησιν
856 1506 1120 1553 ὑποστήσονται
1143 1513 1202 1544 καὶ
1226 1509 1292 1544 τὸν
1305 1513 1347 1545 30
1359 1511 1452 1546 bunt
1473 1513 1510 1545 et
1533 1509 1590 1546 cin

231 1556 290 1587 ἐπὶ
322 1556 365 1601 τῇ
403 1556 490 1601 αρχῇ
526 1553 690 1589 κίνδυνον
725 1551 1048 1599 εὖλαβηθήσονται.
1095 1559 1155 1589 καὶ
1186 1556 1225 1589 οἵ
1251 1567 1291 1602 γε

231 1596 319 1643 ἄμφ’
352 1599 476 1633 αὐτοὺς
506 1598 604 1634 ὄντες
626 1603 684 1634 καὶ
707 1596 729 1643 ἡ
751 1600 950 1644 πειθομένη
974 1597 1070 1640 τάξις
1094 1598 1229 1642 αὐτοῖς,
1261 1599 1292 1633 εἰ

231 1641 353 1678 πλεῖόν
375 1658 411 1678 τι
438 1645 515 1678 τῶν
545 1643 634 1679 παρ’
668 1642 769 1689 ἡμῶν
799 1642 1002 1689 δεδομένων
1033 1642 1292 1691 ἐπιχειρῆσαιεν

232 1688 362 1732 λαβεῖν,
395 1687 497 1723 αὐτοί
524 1703 563 1722 τε
592 1677 842 1724 ῧποκείσονται
873 1693 945 1724 τοῖς
974 1691 1224 1735 ἑζημιωμένοις
1246 1690 1291 1733 τῆ

1385 1332 1466 1372 unt,
1509 1332 1573 1364 aut
1606 1329 1714 1364 etiam
1754 1329 1998 1374 permittentes
2033 1339 2138 1365 suum
2171 1328 2330 1366 officium
2361 1329 2436 1366 tale

1359 1374 1495 1419 aliquid
1528 1383 1633 1418 agere
1667 1375 1703 1409 et
1737 1374 1936 1414 nuntiatum
1971 1384 2044 1410 non
2081 1374 2328 1420 emendantes,
2362 1383 2435 1411 nou

1360 1420 1474 1455 solum
1501 1418 1741 1464 ,quadruplum
1774 1419 1924 1454 reddent
1957 1419 2068 1455 totius
2105 1421 2277 1465 quantum
2309 1429 2435 1466 perce-

1359 1466 1506 1510 perunt‚
1542 1464 1605 1500 sed
1637 1464 1745 1499 etiam
1773 1473 1937 1509 magnam
1965 1464 2245 1508 indignationem
2278 1464 2434 1502 sustitin-

1591 1509 1666 1554 guli
1687 1509 1886 1554 periculum
1907 1509 2167 1553 formidabunt:
2191 1513 2235 1546 vet
2279 1509 2318 1547 ui
2339 1510 2436 1547 circa

1360 1565 1422 1592 eos
1446 1557 1547 1599 sunt,
1579 1556 1615 1590 et
1643 1554 1833 1591 oboediens
1858 1554 1908 1590 eis
1932 1554 2107 1598 officium,
2140 1555 2172 1591 si
2194 1565 2276 1601 amp
2304 1565 2348 1592 us
2370 1555 2434 1592 ali-

1359 1600 1443 1645 quid
1483 1609 1590 1646 quam
1625 1609 1647 1635 a
1689 1599 1794 1635 nobis
1837 1609 2046 1636 concessum
2085 1602 2141 1636 est
2186 1600 2436 1646 temptaverint

1359 1645 1532 1691 accipere,
1555 1645 1694 1690 ipsique
1717 1645 1937 1681 subicientur
1957 1644 2094 1681 damnis
2112 1645 2332 1692 quadruplae
2353 1645 2436 1682 red·

1360 1691 1502 1726 ditionis
1533 1694 1568 1726 et
1599 1690 1729 1726 cadent
1757 1690 1863 1726 etiam
1894 1690 2098 1726 substantia
2127 1692 2165 1726 et
2194 1690 2350 1736 cingulo,
2379 1690 2434 1728 in·

231 1735 277 1767 εἰς
307 1733 348 1767 τὸ
376 1734 596 1780 τετραπλοῦν
619 1732 787 1769 ἀποδόσει
817 1736 1053 1769 &meminerat
1079 1749 1119 1770 τε
1149 1739 1208 1769 καὶ
1236 1726 1291 1770 οὗ·
1305 1739 1346 1771 35
1360 1746 1469 1781 super
1490 1739 1528 1771 et
1559 1734 1742 1781 suppliciis
1773 1735 2010 1772 subiacebunt
2033 1745 2123 1782 quae
2152 1739 2351 1782 congruant
2373 1735 2434 1772 de·

231 1782 308 1812 σιάς
331 1782 389 1813 καὶ
412 1777 534 1822 ζώνης,
557 1779 643 1824 πρὸς
666 1782 718 1823 τῷ
738 1783 796 1814 καὶ
816 1783 1001 1826 τιμωρίαις
1019 1777 1293 1825 ὑποβάλλεσθαι

231 1823 446 1867 πρεπούσαις
468 1828 539 1859 τοῖς
563 1823 835 1869 πλημμελήμασι
858 1829 930 1859 τοῖς
954 1823 1086 1861 αὐτῶν.

1359 1781 1453 1817 lictis
1477 1791 1611 1817 eorum.

231 1959 445 1994 eaeornaturi
463 1964 565 2001 sunt,
585 1965 618 1994 et
640 1960 897 2005 qlort'ost'ssimo
921 1960 983 2005 qui
1004 1971 1144 2007 semper
1165 1965 1221 1997 est
1243 1961 1372 1997 comite
1393 1971 1584 1997 sacrarum
1608 1964 1817 1996 nostrarum
1841 1960 2090 2006 laryitionem,
2115 1963 2152 1996 et
2171 1959 2434 2006 gloriosissimo

231 2009 421 2049 quaestore
443 2004 538 2038 sacri
563 2005 679 2039 nostri
696 2005 849 2050 palatii,
881 2008 917 2040 et
945 2005 1205 2051 qloriosissimo
1231 2006 1359 2042 comite
1381 2017 1570 2041 sacrarum
1593 2010 1802 2041 nostrarum
1825 2016 1920 2058 quae
1940 2004 2002 2040 ubi
2027 2016 2072 2041 ue
2093 2011 2179 2041 sunt
2206 2016 2328 2041 rerum
2353 2005 2436 2054 pri-

232 2054 412 2090 vatarum,
440 2053 633 2100 praesente
662 2052 769 2085 etiam
800 2050 1150 2096 maqnificentissimo
1175 2051 1238 2097 qui
1261 2055 1316 2087 est
1338 2051 1564 2087 chartulario
1592 2051 1691 2086 sacri
1720 2053 1837 2086 nostri
1871 2049 1997 2086 cuhicu
2011 2050 2045 2093 i,
2080 2050 2144 2097 qui
2174 2049 2352 2087 codicillis
2380 2049 2437 2087 his

231 2093 330 2145 apud
351 2104 418 2127 nos
446 2094 607 2136 inservit,
629 2094 878 2130 iusiurandum
894 2099 1106 2142 praestare,
1129 2096 1262 2131 nemini
1282 2096 1394 2144 plane
1416 2107 1455 2131 se
1478 2096 1672 2142 quicquam
1692 2105 1807 2142 neque
1821 2095 1995 2147 suffraqii
2018 2096 2160 2131 nomine
2175 2105 2290 2142 neque
2302 2098 2436 2144 patro-

231 2138 315 2173 cmii
342 2138 479 2173 dedisse
506 2149 570 2174 nec
592 2139 819 2185 promisisse,
855 2151 920 2175 nec
944 2144 1095 2186 pactum
1118 2151 1195 2176 esse
1217 2145 1259 2177 ut
1280 2152 1330 2177 ese
1349 2141 1542 2188 provincia
1564 2141 1738 2183 mitteret,
1768 2150 1834 2175 nec
1855 2139 2128 2187 gloriosissimis
2142 2140 2350 2192 praefectis
2371 2150 2438 2177 neo

231 2183 393 2228 reliquis,
425 2184 488 2229 qui
519 2184 754 2230 maqistratus
779 2189 930 2231 qerunt,
960 2196 1026 2220 nec
1056 2185 1119 2237 qui
1151 2186 1249 2221 eirca
1281 2197 1343 2222 eos
1365 2189 1468 2229 sunt,
1503 2196 1620 2232 neque
1643 2184 1708 2221 atii
1732 2184 1800 2220 ulli
1823 2195 1898 2232 per
1927 2195 2073 2220 causam
2099 2184 2310 2232 patrocinii.
2365 2184 2438 2222 Sed

231 2227 522 2273 qnernadmodum
546 2229 794 2275 maqistratum
816 2230 933 2276 qratis
960 2230 1111 2277 accipit,
1144 2235 1179 2266 et
1200 2231 1350 2278 insuper
1370 2241 1419 2267 ex
1475 2229 1592 2266 ublt'co
1651 2230 1782 2277 ercipit
1813 2240 1980 2265 annonas
2009 2229 2091 2272 (has
2120 2229 2213 2266 enim
2234 2229 2335 2266 solas
2351 2241 2435 2270 ¹eum

229 2274 415 2318 percipere
442 2273 712 2319 permittimus),
737 2275 790 2310 ita
813 2286 891 2310 eum
908 2275 1017 2322 puris
1040 2276 1202 2311 manibus
1224 2281 1342 2323 φονεῖ,
1367 2280 1403 2312 et
1450 2287 1492 2311 eo
1516 2280 1553 2311 et
1575 2286 1622 2310 no
1647 2276 1678 2310 is
1702 2286 1778 2322 pro
1801 2286 1844 2311 co
1871 2275 2048 2311 rationem
2069 2273 2288 2311 redditum.
2334 2273 2437 2311 Sciat

231 2319 321 2352 enim
344 2317 540 2353 sublimitas
565 2323 626 2354 tua
646 2324 682 2355 et
705 2320 767 2366 qui
787 2323 872 2366 post
896 2325 929 2356 te
952 2319 1098 2356 eandem
1118 2320 1235 2357 sedem
1251 2321 1452 2368 inqressuri
1466 2324 1563 2363 sunt,
1586 2320 1661 2357 sive
1680 2320 1753 2367 ipsi
1769 2319 1858 2366 quid
1872 2320 2037 2367 accipere
2056 2319 2139 2355 ausi
2149 2319 2224 2356 sint
2239 2319 2284 2355 ab
2307 2318 2354 2356 iis
2373 2320 2437 2367 qui

231 2362 279 2397 ad
301 2362 415 2397 dictos
438 2363 671 2409 maqistratus
687 2365 915 2410 perveniunt,
939 2366 1013 2401 sive
1039 2366 1102 2412 qui
1124 2366 1232 2402 iuoeta
1256 2377 1317 2402 eos
1339 2366 1559 2402 auctoritate
1578 2365 1700 2402 vatent
1720 2365 1794 2401 sive
1816 2365 1924 2401 etiam
1950 2364 2114 2410 officium
2138 2368 2248 2408 tuum,
2269 2364 2371 2402 ultra
2391 2375 2437 2402 ea

231 2419 322 2453 quae
344 2408 588 2454 sportularum
612 2410 753 2445 nomine
771 2409 844 2445 illis
859 2422 882 2445 a
903 2410 1006 2446 nobis
1025 2411 1173 2456 definita
1191 2415 1278 2447 sunt
1295 2413 1404 2458 (quae
1427 2410 1570 2463 quidem
1587 2410 1669 2446 sota
1683 2421 1726 2445 su
1745 2410 1855 2456 ficere
1869 2408 2041 2445 arbitrati
2056 2409 2178 2445 danda
2192 2409 2436 2455 decrevimus),

232 2464 303 2486 non
323 2452 429 2487 levem
441 2464 604 2532 ἰροεηανη
627 2465 702 2490 esse
716 2455 902 2500 futuram:
923 2455 989 2491 sed
1009 2467 1166 2491 summos
1184 2456 1325 2502 quidem
1341 2467 1400 2492 ma
1425 2459 1589 2499 astratus,
1613 2455 1676 2502 qui
1694 2466 1718 2491 α
1757 2455 1804 2490 iis
1818 2455 1884 2502 qui
1900 2454 1950 2490 ad
1965 2453 2203 2501 magistratus
2217 2454 2437 2502 perveniunt

232 2497 394 2543 accipere
417 2508 438 2532 α
454 2498 554 2543 iquid
574 2499 654 2534 ausi
674 2499 833 2544 fuerint,
863 2500 919 2536 vel
941 2500 1067 2546 officio
1090 2511 1157 2536 suo
1183 2501 1255 2537 tale
1277 2501 1367 2548 quid
1386 2467 1515 2548 facere
1537 2500 1790 2548 permiserint,
1821 2510 1887 2535 nec
1908 2498 1971 2535 ubi
1991 2499 2196 2535 nuntiatum
2311 2499 2352 2542 ἲ,
2381 2499 2438 2536 ree·

233 2542 490 2592 consuluerint,
515 2554 588 2578 non
610 2543 725 2579 solum
749 2544 989 2592 quadruplum
1013 2545 1259 2598 quodcumque
1279 2547 1486 2593 acceperint
1505 2546 1748 2587 restituturos,
1770 2544 1836 2580 sed
1856 2544 1963 2580 etiam
1985 2554 2132 2590 qravem
2153 2543 2169 2579 i
2224 2544 2437 2591 'ouationem

232 2586 412 2637 subituros
429 2597 502 2622 esse
525 2592 559 2623 et
577 2589 776 2635 perieulum
800 2590 1016 2626 amittendae
1030 2594 1229 2642 potestatis
1246 2591 1565 2638 reformidaturos.
1601 2591 1718 2637 Atque
1734 2589 1789 2625 illi
1811 2589 1876 2636 qui
1898 2589 1996 2625 circa
2019 2599 2081 2625 eos
2103 2593 2199 2631 sunt,
2222 2592 2258 2625 et
2273 2589 2438 2636 officium

233 2642 277 2665 us
298 2631 474 2666 subditum
497 2633 528 2667 si
552 2633 639 2678 plus
662 2645 768 2679 quam
790 2646 883 2681 quae
906 2646 929 2670 a
952 2635 1056 2671 nobis
1084 2635 1172 2671 elata
1199 2642 1285 2672 sunt
1314 2637 1478 2683 accipere
1508 2635 1777 2682 temptaverint,
1807 2638 1844 2670 et
1868 2633 1942 2681 ipsi
1968 2633 2015 2669 iis
2045 2633 2108 2680 qui
2137 2633 2307 2670 damnum
2329 2633 2438 2681 passi

233 2680 316 2710 sunt
345 2675 393 2710 act
421 2677 679 2727 restitutionem
709 2680 746 2714 in
775 2679 1018 2727 quadruplum
1050 2680 1203 2726 obtiyati
1231 2685 1356 2723 erunt,
1387 2685 1424 2717 et
1454 2680 1557 2717 bonis
1581 2683 1691 2727 atque
1722 2678 1867 2727 cinquto
1895 2679 2149 2726 privabuntur,
2175 2681 2440 2731 praeterquam

234 2719 330 2767 quod
346 2731 477 2766 poenis
498 2721 714 2759 subicientur
737 2735 829 2770 quae
852 2725 1065 2762 conveniant
1091 2726 1252 2772 ipsorum
1275 2725 1424 2762 delictis.
2441 2730 2459 2736 ““

1414 2864 1427 2896 1
1442 2875 1491 2906 sq.
1515 2860 1750 2904 gloriosissimo
1767 2859 1885 2893 comite
1901 2861 2072 2901 quaestore
2087 2859 2172 2892 sacri
2186 2858 2304 2902 palatii
2320 2859 2436 2893 nostri.

1365 2909 1398 2940 et
1416 2906 1669 2949 gloriosissismo
1682 2906 1754 2947 (sic)
1775 2904 1894 2938 comite
1904 2914 2071 2938 sacrarum
2085 2905 2274 2937 nostrarum
2285 2903 2436 2947 largitio·

1365 2950 2059 3038 gussrssfflifflmtnfflffifflffi
2075 2948 2415 3028 filistim&

1366 3052 1425 3075 neo
1449 3042 1572 3075 colibet
1597 3042 1631 3075 R
1656 3039 1848 3082 nequolibet
1872 3039 1909 3074 V
1915 3039 1925 3060 ¹
1953 3049 2013 3072 neo
2036 3038 2187 3082 quolibet
2212 3038 2250 3072 V
2253 3037 2269 3059 ²
2296 3038 2309 3083 ΙΙ
2334 3039 2356 3072 0
2378 3048 2438 3073 ne-

1366 3097 1429 3128 que
1441 3086 1481 3120 de
1489 3087 1574 3128 RV]
1588 3088 1620 3119 et
1633 3096 1740 3128 neque
1753 3085 1792 3118 de
1804 3085 1889 3129 vuly.
1905 3085 1918 3127 fl
1935 3083 2107 3127 prouideri
2120 3083 2297 3126 (prouiteri
2304 3082 2369 3125 13¹)
2382 3081 2439 3128 ΒΙΙ

1372 3134 1406 3165 11
1434 3142 1488 3165 eos
1511 3144 1571 3166 om.
1597 3131 1634 3165 V
1642 3130 1657 3174 ss
1677 3132 1716 3165 13
1742 3129 2021 3163 ministrationem
2044 3128 2083 3163 V
2089 3128 2130 3173 'fl
2156 3129 2196 3163 14
2218 3128 2366 3171 accipere
2390 3129 2438 3163 bia

1366 3189 1427 3209 scr.
1451 3176 1502 3209 Β*
1563 3178 1601 3211 15
1626 3174 1790 3209 custodiet
1812 3175 1897 3219 only.
1920 3173 1933 3218 ΙΙ
1962 3175 2002 3208 16
2026 3173 2114 3206 enim
2138 3185 2196 3207 om.
2220 3172 2270 3206 Β*
2299 3171 2313 3216 Ι
2340 3173 2381 3207 17
2405 3174 2439 3207 te

1367 3233 1424 3254 om.
1449 3221 1520 3254 ΒΤ
1537 3219 1542 3266 Ι
1561 3220 1788 3254 conscenderit
1811 3219 1849 3254 V
1865 3218 2072 3252 cousendunt
2098 3218 2132 3252 R
2156 3216 2170 3263 ΙΙ
2194 3219 2234 3252 18
2262 3217 2354 3260 quis]
2379 3217 2438 3260 qui

1368 3265 1404 3298 V
1409 3265 1420 3285 ¹
1443 3264 1456 3310 ΙΙ
1485 3267 1524 3299 19
1544 3265 1613 3298 illis
1635 3265 1681 3307 R]
1712 3265 1766 3298 his
1793 3264 1831 3299 V
1847 3264 1894 3297 eis
1919 3264 1952 3297 T
1970 3257 2351 3308 vu19.flpraedieldietas
2374 3262 2408 3296 R

1368 3311 1410 3343 20
1429 3310 1539 3351 etiam]
1562 3313 1595 3342 et
1619 3311 1651 3343 R
1681 3309 1693 3355 ΙΙ
1720 3311 1762 3344 23
1788 3309 1860 3342 dari
1884 3308 1934 3342 Β,
1957 3310 1990 3342 in
2010 3319 2076 3342 ras.
2105 3308 2118 3351 Ι
2144 3309 2185 3342 25
2210 3306 2252 3340 ad
2275 3318 2335 3341 om.
2355 3306 2406 3340 Β*

1368 3356 1409 3388 26
1440 3355 1703 3396 permittor-entes
1734 3365 1831 3387 suum
1859 3356 1929 3397 (um
1952 3351 2004 3387 12²
2035 3353 2069 3386 in
2088 3352 2169 3393 ras.)
2193 3351 2227 3385 R
2253 3350 2266 3395 ss
2295 3352 2337 3386 27
2370 3361 2437 3385 non

1369 3398 1576 3431 emendantes
1598 3401 1704 3442 suppl.
1730 3399 1767 3433 V
1769 3399 1784 3419 ²
1807 3400 1840 3433 in
1863 3411 1880 3433 s
1905 3405 1949 3432 at.
1977 3409 2046 3432 vac·
2068 3395 2082 3440 Ι
2108 3397 2151 3430 29
2174 3395 2437 3440 indignationem

1368 3453 1519 3484 magnam
1544 3444 1576 3477 V
1602 3443 1615 3488 ΙΙ
1644 3446 1687 3478 30
1719 3443 1810 3486 cilgu
1827 3443 1834 3451 ⁶
1866 3411 1916 3486 (fg
1939 3454 1978 3476 ex
2000 3442 2098 3483 corr.)
2127 3441 2159 3475 R
2185 3439 2199 3485 ΙΙ
2227 3441 2438 3484 formidalda-

1369 3487 1454 3519 bunt
1486 3489 1518 3521 R
1547 3487 1559 3530 11
1587 3490 1628 3521 32
1664 3487 1878 3532 temptauerit
1912 3487 1961 3521 R*
1988 3484 2003 3531 ΙΙ
2028 3487 2070 3520 33
2105 3485 2317 3520 subiciuntur
2346 3485 2397 3520 Β*
2426 3484 2440 3530 ΙΙ

1370 3535 1411 3609 3V5
1443 3531 1626 3609 suppliciis]
1662 3533 1782 3577 suppli}
1810 3533 1856 3567 ΕΙ
1882 3531 1896 3577 ΙΙ
1916 3532 2102 3574 congruant
2131 3530 2213 3572 ΒΤ]
2250 3533 2440 3574 congruunt

1424 3588 1464 3609 vu
1477 3590 1510 3620 9.

282 2859 296 2889 1
321 2856 531 2898 largitidnwn
556 2859 593 2897 (s.
619 2871 647 2891 v.
672 2861 842 2903 παροχῶν
870 2860 1083 2907 θησαυρῶν)
1110 2863 1156 2895 Μ
1179 2859 1245 2907 λαρ
1269 2875 1296 2894 ι-

235 2897 368 2933 τιόνων
390 2902 557 2947 παροχῶν
578 2899 652 2943 ἦτοι
673 2903 872 2949 θησαυρῶν
887 2907 917 2939 L
942 2906 1113 2951 παροχῶν
1133 2904 1213 2949 ἦτοι
1228 2873 1296 2948 ’ζη-

236 2946 378 2988 carpzov
404 2947 435 2978 B
467 2944 630 2979 εἰσοδίων
653 2949 761 2991 Epan.
793 2952 805 2992 u
832 2952 852 2983 2
885 2954 1084 2992 quaestwros
1114 2952 1159 2985 M
1189 2954 1298 2984 κοιαί-

236 3001 364 3041 στωρις
388 2992 418 3023 L
439 2995 665 3037 κοιαίστωρος
682 2995 716 3026 Β
736 2995 843 3037 Epan.
861 2994 873 3040 ΙΙ
892 2998 913 3029 4
935 2997 1103 3038 priuatwn
1128 2997 1186 3036 Μ]
1213 2993 1297 3029 ἰδιο-

236 3047 376 3076 κτητων
400 3037 435 3068 Β
452 3044 479 3068 et
496 3050 521 3069 s.
540 3050 567 3069 υ.
590 3038 632 3070 Μ
652 3035 863 3081 ἰδιοκτήτων
887 3039 1078 3085 πριβάτων
1102 3042 1133 3074 L
1154 3038 1299 3074 εἰδικῶν

238 3080 343 3121 Εραη.
368 3081 379 3122 ΙΙ
405 3077 458 3121 δὴ]
490 3078 527 3112 δὲ
551 3083 656 3124 Epan.
678 3083 690 3125 ΙΙ
714 3086 734 3117 6
759 3082 896 3117 τούτοις
917 3098 975 3118 om.
1001 3087 1069 3119 LB
1116 3088 1134 3119 ’1
1159 3083 1296 3129 μηδενὶ]

237 3124 320 3156 nihil
342 3126 374 3164 (i,
390 3138 415 3158 e.
429 3123 550 3167 μηδὲν)
573 3138 592 3162 ς
610 3126 656 3170 '18
677 3131 874 3171 παρασχεῖν
897 3130 933 3162 Β
958 3131 1066 3173 Epan.
1113 3127 1298 3175 πρόφασιν

239 3170 265 3201 Ι,
283 3168 294 3212 ΙΙ
313 3171 332 3201 9
357 3174 580 3219 προστασίαν
600 3173 630 3204 L
646 3172 657 3215 ΙΙ
676 3171 791 3215 *μήτε
812 3191 854 3198 -
866 3172 954 3216 μήτε
979 3176 1056 3208 libri
1071 3174 1083 3218 11
1105 3176 1142 3208 13
1164 3171 1298 3217 λαμβά-

237 3226 311 3245 νειν
324 3215 364 3246 Μ
379 3215 390 3254 ΙΙ
406 3228 471 3256 την
485 3214 593 3260 ιὶρχὴν
610 3214 877 3260 προσλαμβάνει
890 3231 947 3252 om.
965 3219 1012 3251 B⁶
1027 3218 1039 3262 11
1061 3221 1101 3253 14
1119 3217 1298 3264 προσλαμ-

238 3257 359 3300 βάνειν
374 3259 415 3291 Μ
434 3265 644 3302 percepturus
665 3263 700 3302 (ί.
716 3275 741 3295 e.
755 3259 1070 3305 stooo'kasstftn'rvcov?
1093 3267 1136 3306 cf.
1150 3266 1233 3306 sqq.)
1250 3276 1269 3299 ς
1288 3263 1300 3307 ΙΙ

243 3306 278 3336 15
301 3305 357 3334 καὶ
382 3317 437 3336 om.
466 3306 573 3348 Epan.
596 3306 608 3348 ss
634 3302 781 3350 ἀφίεμεν
802 3307 911 3349 Epan.
932 3306 944 3350 11
966 3310 1002 3342 16
1027 3306 1189 3340 custodire
1212 3309 1247 3349 (i.
1274 3321 1298 3341 e.

239 3345 438 3390 φυλάξεινῖ)
470 3362 487 3384 ς
513 3348 525 3393 ΙΙ
559 3352 597 3383 18
633 3351 695 3382 τοῦ
732 3347 839 3383 αὐτοῦ
876 3349 1128 3394 έπιβησόμενοι
1164 3349 1300 3394 θ’ρόνου

241 3392 357 3433 Εμιιη.,
384 3395 468 3435 quod
490 3407 566 3427 sune
588 3402 733 3437 praestat
759 3394 772 3438 ss
804 3397 844 3428 19
874 3393 1090 3439 θαρρήσειεν
1110 3397 1141 3429 L
1166 3393 1300 3440 θαρρή-

241 3447 339 3467 σαιεν
360 3438 392 3469 Β
410 3437 478 3480 1120
502 3437 583 3479 εἴτε]
613 3438 650 3471 οἳ
673 3451 712 3472 τε
736 3440 766 3472 L
782 3438 795 3483 ss
813 3441 850 3473 21
880 3437 1006 3480 αὐτοῖς]
1036 3441 1099 3493 ipsi
1124 3453 1142 3476 ς
1160 3440 1172 3484 ΙΙ
1195 3452 1300 3486 παρε-

241 3482 330 3524 τέρω
354 3482 385 3514 L
400 3482 412 3525 ss
430 3485 471 3516 24
494 3481 701 3528 γεννήσεται
723 3485 755 3516 L
782 3481 968 3529 γενήσεται
997 3495 1134 3517 τουτοις
1157 3486 1265 3528 Epan.
1291 3486 1302 3529 ΙΙ

242 3527 282 3557 25
302 3537 337 3557 τι
351 3539 406 3558 orn.
422 3528 450 3559 J,
466 3527 478 3570 ΙΙ
497 3530 539 3561 26
552 3529 623 3568 ἐπὶ]
636 3528 683 3561 εἰς
695 3529 803 3571 Εραη.
850 3526 910 3561 τὰς
922 3524 1027 3573 ἀρχὰς
1040 3529 1111 3569 Mc]
1131 3527 1194 3563 τὰς
1211 3529 1242 3562 εἰ
1288 3548 1300 3555 ·

241 3570 346 3611 μένας
364 3566 465 3612 ἀρχὰς
478 3573 531 3614 (cs.
542 3574 597 3613 20)
611 3573 678 3605 LB
693 3573 800 3615 Epan.
848 3574 889 3607 32
907 3569 1140 3618 ἇφοιυτοὺςῇι
1156 3572 1168 3617 ΙΙ
1188 3575 1229 3607 33
1270 3586 1300 3607 ε·

244 3609 413 3654 δοιιιιίιων]
429 3618 746 3660 σνγκεχιιῳημένων
759 3618 867 3661 Epan.
882 3617 895 3660 11
915 3619 955 3650 33
977 3617 1195 3661 ἐπιχειρῆσαι
1211 3630 1250 3650 εν
1263 3620 1296 3651 ΙΙΙ

247 3659 459 3702 ἐπιχειρῆσαι
486 3661 527 3690 [1¹
547 3661 616 3702 1134
646 3656 760 3695 αὐτοῖς
785 3674 823 3694 τε
846 3663 880 3695 Β
898 3663 967 3704 1136
994 3662 1060 3703 τῷ]
1082 3661 1123 3694 τὸ
1148 3663 1256 3698 Euan.
