2476 3854
103 119 211 164 Nov.
228 119 402 164 CXXIV
432 122 543 162 2-—4

97 242 228 277 τροποι
264 228 343 273 ἤτοι
377 230 600 276 κουράτωρες
631 226 925 271 ὖπομενέτωσαν,
960 226 1113 273 μηδενὸς
1143 229 1182 263 ἐκ

98 274 228 311 τούτου
263 279 504 321 προκρίματος
538 277 727 320 γινομένου
765 275 839 308 τοῖς
871 271 942 308 ὑπὸ
981 274 1185 320 ἐπιτροπὴν

99 319 179 364 ἦτοι
199 324 466 368 κουρατωρείαν
489 319 581 354 εἶναι
604 321 891 366 γινωσκομένοις.

1170 114 1254 162 628

1778 132 1839 163 UT
1866 131 2133 166 LITIGAN'I'ES
2163 133 2333 166 IURENT

1250 230 1388 272 menta,
1412 228 1507 265 hanc
1528 230 1665 266 tutores
1689 232 1753 266 aut
1775 233 1959 267 curatores
1983 230 2201 275 sustineant,
2233 231 2331 268 nullo

1254 283 1298 309 ex
1321 274 1390 309 hoc
1413 274 1632 319 praeiudicio
1655 276 1856 321 generando
1880 276 1936 312 his
1960 277 2022 322 qui
2045 276 2113 314 sub
2133 276 2248 313 tutela
2269 279 2333 313 aut

1254 328 1340 354 cura
1365 328 1442 355 esse
1466 322 1674 357 noscuntur.

1106 408 1267 446 CAPUT
1290 408 1353 444 111.

167 470 240 501 Καὶ
264 467 372 500 τοῦτο
397 463 437 499 δὲ
460 463 650 509 κελεύομεν
674 463 954 518 παρὰηπάντων
984 465 1062 500 τῶν
1086 463 1182 499 δικα-

1306 464 1355 499 Et
1377 464 1447 500 hoc
1471 474 1612 517 quoque
1635 466 1874 511 praecipimus
1898 466 1944 501 ab
1969 466 2131 503 omnibus
2154 466 2332 504 iudicibus

99 513 199 547 στῶν
223 512 331 545 τοῦτο
350 512 416 563 μὲν
433 511 710 564 στρατιωτικῶν
733 523 842 544 τουτο
867 507 907 544 δὲ
923 509 1123 545 πολιτικῶν
1147 512 1186 545 ἐν
1222 514 1241 546 5
1255 511 1327 545 tam
1351 510 1562 546 militaribus
1586 520 1693 555 quam
1716 511 1877 547 civilibus
1904 511 1942 547 in
1967 511 2063 547 omni
2085 511 2164 548 loco
2187 514 2332 549 nostrae

99 560 212 592 παντὶ
229 555 333 599 τόπῳ
350 567 411 598 της
426 558 598 600 ημετέρας
614 555 795 590 πολιτείας
819 554 1183 601 παραφυλάττεσθαι,

99 603 158 636 ἵνα
174 600 264 646 μήτε
287 603 359 635 τοῖς
377 603 648 646 μαγιστριανοῒς
670 598 761 646 μήτε
778 604 851 635 τοῖς
870 602 1071 647 ἑπαρχικοῖς
1093 598 1183 644 μήτε

99 646 197 690 ἄλλῳ
215 643 419 689 οἱῳδήποτε
443 646 641 693 ἐκβιβαστῇ
663 657 706 680 συ
729 647 875 691 χωροῦσι
899 644 1010 681 πλέον
1032 659 1070 680 τι
1090 643 1181 693 παρ’

98 690 311 734 οἱανδήποτε
330 691 522 744 Κπροςιόπου
540 659 778 736 σπορτούλων
803 687 959 745 ὀνόματι
982 689 1184 735 λαμβάνειν

1253 554 1472 599 reipublicae
1502 555 1691 598 custodiri,
1728 560 1768 592 ut
1799 566 1912 601 neque
1946 557 2182 601 magistrianis
2217 567 2332 603 neque

1253 599 1503 644 praefectianis
1534 609 1648 645 neque
1670 601 1739 638 alio
1765 602 1973 646 cuicumque
1997 602 2178 638 executori
2203 612 2330 638 conce·

1254 645 1338 680 dant
1369 645 1501 690 aliquid
1532 646 1684 691 amplius
1708 656 1731 682 a
1754 656 1975 692 quacumque
1999 657 2159 699 persona
2188 650 2330 692 sportu-

1254 690 1366 725 larum
1389 690 1532 726 nomine
1554 691 1740 735 percipere
1768 701 1874 736 quam
1896 695 2028 728 nostris
2051 691 2188 736 legibus
2213 692 2331 729 decla-

98 739 174 771 τῶν
210 738 283 770 τοῖς
318 738 500 790 ῃμετέροις
536 733 821 790 δίηγορευμένων
854 747 994 780 νομοις,
1035 732 1119 770 οὐδὲ
1153 736 1183 769 εἰ
1200 738 1237 770 10
1253 738 1369 770 ratum
1393 737 1457 778 est,
1481 745 1548 771 nec
1572 735 1604 771 si
1627 746 1767 772 sacram
1790 739 1934 773 nostrae
1958 737 2331 790 tranquillitatis-pro-

98 783 209 817 θείαν
224 781 290 816 τοῦ
308 783 478 826 ημετέρου
495 792 645 826 κρατους
661 784 877 827 προφέροιεν
893 779 1062 815 κέλευσιν.
1100 777 1180 815 ἀλλ’

98 827 134 861 εἴ
144 839 227 861 τινα
243 821 380 871 εὕροιεν
404 824 515 860 πλεόν
531 839 567 860 τι
584 823 825 870 ἀπαιτοῦντα,
851 823 979 860 ἄδειαν
1002 828 1184 869 ἐχέτωσαν

98 874 156 906 καὶ
182 874 342 913 συνέχειν
373 874 433 905 καὶ
457 870 626 917 ἑγκλειέιν
651 872 793 914 τοῦτον,
825 874 886 905 καὶ
917 870 1183 916 τετραπλάσιον

98 914 267 952 ἀπαιτεῖν
298 913 389 961 ὅπερ
422 914 532 951 πλέον
553 915 676 960 λάβοι,
710 917 770 951 ἵνα
792 915 835 950 τὸ
864 917 932 962 μὲν
955 914 1098 951 ἁπλοῦν
1128 917 1181 959 τῷ

1254 780 1372 815 ferant
1405 780 1609 817 iussionem.
1657 781 1727 817 Sed
1762 782 1792 816 si
1827 791 1930 826 quem
1964 781 2164 818 invenerint
2197 782 2331 827 ahquid

1254 826 1403 870 amplius
1428 825 1636 870 exigentem,
1660 826 1841 862 licentiam
1864 827 2021 862 habeant
2042 830 2079 862 et
2102 827 2331 872 comprehen-

1254 870 1336 906 dere
1359 871 1456 906 hunc
1481 874 1516 906 et
1538 870 1719 906 includere
1751 875 1785 907 et
1809 872 2044 916 quadruplum
2069 872 2208 916 exigere
2237 873 2332 917 quod

1253 916 1334 961 plus
1368 915 1562 961 acceperit,
1595 919 1635 951 ut
1666 917 1815 962 simplex
1849 916 1990 961 quidem
2020 916 2189 953 damnum
2221 927 2330 962 passo

96 962 164 1005 τὴν
187 964 317 1006 ζημίαν
343 958 580 1005 ὑπομείναντι
603 958 848 1004 ἀποδιδῶται,
877 961 920 996 τὸ
946 959 986 995 δὲ
1007 959 1183 1008 τριπλοῦν
1200 963 1238 995 15
1253 961 1433 1003 reddatur,
1466 961 1610 1005 triplum
1641 971 1724 997 vero
1755 961 1931 997 inferatur
1954 961 2103 998 aerario.
2151 962 2189 998 Si
2211 965 2332 998 autem

96 1009 150 1051 τῷ
168 1011 286 1053 φίσκῳ
303 1006 513 1052 εἰςφέρηται.
547 1007 578 1040 εἰ
594 1004 634 1040 δὲ
649 1003 668 1040 ὁ
685 1006 869 1042 πολιτικὸς
884 1004 907 1050 ἢ
924 1006 1183 1052 στρατιωτικὸς

97 1051 221 1098 ἄρχων
245 1052 316 1086 εἴτε
333 1051 604 1096 προςελευσθεῑς
619 1052 690 1086 εἴτε
706 1050 911 1095 οἱῳδήποτε
930 1065 952 1086 τ
976 1051 1058 1095 όπῳ
1073 1050 1181 1106 γινώ-

98 1110 197 1133 σκων
217 1098 326 1132 τοῦτο
343 1093 511 1141 ἀμελήσει
534 1096 602 1131 τὸν
617 1095 875 1142 βλαπτόμενον
900 1110 945 1131 κα
979 1095 1026 1131 ὡς
1046 1098 1189 1142 εἰρηται-

98 1141 299 1186 ἐκδικῆσαι,
331 1143 371 1175 ἐκ
394 1143 457 1185 τῆς
486 1140 576 1177 ἰδίας
606 1146 812 1187 περιουσίας
842 1140 885 1177 τὸ
916 1141 1183 1189 τετραπλάσιον

1253 1006 1364 1042 civilis
1388 1009 1451 1041 aut
1474 1005 1636 1042 militaris
1659 1006 1766 1042 iudex
1790 1006 1863 1042 sive
1885 1006 2132 1052 interpellatus
2156 1017 2221 1043 seu
2242 1017 2330 1053 quo-

1252 1051 1340 1086 libet
1369 1051 1473 1087 modo
1497 1051 1691 1095 neglexerit
1711 1053 1864 1095 laesum,
1897 1052 1990 1087 sicut
2019 1051 2186 1095 diximus,
2217 1052 2330 1088 vindi-

1253 1106 1346 1140 care,
1371 1106 1415 1133 ex
1439 1106 1505 1132 sua
1528 1096 1731 1132 substantia
1755 1097 1989 1142 quadruplum
2013 1097 2208 1133 secundum
2228 1107 2331 1143 prae·

1253 1141 1386 1177 dictum
1417 1142 1578 1185 exigetur
1601 1141 1755 1178 modum.
1802 1142 1921 1187 Ipsam
1945 1152 2029 1178 vero
2058 1152 2209 1187 poenam
2239 1142 2332 1187 exigi

96 1188 189 1244 κατα
214 1187 281 1222 τὸν
305 1187 490 1242 εζρημένον
521 1186 661 1232 τρόπον
690 1184 1005 1233 εἰςπραχθήσεται.
1035 1187 1121 1241 Μτὴν
1145 1185 1185 1221 δὲ
1197 1187 1239 1221 20
1251 1186 1414 1223 iubemus
1439 1197 1502 1231 per
1521 1186 1684 1223 comitem
1707 1189 1910 1223 nostrarum
1933 1188 2152 1232 privatarum
2176 1190 2212 1223 et
2235 1197 2330 1223 com-

97 1246 212 1277 αυτην
230 1245 362 1276 ποινην
386 1231 668 1279 εἰςπράττεσθαι
692 1231 881 1277 κελεύομεν
905 1230 966 1267 διὰ
989 1244 1052 1267 του
1076 1232 1183 1277 κόμη-

96 1290 156 1313 ·ιος
171 1281 249 1313 τῶν
265 1275 452 1323 ἡμετέρων
468 1278 664 1323 πριβάτων
679 1281 739 1312 καὶ
754 1278 838 1312 τοὺς
853 1275 1042 1323 ἁρμοδίους
1058 1276 1182 1323 ἄρχον-

97 1335 171 1366 τας,
196 1324 227 1357 εἰ
244 1325 370 1379 γνοῖέν
391 1334 491 1357 τινας
514 1324 553 1357 ἐκ
576 1324 655 1358 τῶν
671 1321 777 1358 ἰδίων
799 1323 942 1364 τάξεων
967 1322 1183 1367 έκβιβαστάς

97 1367 334 1413 σπορτουλων
358 1364 514 1412 ὀνόματι
538 1368 638 1413 παρὰ
661 1368 744 1403 τοὺς
760 1366 945 1413 ἡμετέρους
968 1368 1097 1412 νόμους
1120 1367 1183 1402 εἰς·

1251 1234 1415 1277 petentes
1432 1232 1577 1274 iudices,
1595 1232 1626 1267 si
1643 1233 1871 1276 cognoverint
1893 1232 2032 1278 aliquos
2048 1242 2093 1268 ex
2107 1232 2182 1274 suis
2203 1231 2331 1269 officiis

1252 1281 1460 1313 executores
1485 1277 1726 1322 sportularum
1758 1278 1900 1314 nomine
1925 1280 2051 1314 contra
2073 1281 2214 1315 nostras
2236 1277 2331 1323 leges

1252 1322 1384 1367 aliquid
1408 1323 1547 1367 exigere
1571 1326 1606 1358 et
1627 1323 1697 1358 hoc
1720 1323 1939 1368 neglexerint
1958 1323 2148 1359 vindicare.
2194 1323 2332 1360 Damus

1251 1367 1429 1403 licentiam
1453 1367 1589 1403 exactis
1618 1367 1707 1403 nihil
1730 1368 1882 1413 amplius
1905 1368 2126 1413 exigentibus
2158 1378 2264 1414 quam
2287 1377 2333 1404 ex

97 1414 238 1458 πρᾶξαί
258 1427 295 1448 τι
319 1416 380 1447 καὶ
403 1415 512 1448 τοῦτο
536 1410 778 1458 ἀμελήσουσιν
801 1412 996 1457 ἐκδικῆσαι.
1037 1410 1184 1457 δίδομεν
1197 1414 1239 1447 25
1251 1416 1376 1449 nostra
1407 1413 1660 1448 constitutione
1693 1413 1876 1450 definitum
1903 1416 1959 1450 est
1988 1414 2090 1455 dare,
2122 1415 2158 1449 et
2187 1413 2217 1449 si
2247 1412 2334 1459 quid

97 1456 138 1494 δὲ
161 1458 288 1494 ἄδειαν
318 1461 378 1492 καὶ
409 1461 483 1493 τοῖς
506 1457 805 1504 μεθοδευομένοις
836 1456 950 1503 μηδὲν
970 1457 1081 1494 πλέον
1112 1460 1185 1492 τοῖς

98 1506 330 1549 ἐκβιβασταῖς
354 1501 499 1539 διδόναι
522 1505 600 1538 τῶν
621 1502 873 1549 διωρισμένων
893 1504 993 1550 παρὰ
1015 1505 1078 1547 τῆς
1100 1500 1185 1547 ἦμε-

97 1551 201 1596 τέρας
230 1545 443 1592 διατάξεως,
475 1552 537 1583 καὶ
568 1549 605 1583 εἴ
630 1562 666 1584 τι
697 1548 808 1584 πλέον
840 1546 968 1583 αὐτοὺς
999 1548 1185 1595 εἰςπρᾶξαι

97 1593 324 1639 βουληθεῖεν,
349 1595 533 1637 ἐχέτωσαν
557 1592 685 1629 ἄδειαν
710 1591 831 1629 αὐτοῖς
855 1591 1081 1638 ἀντιστῆναι.

1252 1458 1566 1539 εωρξυεᾱξείςοτε
1589 1468 1650 1495 eos
1674 1458 1868 1505 voluerint,
1897 1458 2056 1496 habeant
2077 1458 2257 1496 licentiam
2279 1458 2332 1495 eis

1252 1513 1341 1541 resis
1360 1514 1403 1540 en
1443 1530 1451 1539 .

1089 1682 1246 1720 CAPUT
1269 1683 1332 1720 IV.

147 1737 294 1784 Ἐπειδὴ
312 1738 351 1775 δὲ
367 1741 475 1784 νόμος
495 1742 601 1775 τοῦτο
619 1743 688 1785 μὲν
703 1741 768 1795 voi}
789 1741 852 1784 τῆς
867 1737 1034 1785 εὐσεβοῦς
1055 1739 1184 1784 λήξεως
1197 1742 1239 1775 30

98 1786 236 1831 πατρὸς
258 1784 363 1830 ἡμῶν
385 1787 495 1821 τοῦτο
519 1783 560 1819 δὲ
581 1789 640 1820 καὶ
661 1787 724 1830 τῆς
747 1789 919 1832 ημετέρας
941 1784 1185 1832 γαληνότητος

99 1830 316 1872 διετύπωσε,
346 1829 473 1875 μηδενὶ
503 1831 631 1877 τρόπῳ
663 1831 745 1866 τοὺς
777 1829 947 1865 δικαστὰς
978 1834 1055 1865 ταῖς
1078 1829 1186 1865 ἰδίαις

97 1876 233 1923 ψήφοις
263 1876 467 1923 ἐγγράφειν,
499 1873 546 1910 ὥς
580 1878 620 1910 ἐκ
649 1875 843 1921 βασιλικοῦ
889 1876 1035 1920 ’ἤματος
1073 1872 1184 1923 ἀγρά-

99 1933 175 1968 φως
198 1922 482 1975 προενεχθέντος
505 1920 749 1965 κελευσθῆναί
766 1932 867 1956 τινας
907 1921 1084 1964 ιαχθῆναι
1103 1920 1184 1964 ἢτοι

1320 1739 1413 1784 Quia
1434 1748 1523 1793 ‘vero
1553 1739 1611 1776 lex
1640 1742 1715 1776 tam
1744 1739 1828 1785 piae
1851 1740 2047 1793 ‘memoriae
2076 1740 2189 1787 patris
2218 1741 2334 1778 nostri

1254 1794 1360 1830 quam
1397 1787 1503 1821 etiam
1537 1788 1683 1821 nostrae
1716 1786 1986 1830 tranquillitatis
2020 1786 2198 1831 disposuit
2233 1786 2333 1822 nullo

1253 1830 2266 1913 ³¹¹⁰⁶⁰³¹11<¹1555b3¹¹32{stat}&ineisa-,triam
2287 1841 2334 1912 ἓίἱ

1253 1886 1401 1966 iillligglolg
1409 1920 1571 1957 exhiberi
1588 1923 1651 1956 aut
1666 1887 1980 1966 praesei'tarif’sed
1997 1921 2105 1957 etiam
2118 1921 2333 1967 spectabiles
2365 1898 2373 1906 ·

98 1979 351 2012 παραστηναι,
385 1965 476 2000 ἀλλὰ
499 1970 558 2000 καὶ
582 1966 664 2001 τοὺς
687 1965 947 2022 περιβλέπτους
965 1964 1184 2021 ῥεφερενδα-
1198 1967 1240 2000 35
1254 1965 1515 2002 referendarios
1538 1968 1682 2002 nostras
1706 1965 1881 2002 iussiones
1905 1967 2099 2003 secundum
2123 1966 2219 2012 quod
2239 1977 2333 2002 com-

98 2017 192 2059 ρίους
215 2012 280 2046 τὰς
303 2010 475 2056 ἡμετέρας
498 2011 670 2047 κελεύσεις
693 2025 786 2046 κατα
811 2025 854 2046 το
873 2022 1050 2058 προςηκον
1070 2024 1188 2047 ποιειν

162 2094 187 2115 c.
204 2081 270 2115 III
282 2082 324 2115 in.
342 2083 397 2123 (—
414 2082 455 2114 16
469 2081 681 2126 εἰςφέρηται)
699 2093 738 2114 ex
754 2081 789 2114 B
806 2082 922 2114 habent
940 2081 990 2114 Β8
1004 2082 1040 2113 Ε
1051 2082 1081 2122 7,
1095 2088 1106 2114 1
1120 2093 1156 2123 p.
1170 2081 1232 2114 287
1248 2080 1353 2115 ΖαεῘι.
1402 2080 1565 2113 Summam
1581 2079 1658 2114 Ath.
1675 2086 1819 2123 repetunt
1829 2080 1994 2123 paratitla
2010 2080 2118 2114 Atii-4
2132 2085 2148 2120 5
2160 2087 2189 2116 8.

98 2159 245 2201 babeat,
277 2170 356 2194 eam
382 2162 520 2194 tutores
543 2157 599 2194 vel
621 2160 811 2194 curatores
833 2157 1002 2200 subeant,
1033 2168 1120 2194 neve
1143 2157 1256 2193 ullum
1285 2157 1370 2194 inde
1390 2156 1656 2204 praeiudicium
1684 2157 1754 2202 fiat
1775 2157 1822 2192 iis
1850 2157 1914 2203 qui
1935 2157 2001 2193 sub
2025 2156 2136 2194 tutela
2168 2157 2225 2194 vel
2245 2167 2335 2194 cura

98 2215 174 2241 esse
196 2203 467 2249 intellequntur.

232 2249 298 2284 ΙΙΙ.
345 2248 420 2285 Sed
450 2248 519 2284 boc
551 2259 696 2295 quoque
719 2248 968 2295 praecipimus
999 2248 1044 2285 ab
1078 2247 1241 2284 omnibus
1272 2247 1452 2284 iudicibus
1484 2249 1558 2283 tam
1589 2246 1808 2282 militaribus
1838 2255 1948 2292 quam
1977 2245 2142 2283 civilibus
2169 2247 2208 2283 in
2237 2248 2335 2284 omni

99 2295 180 2331 loco
205 2293 426 2341 reipublicae
448 2298 596 2330 nostrae
619 2293 819 2337 observari,
851 2304 897 2329 ne
918 2297 984 2329 aut
1006 2293 1255 2340 maqistrianis
1278 2296 1344 2329 aut
1358 2291 1628 2340 praefectiani-<5
1650 2295 1716 2328 aut
1734 2291 1800 2327 alii
1823 2291 1889 2327 ulli
1911 2292 2102 2328 executori
2118 2293 2336 2339 permittant

92 2339 254 2387 plus'ab
287 2339 364 2375 ulla
396 2349 560 2386 persona
593 2339 844 2391 sportularum
879 2340 1022 2376 nomine
1052 2339 1219 2420 accigere
1247 2349 1363 2391 ‘quam
1399 2337 1539 2419 lelqibus
1573 2338 1709 2373 nostris
1741 2340 1916 2373 statutum
1946 2339 2018 2379 est,
2054 2347 2100 2373 ne
2127 2338 2164 2374 si
2190 2348 2334 2374 sacram

99 2384 242 2432 quidem
261 2385 461 2420 maiestatis
484 2387 634 2421 nostrae
656 2384 851 2421 iussionem
867 2385 1081 2431 proferant.

99 2441 179 2467 eum
203 2429 527 2476 comprehendendi
551 2433 586 2466 et
608 2429 827 2471 includendi,
859 2433 894 2465 et
917 2384 1459 2481 quadruplumeixsiqgncdineiqus
1482 2438 1554 2474 quo

1442 2393 1485 2418 us
1503 2383 1651 2463 exigere
1671 2381 1923 2435 compererint,
1944 2385 2160 2434 potestatem
2179 2382 2336 2436 habeant

1638 2427 1695 2463 lus
1718 2429 1909 2474 acceperit,
1939 2430 1981 2462 ut
2002 2428 2170 2479 simplum
2191 2427 2335 2481 quidem

99 2476 134 2512 ei
158 2475 220 2521 qui
243 2475 376 2510 damno
400 2475 567 2520 affectus
590 2478 645 2511 est
666 2474 852 2517 reddatur,
887 2476 935 2510 tri
961 2475 1033 2511 lum
1054 2485 1138 2511 vero
1159 2475 1252 2520 fisco
1276 2485 1313 2509 m
1336 2476 1472 2510 eratur.
1519 2472 1598 2516 Quo
1625 2473 1658 2508 si
1679 2472 1793 2509 civilis
1823 2471 1881 2508 vel
1900 2471 2070 2508 militans
2098 2476 2336 2525 maqtstratus

99 2521 174 2557 sive
204 2520 455 2567 interpellatus
483 2520 558 2556 sive
590 2519 750 2567 quolibet
777 2519 884 2555 modo

941 2531 961 2556 e
991 2530 1035 2556 ea
1062 2530 1104 2556 re
1133 2519 1268 2556 certior
1318 2523 1422 2555 aetus
1449 2528 1529 2554 eum

1585 2518 1623 2553 ui
1652 2517 1821 2554 damnum
1849 2527 1982 2563 passus
2012 2520 2068 2553 est
2093 2518 2151 2554 uti
2176 2517 2336 2554 duximus

100 2565 284 2601 vindicare
306 2565 528 2610 neglexerit,
559 2576 610 2601 ex
630 2565 833 2601 substantia
857 2565 973 2612 ipsius
997 2565 1241 2611 quadruplum
1268 2564 1461 2611 praedicto
1490 2574 1547 2599 mo
1575 2574 1596 2599 ο
1620 2563 1798 2609 exiqetur.
1846 2561 2009 2598 Eandem
2032 2566 2152 2599 autem
2179 2573 2335 2610 poenam

101 2611 167 2646 exi
192 2610 204 2644 i
227 2610 386 2646 iubemus
403 2621 476 2656 per
498 2611 659 2646 comitem
683 2614 890 2646 nostrarum
914 2621 1034 2645 rerum
1056 2611 1284 2657 privatarum
1308 2621 1331 2645 a
1353 2608 1531 2645 iudicibus
1554 2607 1852 2655 competentibus,
1881 2607 1917 2643 si
1937 2617 2030 2659 quos
2051 2612 2263 2644 executores
2285 2618 2337 2644 ex

102 2666 124 2691 ο
175 2655 239 2690 ciis
269 2655 346 2690 suis
374 2655 623 2701 sportularum
652 2655 796 2691 nomine
825 2655 1019 2702 quicquam
1050 2655 1224 2692 adversus
1255 2654 1352 2701 leqes
1383 2658 1528 2690 nostras
1557 2653 1723 2700 exeqisse
1752 2656 1988 2699 coqnovermt
2014 2651 2055 2688 id
2079 2663 2124 2688 ue
2152 2652 2336 2690 vindicare

101 2700 342 2745 neqlexerint.
390 2699 528 2735 Damus
552 2704 670 2735 autem
692 2703 906 2746 potestatem
929 2701 975 2736 iis
998 2711 1070 2747 quo
1099 2712 1143 2736 ue
1174 2700 1240 2747 qui
1261 2700 1429 2736 conventi
1449 2702 1549 2742 sunt,
1581 2709 1627 2734 ne
1648 2698 1739 2746 plus
1762 2697 1848 2734 dent
1869 2698 2059 2734 executori
2081 2707 2124 2733 us
2154 2708 2264 2744 quam
2285 2707 2336 2735 ex

102 2745 355 2781 constitucione
379 2749 505 2780 nostra
529 2745 714 2790 definitum
738 2749 801 2788 est,
826 2750 862 2781 et
883 2746 916 2781 si
934 2745 1021 2792 plus
1044 2757 1066 2781 a
1112 2745 1159 2781 iis
1181 2745 1331 2792 eoeiqere
1346 2744 1544 2790 voluerint,
1567 2747 1781 2791 potestatem
1804 2741 1960 2779 babeant
1981 2742 2055 2778 illis
2077 2741 2275 2779 resistendi.

237 2789 300 2825 IV.
349 2789 526 2831 Quoniam
550 2795 667 2825 autem
694 2790 756 2826 lex
789 2794 861 2825 tam
887 2791 974 2837 piae
1003 2791 1197 2827 memoriae
1220 2790 1347 2837 patris
1374 2790 1492 2826 nostri
1522 2799 1631 2836 quam
1661 2789 1768 2825 etiam
1790 2787 1998 2823 serenitatis
2027 2791 2174 2824 nostrae
2195 2787 2335 2830 statuit,

101 2845 148 2870 ne
170 2834 306 2871 iudices
332 2834 517 2870 sententiis
545 2836 622 2870 suis
653 2834 727 2871 ullo
759 2835 864 2870 modo
895 2836 1097 2871 inscribant
1126 2846 1164 2872 se
1186 2846 1237 2872 ex
1259 2835 1306 2871 im
1335 2835 1441 2870 eriali
1462 2845 1548 2871 voce
1576 2834 1655 2870 sine
1684 2834 1832 2880 scriptis
1859 2832 2008 2879 prolata
2031 2833 2148 2868 iussos
2170 2843 2247 2869 esse
2268 2832 2335 2868 ali-

103 2890 194 2927 quos
225 2878 397 2915 exhibere
426 2883 491 2914 aut
521 2880 664 2922 sistere,
698 2880 765 2915 sed
795 2880 902 2915 etiam
934 2884 973 2915 ut
1002 2880 1216 2927 spectabiles
1250 2891 1290 2915 re
1311 2879 1495 2916 erendarii
1525 2880 1702 2915 iussiones
1732 2881 1878 2914 nostras
1908 2877 2207 2923 quemadmodum
2236 2877 2338 2913 decet

107 2972 109 2974 ’
171 2970 191 3004 3
216 2970 464 3013 κουρατωρίαν
489 2969 524 3002 Β
547 2968 560 3012 11
589 2971 811 3014 γινοσμένοις
834 2970 906 3012 (εἰσ)
921 2969 970 3003 L¹
992 2970 1005 3013 11
1034 2971 1053 3003 5
1078 2970 1186 3003 τοῦτο

102 3011 462 3098 ἰἷῗῖιῖιιπὲλὲἶῗῖῗ
473 3026 554 3092 οἵτ”ἑὶ
567 3014 608 3092 'Z
630 3013 699 3092 '¹33⁶
714 3011 891 3092 WZ-
910 3011 1078 3093 57‘3300}
1096 3012 1189 3104 Ήοὸᾖ

104 3108 124 3140 9
138 3101 342 3147 οἱωδήποτε
358 3070 545 3148 smegma>
560 3084 625 3148 La]
648 3071 908 3149 σπορτούλλαζέ
922 3072 1188 3147 §neumenia

103 3151 140 3185 Β
166 3152 223 3191 (id.
250 3151 305 3192 24)
335 3148 348 3191 11
379 3152 418 3184 10
442 3147 578 3192 νόμοις]

104 3197 154 3229 La
171 3195 183 3239 11
201 3192 364 3239 κράτους]
382 3194 639 3248 tranquillitatis
654 3195 688 3236 (i.
700 3207 725 3228 e.
738 3192 994 3240 γαληνότητος)
1011 3207 1030 3231 ς
1047 3194 1187 3249 11ὶπροσ-

104 3243 247 3319 φέροιεν
271 3240 314 3273 Μ
335 3240 348 3283 11
376 3241 417 3274 14
441 3237 536 3297 λάβῃ
562 3239 610 3272 B‘
626 3240 691 3294 ²¹3²·
711 3238 807 3295 111ἴνα
832 3252 890 3272 om.
906 3240 936 3272 L
955 3240 1034 3292 ”..¹5
1059 3236 1185 3273 αποδί-

128 3298 208 3319 οται
232 3286 264 3318 L
293 3285 304 3327 11
337 3287 376 3320 16
407 3297 460 3319 τω
491 3295 609 3329 φισκω
639 3294 842 3329 εισφερεται
866 3284 911 3317 M
939 3296 992 3326 τῳ
1026 3281 1187 3327 δημοσίῳ

646 3151 696 3182 od.
715 3151 747 3191 3,
766 3156 794 3191 2,
808 3157 824 3183 5
845 3151 888 3189 (et
910 3151 961 3191 GY)
992 3149 1004 3193 11
1036 3152 1072 3183 11
1101 3149 1189 3183 θεῖα

105 3331 311 3375 εἰσφέρηται
335 3330 440 3376 (εἰσφ.
457 3330 512 3373 τῷ
525 3326 607 3374 δημ.
621 3329 690 3371 ΒΓ)
710 3330 747 3363 Β
765 3328 778 3372 11
798 3325 833 3371 ἢ]
857 3326 881 3371 ἢ
904 3325 924 3362 ὁ
951 3330 1021 3362 LB
1038 3329 1050 3372 11
1078 3331 1116 3363 17
1137 3341 1188 3373 γι-

104 3376 258 3410 νώσκων
282 3375 390 3409 τοῦτο
422 3388 480 3409 om.
506 3386 526 3412 ς
552 3374 565 3418 11
595 3375 638 3409 22
669 3374 746 3408 τῶν
768 3371 952 3418 ἡμετέρων
982 3372 1187 3418 πριβάτων]

106 3419 232 3454 ἰδικῶν
254 3433 280 3455 s.
295 3433 326 3454 v.
345 3422 375 3453 L
406 3420 469 3463 τῆς
491 3417 601 3465 ἡμετέ
623 3429 662 3454 ας
685 3416 794 3462 ἰδικῆς
818 3421 1021 3463 περιουσίας
1040 3419 1091 3452 B⁶
1110 3419 1121 3462 11
1146 3420 1187 3452 23

105 3478 190 3500 τινα
206 3466 253 3499 L¹
269 3465 282 3508 11
302 3467 345 3500 24
369 3464 562 3510 εἰςπρᾶξαι]
586 3464 850 3510 εισπράξαντας
867 3465 898 3497 L
917 3463 929 3508 11
946 3465 988 3498 26
1013 3460 1053 3497 δὲ
1076 3471 1106 3497 et
1129 3465 1189 3496 καὶ

106 3524 164 3544 om.
179 3522 199 3547 ς
223 3510 236 3554 11
262 3512 304 3545 29
329 3506 446 3544 αὐτοῖς
471 3523 529 3544 om.
545 3509 597 3544 B!
616 3510 628 3553 11
658 3512 700 3545 30
726 3508 828 3554 νόμω
853 3510 884 3543 L
903 3511 960 3553 (cf.
983 3510 1028 3542 ad
1049 3509 1120 3549 32);
1144 3515 1189 3541 est

111 3557 188 3590 Cod.
205 3558 235 3597 1,
248 3563 291 3597 ¹5,
304 3563 320 3589 2
339 3555 351 3599 11
368 3558 409 3590 31
428 3551 533 3599 ἡμῶν
549 3555 686 3599 πατρὸς
703 3556 753 3588 Βο
769 3555 781 3599 11
806 3556 850 3589 32
867 3551 1142 3597 διετυποόσαμεν
1158 3554 1188 3586 L

107 3602 163 3642 (cs.
178 3602 222 3633 ad
234 3602 264 3642 ς)
280 3600 293 3645 11
319 3602 360 3635 33
384 3598 431 3634 οἷς
454 3601 492 3633 ἐκ
511 3601 642 3641 MB05]
667 3597 762 3634 ὥστε
786 3601 814 3633 L
847 3600 885 3633 ἐκ
903 3598 953 3633 B!
967 3599 979 3642 11
1002 3599 1020 3631 έ
1042 3597 1189 3644 γράφως

107 3646 158 3678 Bc
183 3641 345 3690 ἀγράφου
363 3646 415 3678 Br
434 3645 446 3686 11
473 3646 516 3679 34
540 3645 894 3688 προενεχθέντωςΜ
905 3644 918 3690 11
941 3645 984 3679 35
1026 3655 1188 3689 αιφερεν-

107 3687 248 3734 δαριόυς
273 3692 329 3732 (id.
348 3692 423 3734 629,
437 3693 467 3734 2)
490 3691 617 3724 MLB‘

1315 2972 1330 3004 1
1350 2971 1412 3002 hae
1432 2969 1487 3013 Vll
1505 2971 1576 3010 aut]
1593 2968 1648 3002 uel
1660 2969 1694 3002 R
1709 2967 1722 3013 11
1740 2970 1762 3003 4
1774 2970 1861 3002 rubr.
1877 2967 1927 3000 De
1942 2966 2103 3010 sportulis
2118 2966 2159 2999 ab
2174 2966 2335 2999 exactori-

1255 3015 1316 3047 bus
1337 3014 1506 3056 exigendis
1526 3014 1560 3047 R
1577 3016 1609 3047 in
1626 3026 1727 3056 marq.
1744 3012 1758 3057 11
1784 3014 1803 3046 5
1828 3011 1902 3045 looo
1925 3024 1984 3045 om.
2009 3010 2062 3055 Vll
2081 3013 2193 3044 nostre
2217 3020 2284 3054 rep.
2306 3011 2340 3045 T

1255 3061 1370 3093 nostra
1386 3059 1570 3102 reipublica
1587 3058 1636 3092 V⁸
1652 3057 1667 3109 11
1683 3059 1704 3090 6
1721 3059 1759 3090 ut
1775 3069 1832 3090 om.
1844 3057 1888 3097 R,
1905 3058 1943 3088 ut
1958 3065 2066 3097 neque
2082 3068 2141 3089 om.
2159 3056 2193 3090 V
2203 3055 2215 3099 11
2232 3055 2336 3098 mag-i-

1254 3104 1376 3138 stranis
1399 3104 1433 3137 R
1449 3103 1462 3147 11
1487 3106 1505 3137 7
1529 3101 1743 3146 perfectranis
1769 3100 1824 3145 Τ11
1849 3100 1910 3134 alii
1930 3099 1982 3134 V’
1994 3101 2079 3145 vulq.
2099 3099 2336 3143 llquocumque

1264 3159 1314 3194 V¹
1338 3169 1545 3202 quacumque
1567 3157 1615 3193 V³
1632 3158 1644 3201 11
1661 3156 1803 3191 concede
1818 3156 1867 3190 T¹
1885 3156 1897 3200 11
1915 3158 1934 3191 8
1951 3146 2178 3199 sportulz‘irum
2193 3158 2263 3200 (sic)
2285 3157 2319 3191 V

1257 3207 1277 3239 9
1301 3215 1383 3247 quas
1403 3204 1450 3238 V¹
1468 3203 1482 3247 11
1508 3206 1548 3239 10
1572 3203 1719 3246 proferat
1735 3202 1767 3235 R
1789 3202 1920 3245 proserii
1940 3202 1972 3235 T
1979 3201 1990 3223 ²
2012 3201 2024 3246 11
2053 3204 2090 3236 11
2118 3212 2215 3244 quem
2230 3202 2324 3236 Beck

1256 3249 1389 3291 quidem
1415 3249 1492 3283 libri
1506 3248 1518 3292 11
1535 3247 1704 3281 inuenerit
1727 3247 1759 3280 T
1773 3245 1785 3290 11
1804 3248 1844 3281 12
1869 3246 1992 3279 habent
2014 3247 2063 3280 T¹
2082 3245 2094 3291 11
2113 3249 2153 3281 14
2177 3246 2336 3290 acciperit

1265 3294 1313 3338 Vl
1337 3293 1446 3336 passio
1466 3294 1514 3327 V¹
1532 3293 1545 3337 11
1565 3295 1605 3328 16
1624 3291 1868 3335 interpellatus]
1892 3291 2129 3336 interpellatur
2149 3292 2213 3326 VT
2230 3292 2335 3325 iuter-

1255 3294 1399 3382 pelletur
1415 3339 1447 3372 R
1459 3339 1546 3382 vuly.
1564 3337 1576 3382 11
1599 3340 1637 3372 17
1651 3337 1797 3379 neglexit
1813 3338 1846 3370 R
1861 3339 1873 3381 11
1892 3338 1994 3370 sicuti
2014 3336 2068 3381 1711
2087 3337 2174 3370 sicut
2191 3336 2335 3370 diximus

1255 3384 1361 3417 lesum
1386 3383 1434 3417 R¹
1462 3382 1474 3427 11
1500 3385 1540 3417 19
1565 3384 1699 3416 modum
1723 3382 1872 3424 exigetur
1895 3382 1929 3415 R
1958 3381 1964 3427 1
1991 3383 2030 3417 21
2058 3381 2253 3424 cognouerit
2274 3380 2336 3427 Τ11

1257 3430 1299 3463 22
1324 3427 1533 3462 executiones
1559 3429 1591 3462 T
1611 3428 1623 3471 11
1646 3426 1872 3472 sportulorum
1894 3427 1949 3471 Vl
1978 3426 2124 3468 nomine]
2148 3429 2235 3460 miae
2258 3427 2334 3466 (Le.

1255 3474 1431 3507 memoriae
1439 3473 1468 3515 Ἰ)
1495 3472 1576 3551 ΤἋΙ
1593 3476 1738 3506 nostram
1754 3472 1858 3515 legem
1879 3473 1911 3506 T
1922 3471 1934 3516 11
1954 3473 1996 3507 23
2021 3471 2204 3514 neglexerit
2224 3470 2329 3505 RVT

1256 3531 1338 3553 corr.
1352 3519 1437 3562 vulq.
1455 3518 1468 3562 11
1492 3519 1552 3551 uin
1577 3518 1660 3552 icari
1682 3518 1763 3552 VT²
1779 3517 1791 3561 11
1818 3519 1953 3558 Damus]
1978 3519 2089 3550 autem
2113 3517 2191 3549 add.
2207 3516 2300 3549 Beck
2330 3515 2335 3558 1

1256 3565 1299 3598 24
1323 3563 1470 3596 exhactis
1491 3564 1545 3607 Vl}
1565 3563 1795 3597 executoribus
1817 3562 1912 3596 Beck
1935 3562 1947 3606 11
1973 3564 2014 3597 25
2039 3560 2236 3595 constitutio
2257 3559 2308 3594 V²
2327 3559 2333 3603 Ι

1256 3611 1298 3642 26
1320 3608 1441 3642 uolunt
1459 3609 1491 3642 T
1505 3608 1516 3651 11
1539 3609 1586 3643 eis
1606 3622 1664 3643 om.
1681 3610 1713 3642 T
1732 3608 1744 3652 11
1763 3610 1803 3643 31
1824 3606 2045 3651 disposuimus
2062 3606 2095 3640 T
2103 3605 2115 3627 ¹
2130 3605 2144 3650 11
2161 3606 2204 3640 32
2219 3603 2335 3638 sentiis

1255 3654 1288 3687 R
1306 3653 1379 3698 1134
1403 3653 1620 3696 expectabiles
1645 3654 1736 3688 RV¹
1762 3652 1775 3698 11
1797 3654 1839 3686 35
1863 3651 2096 3687 refer-eutarius
2119 3649 2181 3696 311
2205 3651 2334 3684 nostru

1254 3700 1355 3743 vul9.]
1379 3701 1509 3733 nostros
1532 3699 1640 3733 RVT
