2476 3854
144 81 250 127 Nov.
282 82 459 127 CXVIII
493 88 527 127 1.
558 87 583 126 2

143 191 351 235 ὑπεξούσιος
374 190 420 247 ἦν
444 192 464 228 ὁ
489 193 717 237 τελευτήσας,
743 190 804 229 ἐπ’
821 196 967 228 ἐκείνοις
991 192 1127 239 δηλαδὴ
1150 199 1223 230 τοῖς

143 239 349 286 πράγμασιν
369 237 478 274 ἁτινα
501 239 593 272 κατὰ
617 238 699 273 τοὺς
722 237 847 272 ἄλλους
870 237 973 283 ἡμῶν
997 240 1127 284 νόμους
1149 244 1222 275 τοῖς

143 283 327 329 πατράσιν
351 281 392 318 οὐ
417 285 699 328 ποοςπορίζεται.
748 285 807 318 ἐπὶ
828 284 895 330 γὰρ
926 285 969 331 τῇ
993 284 1116 330 χρήσει
1145 287 1222 320 τῶν

143 327 370 375 πραγμάτων
392 317 535 363 τοῦτων
566 325 758 376 ὄφειλούσῃ
789 330 1098 374 προςπορίζεσθαι
1116 328 1138 373 ἢ
1157 344 1221 376 φυ-

143 373 345 408 λάττεσθαι
377 373 459 407 τοὺς
489 376 571 418 περὶ
599 374 743 408 τούτων
775 371 880 418 ἡμῶν
911 374 1042 418 νόμους
1070 378 1144 410 τοῖς
1165 389 1222 423 γο-

126 416 241 454 ‘vetat
266 416 510 464 φυλάττομεν·
542 415 641 452 οὕτω
663 421 838 465 μέντοιγε,
870 416 958 453 ῶςτε
982 420 1018 453 εἴ
1033 432 1118 454 τινα
1143 419 1223 455 τού-

142 477 219 498 των
243 465 320 497 τῶν
344 463 550 497 κατιόντων
575 461 706 498 παῖδας
737 462 989 499 καταλιπόντα
1014 464 1223 508 τελευτῆσαι

142 512 311 553 συμβαίη,
334 509 417 542 τοὺς
433 510 567 543 ἐκείνου
582 507 678 542 υἱοὺς
695 507 716 552 ἢ
734 509 936 555 θυγατέρας
954 507 976 553 ἢ
994 508 1077 544 τοὺς
1098 509 1224 544 ἄλλους

142 550 334 587 κατιόντας
357 554 404 587 εἰς
427 552 495 587 τὸν
518 554 583 587 τοῦ
605 551 696 587 ἰδίου
719 557 852 600 γονέως
876 554 993 589 τόπον
1017 551 1222 599 ὑπειςιέναι,

1195 81 1291 135 ,568

2022 99 2084 131 ms
2110 82 2364 133 munius
2420 102 2424 107 ·

1290 195 1356 231 sub
1384 196 1562 241 potestate
1592 195 1661 231 fuit
1692 195 1753 241 qui
1781 195 1972 234 defunctus
1999 200 2072 241 est,
2107 198 2145 234 in
2173 198 2244 235 illIs
2269 197 2363 235 vide-

1289 241 1372 275 licet
1407 249 1498 284 quae
1533 240 1728 276 secundum
1763 241 1852 278 alias
1887 244 2032 279 nostras
2070 242 2167 288 leges
2201 243 2364 288 patribus

1289 295 1361 321 non
1396 284 1644 329 adquiruntur.
1690 285 1783 321 Nam
1817 287 1855 322 in
1885 298 1953 323 usu
1983 297 2105 323 earum
2134 298 2269 331 rerum,
2305 288 2365 333 qui

1290 330 1394 366 debet
1417 329 1557 375 adquiri
1586 334 1649 366 aut
1672 332 1821 374 servari,
1851 334 1996 368 nostras
2028 332 2072 368 de
2095 332 2151 368 his
2182 333 2277 378 leges
2299 343 2364 378 pa·

1257 378 1276 409 5
1290 374 1452 410 rentibus
1484 375 1718 420 custodimus,
1747 376 1799 412 sic
1830 379 1949 412 tamen
1979 379 2022 413 ut
2051 377 2083 413 si
2113 387 2216 431 quem
2241 378 2366 420 horum

1291 420 1581 455 descendentium
1620 420 1712 456 filios
1747 422 2001 466 relinquentem
2039 432 2131 458 mon
2168 421 2364 467 contigerit,

1290 465 1384 500 illius
1408 464 1501 500 filios
1533 467 1597 501 aut
1618 465 1710 501 filias
1739 470 1803 502 aut
1826 467 1915 503 alios
1940 467 2195 503 descendentes
2221 467 2258 503 in
2281 477 2364 513 pro-

1317 510 1360 544 rii
1382 510 1541 554 parentis
1565 510 1645 546 loco
1669 511 1877 555 succedere,
1910 512 1983 548 sive
2014 513 2081 548 sub
2105 515 2283 557 potestate
2305 511 2364 548 de-

1307 555 1404 590 uncti
1441 555 1513 590 sive
1544 565 1630 591 suae
1660 556 1848 609 potestatis
1879 557 2117 599 inveniantur,
2154 561 2291 592 tantam
2321 557 2366 592 de

142 598 212 631 εἴτε
232 594 434 638 ὑπεξοῦσιοι
455 598 507 640 τῷ
525 596 778 641 τελευτήσαντι
798 599 869 632 εἴτε
885 595 1112 652 αὐτεξούσια
1131 597 1222 646 εὗρε·
1239 603 1279 635 10
1291 600 1486 635 hereditate
1509 600 1692 636 morientls
1716 601 1932 647 accipientes
1955 606 2111 647 partem,
2143 602 2365 647 quanticum-

142 643 254 684 θεῖεν,
286 644 463 677 τοσοῦτον
493 644 531 677 ἐκ
555 644 617 686 τῆς
640 642 872 688 κληρονομίας
901 643 1223 690 τουντελευτήσαν-

141 698 200 722 τος
220 686 475 732 λαμβάνοντας
496 691 615 735 μέρος,
641 686 858 731 ὅσοιδήποτε
882 685 929 723 ἂν
950 693 1052 732 ῶσιν,
1088 686 1178 725 ὅσον
1202 688 1221 724 ὁ

143 729 266 767 αὐτῶν
295 733 419 779 γονεὺς
449 734 480 766 εἰ
509 735 638 779 περιῆν
667 735 859 777 ἐκομίζετο,
891 730 1020 777 ἥντινα
1051 733 1223 778 διαδοχὴν

141 778 179 812 in
202 776 376 832 stirpesxvi
401 776 591 823 ἀρχαιότης
613 777 789 813 ἐκάλεσεν.
829 781 890 813 ἐπὶ
913 780 1045 823 ταύτης
1068 781 1138 825 γὰρ
1161 782 1223 823 τῆς

1292 655 1360 689 que
1376 644 1458 688 sint,
1484 648 1653 689 quantam
1669 655 1792 681 eorum
1810 656 1940 691 parens
1964 647 1994 682 si
2013 647 2144 683 viveret
2163 647 2364 683 habuisset:

1293 700 1397 734 quam
1421 689 1682 725 successionem
1703 690 1742 726 in
1765 691 1893 736 stirpes
1917 693 2055 728 vocavit
2076 692 2279 737 antiquitas.
2323 692 2366 727 In

1292 737 1361 770 hoc
1393 734 1485 770 enim
1516 735 1639 770 ordine
1669 735 1816 780 gradum
1846 736 1970 782 quaeri
1998 747 2072 772 non
2094 737 2273 780 volumus,
2303 736 2367 772 sed

1293 790 1373 814 cum
1395 779 1477 815 filiis
1501 783 1537 815 et
1559 779 1701 815 filiabus
1724 790 1769 816 ex
1786 785 2013 826 praemortuo
2031 781 2103 817 filio
2126 785 2189 818 aut
2207 782 2280 818 filia
2302 791 2365 817 ne-

142 822 277 876 τοίξεως
307 836 374 857 τον
405 823 560 867 βαθμὸν
592 823 782 877 ζητεῖσθαι
807 820 848 857 οὐ
872 823 1101 869 βουλόμεθα,
1133 822 1221 859 ἀλλὰ
1239 827 1278 859 15
1291 827 1394 870 potes
1418 825 1539 860 vocari
1562 825 1753 870 sancimus,
1777 827 1875 862 nulla
1893 826 2151 863 introducenda
2171 826 2367 863 differentia

141 880 232 911 μετα
265 869 343 903 τῶν
373 868 464 902 vidua
495 872 555 902 καὶ
585 882 663 903 των
693 869 910 915 θυγατέρων
940 870 1022 904 τοὺς
1051 871 1090 904 ἐκ
1124 870 1223 916 (τοῦ)

143 911 490 958 προτελευτήσαντος
505 913 583 947 υἱοῦ
600 911 622 957 ἢ
639 913 823 960 θυγατρὸς
847 913 1012 961 ἐγγόνους
1029 914 1222 949 καλεῖσθαι

143 958 380 1002 θεσπίζομεν,
412 955 576 1005 οὗδεμιᾴς
600 960 821 1005 εἰςαγομένης
844 958 1032 1005 διαφορᾶς,
1065 960 1135 994 εἴτε
1159 959 1221 1005 ἅρ-

142 1015 238 1048 ρενες
260 1004 331 1037 εἴτε
355 1002 503 1047 θήλειαι
526 1006 611 1046 αἷσι,
640 1008 701 1038 καὶ
724 1004 795 1038 εἴτε
817 1005 856 1045 ἐξ
879 1002 1130 1052 ἇρρενογονίας
1153 1006 1223 1039 εἴτε

1292 870 1365 905 sive
1388 870 1536 905 masculi
1567 880 1631 905 seu
1654 870 1805 906 feminae
1828 872 1915 912 sint,
1946 875 1983 907 et
2013 872 2086 908 sive
2115 881 2161 907 ex
2189 871 2365 908 masculo-

1291 926 1370 950 rum
1394 925 1457 950 seu
1480 914 1691 951 feminarum
1714 916 1815 960 prole
1838 916 2073 958 descendant,
2097 917 2171 952 sive
2195 926 2281 953 suae
2303 926 2366 962 po-

1290 960 1430 995 testatis
1462 969 1526 995 seu
1555 959 1622 995 sub
1654 964 1831 1005 potestate
1861 961 1934 997 sint
1962 962 2159 998 constituti.
2204 961 2255 997 Et
2276 961 2366 997 haec

1291 1004 1434 1049 quidem
1465 1005 1509 1041 de
1533 1005 1759 1041 successione
1790 1005 2076 1042 descendentium
2106 1006 2364 1052 disposuimus:

143 1050 180 1081 ἐκ
204 1047 423 1102 θηλυγονίας
451 1048 689 1096 κατάγονται,
721 1049 793 1083 εἴτε
824 1045 1030 1091 ὑπεξούσιοι
1061 1050 1132 1084 εἴτε
1163 1054 1222 1084 καὶ
1237 1051 1278 1084 20
1293 1060 1512 1095 consequens
1536 1051 1656 1085 autem
1681 1060 1759 1086 esse
1781 1051 2026 1097 perspeximus
2049 1055 2086 1088 et
2108 1051 2152 1088 de
2171 1052 2366 1088 ascenden·

143 1090 366 1134 αὐτεξουσιοι
401 1094 438 1128 εἴ
456 1106 535 1129 σαν.
583 1097 656 1128 Καὶ
690 1095 805 1129 ταῦτα
835 1096 903 1139 μὲν
938 1098 1020 1140 περὶ
1054 1097 1116 1129 τ”ς
1146 1097 1223 1130 τῶν

141 1139 348 1173 κατιόντων
373 1136 432 1173 δια
458 1141 539 1182 οχῆς
563 1138 815 1184 ἐτυπώσαμεν·
853 1137 1059 1175 ἀκόλουθον
1098 1141 1115 1173 ἐ
1130 1140 1224 1175 εἶναι

142 1182 351 1228 συνείδομεν
366 1188 426 1218 καὶ
442 1188 523 1230 περὶ
539 1186 617 1219 τῶν
633 1182 816 1219 ἀνιόντων
837 1183 1098 1229 διατάξασθαι,
1124 1181 1225 1221 ὅπως

143 1225 190 1262 ἂν
214 1230 261 1263 εἰς
284 1229 352 1272 τὴν
375 1231 453 1264 τῶν
476 1230 684 1264 κατιόντων
707 1229 876 1273 κληθεῖεν
904 1227 1085 1274 διαδοχήν.

1291 1096 1387 1131 tibus
1413 1094 1647 1139 constituere,
1681 1097 1855 1141 quomodo
1887 1097 1935 1133 ad
1963 1096 2255 1134 descendentium
2283 1106 2365 1133 suc-

1292 1141 1488 1177 cessionem
1507 1144 1692 1176 vocantur.

1143 1343 1299 1380 CAPUT
1322 1344 1368 1381 11.

188 1422 233 1454 Εἰ
251 1424 376 1455 τοίνυν
395 1419 415 1454 ὁ
434 1419 646 1464 τελευτήσας
667 1422 860 1457 κατιόντας
882 1424 950 1468 μὲν
963 1422 1013 1467 μὴ
1030 1421 1222 1458 καταλίποι
1237 1425 1278 1458 25

142 1463 389 1510 κληρονόμους,
415 1466 536 1512 πατὴρ
560 1465 600 1500 δὲ
622 1465 645 1510 ἢ
663 1469 781 1515 μήτηρ
805 1465 828 1511 ἢ
853 1467 954 1502 ἄλλοι
977 1471 1091 1515 γονεῖς
1122 1465 1221 1510 αὐτῷ

143 1511 369 1554 ἐπιζήσουσι,
400 1509 554 1546 πάντων
585 1513 662 1546 τῶν
694 1515 732 1546 ἐκ
756 1512 908 1559 πλαγίου
936 1514 1121 1559 συγγενῶν
1144 1514 1222 1547 τού-

142 1567 222 1590 τους
259 1557 512 1601 προτιμᾶσθαι
553 1557 795 1602 θεσπίζομεν,
835 1558 1063 1605 ἐξῃρημένων
1095 1556 1223 1602 μόνων

143 1599 312 1647 ἀδελφῶν
331 1602 370 1641 ἐξ
385 1602 552 1647 ἑκατέρου
572 1606 703 1648 γονέως
726 1607 1012 1647 συναπτομένων
1035 1603 1088 1646 τῷ
1106 1602 1221 1637 τελευ-

1360 1423 1397 1459 Si
1420 1423 1527 1467 igitur
1550 1423 1740 1459 defunctus
1764 1423 2017 1459 descendentes
2046 1423 2187 1469 quidem
2209 1434 2282 1460 non
2305 1423 2366 1460 de-

1291 1467 1470 1512 relinquat
1500 1469 1665 1512 heredes,
1696 1470 1800 1513 pater
1829 1473 1948 1504 autem
1978 1473 2041 1504 aut
2070 1472 2183 1505 mater
2212 1473 2277 1504 aut
2306 1469 2367 1504 alii

1290 1517 1456 1557 parentes
1490 1513 1523 1549 ei
1554 1514 1748 1558 supersint,
1785 1514 1949 1550 omnibus
1984 1523 2029 1550 ex
2059 1514 2171 1550 latere
2205 1514 2366 1559 cognatis

1290 1559 1356 1593 hos
1384 1558 1558 1604 praeponi
1588 1559 1778 1601 sancimus,
1815 1559 1974 1604 exceptis
2006 1559 2090 1594 solis
2119 1559 2292 1595 fratribus
2323 1569 2367 1594 ex

1291 1607 1442 1648 utroque
1466 1607 1614 1649 parente
1638 1604 1836 1640 coniunctis
1860 1603 2040 1647 defuncto,
2072 1604 2165 1639 sicut
2195 1614 2261 1650 per
2282 1605 2365 1640 sub-

141 1645 311 1689 τήσαντι,
334 1645 393 1701 ‚ais
417 1645 477 1680 διὰ
501 1661 579 1681 των
603 1648 681 1691 ἑξῆς
705 1646 972 1691 δηλωθήσεται.
1019 1649 1051 1682 εἰ
1075 1646 1114 1682 δὲ
1137 1647 1222 1683 πολ·
1237 1652 1277 1684 30
1292 1649 1476 1694 sequentia
1501 1649 1753 1685 declarabitur.
1797 1649 1834 1684 Si
1855 1651 1975 1684 autem
2006 1649 2150 1694 plurimi
2172 1649 2366 1686 ascenden-

141 1690 197 1725 λοὶ
221 1693 298 1725 τῶν
322 1691 507 1725 ανιόντων
530 1696 695 1739 περίεισι,
720 1694 866 1727 τούτους
890 1694 1144 1740 προτιμᾶσθαι
1168 1706 1221 1727 κε-

142 1735 302 1781 λεύομεν,
334 1737 462 1770 οἵτινες
486 1738 667 1783 ἐγγύτεροι
695 1739 747 1780 τῷ
771 1739 912 1781 βαθμῷ
938 1737 1132 1783 εὑρεθεῖεν,
1161 1737 1222 1782 ἅρ-

141 1782 245 1826 ρενάς
279 1794 319 1815 τε
353 1785 412 1815 καὶ
447 1782 615 1823 θηλείας,
647 1783 718 1817 εἴτε
750 1783 839 1828 πρὸς
869 1783 1003 1829 μητρὸς
1031 1783 1102 1817 εἴτε
1134 1783 1222 1828 πρὸς

141 1825 279 1881 πατρρς
301 1826 382 1861 εἷεν.
419 1827 449 1860 εἰ
473 1825 512 1860 δὲ
535 1827 603 1861 τὸν
619 1826 733 1862 αὐτὸν
757 1830 873 1869 ἑζχουσι
897 1827 1062 1882 βαθμρν,
1088 1828 1126 1868 ἐξ
1145 1828 1223 1870 ἴσης

1289 1693 1379 1729 tium
1399 1694 1530 1738 vivunt,
1555 1694 1621 1729 hos
1637 1694 1811 1739 praeponi
1829 1694 1992 1730 iubemus
2009 1695 2069 1738 qui
2084 1694 2236 1740 proximi
2253 1695 2368 1739 gradu

1290 1739 1518 1784 reperiuntur
1547 1739 1727 1775 masculos
1759 1742 1795 1774 et
1825 1739 1991 1782 feminas,
2024 1739 2096 1775 sive
2124 1740 2276 1775 materni
2303 1749 2368 1776 seu

1289 1785 1430 1829 paterni
1454 1784 1535 1820 sint.
1583 1784 1621 1819 Si
1643 1788 1763 1819 autem
1792 1784 1942 1820 eundem
1971 1785 2104 1820 habent
2126 1784 2291 1829 gradum,
2323 1794 2367 1820 ex

1290 1838 1405 1873 aequo
1436 1829 1530 1864 inter
1560 1839 1621 1865 eos
1653 1829 1831 1864 hereditas
1862 1829 2045 1871 dividitur,
2081 1831 2123 1864 ut
2143 1829 2367 1865 medietatem

141 1873 189 1924 εἰς
213 1871 340 1906 αυτοὺς
368 1870 390 1915 ή
415 1871 631 1917 κληρονομία
654 1871 945 1927 διαιρεθήσεται,
977 1885 1065 1928 coste
1088 1873 1131 1907 τὸ
1155 1875 1223 1917 μὲν
1235 1875 1278 1909 35
1291 1874 1430 1918 quidem
1449 1874 1628 1919 accipiant
1651 1884 1772 1910 omnes
1793 1884 1815 1910 a
1835 1879 1937 1919 patre
1957 1874 2201 1918 ascendentes,
2225 1874 2365 1920 quanti-

141 1914 250 1969 ἣμισυ
273 1915 474 1962 λαμβάνειν
497 1916 638 1951 πάντας
661 1918 742 1952 τοὺς
769 1930 858 1963 προς
881 1918 1016 1963 πατρὸς
1041 1919 1221 1961 ανιόντας,

143 1959 359 2008 ὃσοιδήποτε
380 1959 426 1996 ἂν
443 1965 522 2004 aiat,
546 1962 588 1996 τὸ
615 1960 654 1996 δὲ
669 1961 874 1998 ὑπόλοιπον
899 1960 1008 2007 ἥμισυ
1031 1963 1112 1997 τοὺς
1136 1963 1226 2009 πρὸς

1291 1929 1443 1964 cumque
1465 1919 1615 1962 fuerint,
1647 1919 1871 1955 medietatem
1899 1929 1982 1955 vero
2005 1919 2176 1965 reliquam
2206 1930 2230 1955 a
2253 1923 2368 1955 matre

209 2065 235 2085 c.
260 2053 305 2086 ΙΙ
329 2052 378 2085 Εἰ
401 2055 526 2086 τοίνυν
550 2072 594 2077 ——
618 2060 654 2087 29
680 2056 966 2098 συναπτομένων
991 2062 1020 2088 et
1044 2056 1150 2096 569,2
1173 2053 1204 2086 εἰ
1219 2050 1267 2086 ’δὲ
1288 2052 1380 2097 μετὰ
1404 2073 1447 2078 ——-
1471 2061 1504 2088 13
1524 2051 1734 2098 δεδώκαμεν
1755 2052 1868 2098 νόμου
1892 2067 1930 2088 ex
1954 2054 1990 2088 B
2014 2055 2109 2089 habet
2131 2054 2306 2090 Tractatus
2327 2056 2367 2090 de

139 2099 275 2138 peculiis
300 2099 319 2131 l.
338 2110 365 2131 c.

141 2199 172 2234 is
194 2199 258 2245 qui
281 2197 476 2244 defunctus
498 2201 567 2239 est,
592 2198 778 2245 praeponi
801 2198 972 2241 iubemus,
1004 2198 1042 2233 in
1065 2198 1139 2234 illis
1161 2198 1298 2234 seilicet
1320 2198 1427 2234 rebus

140 2255 214 2279 non
237 2243 492 2289 adquiruntur.
540 2243 594 2279 De
617 2244 811 2290 usufructu
835 2244 927 2278 enim
952 2244 1080 2279 narum
1102 2254 1223 2279 rerum

1483 2209 1552 2234 uae
1573 2198 1768 2234 secundum
1791 2198 1887 2234 alias
1917 2197 2014 2244 teqes
2035 2201 2182 2235 nostras
2201 2198 2370 2246 patribus

1257 2243 1319 2289 qui
1350 2244 1395 2278 iis
1418 2254 1440 2278 a
1468 2243 1565 2289 quiri
1596 2243 1653 2279 vel
1671 2244 1813 2279 servari
1833 2242 1936 2278 debet
1958 2243 1990 2279 le
2016 2254 2054 2279 es
2077 2247 2224 2280 nostras
2246 2244 2291 2281 de
2311 2243 2369 2281 his

141 2289 237 2324 latas
255 2288 473 2335 parentibus
495 2299 680 2324 servamus
689 2301 704 2330 ,·
738 2288 790 2323 ita
816 2293 933 2324 tamen
957 2293 998 2324 ut
1019 2289 1052 2323 si
1076 2299 1179 2335 quem
1203 2287 1332 2324 horum
1356 2288 1643 2324 descendentium
1667 2288 1789 2324 liberis
1815 2288 1950 2324 relictis
1997 2289 2142 2325 ecedere
2165 2289 2266 2325 conti
2287 2290 2367 2333 erit,

141 2334 239 2368 iltius
259 2333 331 2385 fitia]
360 2337 424 2385 aut
439 2334 550 2384 filiae
581 2338 645 2369 aut
675 2333 809 2379 reliqui
829 2333 1083 2370 descendentes
1113 2334 1150 2368 in

1207 2333 1343 2369 arentis
1371 2334 1429 2369 sui
1452 2333 1570 2369 locum
1598 2333 1803 2375 succedant,
1834 2333 1908 2369 sive
1937 2333 1975 2368 in
1991 2338 2177 2380 potestate
2205 2334 2250 2370 de
2271 2334 2369 2371 uncti

139 2379 214 2414 sive
236 2389 293 2413 sui
317 2389 409 2413 turis
432 2378 672 2420 inveniantur,
698 2382 836 2413 tantam
860 2389 909 2414 ex
930 2378 1128 2415 hereditate
1176 2379 1317 2424 efuncti
1336 2382 1479 2424 partem
1502 2379 1699 2424 accepturi,
1731 2381 1911 2430 quotquot
1927 2378 2011 2420 sint,
2039 2382 2213 2425 quantam
2229 2389 2369 2426 parens

142 2425 304 2470 ipsorum
327 2424 361 2458 si
383 2428 567 2469 superstes
589 2428 682 2460 esset
705 2428 922 2470 accepturus
944 2428 1047 2465 esset,
1071 2435 1180 2470 quam
1202 2423 1462 2460 successionem
1486 2424 1525 2459 in
1539 2425 1672 2470 stirpes
1695 2425 1894 2470 antiquitas
1917 2425 2067 2460 vocavit.
2115 2422 2162 2459 In
2185 2422 2254 2460 hoc
2276 2424 2369 2461 enim

143 2469 270 2504 ordine
292 2468 448 2514 qradum
477 2479 518 2504 re
545 2468 618 2504 uiri
639 2468 818 2511 nolumus,
847 2468 913 2504 sed
942 2479 1019 2504 cum
1046 2469 1137 2514 filiis
1159 2472 1195 2504 et
1213 2469 1362 2514 filiabus
1393 2473 1542 2515 nepotes
1565 2479 1615 2504 ex
1635 2472 1871 2515 praemortuo
1891 2468 1972 2514 filio
1994 2468 2114 2513 filiave
2134 2469 2258 2505 vocari
2284 2479 2368 2506 san-

143 2514 265 2555 cimus,
298 2524 383 2548 neve
407 2513 483 2549 ulla

533 2513 722 2558 ifferentia
750 2513 945 2549 inducatur
974 2518 1094 2550 utrum
1126 2514 1278 2550 masculi
1301 2525 1350 2549 an
1371 2514 1533 2560 feminae
1554 2514 1643 2556 sint,
1675 2517 1711 2550 et
1733 2518 1854 2549 utrum
1877 2524 1927 2549 ex
1948 2513 2148 2549 masculina
2172 2525 2221 2549 an
2243 2524 2293 2551 ex
2311 2515 2370 2561 fe-

143 2559 278 2594 minino
298 2559 475 2604 proqem'e
499 2558 728 2601 descendant,
753 2562 874 2593 utrum
898 2560 936 2593 in
956 2563 1137 2606 potestate
1161 2570 1209 2594 an
1230 2559 1337 2595 etiam
1360 2560 1418 2595 sui
1442 2559 1533 2594 iuris
1547 2559 1629 2594 sint.
1678 2557 1728 2594 Et
1746 2557 1835 2595 haec
1880 2558 1997 2594 uidem
2020 2558 2064 2594 de
2083 2558 2369 2595 descendentium

142 2603 366 2639 successione
389 2604 598 2639 statuimus:
628 2614 852 2649 consequens
874 2608 991 2640 autem
1016 2615 1091 2640 esse
1121 2604 1225 2640 nobis
1249 2604 1361 2640 visum
1384 2607 1436 2639 est
1459 2604 1567 2640 etiam
1591 2603 1636 2640 de
1658 2603 1864 2640 ascendenti
1891 2614 1932 2639 us
1954 2603 2156 2647 decernere,
2188 2603 2369 2650 quomodo

143 2648 192 2683 ad
215 2647 500 2683 descendentium
524 2649 783 2684 successionem
808 2654 991 2685 vocentur.

277 2692 324 2727 ΙΙ.
373 2691 415 2727 Si
435 2693 547 2738 iqitur
570 2693 767 2745 defunctus
790 2693 1042 2730 descendentes
1065 2694 1206 2740 quidem
1230 2693 1378 2730 heredes
1402 2705 1473 2729 non
1496 2694 1705 2747 reliquerit,
1728 2697 1837 2740 pater
1862 2696 1982 2746 autem
2009 2693 2073 2745 vel·
2087 2696 2202 2729 mater
2217 2693 2286 2746 'vel
2306 2693 2371 2730 alii

138 2741 312 2784 parentes
335 2737 369 2772 ei
391 2739 602 2784 superstites
624 2743 707 2780 sint,
732 2738 893 2774 omnibus
915 2750 966 2775 eae
989 2739 1102 2776 latere
1124 2740 1292 2786 coqnatis
1315 2749 1378 2775 eos
1394 2749 1578 2786 praeponi
1602 2748 1794 2780 sancimus,
1818 2742 1982 2785 exceptis
2003 2738 2092 2774 solis
2106 2738 2289 2784 fratrebus
2310 2737 2370 2775 de-

142 2784 273 2828 functo
305 2792 354 2817 ex
385 2787 541 2828 utroque
564 2787 721 2829 parente
753 2784 967 2826 coniunctis,
998 2785 1093 2820 sicut
1121 2796 1189 2831 per
1218 2795 1262 2820 ea
1292 2795 1386 2830 quae
1412 2788 1614 2830 sequuntur
1642 2783 1899 2820 declarabitur.

144 2827 302 2863 dentium
324 2832 530 2873 supersunt,
562 2839 624 2863 eos
652 2828 826 2874 anteponi
850 2828 1020 2871 iubemus,
1056 2830 1119 2876 qui
1145 2829 1265 2876 qradu
1394 2830 1401 2837 “

1946 2782 2084 2827 Quodsi
2114 2781 2218 2819 multi
2247 2793 2370 2819 ascen-

1316 2840 1482 2876 roptores
1504 2829 1745 2871 inveniantur,
1777 2831 1849 2864 tam
1869 2828 2046 2864 masculos

2095 2838 2178 2863 uam
2221 2837 2359 2864 emmas

144 2873 218 2908 sive
240 2872 395 2907 materni
416 2872 490 2908 sive
507 2874 655 2918 paterni
678 2874 761 2909 sint.
810 2872 852 2908 Si
875 2877 993 2909 autem
1017 2874 1167 2911 eundem
1190 2885 1260 2922 θνα
1288 2885 1346 2909 um
1371 2874 1543 2917 obtinent,
1567 2885 1617 2910 ex
1637 2884 1753 2920 aequo
1778 2874 1872 2909 inter
1894 2883 1957 2909 eos
1978 2872 2063 2908 here
2088 2873 2159 2908 itas
2169 2827 2369 2924 'Avidetwi

145 2923 184 2953 ut
207 2915 391 2952 dimidiam
413 2921 554 2962 partem
579 2928 700 2953 omnes
717 2919 867 2964 paterni
890 2919 1123 2956 ascendentes
1145 2920 1346 2966 accipiant,
1371 2923 1612 2965 quotcumque
1633 2919 1723 2962 sint,
1747 2917 1932 2964 reliquam>
1947 2921 2066 2954 autem
2089 2916 2271 2952 dimidiam
2293 2926 2369 2952 ma-

191 3032 211 3064 2
234 3027 376 3073 νόμους]
394 3029 482 3083 γΟοά.
500 3029 532 3070 6,
549 3036 591 3068 61,
606 3036 634 3062 6.
649 3036 664 3062 8
684 3028 696 3072 ΙΙ
723 3031 742 3063 3
767 3031 1067 3075 προςπορίζονται
1085 3032 1193 3065 Tract.
1214 3030 1226 3077 11

146 3076 190 3118 τῆ
212 3073 346 3119 χρήσει]
382 3085 436 3107 ων
458 3068 481 3115 ἦ
505 3073 626 3117 χρῆσις
654 3074 702 3106 L²
730 3074 742 3117 11
771 3077 791 3108 4
816 3071 1008 3118 ὀφειλούση
1033 3077 1090 3118 M]
1127 3072 1225 3121 ὀφεί-

147 3111 245 3154 λουσι
270 3120 318 3153 L¹
350 3114 484 3165 ὀφείλει
504 3118 552 3151 L²
583 3117 637 3151 οὖν
652 3120 712 3159 (sic
727 3119 787 3157 B’,
812 3116 834 3160 ἢ
851 3119 908 3160 Bt,
934 3116 960 3151 (ἲ
977 3110 1102 3162 Ϋναοι.)
1126 3118 1224 3166 ὀφεί-

149 3164 294 3199 λουσιΒ
311 3164 324 3208 11
350 3167 392 3199 12
412 3158 656 3207 λαμβάνοντες
677 3164 724 3196 13³
748 3164 759 3201 ΙΙ
784 3158 873 3196 ὅσον
895 3164 1035 3198 ἑαυτῶν
1060 3161 1078 3198 ὁ
1102 3165 1225 3211 γονεὺς

148 3212 195 3243 13⁸
216 3210 228 3255 11
255 3212 295 3244 14
318 3210 355 3242 in
376 3209 495 3251 stirpes
515 3209 587 3242 ML
597 3211 626 3249 ς]
652 3207 744 3241 κατὰ
766 3208 888 3253 σειρὰν
907 3222 932 3242 s.
947 3222 974 3242 v.
988 3211 1020 3243 L
1044 3209 1136 3243 κατὰ
1154 3222 1224 3244 σει-

146 3254 216 3300 ρὰν
240 3254 279 3294 ἐξ
301 3253 378 3297 ἴσης
395 3255 440 3294 Β,
471 3253 535 3287 τοῦ
553 3255 674 3299 γένους
700 3255 731 3286 in
751 3266 853 3296 marq.
877 3266 988 3287 manus
1007 3257 1224 3289 recentissima

146 3302 194 3334 Μ
201 3302 213 3342 11
242 3302 282 3334 16
306 3301 368 3333 τοῦ
395 3300 472 3332 add.
491 3299 683 3332 Haloander
701 3298 714 3342 11
740 3300 778 3332 17
806 3295 970 3343 ἐκγόνους
987 3299 1035 3332 B⁸
1053 3300 1065 3342 11
1091 3302 1131 3333 19
1155 3300 1223 3333 εἰσὶ

152 3348 181 3378 Β
203 3345 215 3389 11
241 3347 300 3378 καὶ
326 3357 384 3377 om.
407 3345 452 3377 B⁸
475 3343 488 3386 11
519 3345 560 3378 20
585 3340 678 3376 κατά
703 3355 818 3376 ωνται
849 3344 1014 3387 Scrimyer
1042 3344 1054 3385 11
1081 3347 1140 3377 καὶ
1165 3358 1222 3378 om.

146 3391 225 3426 Bssff
252 3390 264 3434 11
296 3391 337 3423 22
364 3387 637 3432 διετυπιόσαμεν
696 3387 747 3421 Bt
769 3386 781 3431 11
808 3385 848 3421 δὲ
871 3401 929 3421 om.
955 3389 985 3421 L
1010 3388 1022 3431 11
1052 3389 1093 3422 25
1118 3402 1225 3422 κατα-

147 3433 233 3477 λίπη
260 3436 367 3468 Traet.
385 3434 397 3472 ΙΙ
425 3436 469 3468 26
494 3429 618 3467 αὐτῶν
635 3434 665 3467 L
697 3429 807 3466 αὐτοῦ
831 3434 878 3466 B⁸
909 3433 921 3476 11
948 3433 989 3466 28
1041 3433 1140 3466 όνων
1165 3447 1222 3467 om.

148 3471 256 3513 Tra‘ct.
276 3480 288 3522 11
312 3481 356 3513 29
380 3475 547 3524 ἀδελφῶν
573 3479 644 3520 Me]
669 3474 837 3523 ἀδελφῶν
860 3479 920 3510 καὶ
943 3474 1008 3511 ἅδε
1031 3475 1224 3522 φοπαίδων

149 3525 216 3557 LB
240 3527 292 3566 (ex
315 3537 386 3558 nov.
407 3525 598 3565 CXXVII,
616 3527 630 3557 1
659 3524 871 3567 interpolata,
896 3524 938 3566 cf.
961 3525 1006 3556 ad
1026 3525 1103 3565 569,
1120 3530 1146 3557 2.
1165 3527 1195 3565 8)
1212 3524 1224 3567 11

149 3571 190 3602 32
222 3569 346 3603 εἴτινες
379 3570 423 3602 Μ
445 3569 457 3607 ΙΙ
490 3570 532 3604 33
564 3566 712 3611 θήλειαι
743 3569 793 3602 Β*
822 3567 834 3609 11
867 3566 938 3601 εἴτε
968 3567 1057 3612 πρὸς
1089 3568 1224 3612 πατρὸς

148 3614 217 3646 εἴτε
241 3614 331 3658 πρὸς
353 3613 486 3658 μητρὸς
504 3614 603 3648 MR
624 3615 678 3658 (cf.
701 3615 746 3647 ad
768 3615 800 3656 ς)
821 3614 834 3657 11
858 3614 900 3647 35
927 3613 973 3646 εἰς
998 3609 1137 3654 αὐτοὺς]
1161 3609 1222 3645 αὐ-

147 3662 218 3693 τοῖς·
245 3660 291 3692 13³

1347 3034 1362 3065 1
1390 3031 1427 3064 in
1450 3030 1530 3071 illis]
1555 3029 1609 3062 illi
1635 3029 1668 3062 T
1688 3028 1701 3073 11
1724 3030 1745 3062 2
1768 3028 1858 3071 leges
1881 3030 2010 3061 nostras
2034 3027 2116 3060 alias
2141 3027 2195 3070 ΤΙΙ
2218 3027 2368 3071 parenti-

1291 3075 1353 3109 bus
1373 3076 1407 3109 V
1423 3075 1435 3118 11
1461 3076 1480 3108 3
1507 3084 1620 3107 earum
1641 3073 1719 3114 VT]
1744 3074 1863 3106 harum
1886 3073 2017 3116 Rvuly.
2040 3071 2052 3116 11
2079 3071 2201 3114 quibus
2225 3072 2322 3106 debet
2341 3073 2375 3106 V

1292 3130 1377 3162 quae
1400 3120 1520 3153 debent
1544 3117 1596 3153 T²
1611 3118 1624 3162 11
1649 3119 1669 3151 5
1693 3119 1740 3151 tffi
1760 3116 1858 3161 RVn
1884 3118 1904 3151 6
1926 3116 2153 3159 relinquentes
2175 3116 2232 3161 ΤΒ
2254 3119 2273 3152 7
2298 3116 2369 3151 illis

1295 3165 1344 3199 T¹
1364 3164 1377 3206 11
1399 3166 1419 3199 8
1443 3164 1553 3198 locum
1576 3163 1661 3206 cuiq.
1679 3161 1692 3206 11
1716 3164 1737 3196 9
1758 3161 1951 3195 inueniatur
1970 3162 2083 3204 RVT‘,
2099 3175 2182 3196 corr.
2196 3161 2312 3207 vulq..
2329 3162 2370 3196 de

1291 3209 1487 3250 hereditate]
1510 3206 1778 3240 tenetote-tofi
1801 3206 1851 3240 V¹
1875 3207 1886 3249 11
1912 3208 1952 3241 15
1977 3206 2125 3240 diffentic
2156 3207 2190 3240 V
2207 3207 2220 3247 11
2249 3207 2288 3242 16
2310 3217 2368 3241 fleu

1291 3254 1413 3288 femine
1434 3254 1479 3295 V]
1503 3253 1575 3286 siue
1599 3252 1739 3285 feminae
1764 3252 1831 3284 ΚΤ
1842 3251 1958 3295 υυ19.11
1984 3255 2017 3284 et
2040 3265 2097 3285 om.
2112 3252 2206 3294 RTu
2232 3254 2272 3286 17
2297 3252 2370 3286 siue

1291 3300 1489 3332 seminarum
1509 3297 1566 3342 Vn
1584 3299 1625 3331 18
1650 3297 1721 3329 siue
1737 3295 1797 3329 sub
1823 3297 1856 3329 T
1863 3298 1951 3340 vulq.
1970 3295 1983 3341 11
2000 3299 2042 3331 19
2055 3296 2276 3339 Δ(ἰεεροειιιίιιιιιι
2292 3295 2341 3331 13²
2355 3295 2369 3342 11

1292 3345 1332 3379 21
1359 3342 1599 3386 quodammodo
1623 3342 1673 3375 T¹
1690 3341 1703 3384 11
1729 3343 1771 3375 22
1791 3343 1950 3374 vocentur
1974 3342 2059 3386 only.
2077 3341 2089 3386 11
2109 3343 2151 3376 26
2174 3344 2286 3375 autem
2308 3353 2368 3376 om.

1294 3389 1326 3422 T
1338 3388 1350 3431 11
1367 3391 1427 3421 aut
1449 3388 1520 3429 alii]
1546 3387 1606 3420 alii
1625 3386 1685 3419 alii
1706 3387 1760 3420 V⁰
1784 3386 1797 3430 11
1821 3387 1861 3420 27
1888 3386 1934 3419 eis
1955 3387 1989 3419 V
2004 3386 2017 3431 11
2042 3387 2084 3421 29
2108 3389 2262 3430 parentes
2285 3385 2334 3420 R¹

1291 3434 1455 3466 conuictis
1487 3434 1520 3466 V
1548 3431 1722 3465 coniuncti
1753 3431 1941 3465 coniunctis
1965 3432 2013 3465 Ει
2088 3431 2262 3465 defunctos
2294 3431 2330 3465 V

1291 3479 1333 3512 30
1357 3477 1410 3511 sin
1443 3478 1477 3511 V
1496 3478 1508 3521 11
1535 3478 1574 3511 31
1602 3477 1727 3510 uiuunt
1749 3476 1838 3517 RV]
1873 3477 1999 3510 iuuerit
2026 3477 2038 3490 '
2081 3476 2094 3520 11
2122 3476 2194 3517 hos]
2230 3477 2292 3509 hoo
2314 3475 2369 3509 R⁰

1294 3536 1332 3554 n
1356 3523 1404 3556 V¹
1422 3523 1434 3565 11
1451 3525 1493 3556 32
1509 3523 1581 3556 siue
1597 3521 1739 3555 materni
1757 3531 1815 3554 seu
1830 3521 1962 3563 paterni
1983 3521 2029 3564 V]
2053 3521 2125 3555 siue
2140 3521 2272 3564 paterni
2295 3520 2368 3553 siue

1290 3568 1431 3600 materni
1457 3569 1616 3611 RTvulq.
1635 3567 1648 3610 11
1672 3567 1714 3601 33
1738 3566 1838 3600 habet
1861 3567 1908 3600 R¹
1933 3567 1946 3611 11
1970 3568 2014 3602 34
2037 3565 2203 3599 hereditas
2226 3578 2284 3599 om.
2306 3565 2340 3599 V
2355 3563 2368 3606 11

1291 3613 1462 3646 diuidatur
1486 3614 1520 3646 R
1535 3614 1620 3656 vulq.
1640 3612 1652 3656 11
1669 3613 1711 3647 35
1734 3611 1968 3645 descendentes
1988 3611 2044 3656 Vss
2071 3612 2114 3646 36
2138 3610 2284 3653 aliquam
2306 3607 2368 3653 Vll

1291 3668 1309 3690 a
1333 3660 1436 3691 matre
1461 3671 1517 3692 om.
1537 3659 1566 3691 R
