2476 3854
108 97 215 140 Nov.
237 96 478 141 CXXXVII
510 99 546 140 1.
577 99 603 139 2
1181 92 1265 140 (396
1657 110 1715 141 DE
1744 109 1994 143 οΒΕΑΤῐοΝΕ
2021 106 2331 145 EPISCOPORUM

105 207 173 254 γὰρ
206 207 243 242 οἱ
274 210 573 254 ἐπιτετραμμένοι
596 205 772 250 εὔχεσθαι
792 205 883 251 ὑπὲρ
906 206 970 240 τοῦ
995 205 1082 241 λαοῦ
1107 203 1249 248 ἀνάξιοι
1272 209 1334 251 τῆς
1357 208 1420 241 τοῦ
1446 207 1537 241 θεοῦ
1550 205 1744 252 ὑπηρεσίας
1755 205 1947 255 εὑρεθεῖεν,
1973 211 2051 245 πῶς
2067 208 2159 256 ὑπὲρ
2173 212 2250 246 τῶν
2266 212 2331 246 τοῦ

106 254 192 287 λαοῦ
217 252 537 298 πλημμελημάτων
559 251 788 293 ἐξιλεοῦσθαι
812 249 1030 294 δυνήσονται
1054 251 1121 287 τὸν
1146 253 1254 294 θεόν,
1280 249 1340 287 ὅτι
1359 251 1398 286 δὲ
1421 252 1482 286 τὰς
1504 256 1722 296 χειροτονίας
1745 254 1821 288 τῶν
1845 253 1970 300 ἱερέων
1992 254 2082 299 μετὰ
2099 258 2216 299 πάσης
2231 254 2330 301 ἄκρι-

104 302 203 343 βείας
231 297 395 344 προςήκει
414 298 605 344 γίνεσθαι,
629 295 791 331 διδάσκει
813 293 905 340 ἡμᾶς
931 299 990 330 καὶ
1020 293 1040 330 ὁ
1074 299 1114 331 ἐν
1141 295 1255 343 ἁγίοις
1279 300 1367 343 Γρη
1375 298 1479 344 γόρι
1491 309 1535 332 ος
1558 297 1578 331 ὁ
1606 297 1786 345 θεολόγος,
1810 299 1986 344 ἑπόμενος
2008 304 2082 335 τοῖς
2105 297 2214 347 ἆγίοις
2237 297 2328 335 ἀπο-

105 342 247 378 στόλοις
267 347 326 376 καὶ
351 347 422 377 τοῖς
446 344 562 377 θείοις
584 340 725 377 κανόσι.
773 340 863 388 λέγει
885 340 955 388 γὰρ
981 342 1021 375 ἐν
1043 343 1096 386 τῷ
1123 342 1278 389 Μεγάλῳ
1301 340 1566 389 Ἀπολογητικῷ
1587 339 1714 378 οὕτως·
1755 348 1823 378 τίς
1848 343 1896 379 δὲ
1917 348 2015 380 τοῖς
2037 346 2118 380 τοῦ
2144 344 2329 379 Παύλου

105 386 271 423 κανόσι
307 391 379 421 καὶ
415 386 541 431 ὅροις
577 387 743 421 ἑαυτὸν
778 390 1117 432 παρεκτείνων,
1154 386 1226 422 οὕς
1260 391 1364 433 περὶ
1400 389 1669 423 ἐπισκόπων
1701 389 1832 430 ἔταξε
1868 392 1943 423 καὶ
1979 393 2327 446 πρεσβυτέρων,
2374 393 2394 426 5

104 432 377 479 νηφαλεόυς,
406 433 649 478 σώφρονας
680 432 817 474 εἶναι,
847 430 905 476 μὴ
939 436 1205 477 παροίνους,
1234 431 1292 477 μὴ
1318 432 1537 476 πλήκτας,
1573 431 1886 478 διδακτικούς,
1915 431 2258 478 ἀνεπιληπτους
2281 437 2330 469 ἐν

105 475 251 514 ἅπασι
283 480 357 511 καὶ
389 475 701 521 ἇνεπιβάτους
731 480 824 511 τοῖς
854 480 1091 522 πονηροῖς,
1123 474 1172 511 οὗ
1205 477 1320 512 πολὺ
1345 477 1396 511 τὸ
1421 477 1672 525 διαφεῦγον
1694 478 1877 524 εὑρήσει
1900 479 1981 524 τὴν
2002 481 2095 514 τῶν
2118 479 2328 515 κανόνων

105 520 350 564 εὐθύτητα.
388 526 448 557 καὶ
466 520 612 558 πάλινὸ
631 520 740 556 αὐτὸς
755 522 847 568 λε’γει
863 518 996 557 οὕτως·
1020 523 1330 568 καθαρθῆναι
1355 521 1422 557 δεῖ
1444 525 1652 569 πρῶτον,
1676 524 1776 558 εἶτα
1799 525 2021 572 καθᾶραι,
2043 525 2328 571 σοφισθῆναι

104 571 177 602 καὶ
209 564 352 601 οὕτως
382 572 594 613 σοφίσαι,
629 569 855 613 γενέσθαι
887 569 975 613 φῶς
1006 571 1081 602 καὶ
1112 572 1329 612 φωτίσαι,
1368 570 1545 614 ἐγγίσαι
1576 569 1670 612 θεῷ
1702 572 1775 603 καὶ
1807 573 2112 615 προςαγαγεῖν
2148 568 2328 609 ἄλλους.

103 612 395 659 ἁγιασθῆναι
426 617 501 647 καὶ
524 609 732 660 ἁγιάσαι,
763 614 1108 659 χειραγωγῆσαι
1130 612 1243 658 μετὰ
1267 615 1455 658 χειρῶν,
1489 613 1830 658 συμβουλεῦσαι
1851 615 1963 659 μετὰ
1989 618 2220 650 συνέσεως.
2267 618 2328 649 καὶ
2354 619 2394 651 10

103 657 214 693 πάλιν
239 654 258 691 ὃ
285 656 392 693 αὐτὸς
415 660 455 692 ἐν
479 656 593 704 ἁγίοις
617 658 809 705 Γρηγόριος
833 661 916 703 περὶ
938 659 1016 693 τῶν
1048 657 1174 693 αὐτῶν
1198 660 1238 693 ἐν
1265 660 1320 701 τῷ
1347 657 1449 702 αὐτῷ
1483 657 1577 705 λόγῳ
1610 660 1718 693 τοῦτο
1747 659 1895 706 γράφει·
1934 663 2002 695 τίς
2033 660 2054 694 ὁ
2088 659 2326 698 πλάττων.
2469 683 2476 703 ¹

102 700 318 747 καθάπερ
349 701 617 749 αὐθημερὸν
647 703 751 737 τοὺς
782 701 1018 747 πηλίνους,
1047 702 1130 738 τὸν
1160 705 1238 747 τῆς
1262 701 1460 743 ἀληθοῦς
1483 702 1771 750 λειτουργίας
1794 704 2082 749 προστάτην,
2105 704 2190 740 τὸν
2213 704 2327 749 μετὰ

103 745 310 795 ἀγγέλων
345 748 640 793 στησόμενον
670 751 744 782 καὶ
778 747 892 793 μετὰ
928 745 1224 795 ἀρχαγγέλων
1260 746 1520 788 δοξάσοντα
1555 753 1630 783 καὶ
1665 752 1853 795 Χριστῷ
1894 750 2326 796 συνιερατεύσοντα;

101 797 161 827 καὶ
193 791 252 827 διὰ
283 792 426 829 τούτων
456 796 525 839 μὲν
555 791 734 828 δείκνυσιν
757 790 778 827 ὁ
810 793 996 840 θεολόγος,
1041 791 1186 828 ὁποίους
1217 792 1272 828 δεῖ
1302 793 1392 840 πρὸς
1423 795 1490 837 τὴν
1525 793 1723 838 ἱερωσύνην
1746 793 2034 840 προβάλλεσθαι.
2081 799 2164 840 περὶ
2188 793 2228 829 δὲ
2249 797 2328 829 τῶν
2471 795 2476 836 ἰ

102 836 261 878 ἀναξίως
278 842 605 885 χειροτονουμένων
623 836 643 873 ὁ
664 836 771 873 αὐτὸς
786 837 875 872 τάδε
891 838 983 885 λέγει
999 840 1108 882 ἐντῷ
1134 836 1234 882 αὐτῷ
1258 839 1374 885 λόγῳ·
1398 839 1442 873 οἳ
1462 837 1604 884 μηδὲν
1627 840 1676 886 τῇ
1702 839 1932 884 ἱεοωσύνη
1956 840 2327 888 προειςενεγκόν·
2354 842 2394 875 15

100 895 171 918 τες
192 883 308 928 μηδὲ
331 886 409 919 τοῦ
432 884 573 919 καλοῦ
597 883 1139 929 προταλαιπωρήσαντες
1162 883 1271 926 ὁμοῦ
1295 897 1342 918 τε
1364 884 1569 929 μαθηταὶ
1594 888 1668 918 καὶ
1693 871 1966 920 διδάσκαλοι
1989 886 2067 928 τῆς
2090 884 2329 930 εὐσεβείας

102 925 489 974 α’ναδείκνυνται,
518 932 593 963 καὶ
627 932 735 975 πρὶν
764 930 1074 975 καθαρθῆναι
1105 930 1406 974 καθαίρουσι,
1441 930 1548 972 χθὲς
1580 926 1810 974 ἱερόσυλοι
1840 933 1911 964 καὶ
1942 928 2142 976 σήμερον
2174 929 2328 974 ἱερεῖς,

99 974 206 1016 χθὲς
239 976 331 1008 τῶν
365 973 514 1021 ἁγίων
549 974 634 1015 ἔξω
670 977 749 1008 καὶ
783 977 1078 1021 μυσταγωγοὶ
1114 975 1334 1019 σήμερον,
1370 974 1563 1010 παλαιοὶ
1597 975 1681 1018 τὴν
1715 979 1880 1008 κακίαν
1915 978 1990 1008 καὶ
2025 972 2211 1016 σχέδιοι
2246 974 2329 1018 τὴν

100 1016 364 1063 εὐσέβειαν,
398 1017 422 1054 δ’
452 1021 477 1053 ἔ
504 1032 587 1065 γον
616 1018 668 1062 χά
704 1030 798 1054 ιτος
825 1018 1146 1065 ἀνθρωπίνης,
1170 1019 1219 1053 οὗ
1243 1021 1319 1063 τῆς
1341 1020 1420 1054 τοῦ
1444 1017 1719 1065 πνεύματος.
1765 1016 1825 1054 ὅτι
1849 1018 1888 1054 δὲ
1911 1019 1948 1054 οἱ
1969 1020 2066 1054 θεῖοι
2088 1018 2234 1054 κανόνες
2257 1033 2326 1054 κω·

101 1063 224 1098 λύουσι
247 1064 432 1110 κληρικοὺς
453 1078 470 1098 ε
485 1078 547 1099 ναι
570 1065 650 1099 τοὺς
698 1066 779 1098 ευτέ
801 1078 846 1099 αν
866 1062 1026 1109 γαμετὴν
1050 1063 1248 1109 λαβόντας,
1279 1068 1339 1098 καὶ
1363 1064 1382 1099 ὁ
1407 1066 1446 1099 ἐν
1470 1063 1583 1111 οἶγίοις
1606 1063 1847 1099 Βασίλειος
1871 1061 2058 1099 διδάσκων
2080 1061 2196 1099 οὕτως
2218 1063 2325 1111 λέγει·
2350 1066 2392 1100 20

99 1109 204 1143 τοὺς
228 1110 599 1157 δευτερογάμους
622 1122 771 1144 παντε
806 1111 861 1144 ῶς
884 1108 904 1143 ὁ
928 1108 1082 1144 κανῶν
1105 1111 1181 1152 τῆς
1211 1108 1462 1153 ὑπηρεσίας
1493 1107 1745 1145 ἀπέκλεισε.
1792 1112 1993 1144 καὶταῦτα
2016 1111 2084 1155 μὲν
2106 1107 2126 1144 ὁ
2150 1111 2192 1144 ἐν
2213 1108 2328 1156 ἁγίοις

99 1154 296 1189 Βασίλειος.
338 1157 514 1190 τοσοῦτον
531 1153 570 1189 δὲ
585 1154 622 1189 οἱ
635 1152 732 1202 ἅγιοι
756 1158 906 1201 πατέρες
929 1157 991 1198 τῆς
1015 1153 1210 1202 ἱερωσύνης
1232 1154 1462 1201 ἐφρόντισαν,
1487 1151 1545 1190 ὅτι
1568 1154 1604 1189 οἱ
1627 1157 1674 1190 ἐν
1690 1157 1731 1189 Ν
1735 1159 1834 1189 ικαί
1839 1170 1863 1198 ᾳ
1886 1154 2127 1190 συνελθόντες
2149 1153 2328 1189 κανόνα

100 1200 271 1240 ἐξέθεντο
303 1196 420 1235 οὕτως
442 1203 589 1243 ἔχοντα·
627 1197 917 1247 ἀπηγόρευσε
950 1200 1156 1234 καθόλου
1186 1197 1208 1244 ἦ
1240 1199 1413 1247 μεγάλη
1446 1198 1639 1235 σύνοδος
1669 1200 1779 1244 μήτε
1810 1199 2048 1243 ἐπισκόπῳ
2078 1199 2191 1245 μήτε
2222 1211 2328 1246 πρε-

99 1249 307 1291 σβυτέρῳ
343 1243 456 1290 μήτε
491 1243 693 1289 διακόνῳ
727 1244 845 1289 μήτε
879 1242 994 1280 ὅλως
1027 1246 1118 1280 τῶν
1151 1249 1201 1280 ἓν
1234 1246 1296 1289 τῷ
1331 1244 1471 1293 κλήρῳ
1507 1249 1602 1280 τινὶ
1637 1246 1811 1286 ἐξεῖναι
1846 1248 2150 1280 συνείςακτον
2185 1245 2328 1289 ἔχειν,

99 1290 214 1334 πλὴν
238 1291 353 1335 εἰμὴ
377 1290 460 1337 α”ρα
483 1287 697 1337 μητέραῆ
721 1291 861 1325 θείαν
883 1289 907 1335 ἢ
930 1287 955 1323 ἃ
977 1288 1095 1335 μόνα
1118 1289 1334 1338 πρόςωπα
1358 1288 1565 1338 ὑποψίαν
1589 1289 1844 1338 διαφεύγει.

1089 1380 1247 1418 CAPUT
1270 1381 1318 1418 ΙΙ.

239 1441 314 1472 Τοῖς
342 1431 408 1473 οὖν
434 1436 507 1473 ὑπὸ
539 1439 617 1475 τῶν
648 1438 767 1472 θείων
798 1437 967 1472 κανόνων
999 1435 1207 1484 ὁρισθεῖσιν
1237 1436 1521 1473 ἀκολουθοῦντες
1543 1437 1612 1472 τὸν
1635 1435 1804 1482 παρόντα
1827 1436 2038 1482 ποιούμεθα
2060 1436 2188 1482 νόμον,
2212 1431 2257 1471 δι’
2281 1426 2325 1471 οὗ

99 1484 345 1528 θεσπίζομεν,
377 1480 502 1518 ὁσάκις
531 1487 631 1529 χρεία
658 1486 804 1531 γένηται
828 1484 1028 1519 ἐπίσκοπον
1050 1484 1369 1530 χειροτονηθῆναι,
1400 1486 1562 1518 συνιέναι
1585 1482 1666 1518 τοὺς
1688 1481 1873 1529 κληρικοῦς
1895 1485 1957 1516 καὶ
1979 1482 2063 1517 τοὺς
2083 1479 2248 1527 πρώτους
2266 1482 2328 1526 τῆς

2351 1290 2394 1324 25

234 1576 260 1597 c.
277 1563 322 1596 ΙΙ
349 1566 381 1597 in
405 1565 566 1609 epitomen
598 1565 761 1597 redactum
793 1564 918 1598 exhibet
940 1564 1145 1608 Epanaqoqe
1170 1566 1202 1607 8,
1219 1571 1255 1604 3;
1284 1577 1338 1608 pr.
1373 1564 1431 1607 (—
1441 1562 1742 1608 χειροτονοῦντος)
1773 1576 1812 1597 ex
1836 1564 1873 1597 B
1905 1563 2077 1607 exscripsit
2098 1562 2260 1596 Balsama
2283 1562 2331 1596 ad

101 1610 235 1643 Nomoc.
262 1609 418 1643 XIVtz't.
439 1611 469 1651 1,
485 1617 521 1643 23
539 1621 576 1652 p.
595 1611 658 1643 840
685 1609 786 1642 Voell.

98 1707 205 1755 diqni
231 1708 431 1744 ministerio
461 1707 518 1743 dei
541 1708 786 1750 inveniantur,
817 1709 997 1753 quomodo
1025 1719 1097 1754 pro
1117 1709 1248 1755 populi
1269 1708 1410 1745 delictis
1425 1708 1580 1755 placare
1603 1708 1707 1744 deum
1728 1709 1928 1755 poterunt?
1976 1708 2181 1745 Creationes
2209 1711 2329 1743 autem

98 1752 326 1790 sacerdotum
350 1756 518 1799 oportere
548 1763 629 1788 cum
660 1753 758 1788 omni
787 1752 977 1799 ditiyentia
996 1753 1080 1797 fieri
1111 1753 1215 1789 docet
1246 1763 1314 1789 nos
1337 1754 1445 1789 etiam
1472 1753 1670 1799 Greqarius
1695 1752 1884 1800 theoloqus
1904 1753 2000 1790 inter
2021 1756 2167 1789 sanctos
2188 1751 2331 1788 habitus

98 1803 246 1834 sanctos
277 1798 463 1846 apostolos
492 1808 690 1844 sacrosque
721 1808 878 1834 canones
907 1802 1061 1834 secutus.
1108 1797 1170 1834 Ita
1193 1799 1287 1834 enim
1310 1798 1400 1834 dicit
1421 1799 1460 1834 in
1482 1809 1616 1845 maqno
1639 1799 1897 1844 Apoloqetico:
1938 1799 2044 1844 quis
2072 1802 2220 1834 autem
2250 1797 2332 1844 qui

99 1844 155 1879 ad
184 1854 387 1879 canones
418 1847 461 1879 et
481 1842 625 1878 Pauli
652 1853 698 1878 se
728 1843 921 1889 requtas
950 1842 1149 1889 diriqat,
1185 1854 1298 1890 quas
1328 1843 1381 1879 de
1410 1843 1646 1890 episcopis
1677 1848 1719 1879 et
1741 1843 2036 1890 presbyteris
2058 1843 2247 1885 statuit,
2280 1845 2330 1877 ut

99 1889 247 1924 sobrii
269 1889 380 1932 sint,
405 1888 543 1930 casti,
567 1897 654 1923 no'n
678 1888 923 1930 vinolenti,
947 1899 1033 1923 non
1055 1899 1383 1934 percussores,
1408 1888 1465 1923 ad
1494 1887 1746 1924 docendum
1771 1888 1948 1930 idonei,
1981 1887 2154 1934 inteqri
2176 1887 2222 1922 in
2246 1897 2327 1923 om-

98 1933 239 1969 nibus
262 1934 414 1976 rebus,
452 1938 495 1968 et
528 1933 580 1968 ab
612 1932 927 1979 improborum
965 1935 1236 1969 commercio
1270 1934 1451 1976 remoti,
1486 1944 1575 1969 non
1611 1934 1798 1968 multum
1829 1943 1924 1968 esse
1956 1932 2078 1978 quod
2099 1931 2283 1968 recedat
2306 1942 2330 1966 a

99 1989 319 2014 canonum
341 1978 628 2015 rectitudine
651 1978 929 2024 comperiet?
967 1977 1018 2013 Et
1031 1989 1159 2014 rursus
1173 1979 1265 2014 idem
1281 1980 1335 2014 sic
1349 1978 1453 2015 dicit:
1474 1989 1636 2024 purum
1659 1988 1758 2014 esse
1776 1979 1915 2024 prius
1939 1981 2142 2025 oportet,
2166 1976 2328 2012 deinde

93 2035 244 2070 puros
271 2025 453 2069 facere,
485 2033 534 2058 sa
576 2024 740 2059 ientem
769 2033 869 2058 esse
899 2026 1038 2069 atque
1069 2025 1136 2059 ita
1166 2024 1404 2070 sapientes
1428 2024 1610 2069 facere,
1643 2023 1788 2058 lucem
1819 2023 1941 2069 fieri
1979 2025 2023 2058 et
2054 2022 2327 2064 illuminare,

98 2070 336 2116 appropin
380 2079 493 2104 uare
549 2079 598 2104 eo
623 2072 666 2104 et
688 2068 922 2104 adducere
944 2068 1081 2111 αίίοε,
1105 2073 1311 2104 sanctum
1336 2078 1432 2104 esse
1455 2071 1496 2104 et
1517 2068 1853 2113 sanctificare,
1883 2069 1930 2103 in
1962 2068 2076 2103 viam
2099 2067 2329 2104 deducere

98 2125 192 2149 cum
223 2114 345 2149 mani
383 2125 452 2156 us,
484 2113 596 2149 dare
627 2113 880 2149 eonsilium
903 2124 998 2149 cum
1021 2114 1292 2160 prudentia.
1340 2113 1390 2149 Et
1412 2123 1542 2149 rursus
1563 2113 1655 2148 idem
1679 2114 1717 2148 in
1739 2113 1875 2149 sanctis
1898 2112 2042 2148 habitus
2066 2112 2263 2160 Gregorius
2284 2110 2331 2147 de

96 2159 222 2195 iisdem
246 2159 284 2194 in
308 2159 429 2195 eodem
452 2169 618 2194 sermone
639 2158 708 2194 lzoc
722 2157 869 2195 scribit:
892 2160 1000 2204 quis
1021 2162 1108 2201 est,
1133 2159 1212 2205 qui
1234 2162 1462 2205 tamquam
1484 2158 1670 2205 fiqlina
1693 2169 1782 2194 uno
1806 2157 2053 2204 eodemque
2075 2157 2148 2193 die
2168 2157 2330 2203 finqat

97 2215 231 2240 verae
254 2204 485 2251 liturqiae
507 2205 789 2248 antistitem,
814 2205 1010 2250 quicum
1035 2204 1220 2251 anqelis
1241 2208 1459 2240 staturus
1481 2209 1524 2239 et
1547 2213 1642 2238 cum
1671 2202 1978 2249 archanqelis
2010 2201 2172 2237 laudes
2192 2212 2329 2248 prae-

98 2249 347 2285 dicaturus
374 2253 417 2285 et
446 2260 541 2284 cum
564 2248 753 2285 Christo
782 2249 1099 2284 sacerdotium
1129 2253 1355 2296 qesturus
1385 2248 1473 2284 sit?
1519 2249 1639 2295 Atque
1665 2259 1734 2295 per
1764 2248 1854 2284 haec
1882 2247 2024 2294 quidem
2048 2246 2206 2284 ostendit
2228 2245 2326 2282 theo-

98 2296 214 2340 loqus,
239 2294 365 2340 quales
387 2305 462 2330 esse
486 2297 656 2341 oporteat
678 2294 742 2339 qui
765 2293 815 2329 ad
837 2294 1078 2330 sacerdotium
1097 2299 1391 2341 promoveantur.
1440 2294 1494 2330 De
1516 2294 1563 2329 iis
1585 2303 1668 2330 vero
1686 2293 1750 2339 qm·
1765 2293 1913 2340 indiqne
1927 2295 2109 2335 creantur,
2131 2291 2226 2328 idem
2239 2290 2330 2327 haec
2384 2328 2388 2329 ι
2418 2326 2419 2331 ,

97 2340 184 2374 dicit
207 2340 245 2374 in
270 2339 392 2376 eodem
416 2350 600 2375 sermone:
632 2338 836 2382 Quicum
860 2338 1138 2386 nihiiprius
1160 2339 1569 2387 suppeditaverint
1591 2338 1649 2374 ad
1669 2337 2006 2381 sacerdotium,
2024 2347 2104 2373 nec
2124 2337 2259 2384 prius
2279 2336 2329 2371 in

97 2385 274 2420 virtute
299 2385 590 2427 laborarint,
614 2384 754 2419 simul
775 2389 817 2419 et
841 2383 1076 2431 discipuli
1094 2388 1138 2420 et
1160 2385 1382 2431 maqistri
1443 2385 1611 2420 ietatis
1641 2382 1977 2430 desiqnantur‚
2008 2385 2052 2419 et
2079 2385 2328 2428 antequam

91 2430 293 2475 purqati
318 2430 416 2465 sint
447 2430 572 2465 alios
597 2434 834 2476 pinquat,
866 2429 965 2467 lteri
996 2429 1224 2476 sacrileqi
1255 2434 1298 2465 et
1327 2395 1467 2465 lzoffte
1497 2428 1785 2471 sacerdotes,
1816 2427 1915 2464 heri
1945 2439 1969 2463 a
1998 2427 2149 2463 sacris
2179 2425 2332 2462 alieni

97 2479 140 2510 et
173 2474 311 2510 hodie
341 2475 675 2521 mysteriorum
706 2475 975 2517 antistites,
1004 2476 1214 2511 veterani
1244 2474 1427 2510 malitia
1458 2479 1504 2510 et
1534 2475 1715 2510 tirones
1739 2474 1942 2521 pietate,
1974 2472 2095 2518 quod
2123 2476 2191 2508 est
2211 2481 2329 2518 opus

97 2519 320 2555 humanae
351 2520 553 2566 qratiae,
586 2530 675 2555 non
708 2520 902 2566 qratiae
929 2520 1146 2566 spiritus.
1193 2519 1328 2555 Sacros
1356 2523 1474 2555 autem
1504 2529 1663 2554 canones
1689 2518 1884 2566 prohibere
1907 2517 2059 2554 clericos
2081 2527 2158 2554 esse
2179 2527 2243 2552 eos
2264 2516 2330 2562 qui

96 2565 290 2600 secundam
315 2576 466 2601 uxorem
499 2565 673 2600 duxerint
701 2565 810 2600 etiam
841 2565 881 2600 in
910 2566 1047 2600 sanctis
1068 2564 1212 2601 habitus
1235 2564 1399 2601 Basilius
1421 2563 1553 2600 docens
1575 2564 1628 2599 ita
1651 2563 1758 2599 dicit:
1787 2564 1871 2610 qui
1899 2561 2142 2599 secundum
2169 2561 2328 2598 matri-

96 2611 287 2644 monium
309 2613 673 2652 contraxerunt,
698 2620 775 2645 eos
798 2612 978 2646 omnino
1003 2620 1150 2646 canon
1173 2620 1197 2644 a
1220 2610 1484 2646 ministerio
1501 2609 1716 2645 eoeclusit.
1741 2607 1792 2645 Et
1810 2607 1899 2644 haec
1915 2607 2058 2654 quidem
2072 2607 2169 2643 inter
2182 2610 2329 2642 sanctos

98 2654 240 2690 habitus
266 2655 437 2690 Basilius.
488 2654 640 2690 Tantam
671 2659 790 2690 autem
820 2666 945 2691 curam
978 2656 1097 2691 sancti
1117 2659 1245 2709 patres
1267 2654 1470 2691 sacerdotio
1493 2653 1752 2698 adhibuerunt,
1782 2658 1823 2690 ut
1845 2653 1909 2699 qui
1933 2652 2091 2689 Nicaeae
2114 2650 2329 2699 conqreqati

96 2704 193 2741 sunt,
219 2709 392 2735 canonem
415 2699 603 2741 ediderint,
629 2701 693 2745 qui
714 2700 767 2735 ita
789 2711 828 2736 se
850 2699 975 2735 habet:
999 2705 1147 2737 vetunt
1177 2701 1222 2735 in
1252 2701 1522 2736 universum
1553 2710 1718 2746 maqna
1747 2697 1972 2752 synodus,
2003 2709 2056 2733 ne
2089 2697 2230 2733 liceat
2251 2698 2330 2732 aut

97 2745 320 2791 episcopo
343 2744 718 2791 autpresbytero
743 2749 820 2781 aut
847 2744 1046 2781 diacono
1078 2749 1158 2782 aut
1188 2746 1368 2781 omnino
1398 2744 1492 2781 ulli
1517 2755 1673 2780 eorum
1704 2755 1781 2791 ραι
1810 2744 1856 2779 in
1885 2743 2010 2779 clero
2039 2746 2146 2779 sunt
2175 2750 2327 2778 secum

95 2788 545 2879 mulieremfssabere,
577 2791 671 2825 nisi
698 2791 831 2836 forte
861 2794 1049 2826 matrem
1086 2789 1156 2827 vel
1186 2791 1370 2827 amitam
1404 2789 1475 2826 vel
1503 2800 1582 2825 eas
1610 2789 1754 2827 solas>
1774 2798 2008 2836 personas
2038 2798 2152 2834 quae
2180 2786 2329 2834 suspi-
2382 2790 2392 2834 J

97 2837 275 2870 cionem
299 2845 320 2870 e
381 2845 406 2868 u
444 2834 559 2870 iunt.

231 2879 279 2914 II.
328 2846 524 2924 Seqiantes
547 2879 661 2924 iqitur
684 2891 727 2915 ea
748 2890 842 2925 quae
865 2891 889 2915 a
911 2880 1028 2916 sacris
1051 2879 1251 2917 canonibus
1273 2883 1412 2916 statuta
1433 2883 1529 2923 sunt,
1546 2882 1778 2926 praesentem
1801 2878 1914 2925 leqem
1935 2878 2106 2924 facimus,
2125 2887 2196 2924 per
2215 2886 2324 2924 quam

99 2924 294 2966 sancimus,
319 2928 357 2959 ut
381 2925 522 2970 quoties
543 2925 750 2971 episcopum
773 2925 891 2960 creari
915 2936 1009 2972 opus
1031 2926 1097 2969 sit,
1120 2926 1243 2962 clerici
1265 2930 1301 2962 et
1322 2926 1503 2972 primores
1527 2925 1700 2967 civitatis,
1724 2924 1827 2960 cuius
1849 2923 2042 2970 episcopus
2064 2921 2242 2959 creandus
2263 2925 2328 2964 est,

93 2982 2330 2996 M

143 3031 163 3062 4
187 3029 260 3061 τοῖς
283 3026 397 3060 θείοις
426 3028 495 3068 CL]
526 3028 599 3060 τοῖς
623 3040 682 3060 om.
707 3028 751 3061 M
771 3028 857 3071 υιιῖρ.
875 3028 888 3071 ΙΙ
902 3025 1180 3074 Ἀπολογητικῷ]
1249 3029 1308 3070 (or.
1330 3028 1439 3069 XXI)
1464 3040 1490 3061 c.
1507 3029 1528 3062 9
1552 3028 1586 3069 (l.
1611 3039 1638 3060 c.
1657 3027 1715 3060 col.
1734 3027 1820 3060 1089
1849 3026 1972 3078 figique)
2001 3024 2014 3068 ss
2043 3024 2328 3068 προειςενέγκαν-

102 3074 239 3117 Greyor.
257 3073 342 3107 Naz.
368 3073 499 3116 apotoy.
518 3074 578 3111 (or.
591 3072 648 3113 II)
662 3085 687 3105 c.
702 3073 886 3114 69(Mi9ne
905 3075 1188 3107 P‹1trol.XXXV
1248 3083 1304 3107 τες
1332 3074 1404 3107 C'v.
1423 3073 1444 3106 Ι.
1474 3073 1486 3116 ΙΙ
1517 3074 1558 3107 19
1589 3067 1613 3104 δ
1635 3071 1682 3104 Μ
1701 3070 1770 3104 Cv.
1786 3071 1819 3111 1.]
1850 3082 1906 3104 ων
1934 3070 2005 3104 Gv.
2023 3069 2064 3109 L,
2101 3081 2161 3102 om.
2182 3069 2215 3101 L
2283 3069 2326 3103 20

96 3120 154 3153 col.
171 3120 250 3160 477)
268 3118 280 3161 ΙΙ
297 3117 363 3151 τοῦ
396 3130 455 3150 om.
489 3117 625 3161 (ἕτερον.
645 3116 657 3161 ΙΙ
675 3115 830 3158 Παύλου]
862 3118 886 3150 Ι
907 3119 1044 3151 Timoth.
1068 3121 1099 3159 3,
1118 3127 1145 3152 2.
1163 3126 1180 3153 3
1249 3119 1286 3151 S.
1300 3118 1453 3151 Basilius
1477 3118 1569 3159 epist.
1597 3117 1660 3150 188
1684 3116 1744 3154 (ad
1756 3115 2025 3159 Amphilochium)
2046 3126 2118 3157 cap.
2139 3115 2180 3147 12
2198 3115 2209 3155 (
2254 3114 2328 3158 ique

96 3166 159 3208 (cf.
181 3165 246 3197 Tit.
264 3171 290 3206 1,
308 3171 323 3197 '1
338 3164 401 3206 sq.)
419 3162 432 3206 ΙΙ
450 3165 469 3197 5
502 3161 631 3195 κανόσι
662 3164 722 3194 καὶ
751 3163 779 3195 C
804 3164 953 3206 Greyor]
982 3163 1135 3197 κανόσιν
1157 3160 1181 3206 ἢ
1248 3163 1374 3197 Patrol.
1389 3162 1543 3195 XXXII
1556 3161 1614 3195 col.
1632 3162 1712 3201 681)
1732 3158 1745 3204 ΙΙ
1761 3161 1799 3194 21
1834 3156 2004 3214 διγάμους
2027 3158 2151 3199 Βαεί1.,
2182 3158 2215 3192 G'.
2230 3169 2262 3191 v.
2279 3157 2300 3192 l.

96 3210 168 3243 ML
195 3208 208 3252 ΙΙ
238 3208 294 3242 ἐπ.
325 3209 386 3241 καὶ
416 3208 673 3252 πρεσβυτέρων
704 3205 807 3245 ἔταξε
834 3207 1040 3250 Greyor.116
1066 3220 1180 3252 νηφα-
1247 3205 1434 3241 παντελῶς
1467 3207 1497 3240 C
1518 3207 1642 3246 Basil]
1674 3218 1733 3238 om.
1760 3205 1831 3238 ML
1857 3204 1870 3249 ΙΙ
1901 3202 2090 3239 απέκλεισε
2116 3203 2173 3238 CL
2197 3202 2310 3237 Basil-

95 3252 189 3287 λίους
217 3255 251 3294 C,
279 3253 416 3297 Greqor.
433 3266 464 3286 υ.
483 3254 502 3286 Ι.
530 3251 543 3296 Ι]
575 3248 754 3294 ἀλήπτους
785 3252 825 3284 ἐν
849 3252 940 3285 πᾶσι
964 3255 1024 3285 καὶ
1044 3249 1179 3286 ἇνέπά-
1247 3248 1443 3293 ἀπέκλεισε,
1467 3253 1526 3284 καὶ
1549 3247 1632 3283 τοὺς
1655 3251 1881 3293 τικτομόνους
1894 3250 1933 3282 ἐκ
1951 3246 2095 3283 τούτων
2111 3248 2158 3282 Μ
2169 3247 2181 3289 ΙΙ
2197 3248 2240 3282 22
2262 3257 2324 3280 κω-
2363 3251 2385 3282 s

95 3309 182 3343 φους
208 3300 345 3342 Greyor.
371 3298 383 3343 Η
403 3300 421 3332 7
447 3297 516 3340 τὴν
545 3298 574 3332 G
597 3298 746 3340 Greyord
771 3295 861 3339 πρὸς
883 3296 952 3338 τὴν
978 3299 1049 3331 ML
1073 3298 1085 3341 ΙΙ
1113 3300 1132 3331 8
1157 3295 1176 3330 ὁ
1245 3296 1347 3338 νόνα]
1366 3298 1492 3340 synodi
1507 3296 1644 3330 Nicaen.
1663 3307 1734 3328 can.
1748 3296 1768 3329 3
1785 3296 1915 3336 (Mami
1930 3294 2050 3329 Concil.
2065 3293 2136 3328 coll.
2149 3292 2193 3326 II
2197 3304 2233 3335 p.
2246 3290 2326 3334 67⁰)
2372 3304 2374 3306 ’

95 3341 217 3384 αὐτὸς]
244 3344 264 3376 l.
281 3356 307 3377 c.
333 3356 406 3387 cap.
421 3345 459 3377 71
478 3343 550 3385 (col.
565 3344 631 3377 479
646 3342 771 3385 Mtyne)
789 3342 802 3384 ΙΙ
819 3338 874 3374 δεῖ
895 3341 1136 3386 καθαρθῆναι
1154 3344 1182 3377 C
1244 3341 1256 3386 ΙΙ
1273 3343 1314 3376 23
1345 3341 1434 3384 μήτε
1461 3341 1660 3375 ἐπίσκοπον
1690 3337 1781 3383 μήτε
1811 3336 2058 3384 πρεσβύτερον
2086 3336 2177 3381 μήτε
2204 3333 2326 3377 διάθεοι-

93 3390 105 3427 ΙΙ
122 3387 302 3434 πρότερον
325 3389 357 3422 L
389 3389 402 3431 ΙΙ
435 3390 475 3423 11
510 3385 716 3432 Γρηγόριος]
749 3387 769 3419 t.
787 3399 814 3420 c.
850 3399 920 3429 cap.
940 3389 982 3420 73
1013 3389 1084 3426 (cot.
1110 3389 1173 3422 481
1245 3398 1310 3420 νον
1338 3388 1367 3420 0
1391 3386 1403 3431 ΙΙ
1435 3388 1478 3420 24
1508 3387 1582 3419 τινὶ
1603 3385 1682 3419 τῶν
1705 3385 1746 3418 ἐν
1766 3384 1819 3427 τῷ
1842 3381 1959 3428 κλήρῳ
1982 3386 2062 3428 Syn.
2086 3383 2162 3417 Nic.
2188 3380 2201 3426 ΙΙ
2228 3382 2271 3416 25
2293 3378 2326 3415 εἰ

95 3434 223 3478 Μὶρηε)
253 3434 266 3477 ΙΙ
295 3435 336 3468 12
363 3433 431 3466 τὸν
463 3440 538 3466 ante
561 3428 772 3476 προστάτην
795 3431 867 3465 coll.
893 3431 924 3464 L
948 3431 961 3474 ΙΙ
988 3431 1030 3464 τῗ
1035 3442 1051 3465 ς
1074 3431 1177 3465 θείας
1242 3431 1293 3475 μὴ
1323 3429 1394 3475 ἄρα
1423 3433 1559 3475 μητέρα
1586 3431 1616 3465 0
1629 3431 1709 3475 Syn.
1734 3429 1823 3470 Nica]
1854 3429 1886 3462 εἰ
1915 3428 1987 3476 ἆρα
2008 3429 2145 3472 μητέρα
2167 3427 2199 3460 L
2221 3425 2253 3459 ei
2382 3443 2385 3445 ¹

95 3477 312 3523 λειτουργίας
340 3479 369 3512 0
387 3479 450 3521 τῆς
473 3473 646 3521 ἀληθείας
673 3478 807 3521 Greqor.
824 3475 838 3520 ΙΙ
859 3477 897 3509 13
923 3454 1107 3521 ἀγγέλλων
1130 3479 1176 3514 (in
1244 3475 1316 3519 ἄρα
1336 3477 1384 3510 Μ
1395 3479 1481 3520 υιιῐρ.
1499 3476 1512 3519 ΙΙ
1528 3471 1552 3518 ἢ
1582 3474 1705 3516 θείαν]
1734 3470 1757 3516 ἢ
1781 3470 1941 3528 ἀδελφὴν
1964 3470 1988 3516 ἢ
2007 3472 2118 3507 θείαν
2140 3473 2222 3516 Syn.
2283 3481 2322 3504 ω.

96 3525 195 3557 litura
231 3537 269 3556 ex
292 3521 427 3565 ἄλλων)
451 3524 484 3557 L
505 3524 518 3567 ΙΙ
543 3520 758 3563 ὃοξάσοντα]
789 3518 1009 3561 ὃοξάσοντας
1032 3522 1092 3553 καὶ
1115 3521 1176 3554 ἐπὶ
1243 3521 1255 3564 Ι]
1277 3518 1301 3563 ἢ
1329 3523 1464 3555 atterum
1488 3522 1549 3554 del.
1573 3520 1712 3554 Skutsch
1740 3518 1753 3563 ΙΙ
1782 3515 1819 3561 ἃ]
1843 3517 1881 3553 δι
1921 3514 1945 3551 ἃ
1972 3519 2042 3553 Gv.
2059 3518 2081 3551 l.
2110 3517 2123 3559 ΙΙ
2149 3513 2324 3567 πρόςωπρι

94 3567 137 3600 τὸ
158 3566 235 3601 ἅνω
255 3566 517 3613 θυσιαστήριον
535 3563 802 3612 ἇναπέμψοντα
813 3565 877 3599 τὰς
890 3565 1021 3598 θυσίας
1038 3566 1174 3603 Greaor.
1243 3567 1369 3600 πᾶσαν
1384 3562 1549 3608 ὑποψίαν
1567 3562 1782 3610 διαπέφευγε
1794 3565 1874 3609 Syn.
1887 3564 1962 3598 Mc.
1981 3562 1995 3607 11
2011 3563 2053 3597 26
2068 3560 2185 3606 νόμον
2200 3570 2322 3595 aramv-

94 3614 106 3654 ΙΙ
127 3615 164 3646 1-1
189 3611 252 3654 δεῖ]
277 3611 317 3645 δὲ
341 3614 387 3647 Μ
404 3627 462 3646 om.
481 3614 511 3646 L
527 3612 540 3653 ss
562 3615 602 3647 15
626 3611 696 3655 τὴν
713 3624 772 3646 om.
789 3612 821 3645 L
836 3611 849 3655 ΙΙ
871 3612 910 3646 15
935 3611 974 3643 ἐν
996 3610 1049 3652 τῷ
1074 3606 1174 3651 αὐτῷ
1241 3609 1343 3654 μεθα
1366 3611 1479 3654 01127
1503 3611 1650 3656 γε’νηται
1677 3610 1772 3644 GLB
1795 3610 1851 3654 (qs.
1875 3610 2006 3651 594,1)]
2031 3619 2089 3641 om·
2113 3607 2156 3640 M

94 3655 204 3704 λόγῳ]
228 3661 319 3693 immo
343 3660 376 3693 in
401 3658 589 3692 laudatione
603 3658 783 3692 Athanasii
803 3657 948 3702 episcopi
957 3655 1178 3690 Alexandrini
