2476 3854
103 84 210 129 Nov.
232 85 387 130 CXVII
418 89 457 131 9.
490 91 542 130 10

99 195 223 233 ναικὸς
253 199 407 241 συνεχῶς
438 201 560 242 μένων
592 197 792 245 ἐλέγχηται,
829 202 888 233 καὶ
912 195 1013 241 ἅπαξ
1043 203 1102 234 καὶ
1126 199 1179 235 δὶς

99 240 285 288 ἐγκληθεὶς
315 242 338 286 ἢ
369 242 429 276 διὰ
462 245 539 277 τῶν
562 243 690 277 ἑαυτοῦ
721 245 860 290 γονέων
886 240 910 287 ἢ
934 242 994 278 διὰ
1018 247 1095 280 τῶν
1117 246 1180 289 τῆς

97 287 264 333 γυναικὸς
295 286 318 331 ἢ
341 285 393 322 δι’
419 289 553 333 ἑτέρων
582 290 698 322 τινῶν
725 285 951 329 ἀξιοπίστων
975 290 1178 335 προςώπων

97 333 160 375 τῆς
183 331 348 375 τοιαύτης
373 331 555 378 ἀσελγείας
577 332 626 377 μὴ
648 331 870 377 ἀπόσχηται,
896 334 1026 375 ἐξεῖναι
1049 337 1095 382 τῇ
1117 349 1175 383 γυ-

67 381 195 411 χναικιῖ
219 381 278 411 καὶ
297 376 387 421 ὑπὲρ
411 376 544 420 ταύτης
566 379 628 412 τ”ς
644 380 758 413 αἰτίας
782 377 942 414 διαλύειν
965 379 1033 415 τὸν
1047 379 1177 427 γάμον,

97 425 157 455 καὶ
173 419 446 467 ἀναλαμβάνειν
465 423 534 466 τὴν
550 391 746 468 δεᾍομένην
769 426 901 470 προῖκα
924 428 983 458 καὶ
1001 425 1070 469 τὴν
1090 438 1177 472 προ-

95 471 269 513 γαιιιιαίαν
300 465 451 512 δωρεάν,
483 471 542 502 καὶ
574 465 665 515 ὑπὲρ
695 470 759 512 τῆς
781 467 950 513 τοιαύτης
972 466 1109 516 ὕβρεως
1131 471 1174 505 τὸ

95 517 219 556 τρίτον
241 515 344 557 μέρος
366 514 429 556 τῆς
453 511 702 558 διατιμήσεως,
731 511 779 557 ἢν
798 513 819 558 ἦ
837 519 1062 562 προγαμιαία
1081 519 1178 551 ποιεῖ

96 555 232 608 δωρεά,
270 560 307 589 ἐκ
341 559 404 601 τῆς
438 556 542 601 ἄλλης
579 555 689 592 αὐτοῦ
725 563 929 605 περιουσίας
963 559 1175 605 λαμβάνειν,

1169 85 1253 134 560

1646 103 1708 135 11¹1·
1735 103 1899 136 mon-Ar
1927 104 2068 145 marm
2094 105 2153 138 nr
2181 106 2320 141 Avun-

1245 200 1409 243 vincitur,
1440 203 1477 236 et
1499 201 1607 238 semel
1629 205 1666 238 et
1689 202 1844 239 secundo
1868 203 2032 249 culpatus
2061 206 2126 240 aut
2145 214 2212 251 per
2233 215 2319 242 suos

1247 247 1413 290 parentes
1445 249 1509 281 aut
1530 256 1594 292 per
1616 247 1774 283 mulieris
1805 250 1870 283 aut
1891 258 1955 294 per
1978 248 2067 285 alias
2090 249 2227 296 aliquas
2249 250 2320 287 fide

1247 291 1369 335 dignas
1393 300 1565 335 personas
1596 292 1798 328 huiusmodi
1829 292 1971 329 luxuria
2003 304 2075 331 non
2097 294 2319 340 abstinuerit,

1245 336 1351 370 licere
1381 335 1519 372 mulieri
1546 347 1612 383 pro
1643 338 1711 373 hac
1743 347 1853 373 causa
1883 338 2017 375 solvere
2045 340 2319 385 matrimonium,

1213 383 1232 415 5
1245 385 1281 416 et
1303 381 1463 425 recipere
1494 381 1614 418 datam
1643 382 1760 419 dotem
1792 388 1828 419 et
1851 384 2131 430 antenuptialem
2154 385 2317 423 donatio-

1242 435 1341 469 nem,
1367 428 1402 460 et
1418 436 1483 472 pro
1503 427 1567 462 tali
1589 428 1720 463 iniuria
1742 428 1883 464 tertiam
1905 432 2043 474 partem
2062 429 2320 469 aestimationis

1245 481 1350 515 quam
1373 472 1627 516 antenuptialis
1657 473 1747 509 facit
1775 474 1920 510 donatio
1951 484 1996 509 ex
2018 474 2095 511 eius
2118 475 2320 512 substantia

1243 516 1444 561 percipere,
1473 516 1525 552 ita
1547 520 1668 554 tamen
1690 521 1748 561 ut,
1772 519 1803 554 si
1825 517 1918 555 filios
1942 519 2123 564 habuerit,
2154 531 2223 556 usu
2243 521 2319 557 solo

1243 562 1370 596 mulier
1389 562 1546 606 potiatur
1562 573 1680 599 rerum
1705 573 1793 608 quas
1812 574 1856 599 ex
1875 568 2007 599 antenu
2034 565 2110 600 tiali
2127 565 2320 602 donatione

94 599 379 657 oi-vae'vvqtye
402 599 504 645 ὥςτε,
530 604 561 636 εἰ
586 602 716 639 παῖδας
735 606 828 657 ἔχοι,
851 606 914 648 τῆς
931 605 1279 660 54971'08013‘st15400t
1309 617 1425 659 poena
1455 607 1581 643 tertiae
1611 609 1787 653 portionis
1818 609 1937 645 mariti
1966 620 2009 645 su
2036 610 2189 646 stantiae
2216 620 2320 647 acce-

94 658 155 689 νης
186 646 385 681 απολαυειν
419 649 488 691 τὴν
516 652 669 695 γυναῖκα
699 662 776 683 των
807 662 1045 695 πραγματων,
1081 665 1175 697 απερ

94 694 131 724 ἐκ
164 693 226 735 τῆς
256 697 495 738 προγαμιαίας
526 692 663 739 δωρεᾶς
694 698 754 728 καὶ
778 696 839 738 τῆς
862 696 990 739 ποινῆς
1012 697 1075 731 τοῦ
1099 700 1174 741 τρί-

92 749 155 771 του
178 741 302 782 μέρους
326 739 387 780 τῆς
410 739 474 772 τοῦ
500 735 631 784 ἀνδρὸς
656 744 860 785 περιουσίας
883 738 1006 784 λάβοι,
1030 742 1093 785 τῆς
1116 741 1172 776 δε-

92 785 261 816 σποτείας
296 785 369 817 τοῖς
403 786 532 818 κοινοῖς
566 787 673 839 παισὶ
709 784 984 831 φυλαττομένης.
1039 788 1070 821 εἰ
1104 787 1173 842 γιζρ

1242 655 1352 696 perit,
1389 651 1543 688 dominio
1579 653 1822 690 communibus
1858 654 1940 690 filiis
1976 655 2229 692 conservando.
2282 655 2320 692 Si

1242 700 1361 731 autem
1392 697 1485 733 filios
1523 708 1598 734 non
1636 699 1802 735 habuerit
1841 709 1885 734 ex
1918 699 2042 736 eodem
2082 700 2316 744 matrimomo,

1242 742 1375 795 habere
1405 753 1484 779 eam
1507 743 1630 779 talium
1660 754 1780 780 rerum
1808 745 1915 781 etiam
1936 746 2191 792 proprietatem
2212 755 2317 793 prae·

1242 798 1403 833 cipimus.

93 825 241 880 παῖδας,
252 828 302 872 μὴ
335 829 407 870 ἔχοι
437 830 476 862 ἐκ
505 830 569 863 τοῦ
594 842 703 863 αυτου
732 834 962 875 συνοικεσίου,
994 833 1088 875 ἔχειν
1112 846 1173 865 av·
1189 834 1229 867 15

92 886 159 914 την
191 886 268 906 των
298 874 476 908 τοιούτων
508 873 736 921 πραγμάτων
767 878 829 911 καὶ
861 876 929 920 τὴν
959 874 1174 912 δεσποτείαν

92 915 290 963 κελεύομεν.

1081 1032 1238 1070 CAPUT
1262 1033 1308 1069 X.

155 1095 301 1142 Ἐπειδὴ
329 1095 370 1132 δὲ
397 1100 458 1132 καὶ
488 1094 562 1133 ἀπὸ
585 1099 821 1134 συναινέσεως
850 1111 945 1135 τινες
973 1104 1074 1148 μέχρι
1104 1102 1170 1136 τοῦ

91 1144 271 1188 παρόντος
300 1143 382 1177 τοὺς
413 1142 503 1187 πρὸς
527 1140 696 1187 ἀλλήλους
718 1142 858 1179 διέλυον
879 1143 1031 1192 γάμους,
1062 1147 1171 1182 τοῦτο

1302 1101 1394 1145 Quia
1417 1111 1499 1137 vero
1529 1104 1565 1136 et
1587 1111 1631 1137 ex
1655 1111 1832 1138 consensu
1863 1101 1973 1147 aliqui
2003 1113 2116 1149 usque
2143 1102 2190 1139 ad
2212 1112 2314 1148 prae-

1240 1156 1321 1182 sens
1356 1146 1495 1182 alterna
1530 1147 1754 1182 matrimonia
1789 1147 1990 1193 solvebant,
2025 1148 2095 1185 hoc
2125 1147 2170 1184 de
2199 1151 2317 1184 cetero

90 1190 154 1222 τοῦ
179 1188 305 1222 λοιποῦ
337 1189 509 1235 γίνεσθαι
537 1186 658 1223 οὐδενὶ
688 1201 940 1244 συγχωρουμεν
968 1189 1108 1238 τρόπῳ,
1141 1193 1172 1226 εἰ
1185 1195 1227 1227 20
1239 1191 1316 1227 fieri
1339 1192 1436 1227 nullo
1460 1191 1606 1228 sinimus
1629 1192 1747 1235 modo,
1771 1192 1841 1228 nisi
1860 1192 1954 1229 forte
1976 1192 2119 1238 quidam
2141 1191 2317 1229 castitatis

88 1233 137 1278 μὴ
160 1233 270 1276 τυχόν
293 1245 387 1268 τινες
411 1231 647 1279 σωφροσύνης
670 1236 850 1279 ἐπιθυμίᾳ
873 1249 980 1271 τουτο
1003 1235 1168 1281 ποιήσου-

90 1291 157 1313 σιν.
206 1279 237 1313 εἰ
260 1276 300 1312 δὲ
328 1282 389 1312 καὶ
420 1279 467 1312 τὰ
491 1281 644 1314 τοιαῦτα
675 1282 852 1325 πρόςωπα
884 1280 1016 1317 παῖδας
1047 1284 1171 1326 ἔχοιεν,

88 1325 196 1358 τοῦτο
218 1325 286 1368 μὲν
308 1324 376 1367 τὴν
400 1327 530 1370 προῖκα
554 1327 662 1359 τοῦτο
687 1323 727 1359 δὲ
749 1325 815 1370 τὴν
834 1331 1080 1374 προγαμιαίαν
1104 1326 1171 1362 δω-

89 1367 177 1415 ρεὰν
211 1373 283 1404 τοῖς
319 1367 444 1404 αὐτῶν
479 1368 731 1416 φυλάττεσθαι
746 1375 875 1425 Ἃπαισὶ
916 1370 1169 1418 ὃιατυποῦμεν.

1241 1237 1534 1282 concupiscentia
1569 1237 1639 1278 hoc
1673 1238 1834 1273 fecerint.
1889 1237 1928 1273 Si
1962 1240 2082 1274 autem
2115 1237 2318 1275 huiusmodi

1240 1292 1415 1328 personae
1447 1282 1541 1318 filios
1576 1282 1783 1327 habuerint,
1820 1287 1893 1319 tam
1928 1283 2045 1319 dotem
2080 1293 2186 1330 quam
2215 1286 2315 1320 ante-

1241 1327 1436 1373 nuptialem
1459 1327 1686 1363 donationem
1719 1339 1839 1364 eorum
1860 1327 1944 1364 filiis
1968 1329 2172 1365 conservari
2194 1328 2315 1374 dispo-

1238 1373 1366 1408 nimus.
1415 1371 1453 1408 Si
1484 1373 1563 1418 quis
1594 1376 1713 1408 autem
1743 1373 1888 1418 horum,
1920 1378 1985 1409 aut
2013 1374 2164 1410 maritus
2193 1373 2316 1410 forsan

89 1416 119 1448 εῐ
149 1412 192 1448 δέ
219 1426 272 1449 τις
302 1412 455 1458 τούτων,
490 1411 583 1461 ἀνὴρ
606 1416 716 1471 τυχὸν
739 1431 761 1460 η
785 1417 891 1472 γυνή,
923 1417 1015 1462 μετὰ
1046 1417 1088 1453 τὸ
1112 1416 1172 1453 διὰ
1185 1420 1226 1452 25
1240 1422 1304 1453 aut
1326 1429 1428 1462 uxor,
1458 1422 1647 1471 postquam
1671 1421 1819 1472 propter
1843 1419 2043 1455 castitatem
2072 1429 2118 1456 ex
2141 1429 2316 1456 consensu

89 1459 328 1507 σωφροσύνην
351 1461 389 1493 ἐκ
414 1463 651 1495 συναινέσεως
673 1475 741 1496 τον
756 1475 875 1508 γαμον
890 1461 1051 1506 λυθῆναι
1075 1462 1170 1510 εὑρε-

89 1506 174 1548 θείη
199 1504 324 1540 ἄλλους
345 1504 604 1540 συναλλάττων
626 1506 758 1553 γάμους
780 1506 803 1551 ἢ
826 1504 978 1554 {cairate
1001 1510 1086 1551 ζῶν,
1115 1522 1170 1542 κε-

88 1550 248 1595 λεύομεν,
272 1551 302 1584 εἰ
325 1552 391 1595 μὲν
414 1549 477 1591 (οἷς
500 1551 650 1596 εἴρηται)
673 1550 798 1586 παῖδες
821 1555 913 1587 αἷσιν
937 1556 975 1588 ἐκ
997 1555 1062 1587 τοῦ
1079 1554 1168 1599 εἰρη-

87 1599 195 1650 μένου
225 1600 464 1638 συνοικεσίου,
495 1596 584 1642 πρὸς
613 1599 657 1643 τῇ
689 1601 809 1642 προικὶ
839 1602 899 1632 καὶ
927 1601 972 1642 τῆ
1003 1597 1063 1633 διὰ
1087 1599 1171 1633 τοὺς

1239 1464 1388 1499 solvitur
1421 1464 1704 1506 matnmonium‚
1742 1464 1941 1499 mveniatur
1975 1464 2065 1500 alias
2102 1464 2316 1501 contrahens

1239 1509 1384 1554 nuptias
1414 1510 1478 1544 aut
1508 1509 1690 1544 luxuriose
1722 1509 1860 1554 vivens,
1889 1509 2070 1555 iubemus,
2101 1509 2134 1546 si
2161 1509 2315 1556 quidem,

1239 1555 1332 1590 sicut
1354 1554 1487 1590 dictum
1512 1557 1582 1597 est,
1612 1553 1675 1589 filii
1698 1554 1832 1590 fuerint
1855 1564 1899 1590 ex
1921 1557 2114 1591 memorato
2140 1554 2314 1600 coniugio,

1237 1609 1345 1644 super
1370 1600 1486 1634 dotem
1510 1604 1547 1634 et
1569 1604 1716 1645 propter
1739 1600 1881 1644 nuptias
1906 1600 2132 1636 donationem
2155 1599 2207 1636 eis
2220 1598 2316 1635 tradi

87 1653 220 1687 γαμους
252 1639 371 1684 timaeo}
405 1638 523 1675 αὐτοῖς
554 1640 830 1687 παραδίδοσθαι
861 1646 921 1677 καὶ
949 1635 1017 1688 τὴν
1042 1642 1168 1680 &secco-
1182 1647 1225 1680 30
1238 1650 1274 1679 et
1299 1645 1554 1697 proprietatem·
1579 1655 1719 1690 poenae
1741 1645 1964 1681 substantiae
1991 1645 2087 1681 illius
2111 1655 2202 1690 quae
2229 1655 2314 1681 con-

88 1691 190 1721 τείαν
218 1687 279 1729 τῆς
308 1674 434 1729 λοιπῆς
464 1691 667 1732 περιουσίας
698 1690 761 1721 τοῦ
792 1689 910 1723 ταῦτα
942 1689 1169 1735 ἐλεγχομένου

88 1731 337 1776 πλημμελῆσαι
362 1731 561 1777 προςώπου.
609 1733 640 1766 εἰ
656 1730 696 1767 δὲ
712 1733 745 1766 οἱ
762 1731 886 1768 παῖδες
910 1729 1056 1768 ἀτελοῦς
1077 1730 1170 1769 οἷσιν

87 1774 242 1820 ἡλικίας,
274 1775 494 1811 διοικεῖσθαι
517 1774 664 1812 τούτους
695 1781 755 1812 καὶ
779 1776 1051 1825 ἇνατρέφεσθαι
1076 1776 1166 1825 παρ’

87 1824 223 1856 ἐκείνου
247 1819 517 1867 προςτάττομεν
540 1823 604 1856 τοῦ
628 1827 776 1869 γονέως,
809 1821 848 1858 ὃς
871 1821 977 1858 οὐδὲν
1000 1826 1056 1868 τῷ
1079 1838 1168 1870 παρ-

1236 1690 1390 1725 vincitur
1425 1689 1615 1734 deliquisse
1649 1700 1836 1735 personae.
1883 1690 1922 1726 Si
1955 1700 2037 1726 vero
2072 1689 2135 1726 filii
2168 1690 2314 1727 minoris

1238 1735 1309 1770 sint
1331 1735 1479 1778 aetatis,
1511 1735 1701 1778 gubernari
1725 1745 1786 1771 eos
1817 1739 1853 1771 et
1876 1736 1979 1781 pasci
2010 1736 2056 1770 ab
2081 1735 2143 1771 illo
2166 1737 2318 1781 parente

1237 1780 1489 1825 praecipimus,
1514 1780 1574 1824 qui
1593 1780 1681 1815 nihil
1700 1781 1880 1825 praesenti
1902 1780 1972 1826 legi
1995 1779 2211 1816 contrarium
2231 1780 2312 1825 egit.

1237 1825 1276 1861 Si
1298 1830 1417 1860 autem
1440 1825 1544 1860 ambo
1562 1831 1734 1870 parentes
1756 1826 1795 1860 in
1809 1825 2010 1861 huiusmodi
2032 1825 2117 1861 vitio
2141 1825 2312 1868 incidant,

87 1866 167 1902 όντι
203 1866 306 1920 ’νόμῳ
342 1869 509 1901 ἐναντίον
544 1868 709 1912 ἔπραξεν.
760 1869 792 1902 εἰ
828 1867 868 1903 δὲ
904 1866 1100 1915 ἀμφότεροι
1135 1869 1171 1904 οἱ
1183 1873 1224 1905 35
1236 1879 1323 1906 tunc
1346 1870 1530 1915 utriusque
1561 1870 1721 1914 parentis
1753 1871 1990 1906 substantiam
2019 1870 2100 1905 filiis
2128 1870 2312 1916 applicari,

84 1915 199 1960 γονεῖς
222 1926 274 1955 τῳ
299 1913 451 1956 τοιούτῳ
476 1916 699 1957 περιπέσωσι
722 1918 939 1958 πταίσματι,
968 1916 1168 1956 τηνικαῦτα

85 1956 152 1999 τὴν
176 1958 343 2003 ἑκατέρου
368 1959 445 1991 τῶν
464 1961 603 2004 γονέων
626 1963 836 2004 περιουσίαν
855 1963 928 1994 τοῖς
944 1963 1050 1994 παισὶ
1065 1971 1168 2006 προς-

86 2003 306 2048 κυροῦσθαι,
339 2001 524 2046 διοικητὴν
549 2001 588 2037 δὲ
611 2000 732 2038 αὐτοῖς
764 2006 824 2038 ἐπὶ
853 2005 916 2048 τῆς
945 2002 1088 2039 ἀτελοῦς
1110 1999 1168 2039 οὗ·

86 2060 145 2081 σιν
170 2046 307 2091 ἡλικίας
341 2047 599 2093 προβληθῆναι
629 2053 783 2094 προνοίᾳ
813 2050 878 2084 τοῦ
910 2047 1082 2096 ἁρμοδίου
1107 2049 1180 2097 αἶρέ

1236 1916 1517 1961 dispensatorem
1546 1921 1666 1950 autem
1697 1915 1751 1951 his
1781 1916 1844 1961 qui
1870 1917 1908 1951 in
1930 1916 2065 1952 minore
2088 1917 2207 1952 aetate
2229 1920 2315 1952 sunt

1236 1961 1393 1997 ordinari
1422 1960 1645 2006 providentia
1678 1961 1910 2007 competentis
1938 1960 2068 1998 iudicis
2098 1962 2135 1997 et
2161 1961 2313 1999 aliorum

140 2152 166 2172 c.
181 2141 220 2172 X
242 2140 367 2173 exhibet
389 2140 596 2184 Epanaqoye
612 2142 652 2175 21
678 2141 779 2174 schol.
793 2148 827 2179 (ὃς
852 2153 911 2174 om.
928 2141 965 2174 B
982 2149 1013 2175 et
1027 2141 1077 2179 L,
1102 2143 1134 2175 in
1161 2142 1276 2182 quibus
1299 2143 1368 2175 eius
1393 2141 1461 2175 loco
1485 2143 1669 2175 inseruntur
1692 2141 1777 2175 Nov.
1790 2141 1913 2175 XXII
1925 2154 1952 2175 c.
1969 2143 2009 2176 15
2027 2147 2075 2183 §3
2094 2150 2124 2177 et
2141 2143 2245 2187 16pr.
2268 2161 2313 2168 —

85 2185 247 2218 Summam
266 2186 361 2219 habet
371 2186 560 2230 Anonymus
573 2185 779 2219 Bodleianus
796 2199 850 2230 ap.
863 2186 1051 2220 Zachariae
1060 2182 1192 2220 Ἀνέκὸ.
1204 2199 1239 2230 p.
1250 2188 1332 2225 215;
1357 2188 1481 2220 initium
1498 2188 1631 2231 respicit
1644 2186 1776 2220 Nomoc.
1788 2187 1936 2220 XIVtz‘t.
1950 2188 2073 2232 13‚4p.
2082 2189 2148 2223 615
2162 2187 2268 2222 Pia-a.

84 2277 200 2315 catur,
225 2278 259 2308 et
281 2273 390 2309 semel
412 2281 522 2320 atque
546 2274 674 2309 iterum
697 2275 937 2321 reprehensus
967 2274 1023 2310 vel
1038 2285 1112 2321 per
1133 2285 1221 2310 suos
1248 2274 1303 2311 vel
1318 2277 1393 2322 per
1414 2275 1545 2311 uxoris
1562 2279 1753 2322 parentes,
1784 2274 1839 2311 vet
1856 2285 1929 2322 per
1950 2275 2045 2311 alias
2066 2276 2212 2323 aliquas
2220 2287 2314 2357 lper-

83 2324 194 2353 sonas
213 2318 288 2363 fide
311 2318 443 2364 diqnas
465 2319 641 2354 eiusmodi
667 2319 817 2355 luxuria
841 2331 916 2355 non
940 2319 1165 2361 abstinuerit,
1198 2320 1305 2356 liceat
1327 2320 1470 2356 mulieri
1489 2325 1646 2367 propter
1668 2319 1763 2355 hanc
1786 2330 1930 2372 quoque
1953 2330 2098 2357 causam
2119 2320 2218 2357 disso
2234 2331 2314 2358 vere

83 2364 360 2406 matrimonium,
385 2370 419 2400 et
441 2364 604 2411 recipere
627 2364 744 2401 dotem
768 2365 891 2400 datam
915 2370 950 2400 et
970 2365 1200 2401 donationem
1223 2372 1308 2401 ante
1328 2377 1376 2400 nu
1406 2366 1485 2409 cias,
1509 2370 1545 2401 et
1557 2376 1633 2412 pro
1657 2365 1832 2400 eiusmodi
1852 2365 1987 2402 trtiuria
2011 2366 2153 2402 tertiam
2161 2371 2314 2420 partem

83 2409 354 2450 aestimationi&
380 2420 488 2455 quam
513 2409 775 2447 donatio‘ante
797 2410 945 2457 nuptias
967 2410 1095 2456 efficit,
1119 2421 1170 2446 ex
1184 2410 1326 2456 reliqua
1351 2410 1450 2445 ilius
1470 2409 1672 2447 substantia
1694 2419 1841 2457 capere,
1861 2410 1913 2445 ita
1935 2415 2052 2447 tamen
2072 2415 2112 2447 ut
2133 2422 2166 2447 su
2182 2409 2314 2448 liberos

84 2454 224 2495 lzabeat,
259 2454 454 2500 usufructu
477 2454 558 2490 solo
582 2466 702 2490 rerum
728 2466 820 2501 quas
842 2466 892 2492 eoe
915 2455 1114 2491 donatione
1143 2460 1227 2491 ante
1250 2456 1399 2502 nuptias
1429 2460 1465 2491 et
1490 2467 1610 2502 poena
1642 2455 1771 2491 tertiae
1793 2455 1919 2502 partis
1947 2455 2170 2493 substantiae
2191 2456 2314 2505 masiti

84 2499 264 2545 acceperit
284 2500 450 2544 fruatur,
484 2511 564 2535 cum
588 2499 784 2536 dominium
809 2500 1055 2536 communibus
1085 2500 1208 2536 liberis
1231 2504 1471 2537 conservetur.
1520 2499 1562 2536 Si
1584 2501 1678 2536 enim
1701 2500 1834 2543 liberos
1863 2511 1938 2536 non
1961 2500 2092 2537 habeat
2118 2511 2169 2538 ιω
2190 2501 2314 2538 eodem

83 2545 325 2585 matrimonio,
351 2544 528 2580 eiusmodi
549 2556 669 2581 rerum
692 2557 771 2580 eam
796 2546 902 2580 etiam
926 2545 1123 2581 dominium
1146 2545 1279 2582 habere
1301 2546 1471 2581 iubemus.

218 2589 262 2623 X.
311 2588 489 2632 Quoniam
513 2596 631 2626 autem
661 2591 769 2626 etiam
792 2602 843 2627 ex
866 2601 1043 2626 consensu
1071 2591 1237 2626 nonnulli
1267 2602 1381 2637 usque
1411 2589 1530 2627 adhuc
1552 2590 1782 2626 matrimonia
1813 2591 1908 2626 inter
1928 2601 1967 2626 se
1989 2594 2177 2627 contracta
2199 2591 2313 2628 solve-

84 2633 181 2676 bant,
205 2634 244 2668 id
266 2635 304 2668 in
324 2639 512 2680 posterum
533 2635 616 2681 fieri
638 2636 740 2671 nullo
764 2635 872 2671 modo
890 2637 1067 2682 patimur,
1091 2637 1163 2672 nisi
1181 2636 1245 2683 qui
1266 2637 1368 2682 forte
1391 2636 1571 2672 castitatis
1593 2635 1771 2671 desiderio
1791 2635 1831 2671 id
1847 2635 2013 2681 fecerint.
2061 2634 2199 2680 Quodsi
2220 2637 2313 2673 eius-

84 2679 180 2712 modi
206 2690 390 2724 personae
419 2681 527 2715 etiam
559 2681 690 2717 liberos
721 2680 894 2723 habeant,
932 2686 1003 2716 tam
1036 2680 1154 2717 dotem
1185 2692 1294 2728 quam
1318 2680 1547 2717 donationem
1571 2686 1655 2716 ante
1676 2681 1826 2727 nuptias
1849 2680 1971 2716 liberis
1992 2691 2115 2716 eorum
2138 2680 2316 2718 custodiri

83 2724 284 2759 statuimus.
331 2723 373 2759 Si
396 2725 478 2770 quis
501 2729 621 2761 autem
643 2737 694 2762 ex
716 2726 800 2769 illis,
825 2726 978 2762 maritus
999 2726 1103 2772 forte
1124 2727 1198 2762 sive
1221 2737 1329 2768 uxor,
1358 2731 1447 2773 post
1468 2725 1735 2761 matrimonium
1750 2729 1908 2772 propter
1930 2726 2132 2762 castitatem
2155 2737 2205 2763 ex
2225 2736 2312 2762 con-

83 2780 190 2804 sensu
213 2770 369 2804 solutum
393 2770 487 2804 alias
510 2771 723 2807 contrahere
746 2773 894 2818 nuptias
916 2776 1123 2818 compertus
1143 2773 1191 2808 sit
1214 2771 1271 2808 vel
1293 2771 1483 2807 luoeuriose
1507 2771 1635 2813 vivere,
1657 2770 1829 2813 iubemus,
1859 2771 1892 2805 si
1915 2771 2073 2823 quidem,
2103 2772 2157 2807 uti
2179 2771 2313 2808 dictum

83 2819 148 2854 est,
179 2814 282 2848 liberi
304 2818 430 2849 extent
451 2825 501 2850 ex
521 2815 712 2862 praedicto
737 2817 920 2863 coniuqio,
949 2817 996 2852 iis
1013 2822 1166 2863 praeter
1187 2817 1303 2853 dotem
1330 2821 1365 2852 et
1387 2816 1619 2852 donationem
1637 2820 1796 2862 propter
1818 2827 1867 2850 nu
1896 2817 2094 2897 ttaisjbetiarn
2117 2816 2314 2908 domfinittcm

1952 2871 1963 2895 ι
1988 2872 2040 2897 ενι
2077 2871 2193 2912 anper
2213 2872 2255 2900 ee
2269 2872 2314 2898 ae

1771 2859 1850 2904 Quo

2233 2906 2311 2942 ecit.

85 2858 183 2894 tradi
213 2860 375 2904 reliquae
404 2860 626 2896 substantiae
656 2861 734 2897 eius
751 2872 943 2942 bpersonae
977 2872 1072 2907 quae
1102 2862 1192 2898 llaec
1222 2861 1442 2898 commisisse
1475 2861 1638 2912 convicta
1666 2862 1723 2912 ³35²:
1815 2906 1822 2912 .
1930 2906 1938 2913 ο

84 2904 214 2940 aetatis
235 2905 327 2946 sint,
354 2905 602 2951 praecipimus
630 2910 671 2941 ut
700 2918 748 2952 qu
773 2911 944 2942 ornentur
975 2910 1011 2942 et
1033 2906 1182 2943 alantur
1211 2908 1256 2943 ab
1281 2907 1342 2943 illo
1367 2910 1524 2953 parente
1554 2916 1616 2952 qut
1645 2905 1739 2941 nalal
1759 2906 1843 2941 hunc
1865 2906 1935 2952 ἔαρι
1960 2910 2182 2941 contrat-mm

85 2948 127 2984 Si
151 2960 235 2986 vero
259 2949 364 2984 ambo
386 2954 557 2995 parentes
581 2950 619 2984 in
642 2950 819 2987 eiusmodi
828 2956 1028 3003 ,peccatum
1050 2952 1259 2995 inciderint,
1290 2956 1364 2987 tum
1384 2951 1573 2997 utriusq-ue
1594 2951 1764 2997 parentis
1793 2951 1996 2986 substantia
2022 2949 2143 2985 liberis
2239 2951 2312 2986 ica-

85 2998 155 3038 tur,
181 2994 457 3030 administrator
482 2999 600 3029 aulem
624 2995 681 3038 iis,
712 2996 796 3031 dum
820 2997 1056 3042 imperfectae
1079 2997 1210 3033 aetatis
1231 3001 1327 3039 sunt,
1357 2996 1567 3042 desiqnetur
1589 3006 1679 3030 cura
1701 2995 1935 3042 competentis
1957 2994 2097 3037 iudicis,
2127 2994 2184 3031 vel
2205 2995 2311 3031 etiam

133 3086 147 3118 1
171 3082 370 3129 ἐλέγχηται]
395 3084 604 3117 convincitur
625 3087 711 3128 5112
730 3086 806 3118 τῶν
830 3086 904 3128 τῆς]
928 3087 1004 3120 τῶν
1029 3099 1087 3120 om.
1101 3088 1133 3120 L
1156 3085 1168 3131 ΙΙ

84 3132 104 3163 3
130 3126 345 3173 προςώπων]
368 3127 567 3175 μαρτύρων
579 3130 637 3163 Ρν.
652 3130 716 3173 Ep.
736 3129 749 3174 ΙΙ
775 3133 794 3164 5
811 3132 871 3164 καὶ
895 3144 953 3164 om.
969 3143 989 3167 ς
1005 3131 1018 3170 Ι]
1035 3133 1056 3166 6
1080 3143 1167 3177 προ-

83 3177 270 3220 γαιιιιαίαν]
302 3174 373 3219 πρὸ
397 3175 512 3221 γάμου
534 3175 591 3208 Pr.
618 3175 681 3218 Ep.
710 3175 722 3219 ΙΙ
753 3178 770 3209 7
796 3173 839 3208 τὸ
867 3176 924 3208 Pr.
952 3177 1029 3219 Ep.]
1055 3190 1112 3209 om.
1129 3177 1175 3210 M

87 3222 154 3253 ΔΒ
171 3221 183 3262 ΙΙ
201 3222 221 3254 9
246 3217 354 3262 ἄλλης
377 3234 433 3253 om.
449 3231 468 3257 ς·
485 3221 498 3262 ΙΙ
517 3222 556 3254 10
572 3217 685 3263 μόνης
708 3233 766 3253 om.
784 3221 816 3253 L
831 3221 844 3264 ΙΙ
866 3223 906 3254 16
931 3223 989 3253 καὶ
1014 3235 1073 3255 om.
1087 3221 1138 3255 B!
1156 3221 1168 3266 ΙΙ

90 3268 127 3299 18
152 3267 367 3299 συνενέσεως
390 3265 439 3299 Μ
453 3265 466 3310 ΙΙ
492 3266 531 3300 21
559 3261 760 3307 ποιήσωσιν
782 3266 880 3299 schol.
907 3266 972 3309 Ep.
1002 3265 1014 3304 ΙΙ
1042 3267 1084 3300 22
1108 3268 1169 3299 καὶ

86 3325 144 3344 nm.
157 3312 255 3343 schol.
270 3312 334 3354 Ep.
349 3323 368 3347 ς
383 3310 396 3348 ΙΙ
415 3311 459 3345 25
476 3305 580 3354 ἀνὴρ]
605 3313 664 3343 aut
679 3311 819 3343 maritus
842 3312 877 3350 (i.
891 3323 916 3343 e.
942 3306 964 3352 ἢ
985 3306 1089 3355 ἀνὴρ)
1114 3323 1135 3347 ς
1157 3310 1169 3355 Η

84 3355 204 3397 τυχὼν
231 3356 295 3394 Δ1111
321 3358 363 3390 2Ἱ
380 3353 495 3390 ἄλλως
516 3356 615 3390 schol.
634 3356 698 3399 Ep.
723 3355 736 3397 ΙΙ
763 3357 805 3389 29
829 3354 898 3397 τὴν
921 3351 979 3388 διὰ
1002 3355 1084 3388 τοὺς
1107 3353 1167 3400 γά-

84 3412 169 3443 μους
189 3398 329 3445 δωρεὰν
349 3402 448 3435 schol.
465 3402 531 3446 Ep.
547 3400 561 3446 ΙΙ
580 3402 618 3435 31
638 3400 701 3443 τῆς
720 3397 857 3442 λοιπῆς]
875 3410 999 3443 poenae
1016 3402 1050 3442 (i.
1064 3413 1090 3434 e.
1108 3400 1169 3442 τῆς

86 3447 224 3488 ποινῆς)
249 3459 268 3482 ς
287 3448 298 3490 ΙΙ
313 3446 431 3480 ταῦτα
456 3459 513 3480 om.
526 3458 546 3483 ς
592 3447 635 3481 38
654 3445 727 3489 τῆς]
752 3448 823 3479 τοῖς
849 3446 888 3478 Μ

157 3583 169 3613 1
199 3579 364 3622 culpatus]
388 3580 430 3613 al.
450 3580 601 3623 pulsatus
627 3578 676 3613 Β*
693 3581 726 3613 in
739 3591 800 3622 my.
826 3578 840 3622 ΙΙ
865 3580 885 3612 2
909 3583 968 3612 aut
991 3590 1050 3621 per
1073 3579 1166 3621 alias]

88 3627 146 3655 aut
170 3635 228 3666 per
253 3638 311 3658 om.
335 3626 372 3666 V,
408 3626 490 3657 alias
523 3639 580 3659 om.
607 3625 640 3658 R
667 3625 680 3665 ΙΙ
709 3626 730 3659 4
752 3634 812 3666 per
834 3624 919 3657 hane
942 3635 1073 3657 causam
1099 3625 1131 3658 T
1156 3625 1167 3668 Η

89 3671 109 3703 G
143 3671 238 3701 tertia
269 3676 362 3711 parte
389 3672 420 3703 T
444 3671 456 3715 ΙΙ
495 3673 513 3704 7
539 3671 675 3703 donatio
707 3669 787 3703 facit
821 3669 851 3701 R
877 3670 890 3714 ΙΙ
921 3671 939 3704 8
965 3669 1009 3702 tffi
1038 3670 1071 3702 R
1098 3670 1112 3714 ΙΙ
1139 3671 1169 3704 si

1235 3086 1322 3119 filios
1347 3089 1384 3118 ut
1405 3086 1452 3119 V²
1476 3088 1515 3118 ut
1535 3084 1622 3118 filios
1643 3085 1694 3118 Τι
1715 3084 1728 3127 ss
1758 3087 1779 3119 9
1800 3082 2042 3128 antenuptialis
2067 3083 2100 3118 T
2107 3085 2116 3104 ¹
2142 3085 2155 3126 ΙΙ
2185 3086 2225 3118 10
2244 3086 2311 3118 ter-

1234 3132 1284 3164 tia
1303 3130 1384 3165 VT¹
1401 3131 1412 3174 ΙΙ
1429 3129 1587 3172 acciperit
1609 3129 1665 3172 Vll
1690 3131 1727 3164 11
1755 3129 1889 3162 domino
1909 3129 1943 3163 R
1960 3129 1972 3172 ΙΙ
1995 3128 2086 3171 filiis]
2108 3128 2225 3163 liberis
2249 3130 2284 3164 T

1236 3175 1462 3209 conseruanda
1482 3175 1515 3207 V
1532 3174 1546 3218 ΙΙ
1572 3175 1612 3208 13
1635 3176 1759 3215 rerum]
1783 3173 1928 3207 filiorum
1954 3174 1987 3207 R
2007 3174 2020 3218 ΙΙ
2044 3175 2231 3218 praecimus
2249 3174 2283 3210 V
2299 3186 2305 3220 Ι
2324 3217 2329 3223 ⁴

1238 3223 1278 3256 18
1292 3223 1379 3254 rubr.
1404 3221 1455 3253 Ne
1478 3219 1577 3252 liceat
1606 3219 1695 3260 (Non
1719 3219 1798 3251 lieet
1823 3219 1870 3261 T)
1901 3219 2151 3254 matrimonium
2181 3219 2312 3254 soluere

1235 3266 1301 3298 nisi
1320 3275 1359 3299 ex
1380 3274 1477 3298 causa
1498 3263 1666 3307 probabili
1685 3263 1794 3297 RTin
1807 3277 1868 3308 my.
1882 3265 1934 3306 (ea.-
1946 3265 2024 3306 Iul.)
2042 3265 2055 3309 ΙΙ
2071 3267 2105 3299 et
2127 3278 2186 3299 om.
2203 3265 2284 3300 1⁷¹2*
2299 3264 2313 3312 11

1236 3313 1279 3345 20
1301 3310 1387 3350 fieri]
1410 3311 1473 3342 hoo
1494 3308 1567 3342 fleri
1592 3309 1624 3343 T
1631 3309 1642 3329 ¹
1668 3308 1681 3350 fl
1703 3309 1837 3351 quidem
1860 3309 1983 3343 RVT¹
2003 3310 2015 3354 ΙΙ
2042 3312 2082 3345 21
2101 3310 2227 3344 feeerit.
2258 3310 2312 3345 sin

1238 3356 1270 3389 Τ
1283 3355 1296 3396 ΙΙ
1312 3356 1355 3389 22
1380 3354 1535 3387 habuerit
1555 3353 1609 3398 VH
1635 3354 1678 3388 26
1702 3354 1841 3387 soluerit
1863 3354 1975 3388 R²V²
1986 3356 2069 3399 vulp.
2089 3355 2102 3399 ΙΙ
2118 3355 2312 3389 contrahere

1238 3401 1270 3434 T
1284 3399 1296 3445 ΙΙ
1312 3400 1353 3433 27
1368 3400 1395 3432 si
1412 3399 1544 3442 quidem
1566 3412 1623 3432 om.
1640 3399 1692 3432 Τι
1708 3399 1720 3442 ΙΙ
1738 3401 1780 3434 28
1793 3399 1894 3432 sicuti
1907 3399 1941 3432 R
1952 3402 2039 3444 vulq.
2056 3404 2068 3443 ῃ
2087 3401 2130 3435 29
2144 3402 2188 3443 et]
2213 3399 2311 3435 etiam

1238 3444 1288 3479 T²
1305 3445 1317 3487 11
1334 3446 1376 3478 30
1395 3455 1478 3488 pene
1501 3446 1585 3483 libri,
1609 3443 1726 3487 plenae
1743 3445 1835 3478 Beck
1848 3447 1903 3488 (cst
1920 3447 1965 3478 ad
1978 3446 2138 3480 Graecum
2153 3447 2280 3488 textum)
2298 3444 2312 3490 ΙΙ

1235 3489 1453 3531 substantiae]
1489 3500 1526 3522 ex
1556 3490 1742 3522 substantia
1773 3490 1806 3523 V
1827 3490 1840 3533 ΙΙ
1872 3491 1911 3525 31
1939 3501 2078 3533 persona
2107 3492 2202 3533 libri,
2225 3502 2308 3525 corr.

1235 3536 1321 3579 vulq.
1338 3540 1350 3578 11
1370 3536 1412 3570 32
1437 3535 1657 3578 praecipimus
1678 3537 1815 3578 parente
1840 3535 1871 3567 R
1888 3535 1900 3578 ΙΙ
1919 3537 1959 3570 33
1984 3538 2155 3579 praesente
2178 3535 2251 3580 lege
2269 3535 2308 3577 V,

1235 3580 1302 3621 legi
1326 3594 1384 3613 om.
1401 3581 1448 3613 R'
1467 3581 1479 3623 ΙΙ
1498 3582 1540 3614 34
1558 3579 1675 3612 vitium
1695 3580 1782 3622 vulq-
1802 3580 1814 3623 ΙΙ
1837 3581 1879 3614 35
1892 3582 2044 3623 utrisque
2062 3581 2111 3615 T¹
2128 3581 2141 3623 ΙΙ
2157 3581 2308 3614 substan-

1235 3626 1316 3657 tiam
1340 3626 1537 3666 (substantia
1562 3625 1627 3667 ΤΞ)
1651 3625 1799 3669 parentis
1822 3625 1876 3669 ΤΙΙ
1894 3627 1938 3659 36
1961 3626 1997 3659 in
2021 3638 2079 3659 om.
2092 3625 2140 3659 Β*
2156 3626 2168 3668 11
2187 3625 2308 3658 minori

1245 3671 1275 3703 V
1290 3670 1302 3714 [Ι
1317 3673 1406 3711 sunt]
1429 3670 1604 3703 constituti
1620 3672 1696 3704 add.
1711 3670 1760 3703 1³²
1776 3670 1789 3714 ΙΙ
1807 3671 1847 3704 37
1863 3671 2010 3704 ordinati
2024 3670 2196 3714 prouintia
2211 3671 2262 3704 T·
