2592 3840
250 94 358 140 Nov.
388 95 484 140 XCI
512 110 573 153 pr.
1314 93 1401 142 454
1871 109 1932 141 m*
1960 108 2216 141 Exsc'motm
2243 108 2462 142 INSTANTE

759 219 812 273 ᾗ
999 229 1001 231 ’
1783 229 1876 266 XCI.
1925 229 2172 267 Auth.X0111.
2198 230 2461 267 onn.vl1tit.5

250 300 385 334 ΩΣΤΕ
410 299 737 334 ΑΠΑῙΤΗΣΕΩΣ
762 299 932 333 ΟΥΣΗΣ
955 298 1182 332 ΠΡΟῙΚΟΣ
1206 299 1322 333 ΠΡΩ-
1391 297 1429 342 Rr
1455 295 1518 331 UT
1538 296 1820 333 EXACTIONE
1845 297 2090 334 INSTANTE
2115 298 2256 334 DOTIS
2277 297 2462 334 PRIMAE

250 345 356 378 ΤΗΣ
401 346 467 378 ΤΕ
510 345 602 378 ΚΑΙ
648 344 930 383 ΔΕΥΤΕΡΑΣ,
978 343 1043 377 ΩΣ
1089 344 1198 378 ΤΟΥ
1241 345 1322 378 AN-
1390 341 1455 376 ET
1500 341 1763 378 SECUNDAE
1798 342 1915 379 VIRO
1958 343 2025 378 AD
2068 342 2296 379 SECUNDA
2332 342 2464 378 VOTA

250 390 375 423 ΔΡΟΣ
417 388 1022 429 ΔΕΥΤΕΡΟΓΑΜΗΣΑΝΤΟΣ,
1068 389 1323 423 ΠΡΟΤῙΜΑ-
1391 385 1649 422 MIGRANTE
1669 387 2029 424 PRAEPONATUR
2047 387 2181 424 UXOR
2195 387 2350 423 PRIMA
2364 387 2463 423 VEL

248 435 366 468 ΣΘΑΙ
403 435 509 468 ΤΗΝ
544 434 816 468 ΠΡΟΤΕΡΑΝ
852 433 1081 468 ΓΥΝΑΙΚΑ
1114 434 1152 468 Η
1184 434 1324 468 ΤΟΥΣ
1359 431 1458 470 5ΕΧ
1493 431 1661 468 PRIORI
1698 432 2011 469 MATRIMONIO
2047 432 2175 468 FILII.
2223 432 2287 468 ET
2322 431 2387 469 UT
2421 431 2464 468 SI

248 480 319 513 ΕΚ
344 479 452 513 ΤΟΥ
476 479 752 513 IIPOTEPOY
776 479 958 513 ΓΑΜΟΥ
982 479 1175 513 ΠΑΙΔΑΣ.
1230 480 1323 513 ΚΑΙ
1391 476 1637 512 VOLUERIT
1670 477 1803 513 UXOR
1837 478 1935 514 AUT
1966 478 2009 514 IS
2044 478 2124 523 QUI
2156 478 2250 514 PRO
2285 477 2351 513 EA
2381 477 2463 513 DO—

250 525 384 558 ΩΣΤΕ
427 525 474 558 ΕΙ
514 524 872 558 ΒΟΥΛΗΘΕΙΣΗΣ
915 524 1021 558 ΤΗΣ
1064 524 1323 558 ΓΥΝΑΙΚΟΣ
1391 521 1497 556 ΤΕΜ
1521 521 1799 558 SCRIPSERIT
1818 523 1951 559 DARE
1973 523 2086 559 VIRO
2111 523 2241 567 QUAE
2262 521 2465 559 SCRIPTA

248 569 378 602 ΗΤΟῙ
417 569 526 602 ΤΟΥ
565 569 1028 603 ΚΑΤΑΓΡΑΨΑΝΤΟΣ
1065 570 1197 603 ΥΠΕΡ
1237 570 1323 604 ΑΥ-
1392 566 1529 610 SUNT,
1561 567 1853 603 DISTULERIT
1883 568 2054 605 AUTEM
2077 567 2163 604 VIR
2191 567 2464 610 SUSOEPERE,

249 615 354 647 ΤΗΣ
387 614 493 647 ΤΗΝ
522 614 717 648 ΠΡΟΙΚΑ
749 614 934 648 ΔΟΥΝΑΙ
966 615 1056 648 'rm
1079 615 1223 649 ANAPI
1251 615 1323 649 TA
1392 611 1578 647 SOLUTO
1618 612 1931 649 MATRIMONIO
1973 613 2111 650 EXIGI
2151 613 2255 649 EUM
2298 613 2361 647 AB
2397 611 2464 648 EA

248 659 679 694 ΚΑΤΑΓΡΑΦΕΝΤΑ
717 660 1076 694 ΑΝΑΒΑΛΛΕΤΑῙ
1114 660 1145 694 Ο
1187 661 1322 694 ΑΝΗΡ
1339 664 1379 696 10
1438 656 1775 693 CONSORIPTAM
1809 658 2232 694 ANTENUPTIALEM
2267 657 2419 694 DONA-

247 703 621 745 ΥΠΟΔΕΞΑΣΘΑΙ,
667 702 941 739 ΛΥΘΕΝΤΟΣ
987 705 1095 739 ΤΟΥ
1141 705 1324 739 ΓΑΜΟΥ
1804 703 1995 739 ΤΙΟΝΕΜ
2018 703 2058 749 Rz

249 749 577 783 ΑΠΑΙΤΕΙΣΘΑΙ
602 750 779 784 ΑΥΤΟΝ
804 750 911 784 ΤΗΝ
934 745 1018 784 Yn'
1037 751 1217 784 ΑΥΤΟΥ
1234 751 1324 784 ΚΑ-

299 794 665 830 ΤΑΓΡΑΦΕΙΣΑΝ
688 795 1044 830 ΠΡΟΓΑΜῙΑΙΑΝ
1068 795 1272 830 ΔΩΡΕΑΝ.

247 845 496 894 Αὐτοκράτωρ
518 846 769 883 ’Ῑουστινιανός
790 848 999 896 Αὔγουστος
1017 847 1166 898 Ἰωάννῃ
1191 850 1243 892 τῷ
1269 851 1323 883 ἐν-
1489 847 1587 884 Idem
1611 847 1701 893 Aug.
1725 848 1876 884 Iohanni
1898 859 1958 894 pp.
1983 848 2139 885 secundo
2162 858 2206 885 ox
2230 848 2375 885 consule

248 892 432 936 δοξοτάτῳ
454 894 599 939 ἐπάρχῳ
624 895 701 928 τῶν
716 891 942 929 ἀνατολικῶν
963 899 1198 941 πραιτωρίων
1218 894 1259 928 τὸ
1276 893 1323 939 β’,
1339 900 1379 932 15
1720 893 1898 930 ordinario
1922 897 1958 929 et
1979 894 2142 939 patricio.

389 936 463 973 ἀπὸ
489 936 645 973 ὑπάτων
669 936 888 985 ὄρδιναρίων
911 943 971 973 καὶ
994 943 1182 986 πατρικίῳ.

290 1005 594 1051 (Προοίμιον.)
640 1010 680 1040 Π
700 1006 776 1050 ώην
808 1005 1036 1049 δικαζόντων
1066 1006 1172 1052 ἡμῶν
1201 1004 1325 1053 ἡμφις-
1445 1004 1733 1052 (Praefatio.)
1784 1005 1927 1042 Dudum
1950 1005 2191 1042 iudicantibus
2213 1005 2318 1042 nobis
2340 1005 2378 1041 in
2401 1005 2465 1040 du-

246 1049 393 1095 βητήθη
426 1053 576 1097 πρᾶγμα
608 1020 739 1096 πολλῆς
763 1050 866 1093 ἄξιον
895 1054 1111 1099 ἐπιστροφῆς
1135 1055 1194 1086 καὶ
1217 1065 1325 1098 σαφε-
1394 1051 1603 1087 bitationem
1631 1051 1727 1087 venit
1757 1061 1868 1087 causa
1897 1052 2011 1087 multa
2041 1051 2263 1087 correctione
2293 1050 2400 1096 digna
2429 1053 2467 1086 et

247 1099 373 1141 στέρας
389 1097 608 1141 νομοθεσίας
628 1094 691 1130 οὐκ
708 1094 869 1138 ἀνάξιον.
917 1100 976 1131 καὶ
995 1095 1065 1145 γάρ
1080 1109 1134 1132 τις
1152 1100 1326 1143 προτέρας
1393 1097 1615 1141 legislatione
1650 1095 1793 1132 clariori
1826 1107 1899 1132 non
1933 1096 2088 1142 indigna.
2146 1096 2290 1132 Etenim
2324 1094 2466 1142 quidam

245 1142 437 1187 γενόμενος
458 1143 613 1196 γαμετῇς
636 1139 729 1187 ἀνὴρ
754 1146 814 1176 καὶ
837 1141 974 1186 ταύτην
999 1141 1216 1187 ἀποβαλών,
1249 1144 1326 1177 εἶτα
1339 1149 1381 1181 20
1394 1142 1522 1187 prioris
1545 1141 1663 1177 factus
1686 1141 1809 1178 uxoris
1832 1141 1885 1177 Vir
1909 1152 1989 1178 cum
2011 1152 2090 1177 eam
2113 1141 2310 1186 extulisset,
2340 1140 2466 1177 deinde

247 1184 428 1232 δευτέρας,
456 1191 587 1230 προῖκα
610 1200 650 1221 τε
673 1185 938 1232 ὑποδεξάμενος
960 1185 1050 1233 παρ’
1077 1188 1243 1233 ἑκατέρας
1266 1191 1326 1222 καὶ
1394 1187 1584 1230 secundae,
1614 1187 1732 1222 dotem
1756 1187 1954 1232 suscipiens
1983 1190 2020 1222 et
2041 1186 2135 1223 filios
2158 1197 2203 1223 ex
2251 1186 2338 1223 riori
2359 1185 2464 1222 rolin-

247 1229 377 1266 παῖδας
393 1233 431 1265 ἐκ
447 1234 507 1275 τῆς
525 1231 669 1278 πρώτης
684 1231 898 1267 καταλιπών
915 1230 1062 1276 ἀπῆλθε
1078 1235 1141 1276 τῆς
1161 1231 1326 1279 δευτέρας
1394 1243 1506 1278 quens
1531 1232 1619 1268 obiit
1649 1232 1768 1268 adhuc
1795 1233 1953 1268 secunda
1975 1233 2176 1278 superstite.
2258 1231 2380 1268 olebat
2400 1230 2466 1276 igi-

246 1278 301 1310 ἔτι
325 1275 522 1322 περιούσης.
570 1274 743 1333 {stomaro
759 1282 885 1312 τοίνυν
903 1276 924 1321 ἡ
943 1277 1090 1324 δευτέρα
1105 1279 1240 1324 γαμετὴ
1257 1278 1326 1322 τὴν
1393 1283 1452 1312 tur
1475 1277 1633 1314 secunda
1662 1288 1754 1313 uxor
1783 1277 1903 1313 dotem
1932 1288 1955 1314 a
1985 1288 2024 1314 se
2051 1277 2171 1313 datam
2198 1276 2338 1322 exigere
2359 1275 2467 1322 privi-

247 1325 377 1366 προῒκα
401 1322 470 1365 τὴν
500 1334 575 1369 παρ
619 1320 726 1366 αὐτῆς
750 1321 945 1367 δεδομένην
971 1321 1139 1359 ἀπαιτεῖν
1162 1325 1214 1367 τῷ
1240 1336 1325 1369 προ-
1393 1323 1484 1366 legio
1516 1328 1620 1358 utens
1649 1332 1673 1357 a
1701 1322 1806 1359 nobis
1830 1323 1925 1366 dato,
1957 1323 2253 1359 contradicebant
2280 1323 2400 1358 autem
2423 1331 2468 1357 ex

246 1371 362 1411 νομίῳ
386 1370 551 1413 χρωμένη
575 1369 629 1410 τῷ
661 1365 753 1414 παρ’
777 1367 882 1412 ἡμῶν
911 1366 1112 1414 δεδομένῳ,
1138 1366 1326 1415 ἀντέλεγον
1339 1373 1380 1406 25
1393 1368 1507 1413 priori
1535 1368 1757 1404 matrimonio
1789 1368 1852 1403 filii
1883 1370 1920 1404 et
1950 1368 2021 1413 ipsi
2051 1370 2247 1404 maternam
2272 1366 2468 1404 obicientes

247 1410 287 1445 δὲ
309 1412 344 1446 οἱ
374 1414 412 1446 ἐκ
435 1414 512 1447 τῶν
536 1412 698 1466 πρώτων
727 1413 856 1460 γάμων
886 1412 1010 1449 παῖδες
1041 1417 1099 1448 καὶ
1130 1411 1232 1448 αὐτοὶ
1261 1426 1325 1469 14⁷]—
1394 1414 1531 1456 dotem,
1563 1418 1599 1448 et
1622 1413 1770 1449 dublum
1794 1415 1881 1457 erat,
1909 1416 2028 1449 utrum
2051 1413 2158 1450 etiam
2181 1422 2253 1448 non
2277 1411 2468 1458 superstite

246 1456 371 1502 τρῴαν
395 1470 668 1503 προτεινομενοι
687 1462 828 1504 προῖκα,
852 1462 912 1493 καὶ
935 1456 1246 1505 άμφιςβητήσιμον
1269 1473 1326 1502 ην,
1393 1459 1510 1504 priore
1540 1469 1652 1495 uxore
1683 1462 1864 1504 oporteret
1895 1458 2030 1504 suscipi
2059 1458 2152 1495 filios
2183 1461 2308 1494 contra
2339 1467 2467 1494 secun-

247 1506 278 1535 εί
301 1503 425 1545 καὶμὴ
441 1501 628 1549 περιούσης
643 1505 703 1546 τῆς
719 1507 894 1550 προτέρας
908 1506 1062 1550 γαμετῆς
1078 1503 1132 1538 δεῖ
1147 1503 1327 1545 δέξασθαι
1394 1505 1460 1540 dae
1491 1503 1607 1540 dotem
1638 1504 1827 1548 litigantes.
1874 1504 1956 1540 Non
1987 1504 2080 1539 enim
2111 1503 2191 1540 aliis
2220 1502 2380 1539 dedimus
2402 1502 2467 1538 du-

247 1549 329 1581 τοὺς
350 1549 483 1591 ἐκείνης
502 1547 634 1583 παῖδας
653 1549 745 1583 κατὰ
765 1550 828 1592 τῆς
846 1547 1008 1595 δευτέρας
1028 1550 1174 1594 προικὸς
1196 1547 1326 1596 άγωνι-
1394 1548 1477 1585 dum
1513 1554 1549 1585 et
1580 1549 1704 1585 damus
1735 1550 1803 1584 hoc
1833 1549 2053 1594 privilegium
2088 1552 2152 1584 aut
2181 1547 2372 1585 herodibus
2405 1550 2470 1583 aut

248 1595 425 1635 ζομένους.
473 1592 515 1627 οὐ
539 1594 607 1640 γὰρ
627 1594 757 1639 ἑτέροις
775 1593 985 1639 δεδώκαμεν
1003 1608 1043 1629 τε
1063 1593 1130 1638 ἤδη
1150 1597 1210 1629 καὶ
1231 1593 1325 1629 δίδο-
1339 1599 1381 1632 30
1395 1594 1639 1637 creditoribus,
1661 1594 1723 1630 sed
1742 1594 1827 1630 solis
1845 1594 1939 1631 ffliis.
1982 1593 2161 1630 Plurimae
2176 1593 2346 1639 siquidem
2364 1592 2468 1629 dubi-

246 1650 314 1681 μεν
336 1639 445 1672 τοῦτο
468 1638 511 1672 τὸ
537 1636 740 1684 προνόμιον
763 1638 786 1682 ἢ
809 1638 1043 1686 κληρονόμοις
1065 1639 1088 1683 ἢ
1113 1639 1325 1681 δανεισταῖς,
1394 1640 1547 1676 tationes
1579 1640 1774 1675 extiterunt
1802 1639 1840 1675 in
1869 1640 1938 1676 hac
1969 1649 2096 1682 causa,
2127 1639 2268 1675 dicente
2299 1637 2468 1681 secunda,

248 1680 338 1716 ἀλλὰ
369 1682 493 1726 μόνοις
524 1688 638 1719 παισί.
695 1683 825 1719 πολλαὶ
856 1687 922 1727 μὲν
953 1687 1020 1719 οὐν
1051 1682 1327 1732 ἀμφιςβητήσεις
1395 1686 1559 1730 quoniam
1583 1685 1810 1730 expendisset
1832 1687 1870 1720 et
1892 1687 1975 1720 ante
2006 1694 2112 1729 quam
2143 1685 2190 1720 ad
2213 1684 2290 1720 eius
2313 1683 2470 1726 venisset

246 1728 438 1774 γεγόνασιν
472 1730 512 1762 ἐν
542 1730 596 1771 τῷ
628 1727 832 1776 πράγματι,
868 1728 1034 1777 λεγούσης
1068 1732 1131 1774 τῆς
1163 1729 1326 1775 δευτέρας
1394 1730 1658 1767 matrimonium
1674 1730 1804 1775 prioris
1821 1729 1941 1766 uxoris
1958 1730 2085 1773 dotem,
2103 1731 2140 1766 et
2155 1740 2228 1766 non
2243 1739 2321 1766 esse
2335 1729 2468 1765 iustum

246 1775 412 1819 γαμετῆς,
438 1771 487 1807 ὠς
510 1773 740 1814 ἐξαναλώσας
763 1775 862 1820 ἔφθη
886 1779 945 1809 καὶ
966 1779 1052 1822 πρὶν
1071 1777 1130 1810 ἐπὶ
1151 1776 1216 1810 τὸν
1240 1775 1330 1822 πρὸς

249 1815 360 1862 αὐτὴν
385 1818 478 1866 ἔλθῃ
502 1818 621 1866 γάμον
645 1818 664 1853 ὁ
691 1816 783 1865 ἀνὴρ
806 1820 875 1864 τὴν
899 1822 959 1864 τῆς
978 1824 1151 1867 προτέρας
1174 1822 1328 1867 γαμετῆς
1342 1825 1384 1857 35

315 1911 399 1944 Nou.
425 1911 519 1944 XC'I
546 1911 707 1952 (Anthent.
734 1912 865 1945 XCIII
884 1928 929 1941 =
957 1913 1036 1946 Cotl.
1063 1913 1135 1946 VII
1154 1913 1199 1946 tit.
1224 1914 1259 1945 5:
1291 1914 1402 1957 yloss.)
1440 1913 1565 1947 Graece
1597 1920 1683 1946 extat
1714 1914 1747 1946 in
1780 1912 1879 1954 ML,
1917 1912 2043 1956 ερίὼφο
2074 1918 2203 1955 excepto
2234 1913 2268 1945 in
2299 1911 2334 1945 B
2357 1912 2412 1954 28,
2436 1918 2468 1946 18

247 1956 335 1997 (inde
359 1956 409 1989 Β*
431 1957 470 1987 Π
491 1957 544 1995 29,
562 1963 598 1989 56
622 1969 656 1999 p.
672 1958 737 1990 569
763 1958 890 1999 ΖαεΙι.).
914 1976 958 1981 -
981 1958 1072 2001 Epit.
1100 1958 1220 1991 Theod.
1246 1959 1287 1992 91
1315 1959 1402 2000 (inde
1427 1955 1510 2001 ΒΣ),
1541 1959 1661 1992 Attum.
1687 1960 1738 1999 10,
1757 1966 1784 1992 5.
1830 1958 1954 1992 Iulian.
1978 1964 2075 1991 const.
2095 1956 2314 1991 LXXXIV.

1262 2080 1266 2081 ⁷
1318 2079 1415 2116 XCI.

254 2145 317 2181 UT
336 2144 443 2181 CUM
464 2143 611 2181 DOTIS
633 2144 846 2181 PRIORIS
876 2144 946 2180 ET
971 2145 1243 2183 SECUNDAE
1271 2145 1489 2183 EXACTIO
1513 2144 1608 2188 FIT,
1640 2143 1891 2182 SECUNDIS
1918 2143 2127 2181 NUPTIIS
2149 2145 2180 2181 A
2213 2144 2334 2183 VIRO
2357 2144 2470 2183 CON-

250 2189 468 2237 TRACTIS,
492 2189 864 2226 PRAEFERATUR
889 2190 1045 2227 PRIOR
1070 2190 1203 2228 UXOR
1235 2192 1332 2228 VEL
1352 2190 1541 2228 LIBERI
1558 2191 1634 2226 EX
1648 2189 1930 2227 PRIORIBUS
1947 2189 2156 2226 NUPTIIS
2173 2189 2470 2228 PROGREATI.

252 2235 415 2278 UTQUE
445 2234 549 2271 CUM
583 2234 716 2272 UXOR
747 2235 876 2271 SIVE
904 2234 956 2271 IS
986 2235 1078 2279 QUI
1105 2235 1205 2274 PRO
1237 2237 1303 2272 EA
1329 2235 1660 2273 CONSCRIPSIT
1681 2234 1857 2272 DOTEM
1875 2234 2016 2271 DARE
2039 2234 2150 2271 EAM
2170 2234 2362 2272 MARITO
2391 2235 2471 2272 VE-

247 2280 343 2323 LIT,
369 2279 424 2316 SI
438 2279 665 2316 MARITUS
687 2279 821 2323 QUAE
841 2280 1147 2317 CONSCRIPTA
1172 2281 1307 2319 SUNT
1321 2281 1576 2319 ACCIPERE
1596 2279 1911 2322 DISTULERIT,
1936 2279 2127 2317 SOLUTO
2145 2279 2472 2319 MATRIMONIO

239 2357 243 2362 .
529 2325 752 2362 DONATIO
775 2325 915 2361 ANTE
935 2326 972 2362 N
978 2325 1155 2362 UPTIAS
1176 2327 1244 2363 AB
1268 2326 1385 2363 IPSO
1412 2325 1718 2364 CONSCRIPTA
1740 2325 1809 2362 AB
1834 2325 1901 2362 EO
1926 2324 2194 2362 EXIGATUR.

293 2381 385 2430 Imp.
404 2381 632 2418 lastinianus
647 2382 834 2428 Auqustus
854 2380 1016 2418 Iohanni
1037 2383 1515 2464 qloriOSiJimostmtwfoettq
1530 2382 1723 2435 praetorio
1745 2393 1814 2430 per
1836 2381 2015 2418 Orientem
2038 2381 2186 2424 iterum,
2210 2392 2261 2419 ex
2279 2382 2427 2420 consuta

1143 2440 1186 2464 or
1212 2440 1331 2464 mario
1356 2440 1376 2465 e
1412 2440 1463 2475 pa
1481 2439 1581 2464 ricto.

371 2494 624 2540 Praefatio.
665 2494 793 2546 Nuper
809 2493 1051 2532 iudicantibus
1067 2496 1170 2532 nobis
1185 2497 1224 2532 in
1240 2498 1523 2533 controversiam
1539 2500 1667 2532 vocata
1686 2498 1739 2531 est
1752 2505 1811 2530 res
1826 2494 2018 2541 multiplici
2033 2493 2344 2532 animadversione
2359 2494 2472 2548 (liqna

249 2551 363 2586 neque
387 2540 539 2586 indiqna
563 2539 803 2576 luculenttore
826 2539 1064 2586 leqislatione.
1112 2541 1265 2584 Quidam
1289 2542 1382 2577 enim
1405 2553 1485 2578 cum
1501 2541 1643 2588 prioris
1665 2540 1795 2577 uxoris
1826 2550 1940 2586 eaque
1963 2539 2097 2575 amissa
2119 2538 2298 2576 secundae
2319 2545 2472 2588 maritus

248 2586 373 2630 sactus
402 2591 512 2626 esset,
547 2584 632 2620 dote
663 2585 708 2620 ab
739 2590 895 2630 utraque
926 2592 1077 2632 accepta
1107 2592 1143 2623 et
1172 2587 1295 2623 liberis
1326 2598 1375 2622 ex
1396 2587 1524 2633 priore
1553 2586 1690 2623 relictis
1714 2585 1916 2622 decesserat
1944 2583 2103 2621 secunda
2126 2584 2246 2620 adhuc
2267 2585 2471 2633 superstite.

259 2630 410 2677 Volebat
440 2631 554 2676 iqitur
584 2629 743 2664 secunda
773 2641 874 2665 uxor
906 2629 1024 2666 dotem
1047 2643 1070 2666 a
1093 2633 1131 2667 se
1154 2632 1277 2667 datam
1301 2633 1451 2678 exiqere
1475 2631 1670 2678 privileyio
1702 2641 1771 2666 usa
1794 2642 1818 2666 a
1840 2629 1945 2666 nobis
1965 2639 2145 2672 concesso,
2177 2629 2473 2667 contradicebant

250 2679 368 2710 autem
399 2674 503 2710 liberi
533 2685 583 2710 ex
607 2675 737 2720 priore
759 2675 989 2710 matrimonio
1022 2677 1101 2712 nati
1130 2676 1144 2711 i
1169 2677 1202 2712 si
1232 2687 1376 2729 quoque
1399 2682 1597 2712 maternam
1620 2676 1739 2712 dotem
1761 2674 2047 2722 praetendentes,
2078 2679 2187 2722 atque
2213 2674 2359 2712 dubium
2379 2678 2472 2719 erat,

250 2731 335 2755 num
358 2720 464 2755 etiam
479 2720 609 2766 priore
633 2719 787 2765 eoniuqe
818 2730 891 2754 non
914 2721 1109 2767 superstite
1137 2688 1243 2758 {ibera
1266 2722 1366 2757 itltus
1397 2722 1557 2768 recipere
1580 2733 1659 2758 eam
1683 2720 1853 2757 deberent
1879 2725 2008 2756 contra
2030 2719 2224 2756 secundam
2247 2719 2367 2757 dotem
2389 2731 2472 2757 con-

253 2764 444 2801 tendentes.
492 2764 618 2810 Neque
648 2764 741 2799 enim
773 2764 857 2799 aliis
890 2764 958 2800 Ιιοο
983 2766 1215 2813 privileqium
1247 2771 1283 2803 et
1313 2766 1475 2802 dedimus
1505 2767 1576 2802 iam
1599 2771 1635 2802 et
1657 2766 1785 2802 damus
1815 2765 1890 2802 sive
1914 2764 2104 2801 heredibus
2125 2764 2200 2802 sive
2222 2765 2472 2809 oreditoribus,

250 2809 315 2845 sed
336 2809 424 2845 solis
447 2809 579 2844 liberis.
627 2808 767 2844 Multae
790 2809 902 2854 iqitur
926 2812 1194 2847 controversiae
1226 2812 1263 2847 in
1287 2823 1330 2847 ea
1355 2822 1467 2847 causa
1489 2813 1708 2852 extiterunt,
1740 2822 1819 2846 cum
1841 2808 2000 2846 secunda
2027 2821 2128 2846 uxor
2149 2809 2284 2846 diceret
2303 2810 2472 2848 maritum

251 2857 323 2890 iam
347 2860 430 2890 ante
454 2865 561 2900 quam
586 2853 636 2889 ad
658 2855 804 2900 nuptias
827 2854 942 2900 ipsius
966 2855 1136 2898 venisset,
1159 2857 1299 2902 prioris
1321 2856 1451 2892 uxoris
1476 2857 1593 2892 dotem
1617 2856 1895 2904 consumpsisse,
1927 2866 2042 2901 neque
2057 2866 2135 2902 par
2157 2866 2234 2892 esse
2255 2866 2294 2892 se
2316 2855 2472 2902 quidem,

299 2960 417 2993 lrubr.
443 2959 531 3000 Περὶ
555 2953 619 2989 δύο
643 2957 804 3000 προικῶν
826 2958 1140 2999 χρεωστουμένων,
1164 2960 1223 2990 καὶ
1248 2962 1330 3003 περὶ
1362 2960 1365 2977 ¹
1397 2955 1512 2999 (αὐτοὶ
1527 2958 1596 2993 τ“ν
1612 2960 1703 2993 malit
1720 2959 2005 2999 GGEHeimbaeh)
2020 2958 2032 3000 ΙΙ
2052 2958 2094 2992 29
2106 2957 2241 2999 ἐκείνης
2256 2957 2472 3002 oms-flammi

251 3004 314 3038 τοῦ
348 3003 396 3047 μὴ
415 3000 647 3055 *βουλομένου
682 3000 751 3042 τὴν
783 3004 912 3046 προῖκα
948 2999 1127 3041 δέξασθαι
1164 3004 1282 3037 Theod.
1320 3006 1330 3046 ΙΙ
1396 3005 1459 3046 τῆς
1471 3004 1533 3047 τῆς
1569 3003 1789 3049 ευτέραςΙῬΗ
1802 3006 1845 3038 30
1858 3006 1900 3048 cs.
1915 3003 2034 3043 God.8‚
2045 3009 2129 3043 17,12
2145 3000 2212 3047 §7ss
2225 3004 2266 3037 31
2283 3014 2312 3037 π
2333 3005 2473 3047 οοίμιον

253 3052 273 3084 2
297 3045 495 3090 ἀπαιτησαι
518 3047 566 3080 L²
591 3046 603 3090 ΙΙ
627 3045 781 3092 προικὸς]
805 3046 867 3088 τῆς
889 3046 1036 3092 προικὸς
1061 3047 1112 3080 ΒΓ
1124 3049 1135 3086 Η
1162 3049 1182 3082 3
1205 3060 1246 3081 τε
1270 3062 1327 3082 ont.
1363 3069 1365 3104 Ιι
1397 3050 1445 3082 L¹
1461 3051 1472 3089 ΙΙ
1493 3051 1534 3083 32
1555 3051 1677 3090 παισί]
1701 3051 1775 3083 τοῖς
1797 3051 1905 3083 παισί
1923 3047 2197 3082 CGEHeimbach
2217 3048 2322 3092 male!
2346 3050 2389 3083 34
2408 3060 2472 3094 γα·
2533 3082 2541 3086 ,

253 3096 328 3128 Ath.
345 3093 359 3138 ΙΙ
377 3090 425 3127 αἷς
445 3112 486 3117 -
510 3094 550 3126 13
570 3089 720 3135 δωρεάν]
746 3088 1088 3136 δευτερογαμοῦντος
1112 3089 1329 3139 (δευτερογα-
1395 3093 1503 3137 μετῆς
1523 3107 1581 3127 om.
1596 3105 1616 3130 ς
1632 3093 1644 3136 ΙΙ
1662 3095 1704 3127 35
1725 3090 1833 3136 αὐτῆς
1852 3094 1902 3127 L⁰
1920 3093 1932 3135 ΙΙ
1947 3089 2056 3125 ἔλθοι
2077 3091 2126 3125 B‘
2142 3091 2155 3135 ΙΙ
2171 3087 2192 3124 ὁ
2214 3088 2307 3138 ἀνὴρ
2331 3106 2390 3127 om.
2407 3106 2428 3131 e

251 3139 430 3184 μήσαντος
447 3139 555 3179 index)
575 3137 639 3170 τοῦ
663 3132 790 3180 ἀνδρὸς
811 3138 871 3168 καὶ
894 3136 939 3169 τὰ
964 3135 1043 3179 ἑξῆς
1059 3138 1134 3170 ΑιΙι.
1153 3137 1166 3180 ΙΙ
1186 3140 1226 3171 10
1243 3135 1328 3171 ἀνα·
1363 3148 1365 3181 j

253 3183 437 3229 βάλλεται]
455 3180 495 3216 δὲ
510 3195 577 3216 s.v.
592 3183 668 3214 add.
679 3181 727 3214 L²
744 3181 756 3224 ΙΙ
776 3182 816 3215 12
833 3176 897 3214 ὑπ’
914 3177 1035 3223 αὐτοῦ]
1060 3181 1101 3215 ab
1120 3192 1158 3215 ea
1181 3195 1200 3218 ς
1216 3183 1228 3225 ΙΙ
1245 3196 1329 3227 γρα-
1363 3184 1365 3213 ι

254 3233 383 3276 φεῖσαν
407 3230 438 3262 L
465 3230 477 3271 ΙΙ
511 3230 551 3262 13
576 3223 727 3271 δωρεάν]
761 3225 810 3269 μὴ
835 3223 1104 3268 ὑποδεξάμενον
1136 3224 1175 3260 δὲ
1198 3231 1330 3271 προῖκα
1363 3222 1365 3228 ’
1443 3229 1463 3262 2
1487 3229 1619 3261 extante
1643 3227 1730 3260 dotis
1751 3227 1784 3260 V
1801 3227 1888 3260 dotis
1911 3227 2040 3260 intante
2066 3228 2098 3260 R
2115 3227 2128 3271 ΙΙ
2151 3230 2171 3262 4
2192 3228 2351 3270 migranti
2369 3227 2476 3262 RVT

253 3273 343 3319 μηδὲ
358 3276 604 3320 προγαμιαίαν
621 3268 765 3306 διδόναι
781 3268 921 3315 δωρεάν
933 3273 1009 3304 add.
1021 3273 1290 3312 Hatoanderffls
1295 3276 1306 3314 )
1319 3272 1331 3315 ss
1397 3273 1482 3316 vuly.
1501 3272 1513 3315 ΙΙ
1530 3272 1636 3315 prIme
1658 3272 1690 3305 T
1709 3272 1721 3315 ΙΙ
1747 3274 1767 3306 5
1791 3275 1824 3305 et
1848 3275 1896 3314 ut]
1922 3275 1960 3305 ut
1984 3275 2017 3305 et
2041 3273 2109 3306 RT
2127 3276 2160 3306 et
2182 3273 2275 3307 Vvul
2297 3297 2306 3307 .
2327 3274 2340 3315 n
2365 3275 2387 3308 6
2410 3284 2471 3307 uo·

258 3324 298 3356 14
321 3321 373 3363 τῷ
399 3316 624 3361 ἐνδοξοτάτῳ
646 3330 704 3350 om.
719 3317 749 3350 L
766 3316 779 3359 ιι
799 3319 839 3351 15
863 3311 1009 3360 ὑπάρχω
1032 3316 1100 3359 Μιι
1126 3318 1166 3350 16
1184 3313 1330 3371 ὀρδινα-
1364 3322 1365 3361 ι
1397 3317 1524 3350 luerint
1544 3317 1593 3350 Va
1617 3317 1630 3360 ιι
1654 3317 1707 3350 his
1729 3317 1759 3350 V
1777 3317 1789 3360 ιι
1813 3317 1889 3350 dote
1914 3317 1962 3350 w
1988 3317 2001 3361 ιι
2025 3318 2044 3351 s
2069 3317 2202 3351 distulit
2222 3287 2362 3362 Πρω
2388 3317 2437 3352 T¹
2457 3315 2470 3363 ιι
2536 3347 2541 3350 .

255 3370 321 3411 ρίω
338 3366 418 3404 ML,
432 3377 514 3398 corr.
532 3363 727 3397 Hatoander
742 3361 754 3405 ΙΙ
778 3363 979 3405 πατρικίων
996 3362 1026 3394 L
1045 3360 1058 3405 ΙΙ
1082 3363 1120 3395 17
1139 3364 1274 3406 Πρωην
1287 3381 1329 3387 -
1363 3369 1365 3395 τ
1397 3364 1417 3397 9
1442 3363 1491 3403 ea]
1517 3363 1577 3405 leq.
1603 3362 1666 3395 eo?
1685 3362 1697 3404 ΙΙ
1722 3364 1761 3396 10
1783 3362 2015 3405 conscriptam]
2039 3373 2115 3396 oum
2137 3363 2302 3407 scriptura
2322 3363 2352 3397 V
2371 3363 2470 3398 etiam
2535 3396 2538 3397 γ

256 3415 296 3446 20
316 3408 419 3454 ἀνὴρ]
443 3406 639 3452 Γενόμενός
658 3417 711 3441 τις
730 3409 902 3453 προτέρας
919 3406 1074 3452 γαμετῆς
1089 3407 1268 3451 (γυναικὸς
1282 3407 1331 3440 B·
1362 3402 1365 3447 ι
1397 3406 1615 3450 conscriptam
1633 3407 1697 3441 ΒΤ
1705 3408 1790 3451 vuly.
1808 3407 1815 3451 Ι
1838 3408 2111 3451 antenuptiarum
2131 3409 2189 3450 Vn
2207 3410 2248 3443 14
2260 3418 2387 3441 excons-
2400 3406 2477 3442 RV

255 3458 328 3495 υ.Ι.)
352 3452 444 3498 ἀνὴρ
462 3457 521 3488 inc.
538 3455 572 3487 B
589 3453 602 3497 ΙΙ
620 3454 657 3487 21
676 3449 838 3497 δευτέρας
854 3452 923 3493 Me]
948 3449 1095 3495 δευτέρᾳ
1119 3448 1331 3494 συνοικήσας
1397 3452 1565 3485 exconsuli
1593 3453 1625 3486 T
1641 3455 1653 3494 Ιι
1681 3454 1720 3487 17
1746 3452 1955 3487 dubitatione
1979 3453 2011 3486 R
2036 3452 2049 3497 ΙΙ
2074 3455 2114 3488 18
2139 3463 2271 3487 oausam
2295 3452 2372 3498 3¹11
2398 3463 2471 3486 oot-

256 3500 353 3545 LBu
375 3513 414 3534 τε
436 3508 465 3533 et
484 3495 573 3545 παρ’
592 3499 759 3541 ἑκατέρας
783 3510 840 3530 om.
855 3509 874 3533 ς
889 3496 902 3541 ΙΙ
920 3496 1100 3541 ἑκατέρων
1117 3497 1168 3530 Bt
1182 3497 1194 3540 ΙΙ
1213 3499 1254 3531 22
1267 3497 1330 3539 τῆς
1396 3502 1506 3530 rect·-
1533 3497 1583 3530 V¹
1604 3497 1617 3540 fl
1643 3500 1683 3532 19
1707 3497 1790 3539 legis
1812 3498 1874 3542 Vll
1896 3499 1938 3531 20
1963 3498 2060 3531 factis
2086 3498 2136 3532 T¹
2159 3498 2172 3542 ΙΙ
2198 3499 2258 3539 vir]
2282 3509 2363 3532 uero
2385 3498 2434 3532 Β*
2456 3495 2470 3543 Ι

255 3548 429 3590 ποοτέρας
459 3541 647 3578 ἄποτεκών
677 3540 847 3585 ἀπῆλθεν
876 3542 907 3575 L
937 3541 942 3586 Ι
976 3543 1018 3575 23
1048 3546 1250 3587 περιουσίας
1282 3543 1329 3575 L*
1361 3564 1364 3600 ι
1396 3553 1433 3575 ea
1455 3542 1503 3575 Ιίι
1521 3542 1534 3586 ΙΙ
1551 3542 1680 3583 deinde]
1705 3545 1738 3576 et
1757 3542 1876 3576 deinde
1904 3543 1936 3576 T
1948 3543 1960 3586 fl
1977 3544 2019 3577 22
2042 3543 2152 3576 adhue
2175 3544 2330 3584 secunda]
2354 3542 2397 3576 ad
2418 3552 2468 3577 ιο-

257 3579 312 3632 (ici.
339 3593 393 3632 28)
417 3591 428 3632 11
455 3587 621 3633 ἐβούλετο
647 3588 707 3622 Bs⁸
730 3590 741 3630 ιι
766 3586 854 3634 γυνὴ
881 3587 914 3620 Β
938 3591 943 3631 Ι
979 3588 1023 3623 24
1045 3588 1112 3630 τὴν
1136 3584 1329 3630 δεδομένην
1360 3604 1364 3644 Ι
1396 3587 1504 3620 cunda
1527 3587 1575 3620 Β*
1611 3588 1753 3621 secunda
1781 3587 1889 3620 adhuc
1922 3588 1954 3621 T
1977 3589 1990 3631 ss
2028 3589 2071 3622 26
2101 3591 2134 3621 et
2164 3588 2314 3630 dubium]
2349 3589 2383 3622 et
2409 3600 2467 3622 m

256 3632 344 3679 παρ’
368 3632 473 3677 αὐτῆς
500 3636 546 3668 Β8
564 3637 576 3677 ΙΙ
601 3631 708 3676 αὐτῆς
735 3633 1009 3667 CGEHeimbach
1034 3646 1072 3666 esc
1095 3644 1114 3668 ς
1130 3632 1142 3676 ΙΙ
1169 3634 1210 3666 25
1234 3628 1325 3675 παρ’
1360 3651 1363 3672 ι
1394 3632 1481 3666 R¹T
1493 3631 1506 3676 ΙΙ
1522 3634 1630 3666 atrum
1650 3633 1700 3667 1⁷¹
1717 3632 1730 3677 Ι
1748 3634 1789 3668 27
1815 3634 1967 3676 oportere
1988 3633 2036 3667 V¹
2059 3635 2189 3676 oportet
2209 3631 2260 3668 V⁸
2275 3632 2289 3677 ss
2306 3634 2367 3681 leq.
2382 3631 2468 3670 filios

256 3678 341 3725 ἡμῖν
354 3681 413 3714 Βδ.
443 3681 493 3724 Cf.
511 3681 587 3714 cod.
603 3681 732 3722 8,17,1·.›.
755 3678 768 3722 ΙΙ
790 3674 976 3723 ἀντέλεγεν
989 3678 1036 3711 L¹
1062 3677 1074 3722 ss
1097 3679 1139 3711 26
1154 3673 1267 3721 αὐτὴν
1280 3678 1327 3711 L¹
1360 3705 1362 3716 ,
1394 3676 1551 3722 (illius>?
