2592 3840
235 62 342 105 Nov.
371 62 498 103 XXII
527 62 581 103 48

235 170 438 219 ὁρίσαντες,
470 172 501 205 εἰ
533 169 572 206 δὲ
600 169 690 215 ὑπὲρ
720 169 800 204 τοὺς
822 166 1123 223 τε’σσαρας,”ἆχρι
1148 170 1212 223 τοῦ
1235 167 1311 214 ἡμί-

236 228 324 252 σεως
346 217 404 259 τῆς
424 214 545 251 οὐσίας
569 214 683 258 πάσης
704 217 837 262 μέρους,
863 214 990 258 ἱκανην
1013 211 1081 257 ηδη
1101 211 1314 259 δεδωκαμεν

235 265 308 296 τοῖς
336 264 442 296 παισὶ
472 261 727 307 παραμυθίαν,
761 259 824 293 οὐκ
855 255 963 305 ὀλίγῳ
992 260 1114 306 μέτρῳ
1145 258 1213 303 τὴν
1244 271 1312 294 πα-

237 306 342 341 λαιὰν
366 302 484 340 αὐτοῖς
507 309 749 359 στενοχωρίαν
773 301 953 338 λύσαντες.

1314 55 1392 104 186

2190 72 2250 103 DE
2277 72 2456 104 NUPTHS

1382 170 1525 207 omnino
1549 169 1768 213 definientes,
1793 169 1824 205 si
1843 172 1963 206 autem
1983 169 2080 205 ultra
2099 171 2267 214 quattuor
2287 170 2371 214 sint,
2394 181 2456 207 us-

1381 226 1450 297 gue
1479 215 1526 252 ad
1557 215 1709 252 mediam
1740 215 1965 251 substantiae
1997 217 2152 259 partem,
2188 214 2356 251 idoneum
2385 216 2458 252 iam

1407 260 1543 297 edimus
1567 260 1652 296 filiis
1676 259 1859 302 solacium,
1883 270 1956 295 non
1980 269 2025 295 ex
2047 269 2159 304 parva
2180 270 2349 296 mensura
2363 261 2456 296 anti-

1381 315 1489 351 quam
1512 316 1637 342 eorum
1661 305 1862 350 angustiam
1885 304 2114 341 resolventes.
2287 319 2290 322 ⁴

235 354 258 388 1
311 351 429 385 Ἔστω
452 355 576 385 τοίνυν
599 363 618 383 o
643 362 773 395 παρων
796 346 902 393 νόμος
925 349 979 392 τῷ
1002 347 1170 393 μέλλοντι
1194 347 1313 395 χρόνῳ
1349 355 1369 387 5
1383 353 1404 386 1
1450 350 1505 386 Sit
1526 350 1634 395 igItur
1656 360 1826 396 praesens
1857 350 1915 385 lex
1946 349 2069 385 futuro
2100 349 2251 403 tempori
2281 349 2457 394 sanciens,

236 396 470 441 νομοθετῶν,
507 394 607 428 καθὰ
638 392 805 429 πολλάκις
839 390 1001 428 εἰπόντες
1031 395 1056 427 ἔ
1078 394 1220 438 θημεν,
1254 399 1314 429 καὶ

238 438 343 476 οὐδὲν
366 442 442 475 τῶν
465 440 677 485 ἔμπροσθεν
700 435 1000 484 προςαπτόμενος,
1025 437 1048 472 ἀ
1072 437 1116 473 λὰ
1139 438 1313 487 συνειλεγ-

237 489 341 531 μένος
359 483 596 527 πανταχόθεν
616 487 675 517 καὶ
692 486 1015 528 συνεσπειραμένος
1037 480 1110 518 ’ὑπὸ
1126 487 1214 528 μίαν
1233 497 1314 519 συν-

238 534 355 574 έχειαν
387 534 446 564 καὶ
477 527 624 564 ἅπαντα
661 526 790 580 σχεδὸν
817 526 976 582 τάιπερὶ
1000 525 1178 574 δευτέρων
1201 528 1313 577 ἀπαγ-

1383 395 1477 431 sicut
1498 395 1643 441 saepius
1667 395 1826 431 dicentes
1849 394 2107 440 praevenimus,
2132 398 2168 430 et
2190 394 2280 431 mhil
2298 395 2458 440 priorum

1382 444 1543 485 tangens,
1569 441 1633 477 sed
1656 440 1836 476 condensa.
1859 439 2016 484 undique
2040 442 2076 474 et
2093 439 2279 484 complexa
2301 440 2369 476 sub
2385 450 2460 476 una

1385 486 1651 522 continuatione
1682 487 1720 520 et
1750 486 1870 521 omnia.
1899 494 2014 530 paene
2043 482 2086 519 de
2110 483 2277 520 secundis
2299 495 2458 530 pronun-

1382 530 1479 566 tians
1503 530 1649 576 nuptiis,
1674 534 1711 566 et
1733 530 1853 576 priora.
1877 529 2019 575 quidem
2042 529 2221 582 prioribus
2243 529 2282 566 in
2304 539 2371 567 sua
2387 529 2459 566 vir-

237 575 374 622 ye‘iiwv
397 574 539 621 γάμων,
570 576 629 607 καὶ
650 586 705 627 ,τα
727 574 794 617 μὲν
818 585 977 620 προτέρα
1006 576 1078 607 τοῖς
1101 575 1315 630 spateae-9⁶21
1330 578 1370 610 10
1383 577 1461 611 tute
1483 586 1640 618 servans,
1667 585 1757 619 quae
1780 585 1863 611 vero
1887 576 1934 611 ab
1958 585 2001 610 ea
2024 573 2199 619 disposita
2221 578 2308 610 sunt
2327 574 2459 610 futuris

239 623 298 655 ἐπὶ
322 621 382 662 τῆς
405 620 546 654 ἑαυτῶν
570 617 762 664 φυλαττων
787 618 920 660 ἰσχύος,
953 616 999 652 τὰ
1023 615 1063 652 δέ
1086 632 1161 665 παρ
1206 621 1313 654 αυτοῦ

239 662 504 708 διαταττόμενα
542 666 614 697 τοῖς
650 664 829 706 ἐσομένοις
866 660 1041 709 δευτέροις
1076 662 1315 711 εἰςηγούμενος

237 708 379 757 γάμοις,
410 712 469 742 καὶ
499 711 585 742 νεάν
605 706 686 741 τινὰ
711 706 951 762 πανταχόθεν
981 711 1041 742 καὶ
1065 704 1315 754 ἀπηκριβωμέ-

238 768 306 797 νην
338 752 486 800 εἰςάγων
509 755 592 807 ’τοῖς
627 752 795 795 ζητοῦσιν
828 751 1017 798 ωφέλειαν.
1065 755 1205 788 Πασῶν
1236 756 1315 789 τῶν

1384 620 1550 657 secundis
1575 620 1770 673 explanans
1794 620 1940 673 nuptiis,
1965 623 2001 655 et
2017 629 2145 655 novam
2161 619 2340 673 quandum
2355 619 2459 673 undi-

1383 676 1452 718 que
1482 675 1527 700 ac
1556 665 1822 718 subtilissimam
1850 664 2083 715 introducens
2100 665 2360 718 ‚quaerent-ibus
2388 667 2459 700 utl-

1382 709 1760 791 issssisstfifffiss’ii
1805 719 2025 799 ffiriiui'is}
2046 708 2461 835 ιᾯξὲῑιῗωξὲἔὲὲθιεξξέ

2440 809 2460 836 c

239 801 299 834 ἐπὶ
328 801 401 833 τοῖς
422 808 594 832 τοιουτοις
625 799 801 849 κειμένων
833 795 1034 851 διατάξεων
1058 799 1119 833 ἐπὶ
1140 802 1212 833 τοῖς
1238 801 1313 833 ἐσο-
1330 802 1369 835 15
1383 800 1517 845 nuptiis
1553 803 1589 835 et
1621 810 1711 844 quae
1747 809 1791 834 ex
1826 799 1883 835 his
1915 798 2095 834 evenerint
2128 799 2358 836 vacantibus:

237 847 356 888 μένοις
385 844 474 887 μετὰ
505 839 612 876 τόνδε
643 855 747 885 ημων
778 842 845 876 τὸν
867 855 982 887 νυμον
1010 842 1135 890 γάμοις
1158 847 1218 877 καὶ
1241 848 1315 879 τοῖς

239 889 277 929 ἐξ
309 886 430 922 αὐτῶν
459 891 697 931 συμβαίνουσι
731 885 1002 930 σχολαζουσῶν,
1033 888 1167 932 ταύτης
1190 886 1234 933 δὴ
1254 890 1316 932 τῆς

236 934 318 978 μιᾶς
353 930 546 973 διατάξεως
580 933 633 975 τῷ
668 930 836 975 μέλλοντι
869 932 989 978 χρόνῳ
1024 932 1117 968 κατὰ
1147 932 1190 968 τὸ
1222 932 1311 979 παρ’

236 977 340 1022 ἡμῶν
364 976 602 1023 διωρισμένον
626 979 687 1012 ἐπὶ
710 979 784 1011 τοῖς
807 981 1068 1022 περιεχομένοις
1092 976 1183 1026 αὐτῇ
1200 978 1313 1023 θέμα-

236 1035 295 1058 σιν
318 1020 400 1056 ἀντὶ
425 1023 557 1056 πασῶν
580 1019 762 1068 ἀρκούσης.

280 1065 566 1114 <Ἐπίλογος.>
626 1068 744 1101 Ταῦτα
774 1071 899 1101 τοίνυν
928 1064 950 1110 ἡ
973 1067 1018 1111 σὴ
1040 1064 1196 1115 ὑπεροχὴ
1226 1070 1314 1103 πᾶσι

236 1116 307 1147 τοῖς
342 1112 470 1146 ἔθνεσι
501 1114 574 1146 τοῖς
607 1109 679 1146 ὑπὸ
715 1110 782 1155 τὴν
818 1113 887 1155 σὴν
921 1111 1086 1147 τελοῦσιν
1119 1109 1231 1159 ἀρχὴν
1259 1115 1312 1158 τῷ

236 1155 388 1200 συνήθει
411 1154 537 1202 τρόπῳ
563 1156 702 1204 φανερὰ
732 1157 908 1204 γενέσθαι
939 1157 1191 1204 προςταξὰτω,
1226 1156 1314 1194 ῶςτε

235 1199 397 1236 ἅπαντας
419 1201 663 1248 γινώσκοντας
695 1199 744 1236 ὥς
770 1204 923 1246 μείζονα
950 1200 1068 1237 πόνον
1090 1200 1315 1239 ὑποστάντες

1382 844 1548 880 videlicet
1579 854 1652 879 una
1688 843 1942 880 constitutione
1974 843 2096 879 futuro
2125 845 2295 889 tempori,
2331 854 2460 881 secun-

1384 889 1468 924 dum
1493 889 1587 934 quod
1619 899 1641 924 a
1670 889 1773 925 nobis
1798 888 1982 924 definitum
2005 891 2077 931 est,
2112 888 2150 923 in
2173 889 2230 924 his
2260 889 2323 934 qui
2345 888 2459 925 conti·

1383 940 1514 970 nentur
1536 935 1575 969 in
1599 944 1642 969 ea
1666 934 1808 970 casibus
1832 944 1898 979 pro
1922 933 2061 968 eunctis
2086 933 2297 970 sufficiente.

1427 1067 1698 1115 (Epilogus.)
1749 1067 1849 1103 Haec
1872 1067 1982 1112 igitur
2011 1070 2077 1103 tua
2100 1067 2273 1104 celsitudo
2296 1068 2462 1106 omnibus

1382 1115 1547 1159 gentibus
1580 1124 1674 1159 quae
1704 1113 1771 1149 sub
1795 1117 1858 1149 tuo
1883 1115 1968 1149 sunt
1998 1113 2139 1158 cingulo
2171 1113 2334 1150 sollemni
2355 1114 2461 1160 modo

1383 1159 1576 1195 manifesta
1605 1158 1684 1194 fieri
1740 1157 1934 1203 raecipiat‚
1967 1159 2008 1193 ut
2039 1168 2162 1194 omnes
2193 1161 2461 1204 cognoscentes,

1384 1205 1469 1250 quia
1490 1205 1659 1240 maiorem
1681 1203 1718 1239 la
1745 1213 1842 1239 orem
1865 1203 2081 1239 sustinentes
2106 1213 2212 1249 quam
2235 1206 2379 1249 oportet
2395 1204 2461 1240 im-

234 1246 256 1290 ἢ
280 1244 369 1300 ὅσον
399 1248 505 1302 ἐχρῆν
535 1245 603 1281 τὸν
633 1245 835 1291 βασιλικαῖς
846 1247 1141 1302 ..περιρρεόμενον
1170 1253 1314 1304 φροντί-
1328 1251 1369 1283 25
1383 1249 1578 1295 perialibus
1598 1249 1783 1285 incurrere
1803 1248 2092 1293 cogitationibus,
2117 1252 2238 1284 tamen
2253 1248 2342 1285 nihil
2361 1249 2462 1295 prius

235 1305 295 1327 σιν
318 1303 413 1336 ομως
445 1289 549 1326 ουδέν
573 1292 788 1337 ἔμπροσθεν
820 1304 882 1335 της
913 1306 1037 1327 αυτων
1061 1294 1314 1338 ἐποιησαμεθα

235 1342 423 1380 σωτηρίας,
448 1333 496 1371 ὠς
515 1337 564 1381 μὴ
588 1335 820 1379 πολλαχόθεν
841 1337 1077 1384 ἐρανίζεσθαι
1103 1338 1146 1372 τὸ
1162 1336 1314 1382 δίκαιον,

235 1381 313 1416 ἀλλ’
340 1380 440 1416 ἅπαν
463 1380 626 1428 ὁρῶντας
649 1383 697 1416 εἰς
721 1384 760 1416 ἓν
783 1380 1028 1427 ἠθροισμένον
1058 1382 1101 1418 τὸ
1127 1387 1211 1428 περὶ
1234 1383 1314 1418 τού-

234 1441 297 1462 του
321 1429 382 1470 τῆς
405 1427 625 1470 νομοθεσίας
647 1429 751 1474 μέρος
773 1425 978 1473 γινώσκειν,
1006 1425 1053 1462 ὥς
1076 1431 1136 1462 καὶ
1160 1428 1202 1463 τὸ
1227 1428 1312 1476 πρό-

1383 1297 1509 1331 nostra.
1531 1294 1682 1330 fecimus
1707 1294 1833 1336 salute,
1858 1293 1929 1329 nisi
1949 1293 2106 1339 undique
2128 1303 2344 1338 congregare
2365 1294 2462 1340 quod

1382 1341 1517 1376 iustum
1549 1343 1621 1380 est,
1653 1342 1691 1375 et
1722 1349 1844 1375 omnes
1876 1338 2036 1374 videntes
2066 1338 2104 1374 in
2134 1349 2244 1374 unum
2276 1339 2461 1376 collectam

1384 1385 1428 1421 de
1458 1385 1528 1420 hac
1551 1384 1774 1430 legislatione
1806 1385 1946 1429 partem
1970 1383 2096 1427 sciant,
2130 1383 2214 1428 quia
2244 1385 2282 1420 et
2307 1383 2462 1430 priorem

1382 1431 1438 1466 his
1462 1440 1554 1474 quae
1576 1430 1647 1465 iam
1670 1429 1788 1475 posita
1811 1432 1896 1465 sunt
1919 1428 2136 1464 servavimus
2156 1428 2268 1474 legem
2287 1429 2460 1479 ecfuturo

235 1486 339 1516 τερον
361 1475 434 1506 τοῖς
463 1470 530 1526 ἢδη
554 1473 720 1525 τεθεῖσιν
743 1471 968 1518 ἐφυλάξαμεν
997 1471 1151 1517 νόμιμον
1176 1476 1235 1507 καὶ
1257 1474 1311 1518 τῷ
1327 1477 1369 1509 30
1382 1475 1535 1521 tempori
1560 1473 2025 1556 competentemcgsssuimus
2049 1474 2326 1519 congruentiam.

234 1516 400 1575 μέλλοντι
430 1531 550 1564 χρονῳ
581 1531 648 1561 την
677 1515 923 1565 προςὴκουσαν
952 1519 1231 1564 ἐπιτεθείκαμεν
1253 1516 1313 1567 ἆρ-

234 1576 446 1662 μοξῖΕιῖἔάφη
474 1607 516 1642 τὸ
551 1608 725 1642 ἱσότυπον
761 1611 948 1653 Πατρικίῳ
991 1610 1047 1652 τῷ
1084 1606 1310 1652 ἐνδοξοτάτῳ

1427 1521 1510 1556 Dat.
1524 1531 1587 1556 xv.
1602 1520 1673 1555 kal.
1686 1519 1800 1565 April.
1907 1518 2079 1555 Belisano
2093 1530 2125 1555 v.
2139 1529 2172 1555 o.
2186 1529 2283 1556 cons.
2321 1522 2367 1563 [a.
2381 1522 2460 1562 535]

235 1655 378 1697 έπαρχῳ
402 1664 462 1695 της
485 1650 694 1698 εὐδαίμονος
717 1652 847 1696 ταύτης
869 1652 1015 1688 πόλεως.

282 1695 438 1744 Ἐγράφη
461 1697 503 1733 τὸ
529 1698 704 1732 ἰσότυπον
720 1696 897 1745 Βασιλίδῃ
921 1700 976 1742 τῷ
1000 1696 1224 1742 ἐνδοξοτάτῳ
1244 1712 1311 1743 μα·
1323 1702 1366 1736 35

233 1746 369 1789 γίστρῳ
390 1744 467 1777 τῶν
491 1744 609 1777 θείων
632 1740 826 1788 όφφικίων,
857 1741 929 1778 ἀπὸ
950 1743 1119 1790 ἐπάρχων
1143 1747 1202 1777 καὶ
1222 1740 1311 1778 ὑπά-

234 1800 311 1821 των
329 1791 389 1821 καὶ
413 1792 604 1835 πατρικίῳ.

282 1831 438 1879 Ἐγράφη
471 1833 514 1867 τὸ
545 1833 718 1868 ἱσότυπον
749 1836 966 1879 Στρατηγίῳ
998 1834 1052 1877 τῷ
1084 1831 1310 1877 ἐνδοξοτάτῳ

235 1877 362 1921 κόμητι
384 1879 462 1912 τῶν
486 1878 604 1912 θείων
625 1879 856 1923 largItionwv,
890 1879 963 1913 ἀπὸ
986 1875 1141 1914 ὑπάτων
1163 1882 1224 1912 καὶ
1243 1890 1311 1913 πα-

234 1927 371 1969 τρικίῳ.
1324 1927 1369 1960 40

284 1966 439 2014 Ἐγράφη
471 1966 513 2002 τὸ
538 1966 710 2003 ἰσότυπον
741 1969 979 2015 Τριβωνιανῷ
1005 1969 1059 2012 τῷ
1086 1966 1311 2012 ἐνδοξοτάτῳ

235 2017 447 2058 κοιαίστωρι
470 2012 513 2047 τὸ
537 2011 704 2059 δεύτερον
728 2017 788 2047 καὶ
809 2011 881 2048 ἀπὸ
906 2011 1068 2049 ὑπάτων.
1116 2014 1146 2048 L
1194 2014 1214 2050 ⁰.

288 2055 445 2104 Ἐγράφη
487 2057 530 2092 τὸ
565 2056 740 2094 ἰσότυπον
776 2060 950 2104 Γερμανῷ
992 2059 1044 2102 τῷ
1089 2057 1315 2102 ἐνδοξοτάτῳ

234 2149 324 2191 sint,
357 2148 538 2191 trientem,
567 2149 599 2183 si
623 2159 707 2184 vero
759 2149 856 2184 tures
879 2159 989 2195 quam
1013 2154 1198 2195 quattuor,
1229 2160 1272 2184 us
1298 2160 1343 2184 ue
1371 2147 1421 2183 ad
1443 2148 1624 2184 semissem
1657 2147 1768 2184 totius
1793 2147 2018 2184 substantiae
2048 2147 2195 2184 omnino
2219 2148 2462 2194 definiremus,

234 2193 423 2240 sufficiens
446 2193 518 2228 iam
539 2193 701 2229 dedimus
737 2193 846 2229 iberis
868 2194 1057 2237 solacium,
1083 2193 1184 2230 haud
1206 2205 1261 2229 me
1287 2193 1438 2230 iocriter
1461 2192 1608 2229 elevatis
1631 2193 1791 2239 antiquis
1813 2204 1939 2228 eorum
1961 2193 2151 2239 anqustiis.

234 2241 255 2273 1
334 2237 460 2273 Valeat
482 2238 596 2284 iqitur
621 2249 799 2285 praesens
830 2238 893 2275 lex
916 2239 993 2275 lata
1017 2240 1055 2274 in
1076 2240 1245 2285 futurum
1271 2243 1420 2285 tempus,
1453 2237 1752 2285 quemadmodum
1772 2238 1920 2285 saepius
1938 2242 2047 2274 antea
2071 2237 2248 2281 diximus,
2277 2249 2345 2275 nec
2362 2238 2462 2285 quic-

236 2294 344 2328 quam
365 2294 414 2318 ex
431 2283 622 2329 prioribus
645 2284 839 2330 attinqens,
864 2284 929 2320 sed
947 2295 1041 2330 quae
1065 2284 1218 2320 collecta
1242 2283 1402 2330 undique
1425 2289 1461 2319 et
1483 2282 1658 2330 colliqata
1681 2283 1720 2318 in
1740 2294 1850 2319 unam
1873 2283 2146 2319 continuitatem
2169 2283 2292 2319 omnia
2312 2283 2396 2330 fere
2418 2283 2463 2320 dc

235 2328 400 2363 secundis
430 2329 568 2374 nuptiis
598 2334 764 2375 exponat
794 2334 829 2365 et
849 2329 986 2376 priora
1013 2329 1161 2381 quidem
1185 2329 1377 2375 prioribus
1405 2328 1444 2363 in
1474 2339 1543 2364 suo
1573 2328 1704 2365 robore
1735 2332 1939 2371 conservet,
1998 2339 2067 2364 uae
2090 2339 2174 2365 vero
2205 2328 2251 2364 ab
2274 2328 2358 2376 ipsa
2377 2339 2462 2365 con-

236 2373 362 2408 stituta
385 2377 488 2419 sunt?
514 2374 631 2408 uturis
654 2373 821 2409 secundis
843 2375 983 2421 nuptiis
1006 2374 1227 2417 introducat,
1249 2378 1286 2410 et
1303 2385 1432 2410 novam
1452 2373 1504 2409 ali
1528 2384 1614 2409 uam
1636 2373 1729 2409 unda·
1751 2385 1797 2409 ue
1816 2377 1927 2420 atque
1950 2384 1970 2410 e
2009 2372 2174 2409 boratam
2193 2373 2331 2420 afferat
2352 2384 2461 2421 quae·

236 2417 396 2453 rentibus
427 2418 479 2452 uti
495 2419 626 2454 itatem.
703 2417 832 2455 Omnes
867 2423 986 2455 autem
1022 2420 1314 2462 constitutiones,
1356 2430 1451 2465 quae
1510 2430 1531 2454 e
1566 2418 1699 2454 talibus
1746 2422 1830 2455 atae
1861 2423 1965 2462 sunt,
2006 2418 2045 2454 in
2077 2418 2215 2465 nuptiis
2242 2422 2335 2465 post
2367 2417 2463 2455 hane

236 2467 398 2498 nostram
419 2462 531 2508 leqem
549 2464 689 2509 futuris
709 2464 886 2511 rebusque
904 2464 988 2500 inde
1004 2464 1247 2501 evenientibus
1263 2464 1392 2500 irritae
1404 2465 1516 2509 siant.-
1536 2473 1616 2499 cum
1632 2462 1721 2500 haec
1740 2464 1813 2499 iam
1830 2463 2038 2500 constitutio
2059 2474 2133 2499 una
2148 2464 2280 2509 futuro
2298 2463 2463 2511 tempori,

232 2512 350 2552 prout
372 2518 395 2542 a
415 2507 519 2542 nobis
543 2508 727 2553 definitum
749 2514 814 2552 est,
839 2510 878 2544 in
902 2510 1046 2546 casibus
1065 2521 1139 2556 per
1161 2520 1241 2546 eam
1265 2509 1533 2556 comprehensis
1553 2520 1625 2555 pro
1651 2509 1816 2545 omnibus
1838 2509 2014 2555 sufficiat.

380 2550 418 2585 E
418 2552 491 2597 pit
498 2564 519 2587 o
530 2564 623 2598 qus.
691 2553 796 2606 Haec
821 2555 936 2606 iqitur
969 2559 1031 2590 tua
1060 2554 1262 2590 sublimitas
1293 2554 1456 2590 omnibus
1483 2553 1648 2599 centibus
1681 2565 1776 2600 quae
1810 2554 1860 2589 ad
1895 2558 1994 2590 tuam
2024 2556 2244 2600 potestatem
2274 2554 2464 2601 pertinent

238 2596 344 2631 solito
370 2607 470 2631 more
492 2598 688 2643 manifesta
714 2600 794 2643 fieri
825 2600 964 2643 iubeat,
996 2604 1037 2636 ut
1064 2611 1187 2636 omnes
1209 2600 1329 2636 sciant
1351 2611 1437 2642 nos,
1474 2592 1558 2635 licet
1579 2599 1751 2635 maiorem
1782 2598 1940 2635 laborem
1968 2598 2210 2634 sustineamus
2232 2609 2342 2645 quam
2358 2599 2462 2645 ferre
2521 2626 2523 2629 f

239 2643 755 2723 5532‘3-2sq2‘t'2‘n23221227‘ai‘221
763 2645 1025 2726 iimib‘e‘sszss
1039 2643 1443 2726 ‘traaufflatzt'zt
1465 2644 1660 2725 aitte
1669 2643 2246 2725 ufflffiziffiossuiiilssuiimiss’teff
2249 2643 2391 2725 52'2'2251‘?
2398 2654 2464 2726 «2⁶23

239 2740 307 2764 nos
330 2734 366 2765 et
388 2730 486 2780 (uod
502 2731 610 2776 prius
627 2715 744 2776 f'uerit
767 2733 904 2779 leqibas
927 2735 1000 2771 iam
1025 2735 1109 2771 latis
1130 2746 1293 2771 servasse
1314 2740 1351 2771 et
1371 2735 1501 2779 futuro
1528 2738 1595 2770 tem
1625 2701 1682 2769 οἵτ’
1706 2738 1830 2780 aptam
1854 2699 2417 2780 impertivissepaequc'tbilitateiqn.

326 2819 333 2825 ·
354 2819 360 2824 .
404 2779 557 2826 criptum
576 2781 628 2827 est
650 2778 837 2826 exemplar
860 2778 1023 2815 Patricio
1045 2780 1309 2826 qloriosissimo
1330 2779 1523 2826 praefecto
1545 2779 1588 2825 fe
1604 2778 1671 2814 icis
1691 2777 1798 2814 huius
1813 2778 1923 2814 urbis.
1993 2776 2178 2830 Scriptum
2196 2782 2253 2814 est
2273 2778 2464 2826 exemplar

240 2818 429 2854 Basztutae
451 2819 714 2873 qlortoStsstmo
738 2823 914 2869 maqistro
938 2836 1126 2861 sacrorum
1150 2825 1369 2870 officiorum,
1394 2824 1647 2876 expraefecto,
1671 2823 1864 2860 exconsuli
1886 2827 1924 2860 et
1943 2823 2114 2870 patricio.
2206 2821 2391 2870 Scriptum
2409 2828 2464 2860 ese

239 2863 429 2909 exemplar
461 2862 645 2916 Strateqzo
678 2866 937 2918 gloriosissimo
970 2870 1092 2906 comiti
1124 2880 1314 2905 sacrarum
1350 2869 1605 2916 larqttionum,
1644 2868 1834 2905 exconsuli
1869 2872 1905 2905 et
1936 2868 2107 2914 patricio.
2198 2866 2383 2915 Scriptum
2408 2873 2463 2905 est

239 2909 430 2953 exemplar
453 2907 671 2945 Trtborttano
697 2911 957 2956 qlorzosissimo
987 2915 1175 2961 quaestori
1205 2914 1335 2951 iterum
1368 2919 1405 2950 et
1434 2913 1635 2950 exconsuli.
1683 2913 1783 2958 Legi.
1875 2913 2060 2959 Scriptum
2083 2915 2139 2949 cst
2160 2913 2352 2961 exemplar
2375 2911 2464 2950 Ger-

275 3002 302 3051 ]
330 2995 471 3042 ἡμίσεος
494 2999 574 3031 LBt
593 2999 605 3041 ΙΙ
621 3001 641 3032 2
666 2997 779 3042 πάσης
804 3015 861 3036 om.
877 3015 895 3039 ς
914 3003 926 3047 ΙΙ
943 3006 962 3037 3
986 3002 1097 3050 ὀλίγῳ
1121 3001 1236 3051 (ὀλίγα
1252 3006 1315 3044 Bt)

239 3057 292 3087 τῳ
305 3046 426 3088 μέτρῳ
438 3044 507 3076 LB
524 3043 536 3086 ΙΙ
555 3047 652 3086 5sqq.
667 3045 687 3085 ᾗ
703 3048 713 3077 l
732 3054 761 3078 et
774 3048 846 3088 epil.
859 3061 916 3080 om.
928 3049 962 3081 Β
981 3048 994 3092 ΙΙ
1015 3052 1052 3083 12
1067 3051 1234 3094 ἐσομένης
1248 3051 1290 3084 Μ
1303 3049 1316 3094 ΙΙ

241 3092 283 3123 16
306 3088 422 3134 γάμον
446 3087 494 3120 L¹
509 3090 595 3139 ”0¹7
622 3092 860 3131 συμβαίνουσι
884 3093 930 3124 M
933 3093 991 3133 (ς)]
1015 3094 1316 3138 ἐπὶσυμβαίνουσι

239 3135 270 3167 L
290 3133 302 3178 ΙΙ
318 3130 358 3166 δὲ
384 3133 413 3166 L
432 3131 445 3177 ΙΙ
460 3134 503 3166 24
527 3144 673 3166 απαντα
694 3134 753 3176 Lss
778 3137 819 3169 25
845 3134 921 3177 τὸν]
942 3135 1009 3179 τὴν
1032 3139 1080 3171 L2
1096 3139 1108 3184 ΙΙ
1127 3138 1315 3187 περρεόμε-

238 3191 304 3212 νον
325 3180 535 3223 φροντίσων
551 3178 597 3211 L¹
622 3178 806 3229 (incurrere
830 3181 1089 3221 cogitationibus
1113 3187 1144 3225 ς)
1161 3186 1173 3227 ΙΙ
1193 3187 1235 3219 26
1256 3185 1317 3227 τῆς

238 3222 374 3266 αὐτῶν]
389 3226 502 3257 nostra
515 3235 535 3259 ς
549 3221 563 3309 Η
582 3225 622 3257 27
639 3232 686 3255 ως
706 3226 770 3257 vid.
787 3227 952 3263 delendum
968 3229 981 3269 ΙΙ
1000 3232 1042 3265 28
1055 3228 1137 3265 ἀλλ’
1153 3229 1318 3266 ἅπαντας

238 3268 287 3301 Π
312 3271 345 3300 et
369 3277 481 3300 omnes
504 3278 524 3303 ς·
590 3269 633 3301 30
657 3264 812 3310 νόμιμον
838 3269 940 3310 Μ(ς)]
966 3269 1087 3311 νόμοις
1113 3273 1142 3305 L
1158 3272 1170 3317 ΙΙ
1195 3277 1237 3308 33
1261 3275 1316 3308 τῶ

238 3309 401 3346 ἰσοτύπω
426 3312 457 3345 L
479 3319 510 3345 et
531 3313 578 3345 sic
602 3313 634 3345 in
658 3324 728 3354 sqq.
754 3320 937 3346 constanter
971 3314 983 3355 fl
1009 3315 1051 3349 36
1076 3312 1148 3350 ἀπὸ
1172 3315 1316 3364 ἐπάρχω

238 3359 270 3390 L
284 3357 298 3401 ss
316 3360 377 3390 καὶ
396 3353 550 3391 ὑπάτων
564 3356 770 3397 Haloander]
795 3352 924 3391 ὑπάτω
939 3359 1022 3400 ML,
1046 3355 1211 3404 ὑπατικῷ
1234 3366 1315 3397 coni.

239 3403 428 3436 Zachariae
443 3401 455 3446 ΙΙ
476 3403 517 3435 38
539 3397 696 3446 Ἐγράφη
710 3421 752 3425 —
766 3404 809 3436 39
830 3414 905 3436 πατ
929 3405 1009 3445 ικίῳ
1030 3417 1087 3438 om.
1103 3406 1134 3438 L
1152 3405 1165 3449 ΙΙ
1181 3409 1218 3440 41
1243 3419 1315 3453 τρι-

239 3447 414 3488 βωνιανῶ
430 3448 471 3487 L]
493 3446 738 3493 τριβουνιανῶ
749 3447 795 3480 Μ
807 3446 819 3490 ΙΙ
836 3449 878 3481 42
899 3415 983 3488 {egi
996 3461 1054 3481 orn.
1066 3450 1096 3482 L
1107 3452 1139 3482 et
1148 3452 1195 3483 sic
1204 3453 1235 3484 in
1245 3465 1314 3495 sqq.

239 3500 420 3525 constanter
435 3492 448 3534 ll
467 3493 510 3525 43
530 3492 584 3524 τῶ
609 3488 733 3531 ἐνδοξο
758 3494 896 3535 στροιτις
919 3493 991 3534 (sic)
1016 3494 1047 3525 L

287 3583 299 3612 1
334 3581 536 3613 diffinientes
569 3582 602 3615 V
622 3588 634 3623 ΙΙ
664 3584 684 3615 2
717 3582 934 3615 substantiam
968 3582 1032 3624 Vn
1062 3583 1127 3614 iam
1153 3584 1315 3625 ydoneum

241 3624 303 3667 Ru
327 3627 346 3659 3
370 3628 546 3667 antequam
570 3626 649 3670 12¹1!
674 3629 693 3661 5
719 3628 918 3661 sanctientes
941 3627 974 3660 R
990 3627 1003 3670 ΙΙ
1030 3629 1048 3661 7
1075 3628 1239 3661 condensa
1265 3631 1314 3671 T]

1384 3005 1584 3048 condempsa
1606 3004 1842 3046 RV(collecta
1853 3005 1953 3048 vulq.)
1968 3003 1981 3047 ΙΙ
2003 3007 2042 3038 10
2063 3003 2105 3037 ab
2124 3014 2163 3037 ea
2186 3016 2244 3039 om.
2267 3002 2323 3049 Vll
2345 3005 2382 3039 11
2407 3014 2463 3036 ex-

1383 3050 1524 3093 planant
1545 3049 1604 3093 Vl!
1618 3060 1757 3083 nosnam
1776 3049 1826 3083 R²
1849 3048 1863 3093 ΙΙ
1891 3051 1932 3083 15
1956 3049 2039 3083 Post
2059 3048 2188 3091 nuptiis
2210 3061 2260 3083 vv.
2285 3051 2318 3081 et
2340 3058 2462 3082 nouam

1384 3114 1429 3119 -—
1451 3094 1688 3137 quaerentibus
1719 3096 1756 3128 11
1776 3107 1792 3128 s
1817 3118 1824 3127 .
1850 3095 1965 3138 repetit
1987 3093 2037 3127 Β*
2063 3092 2076 3138 ΙΙ
2106 3093 2257 3126 euenorit
2284 3093 2319 3127 V
2385 3093 2461 3136 hac]

1384 3140 1473 3182 quod
1493 3150 1514 3172 a.
1533 3139 1630 3173 nobis
1649 3140 1711 3173 hac
1735 3140 1787 3173 R‘¹
1808 3138 1815 3184 Ι
1836 3141 1875 3174 16
1898 3138 2079 3172 secundum
2102 3137 2224 3173 om.R¹
2237 3136 2252 3189 ss
2275 3139 2311 3171 17
2359 3137 2462 3171 iffini-

1384 3188 1456 3218 tum
1481 3183 1578 3229 RVn
1596 3185 1667 3227 qui]
1691 3195 1756 3226 que
1776 3182 1835 3228 Vss
1861 3185 1900 3218 18
1925 3183 2064 3224 cunetis]
2086 3184 2265 3216 contractis
2289 3183 2323 3216 R
2340 3180 2354 3227 ΙΙ
2368 3183 2461 3216 suffl-

1384 3229 1550 3263 cientibus
1563 3230 1610 3263 R’
1630 3228 1643 3274 ΙΙ
1660 3231 1701 3264 23
1726 3230 1959 3271 cognoscentes
1981 3229 2027 3269 V]
2051 3228 2258 3270 ignoscentes
2270 3226 2321 3261 13¹
2342 3237 2461 3270 agnos-

1384 3278 1495 3308 centes
1517 3274 1604 3308 R²T
1623 3275 1711 3319 ναῖς.
1743 3273 1756 3317 fl
1783 3275 1825 3308 25
1857 3276 1968 3306 tamon
1999 3271 2098 3313 nihil]
2126 3285 2234 3303 oto-0
2261 3271 2330 3305 ohfl
2352 3271 2405 3306 R¹
2448 3270 2462 3316 ss

1385 3322 1428 3354 26
1451 3322 1574 3361 nostra]
1600 3330 1668 3352 non
1688 3318 1737 3353 Β*
1761 3317 1774 3363 ΙΙ
1801 3319 1842 3351 27
1867 3320 1901 3351 et
1922 3318 2011 3358 RV]
2033 3316 2090 3350 sed
2115 3316 2273 3362 Contiusss
2298 3316 2461 3359 uidentes]

1385 3365 1521 3398 uidente
1545 3367 1578 3397 et
1598 3365 1651 3398 R‘*
1676 3363 1689 3408 ΙΙ
1716 3364 1765 3405 in]
1789 3362 1866 3396 inde
1890 3362 1939 3396 R·
1970 3360 1983 3406 Ιι
2011 3363 2053 3396 28
2083 3361 2326 3404 legislationem
2344 3362 2420 3396 RV
2448 3361 2462 3406 ΙΙ
2477 3392 2484 3397 .

1385 3411 1427 3444 29
1450 3410 1556 3453 posite
1578 3409 1682 3452 V⁶T11
1700 3407 1904 3442 seruabimus
1922 3406 1992 3440 ΒΤ
2010 3416 2180 3440 sei-namus
2202 3405 2248 3451 Vfl
2274 3409 2314 3442 31
2336 3409 2460 3441 subscr.

1385 3456 1530 3488 dedimus
1553 3465 1592 3488 ex
1624 3454 1688 3488 VT
1707 3453 1840 3495 (Bamb.
1857 3451 1908 3491 11)
1934 3451 1948 3495 ΙΙ
1977 3454 2017 3486 31
2045 3451 2112 3484 dat.
2132 3461 2185 3486 xv
2207 3452 2230 3484 k
2266 3476 2275 3484 .
2301 3464 2360 3486 om.
2386 3452 2420 3486 T
2448 3451 2463 3495 fl

1386 3499 1451 3531 GP.
1478 3500 1525 3541 T]
1551 3510 1621 3542 cap.
1642 3499 1775 3540 Bamb„
1798 3495 1946 3540 capitulo
1966 3496 1999 3530 V
2019 3495 2035 3548 {1
2062 3496 2218 3530 bilisisuo
2243 3497 2278 3531 V
2297 3495 2461 3530 bilisisrio

1386 3543 1518 3584 Bamb„
1542 3544 1698 3577 bilasario
1725 3543 1763 3586 T,
1785 3544 1861 3586 post
1883 3541 2038 3575 Belisarii
2061 3542 2148 3586 ναῖς.
2170 3540 2184 3587 ss
2213 3541 2278 3575 uio.
2300 3541 2459 3576 VBamb.

1385 3588 1470 3620 uioa.
1488 3589 1520 3621 Τ
