2592 3840
200 1553 220 1586 1

198 2054 218 2087 1

197 2234 221 2257 ι)

199 2255 221 2269 nd

229 660 232 664 .
257 679 267 689 τ
291 632 563 680 <Ἐπίλογος.>
597 631 643 668 ‘H
653 637 775 669 τοίνυν
791 635 837 679 σὴ
851 634 1007 683 ὑπεροχὴ
1022 636 1068 672 τὰ
1082 637 1323 693 παραστάντα

252 70 360 115 Nov.
382 71 501 114 LXII
521 84 581 126 pr.
616 75 634 113 1
1328 71 1416 119 332

251 183 330 218 τῶν
353 181 562 230 πράγμασιν
593 184 781 226 ἐνέχεσθαι
812 184 1035 228 θεσπίζομεν
1064 182 1242 232 προφάσει
1263 188 1325 230 τῆς
1394 187 1556 222 volumus
1582 185 1770 221 occasione
1792 185 2016 222 alienationis
2040 191 2103 223 aut
2125 188 2357 234 hypothecae,
2388 201 2466 228 mu-

251 226 467 271 ἑκποιήσεως
489 226 511 271 ἢ
530 230 592 272 τῆς
614 227 810 271 ὑποθήκης,
841 232 918 263 ταῖς
941 231 1007 272 μὲν
1030 231 1170 276 γυναιξὶ
1194 230 1324 276 φυλάτ-
1393 231 1542 267 lieribus
1565 230 1706 284 quidem
1730 234 1910 267 servantes
1931 231 1969 267 in
1991 232 2078 277 ipsis
2100 232 2336 271 immobilibus
2359 235 2464 272 rebus

251 284 374 308 τοντες
405 272 447 308 τὸ
479 272 540 308 ἐπ’
575 272 696 307 αὐτοῖς
726 276 798 307 τοῖς
829 271 1009 317 ἀκινήτοις
1045 274 1230 322 πράγμασι
1263 278 1324 320 τῆς
1393 275 1630 322 sponsaliciae
1662 276 1838 321 largitatis
1873 275 1929 311 ius
1963 277 2188 321 innovatum,
2228 278 2312 321 viris
2347 284 2464 317 autem

252 322 493 365 προγαμιαίας
522 317 654 363 δωρεᾶς
685 316 823 353 δίκαιον
850 315 1149 364 ἆκαινοτόμητον,
1178 322 1325 356 ἐκείνοις
1393 324 1596 366 competens
1616 321 1671 357 ius
1692 331 1736 359 ex
1756 321 1988 364 documentis,
2013 325 2184 367 quantum
2201 322 2239 359 in
2257 324 2335 360 aliis
2355 325 2463 362 rebus

251 361 292 397 δὲ
312 362 355 398 τὸ
379 361 537 410 ἁρμόζον
563 363 701 398 δίκαιον
720 365 758 397 ἐκ
783 364 858 398 τῶν
882 363 1123 409 συμβολαίων,
1151 362 1239 401 ὅσον
1263 368 1323 401 ἐπὶ
1359 371 1377 402 5
1393 367 1485 409 suis,
1519 366 1681 402 omnibus
1711 365 1900 412 privilegiis
1931 365 2007 403 doti
2037 366 2130 404 datis
2160 369 2231 404 iam
2257 379 2279 405 a
2302 369 2405 406 nobis
2427 371 2464 407 in

250 412 324 443 τοῖς
346 407 463 442 ἄλλοις
487 406 610 442 αὐτῶν
633 405 835 463 πράῖμασι·
860 406 1014 444 πάντων
1036 412 1115 446 τῶν
1133 412 1179 459 τῇ
1200 415 1322 457 προικὶ
1392 422 1458 447 sua
1491 410 1659 453 firmitate
1689 411 1933 455 manentibus,
1969 412 2111 458 quando
2142 413 2269 453 mulier
2303 415 2462 456 moverit.

251 452 455 507 δεδομένοζν
487 452 552 497 ἤδη
581 451 671 501 παρ’
699 455 803 507 ημῶν
833 459 1046 503 προνομίων
1077 458 1138 492 ἐπὶ
1161 457 1222 500 τῆς
1244 458 1323 491 sav·
1392 457 1481 493 Aliis
1500 457 1593 493 enim
1617 457 1781 494 omnibus
1802 460 1946 503 praeter
1967 458 2150 494 mulierem
2170 458 2372 497 huiusmodi
2391 459 2465 505 pri-

249 500 327 533 τῶν
348 512 537 543 μενοντων
561 497 694 541 ἰσχύος,
724 512 815 533 οταν
837 498 859 543 ἡ
877 500 967 547 γυνὴ
991 505 1119 545 κινοίη.
1161 505 1231 536 τοῖς
1254 502 1323 549 γὰρ
1392 502 1518 547 vilegia
1541 512 1608 538 nec
1631 512 1676 538 ex
1699 502 1846 548 antiquo
1870 501 2029 539 dedimus
2061 513 2175 548 neque
2207 514 2303 541 nunc
2326 504 2463 547 damus.

249 543 366 578 ἄλλοις
395 541 510 578 ἅπασι
540 542 635 587 πλὴν
665 545 726 587 τῆς
758 545 923 591 γυναικὸς
954 545 996 580 τὸ
1028 548 1171 582 τοιοῦτο
1191 548 1322 594 προνό-

247 602 331 632 μιον
361 588 443 623 οὔτε
473 589 510 629 ἐξ
532 587 637 634 ἀρχῆς
660 587 869 634 δεδώκαμεν
892 589 974 625 οὔτε
997 593 1065 627 νῦν
1085 590 1242 637 δίδομεν.

2086 89 2145 121 DE
2173 88 2471 124 SENATORIBUS

560 679 574 686 -
1443 636 1708 683 (Epilogus.)
1760 637 1840 674 Tua
1862 638 1970 684 igitur
2001 637 2188 674 eminentia
2219 648 2310 684 quae
2340 639 2463 685 placu-

248 683 332 724 ημῖν
354 683 414 713 καὶ
434 677 494 713 διὰ
513 677 619 713 τουδε
642 681 706 714 τοῦ
727 680 831 715 θείου
853 679 1054 727 δηλούμενα
1077 696 1188 727 νομου
1210 682 1323 719 ἅπασι
1391 685 1496 718 erunt
1516 682 1619 718 nobis
1640 685 1677 718 et
1692 693 1757 728 per
1773 683 1867 719 hanc
1887 693 2028 719 sacram
2047 683 2230 720 declarata
2249 687 2334 720 sunt
2352 683 2464 730 legem

1391 728 1556 764 omnibus
1587 727 1700 764 faciat
1722 728 1912 764 manifesta
1935 728 2129 765 secundum
2160 730 2365 766 sollemnem
2388 740 2463 766 mo·

248 780 402 822 ριζγμασι
434 783 528 822 ματα
562 768 624 804 τὰς
658 772 830 816 ἐπαρχίας
863 776 1049 819 χρωμένη,
1087 785 1176 808 meu
1210 772 1321 817 μηδὲν
1391 774 1474 809 dum
1509 774 1710 818 praeceptis
1748 784 1813 819 per
1847 773 2047 819 provincias
2083 778 2208 818 utens,
2249 778 2290 811 ut
2329 774 2463 811 nullam

245 827 323 848 των
347 814 475 849 ἐθνων
498 813 692 850 διαλαθεῖν
720 815 767 850 τὰ
790 817 883 861 παρ’
917 816 938 860 ἡ
965 819 1020 853 οἷν
1050 819 1319 854 θεσπισθέντα.
1335 822 1376 856 15
1390 818 1546 864 gentium
1569 817 1696 862 lateat,
1729 829 1821 864 quae
1844 829 1867 855 a
1889 819 1991 856 nobis
2024 820 2164 856 sancita
2187 823 2281 856 sunt.
2329 819 2372 856 In
2394 819 2463 856 hac

246 861 305 894 ἐπὶ
328 860 395 906 γὰρ
414 861 485 913 τῆς,
494 856 703 904 εὐδαίμονος
725 860 857 906 ταύτης
880 832 1019 898 ‚rafim
1045 860 1065 898 ὁ
1090 862 1322 905 ἐνδοξότατος
1392 864 1485 900 enim
1521 862 1727 900 felicissima
1768 864 1909 900 civitate
1946 864 2221 910 gloriosissimus
2261 865 2463 910 praefectus

248 724 435 778 ποιησάτω
459 723 597 778 φανεροὶ
620 725 712 759 κατὰ
734 723 800 760 τὸν
824 730 1082 772 νενομισμένον
1100 728 1239 781 τρόπον
1263 743 1321 772 κη-

245 906 534 958 ὲπαρχοςταυτα
558 904 750 952 προθήσει.
837 907 921 943 Dat.
944 908 980 944 k.
1002 909 1090 945 Dec.
1111 909 1181 945 ΟΡ.
1202 910 1322 963 (imp.)
1390 910 1490 946 urbis
1514 911 1605 945 haec
1628 913 1815 955 proponet.

243 950 591 1041 (vinc.1u(8atlll¹1111.a1nll.>pp·
614 952 704 996 Aug.
726 963 809 988 ann.
832 952 908 997 XL,
928 957 1012 999 post
1033 965 1130 991 cons.
1153 955 1322 1044 Βῗὲεέἔ-ἲι]

1305 1203 1418 1239 LXII.
2220 1202 2330 1238 Auth.
2349 1201 2464 1240 LXIV
2488 1207 2531 1241 20

985 1272 1089 1320 DE
1142 1272 1738 1323 SENATORIBUS.

1060 1348 1158 1385 Idem
1186 1350 1277 1396 Aug.
1301 1350 1452 1387 Iohanni
1481 1361 1540 1395 pp.
1570 1349 1652 1395 <11.>

377 1414 668 1460 (Praefatio)
722 1415 986 1460 Antiquissimi·
1010 1417 1230 1470 temporibus
1253 1418 1407 1454 Romani
1436 1422 1580 1453 senatus
1605 1417 1801 1453 auctoritas
1835 1417 1937 1452 tanto
1962 1415 2086 1461 vigore
2108 1417 2296 1462 potestatis
2320 1416 2464 1461 effulsit,

243 1460 284 1494 ut
305 1458 382 1495 eius
405 1460 663 1504 gubernatione
695 1461 789 1496 domi
818 1461 977 1507 forisque
1008 1462 1133 1498 habita
1161 1462 1244 1508 iugo
1267 1463 1431 1499 Romano
1461 1463 1575 1498 omnis
1597 1462 1751 1498 mundus
1776 1461 2010 1504 subiceretur,
2041 1471 2115 1497 non
2145 1462 2260 1498 solum
2292 1461 2339 1498 ad
2361 1466 2463 1499 ortus

243 1503 328 1539 solis
353 1508 389 1539 et
412 1515 574 1549 occasus,
598 1506 661 1542 sed
685 1506 790 1542 etiam
809 1506 846 1542 in
869 1509 990 1543 utrum
1015 1517 1060 1543 ue
1082 1508 1178 1543 latus
1202 1508 1299 1544 orbis
1322 1512 1440 1544 terrae
1462 1508 1627 1552 Romana
1649 1508 1788 1544 dicione
1812 1510 2027 1553 propagata:
2053 1508 2230 1543 communi
2252 1507 2382 1543 etenim
2405 1517 2461 1544 se·
2488 1511 2529 1543 25

242 1552 349 1585 natus
380 1551 528 1604 consilio
562 1551 680 1587 omnia
709 1554 916 1596 agebantur.
987 1518 1120 1589 βοηθῇ
1149 1563 1231 1589 vero
1264 1562 1371 1606 quam
1402 1553 1449 1589 ad
1481 1554 1701 1589 maiestatem
1730 1552 1996 1606 imperatoriam
2026 1551 2081 1605 ius
2104 1553 2230 1598 populi
2251 1552 2406 1589 Romani
2427 1556 2463 1588 et

243 1598 389 1647 senatus
413 1595 584 1632 felicitate
606 1597 824 1642 reipublicae
846 1598 1059 1634 translatum
1083 1602 1153 1641 est,
1188 1601 1305 1634 evemt
1334 1601 1375 1634 ut
1396 1599 1438 1642 ii,
1463 1609 1551 1644 quos
1574 1598 1645 1644 ipsi
1668 1599 1838 1643 elegerint
1860 1600 1897 1633 et
1918 1597 2285 1635 administrationibus
2309 1604 2462 1643 praepo-

243 1644 395 1683 suerint,
428 1642 547 1677 omnia
573 1642 734 1678 facerent
766 1653 858 1688 quae
889 1654 958 1679 vox
980 1643 1174 1689 imperialis
1199 1644 1249 1680 eis
1273 1643 1501 1686 iniunxisset,
1533 1647 1570 1679 et
1600 1643 1747 1679 militiae
1777 1643 1846 1679 sub
1878 1643 1928 1678 eis
1951 1643 2255 1681 constituerentur
2285 1645 2324 1679 et
2346 1647 2464 1680 cetera

243 1694 367 1721 eorum
391 1686 686 1740 dispositionibus
709 1688 929 1731 oboedirent,
959 1689 1106 1734 reliquis
1130 1689 1355 1725 senatoribus
1378 1689 1416 1725 in
1439 1690 1558 1735 quiete
1581 1689 1810 1734 degentibus,
1843 1691 1878 1724 et
1901 1691 2134 1741 posteaquam
2158 1688 2462 1725 administratores

244 1740 372 1767 causas
395 1732 463 1768 sibi
485 1733 672 1769 mandatas
697 1733 938 1779 deposuerint,
961 1734 999 1769 in
1020 1734 1210 1780 principali
1231 1736 1376 1770 maneat
1395 1735 1589 1778 voluntate,
1613 1739 1734 1770 utrum
1754 1733 1839 1770 velit
1855 1743 1917 1770 eos
1933 1733 2111 1770 laborioso
2132 1734 2272 1779 cingulo
2288 1734 2460 1770 liberatos
2485 1736 2526 1770 30

243 1775 290 1812 ad
313 1780 459 1814 senatus
483 1779 712 1815 securitatem
736 1780 917 1816 remittere
940 1789 988 1816 an
1012 1779 1091 1816 aliis
1114 1780 1256 1817 actibus
1280 1780 1471 1816 destinare.

1246 1893 1403 1930 CAPUT
1428 1894 1457 1929 1.

378 1959 420 1993 In
442 1960 623 2004 praesenti
644 1960 767 2005 itaque
790 1961 911 1996 multis
934 1960 1112 2006 variisque
1135 1961 1276 1997 actibus
1299 1962 1519 2006 urgentibus,
1544 1971 1633 2005 quos
1658 1961 1782 1996 nostra
1804 1960 1972 1996 maiestas
1996 1960 2089 1996 bello
2113 1971 2156 1996 ac
2176 1971 2265 2006 pace
2286 1960 2463 1998 indefesse

243 2013 365 2048 gerere
389 2004 560 2048 noscitur,
593 2015 678 2051 pars
702 2006 905 2042 vacantium
927 2010 1133 2042 senatorum
1162 2006 1200 2042 in
1223 2006 1369 2042 nimiam
1391 2006 1667 2042 deminutionem
1689 2005 1851 2051 pervenit
1880 2005 2020 2050 hocque
2043 2016 2216 2042 summam
2245 2006 2385 2060 putavit
2407 2006 2462 2046 in-

242 2049 372 2084 iuriam
403 2053 439 2086 et
466 2061 539 2086 non
570 2051 734 2087 curiosae
766 2051 1046 2087 conversationis
1068 2051 1272 2087 remedium.
1314 2081 1318 2084 ,
1343 2051 1499 2097 Ideoque
1521 2054 1558 2087 et
1581 2061 1658 2087 eam
1686 2050 1816 2096 quibus
1840 2053 1982 2097 oportet
2011 2050 2124 2087 modis
2149 2051 2318 2098 ampliare
2337 2054 2460 2087 nostro

243 2093 444 2142 molimento
469 2096 582 2132 visum
611 2099 666 2132 est
696 2099 732 2132 et
761 2096 922 2133 homines
945 2096 1131 2133 nobilitate
1161 2100 1198 2132 et
1217 2106 1356 2132 summa
1379 2097 1545 2143 opinione
1569 2096 1725 2141 egregios
1750 2095 1783 2132 ei
1803 2095 2001 2143 adsignare,
2028 2100 2204 2141 quatenus
2228 2106 2300 2133 una
2343 2096 2462 2132 uidem
2486 2098 2528 2131 35

242 2140 356 2176 nostri
380 2143 525 2177 senatus
548 2152 632 2187 pars
655 2151 719 2188 per
742 2141 1065 2179 administrationes
1090 2152 1191 2178 suam
1216 2141 1381 2179 ostendat
1404 2143 1654 2188 sagacitatem,
1678 2142 1792 2177 altera
1816 2151 1910 2184 vero,
1944 2151 2036 2187 quae
2059 2142 2096 2178 in
2119 2141 2238 2188 quiete
2261 2140 2305 2178 de
2342 2145 2368 2186 t,
2389 2141 2461 2178 alio

242 2186 346 2222 modo
371 2197 473 2222 suum
497 2188 678 2232 ingenium
700 2187 919 2232 reipublicae
943 2188 1059 2223 valeat
1082 2187 1259 2224 exhibere.
1708 2191 1709 2194 ’

381 2232 431 2267 Et
455 2232 538 2277 quia
562 2243 688 2286 magna
711 2233 849 2269 utilitas
872 2243 916 2268 ex
935 2232 1118 2269 iudicandi
1141 2233 1348 2269 sinceritate
1369 2232 1589 2278 reipublicae
1608 2234 1752 2267 nostrae
1772 2231 1875 2276 cedit,
1901 2231 2074 2278 quaedam
2093 2235 2212 2268 autem
2232 2241 2363 2269 causae
2405 2233 2464 2268 ost

244 2277 500 2323 appellationes
523 2278 700 2315 iudicibus
724 2280 907 2324 porrectas
930 2278 968 2314 in
992 2288 1132 2315 sacrum
1155 2278 1269 2315 nostri
1289 2278 1446 2315 numinis
1469 2277 1718 2314 consistorium
1740 2276 1943 2313 inferuntur
1974 2279 2010 2312 et
2041 2286 2064 2312 a
2095 2277 2229 2314 nostris
2254 2286 2364 2324 proce
2396 2277 2462 2313 bus

286 2363 371 2402 Nov.
385 2370 502 2403 LXII
516 2371 575 2411 (=
585 2371 737 2405 Anthene.
751 2370 899 2412 LXIV)
925 2370 1046 2404 Latine
1071 2377 1191 2405 tantum
1215 2378 1302 2404 σκιαί
1326 2372 1358 2404 in
1380 2370 1414 2403 V
1432 2365 1466 2413 (ἦ
1485 2365 1546 2414 ξβ’
1560 2364 1624 2411 οὐχ
1647 2364 1780 2412 εὑρέθη
1803 2380 1826 2411 η
1849 2367 1928 2402 τῶν
1950 2369 2034 2413 περὶ
2057 2365 2148 2413 [ἤτοι
2171 2370 2254 2414 περὶ
2266 2369 2464 2410 Zachariae,

239 2410 469 2494 νσὶωσὲῖρὶιῗὶν
491 2415 637 2461 Krilyer]
663 2413 910 2462 συγκλητικῶν
931 2415 977 2449 Μ
991 2416 1025 2450 in
1039 2417 1167 2460 marq.).
1190 2434 1234 2441 —
1257 2415 1348 2459 Epit.
1364 2416 1484 2449 Theoti.
1501 2416 1543 2449 62
1568 2415 1654 2456 (inde
1675 2414 1712 2447 B
1730 2416 1800 2456 6,1,
1813 2421 1925 2448 13—17
1943 2414 2043 2482 etL),
2066 2415 2187 2448 Athan.
2202 2415 2255 2456 22,
2267 2421 2295 2449 3.
2342 2413 2464 2449 Iulian.

243 2557 468 2606 hypothecae
491 2560 635 2596 nomine
659 2560 771 2596 teneri
792 2560 984 2603 sancimus,
1018 2570 1091 2606 quo
1114 2559 1323 2595 mulieribus
1346 2559 1487 2606 quidem
1510 2560 1568 2595 ius
1590 2559 1629 2594 in
1651 2558 1742 2604 ipsis
1765 2557 1872 2594 rebus
1893 2558 2132 2594 immobilibus
2154 2558 2360 2595 donationis
2382 2563 2466 2596 ante

243 2604 392 2650 nuptias
414 2604 594 2650 inteqrum
617 2615 815 2646 servemus,
846 2604 920 2640 illis
949 2607 1069 2641 autem
1099 2604 1157 2640 ius
1188 2604 1288 2651 quod
1317 2616 1368 2640 ex
1389 2603 1637 2641 instrumentis
1660 2603 1847 2649 competit,
1879 2606 2053 2649 quantum
2082 2602 2133 2639 ad
2152 2602 2314 2650 reliquas
2339 2606 2463 2652 eorum

243 2659 325 2690 res,·
358 2653 399 2684 ut
423 2653 540 2686 tamen
566 2650 687 2686 omnia
706 2650 903 2697 privileqia
951 2660 1020 2686 uae
1043 2648 1121 2685 doti
1142 2650 1216 2685 iam
1239 2661 1262 2684 a
1285 2649 1389 2686 nobis
1411 2649 1499 2685 data
1521 2652 1608 2685 sunt
1629 2648 1668 2684 in
1690 2658 1757 2683 suo
1781 2647 1914 2683 robore
1936 2651 2117 2690 maneant,
2147 2647 2181 2683 si
2203 2644 2330 2691 mulier
2353 2649 2463 2684 actio-

243 2704 324 2729 nem
352 2698 501 2774 moveat.
558 2694 651 2731 Nam
680 2695 810 2731 ceteris
842 2705 937 2730 omm
962 2705 1006 2730 us
1035 2698 1186 2741 praeter
1216 2693 1399 2731 mulierem
1431 2694 1503 2730 tale
1530 2693 1761 2740 privile-qiam
1796 2703 1911 2739 neque
1941 2692 1986 2727 ab
2018 2692 2122 2729 initio
2155 2691 2317 2730 dedimus
2349 2703 2465 2740 neque

243 2749 339 2774 nunc
386 2750 497 2775 amus.

380 2783 467 2831 Epi
475 2785 489 2819 l
497 2795 518 2820 o
522 2796 619 2837 qus.
669 2784 746 2820 Tua
773 2785 886 2831 igitur
908 2784 1107 2821 sublimitas
1137 2795 1231 2831 quae
1249 2784 1472 2831 placuerunt
1502 2783 1607 2820 nobis
1637 2786 1672 2819 et
1692 2793 1766 2830 per
1797 2781 1890 2818 hanc
1913 2792 2056 2818 sacram
2086 2781 2199 2829 leqem
2230 2782 2465 2819 declarantur

245 2829 407 2866 omnibus
430 2830 627 2876 manifesta
648 2830 770 2876 faciat
792 2830 987 2866 secundum
1010 2840 1145 2865 morem
1168 2829 1314 2864 solitum
1337 2829 1463 2865 edictis
1483 2839 1551 2875 per
1571 2827 1779 2875 provincias
1800 2837 1885 2868 usa,
1916 2831 1958 2862 ut
1980 2826 2115 2862 nullam
2147 2838 2198 2864 ex
2222 2827 2389 2873 qentibus
2413 2828 2463 2864 Ia-

245 2878 343 2911 teant
366 2885 460 2921 quae
483 2887 506 2911 a
530 2875 635 2911 nobis
658 2875 798 2911 sancita
820 2879 914 2911 sunt.
963 2873 1057 2909 Nam
1082 2875 1118 2910 in
1143 2872 1212 2910 hac
1233 2873 1339 2920 felici
1359 2873 1447 2910 urbe
1468 2872 1755 2921 qloriosissimus
1771 2871 1987 2918 praefectus
2006 2871 2095 2907 Ilaec
2116 2876 2305 2920 proponet.

292 2991 306 3023 1
330 2988 554 3032 θεσπίζομεν
568 2989 613 3022 M
614 2990 629 3044 l
649 2986 860 3042 ftovlbpf‘effa
874 2988 1060 3043 LBEpagz.
1073 2999 1094 3045 f
1109 2987 1122 3033 ΙΙ
1141 2988 1160 3043 33
1178 2984 1239 3042 ἐπ’
1261 2983 1319 3020 αὗ-

244 3037 330 3113 ἷέἷὲἒ
353 3034 478 3113 {⁹12²}
490 3033 518 3123 ¹¹11
531 3035 675 3113 Ῑοιῦἴῖἔ.
687 3053 731 3113 ᾗ
746 3046 830 3121 ‘352⁸
845 3029 1180 3112 fi'b‘?”i¹12‘23³ssu‘?0¹'n‘f
1200 3033 1321 3110 0ξέιῇ

244 3126 333 3158 tutio
353 3135 421 3158 non
443 3125 480 3158 in
502 3123 701 3168 praeteritis,
730 3124 786 3157 sed
810 3124 845 3156 in
870 3123 996 3156 futuris
1017 3123 1146 3157 casibus
1170 3122 1285 3156 valeat.
1310 3121 1323 3167 ΙΙ

250 3173 288 3204 17
313 3170 478 3216 ἔπαρχος]
503 3170 689 3213 praefectus
713 3169 804 3203 urbis
829 3180 848 3205 ς
864 3168 877 3212 ΙΙ
901 3171 1022 3202 subscr.
1049 3181 1106 3203 om.
1122 3167 1170 3212 5·ss
1195 3168 1227 3200 k.
1254 3168 1321 3201 dec.

247 3216 295 3250 Μ
299 3217 389 3258 Am]
413 3216 446 3248 k.
467 3218 548 3259 sept.
572 3221 651 3259 (sep.
667 3220 684 3243 Ρ
707 3217 795 3258 setep
815 3213 841 3256 ὁ)
866 3213 988 3247 Ῑαὶ.”ΡΨ
1011 3215 1099 3257 μηνὶ
1123 3210 1322 3257 δεκεμβρίῳ

251 3262 369 3295 Theod.
388 3261 401 3301 ΙΙ
419 3261 484 3294 GP.
504 3261 559 3294 dn.
580 3261 762 3294 Iustiniani
786 3269 840 3316 pp.
866 3269 941 3301 aug.
959 3268 1036 3291 ann.
1053 3258 1090 3291 11
1110 3259 1180 3301 (sic)
1194 3258 1237 3291 M
1257 3260 1322 3301 βα-

247 3304 379 3340 σιλείας
400 3302 653 3341 Ἰουστινιανοῦ
677 3303 719 3340 τὸ
744 3317 782 3339 ια
824 3305 912 3347 Am,
936 3316 995 3337 om.
1020 3304 1091 3338 rell.
1119 3302 1133 3348 ΙΙ
1168 3304 1209 3337 18
1233 3300 1324 3346 μετὰ

246 3348 424 3387 ὑπατείαν
455 3349 667 3399 Βελισαρίου
696 3349 740 3386 τὸ
771 3347 811 3394 β’
837 3346 905 3384 ἰνδ.
932 3344 971 3382 α’
998 3345 1064 3391 (ια’
1091 3349 1174 3390 cod.)
1196 3348 1322 3399 *Theo-d.

246 3395 336 3441 μετὰ
351 3397 418 3440 τὴν
434 3394 614 3432 ὑπατείαν
630 3394 842 3441 Βελισαρίου
862 3393 904 3428 τὸ
923 3392 965 3438 β’
981 3394 1058 3428 Am.
1082 3396 1156 3436 post
1171 3392 1323 3426 bihsariu

248 3453 300 3476 uo.
325 3454 428 3477 conss.
443 3443 491 3478 M
512 3446 588 3487 post
611 3454 701 3478 cone.
725 3441 855 3476 uilisari
878 3439 1002 3475 Iul.'¹¹’¹0

308 3583 322 3614 1
349 3580 566 3614 alienationes
595 3579 645 3613 V¹
672 3578 686 3624 ΙΙ
717 3580 737 3613 3
762 3578 858 3619 uiris]
881 3576 966 3610 iuris
986 3575 1077 3609 RV¹
1113 3573 1183 3607 illis
1206 3573 1291 3616 ναῖς.
1314 3572 1318 3612 1

251 3627 327 3668 4sq.
346 3625 443 3659 rebus
460 3626 538 3658 suis.
564 3624 726 3658 Omnibus
741 3624 838 3658 Rvul
859 3624 881 3664 .]
901 3620 998 3655 rebus
1013 3619 1167 3654 omnibus
1183 3620 1251 3652 suis
1273 3619 1319 3663 Vl

250 3671 267 3702 'a'
294 3670 508 3712 priuilegium
532 3670 583 3704 1³²
603 3670 616 3714 ΙΙ
647 3671 684 3705 11
711 3679 795 3712 quae
818 3678 840 3712 p
855 3668 1029 3707 acuerunt]
1054 3664 1326 3708 complacuerunt
1358 3689 1362 3701 Α

1398 2985 1452 3031 Vl}
1475 2988 1515 3021 14
1539 2984 1667 3019 nullam
1690 2985 1823 3029 Vvuly]
1848 2984 1978 3018 nullum
2002 2984 2072 3018 RT
2089 2984 2102 3028 fl
2131 2986 2171 3019 15
2195 2984 2322 3018 lateant
2344 2987 2428 3031 vuly.
2452 2986 2465 3032 ΙΙ

1393 3033 1434 3066 16
1453 3031 1638 3074 praefectus
1659 3028 1763 3071 urbis]
1787 3040 1866 3074 prae
1885 3029 1948 3074 Vll
1975 3031 2013 3064 17
2036 3030 2098 3062 hoc
2122 3033 2285 3072 proponet
2308 3031 2383 3071 (hoo
2402 3042 2463 3076 pro

1391 3079 1424 3111 in
1440 3078 1520 3116 ras.)
1543 3076 1577 3108 V
1594 3075 1606 3119 ΙΙ
1632 3076 1672 3109 21
1688 3077 1774 3108 rubr.
1801 3075 1849 3108 De
1870 3074 2077 3108 senatoribus
2097 3075 2200 3119 (Περὶ
2219 3074 2464 3130 συγκλητικῶν

1391 3121 1438 3155 M
1440 3133 1554 3165 marq„
1567 3121 1655 3162 Alli„
1667 3120 1788 3153 Theod.
1798 3120 1967 3154 secundum
1979 3120 2020 3162 L,
2035 3121 2123 3164 Περὶ
2136 3117 2345 3165 συγκλητων
2356 3135 2464 3157 errore

1392 3166 1511 3200 Theod.
1527 3166 1623 3207 cod.)]
1649 3177 1705 3198 om.
1722 3164 1764 3205 V,
1788 3165 1837 3198 De
1857 3164 1974 3198 ordine
1996 3167 2127 3198 senatus
2155 3165 2260 3200 Gloss.
2274 3167 2383 3202 Paris.
2409 3180 2462 3212 ap.

1391 3211 1525 3245 Biener.
1553 3210 1668 3244 Gesch.
1689 3210 1720 3243 d.
1743 3210 1827 3244 Nov.
1846 3222 1880 3253 p.
1894 3210 1960 3243 544
1980 3211 2040 3244 n.i
2061 3210 2113 3250 (ez-
2136 3211 2256 3245 Iulian.
2283 3225 2308 3246 c.
2325 3213 2390 3248 200
2415 3213 2464 3247 De

1390 3256 1507 3290 ordine
1531 3255 1731 3296 senatorum)
1758 3254 1770 3298 ΙΙ
1802 3255 1844 3289 22
1869 3254 1916 3290 ΙΙ.
1944 3255 2019 3289 add.
2045 3255 2233 3290 Zachariae
2262 3255 2275 3299 ΙΙ
2302 3260 2346 3292 24
2369 3258 2466 3291 foris-

1389 3311 1472 3344 quae
1492 3298 1523 3333 V
1576 3299 1618 3332 25
1635 3298 1812 3332 romanoV
1843 3297 1858 3344 ΙΙ
1883 3297 1925 3331 26
1942 3301 2050 3339 quam]
2071 3299 2160 3340 quod
2185 3299 2328 3343 unum
2350 3300 2469 3334 Bienor

1387 3360 1423 3391 p.
1438 3346 1502 3380 495
1522 3343 1534 3389 ΙΙ
1551 3345 1591 3378 27
1610 3344 1660 3378 hii
1680 3344 1714 3378 V
1730 3344 1767 3376 hi
1786 3344 1870 3395 ινα-[9.
1886 3343 1899 3389 ss
1917 3344 1993 3386 ipsi]
2016 3344 2227 3388 imperatores
2248 3346 2384 3386 Βιέπενς
2407 3348 2467 3390 sed

1391 3394 1433 3435 cs.
1459 3391 1505 3424 ad
1528 3391 1644 3431 30·1‚11
1670 3389 1685 3434 ll
1711 3388 1872 3431 elegerint
1896 3389 2032 3431 Biener]
2065 3389 2231 3432 elegenter
2253 3391 2318 3437 Vn
2345 3393 2389 3428 28
2412 3392 2464 3425 in-

1391 3436 1528 3470 iuxisset
1549 3435 1582 3468 V
1597 3434 1610 3479 ΙΙ
1640 3436 1682 3469 29
1706 3433 1859 3476 reliquiis
1880 3433 1943 3478 Vll
1967 3435 2078 3476 quieta
2099 3435 2154 3468 V⁰
2170 3435 2183 3479 ΙΙ
2208 3437 2251 3471 32
2275 3437 2466 3480 vigentibus

1393 3482 1518 3516 Biener
1541 3481 1623 3514 male
1648 3480 1661 3525 ΙΙ
1690 3479 1851 3513 indefessa
1875 3489 2005 3521 egerere
2038 3480 2075 3521 V,
2099 3493 2182 3515 corr.
2198 3481 2292 3516 Beck
2321 3482 2334 3526 ΙΙ
2361 3483 2403 3516 33
2427 3483 2463 3515 in

1392 3526 1496 3560 nimia
1526 3525 1752 3558 deminutione
1783 3525 1822 3566 V,
1846 3536 1927 3558 corr.
1955 3525 2078 3558 Bienor
2106 3524 2120 3570 ss
2147 3526 2274 3568 hocque
2305 3538 2463 3568 summam

1393 3572 1530 3612 Biener]
1555 3571 1618 3604 hoc
1638 3580 1721 3612 quae
1741 3579 1800 3602 sua
1823 3568 1878 3613 Vll
1896 3570 1939 3603 34
1959 3570 2099 3612 ideoque
2121 3572 2168 3604 bis
2180 3584 2242 3605 scr.
2264 3571 2318 3616 Vl
2337 3574 2379 3607 35
2394 3583 2462 3605 mo-

1393 3617 1531 3650 limento
1556 3616 1755 3656 Zachariae]
1790 3616 2004 3648 monumento
2036 3616 2066 3647 V
2090 3614 2104 3660 ΙΙ
2138 3616 2180 3650 38
2213 3626 2288 3650 acce
2312 3618 2339 3650 it
2369 3617 2464 3651 Beck

1395 3670 1506 3697 temere
1530 3661 1543 3705 ΙΙ
1573 3663 1614 3695 39
1640 3661 1745 3694 nostri
1764 3661 1899 3701 Biener]
1923 3662 2071 3693 nostrum
2094 3661 2126 3694 V
