2476 3854
154 126 216 160 m:
244 124 627 158 ARGENTARIORUM
655 123 991 156 commeneus
1205 107 1292 156 765
1823 118 1828 122 ’
2066 106 2144 150 Ed.
2159 107 2235 150 vu
2262 109 2371 149 2—5

154 222 222 276 οὐκ
245 223 431 279 ἐλάττονα,
446 224 525 278 τῶν
548 219 734 279 ἀγοραίων
756 222 989 276 συμβολαίων
1011 224 1140 266 ἔχοντα
1163 223 1328 267 δύναμιν,
1351 220 1413 256 οἵα
1432 217 1506 274 οὒκ-
1517 218 1715 277 ἀσφαλείας
1737 215 1859 274 αι’ντοῑςι
1879 215 2034 273 δεοόισης,
2057 215 2148 273 ἑλλοὶ
2170 216 2286 271 μόνου
2308 219 2375 271 τοί-3

109 288 116 293 ’
155 280 344 357 Ξῗέἕᾶἴῗ
362 266 497 358 ⁵332?
497 279 586 349 2215
587 271 1134 359 ἶῖςαρῖῗὲνᾛνζῖιίἒῗῖωῗ
1134 271 1347 348 Ἑρζῗῖἷῖ
1368 264 1806 358 ἷῖγρᾙιζημῖζῖἷὲὶῖἴ
1838 265 2031 310 mm
2050 279 2072 307 '¹
2095 263 2329 309 xzneovoaam
2351 277 2373 308 '¹

1135 424 1292 461 CAPUT
1319 423 1385 460 111.

281 489 426 534 Ἕξουσι
457 491 497 527 δὲ
527 492 565 527 οἱ
591 493 631 526 ἐκ
660 493 726 526 τοῦ
758 489 869 525 αὐτοῦ
892 493 971 526 τῶν
993 489 1280 539 ἆργυροπρατῶν
1302 494 1514 535 σωματείου,
1536 490 1574 531 ἐξ
1595 490 1675 524 ἴσου
1699 488 1741 524 δὲ
1760 493 1821 524 καὶ
1843 489 1882 525 οἱ
1900 488 2146 525 συναλλᾰκται
2166 489 2230 525 τὰς
2252 487 2377 533 ὁμοίας

153 537 232 573 κατ’
258 537 382 572 αὐτῶν
401 535 545 584 ἀγωγὰς
561 538 739 572 ‚cavebat-tes
762 534 901 578 ἄδειαν,
924 537 1024 582 εἴπερ
1046 538 1139 571 τινὲς
1161 537 1239 571 τῶν
1257 535 1565 579 τετελευτηκότων
1587 532 1633 569 δι’
1660 531 1818 580 ἀπορίαν
1840 534 2080 581 κληρονόμους
2093 537 2162 579 μὲν
2175 532 2242 568 οὗκ
2256 537 2374 578 ἔσχον,
2399 538 2420 569 5

153 581 335 626 χρεώστας
365 581 406 616 δὲ
433 582 638 625 κατέλιπον,
672 579 696 624 ἢ
723 585 783 614 καὶ
813 581 1011 635 πράγματα
1040 595 1125 616 τινα
1152 583 1299 615 ἐκείνοις
1320 579 1552 628 διενεγκόντα
1589 582 1629 614 ἐν
1658 579 1858 628 παραθήκῃ
1890 579 1914 624 ἢ
1943 578 2116 627 ὑποθήκῃ
2146 578 2246 625 παρά
2275 592 2375 614 τισιν

154 626 366 672 εὑρίσκεται,
396 631 508 661 κινεῖν
539 626 616 661 κατ’
643 628 793 660 ἐκείνων
820 638 885 660 τας
913 624 1139 672 ἁρμοζούσας
1170 623 1289 661 αὖτοῖς
1320 623 1464 672 ἆγωγάς
1486 628 1547 659 καὶ
1569 625 1612 659 τὸ
1636 625 1765 660 ἱκανόν
1789 626 1828 667 ἐξ
1851 622 1976 660 αὐτῶν
1998 627 2138 659 ἑαυτοῖς
2159 628 2372 670 περιποιεῖν.

154 673 202 707 τὰ
230 668 340 716 ὅμοια
370 670 411 706 δὲ
440 670 561 707 αὐτοῖς
591 670 866 717 φυλαχθήσεται
888 676 948 705 καὶ
971 674 1033 706 ἐπὶ
1056 674 1157 714 [ταῖς]
1179 673 1258 706 τῶν
1282 672 1437 713 ζώντων
1458 669 1717 705 συναλλακτῶν
1739 674 1800 704 καὶ
1822 670 2107 726 χρεωστούντων
2129 667 2261 711 αὐτοῖς,
2285 666 2375 705 ὦςτε

155 718 288 758 ἐξεῖναι
316 720 391 751 τοῖς
421 716 612 763 ἐνάγουσιν
640 715 664 760 ἢ
693 719 754 749 καὶ
785 718 1011 762 ἐναγομένοις
1032 716 1271 761 βουλομένοις,
1302 714 1370 750 κᾶν
1391 715 1441 760 μὴ
1463 719 1537 750 τοῖς
1559 714 1790 760 συμβολαίοις
1812 714 2002 759 υποθήκης
2026 717 2217 761 ἐμφέρεται
2238 715 2375 760 μνήμη,

153 759 406 807 ὖποθηκαρίας
436 758 535 806 ὅμως
565 765 679 796 κινεῖν
710 758 861 808 ἀγωγάς,
891 761 941 796 οἷς
970 761 1074 806 φύσει
1103 764 1178 796 τοῖς
1207 763 1286 796 τῶν
1308 760 1594 809 ἆργυροπρατῶν
1617 764 1677 794 καὶ
1696 762 1774 795 τῶν
1797 760 2086 805 συμβαλλόντων
2109 757 2230 795 αὗτοῖς
2246 759 2375 794 συναλ·
2402 765 2443 796 10

154 806 336 853 λάγμασιν
364 808 558 850 ἑπομένας,
587 811 649 841 καὶ
678 809 774 848 ἔχειν
802 806 897 840 κατὰ
927 807 1005 840 τῶν
1035 804 1199 840 ὖστέοων
1227 809 1282 849 τῷ
1311 805 1432 852 χρόνῳ
1459 804 1630 848 δηλονότι
1653 804 1858 840 δανειστῶν
1879 806 1950 848 τὴν
1973 809 2203 851 προτίμησιν.
2249 804 2378 840 ἄδικον

154 853 226 900 γὰρ
254 850 423 899 τυγχάνει
450 855 512 886 καὶ
540 853 603 895 τῆς
630 853 707 886 τῶν
734 851 920 898 ἡμετέρων
949 851 1094 897 χρόνων
1122 841 1351 893 δικαιοσύνης
1379 848 1583 895 ἀλλότριον,
1614 850 1696 885 ’τοὺς
1716 853 1785 896 μὲν
1807 848 1992 897 εὗεργέτας
2014 852 2093 886 τῶν
2115 849 2223 885 ἰδίων
2246 853 2378 896 στερεῖ·

155 898 250 932 σθαι
267 894 503 944 πραγμάτων,
525 898 608 931 τοῦς
630 896 671 931 δὲ
690 898 960 941 χρεωστοῦντας
978 899 1055 932 ,τοῖς
1077 895 1276 942 ἀλλοτρίοις
1297 898 1487 941 ἐντρυφᾶν.

1144 1007 1303 1044 CAPUT
1329 1007 1390 1043 IV.

291 1073 443 1110 Κᾶκεῖνο
475 1074 515 1109 δὲ
543 1078 589 1122 τῇ
618 1074 774 1131 ἡμετέρᾳ
804 1079 886 1121 περὶ
916 1074 1046 1110 αὖτοὺς
1075 1077 1263 1120 ἐπικουρίᾳ
1286 1075 1536 1120 προςτίθεμεν.
1584 1073 1709 1117 ἐπειδὴ
1731 1073 1803 1121 γὰρ
1821 1078 1896 1110 τοῖς
1917 1072 2002 1122 παρ’
2028 1074 2153 1110 αὐτῶν
2174 1078 2379 1122 γενομένοις

155 1120 426 1167 συναλλάγμασι
457 1119 599 1166 σφόδρα
626 1135 646 1155 ο
676 1122 804 1167 νεαρὸς
829 1119 935 1165 ἡμῶν
966 1121 1074 1164 νόμος
1099 1118 1336 1164 ἀνθίσταται,
1360 1119 1380 1154 ό
1405 1118 1731 1164 παρακελευόμενος
1754 1120 1837 1154 τοὺς
1856 1119 2041 1167 εὗεργέτας
2062 1120 2111 1164 μὴ
2133 1125 2265 1166 χωρεῖν
2286 1121 2381 1155 κατὰ
2403 1125 2446 1158 15

154 1169 234 1202 τῶν
263 1169 476 1211 πριαμένων
505 1166 590 1199 τινὰ
614 1165 713 1211 παρὰ
738 1167 815 1200 τῶν
836 1165 1133 1211 χρεωστούντων,
1162 1169 1251 1210 πρὶν
1269 1164 1318 1199 ἂν
1338 1165 1377 1199 οἱ
1397 1165 1635 1210 πρωτότυποι
1657 1166 1835 1210 χρεῶσται
1853 1165 1986 1212 ἄποροι
2009 1164 2071 1200 διὰ
2094 1167 2157 1209 τῆς
2180 1163 2380 1201 ἐκστάσεως

156 1209 431 1254 ἇποδειχθῶσιν
465 1207 569 1255 (ὅπερ
601 1209 719 1245 αὗτοῖς
752 1209 851 1245 πάνυ
884 1211 1087 1254 καθέστηκε
1121 1211 1312 1256 φορτικόν,
1348 1209 1409 1244 διὰ
1444 1209 1488 1245 τό
1523 1210 1603 1244 τοὺς
1632 1207 1874 1255 ἀγοράζοντας
1905 1209 1954 1245 ὠς
1983 1213 2024 1246 ἔκ
2053 1223 2151 1246 τινος
2179 1212 2289 1245 ἔθους
2318 1214 2380 1246 καὶ

155 1257 363 1302 βεβαιωτὰς
393 1258 514 1298 ζητεῖν
544 1259 605 1289 καὶ
634 1257 703 1299 τὴν
732 1255 846 1299 ἄλλην
875 1256 1012 1290 ἑαυτοῖς
1039 1252 1243 1302 ἀσφάλειαν
1274 1255 1564 1300 περιποιεῖσθαι,
1596 1252 1715 1289 αὐτοῖς
1745 1254 1787 1288 δὲ
1816 1257 1924 1290 τοῦτο
1954 1257 2046 1300 μήτε
2075 1257 2165 1290 ἔθος
2194 1256 2286 1301 μήτε
2308 1254 2380 1299 τὴν

155 1305 304 1345 ταχεῖαν
326 1302 406 1335 τῶν
434 1299 592 1335 συιάλλα
615 1300 744 1344 μάτων
781 1302 933 1344 ἔκβασιν
956 1312 1075 1347 συγχω
1099 1304 1181 1344 εῖν),
1215 1301 1439 1345 θεσπίζομεν
1468 1298 1527 1334 διὰ
1557 1301 1623 1334 τοῦ
1654 1300 1833 1345 παρόντος
1864 1301 1970 1335 θείου
1992 1303 2245 1348 πραγματικοῦ
2263 1300 2379 1336 τύπου

156 1344 235 1382 κατ’
259 1344 378 1389 ἰδικὴν
402 1343 522 1380 αὐτοῖς
548 1343 583 1379 δι
608 1349 736 1390 ομένου
759 1345 971 1391 φιλοτιμίαν
998 1346 1050 1390 μὴ
1103 1349 1286 1390 υναμένην
1307 1346 1418 1390 ἑτέρῳ
1442 1346 1623 1391 προςιόπῳ
1646 1341 1670 1388 ἢ
1691 1344 1859 1389 μεθοδίῳ
1881 1343 1905 1402 ἢ
1928 1351 2122 1390 σωματείῳ
2145 1345 2170 1389 ἢ
2192 1345 2379 1390 ἐπιτηδεῦ-
2403 1350 2447 1383 20

156 1405 246 1437 ματι
269 1390 457 1426 παντελῶς
479 1389 659 1435 ἁρμόζειν,
683 1390 850 1434 τοιαύτης
872 1388 1000 1425 αὐτούς
1022 1405 1063 1425 τε
1085 1394 1146 1426 καὶ
1167 1391 1251 1425 τους
1275 1388 1396 1424 αἰτῶν
1419 1389 1672 1433 συναλλάκτας,
1695 1388 1803 1432 ἡνίκα
1825 1404 1895 1425 κατ
1929 1388 2052 1426 αὐτῶν
2068 1389 2210 1438 ἀγωγὰς
2227 1394 2379 1434 κινοῦσι,

157 1439 355 1482 προνομίας
383 1434 583 1471 ἀπολαύειν
612 1437 653 1470 ἐν
682 1438 737 1480 τῷ
762 1438 945 1479 ἐπιζητεῖν
966 1449 1008 1470 τε
1028 1439 1089 1470 καὶ
1115 1434 1262 1470 διώκειν
1283 1436 1331 1470 τὰ
1355 1436 1561 1490 πράγματα,
1590 1432 1645 1480 ἐφ’
1671 1435 1723 1469 οἷς
1746 1435 1867 1470 αὐτοῖς
1889 1433 1910 1470 ό
1934 1436 2063 1482 χρόνος
2084 1440 2231 1482 παρέχει
2254 1440 2380 1481 προτί-

156 1494 287 1528 μησιν,
322 1479 457 1515 ὁποίαν
481 1481 551 1527 πρὸ
578 1482 641 1524 τῆς
673 1479 845 1526 ἡμετέρας
878 1483 987 1523 ἔσχον
1020 1481 1257 1525 νομοθεσίας,
1292 1478 1382 1516 ὥςτε
1415 1481 1543 1514 αυτοὺς
1572 1481 1621 1524 μὴ
1651 1484 1891 1525 βαρουμένους
1917 1484 1966 1529 τῇ
1996 1479 2181 1522 ἀποδείξει
2207 1483 2272 1525 τῆς
2301 1483 2381 1516 τῶν

157 1525 442 1572 χρεωστοῦντων
465 1526 676 1568 ἐκστάσεως,
700 1526 801 1572 εἴπερ
822 1526 872 1570 μὴ
895 1524 1085 1568 δυνηθῶσι
1108 1539 1160 1560 πα
1185 1527 1208 1559 ἀ
1231 1528 1296 1560 τοῦ
1320 1526 1563 1571 πρωτοτῦπου
1590 1524 1634 1559 τὸ
1657 1525 1785 1560 ἱκανὸν
1808 1523 2010 1571 ὑπομεῖναι,
2033 1531 2164 1572 χωρεῖν
2187 1527 2280 1569 κατὰ
2301 1527 2382 1561 τῶν

158 1572 436 1615 ἐκποιηθέντων
465 1568 524 1605 ὑπ’
557 1573 707 1606 ἐκείνων
733 1570 958 1617 πραγμάτων
983 1574 1044 1605 καὶ
1074 1571 1113 1612 ἐξ
1142 1573 1155 1604 ι’
1179 1572 1254 1614 ικῆς
1274 1569 1298 1615 ἢ
1318 1572 1457 1617 γενικῆς
1479 1568 1669 1613 ὑποθήκης
1691 1570 1809 1605 αὐτοῖς
1829 1570 2089 1616 ὑποκειμένων,
2107 1569 2162 1617 ἐφ’
2188 1570 2251 1614 ὧν,
2277 1571 2380 1606 καθὰ
2404 1577 2448 1609 25

158 1619 307 1663 εἴρηται,
330 1619 592 1662 προγενέστερα
620 1617 699 1650 τῶν
728 1614 852 1650 ἄλλων
874 1614 1079 1651 δανειστῶν
1100 1618 1219 1659 ἔχουσι
1239 1614 1371 1650 δίκαια.
1417 1615 1573 1661 οἰόμεθα
1594 1615 1665 1662 γὰρ
1686 1616 1734 1650 τὰ
1757 1618 1811 1659 τῷ
1834 1621 2082 1662 προειρημένῳ
2102 1621 2296 1661 σωματείῳ
2321 1620 2383 1650 καὶ

158 1666 232 1696 τοῖς
255 1661 377 1696 αὐτῶν
395 1660 655 1697 συναλλάκταις
675 1659 905 1708 παρεχόμενα
927 1662 977 1695 εἰς
996 1662 1066 1703 τὴν
1089 1661 1215 1704 κοινὴν
1236 1665 1436 1695 συντείνειν
1458 1659 1674 1706 εὐεργεσίαν,
1698 1661 1756 1695 οἷα
1781 1659 1905 1696 αὐτῶν
1925 1662 1991 1696 οὐκ
2007 1660 2140 1709 ὀλίγοις
2155 1665 2265 1706 τισίν,
2288 1659 2382 1696 ἀλλὰ

157 1710 233 1741 τοῖς
252 1709 292 1741 ἐν
314 1706 415 1754 πάσῃ
438 1704 568 1749 σχεδὸν
591 1708 636 1754 τῇ
659 1705 827 1749 πολιτεία
846 1708 1047 1752 γινομένοις
1068 1704 1363 1752 συναλλάγμασιν
1386 1705 1682 1752 ὑπουργούντων.

1156 1818 1314 1854 CAPUT
1338 1819 1382 1856 V.

293 1890 368 1922 Καὶ
396 1886 505 1922 τοῦτο
532 1884 573 1921 δὲ
600 1884 721 1921 αὐτοῖς
749 1889 950 1932 παρασχεῖν
980 1886 1124 1921 αἰτοῦσι
1153 1884 1376 1930 συνείδομεν,
1403 1883 1494 1921 ὥςτε
1525 1885 1631 1929 ἡνίκα
1657 1885 1706 1921 ἅν
1727 1898 1827 1921 τισιν
1850 1887 2016 1935 ἐπάγωσι
2038 1885 2140 1923 δίκας
2162 1891 2223 1922 καὶ
2245 1889 2294 1923 είς
2312 1887 2383 1931 τὴν

157 1934 220 1977 τῆς
241 1931 514 1978 δεκατημοιρίας
536 1929 733 1979 ὁμολογίαν
754 1931 1061 1975 συνελαύνωνται,
1082 1930 1134 1977 μὴ
1157 1928 1400 1967 ἆπαιτεῖσθαι
1422 1930 1559 1979 ἐγγύας,
1582 1931 1674 1967 ἀλλὰ
1696 1928 1819 1978 ἇρκεῖν
1840 1933 1911 1976 τὴν
1933 1930 2059 1968 αὗτῶν
2072 1935 2134 1969 ἐπὶ
2151 1933 2272 1977 τούτῳ
2286 1947 2382 1979 γινο-
2406 1939 2450 1971 30

157 2124 233 2160 sint
263 2133 329 2158 nee
357 2121 531 2157 minorem
561 2132 670 2168 quam
697 2120 847 2168 publica
877 2122 1116 2158 instrumenta
1145 2123 1215 2158 vim
1245 2120 1418 2164 habeant,
1449 2132 1529 2157 cum
1552 2133 1627 2157 non
1649 2123 1828 2158 securitas
1848 2122 1896 2157 iis
1917 2123 2027 2165 desit,
2056 2123 2124 2158 sed
2142 2122 2225 2159 sola
2243 2124 2384 2170 forma.

159 2169 237 2204 Nec
265 2167 378 2203 ullum
399 2166 688 2213 supplicantibus
708 2166 972 2213 praeiudicium
992 2167 1076 2202 inde
1092 2168 1175 2212 fiat,
1198 2166 1299 2213 quod
1319 2177 1394 2202 non
1415 2167 1540 2202 insunt
1562 2166 1788 2214 hypothecae
1810 2172 1876 2203 aut
1898 2167 2070 2204 heredum
2091 2179 2382 2206 successorumve

162 2223 292 2249 nomen
316 2213 355 2247 in
377 2212 524 2257 scriptis
546 2223 571 2246 a
592 2209 886 2247 contrahentibus
908 2222 989 2248 cum
1010 2213 1102 2258 ipsis
1123 2211 1340 2258 compositis.

293 2257 360 2292 111.
390 2256 600 2292 'Habebunt
631 2260 751 2292 autem
780 2257 845 2302 qui
872 2268 924 2293 ex
945 2257 1070 2293 eodem
1088 2262 1174 2292 sunt
1196 2257 1489 2302 arqentariorum
1513 2267 1681 2303 corpore,
1704 2268 1821 2303 aeque
1840 2263 1960 2293 autem
1983 2259 2092 2293 etiam
2114 2258 2381 2301 contrahentes,

159 2301 309 2350 quando
336 2302 472 2336 similes
501 2301 675 2337 adversus
705 2300 788 2336 illos
817 2302 979 2338 actiones
1001 2306 1154 2343 movent,
1182 2301 1415 2346 facultatem,
1444 2302 1478 2336 si
1500 2303 1564 2348 qui
1586 2302 1843 2348 defunctorum
1865 2302 2017 2338 heredes
2038 2309 2197 2349 propter
2218 2304 2381 2350 inopiam

158 2359 233 2384 non
256 2347 457 2388 habuerint,
481 2346 660 2382 debitores
681 2357 766 2382 vero
781 2347 1005 2398 reliquerint,
1028 2351 1094 2382 aut
1106 2357 1166 2382 res
1181 2346 1327 2392 aliquae
1341 2357 1437 2392 quae
1451 2346 1501 2382 ad
1514 2347 1598 2382 illos
1613 2347 1868 2393 pertinuerant
1883 2347 2071 2394 depositae
2086 2347 2144 2384 vel
2154 2348 2204 2394 hy
2232 2352 2381 2386 otheeae

159 2393 304 2429 nomine
336 2391 521 2437 obliqatae
550 2391 652 2438 apud
673 2391 818 2436 aliquos
840 2393 1079 2435 invadantur,
1109 2391 1274 2426 movendi
1300 2394 1474 2427 adversus
1503 2391 1588 2427 illos
1610 2397 1849 2438 competentes
1871 2394 2035 2428 actiones
2055 2397 2091 2428 et
2112 2403 2164 2429 ex
2180 2405 2191 2427 t
2221 2394 2254 2429 is
2274 2395 2382 2430 satis-

157 2438 359 2485 factionem
381 2437 453 2472 sibi
469 2435 642 2487 parandi.
689 2435 832 2471 Similia
855 2442 974 2472 autem
996 2438 1050 2472 eis
1070 2437 1310 2472 servabuntur
1330 2437 1437 2472 etiam
1455 2437 1494 2471 in
1517 2436 1771 2472 contrahentes
1792 2439 1949 2473 viventes
1970 2449 2166 2484 eorumque
2187 2438 2383 2482 debitores,

159 2488 202 2518 ut
231 2483 338 2518 liceat
368 2482 551 2516 actoribus
580 2486 646 2516 aut
668 2481 775 2516 etiam
797 2482 882 2525 reis,
912 2483 946 2517 si
967 2481 1086 2524 velint,
1113 2482 1254 2517 etiamsi
1276 2482 1315 2516 in
1339 2483 1586 2518 irwtrumentis
1608 2481 1834 2528 hypothecae
1855 2482 1960 2518 nulla
1982 2484 2116 2518 mentio
2139 2483 2236 2526 insit,
2259 2483 2309 2530 hy
2339 2496 2380 2519 o-

161 2528 343 2564 thecarias
374 2530 493 2561 tamen
522 2526 685 2561 actiones
705 2536 856 2568 movere,
887 2527 1025 2573 quippe
1047 2537 1142 2572 quae
1164 2530 1297 2561 natura
1320 2527 1614 2572 arqentariorum
1637 2538 1835 2572 eorumque
1856 2529 1924 2573 qui
1943 2539 2022 2563 cum
2046 2528 2139 2574 ipsis
2160 2534 2267 2564 contr
2341 2533 2383 2564 nt

160 2578 371 2608 contractus
398 2576 609 2617 sequantur,
639 2576 675 2606 et
697 2570 828 2606 habere
851 2572 888 2606 in
906 2572 1132 2618 posteriores
1155 2576 1315 2617 tempore
1336 2571 1536 2606 creditores
1553 2575 1861 2618 praeroqativam.
1908 2571 2086 2608 Iniustum
2109 2574 2203 2608 enim
2226 2579 2282 2609 est
2303 2579 2339 2609 et
2356 2586 2381 2610 a

159 2624 367 2653 nostrorum
389 2620 590 2661 temporum
612 2615 750 2650 iustitia
774 2615 930 2651 alienum
953 2616 1149 2652 creditores
1170 2617 1277 2651 rebus
1293 2617 1369 2650 suis
1445 2616 1543 2659 ‘var-i,
1567 2616 1745 2652 debitores
1767 2617 1896 2653 alienis
1917 2617 2112 2653 luxuriari.

294 2661 356 2697 IV.
401 2660 477 2696 Sed
502 2661 611 2696 etiam
640 2660 735 2695 illud
762 2665 889 2696 nostro
918 2662 956 2695 in
985 2671 1048 2696 eos
1076 2661 1286 2707 patrocinio
1318 2626 1497 2697 αιίιίιξιιῄιις.
1545 2660 1721 2704 Quoniam
1751 2663 1845 2697 enim
1866 2663 1983 2707 factis
2005 2662 2051 2698 ab
2074 2663 2089 2696 i
2116 2663 2167 2698 sis
2182 2664 2380 2700 contracti-

159 2708 227 2743 bus
248 2705 470 2743 vehementer
491 2705 634 2741 novella
656 2710 781 2740 nostra
802 2705 864 2741 lex
884 2709 1078 2752 repuqnat,
1101 2716 1197 2751 quae
1218 2710 1315 2741 vetat
1336 2706 1532 2741 creditores
1555 2706 1730 2741 adversus
1750 2718 1824 2749 eos,
1856 2709 1923 2753 qui
1948 2707 2064 2753 aliqui
2112 2719 2135 2743 a
2159 2708 2380 2744 debitoribus

159 2753 322 2793 emerint,
334 2751 446 2796 prius
468 2762 492 2784 a
517 2760 588 2792 ere,
608 2760 717 2795 quam
736 2750 961 2797 principales
983 2750 1161 2786 debitores
1181 2760 1251 2797 per
1273 2751 1469 2786 cessionem
1492 2751 1665 2786 bonorum
1688 2752 1818 2798 inopes
1839 2763 1917 2788 esse
1939 2754 2076 2788 constet
2098 2754 2213 2799 (quod
2233 2754 2280 2789 iis
2292 2765 2381 2789 sane

159 2796 345 2832 molestum
368 2800 434 2837 est,
457 2795 471 2829 i
517 2805 539 2829 o
562 2794 663 2840 quod
683 2799 837 2830 ementes
858 2806 909 2831 ea:
931 2795 1090 2842 quadam
1113 2794 1370 2831 consuetudine
1392 2800 1427 2830 et
1446 2795 1679 2840 fideiussores
1692 2802 1875 2842 quaerunt
1891 2801 1926 2832 et
1941 2797 2050 2832 aliam
2067 2798 2137 2833 sibi
2149 2799 2378 2834 securitatem

156 2846 307 2888 parant,
338 2840 429 2886 ipsis
459 2850 544 2875 vero
571 2839 612 2874 id
639 2850 756 2885 neque
786 2841 1006 2876 consuetudo
1036 2850 1152 2886 neque
1182 2840 1486 2884 conficiendorum
1516 2847 1763 2876 contractuum
1788 2842 1955 2878 celeritas
1971 2843 2174 2888 permittit),
2196 2845 2380 2879 sancimus

157 2897 228 2932 per
254 2888 482 2933 praesentem
511 2894 654 2919 sacram
678 2885 946 2930 praqmaticam
973 2885 1133 2930 formam
1162 2884 1314 2931 speciali
1342 2886 1436 2931 ipsis
1464 2885 1588 2921 datam
1620 2887 1811 2931 beneficio,
1846 2898 1940 2933 quae
1974 2887 2084 2922 alteri
2113 2899 2294 2934 personae
2323 2889 2382 2924 vel

161 2931 314 2976 colleqio
344 2928 403 2966 vel
431 2929 581 2976 corpori
610 2929 666 2963 vel
688 2929 893 2965 condicioni
920 2930 1022 2965 nullo
1054 2930 1160 2965 modo
1191 2933 1391 2976 competere
1414 2935 1559 2976 potest,
1590 2934 1625 2966 et
1654 2933 1668 2965 i
1694 2942 1755 2966 sos
1784 2937 1819 2967 et
1843 2932 1907 2978 qui
1929 2942 2009 2966 cum
2032 2933 2124 2978 ipsis
2146 2932 2378 2975 contrahunt,

160 2975 308 3022 quando
328 2974 503 3010 adversus
525 2974 626 3025 ipsos
649 2974 810 3010 actiones
831 2975 1033 3017 instituant,
1058 2975 1124 3010 tali
1142 2974 1337 3021 privileqio
1352 2976 1410 3011 uti
1421 2976 1458 3010 in
1474 2942 1702 3021 inquirendis
1714 2977 2042 3023 persequendIsque
2055 2977 2173 3019 rebus,
2197 2978 2234 3011 in
2250 2978 2379 3023 quibus

158 3021 211 3057 eis
234 3026 373 3066 tempus
386 3023 686 3065 praeroqattvam
706 3019 867 3064 praebet,
891 3020 999 3065 quale
1021 3024 1106 3055 ante
1124 3025 1285 3054 nostram
1309 3020 1574 3065 leqislatiouem
1591 3019 1805 3063 habuerunt,
1831 3029 1872 3058 ut
1898 3033 1972 3057 non
1995 3023 2140 3067 qravati
2155 3022 2379 3067 probatione

161 3066 337 3102 bonorum
366 3064 538 3099 cessionis
560 3075 584 3098 a
615 3063 835 3099 debitoribus
851 3065 992 3115 sactae,
1023 3065 1096 3099 nisi
1117 3076 1141 3099 a
1154 3064 1423 3110 principalibus
1443 3066 1731 3110 satisfactionem
1751 3067 1923 3112 consequi
1943 3066 2140 3113 potuerint,
2164 3067 2380 3102 conveniant

159 3121 221 3146 res
249 3109 295 3145 ab
326 3109 400 3145 illis
428 3109 608 3144 alienatas
630 3113 666 3144 et
688 3119 739 3144 ex
759 3109 912 3155 speciali
933 3110 990 3145 vel
1011 3110 1175 3155 qenerali
1197 3108 1402 3156 hypotheca
1424 3110 1514 3156 ipsis
1535 3110 1728 3152 obnoxias,
1753 3113 1790 3146 in
1814 3113 1954 3157 quibus,
1979 3117 2017 3145 ut
2040 3110 2172 3145 dictum
2196 3116 2260 3153 est,
2283 3112 2376 3146 anti-

161 3154 270 3200 quius
290 3155 418 3190 ceteris
439 3153 677 3189 creditoribus
699 3155 756 3188 ius
778 3153 918 3190 habent.
967 3154 1229 3189 Existimamus
1251 3155 1343 3189 enim
1366 3165 1422 3197 ea,
1458 3165 1552 3200 quae
1583 3155 1680 3190 dicto
1705 3158 1995 3202 arqentariorum
2020 3155 2168 3201 corpori
2189 3159 2225 3190 et
2246 3156 2293 3190 iis
2314 3156 2379 3202 qui

162 3209 241 3234 cum
264 3199 317 3234 eis
346 3197 568 3233 contrahunt
588 3198 848 3241 conceduntur,
879 3198 930 3234 ad
951 3210 1169 3234 communem
1191 3198 1345 3233 salutem
1367 3200 1550 3244 conferre,
1580 3199 1662 3235 ideo
1686 3201 1785 3246 quod
1808 3202 1861 3236 illi
1883 3200 2127 3235 contractibus
2152 3211 2225 3234 non
2244 3201 2378 3246 paucis

163 3242 389 3289 quibusdam,
411 3243 478 3278 sed
497 3244 538 3277 in
560 3243 729 3279 miiversa
748 3244 833 3289 fere
855 3244 1041 3290 republica
1063 3245 1178 3289 factis
1199 3244 1371 3278 serviunt.

294 3287 340 3324 V.
386 3287 506 3332 Atque
534 3288 642 3322 etiam
671 3287 741 3324 hoc
771 3289 818 3323 iis
841 3290 1050 3335 petentibus
1073 3288 1267 3324 concedere
1290 3288 1550 3331 constituimus,
1572 3293 1613 3324 ut
1643 3291 1790 3336 quando
1814 3289 1941 3336 quibus
1964 3289 2060 3323 litem
2082 3289 2248 3334 inserant
2269 3293 2307 3325 et
2326 3289 2379 3324 ad

158 3332 434 3379 promissionem
456 3330 616 3367 decimae
634 3332 757 3378 partis
772 3338 964 3379 coquntur,
988 3345 1059 3369 non
1084 3334 1283 3380 exigantur
1305 3333 1351 3369 ab
1374 3334 1420 3368 iis
1438 3333 1698 3378 fideiussiones‚
1720 3335 1786 3370 sed
1806 3334 1972 3380 sufficiat
1994 3335 2155 3379 ipsorum
2178 3333 2223 3369 de
2244 3333 2315 3370 hac
2334 3345 2378 3370 re

215 3524 233 3556 1
264 3518 328 3564 οὐχ
350 3520 525 3555 ἐλάττονα
546 3521 590 3554 Μ
602 3521 616 3565 Ι
632 3517 779 3563 δεούσης
801 3522 999 3563 Zachariae]
1026 3520 1173 3565 ἐνούσης
1197 3524 1239 3556 Μ
1302 3524 1327 3557 I
1332 3524 1400 3557 Vc.
1413 3524 1434 3557 2
1452 3522 1466 3566 Ι
1483 3525 1524 3557 19
1547 3521 1663 3557 τύπου
1680 3521 1753 3563 Mb]
1776 3521 1890 3565 νόμου
1914 3525 1978 3557 M⁰
1994 3525 2008 3568 ss
2025 3527 2067 3560 23
2088 3522 2222 3560 ὁποίαν
2243 3528 2376 3562 Zacha-

164 3567 179 3612 u
194 3569 216 3602 3
231 3566 315 3610 παρ’
343 3563 467 3600 αὗτῶν
483 3579 552 3599 cum
568 3567 751 3610 Ser-imyero
766 3568 854 3609 vulq.
869 3565 883 3610 Ι
901 3568 922 3600 8
937 3569 1015 3600 ταῖς
1030 3569 1093 3600 del.
1105 3569 1236 3601 Zacha-
1303 3570 1386 3609 riae]
1414 3564 1523 3601 όποῖα
1554 3569 1596 3601 M
1622 3568 1634 3610 Ι]
1669 3569 1709 3601 28
1742 3568 1834 3600 πᾶσι
1853 3569 1901 3602 M
1923 3570 1937 3612 ss
1970 3572 2014 3604 30
2045 3567 2314 3617 δεκατομοιρίας
2335 3574 2380 3607 Μ

165 3614 236 3645 riae
251 3612 265 3654 Ι
282 3611 426 3652 ζόντων
448 3612 496 3645 M
511 3611 525 3654 Ι
550 3613 591 3645 11
616 3606 768 3654 ὕστερον
796 3611 843 3652 Μ,
866 3623 950 3644 corr.
974 3612 1166 3656 Scrinqer.
1194 3614 1237 3646 14
1303 3614 1399 3655 (idem
1422 3614 1498 3652 766,
1514 3621 1541 3646 3.
1556 3616 1595 3654 6).

151 3657 389 3707 ,προτίθεμεν
401 3657 452 3697 M,
475 3669 560 3690 eorr-
572 3657 736 3700 Ser-iuqer
753 3655 767 3699 Ι
785 3658 825 3690 15
848 3654 1140 3700 νεαρὸς-νόμος]
1164 3670 1236 3690 nov.
