<?xml version="1.0" encoding="UTF-8"?>
<!DOCTYPE html PUBLIC "-//W3C//DTD XHTML 1.0 Transitional//EN"
    "http://www.w3.org/TR/xhtml1/DTD/xhtml1-transitional.dtd">
<html xmlns="http://www.w3.org/1999/xhtml" xml:lang="en" lang="en">
 <head>
  <title>
</title>
<meta http-equiv="Content-Type" content="text/html;charset=utf-8" />
  <meta name='ocr-system' content='tesseract 3.04.00' />
  <meta name='ocr-capabilities' content='ocr_page ocr_carea ocr_par ocr_line ocrx_word'/>
</head>
<body>
  <div class='ocr_page' id='page_1' title='image "./corpusjuriscivil00krueuoft_0196.png"; bbox 0 0 2592 3840; ppageno 0'>
   <div class='ocr_carea' id='block_1_1' title="bbox 232 88 1378 137">
    <p class='ocr_par' dir='ltr' id='par_1_1' title="bbox 232 88 1378 137">
     <span class='ocr_line' id='line_1_1' title="bbox 232 88 1378 137; baseline 0.001 -1"><span class='ocrx_word' id='word_1_1' title='bbox 232 92 339 136; x_wconf 85' lang='lat' dir='ltr'><strong>Nov.</strong></span> <span class='ocrx_word' id='word_1_2' title='bbox 370 93 494 136; x_wconf 87' lang='lat' dir='ltr'>XXII</span> <span class='ocrx_word' id='word_1_3' title='bbox 524 96 591 137; x_wconf 86' lang='lat'><strong>28.</strong></span> <span class='ocrx_word' id='word_1_4' title='bbox 623 96 675 136; x_wconf 84' lang='lat'><strong>29</strong></span> <span class='ocrx_word' id='word_1_5' title='bbox 1300 88 1378 137; x_wconf 83' lang='lat'><strong>17⁰</strong></span> 
     </span>
    </p>
   </div>
   <div class='ocr_carea' id='block_1_2' title="bbox 2189 105 2454 137">
    <p class='ocr_par' dir='ltr' id='par_1_2' title="bbox 2189 105 2454 137">
     <span class='ocr_line' id='line_1_2' title="bbox 2189 105 2454 137; baseline 0.004 -1"><span class='ocrx_word' id='word_1_6' title='bbox 2189 105 2249 136; x_wconf 79' lang='lat' dir='ltr'><strong>DE</strong></span> <span class='ocrx_word' id='word_1_7' title='bbox 2277 105 2454 137; x_wconf 80' lang='lat' dir='ltr'><strong>NUPTIIS</strong></span> 
     </span>
    </p>
   </div>
   <div class='ocr_carea' id='block_1_3' title="bbox 1276 150 1541 157">
    <p class='ocr_par' dir='ltr' id='par_1_3' title="bbox 1276 150 1541 157">
     <span class='ocr_line' id='line_1_3' title="bbox 1276 150 1541 157; baseline 0 0"><span class='ocrx_word' id='word_1_8' title='bbox 1276 150 1541 157; x_wconf 95' lang='lat' dir='ltr'><strong> </strong></span> 
     </span>
    </p>
   </div>
   <div class='ocr_carea' id='block_1_4' title="bbox 1165 248 1525 285">
    <p class='ocr_par' dir='ltr' id='par_1_4' title="bbox 1165 248 1525 285">
     <span class='ocr_line' id='line_1_4' title="bbox 1165 248 1525 285; baseline -0.003 -1"><span class='ocrx_word' id='word_1_9' title='bbox 1165 248 1322 285; x_wconf 84' lang='lat' dir='ltr'>CAPUT</span> <span class='ocrx_word' id='word_1_10' title='bbox 1357 248 1525 284; x_wconf 83' lang='lat' dir='ltr'><strong>XXVIII.</strong></span> 
     </span>
    </p>
   </div>
   <div class='ocr_carea' id='block_1_5' title="bbox 234 311 1314 499">
    <p class='ocr_par' dir='ltr' id='par_1_5' title="bbox 234 311 1314 499">
     <span class='ocr_line' id='line_1_5' title="bbox 275 311 1312 362; baseline -0.001 -11"><span class='ocrx_word' id='word_1_11' title='bbox 275 315 422 360; x_wconf 77' lang='grc' dir='ltr'><em>Ἐπειδὴ</em></span> <span class='ocrx_word' id='word_1_12' title='bbox 451 315 491 351; x_wconf 75' lang='grc' dir='ltr'><strong>δὲ</strong></span> <span class='ocrx_word' id='word_1_13' title='bbox 519 319 592 351; x_wconf 87' lang='grc' dir='ltr'><strong><em>τοῖς</em></strong></span> <span class='ocrx_word' id='word_1_14' title='bbox 621 319 723 362; x_wconf 84' lang='grc' dir='ltr'><strong><em>μέχρι</em></strong></span> <span class='ocrx_word' id='word_1_15' title='bbox 751 316 819 349; x_wconf 83' lang='grc' dir='ltr'><strong>νῦν</strong></span> <span class='ocrx_word' id='word_1_16' title='bbox 845 313 966 360; x_wconf 85' lang='grc' dir='ltr'><strong><em>νόμοις</em></strong></span> <span class='ocrx_word' id='word_1_17' title='bbox 989 311 1200 362; x_wconf 81' lang='grc' dir='ltr'><strong><em>ἀδιάκριτὸν</em></strong></span> <span class='ocrx_word' id='word_1_18' title='bbox 1223 317 1312 358; x_wconf 77' lang='grc' dir='ltr'><strong><em>ἐστι,</em></strong></span> 
     </span>
     <span class='ocr_line' id='line_1_6' title="bbox 234 353 1314 410; baseline -0.001 -13"><span class='ocrx_word' id='word_1_19' title='bbox 234 361 323 398; x_wconf 78' lang='grc' dir='ltr'><strong><em>πότε</em></strong></span> <span class='ocrx_word' id='word_1_20' title='bbox 347 361 509 410; x_wconf 75' lang='grc' dir='ltr'><strong><em>προςήκει</em></strong></span> <span class='ocrx_word' id='word_1_21' title='bbox 531 361 573 396; x_wconf 86' lang='grc' dir='ltr'><strong>τὸ</strong></span> <span class='ocrx_word' id='word_1_22' title='bbox 599 361 722 396; x_wconf 87' lang='grc' dir='ltr'><strong><em>πλεῖον</em></strong></span> <span class='ocrx_word' id='word_1_23' title='bbox 745 361 919 405; x_wconf 76' lang='grc' dir='ltr'><strong><em>θεωρεῖν,</em></strong></span> <span class='ocrx_word' id='word_1_24' title='bbox 950 353 1021 406; x_wconf 74' lang='grc' dir='ltr'><strong>ἆρα</strong></span> <span class='ocrx_word' id='word_1_25' title='bbox 1044 358 1136 394; x_wconf 86' lang='grc' dir='ltr'><strong><em>κατὰ</em></strong></span> <span class='ocrx_word' id='word_1_26' title='bbox 1163 358 1230 395; x_wconf 79' lang='grc' dir='ltr'><strong>τὸν</strong></span> <span class='ocrx_word' id='word_1_27' title='bbox 1252 361 1314 403; x_wconf 79' lang='grc' dir='ltr'><strong>τῆς</strong></span> 
     </span>
     <span class='ocr_line' id='line_1_7' title="bbox 234 403 1311 453; baseline -0.001 -12"><span class='ocrx_word' id='word_1_28' title='bbox 234 405 430 443; x_wconf 78' lang='grc' dir='ltr'><strong><em>ἐπιδόσεως</em></strong></span> <span class='ocrx_word' id='word_1_29' title='bbox 458 406 582 453; x_wconf 86' lang='grc' dir='ltr'><strong><em>καιρὸν</em></strong></span> <span class='ocrx_word' id='word_1_30' title='bbox 612 403 632 448; x_wconf 85' lang='grc' dir='ltr'>ἢ</span> <span class='ocrx_word' id='word_1_31' title='bbox 662 404 753 439; x_wconf 85' lang='grc' dir='ltr'><strong><em>κατὰ</em></strong></span> <span class='ocrx_word' id='word_1_32' title='bbox 781 404 847 439; x_wconf 86' lang='grc' dir='ltr'><strong>τὸν</strong></span> <span class='ocrx_word' id='word_1_33' title='bbox 876 406 938 448; x_wconf 78' lang='grc' dir='ltr'><strong>τῆς</strong></span> <span class='ocrx_word' id='word_1_34' title='bbox 967 405 1031 438; x_wconf 77' lang='grc' dir='ltr'><strong>τοῦ</strong></span> <span class='ocrx_word' id='word_1_35' title='bbox 1054 403 1168 451; x_wconf 75' lang='grc' dir='ltr'><strong><em>γάμου</em></strong></span> <span class='ocrx_word' id='word_1_36' title='bbox 1193 403 1311 440; x_wconf 82' lang='grc' dir='ltr'><strong><em>διαλύ-</em></strong></span> 
     </span>
     <span class='ocr_line' id='line_1_8' title="bbox 234 448 1313 499; baseline -0.002 -12"><span class='ocrx_word' id='word_1_37' title='bbox 234 464 340 494; x_wconf 86' lang='grc' dir='ltr'><strong><em>σεως,</em></strong></span> <span class='ocrx_word' id='word_1_38' title='bbox 373 452 566 499; x_wconf 83' lang='grc' dir='ltr'><strong><em>κράτιστον</em></strong></span> <span class='ocrx_word' id='word_1_39' title='bbox 594 448 677 495; x_wconf 84' lang='grc' dir='ltr'><strong><em>ἡμῖν</em></strong></span> <span class='ocrx_word' id='word_1_40' title='bbox 704 448 827 491; x_wconf 78' lang='grc' dir='ltr'><strong><em>ἔδοξεν</em></strong></span> <span class='ocrx_word' id='word_1_41' title='bbox 859 449 952 483; x_wconf 84' lang='grc' dir='ltr'><strong><em>εἶναι</em></strong></span> <span class='ocrx_word' id='word_1_42' title='bbox 978 448 1044 483; x_wconf 85' lang='grc' dir='ltr'><strong>τὸν</strong></span> <span class='ocrx_word' id='word_1_43' title='bbox 1067 451 1127 492; x_wconf 79' lang='grc' dir='ltr'><strong>τῆς</strong></span> <span class='ocrx_word' id='word_1_44' title='bbox 1150 449 1313 494; x_wconf 77' lang='grc' dir='ltr'><strong><em>τελευτῆς</em></strong></span> 
     </span>
    </p>
   </div>
   <div class='ocr_carea' id='block_1_6' title="bbox 1382 313 2459 495">
    <p class='ocr_par' dir='ltr' id='par_1_6' title="bbox 1382 313 2459 495">
     <span class='ocr_line' id='line_1_9' title="bbox 1428 313 2457 360; baseline 0.001 -10"><span class='ocrx_word' id='word_1_45' title='bbox 1428 316 1519 360; x_wconf 78' lang='lat' dir='ltr'><strong>Quia</strong></span> <span class='ocrx_word' id='word_1_46' title='bbox 1537 325 1619 350; x_wconf 89' lang='lat' dir='ltr'><strong>vero</strong></span> <span class='ocrx_word' id='word_1_47' title='bbox 1640 314 1815 350; x_wconf 83' lang='lat' dir='ltr'><strong>hactenus</strong></span> <span class='ocrx_word' id='word_1_48' title='bbox 1833 314 1969 359; x_wconf 85' lang='lat' dir='ltr'><strong>legibus</strong></span> <span class='ocrx_word' id='word_1_49' title='bbox 1986 313 2217 351; x_wconf 85' lang='lat' dir='ltr'><strong>indiscretum</strong></span> <span class='ocrx_word' id='word_1_50' title='bbox 2228 318 2294 359; x_wconf 88' lang='lat' dir='ltr'><strong>est,</strong></span> <span class='ocrx_word' id='word_1_51' title='bbox 2315 314 2457 360; x_wconf 82' lang='lat' dir='ltr'><strong>quando</strong></span> 
     </span>
     <span class='ocr_line' id='line_1_10' title="bbox 1384 359 2459 405; baseline 0 -9"><span class='ocrx_word' id='word_1_52' title='bbox 1384 360 1573 396; x_wconf 88' lang='lat' dir='ltr'><strong>conveniat</strong></span> <span class='ocrx_word' id='word_1_53' title='bbox 1596 359 1690 404; x_wconf 87' lang='lat' dir='ltr'><strong>quod</strong></span> <span class='ocrx_word' id='word_1_54' title='bbox 1714 359 1795 404; x_wconf 88' lang='lat' dir='ltr'><strong>plus</strong></span> <span class='ocrx_word' id='word_1_55' title='bbox 1820 363 1875 395; x_wconf 90' lang='lat' dir='ltr'><strong>est</strong></span> <span class='ocrx_word' id='word_1_56' title='bbox 1896 359 2093 405; x_wconf 77' lang='lat' dir='ltr'><strong>inspicere,</strong></span> <span class='ocrx_word' id='word_1_57' title='bbox 2117 361 2238 395; x_wconf 91' lang='lat' dir='ltr'><strong>utrum</strong></span> <span class='ocrx_word' id='word_1_58' title='bbox 2263 360 2459 396; x_wconf 87' lang='lat' dir='ltr'><strong>secundum</strong></span> 
     </span>
     <span class='ocr_line' id='line_1_11' title="bbox 1382 404 2459 449; baseline 0.001 -9"><span class='ocrx_word' id='word_1_59' title='bbox 1382 405 1574 440; x_wconf 87' lang='lat' dir='ltr'><strong>oblationis</strong></span> <span class='ocrx_word' id='word_1_60' title='bbox 1611 407 1751 449; x_wconf 90' lang='lat' dir='ltr'><strong>tempus</strong></span> <span class='ocrx_word' id='word_1_61' title='bbox 1787 414 1834 440; x_wconf 83' lang='lat' dir='ltr'><strong>an</strong></span> <span class='ocrx_word' id='word_1_62' title='bbox 1870 407 1967 440; x_wconf 87' lang='lat' dir='ltr'><strong>certe</strong></span> <span class='ocrx_word' id='word_1_63' title='bbox 2010 404 2227 440; x_wconf 75' lang='lat' dir='ltr'><strong>matrimonii</strong></span> <span class='ocrx_word' id='word_1_64' title='bbox 2260 405 2459 448; x_wconf 76' lang='lat' dir='ltr'><strong>solutionis,</strong></span> 
     </span>
     <span class='ocr_line' id='line_1_12' title="bbox 1382 449 2458 495; baseline 0.001 -10"><span class='ocrx_word' id='word_1_65' title='bbox 1382 451 1555 495; x_wconf 89' lang='lat' dir='ltr'><strong>optimum</strong></span> <span class='ocrx_word' id='word_1_66' title='bbox 1578 449 1682 484; x_wconf 89' lang='lat' dir='ltr'><strong>nobis</strong></span> <span class='ocrx_word' id='word_1_67' title='bbox 1706 449 1820 485; x_wconf 85' lang='lat' dir='ltr'><strong>visum</strong></span> <span class='ocrx_word' id='word_1_68' title='bbox 1843 453 1899 486; x_wconf 87' lang='lat' dir='ltr'><strong>est</strong></span> <span class='ocrx_word' id='word_1_69' title='bbox 1922 459 2000 486; x_wconf 85' lang='lat' dir='ltr'><strong>esse</strong></span> <span class='ocrx_word' id='word_1_70' title='bbox 2031 450 2156 485; x_wconf 90' lang='lat' dir='ltr'><strong>mortis</strong></span> <span class='ocrx_word' id='word_1_71' title='bbox 2180 450 2306 486; x_wconf 89' lang='lat' dir='ltr'><strong>binubi</strong></span> <span class='ocrx_word' id='word_1_72' title='bbox 2328 459 2458 495; x_wconf 85' lang='lat' dir='ltr'><strong>paren·</strong></span> 
     </span>
    </p>
   </div>
   <div class='ocr_carea' id='block_1_7' title="bbox 235 493 2460 551">
    <p class='ocr_par' dir='ltr' id='par_1_7' title="bbox 235 493 2460 551">
     <span class='ocr_line' id='line_1_13' title="bbox 235 493 2460 551; baseline -0.001 -20"><span class='ocrx_word' id='word_1_73' title='bbox 235 499 300 551; x_wconf 52' lang='lat' dir='ltr'><strong>‘tofi&#39;</strong></span> <span class='ocrx_word' id='word_1_74' title='bbox 334 495 702 550; x_wconf 64' lang='grc' dir='ltr'><strong><em>δευτερογαμήσαντος</em></strong></span> <span class='ocrx_word' id='word_1_75' title='bbox 743 498 875 542; x_wconf 84' lang='grc' dir='ltr'><strong><em>γονέως</em></strong></span> <span class='ocrx_word' id='word_1_76' title='bbox 913 498 1137 547; x_wconf 47' lang='grc' dir='ltr'><strong><em>παρατηρεῖν</em></strong></span> <span class='ocrx_word' id='word_1_77' title='bbox 1175 494 1312 542; x_wconf 75' lang='grc' dir='ltr'><strong><em>καιρόν.</em></strong></span> <span class='ocrx_word' id='word_1_78' title='bbox 1348 500 1367 531; x_wconf 90' lang='grc'><strong>5</strong></span> <span class='ocrx_word' id='word_1_79' title='bbox 1381 495 1430 530; x_wconf 78' lang='lat' dir='ltr'><strong>tis</strong></span> <span class='ocrx_word' id='word_1_80' title='bbox 1461 493 1644 530; x_wconf 85' lang='lat' dir='ltr'><strong>observari</strong></span> <span class='ocrx_word' id='word_1_81' title='bbox 1674 496 1825 539; x_wconf 79' lang='lat' dir='ltr'><strong>tempus.</strong></span> <span class='ocrx_word' id='word_1_82' title='bbox 1880 494 2048 531; x_wconf 77' lang='lat' dir='ltr'><strong>Scribant</strong></span> <span class='ocrx_word' id='word_1_83' title='bbox 2077 495 2198 540; x_wconf 80' lang='lat' dir='ltr'><strong>itaque</strong></span> <span class='ocrx_word' id='word_1_84' title='bbox 2229 494 2392 530; x_wconf 77' lang='lat' dir='ltr'><strong>hominos</strong></span> <span class='ocrx_word' id='word_1_85' title='bbox 2423 498 2460 530; x_wconf 80' lang='lat' dir='ltr'><strong>et</strong></span> 
     </span>
    </p>
   </div>
   <div class='ocr_carea' id='block_1_8' title="bbox 229 538 1315 721">
    <p class='ocr_par' dir='ltr' id='par_1_8' title="bbox 229 538 1315 721">
     <span class='ocr_line' id='line_1_14' title="bbox 234 538 1311 589; baseline -0.001 -14"><span class='ocrx_word' id='word_1_86' title='bbox 234 554 410 589; x_wconf 78' lang='grc' dir='ltr'><strong><em>γραφουσι</em></strong></span> <span class='ocrx_word' id='word_1_87' title='bbox 439 544 504 585; x_wconf 81' lang='grc' dir='ltr'><strong>μὲν</strong></span> <span class='ocrx_word' id='word_1_88' title='bbox 531 554 599 588; x_wconf 85' lang='grc' dir='ltr'><strong>γαρ</strong></span> <span class='ocrx_word' id='word_1_89' title='bbox 626 539 822 587; x_wconf 76' lang='grc' dir='ltr'><strong><em>ἅνθρωποι</em></strong></span> <span class='ocrx_word' id='word_1_90' title='bbox 845 542 906 573; x_wconf 85' lang='grc' dir='ltr'><strong>καὶ</strong></span> <span class='ocrx_word' id='word_1_91' title='bbox 931 553 985 574; x_wconf 93' lang='grc' dir='ltr'><strong>ων</strong></span> <span class='ocrx_word' id='word_1_92' title='bbox 1008 541 1127 582; x_wconf 79' lang='grc' dir='ltr'><strong><em>ἔχουσι</em></strong></span> <span class='ocrx_word' id='word_1_93' title='bbox 1151 538 1311 583; x_wconf 81' lang='grc' dir='ltr'><strong><em>πλείονα,</em></strong></span> 
     </span>
     <span class='ocr_line' id='line_1_15' title="bbox 234 581 1315 634; baseline -0.002 -13"><span class='ocrx_word' id='word_1_94' title='bbox 234 586 407 634; x_wconf 79' lang='grc' dir='ltr'><strong><em>γράφουσι</em></strong></span> <span class='ocrx_word' id='word_1_95' title='bbox 438 585 477 620; x_wconf 82' lang='grc' dir='ltr'><strong><em>δέ</em></strong></span> <span class='ocrx_word' id='word_1_96' title='bbox 511 588 569 619; x_wconf 85' lang='grc' dir='ltr'><strong>καὶ</strong></span> <span class='ocrx_word' id='word_1_97' title='bbox 606 583 795 619; x_wconf 83' lang='grc' dir='ltr'><strong><em>ἐλάττονα·</em></strong></span> <span class='ocrx_word' id='word_1_98' title='bbox 841 583 880 618; x_wconf 87' lang='grc' dir='ltr'><strong>αἱ</strong></span> <span class='ocrx_word' id='word_1_99' title='bbox 912 581 952 618; x_wconf 80' lang='grc' dir='ltr'><strong>δὲ</strong></span> <span class='ocrx_word' id='word_1_100' title='bbox 988 585 1315 629; x_wconf 83' lang='grc' dir='ltr'><strong><em>ἐπισυμβαίνουσαι</em></strong></span> 
     </span>
     <span class='ocr_line' id='line_1_16' title="bbox 235 626 1314 683; baseline -0.001 -18"><span class='ocrx_word' id='word_1_101' title='bbox 235 630 341 674; x_wconf 81' lang='grc' dir='ltr'><em>τύχαι</em></span> <span class='ocrx_word' id='word_1_102' title='bbox 367 631 428 666; x_wconf 82' lang='grc' dir='ltr'><strong>τὰς</strong></span> <span class='ocrx_word' id='word_1_103' title='bbox 459 634 624 665; x_wconf 78' lang='grc' dir='ltr'><strong><em>ἐναντίας</em></strong></span> <span class='ocrx_word' id='word_1_104' title='bbox 655 627 814 674; x_wconf 78' lang='grc' dir='ltr'><strong><em>ἐκβάσεις</em></strong></span> <span class='ocrx_word' id='word_1_105' title='bbox 850 626 897 664; x_wconf 76' lang='grc' dir='ltr'><strong>ὠς</strong></span> <span class='ocrx_word' id='word_1_106' title='bbox 928 631 1067 664; x_wconf 78' lang='grc' dir='ltr'><strong><em>ἐπίπαν</em></strong></span> <span class='ocrx_word' id='word_1_107' title='bbox 1091 628 1314 683; x_wconf 82' lang='grc' dir='ltr'><strong><em>ἐργάζονται.</em></strong></span> 
     </span>
     <span class='ocr_line' id='line_1_17' title="bbox 229 673 1313 721; baseline -0.002 -11"><span class='ocrx_word' id='word_1_108' title='bbox 229 674 333 711; x_wconf 67' lang='grc' dir='ltr'><strong><em>’Ώςτε</em></strong></span> <span class='ocrx_word' id='word_1_109' title='bbox 364 678 423 710; x_wconf 87' lang='grc' dir='ltr'><strong>ἴνα</strong></span> <span class='ocrx_word' id='word_1_110' title='bbox 456 675 506 721; x_wconf 82' lang='grc' dir='ltr'><strong>μὴ</strong></span> <span class='ocrx_word' id='word_1_111' title='bbox 538 678 618 720; x_wconf 86' lang='grc' dir='ltr'><strong><em>περὶ</em></strong></span> <span class='ocrx_word' id='word_1_112' title='bbox 653 676 771 709; x_wconf 83' lang='grc' dir='ltr'><strong><em>ταῦτα</em></strong></span> <span class='ocrx_word' id='word_1_113' title='bbox 805 673 1054 718; x_wconf 75' lang='grc' dir='ltr'><strong><em>πλανώμεθα,</em></strong></span> <span class='ocrx_word' id='word_1_114' title='bbox 1087 688 1155 709; x_wconf 86' lang='grc' dir='ltr'><strong>τον</strong></span> <span class='ocrx_word' id='word_1_115' title='bbox 1187 673 1313 721; x_wconf 85' lang='grc' dir='ltr'><strong><em>καιρὸν</em></strong></span> 
     </span>
    </p>
   </div>
   <div class='ocr_carea' id='block_1_9' title="bbox 1381 538 2460 718">
    <p class='ocr_par' dir='ltr' id='par_1_9' title="bbox 1381 538 2460 718">
     <span class='ocr_line' id='line_1_18' title="bbox 1381 538 2458 585; baseline 0 -10"><span class='ocrx_word' id='word_1_116' title='bbox 1381 540 1508 575; x_wconf 86' lang='lat' dir='ltr'><strong>horum</strong></span> <span class='ocrx_word' id='word_1_117' title='bbox 1533 549 1624 584; x_wconf 88' lang='lat' dir='ltr'><strong>quae</strong></span> <span class='ocrx_word' id='word_1_118' title='bbox 1648 538 1783 575; x_wconf 88' lang='lat' dir='ltr'><strong>habent</strong></span> <span class='ocrx_word' id='word_1_119' title='bbox 1805 540 1975 585; x_wconf 88' lang='lat' dir='ltr'><strong>amplius,</strong></span> <span class='ocrx_word' id='word_1_120' title='bbox 2007 539 2169 575; x_wconf 87' lang='lat' dir='ltr'><strong>scribunt</strong></span> <span class='ocrx_word' id='word_1_121' title='bbox 2191 542 2311 575; x_wconf 86' lang='lat' dir='ltr'><strong>autem</strong></span> <span class='ocrx_word' id='word_1_122' title='bbox 2335 543 2371 576; x_wconf 82' lang='lat' dir='ltr'><strong>et</strong></span> <span class='ocrx_word' id='word_1_123' title='bbox 2393 539 2458 575; x_wconf 91' lang='lat' dir='ltr'><strong>mi-</strong></span> 
     </span>
     <span class='ocr_line' id='line_1_19' title="bbox 1383 583 2459 631; baseline 0.001 -11"><span class='ocrx_word' id='word_1_124' title='bbox 1383 595 1470 626; x_wconf 92' lang='lat' dir='ltr'><strong>nus,</strong></span> <span class='ocrx_word' id='word_1_125' title='bbox 1505 583 1706 620; x_wconf 81' lang='lat' dir='ltr'><strong>evenientes</strong></span> <span class='ocrx_word' id='word_1_126' title='bbox 1738 588 1858 620; x_wconf 87' lang='lat' dir='ltr'><strong>autem</strong></span> <span class='ocrx_word' id='word_1_127' title='bbox 1888 585 2057 621; x_wconf 76' lang='lat' dir='ltr'><strong>fortunae</strong></span> <span class='ocrx_word' id='word_1_128' title='bbox 2088 584 2287 621; x_wconf 81' lang='lat' dir='ltr'><strong>contrarios</strong></span> <span class='ocrx_word' id='word_1_129' title='bbox 2302 587 2459 631; x_wconf 80' lang='lat' dir='ltr'><strong>eventus</strong></span> 
     </span>
     <span class='ocr_line' id='line_1_20' title="bbox 1384 629 2459 675; baseline 0.001 -11"><span class='ocrx_word' id='word_1_130' title='bbox 1384 629 1524 675; x_wconf 80' lang='lat' dir='ltr'><strong>saepius</strong></span> <span class='ocrx_word' id='word_1_131' title='bbox 1557 633 1763 674; x_wconf 82' lang='lat' dir='ltr'><strong>operantur.</strong></span> <span class='ocrx_word' id='word_1_132' title='bbox 1817 630 1920 666; x_wconf 88' lang='lat' dir='ltr'><strong>Unde</strong></span> <span class='ocrx_word' id='word_1_133' title='bbox 1953 634 1994 666; x_wconf 89' lang='lat' dir='ltr'><strong>ut</strong></span> <span class='ocrx_word' id='word_1_134' title='bbox 2025 640 2098 665; x_wconf 92' lang='lat' dir='ltr'><strong>non</strong></span> <span class='ocrx_word' id='word_1_135' title='bbox 2130 630 2227 666; x_wconf 79' lang='lat' dir='ltr'><strong>circa</strong></span> <span class='ocrx_word' id='word_1_136' title='bbox 2249 630 2340 665; x_wconf 86' lang='lat' dir='ltr'><strong>haec</strong></span> <span class='ocrx_word' id='word_1_137' title='bbox 2361 639 2459 665; x_wconf 85' lang='lat' dir='ltr'><strong>erre-</strong></span> 
     </span>
     <span class='ocr_line' id='line_1_21' title="bbox 1382 674 2460 718; baseline 0.002 -9"><span class='ocrx_word' id='word_1_138' title='bbox 1382 685 1479 716; x_wconf 88' lang='lat' dir='ltr'><strong>mus,</strong></span> <span class='ocrx_word' id='word_1_139' title='bbox 1515 677 1656 718; x_wconf 89' lang='lat' dir='ltr'><strong>tempus</strong></span> <span class='ocrx_word' id='word_1_140' title='bbox 1693 675 1781 710; x_wconf 86' lang='lat' dir='ltr'><strong>illud</strong></span> <span class='ocrx_word' id='word_1_141' title='bbox 1817 674 2111 711; x_wconf 86' lang='lat' dir='ltr'><strong>considerandum</strong></span> <span class='ocrx_word' id='word_1_142' title='bbox 2147 677 2220 718; x_wconf 88' lang='lat' dir='ltr'><strong>est,</strong></span> <span class='ocrx_word' id='word_1_143' title='bbox 2263 674 2460 711; x_wconf 86' lang='lat' dir='ltr'><strong>secundum</strong></span> 
     </span>
    </p>
   </div>
   <div class='ocr_carea' id='block_1_10' title="bbox 236 716 2459 766">
    <p class='ocr_par' dir='ltr' id='par_1_10' title="bbox 236 716 2459 766">
     <span class='ocr_line' id='line_1_22' title="bbox 236 716 2459 766; baseline 0 -11"><span class='ocrx_word' id='word_1_144' title='bbox 236 724 373 755; x_wconf 81' lang='grc' dir='ltr'><strong><em>ἐκεῖνον</em></strong></span> <span class='ocrx_word' id='word_1_145' title='bbox 402 723 575 755; x_wconf 82' lang='grc' dir='ltr'><strong><em>σκεπτέον</em></strong></span> <span class='ocrx_word' id='word_1_146' title='bbox 599 717 690 753; x_wconf 75' lang='grc' dir='ltr'><strong><em>καθ’</em></strong></span> <span class='ocrx_word' id='word_1_147' title='bbox 717 716 760 753; x_wconf 77' lang='grc' dir='ltr'><strong>ὃν</strong></span> <span class='ocrx_word' id='word_1_148' title='bbox 785 716 803 753; x_wconf 83' lang='grc' dir='ltr'>ὁ</span> <span class='ocrx_word' id='word_1_149' title='bbox 828 717 1134 766; x_wconf 82' lang='grc' dir='ltr'><strong><em>δευτερογαμήσας</em></strong></span> <span class='ocrx_word' id='word_1_150' title='bbox 1157 718 1315 762; x_wconf 74' lang='grc' dir='ltr'><strong><em>τελευτᾷ,</em></strong></span> <span class='ocrx_word' id='word_1_151' title='bbox 1331 723 1372 755; x_wconf 88' lang='grc'><strong>10</strong></span> <span class='ocrx_word' id='word_1_152' title='bbox 1387 719 1482 764; x_wconf 88' lang='lat' dir='ltr'><strong>quod</strong></span> <span class='ocrx_word' id='word_1_153' title='bbox 1504 718 1659 754; x_wconf 83' lang='lat' dir='ltr'><strong>binubus</strong></span> <span class='ocrx_word' id='word_1_154' title='bbox 1683 721 1844 763; x_wconf 84' lang='lat' dir='ltr'><strong>moritur,</strong></span> <span class='ocrx_word' id='word_1_155' title='bbox 1869 724 1906 755; x_wconf 81' lang='lat' dir='ltr'><strong>et</strong></span> <span class='ocrx_word' id='word_1_156' title='bbox 1948 719 2120 755; x_wconf 79' lang='lat' dir='ltr'><strong>ortionem</strong></span> <span class='ocrx_word' id='word_1_157' title='bbox 2140 720 2224 755; x_wconf 79' lang='lat' dir='ltr'><strong>inde</strong></span> <span class='ocrx_word' id='word_1_158' title='bbox 2242 718 2459 761; x_wconf 72' lang='lat' dir='ltr'><strong>sumendam,</strong></span> 
     </span>
    </p>
   </div>
   <div class='ocr_carea' id='block_1_11' title="bbox 236 763 1314 857">
    <p class='ocr_par' dir='ltr' id='par_1_11' title="bbox 236 763 1314 857">
     <span class='ocr_line' id='line_1_23' title="bbox 236 763 1314 811; baseline -0.001 -11"><span class='ocrx_word' id='word_1_159' title='bbox 236 769 295 800; x_wconf 86' lang='grc' dir='ltr'><strong>καὶ</strong></span> <span class='ocrx_word' id='word_1_160' title='bbox 325 765 392 809; x_wconf 84' lang='grc' dir='ltr'><strong>τὴν</strong></span> <span class='ocrx_word' id='word_1_161' title='bbox 423 764 618 810; x_wconf 80' lang='grc' dir='ltr'><strong><em>ἀναλογίαν</em></strong></span> <span class='ocrx_word' id='word_1_162' title='bbox 648 763 714 807; x_wconf 84' lang='grc' dir='ltr'><strong>τὴν</strong></span> <span class='ocrx_word' id='word_1_163' title='bbox 747 764 891 799; x_wconf 74' lang='grc' dir='ltr'><strong><em>ἐκεῖθεν</em></strong></span> <span class='ocrx_word' id='word_1_164' title='bbox 922 763 1092 807; x_wconf 82' lang='grc' dir='ltr'><strong><em>ληπτέον,</em></strong></span> <span class='ocrx_word' id='word_1_165' title='bbox 1133 768 1194 798; x_wconf 85' lang='grc' dir='ltr'><strong>καὶ</strong></span> <span class='ocrx_word' id='word_1_166' title='bbox 1226 764 1314 811; x_wconf 88' lang='grc' dir='ltr'><strong><em>πρὸς</em></strong></span> 
     </span>
     <span class='ocr_line' id='line_1_24' title="bbox 237 807 1313 857; baseline -0.002 -13"><span class='ocrx_word' id='word_1_167' title='bbox 237 813 377 853; x_wconf 83' lang='grc' dir='ltr'><strong><em>ἐκείνην</em></strong></span> <span class='ocrx_word' id='word_1_168' title='bbox 406 809 448 845; x_wconf 85' lang='grc' dir='ltr'><strong>τὸ</strong></span> <span class='ocrx_word' id='word_1_169' title='bbox 471 809 595 844; x_wconf 89' lang='grc' dir='ltr'><strong><em>πλεῖον</em></strong></span> <span class='ocrx_word' id='word_1_170' title='bbox 619 811 841 844; x_wconf 78' lang='grc' dir='ltr'><strong><em>σκοποῦντας</em></strong></span> <span class='ocrx_word' id='word_1_171' title='bbox 871 807 1111 857; x_wconf 73' lang='grc' dir='ltr'><strong><em>ἀφαιρεῖσθαι</em></strong></span> <span class='ocrx_word' id='word_1_172' title='bbox 1141 809 1183 844; x_wconf 87' lang='grc' dir='ltr'><strong>τὸ</strong></span> <span class='ocrx_word' id='word_1_173' title='bbox 1207 807 1313 855; x_wconf 80' lang='grc' dir='ltr'><strong><em>ὑπερ-</em></strong></span> 
     </span>
    </p>
   </div>
   <div class='ocr_carea' id='block_1_12' title="bbox 1382 763 2460 863">
    <p class='ocr_par' dir='ltr' id='par_1_12' title="bbox 1382 763 2460 863">
     <span class='ocr_line' id='line_1_25' title="bbox 1383 763 2460 810; baseline 0 -10"><span class='ocrx_word' id='word_1_174' title='bbox 1383 770 1419 800; x_wconf 86' lang='lat' dir='ltr'><strong>et</strong></span> <span class='ocrx_word' id='word_1_175' title='bbox 1442 763 1638 800; x_wconf 90' lang='lat' dir='ltr'><strong>secundum</strong></span> <span class='ocrx_word' id='word_1_176' title='bbox 1662 774 1740 800; x_wconf 90' lang='lat' dir='ltr'><strong>eam</strong></span> <span class='ocrx_word' id='word_1_177' title='bbox 1773 765 1869 810; x_wconf 89' lang='lat' dir='ltr'><strong>quod</strong></span> <span class='ocrx_word' id='word_1_178' title='bbox 1899 776 1923 810; x_wconf 92' lang='lat' dir='ltr'><strong>p</strong></span> <span class='ocrx_word' id='word_1_179' title='bbox 1940 776 1983 800; x_wconf 89' lang='lat' dir='ltr'><strong>us</strong></span> <span class='ocrx_word' id='word_1_180' title='bbox 2006 768 2061 800; x_wconf 88' lang='lat' dir='ltr'><strong>est</strong></span> <span class='ocrx_word' id='word_1_181' title='bbox 2091 765 2372 810; x_wconf 78' lang='lat' dir='ltr'><strong>contemplantes</strong></span> <span class='ocrx_word' id='word_1_182' title='bbox 2395 773 2460 800; x_wconf 84' lang='lat' dir='ltr'><strong>au-</strong></span> 
     </span>
     <span class='ocr_line' id='line_1_26' title="bbox 1382 809 2458 863; baseline 0 -19"><span class='ocrx_word' id='word_1_183' title='bbox 1382 810 1478 863; x_wconf 55' lang='lat' dir='ltr'><strong>terre</strong></span> <span class='ocrx_word' id='word_1_184' title='bbox 1509 809 1603 854; x_wconf 88' lang='lat' dir='ltr'><strong>quod</strong></span> <span class='ocrx_word' id='word_1_185' title='bbox 1633 810 1856 846; x_wconf 81' lang='lat' dir='ltr'><strong>transcendit</strong></span> <span class='ocrx_word' id='word_1_186' title='bbox 1890 811 2032 855; x_wconf 85' lang='lat' dir='ltr'><strong>oportet</strong></span> <span class='ocrx_word' id='word_1_187' title='bbox 2067 813 2104 845; x_wconf 86' lang='lat' dir='ltr'><strong>et</strong></span> <span class='ocrx_word' id='word_1_188' title='bbox 2137 809 2220 845; x_wconf 87' lang='lat' dir='ltr'><strong>filiis</strong></span> <span class='ocrx_word' id='word_1_189' title='bbox 2255 809 2458 855; x_wconf 87' lang='lat' dir='ltr'><strong>applicare:</strong></span> 
     </span>
    </p>
   </div>
   <div class='ocr_carea' id='block_1_13' title="bbox 235 853 2460 908">
    <p class='ocr_par' dir='ltr' id='par_1_13' title="bbox 235 853 2460 908">
     <span class='ocr_line' id='line_1_27' title="bbox 235 853 2460 908; baseline -0 -18"><span class='ocrx_word' id='word_1_190' title='bbox 235 859 365 900; x_wconf 81' lang='grc' dir='ltr'><strong><em>βαῖνον</em></strong></span> <span class='ocrx_word' id='word_1_191' title='bbox 390 853 563 908; x_wconf 41' lang='grc' dir='ltr'><strong><em>προςήκει,</em></strong></span> <span class='ocrx_word' id='word_1_192' title='bbox 576 857 635 888; x_wconf 80' lang='grc' dir='ltr'><strong>καὶ</strong></span> <span class='ocrx_word' id='word_1_193' title='bbox 658 857 731 889; x_wconf 89' lang='grc' dir='ltr'><strong><em>τοῖς</em></strong></span> <span class='ocrx_word' id='word_1_194' title='bbox 753 858 860 889; x_wconf 89' lang='grc' dir='ltr'><strong><em>παισὶ</em></strong></span> <span class='ocrx_word' id='word_1_195' title='bbox 883 857 1111 899; x_wconf 69' lang='grc' dir='ltr'><strong><em>προς-νέμειν·</em></strong></span> <span class='ocrx_word' id='word_1_196' title='bbox 1145 856 1204 889; x_wconf 82' lang='grc' dir='ltr'><strong>ἐπὶ</strong></span> <span class='ocrx_word' id='word_1_197' title='bbox 1226 856 1316 890; x_wconf 87' lang='grc' dir='ltr'><strong><em>πᾶσι</em></strong></span> <span class='ocrx_word' id='word_1_198' title='bbox 1382 866 1421 889; x_wconf 82' lang='lat' dir='ltr'><strong>in</strong></span> <span class='ocrx_word' id='word_1_199' title='bbox 1450 854 1616 891; x_wconf 86' lang='lat' dir='ltr'><strong>omnibus</strong></span> <span class='ocrx_word' id='word_1_200' title='bbox 1647 854 1779 891; x_wconf 84' lang='lat' dir='ltr'><strong>talibus</strong></span> <span class='ocrx_word' id='word_1_201' title='bbox 1810 866 1883 891; x_wconf 92' lang='lat' dir='ltr'><strong>non</strong></span> <span class='ocrx_word' id='word_1_202' title='bbox 1912 855 1959 890; x_wconf 86' lang='lat' dir='ltr'><strong>ab</strong></span> <span class='ocrx_word' id='word_1_203' title='bbox 1989 854 2092 890; x_wconf 84' lang='lat' dir='ltr'><strong>initio</strong></span> <span class='ocrx_word' id='word_1_204' title='bbox 2118 853 2261 891; x_wconf 79' lang='lat' dir='ltr'><strong>datione</strong></span> <span class='ocrx_word' id='word_1_205' title='bbox 2284 857 2348 890; x_wconf 76' lang='lat' dir='ltr'><strong>aut</strong></span> <span class='ocrx_word' id='word_1_206' title='bbox 2370 853 2460 891; x_wconf 74' lang='lat' dir='ltr'><strong>scri—</strong></span> 
     </span>
    </p>
   </div>
   <div class='ocr_carea' id='block_1_14' title="bbox 235 896 1313 946">
    <p class='ocr_par' dir='ltr' id='par_1_14' title="bbox 235 896 1313 946">
     <span class='ocr_line' id='line_1_28' title="bbox 235 896 1313 946; baseline -0.001 -12"><span class='ocrx_word' id='word_1_207' title='bbox 235 903 308 934; x_wconf 88' lang='grc' dir='ltr'><strong><em>τοῖς</em></strong></span> <span class='ocrx_word' id='word_1_208' title='bbox 331 899 502 934; x_wconf 76' lang='grc' dir='ltr'><strong><em>τοιούτοις</em></strong></span> <span class='ocrx_word' id='word_1_209' title='bbox 525 913 565 933; x_wconf 94' lang='grc' dir='ltr'><strong>ου</strong></span> <span class='ocrx_word' id='word_1_210' title='bbox 590 899 651 941; x_wconf 79' lang='grc' dir='ltr'><strong>τῆς</strong></span> <span class='ocrx_word' id='word_1_211' title='bbox 675 899 714 940; x_wconf 76' lang='grc' dir='ltr'><strong>ἐξ</strong></span> <span class='ocrx_word' id='word_1_212' title='bbox 736 896 840 946; x_wconf 80' lang='grc' dir='ltr'><strong><em>ἀρχῆς</em></strong></span> <span class='ocrx_word' id='word_1_213' title='bbox 863 897 995 934; x_wconf 83' lang='grc' dir='ltr'><strong><em>δόσεως</em></strong></span> <span class='ocrx_word' id='word_1_214' title='bbox 1018 897 1040 942; x_wconf 86' lang='grc' dir='ltr'><em>ἢ</em></span> <span class='ocrx_word' id='word_1_215' title='bbox 1062 901 1199 946; x_wconf 82' lang='grc' dir='ltr'><strong><em>γραφῆς</em></strong></span> <span class='ocrx_word' id='word_1_216' title='bbox 1217 899 1313 934; x_wconf 76' lang='grc' dir='ltr'><strong><em>θεω-</em></strong></span> 
     </span>
    </p>
   </div>
   <div class='ocr_carea' id='block_1_15' title="bbox 1382 898 2460 946">
    <p class='ocr_par' dir='ltr' id='par_1_15' title="bbox 1382 898 2460 946">
     <span class='ocr_line' id='line_1_29' title="bbox 1382 898 2460 946; baseline 0.002 -12"><span class='ocrx_word' id='word_1_217' title='bbox 1382 902 1490 944; x_wconf 87' lang='lat' dir='ltr'><strong>ptura</strong></span> <span class='ocrx_word' id='word_1_218' title='bbox 1513 899 1756 945; x_wconf 83' lang='lat' dir='ltr'><strong>respicienda,</strong></span> <span class='ocrx_word' id='word_1_219' title='bbox 1781 900 1845 936; x_wconf 86' lang='lat' dir='ltr'><strong>sed</strong></span> <span class='ocrx_word' id='word_1_220' title='bbox 1869 899 1930 946; x_wconf 89' lang='lat' dir='ltr'><strong>qui</strong></span> <span class='ocrx_word' id='word_1_221' title='bbox 1953 903 2103 935; x_wconf 86' lang='lat' dir='ltr'><strong>vocatur</strong></span> <span class='ocrx_word' id='word_1_222' title='bbox 2126 902 2273 935; x_wconf 89' lang='lat' dir='ltr'><strong>eventus</strong></span> <span class='ocrx_word' id='word_1_223' title='bbox 2297 898 2460 936; x_wconf 85' lang='lat' dir='ltr'><strong>conside-</strong></span> 
     </span>
    </p>
   </div>
   <div class='ocr_carea' id='block_1_16' title="bbox 236 942 1604 990">
    <p class='ocr_par' dir='ltr' id='par_1_16' title="bbox 236 942 1604 990">
     <span class='ocr_line' id='line_1_30' title="bbox 236 942 1604 990; baseline 0.001 -11"><span class='ocrx_word' id='word_1_224' title='bbox 236 949 423 990; x_wconf 86' lang='grc' dir='ltr'><strong><em>ρουμένης,</em></strong></span> <span class='ocrx_word' id='word_1_225' title='bbox 454 942 543 978; x_wconf 79' lang='grc' dir='ltr'><strong><em>ἀλλὰ</em></strong></span> <span class='ocrx_word' id='word_1_226' title='bbox 566 945 630 978; x_wconf 79' lang='grc' dir='ltr'><strong>τοῦ</strong></span> <span class='ocrx_word' id='word_1_227' title='bbox 654 943 870 989; x_wconf 81' lang='grc' dir='ltr'><strong><em>καλουμένου</em></strong></span> <span class='ocrx_word' id='word_1_228' title='bbox 895 947 1022 980; x_wconf 86' lang='lat' dir='ltr'><strong>eventu</strong></span> <span class='ocrx_word' id='word_1_229' title='bbox 1052 948 1309 989; x_wconf 85' lang='grc' dir='ltr'><strong><em>σκοπουμένου.</em></strong></span> <span class='ocrx_word' id='word_1_230' title='bbox 1326 948 1366 980; x_wconf 83' lang='grc'><strong>15</strong></span> <span class='ocrx_word' id='word_1_231' title='bbox 1380 944 1513 980; x_wconf 81' lang='lat' dir='ltr'><strong>raudus</strong></span> <span class='ocrx_word' id='word_1_232' title='bbox 1538 950 1604 980; x_wconf 85' lang='lat' dir='ltr'><strong>est.</strong></span> 
     </span>
    </p>
   </div>
   <div class='ocr_carea' id='block_1_17' title="bbox 1184 1077 1509 1114">
    <p class='ocr_par' dir='ltr' id='par_1_17' title="bbox 1184 1077 1509 1114">
     <span class='ocr_line' id='line_1_31' title="bbox 1184 1077 1509 1114; baseline -0.006 0"><span class='ocrx_word' id='word_1_233' title='bbox 1184 1078 1342 1114; x_wconf 89' lang='lat' dir='ltr'>CAPUT</span> <span class='ocrx_word' id='word_1_234' title='bbox 1375 1077 1509 1114; x_wconf 89' lang='lat' dir='ltr'><strong>XXIX.</strong></span> 
     </span>
    </p>
   </div>
   <div class='ocr_carea' id='block_1_18' title="bbox 274 1142 1317 1200">
    <p class='ocr_par' dir='ltr' id='par_1_18' title="bbox 274 1142 1317 1200">
     <span class='ocr_line' id='line_1_32' title="bbox 274 1142 1317 1200; baseline -0.001 -19"><span class='ocrx_word' id='word_1_235' title='bbox 274 1144 372 1181; x_wconf 80' lang='grc' dir='ltr'><strong><em>Ἀλλ’</em></strong></span> <span class='ocrx_word' id='word_1_236' title='bbox 406 1142 489 1180; x_wconf 77' lang='grc' dir='ltr'><strong><em>οὐδὲ</em></strong></span> <span class='ocrx_word' id='word_1_237' title='bbox 520 1148 632 1200; x_wconf 65' lang='grc' dir='ltr'><strong><em>ἐκεῖνο</em></strong></span> <span class='ocrx_word' id='word_1_238' title='bbox 655 1143 741 1189; x_wconf 78' lang='grc' dir='ltr'><strong><em>ἡμῖν</em></strong></span> <span class='ocrx_word' id='word_1_239' title='bbox 760 1145 1045 1192; x_wconf 79' lang='grc' dir='ltr'><strong><em>παραλειπτέον,</em></strong></span> <span class='ocrx_word' id='word_1_240' title='bbox 1078 1142 1167 1200; x_wconf 74' lang='grc' dir='ltr'><strong><em>ὅπερ</em></strong></span> <span class='ocrx_word' id='word_1_241' title='bbox 1191 1144 1317 1194; x_wconf 69' lang='grc' dir='ltr'><strong><em>ὀρθῶς</em></strong></span> 
     </span>
    </p>
   </div>
   <div class='ocr_carea' id='block_1_19' title="bbox 235 1187 1315 1291">
    <p class='ocr_par' dir='ltr' id='par_1_19' title="bbox 235 1187 1315 1291">
     <span class='ocr_line' id='line_1_33' title="bbox 235 1187 1314 1235; baseline -0.002 -9"><span class='ocrx_word' id='word_1_242' title='bbox 235 1194 328 1235; x_wconf 79' lang='grc' dir='ltr'><strong><em>ἔχειν</em></strong></span> <span class='ocrx_word' id='word_1_243' title='bbox 361 1190 547 1226; x_wconf 76' lang='grc' dir='ltr'><strong><em>Θεοδόσιος</em></strong></span> <span class='ocrx_word' id='word_1_244' title='bbox 582 1205 601 1225; x_wconf 93' lang='grc' dir='ltr'><strong><em>ο</em></strong></span> <span class='ocrx_word' id='word_1_245' title='bbox 632 1192 694 1234; x_wconf 83' lang='grc' dir='ltr'><strong>τῆς</strong></span> <span class='ocrx_word' id='word_1_246' title='bbox 726 1187 893 1235; x_wconf 76' lang='grc' dir='ltr'><strong><em>εὐσεβοῦς</em></strong></span> <span class='ocrx_word' id='word_1_247' title='bbox 930 1189 1061 1234; x_wconf 79' lang='grc' dir='ltr'><strong><em>λήξεως</em></strong></span> <span class='ocrx_word' id='word_1_248' title='bbox 1101 1205 1119 1225; x_wconf 91' lang='grc' dir='ltr'><strong><em>ο</em></strong></span> <span class='ocrx_word' id='word_1_249' title='bbox 1150 1194 1227 1226; x_wconf 88' lang='grc' dir='ltr'><strong>νεός</strong></span> <span class='ocrx_word' id='word_1_250' title='bbox 1262 1189 1314 1225; x_wconf 89' lang='grc' dir='ltr'><strong>δι-</strong></span> 
     </span>
     <span class='ocr_line' id='line_1_34' title="bbox 235 1232 1315 1291; baseline -0.001 -20"><span class='ocrx_word' id='word_1_251' title='bbox 235 1237 403 1279; x_wconf 80' lang='grc' dir='ltr'><strong><em>ετάξατο,</em></strong></span> <span class='ocrx_word' id='word_1_252' title='bbox 439 1235 554 1282; x_wconf 82' lang='grc' dir='ltr'><strong><em>φήσας</em></strong></span> <span class='ocrx_word' id='word_1_253' title='bbox 582 1232 708 1283; x_wconf 72' lang='grc' dir='ltr'><strong><em>ὅτιπερ</em></strong></span> <span class='ocrx_word' id='word_1_254' title='bbox 717 1263 732 1291; x_wconf 51' lang='grc' dir='ltr'><strong>,Ι</strong></span> <span class='ocrx_word' id='word_1_255' title='bbox 762 1235 826 1269; x_wconf 84' lang='grc' dir='ltr'><strong>ἐὰν</strong></span> <span class='ocrx_word' id='word_1_256' title='bbox 856 1235 946 1283; x_wconf 85' lang='grc' dir='ltr'><strong><em>γυνὴ</em></strong></span> <span class='ocrx_word' id='word_1_257' title='bbox 976 1234 1315 1291; x_wconf 63' lang='grc' dir='ltr'><strong><em>παιδοποιησαμένη</em></strong></span> 
     </span>
    </p>
   </div>
   <div class='ocr_carea' id='block_1_20' title="bbox 1383 1145 2463 1284">
    <p class='ocr_par' dir='ltr' id='par_1_20' title="bbox 1383 1145 2463 1284">
     <span class='ocr_line' id='line_1_35' title="bbox 1429 1145 2463 1193; baseline 0.001 -11"><span class='ocrx_word' id='word_1_258' title='bbox 1429 1145 1505 1182; x_wconf 83' lang='lat' dir='ltr'><strong>Nec</strong></span> <span class='ocrx_word' id='word_1_259' title='bbox 1535 1146 1626 1182; x_wconf 90' lang='lat' dir='ltr'><strong>illud</strong></span> <span class='ocrx_word' id='word_1_260' title='bbox 1657 1156 1800 1192; x_wconf 89' lang='lat' dir='ltr'><strong>quoque</strong></span> <span class='ocrx_word' id='word_1_261' title='bbox 1830 1146 1934 1182; x_wconf 89' lang='lat' dir='ltr'><strong>nobis</strong></span> <span class='ocrx_word' id='word_1_262' title='bbox 1963 1146 2233 1193; x_wconf 89' lang='lat' dir='ltr'><strong>relinquendum</strong></span> <span class='ocrx_word' id='word_1_263' title='bbox 2262 1149 2334 1190; x_wconf 90' lang='lat' dir='ltr'><strong>est,</strong></span> <span class='ocrx_word' id='word_1_264' title='bbox 2367 1146 2463 1192; x_wconf 89' lang='lat' dir='ltr'><strong>quod</strong></span> 
     </span>
     <span class='ocr_line' id='line_1_36' title="bbox 1383 1191 2463 1229; baseline 0.002 -3"><span class='ocrx_word' id='word_1_265' title='bbox 1383 1194 1482 1227; x_wconf 87' lang='lat' dir='ltr'><strong>recte</strong></span> <span class='ocrx_word' id='word_1_266' title='bbox 1516 1191 1719 1227; x_wconf 88' lang='lat' dir='ltr'><strong>habendum</strong></span> <span class='ocrx_word' id='word_1_267' title='bbox 1751 1191 1973 1228; x_wconf 85' lang='lat' dir='ltr'><strong>Theodosius</strong></span> <span class='ocrx_word' id='word_1_268' title='bbox 2030 1192 2087 1228; x_wconf 88' lang='lat' dir='ltr'><strong>iae</strong></span> <span class='ocrx_word' id='word_1_269' title='bbox 2121 1191 2314 1229; x_wconf 72' lang='lat' dir='ltr'><strong>memoriae</strong></span> <span class='ocrx_word' id='word_1_270' title='bbox 2344 1191 2463 1228; x_wconf 87' lang='lat' dir='ltr'><strong>iunior</strong></span> 
     </span>
     <span class='ocr_line' id='line_1_37' title="bbox 1385 1236 2462 1284; baseline 0.001 -13"><span class='ocrx_word' id='word_1_271' title='bbox 1385 1236 1582 1280; x_wconf 87' lang='lat' dir='ltr'><strong>constituit,</strong></span> <span class='ocrx_word' id='word_1_272' title='bbox 1616 1237 1739 1272; x_wconf 87' lang='lat' dir='ltr'><strong>dicens</strong></span> <span class='ocrx_word' id='word_1_273' title='bbox 1764 1236 1858 1281; x_wconf 83' lang='lat' dir='ltr'><strong>quia,</strong></span> <span class='ocrx_word' id='word_1_274' title='bbox 1874 1236 1914 1272; x_wconf 92' lang='lat' dir='ltr'><strong>-si</strong></span> <span class='ocrx_word' id='word_1_275' title='bbox 1936 1247 1996 1272; x_wconf 92' lang='lat' dir='ltr'><strong>mu</strong></span> <span class='ocrx_word' id='word_1_276' title='bbox 2010 1247 2064 1273; x_wconf 82' lang='lat' dir='ltr'><strong>rer</strong></span> <span class='ocrx_word' id='word_1_277' title='bbox 2085 1237 2167 1274; x_wconf 88' lang='lat' dir='ltr'><strong>filiis</strong></span> <span class='ocrx_word' id='word_1_278' title='bbox 2191 1237 2390 1284; x_wconf 83' lang='lat' dir='ltr'><strong>procreatis</strong></span> <span class='ocrx_word' id='word_1_279' title='bbox 2414 1237 2462 1272; x_wconf 82' lang='lat' dir='ltr'><strong>ad</strong></span> 
     </span>
    </p>
   </div>
   <div class='ocr_carea' id='block_1_21' title="bbox 235 1279 2464 1381">
    <p class='ocr_par' dir='ltr' id='par_1_21' title="bbox 235 1279 2464 1381">
     <span class='ocr_line' id='line_1_38' title="bbox 235 1279 2464 1329; baseline 0 -13"><span class='ocrx_word' id='word_1_280' title='bbox 235 1282 323 1329; x_wconf 87' lang='grc' dir='ltr'><strong><em>πρὸς</em></strong></span> <span class='ocrx_word' id='word_1_281' title='bbox 355 1279 522 1328; x_wconf 87' lang='grc' dir='ltr'><strong><em>δεύτερον</em></strong></span> <span class='ocrx_word' id='word_1_282' title='bbox 553 1280 660 1316; x_wconf 74' lang='grc' dir='ltr'><strong><em>ἔλθοι</em></strong></span> <span class='ocrx_word' id='word_1_283' title='bbox 689 1294 804 1327; x_wconf 87' lang='grc' dir='ltr'><strong><em>γαμον</em></strong></span> <span class='ocrx_word' id='word_1_284' title='bbox 837 1279 1007 1315; x_wconf 70' lang='grc' dir='ltr'><strong><em>κάκεῖθεν</em></strong></span> <span class='ocrx_word' id='word_1_285' title='bbox 1031 1295 1074 1314; x_wconf 84' lang='lat' dir='ltr'><strong>av</strong></span> <span class='ocrx_word' id='word_1_286' title='bbox 1082 1295 1121 1328; x_wconf 83' lang='grc' dir='ltr'><strong>τῃ</strong></span> <span class='ocrx_word' id='word_1_287' title='bbox 1151 1284 1316 1326; x_wconf 80' lang='grc' dir='ltr'><strong><em>γένοιντο</em></strong></span> <span class='ocrx_word' id='word_1_288' title='bbox 1384 1281 1560 1318; x_wconf 82' lang='lat' dir='ltr'><strong>secundas</strong></span> <span class='ocrx_word' id='word_1_289' title='bbox 1584 1282 1703 1317; x_wconf 80' lang='lat' dir='ltr'><strong>veniat</strong></span> <span class='ocrx_word' id='word_1_290' title='bbox 1726 1282 1870 1326; x_wconf 77' lang='lat' dir='ltr'><strong>nuptias</strong></span> <span class='ocrx_word' id='word_1_291' title='bbox 1903 1284 1940 1318; x_wconf 80' lang='lat' dir='ltr'><strong>et</strong></span> <span class='ocrx_word' id='word_1_292' title='bbox 1971 1282 2099 1319; x_wconf 81' lang='lat' dir='ltr'><strong>exinde</strong></span> <span class='ocrx_word' id='word_1_293' title='bbox 2125 1283 2159 1318; x_wconf 82' lang='lat' dir='ltr'><strong>ei</strong></span> <span class='ocrx_word' id='word_1_294' title='bbox 2182 1285 2377 1318; x_wconf 75' lang='lat' dir='ltr'><strong>nascantur</strong></span> <span class='ocrx_word' id='word_1_295' title='bbox 2399 1281 2464 1317; x_wconf 78' lang='lat' dir='ltr'><strong>filii</strong></span> 
     </span>
     <span class='ocr_line' id='line_1_39' title="bbox 236 1322 2462 1381; baseline 0.001 -20"><span class='ocrx_word' id='word_1_296' title='bbox 236 1325 358 1363; x_wconf 86' lang='grc' dir='ltr'><strong><em>παῖδες</em></strong></span> <span class='ocrx_word' id='word_1_297' title='bbox 395 1329 528 1373; x_wconf 73' lang='grc' dir='ltr'><strong><em>ἕτεροι,</em></strong></span> <span class='ocrx_word' id='word_1_298' title='bbox 566 1327 644 1361; x_wconf 84' lang='grc' dir='ltr'><strong><em>εἶτα</em></strong></span> <span class='ocrx_word' id='word_1_299' title='bbox 676 1329 735 1360; x_wconf 78' lang='grc' dir='ltr'><strong>καὶ</strong></span> <span class='ocrx_word' id='word_1_300' title='bbox 770 1322 789 1360; x_wconf 80' lang='grc' dir='ltr'><em>ὃ</em></span> <span class='ocrx_word' id='word_1_301' title='bbox 826 1323 989 1372; x_wconf 80' lang='grc' dir='ltr'><strong><em>δεύτερος</em></strong></span> <span class='ocrx_word' id='word_1_302' title='bbox 1023 1323 1119 1381; x_wconf 55' lang='grc' dir='ltr'><strong><em>ἀνὴρ</em></strong></span> <span class='ocrx_word' id='word_1_303' title='bbox 1153 1323 1315 1370; x_wconf 85' lang='grc' dir='ltr'><strong><em>τελευτή-</em></strong></span> <span class='ocrx_word' id='word_1_304' title='bbox 1328 1329 1370 1361; x_wconf 86' lang='grc'><strong>20</strong></span> <span class='ocrx_word' id='word_1_305' title='bbox 1383 1326 1489 1372; x_wconf 75' lang='lat' dir='ltr'><strong>(alii),</strong></span> <span class='ocrx_word' id='word_1_306' title='bbox 1514 1326 1642 1363; x_wconf 81' lang='lat' dir='ltr'><strong>deinde</strong></span> <span class='ocrx_word' id='word_1_307' title='bbox 1666 1326 1773 1362; x_wconf 73' lang='lat' dir='ltr'><strong>etiam</strong></span> <span class='ocrx_word' id='word_1_308' title='bbox 1797 1326 1975 1363; x_wconf 71' lang='lat' dir='ltr'><strong>secundus</strong></span> <span class='ocrx_word' id='word_1_309' title='bbox 1999 1327 2053 1363; x_wconf 82' lang='lat' dir='ltr'><strong>Vir</strong></span> <span class='ocrx_word' id='word_1_310' title='bbox 2075 1327 2260 1371; x_wconf 71' lang='lat' dir='ltr'><strong>moriatur,</strong></span> <span class='ocrx_word' id='word_1_311' title='bbox 2283 1327 2361 1364; x_wconf 73' lang='lat' dir='ltr'><strong>eius</strong></span> <span class='ocrx_word' id='word_1_312' title='bbox 2385 1327 2462 1380; x_wconf 71' lang='lat' dir='ltr'><strong>qui-</strong></span> 
     </span>
    </p>
   </div>
   <div class='ocr_carea' id='block_1_22' title="bbox 235 1370 1317 1562">
    <p class='ocr_par' dir='ltr' id='par_1_22' title="bbox 235 1370 1317 1562">
     <span class='ocr_line' id='line_1_40' title="bbox 236 1370 1316 1419; baseline 0 -13"><span class='ocrx_word' id='word_1_313' title='bbox 236 1384 317 1413; x_wconf 86' lang='grc' dir='ltr'><strong><em>σειε,</em></strong></span> <span class='ocrx_word' id='word_1_314' title='bbox 342 1371 385 1407; x_wconf 82' lang='grc' dir='ltr'><strong>τὰ</strong></span> <span class='ocrx_word' id='word_1_315' title='bbox 409 1374 476 1417; x_wconf 78' lang='grc' dir='ltr'><strong>μὲν</strong></span> <span class='ocrx_word' id='word_1_316' title='bbox 496 1370 603 1415; x_wconf 79' lang='grc' dir='ltr'><strong><em>αὐτῆς</em></strong></span> <span class='ocrx_word' id='word_1_317' title='bbox 626 1372 738 1405; x_wconf 86' lang='grc' dir='ltr'><strong><em>οἰκεῖα</em></strong></span> <span class='ocrx_word' id='word_1_318' title='bbox 762 1370 958 1418; x_wconf 80' lang='grc' dir='ltr'><strong><em>πράγματα</em></strong></span> <span class='ocrx_word' id='word_1_319' title='bbox 980 1371 1017 1405; x_wconf 85' lang='grc' dir='ltr'><strong><em>οἱ</em></strong></span> <span class='ocrx_word' id='word_1_320' title='bbox 1034 1373 1052 1404; x_wconf 78' lang='grc' dir='ltr'><em>ἐ</em></span> <span class='ocrx_word' id='word_1_321' title='bbox 1098 1374 1316 1419; x_wconf 87' lang='grc' dir='ltr'><strong><em>αμφοτέρων</em></strong></span> 
     </span>
     <span class='ocr_line' id='line_1_41' title="bbox 235 1414 1315 1464; baseline -0.002 -12"><span class='ocrx_word' id='word_1_322' title='bbox 235 1419 313 1452; x_wconf 78' lang='grc' dir='ltr'><strong>τῶν</strong></span> <span class='ocrx_word' id='word_1_323' title='bbox 335 1415 463 1464; x_wconf 88' lang='grc' dir='ltr'><strong><em>γάμων</em></strong></span> <span class='ocrx_word' id='word_1_324' title='bbox 489 1415 629 1464; x_wconf 81' lang='grc' dir='ltr'><strong><em>παραλή</em></strong></span> <span class='ocrx_word' id='word_1_325' title='bbox 662 1429 766 1451; x_wconf 90' lang='grc' dir='ltr'><strong><em>ονται</em></strong></span> <span class='ocrx_word' id='word_1_326' title='bbox 795 1414 920 1451; x_wconf 89' lang='grc' dir='ltr'><strong><em>παῖδες</em></strong></span> <span class='ocrx_word' id='word_1_327' title='bbox 943 1414 1143 1451; x_wconf 74' lang='grc' dir='ltr'><strong><em>ἀδιαθέτου</em></strong></span> <span class='ocrx_word' id='word_1_328' title='bbox 1166 1418 1229 1460; x_wconf 84' lang='grc' dir='ltr'><strong>τῆς</strong></span> <span class='ocrx_word' id='word_1_329' title='bbox 1250 1430 1315 1461; x_wconf 87' lang='grc' dir='ltr'><strong>μη-</strong></span> 
     </span>
     <span class='ocr_line' id='line_1_42' title="bbox 235 1428 1316 1508; baseline -0.002 -11"><span class='ocrx_word' id='word_1_330' title='bbox 235 1462 318 1508; x_wconf 86' lang='grc' dir='ltr'><strong><em>τρὸς</em></strong></span> <span class='ocrx_word' id='word_1_331' title='bbox 351 1460 568 1505; x_wconf 78' lang='grc' dir='ltr'><strong><em>τελευτώσης</em></strong></span> <span class='ocrx_word' id='word_1_332' title='bbox 611 1428 661 1502; x_wconf 58' lang='grc' dir='ltr'><strong>ἐζ</strong></span> <span class='ocrx_word' id='word_1_333' title='bbox 689 1462 765 1505; x_wconf 82' lang='grc' dir='ltr'><strong><em>ἴσης</em></strong></span> <span class='ocrx_word' id='word_1_334' title='bbox 807 1464 867 1495; x_wconf 76' lang='grc' dir='ltr'><strong>καὶ</strong></span> <span class='ocrx_word' id='word_1_335' title='bbox 903 1459 1112 1506; x_wconf 75' lang='grc' dir='ltr'><strong><em>ὁμοιοτάτης</em></strong></span> <span class='ocrx_word' id='word_1_336' title='bbox 1149 1459 1316 1506; x_wconf 85' lang='grc' dir='ltr'><strong><em>διανεμή-</em></strong></span> 
     </span>
     <span class='ocr_line' id='line_1_43' title="bbox 237 1504 1317 1562; baseline -0.001 -20"><span class='ocrx_word' id='word_1_337' title='bbox 237 1519 342 1562; x_wconf 71' lang='grc' dir='ltr'><strong><em>σεως·</em></strong></span> <span class='ocrx_word' id='word_1_338' title='bbox 376 1508 443 1551; x_wconf 87' lang='grc' dir='ltr'><strong>τὴν</strong></span> <span class='ocrx_word' id='word_1_339' title='bbox 471 1510 596 1551; x_wconf 86' lang='grc' dir='ltr'><strong><em>μέντοι</em></strong></span> <span class='ocrx_word' id='word_1_340' title='bbox 628 1505 699 1554; x_wconf 85' lang='grc' dir='ltr'><strong>πρὸ</strong></span> <span class='ocrx_word' id='word_1_341' title='bbox 730 1504 844 1553; x_wconf 80' lang='grc' dir='ltr'><strong><em>γάμου</em></strong></span> <span class='ocrx_word' id='word_1_342' title='bbox 876 1505 1017 1561; x_wconf 74' lang='grc' dir='ltr'><strong><em>δωρεὰν</em></strong></span> <span class='ocrx_word' id='word_1_343' title='bbox 1048 1507 1155 1541; x_wconf 79' lang='grc' dir='ltr'><strong><em>ἑκατέ</em></strong></span> <span class='ocrx_word' id='word_1_344' title='bbox 1176 1520 1198 1540; x_wconf 91' lang='grc' dir='ltr'><strong>α</strong></span> <span class='ocrx_word' id='word_1_345' title='bbox 1229 1506 1317 1554; x_wconf 86' lang='grc' dir='ltr'><strong><em>γονὴ</em></strong></span> 
     </span>
    </p>
   </div>
   <div class='ocr_carea' id='block_1_23' title="bbox 1384 1371 2464 1562">
    <p class='ocr_par' dir='ltr' id='par_1_23' title="bbox 1384 1371 2464 1562">
     <span class='ocr_line' id='line_1_44' title="bbox 1385 1371 2463 1418; baseline 0 -11"><span class='ocrx_word' id='word_1_346' title='bbox 1385 1373 1464 1407; x_wconf 92' lang='lat' dir='ltr'><strong>dem</strong></span> <span class='ocrx_word' id='word_1_347' title='bbox 1483 1372 1649 1418; x_wconf 88' lang='lat' dir='ltr'><strong>proprias</strong></span> <span class='ocrx_word' id='word_1_348' title='bbox 1665 1382 1723 1407; x_wconf 90' lang='lat' dir='ltr'><strong>res</strong></span> <span class='ocrx_word' id='word_1_349' title='bbox 1748 1382 1792 1407; x_wconf 84' lang='lat' dir='ltr'><strong>ex</strong></span> <span class='ocrx_word' id='word_1_350' title='bbox 1812 1372 1985 1408; x_wconf 88' lang='lat' dir='ltr'><strong>ambobus</strong></span> <span class='ocrx_word' id='word_1_351' title='bbox 2008 1372 2243 1409; x_wconf 82' lang='lat' dir='ltr'><strong>matrimoniis</strong></span> <span class='ocrx_word' id='word_1_352' title='bbox 2265 1371 2362 1418; x_wconf 88' lang='lat' dir='ltr'><strong>perci</strong></span> <span class='ocrx_word' id='word_1_353' title='bbox 2390 1375 2463 1408; x_wconf 82' lang='lat' dir='ltr'><strong>lent</strong></span> 
     </span>
     <span class='ocr_line' id='line_1_45' title="bbox 1384 1416 2464 1462; baseline 0 -10"><span class='ocrx_word' id='word_1_354' title='bbox 1384 1417 1449 1452; x_wconf 89' lang='lat' dir='ltr'><strong>filii</strong></span> <span class='ocrx_word' id='word_1_355' title='bbox 1470 1417 1641 1453; x_wconf 87' lang='lat' dir='ltr'><strong>intestata</strong></span> <span class='ocrx_word' id='word_1_356' title='bbox 1672 1420 1786 1452; x_wconf 86' lang='lat' dir='ltr'><strong>matre</strong></span> <span class='ocrx_word' id='word_1_357' title='bbox 1816 1417 1991 1453; x_wconf 88' lang='lat' dir='ltr'><strong>moriente</strong></span> <span class='ocrx_word' id='word_1_358' title='bbox 2014 1427 2059 1453; x_wconf 82' lang='lat' dir='ltr'><strong>ex</strong></span> <span class='ocrx_word' id='word_1_359' title='bbox 2089 1428 2205 1462; x_wconf 89' lang='lat' dir='ltr'><strong>aequa</strong></span> <span class='ocrx_word' id='word_1_360' title='bbox 2228 1421 2264 1453; x_wconf 90' lang='lat' dir='ltr'><strong>et</strong></span> <span class='ocrx_word' id='word_1_361' title='bbox 2286 1416 2364 1454; x_wconf 88' lang='lat' dir='ltr'><strong>simi</strong></span> <span class='ocrx_word' id='word_1_362' title='bbox 2394 1417 2403 1426; x_wconf 77' lang='lat'>⁵</span> <span class='ocrx_word' id='word_1_363' title='bbox 2440 1427 2464 1452; x_wconf 86' lang='lat' dir='ltr'><strong>a</strong></span> 
     </span>
     <span class='ocr_line' id='line_1_46' title="bbox 1385 1462 2464 1508; baseline 0 -11"><span class='ocrx_word' id='word_1_364' title='bbox 1385 1462 1574 1506; x_wconf 87' lang='lat' dir='ltr'><strong>divisione,</strong></span> <span class='ocrx_word' id='word_1_365' title='bbox 1614 1462 1895 1507; x_wconf 79' lang='lat' dir='ltr'><strong>antenuptialem</strong></span> <span class='ocrx_word' id='word_1_366' title='bbox 1928 1472 2012 1499; x_wconf 88' lang='lat' dir='ltr'><strong>vero</strong></span> <span class='ocrx_word' id='word_1_367' title='bbox 2047 1462 2276 1499; x_wconf 85' lang='lat' dir='ltr'><strong>donationem</strong></span> <span class='ocrx_word' id='word_1_368' title='bbox 2311 1464 2464 1508; x_wconf 84' lang='lat' dir='ltr'><strong>utraque</strong></span> 
     </span>
     <span class='ocr_line' id='line_1_47' title="bbox 1384 1507 2463 1562; baseline 0 -19"><span class='ocrx_word' id='word_1_369' title='bbox 1384 1507 1527 1544; x_wconf 88' lang='lat' dir='ltr'><strong>soboles</strong></span> <span class='ocrx_word' id='word_1_370' title='bbox 1550 1507 1686 1553; x_wconf 88' lang='lat' dir='ltr'><strong>proprii</strong></span> <span class='ocrx_word' id='word_1_371' title='bbox 1709 1507 2032 1560; x_wconf 45' lang='lat' dir='ltr'><strong>percipiet-patris,</strong></span> <span class='ocrx_word' id='word_1_372' title='bbox 2058 1511 2094 1543; x_wconf 93' lang='lat' dir='ltr'><strong>et</strong></span> <span class='ocrx_word' id='word_1_373' title='bbox 2117 1507 2298 1544; x_wconf 83' lang='lat' dir='ltr'><strong>ex&#39;solido</strong></span> <span class='ocrx_word' id='word_1_374' title='bbox 2322 1507 2463 1562; x_wconf 79' lang='lat' dir='ltr'><strong>quidem</strong></span> 
     </span>
    </p>
   </div>
   <div class='ocr_carea' id='block_1_24' title="bbox 236 1549 2462 1608">
    <p class='ocr_par' dir='ltr' id='par_1_24' title="bbox 236 1549 2462 1608">
     <span class='ocr_line' id='line_1_48' title="bbox 236 1549 2462 1608; baseline 0 -21"><span class='ocrx_word' id='word_1_375' title='bbox 236 1566 303 1595; x_wconf 88' lang='grc' dir='ltr'><strong>την</strong></span> <span class='ocrx_word' id='word_1_376' title='bbox 333 1566 397 1588; x_wconf 90' lang='grc' dir='ltr'><strong>του</strong></span> <span class='ocrx_word' id='word_1_377' title='bbox 426 1554 554 1606; x_wconf 71' lang='grc' dir='ltr'><strong><em>οἰκείου</em></strong></span> <span class='ocrx_word' id='word_1_378' title='bbox 587 1550 740 1607; x_wconf 67' lang='grc' dir='ltr'><strong><em>λήψεται</em></strong></span> <span class='ocrx_word' id='word_1_379' title='bbox 771 1563 924 1608; x_wconf 52' lang='lat' dir='ltr'><strong>navans,</strong></span> <span class='ocrx_word' id='word_1_380' title='bbox 964 1555 1024 1586; x_wconf 84' lang='grc' dir='ltr'><strong>καὶ</strong></span> <span class='ocrx_word' id='word_1_381' title='bbox 1055 1552 1094 1592; x_wconf 77' lang='grc' dir='ltr'><strong>ἐξ</strong></span> <span class='ocrx_word' id='word_1_382' title='bbox 1125 1549 1143 1586; x_wconf 83' lang='grc' dir='ltr'>ὁ</span> <span class='ocrx_word' id='word_1_383' title='bbox 1168 1550 1317 1596; x_wconf 83' lang='grc' dir='ltr'><strong><em>οκλήοου</em></strong></span> <span class='ocrx_word' id='word_1_384' title='bbox 1330 1554 1372 1587; x_wconf 86' lang='grc'><strong>25</strong></span> <span class='ocrx_word' id='word_1_385' title='bbox 1384 1553 1514 1598; x_wconf 83' lang='lat' dir='ltr'><strong>prioris</strong></span> <span class='ocrx_word' id='word_1_386' title='bbox 1533 1551 1750 1588; x_wconf 80' lang='lat' dir='ltr'><strong>matrimonii</strong></span> <span class='ocrx_word' id='word_1_387' title='bbox 1769 1552 1832 1587; x_wconf 89' lang='lat' dir='ltr'><strong>filii</strong></span> <span class='ocrx_word' id='word_1_388' title='bbox 1851 1552 1946 1588; x_wconf 70' lang='lat' dir='ltr'><strong>illius</strong></span> <span class='ocrx_word' id='word_1_389' title='bbox 1966 1553 2204 1589; x_wconf 79' lang='lat' dir='ltr'><strong>lucrabuntur</strong></span> <span class='ocrx_word' id='word_1_390' title='bbox 2224 1552 2462 1596; x_wconf 75' lang='lat' dir='ltr'><strong>donatlonem,</strong></span> 
     </span>
    </p>
   </div>
   <div class='ocr_carea' id='block_1_25' title="bbox 235 1585 1318 1787">
    <p class='ocr_par' dir='ltr' id='par_1_25' title="bbox 235 1585 1318 1787">
     <span class='ocr_line' id='line_1_49' title="bbox 235 1585 1317 1644; baseline 0 -13"><span class='ocrx_word' id='word_1_391' title='bbox 235 1600 303 1642; x_wconf 83' lang='grc' dir='ltr'><strong>μὲν</strong></span> <span class='ocrx_word' id='word_1_392' title='bbox 325 1598 360 1632; x_wconf 85' lang='grc' dir='ltr'><strong><em>οἱ</em></strong></span> <span class='ocrx_word' id='word_1_393' title='bbox 385 1599 449 1632; x_wconf 80' lang='grc' dir='ltr'><strong>τοῦ</strong></span> <span class='ocrx_word' id='word_1_394' title='bbox 474 1610 621 1644; x_wconf 89' lang='grc' dir='ltr'><strong><em>πρωτου</em></strong></span> <span class='ocrx_word' id='word_1_395' title='bbox 667 1610 758 1642; x_wconf 86' lang='grc' dir='ltr'><strong><em>αμου</em></strong></span> <span class='ocrx_word' id='word_1_396' title='bbox 782 1598 907 1631; x_wconf 84' lang='grc' dir='ltr'><strong><em>παῖὸες</em></strong></span> <span class='ocrx_word' id='word_1_397' title='bbox 937 1595 1004 1640; x_wconf 81' lang='grc' dir='ltr'><strong>τὴν</strong></span> <span class='ocrx_word' id='word_1_398' title='bbox 1029 1598 1164 1631; x_wconf 83' lang='grc' dir='ltr'><strong><em>ἐκείνου</em></strong></span> <span class='ocrx_word' id='word_1_399' title='bbox 1190 1585 1317 1643; x_wconf 80' lang='grc' dir='ltr'><strong><em>κερδα-</em></strong></span> 
     </span>
     <span class='ocr_line' id='line_1_50' title="bbox 237 1611 1318 1691; baseline 0 -14"><span class='ocrx_word' id='word_1_400' title='bbox 237 1645 337 1677; x_wconf 79' lang='grc' dir='ltr'><strong>νοῦσι</strong></span> <span class='ocrx_word' id='word_1_401' title='bbox 361 1641 517 1689; x_wconf 85' lang='grc' dir='ltr'><strong><em>δωρεάν,</em></strong></span> <span class='ocrx_word' id='word_1_402' title='bbox 550 1643 588 1683; x_wconf 81' lang='grc' dir='ltr'><strong>ἐξ</strong></span> <span class='ocrx_word' id='word_1_403' title='bbox 617 1611 808 1691; x_wconf 62' lang='grc' dir='ltr'><strong><em>ὁλοκλήρου</em></strong></span> <span class='ocrx_word' id='word_1_404' title='bbox 839 1641 879 1677; x_wconf 83' lang='grc' dir='ltr'><strong>δὲ</strong></span> <span class='ocrx_word' id='word_1_405' title='bbox 909 1642 944 1676; x_wconf 88' lang='grc' dir='ltr'><strong><em>οἱ</em></strong></span> <span class='ocrx_word' id='word_1_406' title='bbox 975 1645 1012 1676; x_wconf 80' lang='grc' dir='ltr'><strong>ἐκ</strong></span> <span class='ocrx_word' id='word_1_407' title='bbox 1037 1643 1115 1677; x_wconf 79' lang='grc' dir='ltr'><strong>τῶν</strong></span> <span class='ocrx_word' id='word_1_408' title='bbox 1139 1641 1318 1689; x_wconf 81' lang='grc' dir='ltr'><strong><em>δευτέρων</em></strong></span> 
     </span>
     <span class='ocr_line' id='line_1_51' title="bbox 237 1685 1315 1735; baseline -0.001 -12"><span class='ocrx_word' id='word_1_409' title='bbox 237 1688 367 1734; x_wconf 82' lang='grc' dir='ltr'><strong><em>φύντες</em></strong></span> <span class='ocrx_word' id='word_1_410' title='bbox 389 1687 610 1733; x_wconf 85' lang='grc' dir='ltr'><strong><em>σπερμάτων</em></strong></span> <span class='ocrx_word' id='word_1_411' title='bbox 641 1689 702 1731; x_wconf 77' lang='grc' dir='ltr'><strong>τῆς</strong></span> <span class='ocrx_word' id='word_1_412' title='bbox 732 1685 821 1733; x_wconf 78' lang='grc' dir='ltr'><strong><em>παρ’</em></strong></span> <span class='ocrx_word' id='word_1_413' title='bbox 849 1689 984 1722; x_wconf 77' lang='grc' dir='ltr'><strong><em>ἐκείνου</em></strong></span> <span class='ocrx_word' id='word_1_414' title='bbox 1012 1690 1204 1735; x_wconf 77' lang='grc' dir='ltr'><strong><em>γενομένης</em></strong></span> <span class='ocrx_word' id='word_1_415' title='bbox 1226 1685 1315 1722; x_wconf 82' lang='grc' dir='ltr'><strong><em>ἀπο-</em></strong></span> 
     </span>
     <span class='ocr_line' id='line_1_52' title="bbox 238 1729 1316 1787; baseline 0 -20"><span class='ocrx_word' id='word_1_416' title='bbox 238 1733 407 1768; x_wconf 88' lang='grc' dir='ltr'><strong><em>λαύσουσι</em></strong></span> <span class='ocrx_word' id='word_1_417' title='bbox 439 1733 660 1778; x_wconf 76' lang='grc' dir='ltr'><strong><em>φιλοτιμίας,</em></strong></span> <span class='ocrx_word' id='word_1_418' title='bbox 693 1729 761 1766; x_wconf 75' lang='grc' dir='ltr'><strong>κᾶν</strong></span> <span class='ocrx_word' id='word_1_419' title='bbox 792 1732 903 1786; x_wconf 32' lang='grc' dir='ltr'><strong><em>εἴημὴ</em></strong></span> <span class='ocrx_word' id='word_1_420' title='bbox 934 1731 1022 1787; x_wconf 83' lang='grc' dir='ltr'><strong><em>πρὸς</em></strong></span> <span class='ocrx_word' id='word_1_421' title='bbox 1049 1736 1175 1779; x_wconf 87' lang='grc' dir='ltr'><strong><em>τρίτον</em></strong></span> <span class='ocrx_word' id='word_1_422' title='bbox 1199 1734 1316 1777; x_wconf 80' lang='grc' dir='ltr'><strong><em>ἐκείνη</em></strong></span> 
     </span>
    </p>
   </div>
   <div class='ocr_carea' id='block_1_26' title="bbox 1384 1596 2464 1779">
    <p class='ocr_par' dir='ltr' id='par_1_26' title="bbox 1384 1596 2464 1779">
     <span class='ocr_line' id='line_1_53' title="bbox 1385 1596 2463 1643; baseline 0 -10"><span class='ocrx_word' id='word_1_423' title='bbox 1385 1608 1429 1633; x_wconf 87' lang='lat' dir='ltr'><strong>ex</strong></span> <span class='ocrx_word' id='word_1_424' title='bbox 1453 1597 1566 1634; x_wconf 89' lang='lat' dir='ltr'><strong>solido</strong></span> <span class='ocrx_word' id='word_1_425' title='bbox 1591 1607 1733 1643; x_wconf 88' lang='lat' dir='ltr'><strong>quoque</strong></span> <span class='ocrx_word' id='word_1_426' title='bbox 1755 1607 1801 1633; x_wconf 89' lang='lat' dir='ltr'><strong>ex</strong></span> <span class='ocrx_word' id='word_1_427' title='bbox 1824 1597 1989 1634; x_wconf 86' lang='lat' dir='ltr'><strong>secundis</strong></span> <span class='ocrx_word' id='word_1_428' title='bbox 2013 1597 2091 1634; x_wconf 86' lang='lat' dir='ltr'><strong>nati</strong></span> <span class='ocrx_word' id='word_1_429' title='bbox 2114 1598 2307 1634; x_wconf 90' lang='lat' dir='ltr'><strong>seminibus</strong></span> <span class='ocrx_word' id='word_1_430' title='bbox 2330 1596 2463 1634; x_wconf 64' lang='lat' dir='ltr'><strong>ab‘illo</strong></span> 
     </span>
     <span class='ocr_line' id='line_1_54' title="bbox 1384 1641 2464 1685; baseline 0 -7"><span class='ocrx_word' id='word_1_431' title='bbox 1384 1642 1482 1678; x_wconf 81' lang='lat' dir='ltr'><strong>facta</strong></span> <span class='ocrx_word' id='word_1_432' title='bbox 1504 1643 1670 1678; x_wconf 87' lang='lat' dir='ltr'><strong>fruentur</strong></span> <span class='ocrx_word' id='word_1_433' title='bbox 1685 1641 1937 1685; x_wconf 85' lang='lat' dir='ltr'><strong>munificentia,</strong></span> <span class='ocrx_word' id='word_1_434' title='bbox 1962 1643 2047 1678; x_wconf 89' lang='lat' dir='ltr'><strong>licet</strong></span> <span class='ocrx_word' id='word_1_435' title='bbox 2070 1653 2143 1680; x_wconf 91' lang='lat' dir='ltr'><strong>non</strong></span> <span class='ocrx_word' id='word_1_436' title='bbox 2168 1643 2215 1679; x_wconf 87' lang='lat' dir='ltr'><strong>ad</strong></span> <span class='ocrx_word' id='word_1_437' title='bbox 2233 1642 2379 1679; x_wconf 85' lang='lat' dir='ltr'><strong>tertium</strong></span> <span class='ocrx_word' id='word_1_438' title='bbox 2401 1642 2464 1678; x_wconf 82' lang='lat' dir='ltr'><strong>illa</strong></span> 
     </span>
     <span class='ocr_line' id='line_1_55' title="bbox 1385 1687 2463 1742; baseline 0.001 -19"><span class='ocrx_word' id='word_1_439' title='bbox 1385 1687 1811 1724; x_wconf 82' lang='lat' dir='ltr'><strong>matrimoniumvenerit.</strong></span> <span class='ocrx_word' id='word_1_440' title='bbox 1855 1687 1948 1732; x_wconf 83' lang='lat' dir='ltr'><strong>Quid</strong></span> <span class='ocrx_word' id='word_1_441' title='bbox 1971 1688 2067 1724; x_wconf 90' lang='lat' dir='ltr'><strong>enim</strong></span> <span class='ocrx_word' id='word_1_442' title='bbox 2089 1688 2158 1725; x_wconf 87' lang='lat' dir='ltr'><strong>hoc</strong></span> <span class='ocrx_word' id='word_1_443' title='bbox 2181 1687 2363 1742; x_wconf 81' lang='lat' dir='ltr'><strong>prioribus</strong></span> <span class='ocrx_word' id='word_1_444' title='bbox 2378 1697 2463 1734; x_wconf 84' lang='lat' dir='ltr'><strong>pro-</strong></span> 
     </span>
     <span class='ocr_line' id='line_1_56' title="bbox 1386 1731 2464 1779; baseline 0 -11"><span class='ocrx_word' id='word_1_445' title='bbox 1386 1734 1458 1769; x_wconf 84' lang='lat' dir='ltr'><strong>sit?</strong></span> <span class='ocrx_word' id='word_1_446' title='bbox 1499 1733 1584 1778; x_wconf 91' lang='lat' dir='ltr'><strong>quid</strong></span> <span class='ocrx_word' id='word_1_447' title='bbox 1615 1735 1734 1768; x_wconf 83' lang='lat' dir='ltr'><strong>autem</strong></span> <span class='ocrx_word' id='word_1_448' title='bbox 1765 1732 1947 1768; x_wconf 84' lang='lat' dir='ltr'><strong>invideant</strong></span> <span class='ocrx_word' id='word_1_449' title='bbox 1969 1733 2107 1779; x_wconf 87' lang='lat' dir='ltr'><strong>priores</strong></span> <span class='ocrx_word' id='word_1_450' title='bbox 2130 1732 2195 1769; x_wconf 79' lang='lat' dir='ltr'><strong>filii</strong></span> <span class='ocrx_word' id='word_1_451' title='bbox 2217 1731 2402 1776; x_wconf 87' lang='lat' dir='ltr'><strong>secundis,</strong></span> <span class='ocrx_word' id='word_1_452' title='bbox 2433 1732 2464 1768; x_wconf 89' lang='lat' dir='ltr'><strong>si</strong></span> 
     </span>
    </p>
   </div>
   <div class='ocr_carea' id='block_1_27' title="bbox 239 1771 2465 1833">
    <p class='ocr_par' dir='ltr' id='par_1_27' title="bbox 239 1771 2465 1833">
     <span class='ocr_line' id='line_1_57' title="bbox 239 1771 2465 1833; baseline 0 -21"><span class='ocrx_word' id='word_1_453' title='bbox 239 1783 456 1813; x_wconf 86' lang='grc' dir='ltr'><strong><em>συνοικέσιον</em></strong></span> <span class='ocrx_word' id='word_1_454' title='bbox 480 1771 580 1822; x_wconf 69' lang='grc' dir='ltr'><strong><em>ἦλθε.</em></strong></span> <span class='ocrx_word' id='word_1_455' title='bbox 629 1782 668 1812; x_wconf 85' lang='grc' dir='ltr'><strong>τί</strong></span> <span class='ocrx_word' id='word_1_456' title='bbox 688 1777 891 1833; x_wconf 31' lang='grc' dir='ltr'><strong><em>γάρῖτουτιο</em></strong></span> <span class='ocrx_word' id='word_1_457' title='bbox 914 1789 996 1812; x_wconf 79' lang='grc' dir='ltr'><strong><em>τους</em></strong></span> <span class='ocrx_word' id='word_1_458' title='bbox 1020 1781 1213 1824; x_wconf 88' lang='grc' dir='ltr'><strong><em>προτέρους</em></strong></span> <span class='ocrx_word' id='word_1_459' title='bbox 1236 1776 1316 1821; x_wconf 84' lang='grc' dir='ltr'><strong><em>ὀνή·</em></strong></span> <span class='ocrx_word' id='word_1_460' title='bbox 1330 1781 1371 1814; x_wconf 91' lang='grc'><strong>30</strong></span> <span class='ocrx_word' id='word_1_461' title='bbox 1385 1789 1458 1814; x_wconf 88' lang='lat' dir='ltr'><strong>non</strong></span> <span class='ocrx_word' id='word_1_462' title='bbox 1489 1782 1526 1814; x_wconf 82' lang='lat' dir='ltr'><strong>et</strong></span> <span class='ocrx_word' id='word_1_463' title='bbox 1555 1778 1609 1814; x_wconf 85' lang='lat' dir='ltr'><strong>illi</strong></span> <span class='ocrx_word' id='word_1_464' title='bbox 1639 1778 1755 1814; x_wconf 81' lang='lat' dir='ltr'><strong>tertiis</strong></span> <span class='ocrx_word' id='word_1_465' title='bbox 1785 1777 1953 1813; x_wconf 71' lang='lat' dir='ltr'><strong>iniuriam</strong></span> <span class='ocrx_word' id='word_1_466' title='bbox 1975 1779 2075 1825; x_wconf 81' lang='lat' dir='ltr'><strong>passi</strong></span> <span class='ocrx_word' id='word_1_467' title='bbox 2098 1781 2183 1814; x_wconf 82' lang='lat' dir='ltr'><strong>sunt</strong></span> <span class='ocrx_word' id='word_1_468' title='bbox 2207 1777 2367 1824; x_wconf 77' lang='lat' dir='ltr'><strong>nuptiis?</strong></span> <span class='ocrx_word' id='word_1_469' title='bbox 2413 1777 2465 1813; x_wconf 74' lang='lat' dir='ltr'><strong>Et</strong></span> 
     </span>
    </p>
   </div>
   <div class='ocr_carea' id='block_1_28' title="bbox 237 1821 1316 2011">
    <p class='ocr_par' dir='ltr' id='par_1_28' title="bbox 237 1821 1316 2011">
     <span class='ocr_line' id='line_1_58' title="bbox 238 1821 1316 1877; baseline 0.001 -20"><span class='ocrx_word' id='word_1_470' title='bbox 238 1837 306 1864; x_wconf 87' lang='grc' dir='ltr'><strong><em>σει;</em></strong></span> <span class='ocrx_word' id='word_1_471' title='bbox 338 1828 376 1858; x_wconf 71' lang='grc' dir='ltr'><strong>τί</strong></span> <span class='ocrx_word' id='word_1_472' title='bbox 399 1822 438 1858; x_wconf 81' lang='grc' dir='ltr'><strong>δὲ</strong></span> <span class='ocrx_word' id='word_1_473' title='bbox 460 1827 719 1868; x_wconf 87' lang='grc' dir='ltr'><strong><em>βασκαίνουσιν</em></strong></span> <span class='ocrx_word' id='word_1_474' title='bbox 743 1836 777 1857; x_wconf 91' lang='grc' dir='ltr'><strong>οι</strong></span> <span class='ocrx_word' id='word_1_475' title='bbox 801 1835 970 1877; x_wconf 81' lang='grc' dir='ltr'><strong><em>προτεροι</em></strong></span> <span class='ocrx_word' id='word_1_476' title='bbox 993 1821 1119 1858; x_wconf 87' lang='grc' dir='ltr'><strong><em>παῖδες</em></strong></span> <span class='ocrx_word' id='word_1_477' title='bbox 1141 1826 1217 1858; x_wconf 90' lang='grc' dir='ltr'><strong><em>τοῖς</em></strong></span> <span class='ocrx_word' id='word_1_478' title='bbox 1241 1821 1316 1858; x_wconf 85' lang='grc' dir='ltr'><strong><em>δευ-</em></strong></span> 
     </span>
     <span class='ocr_line' id='line_1_59' title="bbox 238 1866 1314 1922; baseline 0 -20"><span class='ocrx_word' id='word_1_479' title='bbox 238 1871 367 1914; x_wconf 87' lang='grc' dir='ltr'><strong><em>τέροις,</em></strong></span> <span class='ocrx_word' id='word_1_480' title='bbox 404 1870 435 1903; x_wconf 84' lang='grc' dir='ltr'><strong>εἰ</strong></span> <span class='ocrx_word' id='word_1_481' title='bbox 468 1867 516 1913; x_wconf 84' lang='grc' dir='ltr'><strong>μὴ</strong></span> <span class='ocrx_word' id='word_1_482' title='bbox 551 1866 705 1903; x_wconf 79' lang='grc' dir='ltr'><strong><em>κάκεῖνοι</em></strong></span> <span class='ocrx_word' id='word_1_483' title='bbox 739 1872 872 1922; x_wconf 81' lang='grc' dir='ltr'><strong><em>τρίτοις</em></strong></span> <span class='ocrx_word' id='word_1_484' title='bbox 906 1868 1140 1914; x_wconf 73' lang='grc' dir='ltr'><strong><em>υβρίσθησαν</em></strong></span> <span class='ocrx_word' id='word_1_485' title='bbox 1173 1868 1314 1915; x_wconf 82' lang='grc' dir='ltr'><strong><em>γάμοις;</em></strong></span> 
     </span>
     <span class='ocr_line' id='line_1_60' title="bbox 240 1911 1315 1960; baseline 0.001 -13"><span class='ocrx_word' id='word_1_486' title='bbox 240 1917 311 1947; x_wconf 88' lang='grc' dir='ltr'><strong>Καὶ</strong></span> <span class='ocrx_word' id='word_1_487' title='bbox 335 1911 459 1948; x_wconf 78' lang='grc' dir='ltr'><strong><em>ἁπλῶς</em></strong></span> <span class='ocrx_word' id='word_1_488' title='bbox 480 1912 611 1956; x_wconf 81' lang='grc' dir='ltr'><strong><em>ἑκάστη</em></strong></span> <span class='ocrx_word' id='word_1_489' title='bbox 630 1912 718 1960; x_wconf 85' lang='grc' dir='ltr'><strong><em>γονὴ</em></strong></span> <span class='ocrx_word' id='word_1_490' title='bbox 742 1927 810 1955; x_wconf 90' lang='grc' dir='ltr'><strong>την</strong></span> <span class='ocrx_word' id='word_1_491' title='bbox 833 1915 896 1947; x_wconf 81' lang='grc' dir='ltr'><strong>τοῦ</strong></span> <span class='ocrx_word' id='word_1_492' title='bbox 921 1915 1050 1948; x_wconf 87' lang='grc' dir='ltr'><strong><em>οἰκείου</em></strong></span> <span class='ocrx_word' id='word_1_493' title='bbox 1073 1916 1207 1960; x_wconf 85' lang='grc' dir='ltr'><strong><em>γονέως</em></strong></span> <span class='ocrx_word' id='word_1_494' title='bbox 1231 1913 1315 1958; x_wconf 85' lang='grc' dir='ltr'><strong><em>λαμ-</em></strong></span> 
     </span>
     <span class='ocr_line' id='line_1_61' title="bbox 237 1955 1316 2011; baseline 0.001 -19"><span class='ocrx_word' id='word_1_495' title='bbox 237 1962 381 2002; x_wconf 80' lang='grc' dir='ltr'><strong><em>βανέτω</em></strong></span> <span class='ocrx_word' id='word_1_496' title='bbox 405 1962 651 2011; x_wconf 74' lang='grc' dir='ltr'><strong><em>προγαμιαίαν</em></strong></span> <span class='ocrx_word' id='word_1_497' title='bbox 674 1956 823 2005; x_wconf 83' lang='grc' dir='ltr'><strong><em>δωρεάν,</em></strong></span> <span class='ocrx_word' id='word_1_498' title='bbox 854 1961 914 1992; x_wconf 87' lang='grc' dir='ltr'><strong>καὶ</strong></span> <span class='ocrx_word' id='word_1_499' title='bbox 938 1955 1030 1993; x_wconf 77' lang='grc' dir='ltr'><strong><em>ὅλως</em></strong></span> <span class='ocrx_word' id='word_1_500' title='bbox 1052 1960 1131 1993; x_wconf 85' lang='grc' dir='ltr'><strong>τῶν</strong></span> <span class='ocrx_word' id='word_1_501' title='bbox 1155 1958 1316 2005; x_wconf 79' lang='grc' dir='ltr'><strong><em>πρώτων</em></strong></span> 
     </span>
    </p>
   </div>
   <div class='ocr_carea' id='block_1_29' title="bbox 1385 1821 2464 2004">
    <p class='ocr_par' dir='ltr' id='par_1_29' title="bbox 1385 1821 2464 2004">
     <span class='ocr_line' id='line_1_62' title="bbox 1386 1821 2462 1878; baseline -0.001 -19"><span class='ocrx_word' id='word_1_502' title='bbox 1386 1823 1551 1860; x_wconf 85' lang='lat' dir='ltr'><strong>absolute</strong></span> <span class='ocrx_word' id='word_1_503' title='bbox 1580 1833 1816 1868; x_wconf 82' lang='lat' dir='ltr'><strong>unaquaeque</strong></span> <span class='ocrx_word' id='word_1_504' title='bbox 1846 1823 1987 1860; x_wconf 87' lang='lat' dir='ltr'><strong>soboles</strong></span> <span class='ocrx_word' id='word_1_505' title='bbox 2018 1823 2154 1869; x_wconf 90' lang='lat' dir='ltr'><strong>proprii</strong></span> <span class='ocrx_word' id='word_1_506' title='bbox 2182 1823 2344 1878; x_wconf 81' lang='lat' dir='ltr'><strong>parentis</strong></span> <span class='ocrx_word' id='word_1_507' title='bbox 2367 1821 2462 1859; x_wconf 86' lang='lat' dir='ltr'><strong>acci-</strong></span> 
     </span>
     <span class='ocr_line' id='line_1_63' title="bbox 1386 1867 2464 1914; baseline -0.001 -10"><span class='ocrx_word' id='word_1_508' title='bbox 1386 1869 1463 1914; x_wconf 86' lang='lat' dir='ltr'><strong>piat</strong></span> <span class='ocrx_word' id='word_1_509' title='bbox 1495 1868 1749 1914; x_wconf 70' lang='lat' dir='ltr'><strong>sponsalicium</strong></span> <span class='ocrx_word' id='word_1_510' title='bbox 1780 1868 2001 1913; x_wconf 83' lang='lat' dir='ltr'><strong>largitatem,</strong></span> <span class='ocrx_word' id='word_1_511' title='bbox 2041 1871 2077 1905; x_wconf 88' lang='lat' dir='ltr'><strong>et</strong></span> <span class='ocrx_word' id='word_1_512' title='bbox 2108 1879 2251 1905; x_wconf 89' lang='lat' dir='ltr'><strong>ommno</strong></span> <span class='ocrx_word' id='word_1_513' title='bbox 2281 1867 2464 1914; x_wconf 88' lang='lat' dir='ltr'><strong>prioribus</strong></span> 
     </span>
     <span class='ocr_line' id='line_1_64' title="bbox 1385 1913 2462 1960; baseline 0 -11"><span class='ocrx_word' id='word_1_514' title='bbox 1385 1914 1470 1949; x_wconf 88' lang='lat' dir='ltr'><strong>filiis</strong></span> <span class='ocrx_word' id='word_1_515' title='bbox 1500 1917 1647 1960; x_wconf 87' lang='lat' dir='ltr'><strong>propter</strong></span> <span class='ocrx_word' id='word_1_516' title='bbox 1679 1913 1856 1949; x_wconf 88' lang='lat' dir='ltr'><strong>secundas</strong></span> <span class='ocrx_word' id='word_1_517' title='bbox 1888 1913 2035 1959; x_wconf 83' lang='lat' dir='ltr'><strong>nuptias</strong></span> <span class='ocrx_word' id='word_1_518' title='bbox 2066 1914 2143 1949; x_wconf 87' lang='lat' dir='ltr'><strong>acci</strong></span> <span class='ocrx_word' id='word_1_519' title='bbox 2168 1913 2324 1950; x_wconf 89' lang='lat' dir='ltr'><strong>ientibus</strong></span> <span class='ocrx_word' id='word_1_520' title='bbox 2348 1915 2385 1949; x_wconf 87' lang='lat' dir='ltr'><strong>et</strong></span> <span class='ocrx_word' id='word_1_521' title='bbox 2407 1922 2462 1949; x_wconf 89' lang='lat' dir='ltr'><strong>se-</strong></span> 
     </span>
     <span class='ocr_line' id='line_1_65' title="bbox 1386 1957 2464 2004; baseline -0.001 -9"><span class='ocrx_word' id='word_1_522' title='bbox 1386 1959 1493 1995; x_wconf 86' lang='lat' dir='ltr'><strong>cundi</strong></span> <span class='ocrx_word' id='word_1_523' title='bbox 1516 1959 1620 1994; x_wconf 89' lang='lat' dir='ltr'><strong>liberi</strong></span> <span class='ocrx_word' id='word_1_524' title='bbox 1651 1958 1765 1994; x_wconf 91' lang='lat' dir='ltr'><strong>modis</strong></span> <span class='ocrx_word' id='word_1_525' title='bbox 1798 1958 1962 1994; x_wconf 87' lang='lat' dir='ltr'><strong>omnibus</strong></span> <span class='ocrx_word' id='word_1_526' title='bbox 1993 1969 2072 1995; x_wconf 84' lang='lat' dir='ltr'><strong>eam</strong></span> <span class='ocrx_word' id='word_1_527' title='bbox 2095 1959 2144 1995; x_wconf 88' lang='lat' dir='ltr'><strong>ha</strong></span> <span class='ocrx_word' id='word_1_528' title='bbox 2170 1962 2272 2001; x_wconf 84' lang='lat' dir='ltr'><strong>eant,</strong></span> <span class='ocrx_word' id='word_1_529' title='bbox 2305 1957 2464 2004; x_wconf 83' lang='lat' dir='ltr'><strong>quamvis</strong></span> 
     </span>
    </p>
   </div>
   <div class='ocr_carea' id='block_1_30' title="bbox 239 2001 2465 2058">
    <p class='ocr_par' dir='ltr' id='par_1_30' title="bbox 239 2001 2465 2058">
     <span class='ocr_line' id='line_1_66' title="bbox 239 2001 2465 2058; baseline 0 -20"><span class='ocrx_word' id='word_1_530' title='bbox 239 2003 383 2038; x_wconf 78' lang='grc' dir='ltr'><strong><em>παίδων</em></strong></span> <span class='ocrx_word' id='word_1_531' title='bbox 417 2002 477 2057; x_wconf 71' lang='grc' dir='ltr'><strong>διᾲ</strong></span> <span class='ocrx_word' id='word_1_532' title='bbox 509 2016 576 2046; x_wconf 90' lang='grc' dir='ltr'><strong>την</strong></span> <span class='ocrx_word' id='word_1_533' title='bbox 613 2001 891 2058; x_wconf 19' lang='grc' dir='ltr'><strong><em>δευκτερογαμίαν</em></strong></span> <span class='ocrx_word' id='word_1_534' title='bbox 927 2002 1122 2058; x_wconf 56' lang='grc' dir='ltr'><strong><em>λαβρντων</em></strong></span> <span class='ocrx_word' id='word_1_535' title='bbox 1141 2004 1248 2057; x_wconf 51' lang='lat' dir='ltr'><strong>⁸(noti)</strong></span> <span class='ocrx_word' id='word_1_536' title='bbox 1283 2003 1319 2038; x_wconf 83' lang='grc' dir='ltr'><strong><em>οἷ</em></strong></span> <span class='ocrx_word' id='word_1_537' title='bbox 1331 2007 1372 2040; x_wconf 87' lang='grc'><strong>35</strong></span> <span class='ocrx_word' id='word_1_538' title='bbox 1387 2014 1479 2050; x_wconf 78' lang='lat' dir='ltr'><strong>quae</strong></span> <span class='ocrx_word' id='word_1_539' title='bbox 1504 2003 1679 2040; x_wconf 78' lang='lat' dir='ltr'><strong>secundas</strong></span> <span class='ocrx_word' id='word_1_540' title='bbox 1704 2003 1923 2039; x_wconf 75' lang='lat' dir='ltr'><strong>contraxerit</strong></span> <span class='ocrx_word' id='word_1_541' title='bbox 1946 2005 2101 2050; x_wconf 71' lang='lat' dir='ltr'><strong>nuptias,</strong></span> <span class='ocrx_word' id='word_1_542' title='bbox 2124 2003 2172 2040; x_wconf 74' lang='lat' dir='ltr'><strong>ad</strong></span> <span class='ocrx_word' id='word_1_543' title='bbox 2194 2003 2300 2041; x_wconf 71' lang='lat' dir='ltr'><strong>tertia</strong></span> <span class='ocrx_word' id='word_1_544' title='bbox 2322 2002 2465 2039; x_wconf 77' lang='lat' dir='ltr'><strong>minime</strong></span> 
     </span>
    </p>
   </div>
   <div class='ocr_carea' id='block_1_31' title="bbox 239 2047 1318 2141">
    <p class='ocr_par' dir='ltr' id='par_1_31' title="bbox 239 2047 1318 2141">
     <span class='ocr_line' id='line_1_67' title="bbox 239 2047 1318 2095; baseline 0 -13"><span class='ocrx_word' id='word_1_545' title='bbox 239 2047 396 2095; x_wconf 78' lang='grc' dir='ltr'><strong><em>δεύτεροι</em></strong></span> <span class='ocrx_word' id='word_1_546' title='bbox 421 2061 567 2083; x_wconf 88' lang='grc' dir='ltr'><strong><em>παντως</em></strong></span> <span class='ocrx_word' id='word_1_547' title='bbox 591 2062 705 2091; x_wconf 86' lang='grc' dir='ltr'><strong><em>αυτην</em></strong></span> <span class='ocrx_word' id='word_1_548' title='bbox 729 2051 930 2091; x_wconf 81' lang='grc' dir='ltr'><strong><em>ἐχέτωσαν,</em></strong></span> <span class='ocrx_word' id='word_1_549' title='bbox 961 2063 1028 2083; x_wconf 83' lang='grc' dir='ltr'><strong>καν</strong></span> <span class='ocrx_word' id='word_1_550' title='bbox 1052 2049 1083 2082; x_wconf 83' lang='grc' dir='ltr'><strong>εἰ</strong></span> <span class='ocrx_word' id='word_1_551' title='bbox 1105 2063 1154 2093; x_wconf 88' lang='grc' dir='ltr'><strong>μη</strong></span> <span class='ocrx_word' id='word_1_552' title='bbox 1185 2053 1318 2094; x_wconf 87' lang='grc' dir='ltr'><strong><em>τρίτοις</em></strong></span> 
     </span>
     <span class='ocr_line' id='line_1_68' title="bbox 240 2090 1318 2141; baseline 0.001 -14"><span class='ocrx_word' id='word_1_553' title='bbox 240 2093 418 2138; x_wconf 69' lang='grc' dir='ltr'><strong><em>ὡμίλησεν</em></strong></span> <span class='ocrx_word' id='word_1_554' title='bbox 441 2091 462 2137; x_wconf 81' lang='grc' dir='ltr'><em>ἦ</em></span> <span class='ocrx_word' id='word_1_555' title='bbox 486 2092 821 2141; x_wconf 84' lang='grc' dir='ltr'><strong><em>δευτερογαμήσασα</em></strong></span> <span class='ocrx_word' id='word_1_556' title='bbox 843 2092 987 2140; x_wconf 85' lang='grc' dir='ltr'><strong><em>γάμοις·</em></strong></span> <span class='ocrx_word' id='word_1_557' title='bbox 1014 2090 1103 2128; x_wconf 76' lang='grc' dir='ltr'><strong><em>ὥςτε</em></strong></span> <span class='ocrx_word' id='word_1_558' title='bbox 1125 2093 1174 2139; x_wconf 86' lang='grc' dir='ltr'><strong>μὴ</strong></span> <span class='ocrx_word' id='word_1_559' title='bbox 1198 2092 1318 2128; x_wconf 78' lang='grc' dir='ltr'><strong><em>δοκεῖν</em></strong></span> 
     </span>
    </p>
   </div>
   <div class='ocr_carea' id='block_1_32' title="bbox 372 2183 537 2221">
    <p class='ocr_par' dir='ltr' id='par_1_32' title="bbox 372 2183 537 2221">
     <span class='ocr_line' id='line_1_69' title="bbox 372 2183 537 2221; baseline 0 -1"><span class='ocrx_word' id='word_1_560' title='bbox 372 2183 537 2221; x_wconf 85' lang='lat' dir='ltr'>XXVIII.</span> 
     </span>
    </p>
   </div>
   <div class='ocr_carea' id='block_1_33' title="bbox 596 2182 1844 2230">
    <p class='ocr_par' dir='ltr' id='par_1_33' title="bbox 596 2182 1844 2230">
     <span class='ocr_line' id='line_1_70' title="bbox 596 2182 1844 2230; baseline 0.002 -12"><span class='ocrx_word' id='word_1_561' title='bbox 596 2183 774 2227; x_wconf 80' lang='lat' dir='ltr'><strong>Quoniam</strong></span> <span class='ocrx_word' id='word_1_562' title='bbox 811 2194 895 2219; x_wconf 88' lang='lat' dir='ltr'><strong>vero</strong></span> <span class='ocrx_word' id='word_1_563' title='bbox 933 2183 1072 2230; x_wconf 76' lang='lat' dir='ltr'><strong>Zeqibus</strong></span> <span class='ocrx_word' id='word_1_564' title='bbox 1106 2182 1280 2220; x_wconf 74' lang='lat' dir='ltr'><strong>hactenus</strong></span> <span class='ocrx_word' id='word_1_565' title='bbox 1311 2183 1396 2219; x_wconf 76' lang='lat' dir='ltr'><strong>latis</strong></span> <span class='ocrx_word' id='word_1_566' title='bbox 1430 2194 1503 2219; x_wconf 87' lang='lat' dir='ltr'><strong>non</strong></span> <span class='ocrx_word' id='word_1_567' title='bbox 1533 2183 1742 2221; x_wconf 84' lang='lat' dir='ltr'><strong>distinctum</strong></span> <span class='ocrx_word' id='word_1_568' title='bbox 1771 2188 1844 2228; x_wconf 85' lang='lat' dir='ltr'><strong>est,</strong></span> 
     </span>
    </p>
   </div>
   <div class='ocr_carea' id='block_1_34' title="bbox 1907 2183 2464 2236">
    <p class='ocr_par' dir='ltr' id='par_1_34' title="bbox 1907 2183 2464 2236">
     <span class='ocr_line' id='line_1_71' title="bbox 1907 2183 2464 2236; baseline 0 -16"><span class='ocrx_word' id='word_1_569' title='bbox 1907 2184 2037 2230; x_wconf 70' lang='lat' dir='ltr'><strong>uando,</strong></span> <span class='ocrx_word' id='word_1_570' title='bbox 2061 2184 2119 2227; x_wconf 82' lang='lat' dir='ltr'><strong>id,</strong></span> <span class='ocrx_word' id='word_1_571' title='bbox 2155 2183 2255 2231; x_wconf 81' lang='lat' dir='ltr'><strong>quod</strong></span> <span class='ocrx_word' id='word_1_572' title='bbox 2277 2183 2368 2232; x_wconf 77' lang='lat' dir='ltr'><strong>plus</strong></span> <span class='ocrx_word' id='word_1_573' title='bbox 2399 2186 2464 2236; x_wconf 69' lang='lat' dir='ltr'><strong>est,</strong></span> 
     </span>
    </p>
   </div>
   <div class='ocr_carea' id='block_1_35' title="bbox 237 2228 2466 2282">
    <p class='ocr_par' dir='ltr' id='par_1_35' title="bbox 237 2228 2466 2282">
     <span class='ocr_line' id='line_1_72' title="bbox 237 2228 2466 2282; baseline 0 -18"><span class='ocrx_word' id='word_1_574' title='bbox 237 2230 395 2276; x_wconf 88' lang='lat' dir='ltr'><strong>spectari</strong></span> <span class='ocrx_word' id='word_1_575' title='bbox 418 2229 562 2272; x_wconf 83' lang='lat' dir='ltr'><strong>debeat,</strong></span> <span class='ocrx_word' id='word_1_576' title='bbox 593 2240 678 2264; x_wconf 83' lang='lat' dir='ltr'><strong>num</strong></span> <span class='ocrx_word' id='word_1_577' title='bbox 703 2233 863 2275; x_wconf 82' lang='lat' dir='ltr'><strong>tempore</strong></span> <span class='ocrx_word' id='word_1_578' title='bbox 886 2228 1046 2264; x_wconf 88' lang='lat' dir='ltr'><strong>dationis</strong></span> <span class='ocrx_word' id='word_1_579' title='bbox 1070 2240 1119 2264; x_wconf 89' lang='lat' dir='ltr'><strong>an</strong></span> <span class='ocrx_word' id='word_1_580' title='bbox 1141 2228 1334 2264; x_wconf 76' lang='lat' dir='ltr'><strong>solutionis</strong></span> <span class='ocrx_word' id='word_1_581' title='bbox 1357 2229 1598 2272; x_wconf 80' lang='lat' dir='ltr'><strong>matrimonii,</strong></span> <span class='ocrx_word' id='word_1_582' title='bbox 1631 2229 1804 2276; x_wconf 84' lang='lat' dir='ltr'><strong>optimum</strong></span> <span class='ocrx_word' id='word_1_583' title='bbox 1828 2241 1875 2265; x_wconf 91' lang='lat' dir='ltr'><strong>no</strong></span> <span class='ocrx_word' id='word_1_584' title='bbox 1899 2230 1932 2265; x_wconf 86' lang='lat' dir='ltr'><strong>is</strong></span> <span class='ocrx_word' id='word_1_585' title='bbox 1963 2231 2076 2282; x_wconf 69' lang='lat' dir='ltr'><strong>uisum</strong></span> <span class='ocrx_word' id='word_1_586' title='bbox 2099 2234 2154 2266; x_wconf 83' lang='lat' dir='ltr'><strong>est</strong></span> <span class='ocrx_word' id='word_1_587' title='bbox 2177 2234 2245 2265; x_wconf 87' lang='lat' dir='ltr'><strong>tem</strong></span> <span class='ocrx_word' id='word_1_588' title='bbox 2271 2239 2316 2265; x_wconf 83' lang='lat' dir='ltr'><strong>us</strong></span> <span class='ocrx_word' id='word_1_589' title='bbox 2336 2233 2466 2265; x_wconf 75' lang='lat' dir='ltr'><strong>moras</strong></span> 
     </span>
    </p>
   </div>
   <div class='ocr_carea' id='block_1_36' title="bbox 236 2272 2143 2322">
    <p class='ocr_par' dir='ltr' id='par_1_36' title="bbox 236 2272 2143 2322">
     <span class='ocr_line' id='line_1_73' title="bbox 236 2272 2143 2322; baseline 0.001 -12"><span class='ocrx_word' id='word_1_590' title='bbox 236 2275 418 2321; x_wconf 84' lang='lat' dir='ltr'><strong>parentis,</strong></span> <span class='ocrx_word' id='word_1_591' title='bbox 455 2275 518 2321; x_wconf 84' lang='lat' dir='ltr'><strong>qui</strong></span> <span class='ocrx_word' id='word_1_592' title='bbox 548 2273 726 2310; x_wconf 88' lang='lat' dir='ltr'><strong>secundas</strong></span> <span class='ocrx_word' id='word_1_593' title='bbox 755 2274 905 2320; x_wconf 80' lang='lat' dir='ltr'><strong>nuptias</strong></span> <span class='ocrx_word' id='word_1_594' title='bbox 939 2274 1150 2317; x_wconf 77' lang='lat' dir='ltr'><strong>contraxit,</strong></span> <span class='ocrx_word' id='word_1_595' title='bbox 1186 2273 1381 2311; x_wconf 86' lang='lat' dir='ltr'><strong>observari.</strong></span> <span class='ocrx_word' id='word_1_596' title='bbox 1440 2272 1614 2310; x_wconf 82' lang='lat' dir='ltr'><strong>Scribant</strong></span> <span class='ocrx_word' id='word_1_597' title='bbox 1645 2275 1740 2310; x_wconf 86' lang='lat' dir='ltr'><strong>enim</strong></span> <span class='ocrx_word' id='word_1_598' title='bbox 1775 2274 1937 2311; x_wconf 75' lang='lat' dir='ltr'><strong>homines</strong></span> <span class='ocrx_word' id='word_1_599' title='bbox 1970 2275 2016 2311; x_wconf 73' lang='lat' dir='ltr'><strong>tis</strong></span> <span class='ocrx_word' id='word_1_600' title='bbox 2049 2286 2143 2322; x_wconf 85' lang='lat' dir='ltr'><strong>quae</strong></span> 
     </span>
    </p>
   </div>
   <div class='ocr_carea' id='block_1_37' title="bbox 2249 2273 2465 2321">
    <p class='ocr_par' dir='ltr' id='par_1_37' title="bbox 2249 2273 2465 2321">
     <span class='ocr_line' id='line_1_74' title="bbox 2249 2273 2465 2321; baseline -0.005 -11"><span class='ocrx_word' id='word_1_601' title='bbox 2249 2277 2311 2310; x_wconf 82' lang='lat' dir='ltr'><strong>ent</strong></span> <span class='ocrx_word' id='word_1_602' title='bbox 2340 2273 2465 2321; x_wconf 83' lang='lat' dir='ltr'><strong>plura,</strong></span> 
     </span>
    </p>
   </div>
   <div class='ocr_carea' id='block_1_38' title="bbox 238 2318 2466 2444">
    <p class='ocr_par' dir='ltr' id='par_1_38' title="bbox 238 2318 2466 2444">
     <span class='ocr_line' id='line_1_75' title="bbox 238 2318 2466 2367; baseline 0 -13"><span class='ocrx_word' id='word_1_603' title='bbox 238 2320 398 2355; x_wconf 85' lang='lat' dir='ltr'><strong>scribunt</strong></span> <span class='ocrx_word' id='word_1_604' title='bbox 422 2331 505 2355; x_wconf 87' lang='lat' dir='ltr'><strong>vero</strong></span> <span class='ocrx_word' id='word_1_605' title='bbox 529 2321 637 2356; x_wconf 86' lang='lat' dir='ltr'><strong>etiam</strong></span> <span class='ocrx_word' id='word_1_606' title='bbox 659 2319 858 2366; x_wconf 78' lang='lat' dir='ltr'><strong>pauciora:</strong></span> <span class='ocrx_word' id='word_1_607' title='bbox 893 2322 932 2354; x_wconf 87' lang='lat' dir='ltr'><strong>at</strong></span> <span class='ocrx_word' id='word_1_608' title='bbox 981 2319 1020 2354; x_wconf 93' lang='lat' dir='ltr'><strong>ui</strong></span> <span class='ocrx_word' id='word_1_609' title='bbox 1041 2318 1208 2354; x_wconf 84' lang='lat' dir='ltr'><strong>incidunt</strong></span> <span class='ocrx_word' id='word_1_610' title='bbox 1229 2329 1336 2354; x_wconf 89' lang='lat' dir='ltr'><strong>casus</strong></span> <span class='ocrx_word' id='word_1_611' title='bbox 1359 2320 1567 2355; x_wconf 82' lang='lat' dir='ltr'><strong>contrarios</strong></span> <span class='ocrx_word' id='word_1_612' title='bbox 1596 2323 1638 2356; x_wconf 88' lang='lat' dir='ltr'><strong>ut</strong></span> <span class='ocrx_word' id='word_1_613' title='bbox 1658 2320 1861 2367; x_wconf 83' lang='lat' dir='ltr'><strong>plurimum</strong></span> <span class='ocrx_word' id='word_1_614' title='bbox 1884 2320 2008 2356; x_wconf 78' lang='lat' dir='ltr'><strong>eoeitus</strong></span> <span class='ocrx_word' id='word_1_615' title='bbox 2030 2320 2207 2366; x_wconf 82' lang='lat' dir='ltr'><strong>efficiunt.</strong></span> <span class='ocrx_word' id='word_1_616' title='bbox 2266 2318 2399 2365; x_wconf 78' lang='lat' dir='ltr'><strong>Itaque</strong></span> <span class='ocrx_word' id='word_1_617' title='bbox 2420 2329 2466 2355; x_wconf 76' lang='lat' dir='ltr'><strong>ne</strong></span> 
     </span>
     <span class='ocr_line' id='line_1_76' title="bbox 239 2364 2466 2444; baseline 0 -45"><span class='ocrx_word' id='word_1_618' title='bbox 239 2365 283 2400; x_wconf 88' lang='lat' dir='ltr'><strong>de</strong></span> <span class='ocrx_word' id='word_1_619' title='bbox 303 2365 347 2399; x_wconf 84' lang='lat' dir='ltr'><strong>iis</strong></span> <span class='ocrx_word' id='word_1_620' title='bbox 370 2375 539 2407; x_wconf 79' lang='lat' dir='ltr'><strong>erremus,</strong></span> <span class='ocrx_word' id='word_1_621' title='bbox 565 2364 657 2400; x_wconf 81' lang='lat' dir='ltr'><strong>iliud</strong></span> <span class='ocrx_word' id='word_1_622' title='bbox 682 2369 819 2411; x_wconf 84' lang='lat' dir='ltr'><strong>tempus</strong></span> <span class='ocrx_word' id='word_1_623' title='bbox 843 2365 945 2400; x_wconf 86' lang='lat' dir='ltr'><strong>consi</strong></span> <span class='ocrx_word' id='word_1_624' title='bbox 971 2364 1144 2400; x_wconf 77' lang='lat' dir='ltr'><strong>erundum</strong></span> <span class='ocrx_word' id='word_1_625' title='bbox 1168 2368 1223 2400; x_wconf 88' lang='lat' dir='ltr'><strong>est</strong></span> <span class='ocrx_word' id='word_1_626' title='bbox 1243 2375 1318 2444; x_wconf 60' lang='lat' dir='ltr'><strong>pao</strong></span> <span class='ocrx_word' id='word_1_627' title='bbox 1350 2364 1384 2399; x_wconf 87' lang='lat' dir='ltr'><strong>is</strong></span> <span class='ocrx_word' id='word_1_628' title='bbox 1413 2364 1478 2410; x_wconf 82' lang='lat' dir='ltr'><strong>qui</strong></span> <span class='ocrx_word' id='word_1_629' title='bbox 1506 2364 1685 2400; x_wconf 85' lang='lat' dir='ltr'><strong>secundas</strong></span> <span class='ocrx_word' id='word_1_630' title='bbox 1713 2365 1861 2417; x_wconf 79' lang='lat' dir='ltr'><strong>nuptias</strong></span> <span class='ocrx_word' id='word_1_631' title='bbox 1891 2365 2081 2402; x_wconf 79' lang='lat' dir='ltr'><strong>contraxit</strong></span> <span class='ocrx_word' id='word_1_632' title='bbox 2110 2365 2276 2407; x_wconf 81' lang='lat' dir='ltr'><strong>moritur,</strong></span> <span class='ocrx_word' id='word_1_633' title='bbox 2305 2369 2343 2400; x_wconf 84' lang='lat' dir='ltr'><strong>et</strong></span> <span class='ocrx_word' id='word_1_634' title='bbox 2371 2374 2466 2410; x_wconf 72' lang='lat' dir='ltr'><strong>quae</strong></span> 
     </span>
    </p>
   </div>
   <div class='ocr_carea' id='block_1_39' title="bbox 239 2409 1243 2456">
    <p class='ocr_par' dir='ltr' id='par_1_39' title="bbox 239 2409 1243 2456">
     <span class='ocr_line' id='line_1_77' title="bbox 239 2409 1243 2456; baseline 0.001 -13"><span class='ocrx_word' id='word_1_635' title='bbox 239 2410 322 2445; x_wconf 80' lang='lat' dir='ltr'><strong>inde</strong></span> <span class='ocrx_word' id='word_1_636' title='bbox 346 2410 464 2445; x_wconf 89' lang='lat' dir='ltr'><strong>oritur</strong></span> <span class='ocrx_word' id='word_1_637' title='bbox 481 2410 676 2456; x_wconf 78' lang='lat' dir='ltr'><strong>proportio</strong></span> <span class='ocrx_word' id='word_1_638' title='bbox 698 2409 889 2452; x_wconf 85' lang='lat' dir='ltr'><strong>sumenda,</strong></span> <span class='ocrx_word' id='word_1_639' title='bbox 921 2420 965 2444; x_wconf 91' lang='lat' dir='ltr'><strong>ac</strong></span> <span class='ocrx_word' id='word_1_640' title='bbox 988 2409 1184 2445; x_wconf 84' lang='lat' dir='ltr'><strong>secundum</strong></span> <span class='ocrx_word' id='word_1_641' title='bbox 1214 2409 1243 2444; x_wconf 84' lang='lat' dir='ltr'><strong>it</strong></span> 
     </span>
    </p>
   </div>
   <div class='ocr_carea' id='block_1_40' title="bbox 1257 2407 2466 2456">
    <p class='ocr_par' dir='ltr' id='par_1_40' title="bbox 1257 2407 2466 2456">
     <span class='ocr_line' id='line_1_78' title="bbox 1257 2407 2466 2456; baseline 0 -12"><span class='ocrx_word' id='word_1_642' title='bbox 1257 2420 1317 2444; x_wconf 88' lang='lat' dir='ltr'><strong>am</strong></span> <span class='ocrx_word' id='word_1_643' title='bbox 1346 2409 1447 2455; x_wconf 83' lang='lat' dir='ltr'><strong>quod</strong></span> <span class='ocrx_word' id='word_1_644' title='bbox 1469 2409 1560 2456; x_wconf 81' lang='lat' dir='ltr'><strong>plus</strong></span> <span class='ocrx_word' id='word_1_645' title='bbox 1588 2410 1638 2445; x_wconf 86' lang='lat' dir='ltr'><strong>sit</strong></span> <span class='ocrx_word' id='word_1_646' title='bbox 1667 2410 1940 2446; x_wconf 76' lang='lat' dir='ltr'><strong>considerantes</strong></span> <span class='ocrx_word' id='word_1_647' title='bbox 1962 2411 2114 2456; x_wconf 81' lang='lat' dir='ltr'><strong>auferre</strong></span> <span class='ocrx_word' id='word_1_648' title='bbox 2138 2409 2178 2445; x_wconf 84' lang='lat' dir='ltr'><strong>id</strong></span> <span class='ocrx_word' id='word_1_649' title='bbox 2199 2408 2300 2456; x_wconf 84' lang='lat' dir='ltr'><strong>quod</strong></span> <span class='ocrx_word' id='word_1_650' title='bbox 2320 2407 2466 2446; x_wconf 74' lang='lat' dir='ltr'><strong>excedit</strong></span> 
     </span>
    </p>
   </div>
   <div class='ocr_carea' id='block_1_41' title="bbox 241 2452 2467 2502">
    <p class='ocr_par' dir='ltr' id='par_1_41' title="bbox 241 2452 2467 2502">
     <span class='ocr_line' id='line_1_79' title="bbox 241 2452 2467 2502; baseline 0.001 -14"><span class='ocrx_word' id='word_1_651' title='bbox 241 2454 431 2500; x_wconf 82' lang='lat' dir='ltr'><strong>liberisque</strong></span> <span class='ocrx_word' id='word_1_652' title='bbox 462 2454 617 2490; x_wconf 86' lang='lat' dir='ltr'><strong>tribuere</strong></span> <span class='ocrx_word' id='word_1_653' title='bbox 648 2454 767 2489; x_wconf 84' lang='lat' dir='ltr'><strong>decet:</strong></span> <span class='ocrx_word' id='word_1_654' title='bbox 798 2465 913 2500; x_wconf 84' lang='lat' dir='ltr'><strong>neque</strong></span> <span class='ocrx_word' id='word_1_655' title='bbox 943 2454 982 2489; x_wconf 87' lang='lat' dir='ltr'><strong>in</strong></span> <span class='ocrx_word' id='word_1_656' title='bbox 1014 2453 1145 2490; x_wconf 83' lang='lat' dir='ltr'><strong>talibus</strong></span> <span class='ocrx_word' id='word_1_657' title='bbox 1176 2454 1341 2490; x_wconf 85' lang='lat' dir='ltr'><strong>omnibus</strong></span> <span class='ocrx_word' id='word_1_658' title='bbox 1371 2453 1472 2489; x_wconf 80' lang='lat' dir='ltr'><strong>datio</strong></span> <span class='ocrx_word' id='word_1_659' title='bbox 1505 2458 1570 2490; x_wconf 85' lang='lat' dir='ltr'><strong>aut</strong></span> <span class='ocrx_word' id='word_1_660' title='bbox 1592 2455 1779 2502; x_wconf 82' lang='lat' dir='ltr'><strong>scriptura</strong></span> <span class='ocrx_word' id='word_1_661' title='bbox 1803 2455 1847 2491; x_wconf 88' lang='lat' dir='ltr'><strong>ab</strong></span> <span class='ocrx_word' id='word_1_662' title='bbox 1879 2455 1984 2491; x_wconf 82' lang='lat' dir='ltr'><strong>initio</strong></span> <span class='ocrx_word' id='word_1_663' title='bbox 2013 2455 2122 2501; x_wconf 78' lang='lat' dir='ltr'><strong>facta</strong></span> <span class='ocrx_word' id='word_1_664' title='bbox 2152 2453 2370 2502; x_wconf 77' lang='lat' dir='ltr'><strong>spectanda,</strong></span> <span class='ocrx_word' id='word_1_665' title='bbox 2401 2452 2467 2490; x_wconf 79' lang='lat' dir='ltr'><strong>sed</strong></span> 
     </span>
    </p>
   </div>
   <div class='ocr_carea' id='block_1_42' title="bbox 240 2499 1036 2535">
    <p class='ocr_par' dir='ltr' id='par_1_42' title="bbox 240 2499 1036 2535">
     <span class='ocr_line' id='line_1_80' title="bbox 240 2499 1036 2535; baseline 0.001 -1"><span class='ocrx_word' id='word_1_666' title='bbox 240 2503 382 2534; x_wconf 83' lang='lat' dir='ltr'><strong>eventus</strong></span> <span class='ocrx_word' id='word_1_667' title='bbox 432 2499 469 2534; x_wconf 88' lang='lat' dir='ltr'><strong>ui</strong></span> <span class='ocrx_word' id='word_1_668' title='bbox 492 2503 642 2534; x_wconf 85' lang='lat' dir='ltr'><strong>vocatur</strong></span> <span class='ocrx_word' id='word_1_669' title='bbox 666 2499 951 2534; x_wconf 84' lang='lat' dir='ltr'><strong>considerandus</strong></span> <span class='ocrx_word' id='word_1_670' title='bbox 974 2503 1036 2535; x_wconf 84' lang='lat' dir='ltr'><strong>est.</strong></span> 
     </span>
    </p>
   </div>
   <div class='ocr_carea' id='block_1_43' title="bbox 240 2542 2466 2670">
    <p class='ocr_par' dir='ltr' id='par_1_43' title="bbox 240 2542 2466 2670">
     <span class='ocr_line' id='line_1_81' title="bbox 374 2542 2466 2592; baseline 0.001 -15"><span class='ocrx_word' id='word_1_671' title='bbox 374 2544 407 2578; x_wconf 93' lang='lat' dir='ltr'><strong>X</strong></span> <span class='ocrx_word' id='word_1_672' title='bbox 443 2543 505 2578; x_wconf 90' lang='lat' dir='ltr'><strong>IX.</strong></span> <span class='ocrx_word' id='word_1_673' title='bbox 566 2543 638 2579; x_wconf 86' lang='lat' dir='ltr'><strong>Sed</strong></span> <span class='ocrx_word' id='word_1_674' title='bbox 666 2555 711 2579; x_wconf 88' lang='lat' dir='ltr'><strong>ne</strong></span> <span class='ocrx_word' id='word_1_675' title='bbox 742 2544 835 2580; x_wconf 83' lang='lat' dir='ltr'><strong>illud</strong></span> <span class='ocrx_word' id='word_1_676' title='bbox 865 2544 1008 2590; x_wconf 81' lang='lat' dir='ltr'><strong>quidem</strong></span> <span class='ocrx_word' id='word_1_677' title='bbox 1038 2543 1143 2579; x_wconf 89' lang='lat' dir='ltr'><strong>nobis</strong></span> <span class='ocrx_word' id='word_1_678' title='bbox 1168 2543 1534 2590; x_wconf 83' lang='lat' dir='ltr'><strong>praetermittendum</strong></span> <span class='ocrx_word' id='word_1_679' title='bbox 1565 2548 1638 2588; x_wconf 83' lang='lat' dir='ltr'><strong>est,</strong></span> <span class='ocrx_word' id='word_1_680' title='bbox 1673 2545 1773 2592; x_wconf 79' lang='lat' dir='ltr'><strong>quod</strong></span> <span class='ocrx_word' id='word_1_681' title='bbox 1802 2546 1857 2582; x_wconf 82' lang='lat' dir='ltr'><strong>ita</strong></span> <span class='ocrx_word' id='word_1_682' title='bbox 1887 2549 1930 2582; x_wconf 86' lang='lat' dir='ltr'><strong>ut</strong></span> <span class='ocrx_word' id='word_1_683' title='bbox 1951 2548 2048 2581; x_wconf 83' lang='lat' dir='ltr'><strong>recte</strong></span> <span class='ocrx_word' id='word_1_684' title='bbox 2071 2543 2220 2581; x_wconf 80' lang='lat' dir='ltr'><strong>baberet</strong></span> <span class='ocrx_word' id='word_1_685' title='bbox 2243 2542 2466 2580; x_wconf 73' lang='lat' dir='ltr'><strong>Theodosius</strong></span> 
     </span>
     <span class='ocr_line' id='line_1_82' title="bbox 240 2587 2465 2670; baseline 0 -47"><span class='ocrx_word' id='word_1_686' title='bbox 240 2589 364 2623; x_wconf 83' lang='lat' dir='ltr'><strong>iunior</strong></span> <span class='ocrx_word' id='word_1_687' title='bbox 392 2589 477 2634; x_wconf 87' lang='lat' dir='ltr'><strong>piae</strong></span> <span class='ocrx_word' id='word_1_688' title='bbox 506 2590 698 2624; x_wconf 82' lang='lat' dir='ltr'><strong>memoriae</strong></span> <span class='ocrx_word' id='word_1_689' title='bbox 729 2589 914 2625; x_wconf 83' lang='lat' dir='ltr'><strong>constituit</strong></span> <span class='ocrx_word' id='word_1_690' title='bbox 945 2589 1086 2631; x_wconf 85' lang='lat' dir='ltr'><strong>dicens,</strong></span> <span class='ocrx_word' id='word_1_691' title='bbox 1118 2589 1151 2624; x_wconf 88' lang='lat' dir='ltr'><strong>si</strong></span> <span class='ocrx_word' id='word_1_692' title='bbox 1182 2589 1312 2624; x_wconf 86' lang='lat' dir='ltr'><strong>mulier</strong></span> <span class='ocrx_word' id='word_1_693' title='bbox 1343 2589 1468 2625; x_wconf 80' lang='lat' dir='ltr'><strong>liberis</strong></span> <span class='ocrx_word' id='word_1_694' title='bbox 1489 2590 1668 2670; x_wconf 53' lang='lat' dir='ltr'><strong>Sm‘ff’tis</strong></span> <span class='ocrx_word' id='word_1_695' title='bbox 1697 2589 1748 2626; x_wconf 87' lang='lat' dir='ltr'><strong>ad</strong></span> <span class='ocrx_word' id='word_1_696' title='bbox 1773 2590 1952 2627; x_wconf 84' lang='lat' dir='ltr'><strong>secundas</strong></span> <span class='ocrx_word' id='word_1_697' title='bbox 1975 2601 2024 2625; x_wconf 84' lang='lat' dir='ltr'><strong>nu</strong></span> <span class='ocrx_word' id='word_1_698' title='bbox 2053 2590 2124 2625; x_wconf 84' lang='lat' dir='ltr'><strong>tias</strong></span> <span class='ocrx_word' id='word_1_699' title='bbox 2156 2589 2342 2625; x_wconf 75' lang='lat' dir='ltr'><strong>transierit</strong></span> <span class='ocrx_word' id='word_1_700' title='bbox 2365 2587 2465 2625; x_wconf 74' lang='lat' dir='ltr'><strong>inde-</strong></span> 
     </span>
    </p>
   </div>
   <div class='ocr_carea' id='block_1_44' title="bbox 243 2633 1527 2679">
    <p class='ocr_par' dir='ltr' id='par_1_44' title="bbox 243 2633 1527 2679">
     <span class='ocr_line' id='line_1_83' title="bbox 243 2633 1527 2679; baseline 0.002 -11"><span class='ocrx_word' id='word_1_701' title='bbox 243 2645 311 2679; x_wconf 84' lang='lat' dir='ltr'><strong>que</strong></span> <span class='ocrx_word' id='word_1_702' title='bbox 340 2634 372 2669; x_wconf 83' lang='lat' dir='ltr'><strong>ei</strong></span> <span class='ocrx_word' id='word_1_703' title='bbox 404 2633 506 2668; x_wconf 83' lang='lat' dir='ltr'><strong>tiberi</strong></span> <span class='ocrx_word' id='word_1_704' title='bbox 538 2633 604 2669; x_wconf 83' lang='lat' dir='ltr'><strong>alii</strong></span> <span class='ocrx_word' id='word_1_705' title='bbox 634 2634 710 2669; x_wconf 88' lang='lat' dir='ltr'><strong>nati</strong></span> <span class='ocrx_word' id='word_1_706' title='bbox 740 2635 830 2676; x_wconf 84' lang='lat' dir='ltr'><strong>sint,</strong></span> <span class='ocrx_word' id='word_1_707' title='bbox 870 2634 997 2670; x_wconf 86' lang='lat' dir='ltr'><strong>deinde</strong></span> <span class='ocrx_word' id='word_1_708' title='bbox 1028 2634 1136 2670; x_wconf 84' lang='lat' dir='ltr'><strong>etiam</strong></span> <span class='ocrx_word' id='word_1_709' title='bbox 1166 2633 1345 2670; x_wconf 84' lang='lat' dir='ltr'><strong>secundus</strong></span> <span class='ocrx_word' id='word_1_710' title='bbox 1374 2634 1527 2670; x_wconf 86' lang='lat' dir='ltr'><strong>maritus</strong></span> 
     </span>
    </p>
   </div>
   <div class='ocr_carea' id='block_1_45' title="bbox 1587 2633 2466 2688">
    <p class='ocr_par' dir='ltr' id='par_1_45' title="bbox 1587 2633 2466 2688">
     <span class='ocr_line' id='line_1_84' title="bbox 1587 2633 2466 2688; baseline -0.001 -17"><span class='ocrx_word' id='word_1_711' title='bbox 1587 2635 1772 2678; x_wconf 85' lang='lat' dir='ltr'><strong>ecesserit‚</strong></span> <span class='ocrx_word' id='word_1_712' title='bbox 1802 2635 1965 2688; x_wconf 73' lang='lat' dir='ltr'><strong>propria</strong></span> <span class='ocrx_word' id='word_1_713' title='bbox 1996 2635 2096 2670; x_wconf 81' lang='lat' dir='ltr'><strong>ilius</strong></span> <span class='ocrx_word' id='word_1_714' title='bbox 2126 2634 2222 2671; x_wconf 83' lang='lat' dir='ltr'><strong>bona</strong></span> <span class='ocrx_word' id='word_1_715' title='bbox 2253 2633 2386 2669; x_wconf 82' lang='lat' dir='ltr'><strong>liberos</strong></span> <span class='ocrx_word' id='word_1_716' title='bbox 2415 2644 2466 2670; x_wconf 77' lang='lat' dir='ltr'><strong>cx</strong></span> 
     </span>
    </p>
   </div>
   <div class='ocr_carea' id='block_1_46' title="bbox 242 2677 2465 2806">
    <p class='ocr_par' dir='ltr' id='par_1_46' title="bbox 242 2677 2465 2806">
     <span class='ocr_line' id='line_1_85' title="bbox 242 2677 2465 2727; baseline 0 -15"><span class='ocrx_word' id='word_1_717' title='bbox 242 2683 397 2723; x_wconf 86' lang='lat' dir='ltr'><strong>utroque</strong></span> <span class='ocrx_word' id='word_1_718' title='bbox 429 2679 657 2713; x_wconf 83' lang='lat' dir='ltr'><strong>matrimonio</strong></span> <span class='ocrx_word' id='word_1_719' title='bbox 696 2683 803 2714; x_wconf 89' lang='lat' dir='ltr'><strong>natos</strong></span> <span class='ocrx_word' id='word_1_720' title='bbox 842 2683 1057 2726; x_wconf 84' lang='lat' dir='ltr'><strong>accepturos</strong></span> <span class='ocrx_word' id='word_1_721' title='bbox 1087 2689 1164 2714; x_wconf 84' lang='lat' dir='ltr'><strong>esse</strong></span> <span class='ocrx_word' id='word_1_722' title='bbox 1195 2683 1311 2715; x_wconf 83' lang='lat' dir='ltr'><strong>matre</strong></span> <span class='ocrx_word' id='word_1_723' title='bbox 1339 2679 1511 2715; x_wconf 78' lang='lat' dir='ltr'><strong>intestata</strong></span> <span class='ocrx_word' id='word_1_724' title='bbox 1543 2679 1718 2726; x_wconf 82' lang='lat' dir='ltr'><strong>defuncta</strong></span> <span class='ocrx_word' id='word_1_725' title='bbox 1753 2691 1803 2716; x_wconf 81' lang='lat' dir='ltr'><strong>ex</strong></span> <span class='ocrx_word' id='word_1_726' title='bbox 1831 2691 1917 2727; x_wconf 73' lang='lat' dir='ltr'><strong>part</strong></span> <span class='ocrx_word' id='word_1_727' title='bbox 1947 2683 2057 2726; x_wconf 85' lang='lat' dir='ltr'><strong>atque</strong></span> <span class='ocrx_word' id='word_1_728' title='bbox 2087 2677 2381 2726; x_wconf 75' lang='lat' dir='ltr'><strong>aequabilissima</strong></span> <span class='ocrx_word' id='word_1_729' title='bbox 2410 2677 2465 2714; x_wconf 81' lang='lat' dir='ltr'><strong>di-</strong></span> 
     </span>
     <span class='ocr_line' id='line_1_86' title="bbox 243 2722 2465 2805; baseline 0 -47"><span class='ocrx_word' id='word_1_730' title='bbox 243 2723 377 2758; x_wconf 85' lang='lat' dir='ltr'><strong>visione</strong></span> <span class='ocrx_word' id='word_1_731' title='bbox 383 2735 397 2764; x_wconf 90' lang='lat'><em>;</em></span> <span class='ocrx_word' id='word_1_732' title='bbox 433 2727 518 2758; x_wconf 86' lang='lat' dir='ltr'><strong>ante</strong></span> <span class='ocrx_word' id='word_1_733' title='bbox 548 2724 695 2775; x_wconf 78' lang='lat' dir='ltr'><strong>nuptias</strong></span> <span class='ocrx_word' id='word_1_734' title='bbox 726 2724 958 2760; x_wconf 83' lang='lat' dir='ltr'><strong>donationem</strong></span> <span class='ocrx_word' id='word_1_735' title='bbox 987 2735 1071 2760; x_wconf 84' lang='lat' dir='ltr'><strong>vero</strong></span> <span class='ocrx_word' id='word_1_736' title='bbox 1103 2724 1161 2759; x_wconf 88' lang='lat' dir='ltr'><strong>sui</strong></span> <span class='ocrx_word' id='word_1_737' title='bbox 1190 2728 1383 2770; x_wconf 84' lang='lat' dir='ltr'><strong>utramque</strong></span> <span class='ocrx_word' id='word_1_738' title='bbox 1411 2724 1571 2761; x_wconf 82' lang='lat' dir='ltr'><strong>subolem</strong></span> <span class='ocrx_word' id='word_1_739' title='bbox 1597 2725 1720 2805; x_wconf 76' lang='lat' dir='ltr'><strong>patris</strong></span> <span class='ocrx_word' id='word_1_740' title='bbox 1749 2729 1964 2771; x_wconf 85' lang='lat' dir='ltr'><strong>capturam,</strong></span> <span class='ocrx_word' id='word_1_741' title='bbox 1998 2729 2035 2761; x_wconf 88' lang='lat' dir='ltr'><strong>et</strong></span> <span class='ocrx_word' id='word_1_742' title='bbox 2063 2724 2103 2759; x_wconf 83' lang='lat' dir='ltr'><strong>in</strong></span> <span class='ocrx_word' id='word_1_743' title='bbox 2132 2722 2288 2760; x_wconf 80' lang='lat' dir='ltr'><strong>solidum</strong></span> <span class='ocrx_word' id='word_1_744' title='bbox 2322 2722 2465 2775; x_wconf 61' lang='lat' dir='ltr'><strong>quiglem</strong></span> 
     </span>
     <span class='ocr_line' id='line_1_87' title="bbox 1610 2781 1622 2806; baseline 0 0"><span class='ocrx_word' id='word_1_745' title='bbox 1610 2781 1622 2806; x_wconf 76' lang='grc' dir='ltr'><strong>ι</strong></span> 
     </span>
    </p>
   </div>
   <div class='ocr_carea' id='block_1_47' title="bbox 241 2767 1595 2814">
    <p class='ocr_par' dir='ltr' id='par_1_47' title="bbox 241 2767 1595 2814">
     <span class='ocr_line' id='line_1_88' title="bbox 241 2767 1595 2814; baseline 0.003 -13"><span class='ocrx_word' id='word_1_746' title='bbox 241 2767 351 2814; x_wconf 86' lang='lat' dir='ltr'><strong>primi</strong></span> <span class='ocrx_word' id='word_1_747' title='bbox 388 2768 605 2802; x_wconf 71' lang='lat' dir='ltr'><strong>matrimonii</strong></span> <span class='ocrx_word' id='word_1_748' title='bbox 643 2768 775 2804; x_wconf 84' lang='lat' dir='ltr'><strong>liberos</strong></span> <span class='ocrx_word' id='word_1_749' title='bbox 810 2768 1042 2805; x_wconf 86' lang='lat' dir='ltr'><strong>donationem</strong></span> <span class='ocrx_word' id='word_1_750' title='bbox 1077 2769 1177 2804; x_wconf 84' lang='lat' dir='ltr'><strong>illius</strong></span> <span class='ocrx_word' id='word_1_751' title='bbox 1211 2768 1438 2811; x_wconf 70' lang='lat' dir='ltr'><strong>moraturos,</strong></span> <span class='ocrx_word' id='word_1_752' title='bbox 1480 2770 1519 2804; x_wconf 87' lang='lat' dir='ltr'><strong>in</strong></span> <span class='ocrx_word' id='word_1_753' title='bbox 1553 2780 1595 2806; x_wconf 90' lang='lat' dir='ltr'><strong>so</strong></span> 
     </span>
    </p>
   </div>
   <div class='ocr_carea' id='block_1_48' title="bbox 1624 2768 2465 2806">
    <p class='ocr_par' dir='ltr' id='par_1_48' title="bbox 1624 2768 2465 2806">
     <span class='ocr_line' id='line_1_89' title="bbox 1624 2768 2465 2806; baseline -0.002 -1"><span class='ocrx_word' id='word_1_754' title='bbox 1624 2770 1709 2805; x_wconf 85' lang='lat' dir='ltr'><strong>dum</strong></span> <span class='ocrx_word' id='word_1_755' title='bbox 1743 2775 1862 2805; x_wconf 86' lang='lat' dir='ltr'><strong>autem</strong></span> <span class='ocrx_word' id='word_1_756' title='bbox 1897 2768 2139 2806; x_wconf 77' lang='lat' dir='ltr'><strong>exsecando</strong></span> <span class='ocrx_word' id='word_1_757' title='bbox 2172 2778 2307 2804; x_wconf 83' lang='lat' dir='ltr'><strong>semme</strong></span> <span class='ocrx_word' id='word_1_758' title='bbox 2341 2778 2465 2804; x_wconf 71' lang='lat' dir='ltr'><strong>omun-</strong></span> 
     </span>
    </p>
   </div>
   <div class='ocr_carea' id='block_1_49' title="bbox 243 2811 2466 2892">
    <p class='ocr_par' dir='ltr' id='par_1_49' title="bbox 243 2811 2466 2892">
     <span class='ocr_line' id='line_1_90' title="bbox 243 2811 2466 2892; baseline 0 -44"><span class='ocrx_word' id='word_1_759' title='bbox 243 2812 310 2848; x_wconf 85' lang='lat' dir='ltr'><strong>dos</strong></span> <span class='ocrx_word' id='word_1_760' title='bbox 342 2812 512 2863; x_wconf 75' lang='lat' dir='ltr'><strong>larqitate</strong></span> <span class='ocrx_word' id='word_1_761' title='bbox 542 2812 587 2847; x_wconf 90' lang='lat' dir='ltr'><strong>ab</strong></span> <span class='ocrx_word' id='word_1_762' title='bbox 620 2812 890 2892; x_wconf 54' lang='lat' dir='ltr'><strong>illotprofecta</strong></span> <span class='ocrx_word' id='word_1_763' title='bbox 922 2815 1128 2859; x_wconf 85' lang='lat' dir='ltr'><strong>fruituros,</strong></span> <span class='ocrx_word' id='word_1_764' title='bbox 1163 2813 1247 2850; x_wconf 81' lang='lat' dir='ltr'><strong>licet</strong></span> <span class='ocrx_word' id='word_1_765' title='bbox 1279 2813 1346 2849; x_wconf 83' lang='lat' dir='ltr'><strong>itta</strong></span> <span class='ocrx_word' id='word_1_766' title='bbox 1376 2812 1426 2849; x_wconf 87' lang='lat' dir='ltr'><strong>ad</strong></span> <span class='ocrx_word' id='word_1_767' title='bbox 1457 2814 1601 2850; x_wconf 85' lang='lat' dir='ltr'><strong>tertium</strong></span> <span class='ocrx_word' id='word_1_768' title='bbox 1632 2814 1841 2860; x_wconf 73' lang='lat' dir='ltr'><strong>coniuqium</strong></span> <span class='ocrx_word' id='word_1_769' title='bbox 1871 2825 1946 2850; x_wconf 80' lang='lat' dir='ltr'><strong>non</strong></span> <span class='ocrx_word' id='word_1_770' title='bbox 1977 2814 2200 2862; x_wconf 73' lang='lat' dir='ltr'><strong>miqraverit.</strong></span> <span class='ocrx_word' id='word_1_771' title='bbox 2255 2811 2352 2856; x_wconf 70' lang='lat' dir='ltr'><strong>Quid</strong></span> <span class='ocrx_word' id='word_1_772' title='bbox 2372 2813 2466 2849; x_wconf 75' lang='lat' dir='ltr'><strong>enim</strong></span> 
     </span>
    </p>
   </div>
   <div class='ocr_carea' id='block_1_50' title="bbox 244 2856 690 2908">
    <p class='ocr_par' dir='ltr' id='par_1_50' title="bbox 244 2856 690 2908">
     <span class='ocr_line' id='line_1_91' title="bbox 244 2856 690 2908; baseline -0.002 -16"><span class='ocrx_word' id='word_1_773' title='bbox 244 2857 316 2908; x_wconf 42' lang='lat' dir='ltr'><strong>hoc·</strong></span> <span class='ocrx_word' id='word_1_774' title='bbox 332 2856 520 2903; x_wconf 78' lang='lat' dir='ltr'><strong>prioribus</strong></span> <span class='ocrx_word' id='word_1_775' title='bbox 537 2857 690 2903; x_wconf 80' lang='lat' dir='ltr'><strong>procleri</strong></span> 
     </span>
    </p>
   </div>
   <div class='ocr_carea' id='block_1_51' title="bbox 769 2857 2466 2906">
    <p class='ocr_par' dir='ltr' id='par_1_51' title="bbox 769 2857 2466 2906">
     <span class='ocr_line' id='line_1_92' title="bbox 769 2857 2466 2906; baseline 0.001 -13"><span class='ocrx_word' id='word_1_776' title='bbox 769 2862 833 2893; x_wconf 88' lang='lat' dir='ltr'><strong>aut</strong></span> <span class='ocrx_word' id='word_1_777' title='bbox 856 2858 945 2903; x_wconf 81' lang='lat' dir='ltr'><strong>quid</strong></span> <span class='ocrx_word' id='word_1_778' title='bbox 965 2860 1111 2905; x_wconf 82' lang='lat' dir='ltr'><strong>priores</strong></span> <span class='ocrx_word' id='word_1_779' title='bbox 1135 2858 1239 2895; x_wconf 82' lang='lat' dir='ltr'><strong>liberi</strong></span> <span class='ocrx_word' id='word_1_780' title='bbox 1261 2857 1429 2894; x_wconf 86' lang='lat' dir='ltr'><strong>secundis</strong></span> <span class='ocrx_word' id='word_1_781' title='bbox 1452 2859 1656 2901; x_wconf 81' lang='lat' dir='ltr'><strong>invideant,</strong></span> <span class='ocrx_word' id='word_1_782' title='bbox 1690 2860 1723 2894; x_wconf 88' lang='lat' dir='ltr'><strong>si</strong></span> <span class='ocrx_word' id='word_1_783' title='bbox 1746 2870 1820 2894; x_wconf 86' lang='lat' dir='ltr'><strong>non</strong></span> <span class='ocrx_word' id='word_1_784' title='bbox 1844 2859 1900 2894; x_wconf 81' lang='lat' dir='ltr'><strong>itti</strong></span> <span class='ocrx_word' id='word_1_785' title='bbox 1928 2870 2073 2906; x_wconf 84' lang='lat' dir='ltr'><strong>quoque</strong></span> <span class='ocrx_word' id='word_1_786' title='bbox 2104 2858 2220 2895; x_wconf 81' lang='lat' dir='ltr'><strong>tertiis</strong></span> <span class='ocrx_word' id='word_1_787' title='bbox 2249 2857 2388 2905; x_wconf 72' lang='lat' dir='ltr'><strong>nuptiis</strong></span> <span class='ocrx_word' id='word_1_788' title='bbox 2410 2857 2466 2894; x_wconf 78' lang='lat' dir='ltr'><strong>in-</strong></span> 
     </span>
    </p>
   </div>
   <div class='ocr_carea' id='block_1_52' title="bbox 243 2901 2465 2951">
    <p class='ocr_par' dir='ltr' id='par_1_52' title="bbox 243 2901 2465 2951">
     <span class='ocr_line' id='line_1_93' title="bbox 243 2901 2465 2951; baseline 0 -14"><span class='ocrx_word' id='word_1_789' title='bbox 243 2903 375 2937; x_wconf 66' lang='lat' dir='ltr'><strong>iuriam</strong></span> <span class='ocrx_word' id='word_1_790' title='bbox 397 2902 499 2947; x_wconf 84' lang='lat' dir='ltr'><strong>passi</strong></span> <span class='ocrx_word' id='word_1_791' title='bbox 522 2902 628 2936; x_wconf 84' lang='lat' dir='ltr'><strong>sunt?</strong></span> <span class='ocrx_word' id='word_1_792' title='bbox 675 2901 726 2937; x_wconf 81' lang='lat' dir='ltr'><strong>Et</strong></span> <span class='ocrx_word' id='word_1_793' title='bbox 744 2902 793 2937; x_wconf 86' lang='lat' dir='ltr'><strong>ad</strong></span> <span class='ocrx_word' id='word_1_794' title='bbox 814 2914 987 2938; x_wconf 87' lang='lat' dir='ltr'><strong>summam</strong></span> <span class='ocrx_word' id='word_1_795' title='bbox 1010 2904 1069 2939; x_wconf 87' lang='lat' dir='ltr'><strong>sui</strong></span> <span class='ocrx_word' id='word_1_796' title='bbox 1093 2914 1258 2950; x_wconf 83' lang='lat' dir='ltr'><strong>quaeque</strong></span> <span class='ocrx_word' id='word_1_797' title='bbox 1279 2903 1423 2940; x_wconf 84' lang='lat' dir='ltr'><strong>suboles</strong></span> <span class='ocrx_word' id='word_1_798' title='bbox 1439 2905 1564 2951; x_wconf 84' lang='lat' dir='ltr'><strong>patris</strong></span> <span class='ocrx_word' id='word_1_799' title='bbox 1597 2909 1682 2940; x_wconf 88' lang='lat' dir='ltr'><strong>ante</strong></span> <span class='ocrx_word' id='word_1_800' title='bbox 1705 2905 1855 2951; x_wconf 81' lang='lat' dir='ltr'><strong>nuptias</strong></span> <span class='ocrx_word' id='word_1_801' title='bbox 1877 2904 2109 2940; x_wconf 85' lang='lat' dir='ltr'><strong>donationem</strong></span> <span class='ocrx_word' id='word_1_802' title='bbox 2132 2902 2308 2951; x_wconf 75' lang='lat' dir='ltr'><strong>accipiat,</strong></span> <span class='ocrx_word' id='word_1_803' title='bbox 2337 2906 2373 2939; x_wconf 82' lang='lat' dir='ltr'><strong>et</strong></span> <span class='ocrx_word' id='word_1_804' title='bbox 2395 2902 2465 2938; x_wconf 80' lang='lat' dir='ltr'><strong>uti·</strong></span> 
     </span>
    </p>
   </div>
   <div class='ocr_carea' id='block_1_53' title="bbox 244 2947 1836 3027">
    <p class='ocr_par' dir='ltr' id='par_1_53' title="bbox 244 2947 1836 3027">
     <span class='ocr_line' id='line_1_94' title="bbox 244 2947 1836 3027; baseline 0.002 -45"><span class='ocrx_word' id='word_1_805' title='bbox 244 2958 314 3027; x_wconf 56' lang='lat' dir='ltr'><strong>zue</strong></span> <span class='ocrx_word' id='word_1_806' title='bbox 348 2957 426 2981; x_wconf 85' lang='lat' dir='ltr'><strong>cum</strong></span> <span class='ocrx_word' id='word_1_807' title='bbox 462 2957 540 2981; x_wconf 87' lang='lat' dir='ltr'><strong>eam</strong></span> <span class='ocrx_word' id='word_1_808' title='bbox 569 2947 683 2992; x_wconf 82' lang='lat' dir='ltr'><strong>primi</strong></span> <span class='ocrx_word' id='word_1_809' title='bbox 719 2947 821 2982; x_wconf 82' lang='lat' dir='ltr'><strong>liberi</strong></span> <span class='ocrx_word' id='word_1_810' title='bbox 855 2954 1009 2994; x_wconf 83' lang='lat' dir='ltr'><strong>propter</strong></span> <span class='ocrx_word' id='word_1_811' title='bbox 1039 2949 1218 2984; x_wconf 88' lang='lat' dir='ltr'><strong>secundas</strong></span> <span class='ocrx_word' id='word_1_812' title='bbox 1249 2949 1398 2996; x_wconf 79' lang='lat' dir='ltr'><strong>nuptias</strong></span> <span class='ocrx_word' id='word_1_813' title='bbox 1428 2949 1653 2996; x_wconf 84' lang='lat' dir='ltr'><strong>acceperint,</strong></span> <span class='ocrx_word' id='word_1_814' title='bbox 1688 2950 1836 2985; x_wconf 82' lang='lat' dir='ltr'><strong>secundi</strong></span> 
     </span>
    </p>
   </div>
   <div class='ocr_carea' id='block_1_54' title="bbox 1892 2946 2466 2996">
    <p class='ocr_par' dir='ltr' id='par_1_54' title="bbox 1892 2946 2466 2996">
     <span class='ocr_line' id='line_1_95' title="bbox 1892 2946 2466 2996; baseline 0 -12"><span class='ocrx_word' id='word_1_815' title='bbox 1892 2960 2013 2996; x_wconf 83' lang='lat' dir='ltr'><strong>uoque</strong></span> <span class='ocrx_word' id='word_1_816' title='bbox 2046 2948 2210 2985; x_wconf 88' lang='lat' dir='ltr'><strong>omnibus</strong></span> <span class='ocrx_word' id='word_1_817' title='bbox 2239 2946 2357 2984; x_wconf 80' lang='lat' dir='ltr'><strong>modis</strong></span> <span class='ocrx_word' id='word_1_818' title='bbox 2386 2957 2466 2984; x_wconf 84' lang='lat' dir='ltr'><strong>eam</strong></span> 
     </span>
    </p>
   </div>
   <div class='ocr_carea' id='block_1_55' title="bbox 269 2991 2465 3041">
    <p class='ocr_par' dir='ltr' id='par_1_55' title="bbox 269 2991 2465 3041">
     <span class='ocr_line' id='line_1_96' title="bbox 269 2991 2465 3041; baseline 0 -14"><span class='ocrx_word' id='word_1_819' title='bbox 269 2992 418 3032; x_wconf 83' lang='lat' dir='ltr'><strong>abeant,</strong></span> <span class='ocrx_word' id='word_1_820' title='bbox 448 2991 531 3025; x_wconf 85' lang='lat' dir='ltr'><strong>licet</strong></span> <span class='ocrx_word' id='word_1_821' title='bbox 553 3002 646 3036; x_wconf 82' lang='lat' dir='ltr'><strong>quac</strong></span> <span class='ocrx_word' id='word_1_822' title='bbox 668 2991 825 3026; x_wconf 73' lang='lat' dir='ltr'><strong>secundo</strong></span> <span class='ocrx_word' id='word_1_823' title='bbox 850 2994 974 3038; x_wconf 80' lang='lat' dir='ltr'><strong>nupsit</strong></span> <span class='ocrx_word' id='word_1_824' title='bbox 998 2993 1047 3028; x_wconf 84' lang='lat' dir='ltr'><strong>ad</strong></span> <span class='ocrx_word' id='word_1_825' title='bbox 1071 2994 1197 3029; x_wconf 87' lang='lat' dir='ltr'><strong>tertias</strong></span> <span class='ocrx_word' id='word_1_826' title='bbox 1220 2994 1369 3041; x_wconf 81' lang='lat' dir='ltr'><strong>nuptias</strong></span> <span class='ocrx_word' id='word_1_827' title='bbox 1397 3004 1472 3029; x_wconf 85' lang='lat' dir='ltr'><strong>non</strong></span> <span class='ocrx_word' id='word_1_828' title='bbox 1497 2995 1704 3030; x_wconf 88' lang='lat' dir='ltr'><strong>transierit:</strong></span> <span class='ocrx_word' id='word_1_829' title='bbox 1737 2998 1779 3030; x_wconf 88' lang='lat' dir='ltr'><strong>ut</strong></span> <span class='ocrx_word' id='word_1_830' title='bbox 1801 2996 1838 3031; x_wconf 85' lang='lat' dir='ltr'><strong>in</strong></span> <span class='ocrx_word' id='word_1_831' title='bbox 1888 3005 1931 3029; x_wconf 91' lang='lat' dir='ltr'><strong>ac</strong></span> <span class='ocrx_word' id='word_1_832' title='bbox 1961 3005 2002 3030; x_wconf 86' lang='lat' dir='ltr'><strong>re</strong></span> <span class='ocrx_word' id='word_1_833' title='bbox 2024 3005 2099 3030; x_wconf 86' lang='lat' dir='ltr'><strong>non</strong></span> <span class='ocrx_word' id='word_1_834' title='bbox 2123 2993 2314 3030; x_wconf 81' lang='lat' dir='ltr'><strong>videantur</strong></span> <span class='ocrx_word' id='word_1_835' title='bbox 2334 2992 2465 3040; x_wconf 66' lang='lat' dir='ltr'><strong>fratri-</strong></span> 
     </span>
    </p>
   </div>
   <div class='ocr_carea' id='block_1_56' title="bbox 244 3078 1321 3575">
    <p class='ocr_par' dir='ltr' id='par_1_56' title="bbox 244 3078 1321 3575">
     <span class='ocr_line' id='line_1_97' title="bbox 290 3078 1320 3129; baseline 0.003 -13"><span class='ocrx_word' id='word_1_836' title='bbox 290 3085 310 3116; x_wconf 90' lang='lat'><strong>2</strong></span> <span class='ocrx_word' id='word_1_837' title='bbox 334 3078 489 3127; x_wconf 84' lang='grc' dir='ltr'><strong><em>πότερον</em></strong></span> <span class='ocrx_word' id='word_1_838' title='bbox 503 3081 534 3113; x_wconf 90' lang='lat' dir='ltr'><em>L</em></span> <span class='ocrx_word' id='word_1_839' title='bbox 549 3081 562 3123; x_wconf 83' lang='grc' dir='ltr'><strong>ΙΙ</strong></span> <span class='ocrx_word' id='word_1_840' title='bbox 581 3082 598 3113; x_wconf 83' lang='grc'><strong>7</strong></span> <span class='ocrx_word' id='word_1_841' title='bbox 623 3078 797 3125; x_wconf 67' lang='grc' dir='ltr'><strong><em>γράφουσι</em></strong></span> <span class='ocrx_word' id='word_1_842' title='bbox 819 3079 858 3113; x_wconf 81' lang='grc' dir='ltr'><strong>δὲ</strong></span> <span class='ocrx_word' id='word_1_843' title='bbox 880 3084 939 3114; x_wconf 88' lang='grc' dir='ltr'><strong>καὶ</strong></span> <span class='ocrx_word' id='word_1_844' title='bbox 963 3079 1136 3117; x_wconf 80' lang='grc' dir='ltr'><strong><em>ἐλάττονα</em></strong></span> <span class='ocrx_word' id='word_1_845' title='bbox 1162 3098 1219 3118; x_wconf 86' lang='lat' dir='ltr'><strong>om.</strong></span> <span class='ocrx_word' id='word_1_846' title='bbox 1239 3086 1284 3118; x_wconf 68' lang='lat' dir='ltr'><strong>Bt</strong></span> <span class='ocrx_word' id='word_1_847' title='bbox 1306 3085 1320 3129; x_wconf 79' lang='grc'><strong>1]</strong></span> 
     </span>
     <span class='ocr_line' id='line_1_98' title="bbox 245 3123 1317 3172; baseline 0.004 -13"><span class='ocrx_word' id='word_1_848' title='bbox 245 3131 265 3163; x_wconf 88' lang='grc'>8</span> <span class='ocrx_word' id='word_1_849' title='bbox 287 3124 458 3171; x_wconf 73' lang='grc' dir='ltr'><strong><em>ἐκβάσεις]</em></strong></span> <span class='ocrx_word' id='word_1_850' title='bbox 473 3125 579 3166; x_wconf 86' lang='grc' dir='ltr'><strong><em>τύχας</em></strong></span> <span class='ocrx_word' id='word_1_851' title='bbox 592 3125 626 3157; x_wconf 93' lang='grc' dir='ltr'><em>Β</em></span> <span class='ocrx_word' id='word_1_852' title='bbox 642 3124 654 3168; x_wconf 85' lang='grc' dir='ltr'><strong>ΙΙ</strong></span> <span class='ocrx_word' id='word_1_853' title='bbox 677 3127 716 3158; x_wconf 87' lang='grc'><strong>12</strong></span> <span class='ocrx_word' id='word_1_854' title='bbox 738 3123 847 3158; x_wconf 82' lang='grc' dir='ltr'><strong><em>πλέον</em></strong></span> <span class='ocrx_word' id='word_1_855' title='bbox 866 3127 906 3158; x_wconf 70' lang='lat'><strong>13¹</strong></span> <span class='ocrx_word' id='word_1_856' title='bbox 923 3125 1093 3160; x_wconf 82' lang='grc' dir='ltr'><strong><em>πλεῖστον</em></strong></span> <span class='ocrx_word' id='word_1_857' title='bbox 1107 3130 1135 3162; x_wconf 96' lang='lat' dir='ltr'><em>L</em></span> <span class='ocrx_word' id='word_1_858' title='bbox 1153 3129 1165 3172; x_wconf 79' lang='grc' dir='ltr'><strong>ΙΙ</strong></span> <span class='ocrx_word' id='word_1_859' title='bbox 1187 3131 1225 3163; x_wconf 88' lang='grc'><strong>13</strong></span> <span class='ocrx_word' id='word_1_860' title='bbox 1245 3131 1317 3172; x_wconf 80' lang='grc' dir='ltr'><strong><em>ἐπὶ]</em></strong></span> 
     </span>
     <span class='ocr_line' id='line_1_99' title="bbox 245 3166 1320 3219; baseline 0.002 -13"><span class='ocrx_word' id='word_1_861' title='bbox 245 3174 285 3206; x_wconf 79' lang='grc' dir='ltr'><strong>έν</strong></span> <span class='ocrx_word' id='word_1_862' title='bbox 314 3172 355 3205; x_wconf 77' lang='lat'><strong>13¹</strong></span> <span class='ocrx_word' id='word_1_863' title='bbox 382 3172 394 3216; x_wconf 83' lang='grc' dir='ltr'><strong>ΙΙ</strong></span> <span class='ocrx_word' id='word_1_864' title='bbox 428 3173 466 3205; x_wconf 84' lang='grc'><strong>15</strong></span> <span class='ocrx_word' id='word_1_865' title='bbox 497 3172 619 3203; x_wconf 87' lang='lat' dir='ltr'><strong>euentu</strong></span> <span class='ocrx_word' id='word_1_866' title='bbox 645 3170 701 3209; x_wconf 88' lang='lat' dir='ltr'><strong>M]</strong></span> <span class='ocrx_word' id='word_1_867' title='bbox 734 3166 1016 3213; x_wconf 70' lang='grc' dir='ltr'><strong><em>ἀποτελέσματος</em></strong></span> <span class='ocrx_word' id='word_1_868' title='bbox 1043 3174 1087 3205; x_wconf 89' lang='lat' dir='ltr'><em>M</em></span> <span class='ocrx_word' id='word_1_869' title='bbox 1098 3187 1123 3206; x_wconf 83' lang='lat' dir='ltr'><strong>s.</strong></span> <span class='ocrx_word' id='word_1_870' title='bbox 1137 3186 1178 3214; x_wconf 87' lang='lat' dir='ltr'><strong>v.‚</strong></span> <span class='ocrx_word' id='word_1_871' title='bbox 1204 3175 1273 3208; x_wconf 90' lang='lat' dir='ltr'><strong>LB</strong></span> <span class='ocrx_word' id='word_1_872' title='bbox 1307 3178 1320 3219; x_wconf 84' lang='grc' dir='ltr'><strong>ΙΙ</strong></span> 
     </span>
     <span class='ocr_line' id='line_1_100' title="bbox 249 3212 1319 3262; baseline 0 -10"><span class='ocrx_word' id='word_1_873' title='bbox 249 3221 287 3252; x_wconf 85' lang='grc'><strong>16</strong></span> <span class='ocrx_word' id='word_1_874' title='bbox 311 3214 577 3262; x_wconf 83' lang='grc' dir='ltr'><strong><em>παραλειπτέον</em></strong></span> <span class='ocrx_word' id='word_1_875' title='bbox 595 3213 674 3254; x_wconf 66' lang='grc' dir='ltr'><strong><em>Βῑς]</em></strong></span> <span class='ocrx_word' id='word_1_876' title='bbox 700 3212 956 3259; x_wconf 83' lang='grc' dir='ltr'><strong><em>παραληπτέον</em></strong></span> <span class='ocrx_word' id='word_1_877' title='bbox 975 3215 1236 3262; x_wconf 85' lang='grc' dir='ltr'><strong><em>(παραλιπτέον</em></strong></span> <span class='ocrx_word' id='word_1_878' title='bbox 1258 3221 1319 3260; x_wconf 84' lang='lat' dir='ltr'><strong>L¹)</strong></span> 
     </span>
     <span class='ocr_line' id='line_1_101' title="bbox 246 3256 1319 3306; baseline 0.009 -19"><span class='ocrx_word' id='word_1_879' title='bbox 246 3262 372 3296; x_wconf 70' lang='lat' dir='ltr'><em>MLBJ</em></span> <span class='ocrx_word' id='word_1_880' title='bbox 388 3261 400 3306; x_wconf 71' lang='lat' dir='ltr'><strong>n</strong></span> <span class='ocrx_word' id='word_1_881' title='bbox 421 3263 457 3295; x_wconf 82' lang='lat'><strong>17</strong></span> <span class='ocrx_word' id='word_1_882' title='bbox 486 3256 684 3299; x_wconf 79' lang='grc' dir='ltr'><strong><em>Θεοδόσιος]</em></strong></span> <span class='ocrx_word' id='word_1_883' title='bbox 710 3260 785 3292; x_wconf 80' lang='lat' dir='ltr'><strong>Cod.</strong></span> <span class='ocrx_word' id='word_1_884' title='bbox 801 3262 831 3299; x_wconf 88' lang='lat'><strong>5,</strong></span> <span class='ocrx_word' id='word_1_885' title='bbox 846 3267 874 3299; x_wconf 82' lang='grc'><strong>9,</strong></span> <span class='ocrx_word' id='word_1_886' title='bbox 891 3267 904 3292; x_wconf 78' lang='lat'>4</span> <span class='ocrx_word' id='word_1_887' title='bbox 925 3260 936 3301; x_wconf 88' lang='grc' dir='ltr'><strong>ΙΙ</strong></span> <span class='ocrx_word' id='word_1_888' title='bbox 957 3262 994 3293; x_wconf 65' lang='lat'><strong>18</strong></span> <span class='ocrx_word' id='word_1_889' title='bbox 1019 3259 1151 3295; x_wconf 85' lang='grc' dir='ltr'><strong><em>παῖδας</em></strong></span> <span class='ocrx_word' id='word_1_890' title='bbox 1172 3275 1319 3305; x_wconf 88' lang='grc' dir='ltr'><strong><em>ποιησα-</em></strong></span> 
     </span>
     <span class='ocr_line' id='line_1_102' title="bbox 244 3300 1321 3381; baseline 0.001 -41"><span class='ocrx_word' id='word_1_891' title='bbox 244 3310 332 3351; x_wconf 86' lang='grc' dir='ltr'><strong><em>μένη</em></strong></span> <span class='ocrx_word' id='word_1_892' title='bbox 360 3307 394 3340; x_wconf 85' lang='grc' dir='ltr'><em>Β</em></span> <span class='ocrx_word' id='word_1_893' title='bbox 424 3307 435 3350; x_wconf 73' lang='grc' dir='ltr'><strong>ΙΙ</strong></span> <span class='ocrx_word' id='word_1_894' title='bbox 455 3308 494 3339; x_wconf 77' lang='grc'><strong>19</strong></span> <span class='ocrx_word' id='word_1_895' title='bbox 518 3302 590 3338; x_wconf 75' lang='grc' dir='ltr'><strong><em>ἔλθ’</em></strong></span> <span class='ocrx_word' id='word_1_896' title='bbox 634 3303 680 3337; x_wconf 70' lang='lat' dir='ltr'><strong>B‘</strong></span> <span class='ocrx_word' id='word_1_897' title='bbox 699 3302 711 3347; x_wconf 90' lang='grc' dir='ltr'><strong>ΙΙ</strong></span> <span class='ocrx_word' id='word_1_898' title='bbox 735 3300 836 3336; x_wconf 76' lang='grc' dir='ltr'><strong><em>αὐτοὶ</em></strong></span> <span class='ocrx_word' id='word_1_899' title='bbox 858 3304 903 3336; x_wconf 78' lang='lat' dir='ltr'><strong>B¹</strong></span> <span class='ocrx_word' id='word_1_900' title='bbox 930 3303 949 3381; x_wconf 42' lang='lat' dir='ltr'><strong>{AE</strong></span> <span class='ocrx_word' id='word_1_901' title='bbox 975 3307 1016 3338; x_wconf 80' lang='lat'><strong>22</strong></span> <span class='ocrx_word' id='word_1_902' title='bbox 1042 3302 1240 3340; x_wconf 70' lang='grc' dir='ltr'><strong><em>ἀδιαθέτου</em></strong></span> <span class='ocrx_word' id='word_1_903' title='bbox 1261 3309 1321 3350; x_wconf 84' lang='grc' dir='ltr'><strong>τῆς</strong></span> 
     </span>
     <span class='ocr_line' id='line_1_103' title="bbox 247 3347 1319 3394; baseline -0.001 -8"><span class='ocrx_word' id='word_1_904' title='bbox 247 3354 348 3393; x_wconf 66' lang='lat' dir='ltr'><strong>LBs]</strong></span> <span class='ocrx_word' id='word_1_905' title='bbox 373 3348 571 3385; x_wconf 80' lang='grc' dir='ltr'><strong><em>ἇδιαθέ’του</em></strong></span> <span class='ocrx_word' id='word_1_906' title='bbox 616 3349 633 3381; x_wconf 71' lang='grc' dir='ltr'><strong><em>ἒ</em></strong></span> <span class='ocrx_word' id='word_1_907' title='bbox 651 3348 712 3389; x_wconf 83' lang='grc' dir='ltr'><strong>τῆς</strong></span> <span class='ocrx_word' id='word_1_908' title='bbox 737 3348 778 3380; x_wconf 86' lang='grc' dir='ltr'><em>Μ</em></span> <span class='ocrx_word' id='word_1_909' title='bbox 791 3347 803 3391; x_wconf 83' lang='grc' dir='ltr'><strong>ΙΙ</strong></span> <span class='ocrx_word' id='word_1_910' title='bbox 823 3350 864 3381; x_wconf 84' lang='lat'><strong>23</strong></span> <span class='ocrx_word' id='word_1_911' title='bbox 888 3361 927 3381; x_wconf 81' lang='grc' dir='ltr'><strong>τε</strong></span> <span class='ocrx_word' id='word_1_912' title='bbox 950 3347 1142 3392; x_wconf 80' lang='grc' dir='ltr'><strong><em>ευτησάσης</em></strong></span> <span class='ocrx_word' id='word_1_913' title='bbox 1163 3352 1196 3383; x_wconf 88' lang='grc' dir='ltr'><em>Β</em></span> <span class='ocrx_word' id='word_1_914' title='bbox 1215 3352 1227 3394; x_wconf 87' lang='grc' dir='ltr'><strong>ΙΙ</strong></span> <span class='ocrx_word' id='word_1_915' title='bbox 1242 3350 1319 3385; x_wconf 85' lang='grc' dir='ltr'><strong><em>δια-</em></strong></span> 
     </span>
     <span class='ocr_line' id='line_1_104' title="bbox 245 3391 1321 3441; baseline 0.002 -14"><span class='ocrx_word' id='word_1_916' title='bbox 245 3394 423 3440; x_wconf 75' lang='grc' dir='ltr'><strong><em>νεμήσεως</em></strong></span> <span class='ocrx_word' id='word_1_917' title='bbox 442 3397 511 3436; x_wconf 79' lang='grc' dir='ltr'><strong>Βς]</strong></span> <span class='ocrx_word' id='word_1_918' title='bbox 536 3391 777 3437; x_wconf 85' lang='grc' dir='ltr'><strong><em>διανεμήσεως</em></strong></span> <span class='ocrx_word' id='word_1_919' title='bbox 796 3393 899 3426; x_wconf 58' lang='grc' dir='ltr'><strong><em>ἔσται</em></strong></span> <span class='ocrx_word' id='word_1_920' title='bbox 916 3394 987 3425; x_wconf 91' lang='lat' dir='ltr'><strong>ML</strong></span> <span class='ocrx_word' id='word_1_921' title='bbox 1007 3394 1019 3437; x_wconf 86' lang='grc' dir='ltr'><strong>ΙΙ</strong></span> <span class='ocrx_word' id='word_1_922' title='bbox 1035 3395 1075 3427; x_wconf 84' lang='lat'><strong>24</strong></span> <span class='ocrx_word' id='word_1_923' title='bbox 1101 3393 1187 3439; x_wconf 83' lang='grc' dir='ltr'><strong><em>πρὸς</em></strong></span> <span class='ocrx_word' id='word_1_924' title='bbox 1206 3394 1321 3441; x_wconf 88' lang='grc' dir='ltr'><strong><em>γάμον</em></strong></span> 
     </span>
     <span class='ocr_line' id='line_1_105' title="bbox 248 3438 1320 3487; baseline -0.002 -11"><span class='ocrx_word' id='word_1_925' title='bbox 248 3444 278 3476; x_wconf 89' lang='lat' dir='ltr'><em>L</em></span> <span class='ocrx_word' id='word_1_926' title='bbox 294 3443 306 3486; x_wconf 83' lang='grc' dir='ltr'><strong>ΙΙ</strong></span> <span class='ocrx_word' id='word_1_927' title='bbox 331 3445 374 3477; x_wconf 80' lang='lat'><strong>26</strong></span> <span class='ocrx_word' id='word_1_928' title='bbox 397 3438 544 3487; x_wconf 82' lang='grc' dir='ltr'><strong><em>πρώτου</em></strong></span> <span class='ocrx_word' id='word_1_929' title='bbox 571 3439 692 3479; x_wconf 83' lang='lat' dir='ltr'><em>MLB]</em></span> <span class='ocrx_word' id='word_1_930' title='bbox 716 3438 837 3481; x_wconf 71' lang='lat' dir='ltr'><strong>prioris</strong></span> <span class='ocrx_word' id='word_1_931' title='bbox 862 3449 881 3473; x_wconf 80' lang='grc' dir='ltr'><strong>ς</strong></span> <span class='ocrx_word' id='word_1_932' title='bbox 907 3438 919 3479; x_wconf 74' lang='grc' dir='ltr'><strong>Ι]</strong></span> <span class='ocrx_word' id='word_1_933' title='bbox 945 3439 986 3470; x_wconf 82' lang='grc'><strong>29</strong></span> <span class='ocrx_word' id='word_1_934' title='bbox 1012 3451 1082 3482; x_wconf 86' lang='grc' dir='ltr'><strong>προ</strong></span> <span class='ocrx_word' id='word_1_935' title='bbox 1109 3440 1151 3471; x_wconf 89' lang='lat' dir='ltr'><strong>L¹</strong></span> <span class='ocrx_word' id='word_1_936' title='bbox 1176 3441 1187 3481; x_wconf 78' lang='grc' dir='ltr'><strong>Ι]</strong></span> <span class='ocrx_word' id='word_1_937' title='bbox 1207 3442 1320 3484; x_wconf 69' lang='grc' dir='ltr'><strong><em>ἐκείνη</em></strong></span> 
     </span>
     <span class='ocr_line' id='line_1_106' title="bbox 247 3481 1319 3530; baseline -0.001 -9"><span class='ocrx_word' id='word_1_938' title='bbox 247 3501 305 3520; x_wconf 87' lang='lat' dir='ltr'><strong>om.</strong></span> <span class='ocrx_word' id='word_1_939' title='bbox 320 3488 365 3520; x_wconf 89' lang='grc' dir='ltr'><strong>Μ</strong></span> <span class='ocrx_word' id='word_1_940' title='bbox 374 3487 386 3530; x_wconf 77' lang='grc' dir='ltr'><strong>ΙΙ</strong></span> <span class='ocrx_word' id='word_1_941' title='bbox 405 3488 448 3521; x_wconf 85' lang='grc'><strong>34</strong></span> <span class='ocrx_word' id='word_1_942' title='bbox 473 3481 645 3530; x_wconf 77' lang='grc' dir='ltr'><strong><em>πρώτων]</em></strong></span> <span class='ocrx_word' id='word_1_943' title='bbox 669 3482 837 3525; x_wconf 84' lang='lat' dir='ltr'><strong>prioribus</strong></span> <span class='ocrx_word' id='word_1_944' title='bbox 861 3494 880 3518; x_wconf 83' lang='grc' dir='ltr'><strong><em>ς</em></strong></span> <span class='ocrx_word' id='word_1_945' title='bbox 897 3482 909 3525; x_wconf 84' lang='grc' dir='ltr'><strong>ΙΙ</strong></span> <span class='ocrx_word' id='word_1_946' title='bbox 928 3485 967 3515; x_wconf 80' lang='lat'><strong>35</strong></span> <span class='ocrx_word' id='word_1_947' title='bbox 994 3485 1053 3515; x_wconf 82' lang='grc' dir='ltr'><strong>καὶ</strong></span> <span class='ocrx_word' id='word_1_948' title='bbox 1079 3485 1155 3516; x_wconf 83' lang='lat' dir='ltr'><strong>add.</strong></span> <span class='ocrx_word' id='word_1_949' title='bbox 1171 3485 1319 3519; x_wconf 73' lang='lat' dir='ltr'><strong>Halonn-</strong></span> 
     </span>
     <span class='ocr_line' id='line_1_107' title="bbox 247 3524 1171 3575; baseline -0.006 -10"><span class='ocrx_word' id='word_1_950' title='bbox 247 3534 304 3565; x_wconf 81' lang='lat' dir='ltr'><strong>der</strong></span> <span class='ocrx_word' id='word_1_951' title='bbox 328 3545 367 3565; x_wconf 74' lang='lat' dir='ltr'><strong>ez·</strong></span> <span class='ocrx_word' id='word_1_952' title='bbox 390 3543 410 3568; x_wconf 80' lang='grc' dir='ltr'><strong><em>ς</em></strong></span> <span class='ocrx_word' id='word_1_953' title='bbox 425 3531 437 3575; x_wconf 86' lang='grc' dir='ltr'><strong>ΙΙ</strong></span> <span class='ocrx_word' id='word_1_954' title='bbox 457 3533 497 3565; x_wconf 85' lang='lat'><strong>37</strong></span> <span class='ocrx_word' id='word_1_955' title='bbox 525 3525 676 3563; x_wconf 76' lang='grc' dir='ltr'><strong><em>ὥστε-</em></strong></span> <span class='ocrx_word' id='word_1_956' title='bbox 692 3530 788 3569; x_wconf 85' lang='lat'>171‚1</span> <span class='ocrx_word' id='word_1_957' title='bbox 811 3524 1055 3560; x_wconf 69' lang='grc' dir='ltr'><strong><em>ἐλαττοῦσθαι</em></strong></span> <span class='ocrx_word' id='word_1_958' title='bbox 1079 3541 1136 3561; x_wconf 89' lang='lat' dir='ltr'><strong>om.</strong></span> <span class='ocrx_word' id='word_1_959' title='bbox 1152 3541 1171 3564; x_wconf 76' lang='grc' dir='ltr'><em>ς</em></span> 
     </span>
    </p>
   </div>
   <div class='ocr_carea' id='block_1_57' title="bbox 249 3610 1323 3709">
    <p class='ocr_par' dir='ltr' id='par_1_57' title="bbox 249 3610 1323 3709">
     <span class='ocr_line' id='line_1_108' title="bbox 307 3610 1323 3662; baseline -0.003 -6"><span class='ocrx_word' id='word_1_960' title='bbox 307 3625 319 3655; x_wconf 90' lang='grc'>1</span> <span class='ocrx_word' id='word_1_961' title='bbox 343 3625 432 3655; x_wconf 83' lang='lat' dir='ltr'><strong>rubr.</strong></span> <span class='ocrx_word' id='word_1_962' title='bbox 466 3621 571 3653; x_wconf 87' lang='lat' dir='ltr'><strong>Cuius</strong></span> <span class='ocrx_word' id='word_1_963' title='bbox 593 3619 751 3662; x_wconf 86' lang='lat' dir='ltr'><strong>temporis</strong></span> <span class='ocrx_word' id='word_1_964' title='bbox 775 3610 977 3660; x_wconf 69' lang='lat' dir='ltr'><strong>eomputa&#39;tio</strong></span> <span class='ocrx_word' id='word_1_965' title='bbox 1000 3618 1175 3661; x_wconf 81' lang='lat' dir='ltr'><strong>spectanda</strong></span> <span class='ocrx_word' id='word_1_966' title='bbox 1199 3620 1251 3652; x_wconf 81' lang='lat' dir='ltr'><strong>sit.</strong></span> <span class='ocrx_word' id='word_1_967' title='bbox 1290 3624 1323 3653; x_wconf 90' lang='lat' dir='ltr'><strong>et</strong></span> 
     </span>
     <span class='ocr_line' id='line_1_109' title="bbox 249 3662 1322 3709; baseline -0.003 -10"><span class='ocrx_word' id='word_1_968' title='bbox 249 3666 411 3707; x_wconf 82' lang='lat' dir='ltr'><strong>quomodo</strong></span> <span class='ocrx_word' id='word_1_969' title='bbox 440 3665 605 3707; x_wconf 80' lang='lat' dir='ltr'><strong>superflua</strong></span> <span class='ocrx_word' id='word_1_970' title='bbox 629 3664 797 3705; x_wconf 84' lang='lat' dir='ltr'><strong>quantitas</strong></span> <span class='ocrx_word' id='word_1_971' title='bbox 826 3662 981 3695; x_wconf 83' lang='lat' dir='ltr'><strong>distribui</strong></span> <span class='ocrx_word' id='word_1_972' title='bbox 1012 3662 1128 3696; x_wconf 73' lang='lat' dir='ltr'><strong>debeat</strong></span> <span class='ocrx_word' id='word_1_973' title='bbox 1159 3663 1190 3695; x_wconf 83' lang='lat' dir='ltr'><em>R</em></span> <span class='ocrx_word' id='word_1_974' title='bbox 1215 3677 1275 3708; x_wconf 77' lang='lat' dir='ltr'><strong>my.</strong></span> <span class='ocrx_word' id='word_1_975' title='bbox 1310 3665 1322 3709; x_wconf 80' lang='grc' dir='ltr'><strong>Π</strong></span> 
     </span>
    </p>
   </div>
   <div class='ocr_carea' id='block_1_58' title="bbox 1388 3082 2466 3710">
    <p class='ocr_par' dir='ltr' id='par_1_58' title="bbox 1388 3082 2466 3443">
     <span class='ocr_line' id='line_1_110' title="bbox 1389 3082 2466 3130; baseline 0 -13"><span class='ocrx_word' id='word_1_976' title='bbox 1389 3096 1469 3118; x_wconf 88' lang='lat' dir='ltr'><strong>uero</strong></span> <span class='ocrx_word' id='word_1_977' title='bbox 1494 3098 1551 3119; x_wconf 88' lang='lat' dir='ltr'><strong>om.</strong></span> <span class='ocrx_word' id='word_1_978' title='bbox 1576 3085 1611 3120; x_wconf 88' lang='lat' dir='ltr'><strong><em>V</em></strong></span> <span class='ocrx_word' id='word_1_979' title='bbox 1627 3085 1640 3130; x_wconf 84' lang='grc' dir='ltr'><strong>ΙΙ</strong></span> <span class='ocrx_word' id='word_1_980' title='bbox 1664 3087 1684 3120; x_wconf 85' lang='grc'>3</span> <span class='ocrx_word' id='word_1_981' title='bbox 1709 3085 1901 3120; x_wconf 83' lang='lat' dir='ltr'><strong>*solutione</strong></span> <span class='ocrx_word' id='word_1_982' title='bbox 1926 3086 2004 3119; x_wconf 81' lang='lat' dir='ltr'><strong>libri</strong></span> <span class='ocrx_word' id='word_1_983' title='bbox 2027 3084 2040 3129; x_wconf 92' lang='grc' dir='ltr'><strong>ΙΙ</strong></span> <span class='ocrx_word' id='word_1_984' title='bbox 2067 3086 2084 3117; x_wconf 82' lang='grc'><strong>7</strong></span> <span class='ocrx_word' id='word_1_985' title='bbox 2110 3085 2170 3117; x_wconf 80' lang='lat' dir='ltr'><strong>aut</strong></span> <span class='ocrx_word' id='word_1_986' title='bbox 2194 3084 2348 3117; x_wconf 75' lang='lat' dir='ltr'><strong>fortunae</strong></span> <span class='ocrx_word' id='word_1_987' title='bbox 2370 3082 2422 3117; x_wconf 62' lang='grc' dir='ltr'><strong>Β*</strong></span> <span class='ocrx_word' id='word_1_988' title='bbox 2452 3082 2466 3126; x_wconf 72' lang='grc' dir='ltr'>Ι</span> 
     </span>
     <span class='ocr_line' id='line_1_111' title="bbox 1389 3128 2464 3175; baseline -0.003 -12"><span class='ocrx_word' id='word_1_989' title='bbox 1389 3132 1510 3164; x_wconf 86' lang='lat' dir='ltr'><strong>euntus</strong></span> <span class='ocrx_word' id='word_1_990' title='bbox 1534 3130 1584 3164; x_wconf 83' lang='lat' dir='ltr'><strong>R¹</strong></span> <span class='ocrx_word' id='word_1_991' title='bbox 1614 3129 1627 3175; x_wconf 80' lang='grc'><strong>1]</strong></span> <span class='ocrx_word' id='word_1_992' title='bbox 1656 3132 1676 3166; x_wconf 88' lang='lat'>8</span> <span class='ocrx_word' id='word_1_993' title='bbox 1700 3132 1892 3174; x_wconf 73' lang='lat' dir='ltr'><strong>operantur]</strong></span> <span class='ocrx_word' id='word_1_994' title='bbox 1917 3129 2014 3168; x_wconf 84' lang='lat' dir='ltr'><strong>Quod</strong></span> <span class='ocrx_word' id='word_1_995' title='bbox 2037 3128 2113 3172; x_wconf 87' lang='lat' dir='ltr'><strong>plus</strong></span> <span class='ocrx_word' id='word_1_996' title='bbox 2139 3130 2187 3163; x_wconf 88' lang='lat' dir='ltr'><strong>est</strong></span> <span class='ocrx_word' id='word_1_997' title='bbox 2209 3130 2354 3171; x_wconf 84' lang='lat' dir='ltr'><strong>tempore</strong></span> <span class='ocrx_word' id='word_1_998' title='bbox 2378 3138 2464 3161; x_wconf 88' lang='lat' dir='ltr'><strong>mor·</strong></span> 
     </span>
     <span class='ocr_line' id='line_1_112' title="bbox 1388 3172 2464 3218; baseline -0.002 -10"><span class='ocrx_word' id='word_1_999' title='bbox 1388 3176 1431 3208; x_wconf 90' lang='lat' dir='ltr'><strong>tis</strong></span> <span class='ocrx_word' id='word_1_1000' title='bbox 1455 3175 1573 3208; x_wconf 91' lang='lat' dir='ltr'><strong>binubi</strong></span> <span class='ocrx_word' id='word_1_1001' title='bbox 1597 3176 1774 3218; x_wconf 83' lang='lat' dir='ltr'><strong>inspicitur</strong></span> <span class='ocrx_word' id='word_1_1002' title='bbox 1798 3176 1875 3209; x_wconf 84' lang='lat' dir='ltr'><strong>add.</strong></span> <span class='ocrx_word' id='word_1_1003' title='bbox 1890 3175 1940 3209; x_wconf 85' lang='lat' dir='ltr'><strong>R¹</strong></span> <span class='ocrx_word' id='word_1_1004' title='bbox 1955 3176 1966 3217; x_wconf 81' lang='grc' dir='ltr'><strong>ΙΙ</strong></span> <span class='ocrx_word' id='word_1_1005' title='bbox 1984 3175 2035 3215; x_wconf 89' lang='lat' dir='ltr'><strong>ut]</strong></span> <span class='ocrx_word' id='word_1_1006' title='bbox 2061 3175 2094 3207; x_wconf 87' lang='lat' dir='ltr'><strong>et</strong></span> <span class='ocrx_word' id='word_1_1007' title='bbox 2111 3173 2162 3207; x_wconf 80' lang='lat' dir='ltr'><strong>R²</strong></span> <span class='ocrx_word' id='word_1_1008' title='bbox 2177 3173 2190 3216; x_wconf 85' lang='grc' dir='ltr'><strong>ΙΙ</strong></span> <span class='ocrx_word' id='word_1_1009' title='bbox 2208 3175 2287 3216; x_wconf 67' lang='grc'><strong>939.</strong></span> <span class='ocrx_word' id='word_1_1010' title='bbox 2308 3172 2397 3215; x_wconf 90' lang='lat' dir='ltr'><strong>quod</strong></span> <span class='ocrx_word' id='word_1_1011' title='bbox 2415 3183 2464 3206; x_wconf 87' lang='lat' dir='ltr'><strong>se-</strong></span> 
     </span>
     <span class='ocr_line' id='line_1_113' title="bbox 1388 3216 2464 3264; baseline -0.003 -11"><span class='ocrx_word' id='word_1_1012' title='bbox 1388 3220 1534 3253; x_wconf 91' lang='lat' dir='ltr'><strong>cundum</strong></span> <span class='ocrx_word' id='word_1_1013' title='bbox 1554 3221 1585 3254; x_wconf 90' lang='lat' dir='ltr'><strong><em>V</em></strong></span> <span class='ocrx_word' id='word_1_1014' title='bbox 1598 3219 1611 3264; x_wconf 81' lang='grc'><strong>11</strong></span> <span class='ocrx_word' id='word_1_1015' title='bbox 1630 3222 1671 3254; x_wconf 86' lang='grc'><strong>10</strong></span> <span class='ocrx_word' id='word_1_1016' title='bbox 1691 3221 1865 3263; x_wconf 89' lang='lat' dir='ltr'><strong>porciones</strong></span> <span class='ocrx_word' id='word_1_1017' title='bbox 1877 3218 2048 3262; x_wconf 86' lang='lat' dir='ltr'><strong>R¹portio</strong></span> <span class='ocrx_word' id='word_1_1018' title='bbox 2060 3219 2115 3252; x_wconf 82' lang='lat' dir='ltr'><strong>vul</strong></span> <span class='ocrx_word' id='word_1_1019' title='bbox 2136 3244 2144 3251; x_wconf 90' lang='lat'><strong><em>.</em></strong></span> <span class='ocrx_word' id='word_1_1020' title='bbox 2163 3216 2464 3263; x_wconf 67' lang='lat' dir='ltr'><strong>&#39;sumendavu19.;</strong></span> 
     </span>
     <span class='ocr_line' id='line_1_114' title="bbox 1390 3261 2463 3310; baseline -0.004 -11"><span class='ocrx_word' id='word_1_1021' title='bbox 1390 3266 1449 3309; x_wconf 75' lang='lat' dir='ltr'><strong>leq.</strong></span> <span class='ocrx_word' id='word_1_1022' title='bbox 1465 3265 1688 3299; x_wconf 76' lang='lat' dir='ltr'><strong>sumendum?</strong></span> <span class='ocrx_word' id='word_1_1023' title='bbox 1715 3266 1728 3310; x_wconf 80' lang='grc' dir='ltr'><strong>Ι]</strong></span> <span class='ocrx_word' id='word_1_1024' title='bbox 1760 3267 1800 3300; x_wconf 88' lang='grc'><strong>13</strong></span> <span class='ocrx_word' id='word_1_1025' title='bbox 1833 3265 1966 3298; x_wconf 85' lang='lat' dir='ltr'><strong>datione</strong></span> <span class='ocrx_word' id='word_1_1026' title='bbox 1997 3263 2074 3304; x_wconf 87' lang='lat' dir='ltr'><strong>VT]</strong></span> <span class='ocrx_word' id='word_1_1027' title='bbox 2128 3263 2285 3295; x_wconf 85' lang='lat' dir='ltr'><strong>onatione</strong></span> <span class='ocrx_word' id='word_1_1028' title='bbox 2308 3265 2347 3304; x_wconf 75' lang='grc' dir='ltr'><strong>(ε.</strong></span> <span class='ocrx_word' id='word_1_1029' title='bbox 2368 3275 2397 3297; x_wconf 88' lang='grc' dir='ltr'><strong><em>υ.</em></strong></span> <span class='ocrx_word' id='word_1_1030' title='bbox 2420 3261 2463 3295; x_wconf 84' lang='lat' dir='ltr'><strong>al.</strong></span> 
     </span>
     <span class='ocr_line' id='line_1_115' title="bbox 1388 3305 2466 3359; baseline 0 -17"><span class='ocrx_word' id='word_1_1031' title='bbox 1388 3310 1493 3352; x_wconf 81' lang='lat' dir='ltr'><strong>datio)</strong></span> <span class='ocrx_word' id='word_1_1032' title='bbox 1513 3310 1563 3344; x_wconf 66' lang='lat'><strong>132</strong></span> <span class='ocrx_word' id='word_1_1033' title='bbox 1575 3311 1660 3354; x_wconf 64' lang='grc' dir='ltr'><strong><em>ναῖς.</em></strong></span> <span class='ocrx_word' id='word_1_1034' title='bbox 1698 3309 1893 3344; x_wconf 86' lang='lat' dir='ltr'><strong>donationes</strong></span> <span class='ocrx_word' id='word_1_1035' title='bbox 1904 3309 1953 3343; x_wconf 63' lang='grc' dir='ltr'><strong>Β*</strong></span> <span class='ocrx_word' id='word_1_1036' title='bbox 1968 3307 1982 3353; x_wconf 85' lang='grc' dir='ltr'><strong>ΙΙ</strong></span> <span class='ocrx_word' id='word_1_1037' title='bbox 2003 3309 2043 3342; x_wconf 88' lang='grc'><strong>14</strong></span> <span class='ocrx_word' id='word_1_1038' title='bbox 2067 3307 2341 3341; x_wconf 84' lang='lat' dir='ltr'><strong>considerandum</strong></span> <span class='ocrx_word' id='word_1_1039' title='bbox 2353 3307 2440 3342; x_wconf 66' lang='lat'><em>13¹2*</em></span> <span class='ocrx_word' id='word_1_1040' title='bbox 2452 3305 2466 3359; x_wconf 65' lang='lat' dir='ltr'>fl</span> 
     </span>
     <span class='ocr_line' id='line_1_116' title="bbox 1394 3335 2464 3400; baseline -0.003 -12"><span class='ocrx_word' id='word_1_1041' title='bbox 1394 3357 1429 3388; x_wconf 86' lang='lat'><strong>17</strong></span> <span class='ocrx_word' id='word_1_1042' title='bbox 1456 3355 1565 3388; x_wconf 76' lang='lat' dir='ltr'><strong>haben</strong></span> <span class='ocrx_word' id='word_1_1043' title='bbox 1589 3335 1673 3400; x_wconf 63' lang='lat'><strong>12¹1(</strong></span> <span class='ocrx_word' id='word_1_1044' title='bbox 1693 3356 1733 3390; x_wconf 82' lang='lat'><strong>18</strong></span> <span class='ocrx_word' id='word_1_1045' title='bbox 1754 3355 1833 3397; x_wconf 81' lang='lat' dir='ltr'><strong>quia</strong></span> <span class='ocrx_word' id='word_1_1046' title='bbox 1857 3367 1915 3388; x_wconf 75' lang='lat' dir='ltr'><strong>om.</strong></span> <span class='ocrx_word' id='word_1_1047' title='bbox 1941 3353 1990 3386; x_wconf 61' lang='grc' dir='ltr'><strong>ιιι</strong></span> <span class='ocrx_word' id='word_1_1048' title='bbox 2014 3351 2028 3396; x_wconf 71' lang='grc' dir='ltr'><strong>ιι</strong></span> <span class='ocrx_word' id='word_1_1049' title='bbox 2056 3353 2099 3387; x_wconf 85' lang='lat'><strong>20</strong></span> <span class='ocrx_word' id='word_1_1050' title='bbox 2118 3352 2178 3385; x_wconf 75' lang='lat' dir='ltr'><strong>am</strong></span> <span class='ocrx_word' id='word_1_1051' title='bbox 2197 3352 2259 3385; x_wconf 72' lang='lat' dir='ltr'><strong>mii</strong></span> <span class='ocrx_word' id='word_1_1052' title='bbox 2283 3353 2381 3395; x_wconf 53' lang='lat' dir='ltr'><strong>vata,</strong></span> <span class='ocrx_word' id='word_1_1053' title='bbox 2404 3351 2464 3385; x_wconf 68' lang='lat' dir='ltr'><strong>alix</strong></span> 
     </span>
     <span class='ocr_line' id='line_1_117' title="bbox 1390 3389 2433 3443; baseline -0.003 -11"><span class='ocrx_word' id='word_1_1054' title='bbox 1390 3412 1448 3433; x_wconf 87' lang='lat' dir='ltr'><strong>om.</strong></span> <span class='ocrx_word' id='word_1_1055' title='bbox 1471 3400 1578 3434; x_wconf 82' lang='lat' dir='ltr'><strong>RVT</strong></span> <span class='ocrx_word' id='word_1_1056' title='bbox 1598 3401 1611 3443; x_wconf 85' lang='grc' dir='ltr'><strong>ΙΙ</strong></span> <span class='ocrx_word' id='word_1_1057' title='bbox 1638 3401 1677 3435; x_wconf 86' lang='grc'><strong>21</strong></span> <span class='ocrx_word' id='word_1_1058' title='bbox 1706 3401 1757 3442; x_wconf 82' lang='lat' dir='ltr'><strong>ex]</strong></span> <span class='ocrx_word' id='word_1_1059' title='bbox 1782 3400 1852 3432; x_wconf 88' lang='lat' dir='ltr'><strong>eius</strong></span> <span class='ocrx_word' id='word_1_1060' title='bbox 1875 3399 1919 3432; x_wconf 71' lang='grc' dir='ltr'><strong>Β·</strong></span> <span class='ocrx_word' id='word_1_1061' title='bbox 1944 3397 1957 3441; x_wconf 75' lang='grc' dir='ltr'><strong>Ι]</strong></span> <span class='ocrx_word' id='word_1_1062' title='bbox 1984 3399 2027 3431; x_wconf 88' lang='grc'><strong>22</strong></span> <span class='ocrx_word' id='word_1_1063' title='bbox 2051 3407 2090 3430; x_wconf 84' lang='lat' dir='ltr'><strong>ex</strong></span> <span class='ocrx_word' id='word_1_1064' title='bbox 2114 3407 2181 3439; x_wconf 90' lang='lat' dir='ltr'><strong>qua</strong></span> <span class='ocrx_word' id='word_1_1065' title='bbox 2203 3399 2236 3430; x_wconf 89' lang='lat' dir='ltr'><strong>et</strong></span> <span class='ocrx_word' id='word_1_1066' title='bbox 2259 3389 2361 3430; x_wconf 82' lang='lat' dir='ltr'><strong>simili</strong></span> <span class='ocrx_word' id='word_1_1067' title='bbox 2382 3396 2433 3430; x_wconf 65' lang='lat'><strong>13¹</strong></span> 
     </span>
    </p>

    <p class='ocr_par' dir='ltr' id='par_1_59' title="bbox 1389 3440 2418 3489">
     <span class='ocr_line' id='line_1_118' title="bbox 1389 3440 2418 3489; baseline -0.002 -12"><span class='ocrx_word' id='word_1_1068' title='bbox 1389 3445 1431 3478; x_wconf 83' lang='lat'><strong>24</strong></span> <span class='ocrx_word' id='word_1_1069' title='bbox 1456 3445 1583 3479; x_wconf 88' lang='lat' dir='ltr'><strong>soboles</strong></span> <span class='ocrx_word' id='word_1_1070' title='bbox 1607 3458 1666 3479; x_wconf 87' lang='lat' dir='ltr'><strong>om.</strong></span> <span class='ocrx_word' id='word_1_1071' title='bbox 1693 3445 1740 3478; x_wconf 86' lang='lat' dir='ltr'><strong>R¹</strong></span> <span class='ocrx_word' id='word_1_1072' title='bbox 1758 3443 1772 3489; x_wconf 88' lang='grc' dir='ltr'><strong>ΙΙ</strong></span> <span class='ocrx_word' id='word_1_1073' title='bbox 1798 3443 1931 3486; x_wconf 84' lang='lat' dir='ltr'><strong>quidem</strong></span> <span class='ocrx_word' id='word_1_1074' title='bbox 1955 3461 1999 3467; x_wconf 86' lang='grc'>-</span> <span class='ocrx_word' id='word_1_1075' title='bbox 2023 3443 2067 3476; x_wconf 87' lang='grc'><strong>26</strong></span> <span class='ocrx_word' id='word_1_1076' title='bbox 2091 3452 2131 3475; x_wconf 85' lang='lat' dir='ltr'><strong>ex</strong></span> <span class='ocrx_word' id='word_1_1077' title='bbox 2153 3442 2260 3475; x_wconf 88' lang='lat' dir='ltr'><strong>solido</strong></span> <span class='ocrx_word' id='word_1_1078' title='bbox 2284 3455 2342 3476; x_wconf 87' lang='lat' dir='ltr'><strong>om.</strong></span> <span class='ocrx_word' id='word_1_1079' title='bbox 2367 3440 2418 3475; x_wconf 84' lang='lat' dir='ltr'><strong>R¹</strong></span> 
     </span>
    </p>

    <p class='ocr_par' dir='ltr' id='par_1_60' title="bbox 1389 3485 2417 3532">
     <span class='ocr_line' id='line_1_119' title="bbox 1389 3485 2417 3532; baseline -0.002 -10"><span class='ocrx_word' id='word_1_1080' title='bbox 1389 3490 1432 3523; x_wconf 82' lang='lat'><strong>26</strong></span> <span class='ocrx_word' id='word_1_1081' title='bbox 1456 3491 1543 3522; x_wconf 86' lang='lat' dir='ltr'><strong>natis</strong></span> <span class='ocrx_word' id='word_1_1082' title='bbox 1567 3489 1618 3524; x_wconf 66' lang='lat'><strong>12²</strong></span> <span class='ocrx_word' id='word_1_1083' title='bbox 1645 3490 1658 3532; x_wconf 81' lang='grc' dir='ltr'>Ι</span> <span class='ocrx_word' id='word_1_1084' title='bbox 1692 3490 1732 3524; x_wconf 83' lang='lat'><strong>27</strong></span> <span class='ocrx_word' id='word_1_1085' title='bbox 1767 3489 1864 3522; x_wconf 74' lang='lat' dir='ltr'><strong>terti·</strong></span> <span class='ocrx_word' id='word_1_1086' title='bbox 1890 3488 1939 3521; x_wconf 76' lang='lat' dir='ltr'><strong>R·</strong></span> <span class='ocrx_word' id='word_1_1087' title='bbox 1969 3486 1982 3531; x_wconf 82' lang='grc' dir='ltr'><strong>Ι]</strong></span> <span class='ocrx_word' id='word_1_1088' title='bbox 2016 3489 2059 3521; x_wconf 89' lang='grc'><strong>28</strong></span> <span class='ocrx_word' id='word_1_1089' title='bbox 2084 3487 2185 3529; x_wconf 81' lang='lat' dir='ltr'><strong>Quid]</strong></span> <span class='ocrx_word' id='word_1_1090' title='bbox 2213 3487 2310 3525; x_wconf 83' lang='lat' dir='ltr'><strong>Quod</strong></span> <span class='ocrx_word' id='word_1_1091' title='bbox 2342 3485 2417 3520; x_wconf 79' lang='lat' dir='ltr'><strong>VR¹</strong></span> 
     </span>
    </p>

    <p class='ocr_par' dir='ltr' id='par_1_61' title="bbox 1389 3531 2462 3710">
     <span class='ocr_line' id='line_1_120' title="bbox 1390 3531 2448 3578; baseline -0.003 -11"><span class='ocrx_word' id='word_1_1092' title='bbox 1390 3534 1431 3567; x_wconf 88' lang='grc'><strong>29</strong></span> <span class='ocrx_word' id='word_1_1093' title='bbox 1457 3535 1546 3575; x_wconf 91' lang='lat' dir='ltr'><strong>quod</strong></span> <span class='ocrx_word' id='word_1_1094' title='bbox 1574 3534 1628 3578; x_wconf 72' lang='lat' dir='ltr'><strong>Vll</strong></span> <span class='ocrx_word' id='word_1_1095' title='bbox 1647 3535 1691 3570; x_wconf 86' lang='lat'><strong>30</strong></span> <span class='ocrx_word' id='word_1_1096' title='bbox 1714 3533 1822 3567; x_wconf 87' lang='lat' dir='ltr'><strong>tertiis</strong></span> <span class='ocrx_word' id='word_1_1097' title='bbox 1845 3533 2016 3574; x_wconf 87' lang='lat' dir='ltr'><strong>iniuriam]</strong></span> <span class='ocrx_word' id='word_1_1098' title='bbox 2041 3532 2076 3565; x_wconf 88' lang='lat' dir='ltr'><strong>in</strong></span> <span class='ocrx_word' id='word_1_1099' title='bbox 2101 3533 2210 3566; x_wconf 87' lang='lat' dir='ltr'><strong>tertiis</strong></span> <span class='ocrx_word' id='word_1_1100' title='bbox 2232 3532 2390 3565; x_wconf 84' lang='lat' dir='ltr'><strong>iniuriam</strong></span> <span class='ocrx_word' id='word_1_1101' title='bbox 2413 3531 2448 3565; x_wconf 87' lang='lat' dir='ltr'><em>R</em></span> 
     </span>
     <span class='ocr_line' id='line_1_121' title="bbox 1389 3577 2462 3622; baseline -0.003 -11"><span class='ocrx_word' id='word_1_1102' title='bbox 1389 3579 1422 3611; x_wconf 79' lang='lat' dir='ltr'><strong>in</strong></span> <span class='ocrx_word' id='word_1_1103' title='bbox 1435 3591 1501 3612; x_wconf 72' lang='lat' dir='ltr'><strong>ras.</strong></span> <span class='ocrx_word' id='word_1_1104' title='bbox 1519 3579 1531 3622; x_wconf 84' lang='grc' dir='ltr'><strong>ΙΙ</strong></span> <span class='ocrx_word' id='word_1_1105' title='bbox 1551 3581 1590 3613; x_wconf 87' lang='grc'><strong>31</strong></span> <span class='ocrx_word' id='word_1_1106' title='bbox 1614 3578 1859 3621; x_wconf 81' lang='lat' dir='ltr'><strong>unaquaqueR</strong></span> <span class='ocrx_word' id='word_1_1107' title='bbox 1873 3578 1886 3619; x_wconf 83' lang='grc' dir='ltr'><strong>Ι]</strong></span> <span class='ocrx_word' id='word_1_1108' title='bbox 1904 3579 1947 3612; x_wconf 88' lang='grc'><strong>33</strong></span> <span class='ocrx_word' id='word_1_1109' title='bbox 1971 3577 2050 3610; x_wconf 87' lang='lat' dir='ltr'><strong>filiis</strong></span> <span class='ocrx_word' id='word_1_1110' title='bbox 2064 3577 2231 3619; x_wconf 86' lang='lat' dir='ltr'><strong>prioribus</strong></span> <span class='ocrx_word' id='word_1_1111' title='bbox 2251 3577 2306 3620; x_wconf 76' lang='lat' dir='ltr'><strong>Vn</strong></span> <span class='ocrx_word' id='word_1_1112' title='bbox 2325 3578 2366 3610; x_wconf 76' lang='lat'><strong>34</strong></span> <span class='ocrx_word' id='word_1_1113' title='bbox 2392 3586 2462 3609; x_wconf 86' lang='lat' dir='ltr'><strong>eam</strong></span> 
     </span>
     <span class='ocr_line' id='line_1_122' title="bbox 1390 3621 2461 3666; baseline -0.001 -12"><span class='ocrx_word' id='word_1_1114' title='bbox 1390 3623 1519 3664; x_wconf 84' lang='lat' dir='ltr'><strong>om.R¹‚</strong></span> <span class='ocrx_word' id='word_1_1115' title='bbox 1529 3632 1604 3666; x_wconf 81' lang='lat' dir='ltr'><strong>post</strong></span> <span class='ocrx_word' id='word_1_1116' title='bbox 1618 3624 1762 3657; x_wconf 78' lang='lat' dir='ltr'><strong>habeant</strong></span> <span class='ocrx_word' id='word_1_1117' title='bbox 1775 3624 1850 3657; x_wconf 84' lang='lat' dir='ltr'><strong>add.</strong></span> <span class='ocrx_word' id='word_1_1118' title='bbox 1862 3622 1911 3656; x_wconf 63' lang='lat'><strong>13²</strong></span> <span class='ocrx_word' id='word_1_1119' title='bbox 1928 3622 1940 3666; x_wconf 86' lang='grc' dir='ltr'><strong>ΙΙ</strong></span> <span class='ocrx_word' id='word_1_1120' title='bbox 1958 3622 2080 3655; x_wconf 85' lang='lat' dir='ltr'><strong>habent</strong></span> <span class='ocrx_word' id='word_1_1121' title='bbox 2098 3622 2183 3666; x_wconf 79' lang='lat' dir='ltr'><strong>VTn</strong></span> <span class='ocrx_word' id='word_1_1122' title='bbox 2201 3621 2353 3664; x_wconf 84' lang='lat' dir='ltr'><strong>quamuis</strong></span> <span class='ocrx_word' id='word_1_1123' title='bbox 2364 3630 2461 3663; x_wconf 82' lang='lat' dir='ltr'><strong>quam</strong></span> 
     </span>
     <span class='ocr_line' id='line_1_123' title="bbox 1389 3665 2460 3710; baseline 0 -12"><span class='ocrx_word' id='word_1_1124' title='bbox 1389 3668 1547 3700; x_wconf 82' lang='lat' dir='ltr'><strong>secundas</strong></span> <span class='ocrx_word' id='word_1_1125' title='bbox 1568 3669 1775 3702; x_wconf 84' lang='lat' dir='ltr'><strong>contrauerit</strong></span> <span class='ocrx_word' id='word_1_1126' title='bbox 1794 3667 1927 3710; x_wconf 87' lang='lat' dir='ltr'><strong>nuptias</strong></span> <span class='ocrx_word' id='word_1_1127' title='bbox 1944 3666 2207 3710; x_wconf 86' lang='lat' dir='ltr'><strong>concipientibus</strong></span> <span class='ocrx_word' id='word_1_1128' title='bbox 2230 3666 2272 3699; x_wconf 87' lang='lat' dir='ltr'><strong>ad</strong></span> <span class='ocrx_word' id='word_1_1129' title='bbox 2292 3666 2395 3699; x_wconf 75' lang='lat' dir='ltr'><strong>tercia</strong></span> <span class='ocrx_word' id='word_1_1130' title='bbox 2413 3665 2460 3699; x_wconf 82' lang='lat' dir='ltr'><strong>R·</strong></span> 
     </span>
    </p>
   </div>
  </div>
 </body>
</html>
