2476 3854
107 157 332 191 eruemus
359 156 430 190 sn·
457 156 743 190 comAcms

107 254 229 300 θήκην
246 256 482 301 θἐσπίζομεν,
505 256 577 291 svn
599 252 653 291 δι’
670 256 799 291 ἑαυτοῦ
822 266 876 290 ’τις
898 254 970 289 εἴτε
992 251 1045 289 δι’
1062 255 1183 301 ἑτέρου

106 298 296 355 ζτοοςώπου
325 301 368 336 τὸ
400 300 603 356 ὅνομα’τοῦ
627 299 848 347 κληρονόμου
871 299 1060 355 ἐχγράψει,
1083 300 1183 347 εἴπερ

106 334 199 381 ολως
227 347 296 391 τὴν
328 345 460 391 λοιπὴν
489 360 647 392 νομιμον
675 345 938 392 παραφυλακην
968 347 1008 380 ἐν
1036 346 1081 393 τῇ
1107 343 1184 380 δια-

106 389 206 440 θήκῃ
230 389 250 426 ό
270 390 460 438 τεστάτωρ
484 388 740 437 παραφυλάξαι.

1169 139 1256 189 577

1800 143 1907 187 Nov.
1927 142 2074 187 -GXIX
2102 145 2236 186 9—11
2260 155 2325 199 ep.

1251 254 1447 298 sancimus,
1479 255 1552 291 sive
1582 264 1647 301 per
1669 264 1708 290 se
1729 254 1856 300 aliquis
1887 255 1960 290 sive
1989 263 2054 299 per
2076 254 2223 289 alterius
2247 263 2326 299 per-

1251 310 1374 335 sonam
1409 310 1536 336 nomen
1570 300 1709 336 heredis
1739 299 1972 345 inscripserit,
2008 299 2040 334 si
2070 299 2211 334 omnino
2243 299 2325 334 reli-

1250 345 1572 426 gggtgivelleigtitimam
1588 345 1871 382 observationem
1892 345 1930 381 in
1945 346 2158 380 testamento
2174 346 2326 380 testator

1108 480 1267 517 CAPUT
1290 480 1336 515 X.

179 546 250 582 Τὸν
273 544 313 582 δὲ
333 545 460 591 νόμον,
492 543 545 581 δι’
571 538 616 581 οὗ
639 547 889 592 ἐθεσπίσαμεν
911 548 967 603 μὴἱ
992 550 1184 604 μεταφερξ-
1220 550 1239 582 5

108 592 201 626 σθαι
215 593 262 626 εἰς
276 593 413 637 ἑτέρους
427 591 474 626 ’τὰ
490 593 538 626 εἰς
552 591 621 626 τὸν
636 589 809 636 ἡμέτερον
827 593 925 627 οἷκον
946 594 1022 628 απὸ
1039 605 1185 640 ευαγους

108 636 290 681 ἐκκλησίας
311 637 569 682 περιερχόμενα
592 638 804 683 πράγματα,
837 637 1026 681 σχολάζειν
1054 639 1184 674 θεσπί-

108 683 224 726 ζομεν,
247 683 356 716 τοῦτο
378 683 446 727 μὲν
462 683 522 717 ἐπὶ
544 685 619 716 ’τοῖς
639 680 708 726 ἤδη
732 682 780 717 εἰς
802 682 871 717 τὸν
891 681 1064 729 ἡμέτερον
1086 683 1185 718 οἶκον

1318 546 1449 592 Legem
1472 557 1571 588 vero,
1606 557 1670 592 per
1694 556 1800 592 quam
1828 546 2009 582 sanximus
2037 556 2111 582 non
2138 545 2326 581 transferri

1252 592 1298 627 ad
1321 592 1412 628 alios
1440 603 1497 628 res
1521 602 1612 638 quae
1644 592 1690 627 ad
1713 596 1871 627 nostram
1894 592 2037 628 domum
2067 601 2113 627 ex
2133 591 2326 627 venerabili

1252 637 1403 673 ecclesia
1436 642 1690 683 pervenerunt,
1725 647 1852 672 vacare
1882 637 2060 672 sancimus
2094 640 2167 672 tam
2197 636 2235 671 in
2269 636 2325 672 his

1253 692 1345 728 quae
1373 682 1445 718 iam
1476 683 1523 719 ad
1546 686 1704 719 nostram
1734 682 1876 717 domum
1906 682 2059 727 legitime
2088 685 2326 728 pervenerunt

106 731 266 770 νομίμως
288 726 542 772 περιελθοῦσι,
574 728 683 762 τοῦτο
707 725 747 762 δὲ
777 731 837 761 καὶ
859 732 933 763 τοῖς
954 728 1045 773 μετὰ
1067 730 1184 764 ταῦτα
1252 738 1357 773 quam
1381 737 1473 772 quae
1494 732 1621 774 postea
1644 727 1828 772 pervenire
1850 728 1974 763 futura
1997 729 2092 763 sunt.

106 770 272 815 μέλλουσι
296 772 561 818 περιέρχεσθαι.

1090 861 1248 899 CAPUT
1271 862 1336 898 XI.

175 929 312 964 Εἴπατε
336 927 379 964 δέ
394 942 448 965 τις
468 928 646 974 διάθηται
680 933 743 965 καί
767 943 804 965 τι
833 931 983 977 πρᾶγμα
1010 929 1182 973 ἀκίνητον

107 975 151 1021 τῇ
167 973 242 1017 ἰδίᾳ
259 974 412 1020 φαμιλίᾳ
436 974 459 1019 ἢ
481 977 592 1021 ἑτέρῳ
616 979 689 1010 τινὶ
707 975 886 1021 προςώπῳ
912 973 1066 1021 ὀνόματι
1083 973 1185 1032 ληϊά-

107 1032 170 1053 ’του
193 1019 393 1068 καταλείψῃ
414 1025 474 1055 καὶ
493 1019 613 1055 ι’δικῶς
636 1021 718 1069 εἴπῃ
741 1019 868 1065 μηδενὶ
889 1019 1009 1066 χρόνῳ
1032 1020 1075 1054 τὸ
1093 1020 1183 1055 αυτὸ

108 1066 181 1110 πρᾶ
204 1078 257 1108 μα
279 1066 525 1108 eunomio-911⁶,
558 1063 647 1100 ἀλλὰ
681 1065 779 1111 παρὰ
811 1069 884 1100 τοῖς
907 1062 1139 1111 κληρονόμοις
1161 1062 1184 1109 ἢ

1317 930 1354 965 Si
1385 931 1528 976 quando
1559 933 1678 965 autem
1709 930 1837 975 aliquis
1867 932 2118 966 testamentum
2148 931 2260 966 faciat
2289 935 2326 967 et

1252 975 1406 1020 aliquam
1430 985 1503 1010 rem
1524 974 1736 1010 immobilem
1760 985 1847 1010 suae
1865 975 2019 1011 familiae
2042 981 2106 1011 aut
2125 976 2228 1011 alteri
2249 976 2324 1011 cui·

1253 1031 1404 1065 cumque
1425 1029 1601 1065 personae
1623 1020 1766 1056 nomine
1795 1020 1902 1065 legati
1924 1021 2106 1065 reliquerit
2128 1025 2165 1056 et
2187 1021 2326 1066 specia-

1251 1065 1332 1101 liter
1365 1066 1494 1101 dixerit
1529 1066 1627 1101 nullo
1658 1071 1816 1111 tempore
1846 1066 1938 1100 hanc
1967 1076 2039 1100 rem
2064 1066 2226 1109 alienari,
2263 1065 2326 1102 sed

109 1107 168 1143 δια
194 1109 289 1152 όχοις
304 1113 439 1145 ἐκείνου
455 1103 560 1154 ᾧτινι
577 1110 806 1157 καταλειφθῇ
823 1109 883 1145 δια
925 1113 1089 1152 'alumini
1101 1108 1183 1145 ’τοῦ-
1199 1113 1238 1145 15
1252 1114 1315 1145 aut
1348 1111 1444 1156 apud
1478 1110 1626 1146 heredes
1661 1113 1725 1146 aut
1758 1110 1853 1156 apud
1883 1121 2107 1146 successores
2135 1112 2232 1146 illius
2267 1112 2325 1146 cui

107 1167 171 1189 ’του
194 1156 259 1189 τοῦ
283 1154 326 1198 λη
350 1153 438 1190 άτου
462 1155 648 1199 κελεύομεν
668 1156 737 1190 τὸν
759 1154 870 1201 φαλκί
892 1169 950 1191 ιον
977 1156 1093 1200 νόμον
1114 1154 1180 1199 χώ-

108 1213 176 1244 ραν
199 1213 314 1235 παντε
350 1201 385 1235 ’ς
405 1200 454 1246 μὴ
480 1203 583 1243 ἔχειν,
608 1199 730 1244 ἐπειδὴ
753 1201 822 1245 τὴν
844 1203 1032 1244 ἐκποίησιν
1053 1201 1183 1236 τούτου

108 1243 217 1279 αὐτὸς
239 1245 416 1280 ἐκώλυσεν
443 1244 463 1280 ὁ
490 1244 712 1291 διαθέμενος.
759 1247 877 1280 ταῦτα
901 1244 942 1280 δὲ
962 1249 1107 1291 κρατεῖν
1129 1260 1183 1280 κε-

109 1289 256 1335 λεύομεν
291 1287 354 1324 ἐπ’
387 1293 533 1325 ἐκείνοις
567 1294 639 1325 τοῖς
672 1292 808 1335 θέμασι
843 1294 916 1326 τοῖς
942 1291 1056 1336 μήπω
1092 1291 1184 1326 κατὰ

1251 1155 1377 1192 relicta
1400 1160 1455 1192 est
1477 1165 1702 1201 permanere,
1732 1155 1771 1191 in
1793 1157 1862 1191 hoc
1884 1156 1999 1200 legato
2022 1157 2184 1192 iubemus
2208 1156 2325 1191 Falci-

1252 1201 1344 1236 diam
1378 1201 1489 1246 legem
1523 1202 1640 1236 locum
1680 1201 1821 1246 penitus
1862 1211 1933 1236 non
1967 1202 2116 1243 habere,
2159 1202 2326 1247 quoniam
2394 1216 2396 1218 v

1252 1247 1501 1283 alienationem
1517 1246 1594 1282 eius
1610 1250 1762 1282 testator
1778 1246 1855 1291 ipse
1871 1246 2063 1291 prohibuit.
2095 1246 2194 1282 Haec
2205 1250 2326 1282 autem

1253 1292 1414 1327 obtinere
1473 1291 1684 1337 raecipimus
1717 1292 1755 1327 in
1787 1292 1858 1327 illis
1894 1292 2036 1327 casibus
2076 1292 2135 1337 qui
2168 1293 2325 1328 nondum

107 1332 318 1378 δικαστικὴν
340 1337 465 1391 ψῇφον
488 1334 511 1380 ἢ
534 1336 627 1391 κατὰ
652 1335 798 1382 φιλικὴν
828 1336 1011 1381 σύμβασιν
1040 1333 1063 1380 ἢ
1089 1334 1182 1371 καθ’
1197 1339 1239 1371 20
1252 1337 1409 1373 iudiciali
1464 1341 1583 1373 ecreto
1615 1339 1680 1372 aut
1709 1347 1774 1382 per
1803 1337 1988 1372 amicalem
2018 1341 2232 1373 conventum
2263 1340 2327 1373 aut

107 1377 321 1423 οἱανδήποτε
343 1394 508 1426 νομιμον’
533 1394 671 1426 τροπον
693 1382 898 1426 τμηθεῖσιν.

151 1421 430 1472 <Ἐπίλογος.>
475 1423 522 1460 ‘H
540 1424 694 1472 ὑπεροχὴ
718 1430 842 1461 τοίνυν
869 1426 892 1470 ἡ
917 1426 962 1470 σὴ
987 1422 1013 1459 ἃ
1037 1424 1096 1460 διὰ
1120 1428 1185 1461 τοῦ

108 1469 288 1515 παρόντος
310 1470 423 1515 νόμου
440 1472 489 1506 εἰς
506 1470 550 1506 τὸ
569 1470 724 1514 διηνεκὲς
738 1471 977 1517 κρατήσοντας
991 1469 1014 1514 ἦ
1030 1469 1184 1517 ἡμετέρα

108 1515 283 1550 ἐθέσπισε
311 1515 510 1563 γαληνότης
539 1514 688 1551 ἰδίκτων
709 1518 778 1561 μὲν
801 1518 842 1550 ἐν
864 1515 979 1563 ταύτῃ
1011 1517 1054 1563 τῇ
1078 1520 1182 1562 βασι-

1253 1383 1412 1428 quolibet
1434 1382 1590 1426 legitimo
1615 1382 1719 1418 modo
1743 1381 1853 1417 decisi
1876 1384 1971 1418 sunt.

1304 1428 1579 1473 (Epilogus.)
1613 1427 1817 1462 Eminentia
1831 1428 1939 1472 igitur
1953 1430 2017 1462 tua
2032 1438 2123 1472 quae
2141 1439 2205 1473 per
2220 1438 2326 1472 prae-

1252 1478 1385 1508 sentem
1412 1473 1520 1516 legem
1544 1473 1581 1508 in
1604 1478 1815 1518 perpetuum
1838 1473 2026 1508 valituram
2056 1477 2181 1509 nostra
2207 1474 2327 1508 sanxit

1251 1518 1487 1563 tranquillitas
1510 1518 1635 1554 edictis
1657 1517 1798 1562 quidem
1820 1518 1856 1552 in
1875 1518 1946 1554 hac
1968 1518 2065 1563 regia
2084 1519 2226 1554 civitate
2242 1529 2325 1563 pro-

108 1557 180 1594 λίὸι
211 1559 315 1595 πόλει
345 1562 634 1616 πρατιθξμένων,
667 1562 895 1607 προς-τάξεων
917 1560 957 1596 δὲ
987 1561 1079 1609 πρὸς
1100 1560 1183 1597 τοὺς
1196 1563 1237 1596 25
1250 1564 1387 1608 positis,
1443 1563 1618 1609 raeceptis
1649 1568 1769 1598 autem
1801 1563 1847 1598 ad
1878 1563 2033 1599 omnium
2063 1564 2325 1609 provinciarum

107 1606 239 1640 πασῶν
254 1607 331 1640 τῶν
346 1608 530 1652 ἐπαρχιων
545 1610 758 1654 ηγουμένους
776 1611 1115 1651 καταπεμπομένων
1134 1607 1182 1641 εἰς

106 1649 175 1694 τὴν
196 1652 275 1685 τῶν
297 1652 452 1686 πάντων
472 1653 611 1699 γνῶσιν
634 1651 759 1687 ἐλθεῖν
781 1653 1054 1698 παρασκευάσει.

162 1695 246 1731 Dat.
258 1707 339 1732 1111.
361 1697 396 1731 k.
414 1697 520 1733 Febr.
538 1697 606 1733 ΟΡ.
622 1697 706 1742 imp.
728 1697 786 1734 dn.
802 1697 992 1734 Iustiniani
1010 1708 1070 1743 pp.
1088 1698 1170 1742 Aug

106 1750 199 1776 anno
218 1741 333 1778 xv11.
356 1745 438 1787 post
462 1753 558 1778 cons.
579 1743 703 1778 Basiffi
723 1753 780 1779 vc.
804 1752 899 1778 anno
915 1742 979 1778 111.
1041 1745 1087 1785 [a.
1103 1725 1180 1786 544i

171 1833 250 1865 ax
269 1839 355 1866 aeae
380 1833 414 1866 B
433 1834 465 1874 5,
479 1840 506 1874 2,
520 1841 548 1868 s.

1249 1609 1385 1690 indit-ies
1439 1609 1602 1644 estinatis
1637 1608 1684 1644 ad
1716 1609 1872 1644 omnium
1902 1609 2062 1644 notitiam
2094 1609 2212 1646 venire
2241 1619 2324 1655 pro-

1250 1664 1335 1690 cure
1352 1681 1361 1691 .

168 1889 196 1910 c.
210 1877 270 1910 XI
288 1879 342 1919 (—
365 1891 393 1910 v.
412 1879 450 1912 18
476 1874 496 1911 ὁ
521 1875 748 1922 διαθέμενος)
764 1885 851 1912 extat
870 1879 902 1912 Β
918 1880 974 1921 41,
990 1886 1048 1921 5,4
1071 1879 1136 1922 (13⁸
1159 1880 1194 1912 Φ
1210 1882 1239 1922 1,
1252 1887 1287 1914 23
1306 1892 1344 1924 p.
1357 1880 1426 1914 664
1443 1879 1570 1922 zoen).
1596 1897 1640 1904 —
1665 1879 1879 1914 Summarium
1903 1882 2000 1916 habet
2021 1881 2208 1924 Anonymus
2229 1880 2325 1913 Bod-

108 1921 232 1955 leianus
255 1918 348 1956 διάτ.
369 1921 448 1963 τξς’
474 1936 528 1967 ap.
553 1924 740 1958 Zachariae
758 1918 891 1959 Ἀνέκδ
914 1937 949 1968 p.
974 1925 1058 1964 210;
1094 1937 1216 1959 summa
1240 1925 1315 1959 Aa.
1339 1926 1494 1969 repetitur
1524 1926 1558 1959 in
1587 1926 1757 1969 paran‘tlis
1778 1925 1855 1959 Alli.
1870 1927 1890 1961 9
1913 1932 1979 1966 §16
2004 1934 2034 1962 ee
2057 1929 2089 1961 in
2114 1926 2220 1959 libello
2244 1927 2326 1970 περὶ

107 1962 296 2012 διαφόρων
318 1963 620 2014 ἀναγνωσμάτων
646 1974 709 2009 §1¹1
730 1982 765 2013 p.
783 1970 846 2004 196
870 1970 997 2003 Heimb.

106 2055 180 2090 sive
202 2054 284 2106 quis
305 2065 379 2101 per
400 2065 440 2091 se
468 2055 542 2091 sive
570 2067 639 2103 per
661 2055 771 2091 aliam
795 2066 995 2103 personam
1027 2067 1157 2091 nomen
1189 2045 1332 2091 heredis
1360 2056 1552 2099 inscribat,
1583 2055 1773 2092 dummodo
1798 2059 1949 2093 testator
1981 2055 2126 2092 omnino
2148 2057 2325 2103 reliquam

107 2098 303 2145 leqittmam
326 2099 606 2136 observationem
629 2101 667 2135 in
692 2105 902 2137 testamento
926 2101 1116 2137 custodiat.

239 2143 286 2179 X.
333 2144 463 2190 Leqem
487 2150 604 2181 autem
628 2156 701 2191 qua
723 2146 926 2188 sanximus,
957 2157 1002 2182 ne
1025 2146 1076 2181 ad
1096 2146 1189 2181 alios
1211 2146 1486 2192 transferantur
1508 2157 1569 2182 res
1596 2157 1690 2192 quae
1713 2146 1764 2181 ad
1784 2146 1927 2181 domum
1949 2149 2110 2181 nostram
2133 2156 2157 2181 a
2180 2156 2324 2182 venera-

108 2188 173 2224 bili
193 2188 343 2240 ecclesia
363 2191 610 2235 pervenerint,
641 2200 783 2226 cessare
806 2190 969 2227 volumus
1000 2194 1071 2227 tam
1101 2190 1140 2225 in
1170 2190 1216 2226 iis
1247 2201 1340 2236 quae
1370 2191 1441 2226 iam
1474 2191 1523 2226 ad
1544 2196 1705 2226 nostram
1735 2191 1879 2226 domum
1903 2190 2058 2237 leqitime
2084 2195 2326 2238 pervenerunt

108 2244 216 2280 quam
238 2234 346 2313 {iliis
394 2245 472 2285 uae·
478 2239 610 2281 postea
628 2239 870 2281 perventurae
891 2239 986 2271 sunt.

381 2289 392 2312 ι
410 2289 491 2325 quis
509 2284 626 2314 autem
640 2280 743 2324 forte
763 2283 914 2315 testatus
929 2280 976 2315 sit
998 2283 1034 2316 et
1048 2291 1122 2316 rem
1139 2280 1299 2326 aliquam
1323 2279 1533 2315 immobilem
1555 2280 1724 2326 familiae
1745 2290 1833 2316 suae
1856 2279 1912 2316 vel
1930 2279 1996 2315 alii
2014 2279 2127 2314 alicui
2144 2290 2326 2325 personae

110 2323 221 2369 quati
248 2324 391 2358 nomine
420 2323 609 2370 reliquerit
638 2328 748 2370 atque
769 2325 974 2370 specialiter
1003 2325 1148 2361 iusserit
1174 2325 1274 2360 nullo
1298 2328 1363 2360 tem
1394 2335 1456 2360 ore
1486 2336 1564 2360 eam
1588 2336 1663 2360 rem
1685 2325 1856 2367 alienari,
1887 2323 1953 2360 sed
1973 2324 2074 2371 apud
2095 2323 2243 2360 heredes
2270 2325 2326 2361 vel

108 2378 332 2403 successores
353 2367 452 2403 illius
474 2369 533 2404 cui
554 2369 682 2404 relicta
703 2370 751 2404 sit
769 2379 993 2414 permanere,
1024 2370 1064 2404 in
1084 2369 1154 2405 hoc
1177 2369 1297 2415 leqato
1319 2369 1356 2404 iu
1380 2380 1480 2404 emus
1504 2369 1615 2416 quem
1638 2369 1838 2404 Falcidiam
1862 2369 1979 2404 locum
2000 2370 2145 2404 omnino
2169 2380 2242 2404 non
2261 2369 2324 2406 ba-

109 2413 203 2455 bere,
226 2413 395 2459 quoniam
416 2413 668 2449 alienationem
691 2414 768 2449 eius
790 2414 868 2460 ipse
888 2413 1075 2460 probibuit
1097 2414 1160 2460 qui
1180 2418 1331 2450 testatus
1344 2418 1407 2450 est.
1443 2413 1547 2449 Haec
1562 2419 1680 2450 autem
1703 2414 1748 2450 de
1762 2414 1836 2449 illis
1858 2414 2000 2449 casibus
2023 2413 2143 2450 valere
2164 2414 2325 2450 iubemus

109 2458 173 2503 qui
197 2457 356 2492 nondum
379 2457 545 2493 iudiciali
564 2459 743 2493 sententia
766 2459 822 2494 vel
844 2458 987 2493 amicali
1010 2459 1244 2495 conventione
1266 2459 1322 2494 vel
1343 2458 1418 2494 ullo
1443 2458 1601 2505 leqitimo
1625 2459 1732 2494 modo
1756 2459 1867 2495 decisi
1888 2464 1981 2495 sunt.

244 2501 334 2548 Epi
339 2502 353 2536 l
360 2513 381 2537 o
388 2513 482 2548 qus.
528 2502 742 2554 Sublimitas
760 2503 872 2549 iqitur
895 2507 958 2538 tua
974 2514 1067 2549 quae
1076 2515 1148 2550 per
1157 2508 1386 2550 praesentem
1410 2503 1523 2550 leqem
1546 2504 1583 2538 in
1597 2515 1624 2550 p

1693 2509 1813 2540 etuum
1836 2504 2027 2539 valituram
2050 2507 2178 2539 nostra
2196 2505 2326 2541 sanxit

108 2547 285 2583 serenitas
306 2551 341 2582 et
363 2547 490 2583 edictis
510 2548 548 2582 in
572 2547 641 2582 hac
662 2558 765 2593 requi
796 2548 939 2583 civitate
954 2549 1158 2596 propositis
1188 2553 1223 2584 et
1245 2548 1426 2584 mandatis
1456 2548 1506 2584 ad
1520 2550 1649 2595 praes-i
1673 2560 1712 2585 es
1733 2550 1888 2585 omnium
1910 2548 2185 2596 provinciarum
2208 2549 2325 2585 missis

110 2597 150 2627 ut
172 2591 222 2628 ad
243 2593 398 2627 omnium
421 2592 585 2628 notitiam
609 2592 754 2628 veniant
774 2593 920 2639 efficiet.

179 2684 193 2715 1
221 2677 274 2714 δι’
301 2677 410 2715 αὐτοῦ
436 2682 467 2714 L
490 2681 502 2724 ΙΙ
528 2683 550 2715 4
572 2680 760 2726 ’τεστάτωρ
786 2682 842 2723 M]
881 2679 1094 2723 διαθέμενος
1117 2683 1149 2716 L
1171 2682 1183 2726 Ι]

111 2729 132 2762 5
155 2724 195 2759 θ’
210 2739 310 2769 mary.
328 2727 358 2759 L
377 2727 388 2765 ΙΙ
404 2725 531 2769 νόμον]
555 2739 627 2759 nov.
642 2728 672 2760 L
684 2728 750 2760 Vc.
767 2729 780 2760 1
801 2726 813 2771 ΙΙ
831 2740 952 2771 καταφ
966 2727 1103 2771 ’ρεσθαι
1122 2728 1156 2760 Β
1172 2727 1183 2770 ΙΙ

110 2774 130 2806 7
155 2769 347 2814 ἐκκλησίας]
371 2770 467 2804 οἴκου
483 2771 535 2804 B!
550 2771 563 2816 Ι]
578 2770 812 2815 θεσπίζομεν]
836 2769 893 2804 διὸ
914 2775 974 2804 καὶ
990 2769 1184 2806 ἀκωλύτως

110 2816 338 2850 ἐκποιεῖσθαι
361 2813 548 2859 κελεύομεν
571 2818 648 2850 add.
675 2818 711 2850 B
737 2818 750 2860 Ι]
782 2819 803 2851 9
827 2815 1060 2861 περιελθοῧσι
1083 2820 1183 2860 νομί-

108 2871 184 2904 μως
207 2860 259 2894 B!
283 2861 296 2904 Ι]
323 2863 361 2896 11
387 2860 511 2903 εἴπητέ
532 2862 580 2894 L¹
604 2865 616 2905 Ι]
637 2858 678 2894 δὲ
700 2875 757 2895 om.
772 2863 839 2894 LB
857 2864 870 2905 ΙΙ
896 2863 936 2896 12
961 2860 1110 2908 λεγάτσυ
1134 2864 1183 2896 Β*

110 2908 167 2947 (id.
185 2906 266 2949 16)Ι
289 2908 327 2941 13
350 2904 558 2950 καταλείψει
583 2907 702 2948 MLB,
726 2912 808 2940 c‘orr.
834 2907 997 2950 Serimqer
1013 2908 1025 2951 ΙΙ
1048 2905 1182 2952 χρόνῳ]

108 2948 236 2995 ’τρόπω
253 2951 302 2984 Β*
319 2952 332 2995 ΙΙ
352 2953 393 2985 14
408 2948 509 2993 ἀλλὰ]
534 2952 591 2984 sed
610 2954 669 2984 aut
692 2964 711 2988 ς
728 2951 740 2994 fl
756 2948 779 2994 ἢ
803 2948 994 2994 διαδόχοις]
1019 2955 1078 2985 aut
1093 2954 1182 2995 apud

109 3006 310 3050 successores
334 2997 380 3039 en
402 2998 442 3031 15
465 2995 685 3041 κατελείφθη
709 2998 758 3030 B⁸
772 3009 802 3029 v.
818 2998 850 3038 I.‚
875 2997 1008 3040 Banu
1033 2999 1072 3031 21
1097 2994 1182 3043 τρό-

108 3052 189 3118 ῗῖἰῖι
200 3053 359 3119 ἔὲἴέῗὲῗ
358 3041 461 3120 1ᾗυῖ
486 3042 829 3132 3512'2‘5212‘332!
839 3043 1098 3132 3345245522·
1106 3043 1182 3121 Ab),

108 3132 195 3172 μηνὶ
210 3133 434 3175 φεβροναρίφ
451 3132 571 3165 ΤΙιεοᾱ.
587 3134 600 3173 11
619 3132 685 3164 GP.
699 3151 740 3156 —-
755 3142 843 3164 anno
856 3133 935 3172 111.]
960 3135 1088 3176 constp.
1100 3133 1180 3176 imp.

110 3173 210 3207 donn.
233 3175 368 3227 iustian.
392 3187 476 3228 aug..
492 3187 583 3228 anno
593 3176 714 3209 XCIII
736 3180 810 3219 post
833 3177 931 3210 balia.
957 3182 1077 3219 quarto
1099 3177 1181 3212 Iul!

110 3221 236 3296 iffi
245 3230 303 3296 50¹?
305 3220 478 3299 {3112an
481 3221 1007 3300 ”stssssiissiaff'iissassi'iffibiussfi
1025 3233 1182 3311 ἐρ’,ῗῖἕὲ

110 3306 180 3349 τὴν
199 3304 376 3341 ὑπατείαν
397 3311 488 3343 Βασι
530 3313 584 3343 lov
605 3309 648 3343 τὸ
669 3308 699 3356 γ’
720 3312 795 3344 Am.
828 3312 900 3346 ἔτει
924 3309 974 3353 ιζ’
999 3311 1088 3356 μετὰ
1113 3313 1182 3356 τὴν

112 3348 292 3385 ὑπατείαν
315 3351 500 3386 Βασιλείου
523 3354 566 3387 τὸ
588 3353 626 3401 y'
643 3357 761 3389 Tleeod.

1307 2684 1329 2717 4
1351 2684 1561 2716 seruauerint
1572 2685 1621 2717 R·
1646 2683 1869 2717 observaverit
1882 2685 1970 2727 vulq.
1988 2683 2000 2728 Ι
2018 2686 2038 2718 5
2051 2687 2138 2718 rubr.
2161 2685 2212 2717 De
2226 2684 2325 2718 rebus

1252 2727 1468 2761 inmobilibus
1495 2739 1579 2771 quae
1607 2729 1649 2762 ad
1671 2728 1745 2762 loca
1773 2729 1980 2762 uenerabilis
2008 2729 2179 2772 pertinent
2204 2730 2274 2763 ΒΤ
2290 2732 2323 2764 in

1251 2786 1352 2817 ’ποι-9.
1365 2775 1417 2816 (cx
1429 2774 1507 2815 Iul.)
1524 2774 1536 2817 fl
1553 2775 1741 2807 sancximus
1754 2774 1816 2815 T³J
1837 2774 2022 2807 sanccimus
2034 2774 2122 2808 RT¹
2142 2775 2324 2809 sanctimus

1258 2818 1315 2862 Vfl
1331 2820 1351 2852 6
1371 2818 1454 2851 alias
1470 2819 1568 2862 1³17
1588 2819 1625 2852 in
1646 2833 1704 2853 om.
1720 2819 1778 2863 ΤΙ
1795 2821 1815 2854 8
1832 2822 2061 2853 conuenerunt
2074 2820 2124 2853 T¹
2140 2819 2154 2864 ΙΙ
2170 2822 2191 2854 9
2208 2830 2323 2862 quam-

1250 2873 1314 2905 que
1328 2866 1443 2906 postea
1463 2864 1551 2907 VT·
1573 2866 1609 2899 11
1625 2867 1711 2898 rubr.
1737 2864 1774 2897 Si
1790 2865 1866 2907 quis
1881 2864 2007 2898 familie
2027 2865 2083 2898 uel
2099 2865 2164 2898 alie
2187 2865 2262 2905 (alii
2279 2866 2323 2908 R)

1249 2919 1389 2950 persone
1421 2908 1569 2951 legatum
1599 2909 1774 2951 reliquerit
1807 2912 1841 2942 et
1871 2911 1921 2943 rei
1951 2910 2059 2952 legate
2090 2909 2323 2943 alienationem

1249 2954 1458 2996 prohibuerit
1482 2955 1551 2988 ΒΤ
1568 2957 1601 2988 in
1618 2968 1719 2998 mar-q.
1736 2957 1789 2996 (ex
1802 2956 1880 2998 Iul.)
1895 2955 1908 2999 Ι]
1926 2957 1970 2996 et]
1995 2958 2094 2997 atque
2119 2956 2152 2988 T
2164 2956 2177 2998 Ι]
2196 2957 2236 2990 12
2260 2955 2322 2988 im-

1250 2998 1370 3032 mobile
1394 2998 1471 3043 R'ss
1498 3001 1538 3034 13
1563 2999 1746 3042 reliquerat
1771 2999 1848 3044 R¹fl
1871 3000 2092 3043 spiritualiter
2115 2999 2256 3044 R¹T¹n
2280 3002 2322 3034 14

1250 3043 1344 3076 nullo
1357 3044 1440 3086 ΒΤ]
1465 3045 1501 3077 in
1517 3044 1612 3078 nullo
1634 3046 1663 3078 V
1678 3047 1690 3086 ΙΙ
1709 3047 1748 3079 15
1760 3044 1831 3078 illis
1844 3046 1894 3079 Τι
1909 3047 1922 3088 Ι
1943 3048 1981 3079 1Ί
1996 3044 2165 3086 quoniam]
2189 3045 2321 3086 quando

1250 3087 1318 3131 (qu)
1332 3089 1380 3122 T¹
1397 3089 1410 3132 ss
1430 3091 1470 3123 18
1489 3090 1559 3133 ipse
1578 3103 1636 3124 om.
1653 3090 1708 3134 ΤΙ]
1724 3090 1787 3123 hoc
1810 3090 1868 3134 T}
1886 3091 1927 3124 19
1944 3091 2103 3130 nondum]
2120 3089 2253 3122 modum
2270 3089 2319 3121 ΤΙ

1250 3144 1316 3166 non
1339 3134 1372 3167 R
1401 3134 1414 3178 11
1441 3135 1484 3168 20
1507 3134 1714 3168 amicabilem
1736 3135 1770 3168 R
1794 3135 1807 3178 ΙΙ
1840 3137 1882 3169 22
1913 3137 1973 3167 tua
1999 3134 2105 3176 igitur
2134 3143 2232 3175 quam
2261 3143 2321 3175 per

1253 3178 1310 3223 Γ]
1325 3179 1367 3212 23
1393 3179 1539 3212 ualitura
1570 3180 1664 3225 VT!
1688 3181 1730 3215 25
1755 3180 1866 3213 omnia
1898 3180 1968 3213 VT
1986 3179 1999 3223 ΙΙ
2024 3181 2064 3212 27
2089 3179 2320 3220 subscriptione

1250 3230 1363 3257 carent
1386 3225 1463 3258 libri

2006 3757 2048 3790 73
