<?xml version="1.0" encoding="UTF-8"?>
<!DOCTYPE html PUBLIC "-//W3C//DTD XHTML 1.0 Transitional//EN"
    "http://www.w3.org/TR/xhtml1/DTD/xhtml1-transitional.dtd">
<html xmlns="http://www.w3.org/1999/xhtml" xml:lang="en" lang="en">
 <head>
  <title>
</title>
<meta http-equiv="Content-Type" content="text/html;charset=utf-8" />
  <meta name='ocr-system' content='tesseract 3.04.00' />
  <meta name='ocr-capabilities' content='ocr_page ocr_carea ocr_par ocr_line ocrx_word'/>
</head>
<body>
  <div class='ocr_page' id='page_1' title='image "./corpusjuriscivil00krueuoft_0418.png"; bbox 0 0 2592 3840; ppageno 0'>
   <div class='ocr_carea' id='block_1_1' title="bbox 294 130 716 173">
    <p class='ocr_par' dir='ltr' id='par_1_1' title="bbox 294 130 716 173">
     <span class='ocr_line' id='line_1_1' title="bbox 294 130 716 173; baseline -0.009 0"><span class='ocrx_word' id='word_1_1' title='bbox 294 131 399 173; x_wconf 86' lang='lat' dir='ltr'>Nov.</span> <span class='ocrx_word' id='word_1_2' title='bbox 422 130 579 173; x_wconf 86' lang='lat' dir='ltr'>LXXX</span> <span class='ocrx_word' id='word_1_3' title='bbox 610 132 716 171; x_wconf 31' lang='lat' dir='ltr'>2r—-4</span> 
     </span>
    </p>
   </div>
   <div class='ocr_carea' id='block_1_2' title="bbox 289 241 1363 693">
    <p class='ocr_par' dir='ltr' id='par_1_2' title="bbox 289 241 1363 693">
     <span class='ocr_line' id='line_1_2' title="bbox 292 241 1360 292; baseline 0.002 -16"><span class='ocrx_word' id='word_1_4' title='bbox 292 246 351 277; x_wconf 76' lang='grc' dir='ltr'>καὶ</span> <span class='ocrx_word' id='word_1_5' title='bbox 381 242 470 292; x_wconf 85' lang='grc' dir='ltr'><strong><em>πρὸς</em></strong></span> <span class='ocrx_word' id='word_1_6' title='bbox 502 241 626 279; x_wconf 78' lang='grc' dir='ltr'><strong><em>αὐτοὺς</em></strong></span> <span class='ocrx_word' id='word_1_7' title='bbox 657 242 791 290; x_wconf 72' lang='grc' dir='ltr'><strong><em>λέγοιεν</em></strong></span> <span class='ocrx_word' id='word_1_8' title='bbox 823 241 938 286; x_wconf 82' lang='grc' dir='ltr'><strong><em>δίκας,</em></strong></span> <span class='ocrx_word' id='word_1_9' title='bbox 970 244 1001 278; x_wconf 83' lang='grc' dir='ltr'><strong><em>εἰ</em></strong></span> <span class='ocrx_word' id='word_1_10' title='bbox 1030 245 1097 288; x_wconf 80' lang='grc' dir='ltr'>μὲν</span> <span class='ocrx_word' id='word_1_11' title='bbox 1125 242 1265 287; x_wconf 78' lang='grc' dir='ltr'><strong><em>πλῆθος</em></strong></span> <span class='ocrx_word' id='word_1_12' title='bbox 1295 244 1360 288; x_wconf 80' lang='grc' dir='ltr'><strong><em>εἴη,</em></strong></span> 
     </span>
     <span class='ocr_line' id='line_1_3' title="bbox 292 284 1362 336; baseline 0.002 -14"><span class='ocrx_word' id='word_1_13' title='bbox 292 287 372 323; x_wconf 83' lang='grc' dir='ltr'><strong><em>τοὺς</em></strong></span> <span class='ocrx_word' id='word_1_14' title='bbox 401 291 468 333; x_wconf 74' lang='grc' dir='ltr'>μὲν</span> <span class='ocrx_word' id='word_1_15' title='bbox 493 288 642 323; x_wconf 83' lang='grc' dir='ltr'><strong><em>πολλοὺς</em></strong></span> <span class='ocrx_word' id='word_1_16' title='bbox 664 284 895 332; x_wconf 78' lang='grc' dir='ltr'><em>ἀποπέμπειν</em></span> <span class='ocrx_word' id='word_1_17' title='bbox 926 290 1142 336; x_wconf 85' lang='grc' dir='ltr'><strong><em>παραχρῆμα</em></strong></span> <span class='ocrx_word' id='word_1_18' title='bbox 1177 289 1264 334; x_wconf 84' lang='grc' dir='ltr'><strong><em>πρὸς</em></strong></span> <span class='ocrx_word' id='word_1_19' title='bbox 1293 288 1362 333; x_wconf 86' lang='grc' dir='ltr'>τὴν</span> 
     </span>
     <span class='ocr_line' id='line_1_4' title="bbox 292 332 1362 380; baseline 0.002 -14"><span class='ocrx_word' id='word_1_20' title='bbox 292 332 414 379; x_wconf 80' lang='grc' dir='ltr'><strong><em>χώραν</em></strong></span> <span class='ocrx_word' id='word_1_21' title='bbox 447 332 509 368; x_wconf 78' lang='grc' dir='ltr'>δύο</span> <span class='ocrx_word' id='word_1_22' title='bbox 538 333 559 377; x_wconf 85' lang='grc' dir='ltr'><em>ἢ</em></span> <span class='ocrx_word' id='word_1_23' title='bbox 589 335 703 379; x_wconf 80' lang='grc' dir='ltr'><strong><em>τριῶν</em></strong></span> <span class='ocrx_word' id='word_1_24' title='bbox 726 332 1110 379; x_wconf 82' lang='grc' dir='ltr'><strong><em>καταλιμπανομένων,</em></strong></span> <span class='ocrx_word' id='word_1_25' title='bbox 1140 334 1242 380; x_wconf 79' lang='grc' dir='ltr'><strong><em>οἵπερ</em></strong></span> <span class='ocrx_word' id='word_1_26' title='bbox 1272 334 1362 369; x_wconf 79' lang='grc' dir='ltr'><strong><em>κατὰ</em></strong></span> 
     </span>
     <span class='ocr_line' id='line_1_5' title="bbox 292 376 1363 426; baseline 0.001 -14"><span class='ocrx_word' id='word_1_27' title='bbox 292 378 333 413; x_wconf 87' lang='grc' dir='ltr'>τὸ</span> <span class='ocrx_word' id='word_1_28' title='bbox 357 380 420 413; x_wconf 76' lang='grc' dir='ltr'>τοῦ</span> <span class='ocrx_word' id='word_1_29' title='bbox 444 377 610 413; x_wconf 85' lang='grc' dir='ltr'><strong><em>συνδίκου</em></strong></span> <span class='ocrx_word' id='word_1_30' title='bbox 641 380 756 423; x_wconf 79' lang='grc' dir='ltr'><strong><em>σχῆμα</em></strong></span> <span class='ocrx_word' id='word_1_31' title='bbox 788 377 857 422; x_wconf 85' lang='grc' dir='ltr'>τὴν</span> <span class='ocrx_word' id='word_1_32' title='bbox 880 376 984 422; x_wconf 86' lang='grc' dir='ltr'><strong><em>δίκην</em></strong></span> <span class='ocrx_word' id='word_1_33' title='bbox 1006 377 1256 426; x_wconf 80' lang='grc' dir='ltr'><strong><em>ἀγωνιοῦνται.</em></strong></span> <span class='ocrx_word' id='word_1_34' title='bbox 1304 383 1363 414; x_wconf 85' lang='grc' dir='ltr'>καὶ</span> 
     </span>
     <span class='ocr_line' id='line_1_6' title="bbox 293 421 1362 473; baseline 0.001 -16"><span class='ocrx_word' id='word_1_35' title='bbox 293 422 386 458; x_wconf 71' lang='grc' dir='ltr'><strong><em>οὕτω</em></strong></span> <span class='ocrx_word' id='word_1_36' title='bbox 411 422 451 457; x_wconf 79' lang='grc' dir='ltr'>δὲ</span> <span class='ocrx_word' id='word_1_37' title='bbox 474 422 585 458; x_wconf 80' lang='grc' dir='ltr'><strong><em>αὐτὸν</em></strong></span> <span class='ocrx_word' id='word_1_38' title='bbox 608 424 816 459; x_wconf 75' lang='grc' dir='ltr'><strong><em>ἐπικεῖσθαι</em></strong></span> <span class='ocrx_word' id='word_1_39' title='bbox 840 425 895 468; x_wconf 75' lang='grc' dir='ltr'>τῷ</span> <span class='ocrx_word' id='word_1_40' title='bbox 918 425 979 467; x_wconf 79' lang='grc' dir='ltr'>τῆς</span> <span class='ocrx_word' id='word_1_41' title='bbox 1003 422 1099 468; x_wconf 85' lang='grc' dir='ltr'><strong><em>δίκης</em></strong></span> <span class='ocrx_word' id='word_1_42' title='bbox 1122 421 1278 473; x_wconf 78' lang='grc' dir='ltr'><strong><em>ἀκροατῇ</em></strong></span> <span class='ocrx_word' id='word_1_43' title='bbox 1302 427 1362 458; x_wconf 83' lang='grc' dir='ltr'>καὶ</span> 
     </span>
     <span class='ocr_line' id='line_1_7' title="bbox 293 466 1363 515; baseline 0.001 -13"><span class='ocrx_word' id='word_1_44' title='bbox 293 468 571 514; x_wconf 82' lang='grc' dir='ltr'><strong><em>παρασκευάζειν</em></strong></span> <span class='ocrx_word' id='word_1_45' title='bbox 591 466 648 503; x_wconf 82' lang='grc' dir='ltr'>ὅτι</span> <span class='ocrx_word' id='word_1_46' title='bbox 666 468 818 511; x_wconf 79' lang='grc' dir='ltr'><strong><em>τάχιστα</em></strong></span> <span class='ocrx_word' id='word_1_47' title='bbox 837 471 981 513; x_wconf 75' lang='grc' dir='ltr'><strong><em>τέμνειν</em></strong></span> <span class='ocrx_word' id='word_1_48' title='bbox 998 468 1060 504; x_wconf 79' lang='grc' dir='ltr'>τὰς</span> <span class='ocrx_word' id='word_1_49' title='bbox 1077 467 1281 515; x_wconf 75' lang='grc' dir='ltr'><strong><em>ὑποθέσεις,</em></strong></span> <span class='ocrx_word' id='word_1_50' title='bbox 1302 471 1363 504; x_wconf 85' lang='grc' dir='ltr'>ἵνα</span> 
     </span>
     <span class='ocr_line' id='line_1_8' title="bbox 290 513 1361 562; baseline 0.003 -16"><span class='ocrx_word' id='word_1_51' title='bbox 290 514 339 557; x_wconf 86' lang='grc' dir='ltr'><strong><em>μὴ</em></strong></span> <span class='ocrx_word' id='word_1_52' title='bbox 360 516 467 558; x_wconf 78' lang='grc' dir='ltr'><strong><em>μῆκρς</em></strong></span> <span class='ocrx_word' id='word_1_53' title='bbox 492 513 610 548; x_wconf 85' lang='grc' dir='ltr'><strong><em>αὐτοῖς</em></strong></span> <span class='ocrx_word' id='word_1_54' title='bbox 633 516 809 561; x_wconf 83' lang='grc' dir='ltr'><strong><em>ἐγγίνοιτο</em></strong></span> <span class='ocrx_word' id='word_1_55' title='bbox 831 513 972 561; x_wconf 84' lang='grc' dir='ltr'><strong><em>χρόνου,</em></strong></span> <span class='ocrx_word' id='word_1_56' title='bbox 995 517 1055 549; x_wconf 77' lang='grc' dir='ltr'>καὶ</span> <span class='ocrx_word' id='word_1_57' title='bbox 1077 513 1231 559; x_wconf 85' lang='grc' dir='ltr'><strong><em>μάλιστα</em></strong></span> <span class='ocrx_word' id='word_1_58' title='bbox 1253 528 1361 562; x_wconf 83' lang='grc' dir='ltr'><strong><em>γεωρ-</em></strong></span> 
     </span>
     <span class='ocr_line' id='line_1_9' title="bbox 290 555 1363 607; baseline 0.001 -15"><span class='ocrx_word' id='word_1_59' title='bbox 290 562 379 604; x_wconf 86' lang='grc' dir='ltr'><strong><em>γοῖς,</em></strong></span> <span class='ocrx_word' id='word_1_60' title='bbox 415 558 470 593; x_wconf 83' lang='grc' dir='ltr'>ὠν</span> <span class='ocrx_word' id='word_1_61' title='bbox 500 556 521 602; x_wconf 76' lang='grc' dir='ltr'><em>ἧ</em></span> <span class='ocrx_word' id='word_1_62' title='bbox 551 573 590 593; x_wconf 88' lang='grc' dir='ltr'>τε</span> <span class='ocrx_word' id='word_1_63' title='bbox 622 559 788 593; x_wconf 78' lang='grc' dir='ltr'><strong><em>ἐνταῦθα</em></strong></span> <span class='ocrx_word' id='word_1_64' title='bbox 820 563 998 606; x_wconf 78' lang='grc' dir='ltr'><strong><em>παρουσία</em></strong></span> <span class='ocrx_word' id='word_1_65' title='bbox 1030 559 1180 607; x_wconf 86' lang='grc' dir='ltr'><strong><em>περιττὴ</em></strong></span> <span class='ocrx_word' id='word_1_66' title='bbox 1208 555 1232 607; x_wconf 74' lang='grc' dir='ltr'><strong><em>ἦ</em></strong></span> <span class='ocrx_word' id='word_1_67' title='bbox 1262 573 1301 595; x_wconf 81' lang='grc' dir='ltr'>τε</span> <span class='ocrx_word' id='word_1_68' title='bbox 1325 562 1363 593; x_wconf 80' lang='grc' dir='ltr'>ἐκ</span> 
     </span>
     <span class='ocr_line' id='line_1_10' title="bbox 290 601 1362 659; baseline 0.002 -22"><span class='ocrx_word' id='word_1_69' title='bbox 290 606 350 659; x_wconf 74' lang='grc' dir='ltr'>τῆς</span> <span class='ocrx_word' id='word_1_70' title='bbox 372 608 544 659; x_wconf 63' lang='grc' dir='ltr'><strong><em>γεωργίας</em></strong></span> <span class='ocrx_word' id='word_1_71' title='bbox 572 603 679 647; x_wconf 88' lang='grc' dir='ltr'><strong><em>σχολὴ</em></strong></span> <span class='ocrx_word' id='word_1_72' title='bbox 702 603 836 649; x_wconf 80' lang='grc' dir='ltr'><strong><em>βλάβος</em></strong></span> <span class='ocrx_word' id='word_1_73' title='bbox 860 601 977 640; x_wconf 73' lang='grc' dir='ltr'><strong><em>αὐτοῖς</em></strong></span> <span class='ocrx_word' id='word_1_74' title='bbox 1005 619 1045 639; x_wconf 90' lang='grc' dir='ltr'>τε</span> <span class='ocrx_word' id='word_1_75' title='bbox 1069 608 1128 640; x_wconf 87' lang='grc' dir='ltr'>καὶ</span> <span class='ocrx_word' id='word_1_76' title='bbox 1148 608 1221 641; x_wconf 88' lang='grc' dir='ltr'><strong><em>τοῖς</em></strong></span> <span class='ocrx_word' id='word_1_77' title='bbox 1243 619 1362 648; x_wconf 85' lang='grc' dir='ltr'><strong><em>κεκτη-</em></strong></span> 
     </span>
     <span class='ocr_line' id='line_1_11' title="bbox 289 660 536 693; baseline 0.004 -10"><span class='ocrx_word' id='word_1_78' title='bbox 289 660 408 693; x_wconf 88' lang='grc' dir='ltr'><strong><em>μενοις</em></strong></span> <span class='ocrx_word' id='word_1_79' title='bbox 431 662 536 684; x_wconf 88' lang='grc' dir='ltr'><strong><em>ποιει.</em></strong></span> 
     </span>
    </p>
   </div>
   <div class='ocr_carea' id='block_1_3' title="bbox 1361 129 1446 176">
    <p class='ocr_par' dir='ltr' id='par_1_3' title="bbox 1361 129 1446 176">
     <span class='ocr_line' id='line_1_12' title="bbox 1361 129 1446 176; baseline -0.012 0"><span class='ocrx_word' id='word_1_80' title='bbox 1361 129 1446 176; x_wconf 81' lang='lat'>392</span> 
     </span>
    </p>
   </div>
   <div class='ocr_carea' id='block_1_4' title="bbox 1292 190 1527 196">
    <p class='ocr_par' dir='ltr' id='par_1_4' title="bbox 1292 190 1527 196">
     <span class='ocr_line' id='line_1_13' title="bbox 1292 190 1527 196; baseline 0 0"><span class='ocrx_word' id='word_1_81' title='bbox 1292 190 1527 196; x_wconf 95' lang='lat' dir='ltr'> </span> 
     </span>
    </p>
   </div>
   <div class='ocr_carea' id='block_1_5' title="bbox 2156 141 2500 182">
    <p class='ocr_par' dir='ltr' id='par_1_5' title="bbox 2156 141 2500 182">
     <span class='ocr_line' id='line_1_14' title="bbox 2156 141 2500 182; baseline 0.003 -9"><span class='ocrx_word' id='word_1_82' title='bbox 2156 143 2215 173; x_wconf 76' lang='lat' dir='ltr'>nn</span> <span class='ocrx_word' id='word_1_83' title='bbox 2243 141 2500 182; x_wconf 72' lang='lat' dir='ltr'>QUAss&#39;rouu</span> 
     </span>
    </p>
   </div>
   <div class='ocr_carea' id='block_1_6' title="bbox 1398 241 2500 606">
    <p class='ocr_par' dir='ltr' id='par_1_6' title="bbox 1429 241 2497 422">
     <span class='ocr_line' id='line_1_15' title="bbox 1429 241 2495 288; baseline 0 -10"><span class='ocrx_word' id='word_1_84' title='bbox 1429 243 1459 279; x_wconf 84' lang='lat' dir='ltr'>si</span> <span class='ocrx_word' id='word_1_85' title='bbox 1490 242 1630 288; x_wconf 88' lang='lat' dir='ltr'>quidem</span> <span class='ocrx_word' id='word_1_86' title='bbox 1664 243 1852 278; x_wconf 85' lang='lat' dir='ltr'>multitudo</span> <span class='ocrx_word' id='word_1_87' title='bbox 1888 241 1952 286; x_wconf 86' lang='lat' dir='ltr'>sit,</span> <span class='ocrx_word' id='word_1_88' title='bbox 1989 241 2109 287; x_wconf 86' lang='lat' dir='ltr'>plures</span> <span class='ocrx_word' id='word_1_89' title='bbox 2142 241 2280 287; x_wconf 83' lang='lat' dir='ltr'>quidem</span> <span class='ocrx_word' id='word_1_90' title='bbox 2314 242 2495 279; x_wconf 80' lang='lat' dir='ltr'><strong>remittere</strong></span> 
     </span>
     <span class='ocr_line' id='line_1_16' title="bbox 1432 287 2497 333; baseline -0.001 -9"><span class='ocrx_word' id='word_1_91' title='bbox 1432 288 1601 324; x_wconf 89' lang='lat' dir='ltr'>continuo</span> <span class='ocrx_word' id='word_1_92' title='bbox 1633 288 1679 323; x_wconf 89' lang='lat' dir='ltr'>ad</span> <span class='ocrx_word' id='word_1_93' title='bbox 1702 287 1918 333; x_wconf 85' lang='lat' dir='ltr'>provinciam</span> <span class='ocrx_word' id='word_1_94' title='bbox 1951 287 2090 323; x_wconf 88' lang='lat' dir='ltr'>duobus</span> <span class='ocrx_word' id='word_1_95' title='bbox 2121 289 2185 322; x_wconf 84' lang='lat' dir='ltr'>aut</span> <span class='ocrx_word' id='word_1_96' title='bbox 2214 287 2331 322; x_wconf 89' lang='lat' dir='ltr'>tribus</span> <span class='ocrx_word' id='word_1_97' title='bbox 2354 287 2497 329; x_wconf 89' lang='lat' dir='ltr'>relictis,</span> 
     </span>
     <span class='ocr_line' id='line_1_17' title="bbox 1433 331 2496 379; baseline -0.002 -10"><span class='ocrx_word' id='word_1_98' title='bbox 1433 334 1491 379; x_wconf 90' lang='lat' dir='ltr'>qui</span> <span class='ocrx_word' id='word_1_99' title='bbox 1512 333 1707 369; x_wconf 87' lang='lat' dir='ltr'>secundum</span> <span class='ocrx_word' id='word_1_100' title='bbox 1732 332 1999 378; x_wconf 84' lang='lat' dir='ltr'>collitigantium</span> <span class='ocrx_word' id='word_1_101' title='bbox 2024 332 2166 368; x_wconf 81' lang='lat' dir='ltr'>schema</span> <span class='ocrx_word' id='word_1_102' title='bbox 2185 331 2283 367; x_wconf 89' lang='lat' dir='ltr'>litem</span> <span class='ocrx_word' id='word_1_103' title='bbox 2298 336 2496 374; x_wconf 82' lang='lat' dir='ltr'>exerceant,</span> 
     </span>
     <span class='ocr_line' id='line_1_18' title="bbox 1432 377 2496 422; baseline -0.002 -8"><span class='ocrx_word' id='word_1_104' title='bbox 1432 383 1468 414; x_wconf 91' lang='lat' dir='ltr'>et</span> <span class='ocrx_word' id='word_1_105' title='bbox 1489 378 1542 414; x_wconf 79' lang='lat' dir='ltr'>ita</span> <span class='ocrx_word' id='word_1_106' title='bbox 1572 388 1652 414; x_wconf 90' lang='lat' dir='ltr'>eum</span> <span class='ocrx_word' id='word_1_107' title='bbox 1675 379 1854 414; x_wconf 90' lang='lat' dir='ltr'>imminere</span> <span class='ocrx_word' id='word_1_108' title='bbox 1884 378 1956 414; x_wconf 87' lang='lat' dir='ltr'>litis</span> <span class='ocrx_word' id='word_1_109' title='bbox 1986 377 2140 413; x_wconf 82' lang='lat' dir='ltr'>auditori</span> <span class='ocrx_word' id='word_1_110' title='bbox 2170 380 2206 412; x_wconf 90' lang='lat' dir='ltr'>et</span> <span class='ocrx_word' id='word_1_111' title='bbox 2234 387 2426 422; x_wconf 85' lang='lat' dir='ltr'>procurare</span> <span class='ocrx_word' id='word_1_112' title='bbox 2449 377 2496 413; x_wconf 89' lang='lat' dir='ltr'>ci-</span> 
     </span>
    </p>

    <p class='ocr_par' dir='ltr' id='par_1_7' title="bbox 1398 421 2500 606">
     <span class='ocr_line' id='line_1_19' title="bbox 1398 421 2496 468; baseline -0.002 -9"><span class='ocrx_word' id='word_1_113' title='bbox 1398 428 1417 459; x_wconf 88' lang='lat'>5</span> <span class='ocrx_word' id='word_1_114' title='bbox 1432 425 1502 459; x_wconf 91' lang='lat' dir='ltr'>tius</span> <span class='ocrx_word' id='word_1_115' title='bbox 1532 423 1642 459; x_wconf 89' lang='lat' dir='ltr'>incidi</span> <span class='ocrx_word' id='word_1_116' title='bbox 1672 424 1828 468; x_wconf 88' lang='lat' dir='ltr'>negotia,</span> <span class='ocrx_word' id='word_1_117' title='bbox 1865 427 1906 458; x_wconf 93' lang='lat' dir='ltr'>ut</span> <span class='ocrx_word' id='word_1_118' title='bbox 1935 434 2006 458; x_wconf 91' lang='lat' dir='ltr'>non</span> <span class='ocrx_word' id='word_1_119' title='bbox 2037 422 2220 467; x_wconf 83' lang='lat' dir='ltr'>longitudo</span> <span class='ocrx_word' id='word_1_120' title='bbox 2249 422 2300 458; x_wconf 90' lang='lat' dir='ltr'>eis</span> <span class='ocrx_word' id='word_1_121' title='bbox 2323 421 2388 456; x_wconf 87' lang='lat' dir='ltr'>fiat</span> <span class='ocrx_word' id='word_1_122' title='bbox 2410 424 2496 457; x_wconf 87' lang='lat' dir='ltr'>tem-</span> 
     </span>
     <span class='ocr_line' id='line_1_20' title="bbox 1431 467 2500 515; baseline -0.003 -10"><span class='ocrx_word' id='word_1_123' title='bbox 1431 468 1538 515; x_wconf 88' lang='lat' dir='ltr'>poris,</span> <span class='ocrx_word' id='word_1_124' title='bbox 1563 472 1599 504; x_wconf 91' lang='lat' dir='ltr'>et</span> <span class='ocrx_word' id='word_1_125' title='bbox 1620 469 1770 505; x_wconf 88' lang='lat' dir='ltr'>maxime</span> <span class='ocrx_word' id='word_1_126' title='bbox 1793 479 1814 503; x_wconf 88' lang='lat' dir='ltr'>a</span> <span class='ocrx_word' id='word_1_127' title='bbox 1838 468 1968 511; x_wconf 88' lang='lat' dir='ltr'>ricolis‚</span> <span class='ocrx_word' id='word_1_128' title='bbox 1994 478 2143 513; x_wconf 89' lang='lat' dir='ltr'>quorum</span> <span class='ocrx_word' id='word_1_129' title='bbox 2167 467 2279 503; x_wconf 87' lang='lat' dir='ltr'>ethic</span> <span class='ocrx_word' id='word_1_130' title='bbox 2298 467 2500 512; x_wconf 75' lang='lat' dir='ltr'>praesentia.</span> 
     </span>
     <span class='ocr_line' id='line_1_21' title="bbox 1432 512 2500 560; baseline -0.002 -10"><span class='ocrx_word' id='word_1_131' title='bbox 1432 513 1612 560; x_wconf 84' lang='lat' dir='ltr'>superflua</span> <span class='ocrx_word' id='word_1_132' title='bbox 1635 516 1671 550; x_wconf 89' lang='lat' dir='ltr'>et</span> <span class='ocrx_word' id='word_1_133' title='bbox 1693 514 1813 559; x_wconf 85' lang='lat' dir='ltr'>agricu</span> <span class='ocrx_word' id='word_1_134' title='bbox 1829 518 1930 550; x_wconf 85' lang='lat' dir='ltr'>turae</span> <span class='ocrx_word' id='word_1_135' title='bbox 1952 513 2089 550; x_wconf 85' lang='lat' dir='ltr'>vacatio</span> <span class='ocrx_word' id='word_1_136' title='bbox 2112 513 2276 548; x_wconf 89' lang='lat' dir='ltr'>damnum</span> <span class='ocrx_word' id='word_1_137' title='bbox 2300 516 2337 548; x_wconf 92' lang='lat' dir='ltr'>et</span> <span class='ocrx_word' id='word_1_138' title='bbox 2354 512 2440 558; x_wconf 89' lang='lat' dir='ltr'>ipsis</span> <span class='ocrx_word' id='word_1_139' title='bbox 2463 515 2500 548; x_wconf 90' lang='lat' dir='ltr'>et</span> 
     </span>
     <span class='ocr_line' id='line_1_22' title="bbox 1432 559 1817 606; baseline 0 -10"><span class='ocrx_word' id='word_1_140' title='bbox 1432 559 1698 606; x_wconf 78' lang='lat' dir='ltr'>possessoribus</span> <span class='ocrx_word' id='word_1_141' title='bbox 1721 559 1817 596; x_wconf 84' lang='lat' dir='ltr'>facit.</span> 
     </span>
    </p>
   </div>
   <div class='ocr_carea' id='block_1_7' title="bbox 1379 653 1420 685">
    <p class='ocr_par' dir='ltr' id='par_1_8' title="bbox 1379 653 1420 685">
     <span class='ocr_line' id='line_1_23' title="bbox 1379 653 1420 685; baseline 0 0"><span class='ocrx_word' id='word_1_142' title='bbox 1379 653 1420 685; x_wconf 87' lang='grc'>10</span> 
     </span>
    </p>
   </div>
   <div class='ocr_carea' id='block_1_8' title="bbox 1277 763 1520 800">
    <p class='ocr_par' dir='ltr' id='par_1_9' title="bbox 1277 763 1520 800">
     <span class='ocr_line' id='line_1_24' title="bbox 1277 763 1520 800; baseline -0.012 0"><span class='ocrx_word' id='word_1_143' title='bbox 1277 763 1434 800; x_wconf 86' lang='lat' dir='ltr'>CAPUT</span> <span class='ocrx_word' id='word_1_144' title='bbox 1458 763 1520 798; x_wconf 89' lang='grc' dir='ltr'><strong>ΙΙΙ.</strong></span> 
     </span>
    </p>
   </div>
   <div class='ocr_carea' id='block_1_9' title="bbox 288 838 1365 1031">
    <p class='ocr_par' dir='ltr' id='par_1_10' title="bbox 288 838 1365 1031">
     <span class='ocr_line' id='line_1_25' title="bbox 341 838 1363 888; baseline 0.002 -13"><span class='ocrx_word' id='word_1_145' title='bbox 341 843 387 876; x_wconf 87' lang='grc' dir='ltr'>Εἰ</span> <span class='ocrx_word' id='word_1_146' title='bbox 417 840 456 875; x_wconf 83' lang='grc' dir='ltr'>δὲ</span> <span class='ocrx_word' id='word_1_147' title='bbox 485 838 568 875; x_wconf 79' lang='grc' dir='ltr'><strong><em>οὖδὶ</em></strong></span> <span class='ocrx_word' id='word_1_148' title='bbox 596 841 794 888; x_wconf 88' lang='grc' dir='ltr'><strong><em>γεωργικὸν</em></strong></span> <span class='ocrx_word' id='word_1_149' title='bbox 824 843 877 885; x_wconf 81' lang='grc' dir='ltr'><strong><em>εἴη</em></strong></span> <span class='ocrx_word' id='word_1_150' title='bbox 907 838 952 876; x_wconf 78' lang='grc' dir='ltr'>τὸ</span> <span class='ocrx_word' id='word_1_151' title='bbox 981 839 1180 886; x_wconf 79' lang='grc' dir='ltr'><strong><em>ἐπιδημοῦν</em></strong></span> <span class='ocrx_word' id='word_1_152' title='bbox 1211 842 1363 887; x_wconf 78' lang='grc' dir='ltr'><strong><em>πλῆθος,</em></strong></span> 
     </span>
     <span class='ocr_line' id='line_1_26' title="bbox 288 885 1361 934; baseline 0.002 -14"><span class='ocrx_word' id='word_1_153' title='bbox 288 885 377 921; x_wconf 72' lang='grc' dir='ltr'><strong><em>ἀλλά</em></strong></span> <span class='ocrx_word' id='word_1_154' title='bbox 397 899 490 921; x_wconf 85' lang='grc' dir='ltr'><strong><em>τινες</em></strong></span> <span class='ocrx_word' id='word_1_155' title='bbox 508 886 616 929; x_wconf 83' lang='grc' dir='ltr'><strong><em>τυχὸν</em></strong></span> <span class='ocrx_word' id='word_1_156' title='bbox 639 889 754 934; x_wconf 81' lang='grc' dir='ltr'><strong><em>ἕτεροι</em></strong></span> <span class='ocrx_word' id='word_1_157' title='bbox 784 885 806 930; x_wconf 86' lang='grc' dir='ltr'><em>ἢ</em></span> <span class='ocrx_word' id='word_1_158' title='bbox 837 890 897 921; x_wconf 88' lang='grc' dir='ltr'>καὶ</span> <span class='ocrx_word' id='word_1_159' title='bbox 921 886 1150 931; x_wconf 73' lang='grc' dir='ltr'><strong><em>δικασόμενοι</em></strong></span> <span class='ocrx_word' id='word_1_160' title='bbox 1179 888 1266 934; x_wconf 84' lang='grc' dir='ltr'><strong><em>πρὸς</em></strong></span> <span class='ocrx_word' id='word_1_161' title='bbox 1290 889 1361 922; x_wconf 74' lang='grc' dir='ltr'><strong><em>ἑτέ-</em></strong></span> 
     </span>
     <span class='ocr_line' id='line_1_27' title="bbox 289 930 1365 980; baseline 0.001 -14"><span class='ocrx_word' id='word_1_162' title='bbox 289 944 377 978; x_wconf 87' lang='grc' dir='ltr'><strong><em>ρους,</em></strong></span> <span class='ocrx_word' id='word_1_163' title='bbox 402 935 461 966; x_wconf 88' lang='grc' dir='ltr'>καὶ</span> <span class='ocrx_word' id='word_1_164' title='bbox 483 932 648 967; x_wconf 79' lang='grc' dir='ltr'><strong><em>ἐνταῦθα</em></strong></span> <span class='ocrx_word' id='word_1_165' title='bbox 670 935 879 980; x_wconf 84' lang='grc' dir='ltr'><strong><em>χρονίζοιεν,</em></strong></span> <span class='ocrx_word' id='word_1_166' title='bbox 903 931 951 977; x_wconf 88' lang='grc' dir='ltr'><strong><em>μὴ</em></strong></span> <span class='ocrx_word' id='word_1_167' title='bbox 974 930 1171 975; x_wconf 78' lang='grc' dir='ltr'><strong><em>ἐνδιδόναι,</em></strong></span> <span class='ocrx_word' id='word_1_168' title='bbox 1194 932 1283 967; x_wconf 82' lang='grc' dir='ltr'><strong><em>ἀλλὰ</em></strong></span> <span class='ocrx_word' id='word_1_169' title='bbox 1298 933 1365 968; x_wconf 83' lang='grc' dir='ltr'>σύν</span> 
     </span>
     <span class='ocr_line' id='line_1_28' title="bbox 290 975 1364 1031; baseline 0.002 -20"><span class='ocrx_word' id='word_1_170' title='bbox 290 978 386 1024; x_wconf 84' lang='grc' dir='ltr'><strong><em>πάσῃ</em></strong></span> <span class='ocrx_word' id='word_1_171' title='bbox 410 981 582 1021; x_wconf 75' lang='grc' dir='ltr'><strong><em>συντονίᾳ</em></strong></span> <span class='ocrx_word' id='word_1_172' title='bbox 605 978 686 1012; x_wconf 81' lang='grc' dir='ltr'><strong><em>τοὺς</em></strong></span> <span class='ocrx_word' id='word_1_173' title='bbox 709 975 879 1012; x_wconf 83' lang='grc' dir='ltr'><strong><em>δικαστὰς</em></strong></span> <span class='ocrx_word' id='word_1_174' title='bbox 911 979 1066 1024; x_wconf 78' lang='grc' dir='ltr'><strong><em>ἐπείγειν</em></strong></span> <span class='ocrx_word' id='word_1_175' title='bbox 1087 977 1186 1031; x_wconf 53' lang='grc' dir='ltr'><strong><em>’μετὰ</em></strong></span> <span class='ocrx_word' id='word_1_176' title='bbox 1209 977 1364 1021; x_wconf 77' lang='grc' dir='ltr'><strong><em>σπουδῆς</em></strong></span> 
     </span>
    </p>
   </div>
   <div class='ocr_carea' id='block_1_10' title="bbox 1431 838 2501 1020">
    <p class='ocr_par' dir='ltr' id='par_1_11' title="bbox 1431 838 2501 1020">
     <span class='ocr_line' id='line_1_29' title="bbox 1477 838 2500 886; baseline -0.001 -10"><span class='ocrx_word' id='word_1_177' title='bbox 1477 841 1515 877; x_wconf 85' lang='lat' dir='ltr'>Si</span> <span class='ocrx_word' id='word_1_178' title='bbox 1535 851 1616 876; x_wconf 91' lang='lat' dir='ltr'>vero</span> <span class='ocrx_word' id='word_1_179' title='bbox 1639 851 1754 886; x_wconf 90' lang='lat' dir='ltr'>neque</span> <span class='ocrx_word' id='word_1_180' title='bbox 1773 841 2006 885; x_wconf 81' lang='lat' dir='ltr'>agricolarum</span> <span class='ocrx_word' id='word_1_181' title='bbox 2030 841 2075 876; x_wconf 87' lang='lat' dir='ltr'>sit</span> <span class='ocrx_word' id='word_1_182' title='bbox 2093 841 2281 876; x_wconf 82' lang='lat' dir='ltr'>adveniens</span> <span class='ocrx_word' id='word_1_183' title='bbox 2301 838 2500 881; x_wconf 87' lang='lat' dir='ltr'>multitudo,</span> 
     </span>
     <span class='ocr_line' id='line_1_30' title="bbox 1431 885 2501 932; baseline -0.003 -10"><span class='ocrx_word' id='word_1_184' title='bbox 1431 888 1494 923; x_wconf 87' lang='lat' dir='ltr'>sed</span> <span class='ocrx_word' id='word_1_185' title='bbox 1517 886 1658 932; x_wconf 89' lang='lat' dir='ltr'>quidam</span> <span class='ocrx_word' id='word_1_186' title='bbox 1681 886 1805 923; x_wconf 84' lang='lat' dir='ltr'>forsan</span> <span class='ocrx_word' id='word_1_187' title='bbox 1825 886 1884 921; x_wconf 90' lang='lat' dir='ltr'>alii</span> <span class='ocrx_word' id='word_1_188' title='bbox 1914 888 1977 922; x_wconf 92' lang='lat' dir='ltr'>aut</span> <span class='ocrx_word' id='word_1_189' title='bbox 2001 887 2107 922; x_wconf 82' lang='lat' dir='ltr'>etiam</span> <span class='ocrx_word' id='word_1_190' title='bbox 2136 886 2309 931; x_wconf 85' lang='lat' dir='ltr'>litigaturi</span> <span class='ocrx_word' id='word_1_191' title='bbox 2331 885 2501 921; x_wconf 84' lang='lat' dir='ltr'>adversus</span> 
     </span>
     <span class='ocr_line' id='line_1_31' title="bbox 1434 930 2501 976; baseline -0.002 -9"><span class='ocrx_word' id='word_1_192' title='bbox 1434 932 1540 976; x_wconf 88' lang='lat' dir='ltr'>alios,</span> <span class='ocrx_word' id='word_1_193' title='bbox 1573 935 1608 967; x_wconf 88' lang='lat' dir='ltr'>et</span> <span class='ocrx_word' id='word_1_194' title='bbox 1631 932 1689 967; x_wconf 91' lang='lat' dir='ltr'>hic</span> <span class='ocrx_word' id='word_1_195' title='bbox 1712 932 1864 975; x_wconf 83' lang='lat' dir='ltr'><strong>tardent,</strong></span> <span class='ocrx_word' id='word_1_196' title='bbox 1896 941 1969 967; x_wconf 91' lang='lat' dir='ltr'>non</span> <span class='ocrx_word' id='word_1_197' title='bbox 1993 933 2185 976; x_wconf 82' lang='lat' dir='ltr'>quiescere,</span> <span class='ocrx_word' id='word_1_198' title='bbox 2216 930 2280 967; x_wconf 90' lang='lat' dir='ltr'>sed</span> <span class='ocrx_word' id='word_1_199' title='bbox 2302 940 2384 967; x_wconf 87' lang='lat' dir='ltr'>cum</span> <span class='ocrx_word' id='word_1_200' title='bbox 2406 930 2501 966; x_wconf 89' lang='lat' dir='ltr'>omni</span> 
     </span>
     <span class='ocr_line' id='line_1_32' title="bbox 1432 976 2501 1020; baseline -0.001 -8"><span class='ocrx_word' id='word_1_201' title='bbox 1432 977 1605 1013; x_wconf 86' lang='lat' dir='ltr'>instantia</span> <span class='ocrx_word' id='word_1_202' title='bbox 1634 977 1769 1012; x_wconf 87' lang='lat' dir='ltr'>iudices</span> <span class='ocrx_word' id='word_1_203' title='bbox 1799 986 1924 1020; x_wconf 88' lang='lat' dir='ltr'>urgere</span> <span class='ocrx_word' id='word_1_204' title='bbox 1955 987 2035 1011; x_wconf 90' lang='lat' dir='ltr'>cum</span> <span class='ocrx_word' id='word_1_205' title='bbox 2064 976 2292 1012; x_wconf 87' lang='lat' dir='ltr'>festinatione</span> <span class='ocrx_word' id='word_1_206' title='bbox 2321 985 2384 1012; x_wconf 87' lang='lat' dir='ltr'>eos</span> <span class='ocrx_word' id='word_1_207' title='bbox 2415 986 2501 1011; x_wconf 87' lang='lat' dir='ltr'>con·</span> 
     </span>
    </p>
   </div>
   <div class='ocr_carea' id='block_1_11' title="bbox 289 1019 2501 1069">
    <p class='ocr_par' dir='ltr' id='par_1_12' title="bbox 289 1019 2501 1069">
     <span class='ocr_line' id='line_1_33' title="bbox 289 1019 2501 1069; baseline -0 -13"><span class='ocrx_word' id='word_1_208' title='bbox 289 1021 414 1058; x_wconf 77' lang='grc' dir='ltr'><strong><em>αὐτοὺς</em></strong></span> <span class='ocrx_word' id='word_1_209' title='bbox 454 1024 532 1057; x_wconf 81' lang='grc' dir='ltr'>τῶν</span> <span class='ocrx_word' id='word_1_210' title='bbox 568 1021 920 1069; x_wconf 78' lang='grc' dir='ltr'><strong><em>ἀμφισβητουμένων</em></strong></span> <span class='ocrx_word' id='word_1_211' title='bbox 955 1022 1197 1058; x_wconf 81' lang='grc' dir='ltr'><strong><em>ἀπαλλαττειν</em></strong></span> <span class='ocrx_word' id='word_1_212' title='bbox 1229 1037 1269 1058; x_wconf 85' lang='grc' dir='ltr'>τε</span> <span class='ocrx_word' id='word_1_213' title='bbox 1304 1027 1363 1058; x_wconf 82' lang='grc' dir='ltr'>καὶ</span> <span class='ocrx_word' id='word_1_214' title='bbox 1379 1027 1419 1059; x_wconf 90' lang='lat'>15</span> <span class='ocrx_word' id='word_1_215' title='bbox 1432 1023 1651 1059; x_wconf 87' lang='lat' dir='ltr'>tentionibus</span> <span class='ocrx_word' id='word_1_216' title='bbox 1685 1022 1870 1058; x_wconf 87' lang='lat' dir='ltr'>absolvere</span> <span class='ocrx_word' id='word_1_217' title='bbox 1903 1026 1939 1056; x_wconf 86' lang='lat' dir='ltr'>et</span> <span class='ocrx_word' id='word_1_218' title='bbox 1971 1022 2091 1057; x_wconf 87' lang='lat' dir='ltr'>litibus</span> <span class='ocrx_word' id='word_1_219' title='bbox 2126 1022 2297 1058; x_wconf 88' lang='lat' dir='ltr'>liberatos</span> <span class='ocrx_word' id='word_1_220' title='bbox 2323 1019 2501 1057; x_wconf 80' lang='lat' dir='ltr'>remittere</span> 
     </span>
    </p>
   </div>
   <div class='ocr_carea' id='block_1_12' title="bbox 289 1065 1365 1258">
    <p class='ocr_par' dir='ltr' id='par_1_13' title="bbox 289 1065 1365 1258">
     <span class='ocr_line' id='line_1_34' title="bbox 289 1065 1365 1114; baseline 0.001 -12"><span class='ocrx_word' id='word_1_221' title='bbox 289 1070 365 1103; x_wconf 81' lang='grc' dir='ltr'>τῶν</span> <span class='ocrx_word' id='word_1_222' title='bbox 396 1066 509 1103; x_wconf 86' lang='grc' dir='ltr'><strong><em>δικῶν</em></strong></span> <span class='ocrx_word' id='word_1_223' title='bbox 542 1067 856 1114; x_wconf 79' lang='grc' dir='ltr'><strong><em>ἐλευθερουμένους</em></strong></span> <span class='ocrx_word' id='word_1_224' title='bbox 887 1070 1094 1112; x_wconf 75' lang='grc' dir='ltr'><strong><em>ἐκπέμπειν,</em></strong></span> <span class='ocrx_word' id='word_1_225' title='bbox 1127 1065 1214 1103; x_wconf 75' lang='grc' dir='ltr'><strong><em>ὦςτε</em></strong></span> <span class='ocrx_word' id='word_1_226' title='bbox 1238 1068 1365 1103; x_wconf 79' lang='grc' dir='ltr'><strong><em>αὐτοὺς</em></strong></span> 
     </span>
     <span class='ocr_line' id='line_1_35' title="bbox 289 1112 1363 1159; baseline 0 -11"><span class='ocrx_word' id='word_1_227' title='bbox 289 1112 349 1149; x_wconf 77' lang='grc' dir='ltr'>τὰς</span> <span class='ocrx_word' id='word_1_228' title='bbox 373 1114 502 1148; x_wconf 86' lang='grc' dir='ltr'><strong><em>οἰκείας</em></strong></span> <span class='ocrx_word' id='word_1_229' title='bbox 523 1113 642 1159; x_wconf 80' lang='grc' dir='ltr'><strong><em>χώρας</em></strong></span> <span class='ocrx_word' id='word_1_230' title='bbox 671 1127 711 1148; x_wconf 83' lang='grc' dir='ltr'>τε</span> <span class='ocrx_word' id='word_1_231' title='bbox 743 1117 803 1148; x_wconf 80' lang='grc' dir='ltr'>καὶ</span> <span class='ocrx_word' id='word_1_232' title='bbox 831 1112 951 1149; x_wconf 84' lang='grc' dir='ltr'><strong><em>πόλεις</em></strong></span> <span class='ocrx_word' id='word_1_233' title='bbox 981 1114 1100 1149; x_wconf 83' lang='grc' dir='ltr'><strong><em>οἰκεῖν.</em></strong></span> <span class='ocrx_word' id='word_1_234' title='bbox 1148 1115 1193 1147; x_wconf 85' lang='grc' dir='ltr'>Εἰ</span> <span class='ocrx_word' id='word_1_235' title='bbox 1218 1112 1257 1148; x_wconf 84' lang='grc' dir='ltr'>δὲ</span> <span class='ocrx_word' id='word_1_236' title='bbox 1279 1113 1363 1149; x_wconf 88' lang='grc' dir='ltr'><strong><em>πολ-</em></strong></span> 
     </span>
     <span class='ocr_line' id='line_1_36' title="bbox 290 1157 1365 1212; baseline 0.001 -20"><span class='ocrx_word' id='word_1_237' title='bbox 290 1158 384 1194; x_wconf 83' lang='grc' dir='ltr'><strong><em>λάκις</em></strong></span> <span class='ocrx_word' id='word_1_238' title='bbox 408 1157 663 1202; x_wconf 76' lang='grc' dir='ltr'><strong><em>ἐνοχλήσαντος</em></strong></span> <span class='ocrx_word' id='word_1_239' title='bbox 692 1159 746 1202; x_wconf 79' lang='grc' dir='ltr'>τῷ</span> <span class='ocrx_word' id='word_1_240' title='bbox 770 1157 989 1212; x_wconf 72' lang='grc' dir='ltr'><strong><em>ἀκροωμένῳ</em></strong></span> <span class='ocrx_word' id='word_1_241' title='bbox 1022 1160 1083 1202; x_wconf 85' lang='grc' dir='ltr'>τῆς</span> <span class='ocrx_word' id='word_1_242' title='bbox 1115 1157 1211 1202; x_wconf 82' lang='grc' dir='ltr'><strong><em>δίκης</em></strong></span> <span class='ocrx_word' id='word_1_243' title='bbox 1238 1157 1261 1203; x_wconf 81' lang='grc' dir='ltr'><em>ἢ</em></span> <span class='ocrx_word' id='word_1_244' title='bbox 1292 1162 1365 1194; x_wconf 86' lang='grc' dir='ltr'><strong><em>τοῖς</em></strong></span> 
     </span>
     <span class='ocr_line' id='line_1_37' title="bbox 290 1201 1364 1258; baseline 0.001 -20"><span class='ocrx_word' id='word_1_245' title='bbox 290 1206 365 1258; x_wconf 50' lang='grc' dir='ltr'>τῶν</span> <span class='ocrx_word' id='word_1_246' title='bbox 395 1206 567 1252; x_wconf 84' lang='grc' dir='ltr'><strong><em>γεωργῶν</em></strong></span> <span class='ocrx_word' id='word_1_247' title='bbox 597 1208 728 1258; x_wconf 49' lang='lat' dir='ltr'>{evolvas</span> <span class='ocrx_word' id='word_1_248' title='bbox 762 1218 827 1239; x_wconf 86' lang='grc' dir='ltr'>του</span> <span class='ocrx_word' id='word_1_249' title='bbox 859 1201 949 1251; x_wconf 79' lang='grc' dir='ltr'><strong><em>παρ’</em></strong></span> <span class='ocrx_word' id='word_1_250' title='bbox 984 1203 1088 1257; x_wconf 59' lang='grc' dir='ltr'>ἡμρν</span> <span class='ocrx_word' id='word_1_251' title='bbox 1119 1203 1364 1239; x_wconf 82' lang='grc' dir='ltr'><strong><em>καταστάντος</em></strong></span> 
     </span>
    </p>
   </div>
   <div class='ocr_carea' id='block_1_13' title="bbox 1432 1065 2504 1246">
    <p class='ocr_par' dir='ltr' id='par_1_14' title="bbox 1432 1065 2504 1246">
     <span class='ocr_line' id='line_1_38' title="bbox 1433 1065 2502 1112; baseline -0.002 -9"><span class='ocrx_word' id='word_1_252' title='bbox 1433 1078 1516 1104; x_wconf 86' lang='lat' dir='ltr'>suas</span> <span class='ocrx_word' id='word_1_253' title='bbox 1538 1068 1697 1103; x_wconf 84' lang='lat' dir='ltr'>civitates</span> <span class='ocrx_word' id='word_1_254' title='bbox 1722 1070 1758 1103; x_wconf 89' lang='lat' dir='ltr'>et</span> <span class='ocrx_word' id='word_1_255' title='bbox 1781 1067 1980 1112; x_wconf 82' lang='lat' dir='ltr'>provincias</span> <span class='ocrx_word' id='word_1_256' title='bbox 2002 1067 2174 1102; x_wconf 88' lang='lat' dir='ltr'>habitare.</span> <span class='ocrx_word' id='word_1_257' title='bbox 2213 1066 2251 1102; x_wconf 90' lang='lat' dir='ltr'>Si</span> <span class='ocrx_word' id='word_1_258' title='bbox 2273 1076 2356 1102; x_wconf 84' lang='lat' dir='ltr'>vero</span> <span class='ocrx_word' id='word_1_259' title='bbox 2379 1065 2502 1101; x_wconf 73' lang='lat' dir='ltr'>forsan</span> 
     </span>
     <span class='ocr_line' id='line_1_39' title="bbox 1436 1110 2502 1157; baseline -0.003 -8"><span class='ocrx_word' id='word_1_260' title='bbox 1436 1124 1515 1149; x_wconf 88' lang='lat' dir='ltr'>cum</span> <span class='ocrx_word' id='word_1_261' title='bbox 1539 1113 1737 1148; x_wconf 85' lang='lat' dir='ltr'>institerint</span> <span class='ocrx_word' id='word_1_262' title='bbox 1765 1112 1921 1149; x_wconf 79' lang='lat' dir='ltr'>auditori</span> <span class='ocrx_word' id='word_1_263' title='bbox 1952 1111 2024 1147; x_wconf 87' lang='lat' dir='ltr'>litis</span> <span class='ocrx_word' id='word_1_264' title='bbox 2048 1117 2111 1147; x_wconf 86' lang='lat' dir='ltr'>aut</span> <span class='ocrx_word' id='word_1_265' title='bbox 2133 1111 2369 1157; x_wconf 80' lang='lat' dir='ltr'>agricolarum</span> <span class='ocrx_word' id='word_1_266' title='bbox 2391 1110 2502 1147; x_wconf 82' lang='lat' dir='ltr'>domi-</span> 
     </span>
     <span class='ocr_line' id='line_1_40' title="bbox 1433 1155 2502 1204; baseline -0.005 -9"><span class='ocrx_word' id='word_1_267' title='bbox 1433 1160 1487 1195; x_wconf 89' lang='lat' dir='ltr'>nis</span> <span class='ocrx_word' id='word_1_268' title='bbox 1519 1159 1579 1204; x_wconf 89' lang='lat' dir='ltr'>qui</span> <span class='ocrx_word' id='word_1_269' title='bbox 1608 1168 1631 1193; x_wconf 85' lang='lat' dir='ltr'>a</span> <span class='ocrx_word' id='word_1_270' title='bbox 1661 1158 1763 1193; x_wconf 91' lang='lat' dir='ltr'>nobis</span> <span class='ocrx_word' id='word_1_271' title='bbox 1800 1158 1924 1193; x_wconf 86' lang='lat' dir='ltr'>statuti</span> <span class='ocrx_word' id='word_1_272' title='bbox 1956 1159 2040 1192; x_wconf 89' lang='lat' dir='ltr'>sunt</span> <span class='ocrx_word' id='word_1_273' title='bbox 2067 1157 2221 1199; x_wconf 87' lang='lat' dir='ltr'>iudices,</span> <span class='ocrx_word' id='word_1_274' title='bbox 2257 1158 2298 1192; x_wconf 90' lang='lat' dir='ltr'>ut</span> <span class='ocrx_word' id='word_1_275' title='bbox 2325 1155 2502 1201; x_wconf 77' lang='lat' dir='ltr'>litigantes</span> 
     </span>
     <span class='ocr_line' id='line_1_41' title="bbox 1432 1201 2504 1246; baseline -0.003 -7"><span class='ocrx_word' id='word_1_276' title='bbox 1432 1208 1496 1239; x_wconf 88' lang='lat' dir='ltr'>aut</span> <span class='ocrx_word' id='word_1_277' title='bbox 1527 1205 1756 1239; x_wconf 87' lang='lat' dir='ltr'>observantes</span> <span class='ocrx_word' id='word_1_278' title='bbox 1788 1203 1957 1245; x_wconf 88' lang='lat' dir='ltr'>liberent,</span> <span class='ocrx_word' id='word_1_279' title='bbox 1992 1203 2062 1246; x_wconf 90' lang='lat' dir='ltr'>ipsi</span> <span class='ocrx_word' id='word_1_280' title='bbox 2092 1201 2138 1237; x_wconf 84' lang='lat' dir='ltr'>ad</span> <span class='ocrx_word' id='word_1_281' title='bbox 2170 1202 2237 1238; x_wconf 87' lang='lat' dir='ltr'>hoc</span> <span class='ocrx_word' id='word_1_282' title='bbox 2269 1201 2434 1237; x_wconf 82' lang='lat' dir='ltr'>differant</span> <span class='ocrx_word' id='word_1_283' title='bbox 2467 1203 2504 1236; x_wconf 92' lang='lat' dir='ltr'>et</span> 
     </span>
    </p>
   </div>
   <div class='ocr_carea' id='block_1_14' title="bbox 288 1246 2502 1305">
    <p class='ocr_par' dir='ltr' id='par_1_15' title="bbox 288 1246 2502 1305">
     <span class='ocr_line' id='line_1_42' title="bbox 288 1246 2502 1305; baseline -0.001 -22"><span class='ocrx_word' id='word_1_284' title='bbox 288 1262 467 1294; x_wconf 78' lang='grc' dir='ltr'><strong><em>αρχοντος,</em></strong></span> <span class='ocrx_word' id='word_1_285' title='bbox 498 1246 558 1296; x_wconf 77' lang='grc' dir='ltr'>ἐφ’</span> <span class='ocrx_word' id='word_1_286' title='bbox 584 1264 614 1293; x_wconf 85' lang='grc' dir='ltr'>ῳ</span> <span class='ocrx_word' id='word_1_287' title='bbox 639 1248 721 1284; x_wconf 76' lang='grc' dir='ltr'><strong><em>τοὺς</em></strong></span> <span class='ocrx_word' id='word_1_288' title='bbox 745 1247 996 1305; x_wconf 50' lang='grc' dir='ltr'><strong><em>δικαζομένους</em></strong></span> <span class='ocrx_word' id='word_1_289' title='bbox 1024 1263 1046 1292; x_wconf 91' lang='grc' dir='ltr'><strong><em>η</em></strong></span> <span class='ocrx_word' id='word_1_290' title='bbox 1068 1248 1364 1296; x_wconf 76' lang='grc' dir='ltr'><strong><em>προςεδρεύοντας</em></strong></span> <span class='ocrx_word' id='word_1_291' title='bbox 1378 1252 1420 1285; x_wconf 86' lang='grc'>20</span> <span class='ocrx_word' id='word_1_292' title='bbox 1433 1260 1504 1285; x_wconf 89' lang='lat' dir='ltr'>non</span> <span class='ocrx_word' id='word_1_293' title='bbox 1531 1250 1634 1285; x_wconf 83' lang='lat' dir='ltr'>citius</span> <span class='ocrx_word' id='word_1_294' title='bbox 1659 1259 1721 1284; x_wconf 85' lang='lat' dir='ltr'>eos</span> <span class='ocrx_word' id='word_1_295' title='bbox 1745 1251 1809 1283; x_wconf 82' lang='lat' dir='ltr'>aut</span> <span class='ocrx_word' id='word_1_296' title='bbox 1827 1248 1890 1283; x_wconf 79' lang='lat' dir='ltr'>lite</span> <span class='ocrx_word' id='word_1_297' title='bbox 1913 1251 1976 1283; x_wconf 82' lang='lat' dir='ltr'>aut</span> <span class='ocrx_word' id='word_1_298' title='bbox 1996 1247 2242 1283; x_wconf 81' lang='lat' dir='ltr'>observatione</span> <span class='ocrx_word' id='word_1_299' title='bbox 2266 1246 2502 1287; x_wconf 71' lang='lat' dir='ltr'>liberaverint,</span> 
     </span>
    </p>
   </div>
   <div class='ocr_carea' id='block_1_15' title="bbox 290 1293 1365 1485">
    <p class='ocr_par' dir='ltr' id='par_1_16' title="bbox 290 1293 1365 1485">
     <span class='ocr_line' id='line_1_43' title="bbox 290 1293 1365 1342; baseline -0.001 -13"><span class='ocrx_word' id='word_1_300' title='bbox 290 1296 549 1341; x_wconf 71' lang='grc' dir='ltr'><strong><em>ἐλευθερῶσαι,</em></strong></span> <span class='ocrx_word' id='word_1_301' title='bbox 579 1293 681 1330; x_wconf 81' lang='grc' dir='ltr'><strong><em>αὐτοὶ</em></strong></span> <span class='ocrx_word' id='word_1_302' title='bbox 704 1294 792 1342; x_wconf 88' lang='grc' dir='ltr'><strong><em>πρὸς</em></strong></span> <span class='ocrx_word' id='word_1_303' title='bbox 815 1297 922 1330; x_wconf 80' lang='grc' dir='ltr'><strong><em>τοῦτο</em></strong></span> <span class='ocrx_word' id='word_1_304' title='bbox 944 1293 1207 1339; x_wconf 86' lang='grc' dir='ltr'><strong><em>αναβάλλοιντο</em></strong></span> <span class='ocrx_word' id='word_1_305' title='bbox 1234 1298 1294 1329; x_wconf 84' lang='grc' dir='ltr'>καὶ</span> <span class='ocrx_word' id='word_1_306' title='bbox 1315 1294 1365 1339; x_wconf 85' lang='grc' dir='ltr'><strong><em>μὴ</em></strong></span> 
     </span>
     <span class='ocr_line' id='line_1_44' title="bbox 292 1338 1364 1387; baseline -0.001 -12"><span class='ocrx_word' id='word_1_307' title='bbox 292 1342 431 1375; x_wconf 80' lang='grc' dir='ltr'><strong><em>θᾶττον</em></strong></span> <span class='ocrx_word' id='word_1_308' title='bbox 454 1338 580 1375; x_wconf 74' lang='grc' dir='ltr'><strong><em>αὐτοὺς</em></strong></span> <span class='ocrx_word' id='word_1_309' title='bbox 595 1338 617 1384; x_wconf 86' lang='grc' dir='ltr'><em>ἢ</em></span> <span class='ocrx_word' id='word_1_310' title='bbox 632 1342 694 1384; x_wconf 85' lang='grc' dir='ltr'>τῆς</span> <span class='ocrx_word' id='word_1_311' title='bbox 718 1339 815 1384; x_wconf 83' lang='grc' dir='ltr'><strong><em>δίκης</em></strong></span> <span class='ocrx_word' id='word_1_312' title='bbox 845 1339 867 1384; x_wconf 86' lang='grc' dir='ltr'>ἢ</span> <span class='ocrx_word' id='word_1_313' title='bbox 889 1341 954 1375; x_wconf 82' lang='grc' dir='ltr'>τοῦ</span> <span class='ocrx_word' id='word_1_314' title='bbox 977 1338 1223 1387; x_wconf 77' lang='grc' dir='ltr'><strong><em>προςεδρεύειν</em></strong></span> <span class='ocrx_word' id='word_1_315' title='bbox 1247 1338 1364 1374; x_wconf 75' lang='grc' dir='ltr'><strong><em>αὐτοῖς</em></strong></span> 
     </span>
     <span class='ocr_line' id='line_1_45' title="bbox 290 1383 1365 1432; baseline -0.001 -12"><span class='ocrx_word' id='word_1_316' title='bbox 290 1383 551 1427; x_wconf 75' lang='grc' dir='ltr'><strong><em>ἀπαλλάξουσι,</em></strong></span> <span class='ocrx_word' id='word_1_317' title='bbox 583 1386 781 1429; x_wconf 74' lang='grc' dir='ltr'><strong><em>τηνικαῦτα</em></strong></span> <span class='ocrx_word' id='word_1_318' title='bbox 812 1384 925 1421; x_wconf 77' lang='grc' dir='ltr'><strong><em>αὐτὸν</em></strong></span> <span class='ocrx_word' id='word_1_319' title='bbox 955 1384 1023 1420; x_wconf 87' lang='grc' dir='ltr'>τὸν</span> <span class='ocrx_word' id='word_1_320' title='bbox 1053 1383 1143 1432; x_wconf 73' lang='grc' dir='ltr'><strong><em>παρ’</em></strong></span> <span class='ocrx_word' id='word_1_321' title='bbox 1168 1383 1273 1429; x_wconf 76' lang='grc' dir='ltr'><strong><em>ἡμῶν</em></strong></span> <span class='ocrx_word' id='word_1_322' title='bbox 1303 1387 1365 1421; x_wconf 73' lang='grc' dir='ltr'>ἐπὶ</span> 
     </span>
     <span class='ocr_line' id='line_1_46' title="bbox 291 1429 1365 1485; baseline -0.001 -20"><span class='ocrx_word' id='word_1_323' title='bbox 291 1430 419 1474; x_wconf 84' lang='grc' dir='ltr'><strong><em>ταύτης</em></strong></span> <span class='ocrx_word' id='word_1_324' title='bbox 440 1433 502 1475; x_wconf 82' lang='grc' dir='ltr'>τῆς</span> <span class='ocrx_word' id='word_1_325' title='bbox 525 1430 630 1478; x_wconf 80' lang='grc' dir='ltr'><strong><em>ἀρχῆς</em></strong></span> <span class='ocrx_word' id='word_1_326' title='bbox 653 1430 918 1485; x_wconf 51' lang='grc' dir='ltr'>ινῑροβληθίεἴντοιἱ</span> <span class='ocrx_word' id='word_1_327' title='bbox 942 1429 1043 1485; x_wconf 66' lang='grc' dir='ltr'><strong><em>ἄγειν</em></strong></span> <span class='ocrx_word' id='word_1_328' title='bbox 1066 1431 1114 1465; x_wconf 80' lang='grc' dir='ltr'>εἰς</span> <span class='ocrx_word' id='word_1_329' title='bbox 1134 1430 1263 1465; x_wconf 83' lang='grc' dir='ltr'><strong><em>ἑαυτὸν</em></strong></span> <span class='ocrx_word' id='word_1_330' title='bbox 1284 1429 1365 1465; x_wconf 86' lang='grc' dir='ltr'><strong><em>τοὺς</em></strong></span> 
     </span>
    </p>
   </div>
   <div class='ocr_carea' id='block_1_16' title="bbox 1432 1291 2504 1475">
    <p class='ocr_par' dir='ltr' id='par_1_17' title="bbox 1432 1291 2504 1475">
     <span class='ocr_line' id='line_1_47' title="bbox 1432 1291 2503 1339; baseline -0.004 -9"><span class='ocrx_word' id='word_1_331' title='bbox 1432 1300 1519 1330; x_wconf 92' lang='lat' dir='ltr'>tunc</span> <span class='ocrx_word' id='word_1_332' title='bbox 1550 1295 1665 1339; x_wconf 88' lang='lat' dir='ltr'>ipsum</span> <span class='ocrx_word' id='word_1_333' title='bbox 1698 1295 1758 1339; x_wconf 89' lang='lat' dir='ltr'>qui</span> <span class='ocrx_word' id='word_1_334' title='bbox 1781 1304 1804 1328; x_wconf 84' lang='lat' dir='ltr'>a</span> <span class='ocrx_word' id='word_1_335' title='bbox 1826 1293 1929 1329; x_wconf 90' lang='lat' dir='ltr'>nobis</span> <span class='ocrx_word' id='word_1_336' title='bbox 1958 1293 1997 1328; x_wconf 90' lang='lat' dir='ltr'>in</span> <span class='ocrx_word' id='word_1_337' title='bbox 2019 1293 2089 1328; x_wconf 89' lang='lat' dir='ltr'>hoc</span> <span class='ocrx_word' id='word_1_338' title='bbox 2122 1293 2263 1338; x_wconf 89' lang='lat' dir='ltr'>cingulo</span> <span class='ocrx_word' id='word_1_339' title='bbox 2288 1291 2503 1328; x_wconf 88' lang='lat' dir='ltr'>constitutus</span> 
     </span>
     <span class='ocr_line' id='line_1_48' title="bbox 1435 1337 2504 1383; baseline -0.003 -8"><span class='ocrx_word' id='word_1_340' title='bbox 1435 1345 1488 1376; x_wconf 91' lang='lat' dir='ltr'>est</span> <span class='ocrx_word' id='word_1_341' title='bbox 1509 1340 1683 1375; x_wconf 88' lang='lat' dir='ltr'>deducere</span> <span class='ocrx_word' id='word_1_342' title='bbox 1706 1340 1753 1375; x_wconf 89' lang='lat' dir='ltr'>ad</span> <span class='ocrx_word' id='word_1_343' title='bbox 1773 1349 1812 1374; x_wconf 91' lang='lat' dir='ltr'>se</span> <span class='ocrx_word' id='word_1_344' title='bbox 1831 1339 2010 1382; x_wconf 85' lang='lat' dir='ltr'>litigantes</span> <span class='ocrx_word' id='word_1_345' title='bbox 2034 1342 2097 1374; x_wconf 86' lang='lat' dir='ltr'>aut</span> <span class='ocrx_word' id='word_1_346' title='bbox 2121 1342 2261 1383; x_wconf 83' lang='lat' dir='ltr'>egentes</span> <span class='ocrx_word' id='word_1_347' title='bbox 2284 1337 2403 1382; x_wconf 85' lang='lat' dir='ltr'>aliquo</span> <span class='ocrx_word' id='word_1_348' title='bbox 2426 1337 2504 1372; x_wconf 82' lang='lat' dir='ltr'>iure</span> 
     </span>
     <span class='ocr_line' id='line_1_49' title="bbox 1434 1381 2503 1430; baseline -0.004 -9"><span class='ocrx_word' id='word_1_349' title='bbox 1434 1396 1456 1420; x_wconf 85' lang='lat' dir='ltr'>a</span> <span class='ocrx_word' id='word_1_350' title='bbox 1478 1385 1744 1430; x_wconf 87' lang='lat' dir='ltr'>possessoribus</span> <span class='ocrx_word' id='word_1_351' title='bbox 1774 1384 1924 1430; x_wconf 87' lang='lat' dir='ltr'>proinde</span> <span class='ocrx_word' id='word_1_352' title='bbox 1955 1394 2028 1419; x_wconf 89' lang='lat' dir='ltr'>non</span> <span class='ocrx_word' id='word_1_353' title='bbox 2058 1385 2245 1426; x_wconf 88' lang='lat' dir='ltr'>merentes,</span> <span class='ocrx_word' id='word_1_354' title='bbox 2271 1381 2343 1429; x_wconf 82' lang='lat' dir='ltr'>(et)</span> <span class='ocrx_word' id='word_1_355' title='bbox 2372 1381 2503 1418; x_wconf 85' lang='lat' dir='ltr'>exami-</span> 
     </span>
     <span class='ocr_line' id='line_1_50' title="bbox 1434 1427 2504 1475; baseline -0.002 -11"><span class='ocrx_word' id='word_1_356' title='bbox 1434 1441 1535 1474; x_wconf 85' lang='lat' dir='ltr'>nare,</span> <span class='ocrx_word' id='word_1_357' title='bbox 1572 1434 1608 1466; x_wconf 88' lang='lat' dir='ltr'>et</span> <span class='ocrx_word' id='word_1_358' title='bbox 1642 1431 1746 1466; x_wconf 85' lang='lat' dir='ltr'>citius</span> <span class='ocrx_word' id='word_1_359' title='bbox 1782 1430 2027 1475; x_wconf 88' lang='lat' dir='ltr'>disponentem</span> <span class='ocrx_word' id='word_1_360' title='bbox 2068 1439 2134 1474; x_wconf 91' lang='lat' dir='ltr'>pro</span> <span class='ocrx_word' id='word_1_361' title='bbox 2171 1428 2299 1473; x_wconf 91' lang='lat' dir='ltr'>quibus</span> <span class='ocrx_word' id='word_1_362' title='bbox 2335 1427 2387 1463; x_wconf 88' lang='lat' dir='ltr'>ini</span> <span class='ocrx_word' id='word_1_363' title='bbox 2420 1427 2504 1462; x_wconf 85' lang='lat' dir='ltr'>huic</span> 
     </span>
    </p>
   </div>
   <div class='ocr_carea' id='block_1_17' title="bbox 291 1472 2504 1522">
    <p class='ocr_par' dir='ltr' id='par_1_18' title="bbox 291 1472 2504 1522">
     <span class='ocr_line' id='line_1_51' title="bbox 291 1472 2504 1522; baseline -0.002 -11"><span class='ocrx_word' id='word_1_364' title='bbox 291 1475 540 1522; x_wconf 79' lang='grc' dir='ltr'><strong><em>δικαζομένους</em></strong></span> <span class='ocrx_word' id='word_1_365' title='bbox 574 1475 596 1520; x_wconf 86' lang='grc' dir='ltr'><em>ἢ</em></span> <span class='ocrx_word' id='word_1_366' title='bbox 628 1475 814 1521; x_wconf 79' lang='grc' dir='ltr'><strong><em>δεομένους</em></strong></span> <span class='ocrx_word' id='word_1_367' title='bbox 843 1488 940 1511; x_wconf 84' lang='grc' dir='ltr'><strong><em>τινος</em></strong></span> <span class='ocrx_word' id='word_1_368' title='bbox 973 1489 1051 1511; x_wconf 88' lang='grc' dir='ltr'>των</span> <span class='ocrx_word' id='word_1_369' title='bbox 1081 1474 1234 1510; x_wconf 82' lang='grc' dir='ltr'><strong><em>δικαίων</em></strong></span> <span class='ocrx_word' id='word_1_370' title='bbox 1267 1474 1366 1522; x_wconf 84' lang='grc' dir='ltr'><strong><em>παρὰ</em></strong></span> <span class='ocrx_word' id='word_1_371' title='bbox 1378 1478 1421 1511; x_wconf 83' lang='grc'>25</span> <span class='ocrx_word' id='word_1_372' title='bbox 1436 1486 1584 1520; x_wconf 89' lang='lat' dir='ltr'>magnae</span> <span class='ocrx_word' id='word_1_373' title='bbox 1608 1476 1798 1511; x_wconf 84' lang='lat' dir='ltr'>observant</span> <span class='ocrx_word' id='word_1_374' title='bbox 1827 1475 1960 1510; x_wconf 88' lang='lat' dir='ltr'>civitati</span> <span class='ocrx_word' id='word_1_375' title='bbox 1992 1475 2038 1510; x_wconf 85' lang='lat' dir='ltr'>ad</span> <span class='ocrx_word' id='word_1_376' title='bbox 2061 1484 2144 1510; x_wconf 88' lang='lat' dir='ltr'>suas</span> <span class='ocrx_word' id='word_1_377' title='bbox 2168 1473 2347 1509; x_wconf 88' lang='lat' dir='ltr'>remittere</span> <span class='ocrx_word' id='word_1_378' title='bbox 2370 1472 2504 1519; x_wconf 81' lang='lat' dir='ltr'>patrias</span> 
     </span>
    </p>
   </div>
   <div class='ocr_carea' id='block_1_18' title="bbox 289 1519 1366 1706">
    <p class='ocr_par' dir='ltr' id='par_1_19' title="bbox 289 1519 1366 1711">
     <span class='ocr_line' id='line_1_52' title="bbox 289 1519 1365 1570; baseline -0.001 -14"><span class='ocrx_word' id='word_1_379' title='bbox 289 1524 368 1557; x_wconf 81' lang='grc' dir='ltr'>τῶν</span> <span class='ocrx_word' id='word_1_380' title='bbox 390 1525 617 1567; x_wconf 79' lang='grc' dir='ltr'><strong><em>κεκτημένων</em></strong></span> <span class='ocrx_word' id='word_1_381' title='bbox 640 1522 718 1557; x_wconf 84' lang='grc' dir='ltr'><strong><em>εἶτα</em></strong></span> <span class='ocrx_word' id='word_1_382' title='bbox 749 1521 798 1567; x_wconf 88' lang='grc' dir='ltr'><strong><em>μὴ</em></strong></span> <span class='ocrx_word' id='word_1_383' title='bbox 821 1519 1071 1570; x_wconf 81' lang='grc' dir='ltr'><strong><em>τυγχάνοντας,</em></strong></span> <span class='ocrx_word' id='word_1_384' title='bbox 1095 1524 1154 1555; x_wconf 80' lang='grc' dir='ltr'>καὶ</span> <span class='ocrx_word' id='word_1_385' title='bbox 1177 1520 1365 1564; x_wconf 76' lang='grc' dir='ltr'><strong><em>ἐξετάζειν,</em></strong></span> 
     </span>
     <span class='ocr_line' id='line_1_53' title="bbox 291 1564 1365 1614; baseline -0.002 -12"><span class='ocrx_word' id='word_1_386' title='bbox 291 1571 350 1602; x_wconf 82' lang='grc' dir='ltr'>καὶ</span> <span class='ocrx_word' id='word_1_387' title='bbox 371 1570 411 1602; x_wconf 79' lang='grc' dir='ltr'>ἐν</span> <span class='ocrx_word' id='word_1_388' title='bbox 431 1565 530 1610; x_wconf 82' lang='grc' dir='ltr'><strong><em>τάχει</em></strong></span> <span class='ocrx_word' id='word_1_389' title='bbox 550 1566 768 1602; x_wconf 76' lang='grc' dir='ltr'><strong><em>διατιθέντα</em></strong></span> <span class='ocrx_word' id='word_1_390' title='bbox 787 1567 849 1613; x_wconf 80' lang='grc' dir='ltr'>ἐφ’</span> <span class='ocrx_word' id='word_1_391' title='bbox 874 1567 926 1602; x_wconf 85' lang='grc' dir='ltr'>οἷς</span> <span class='ocrx_word' id='word_1_392' title='bbox 949 1569 1076 1601; x_wconf 76' lang='grc' dir='ltr'><strong><em>ἐκεῖνοι</em></strong></span> <span class='ocrx_word' id='word_1_393' title='bbox 1099 1564 1213 1614; x_wconf 81' lang='grc' dir='ltr'><strong><em>ταύτῃ</em></strong></span> <span class='ocrx_word' id='word_1_394' title='bbox 1240 1567 1285 1614; x_wconf 80' lang='grc' dir='ltr'>τῇ</span> <span class='ocrx_word' id='word_1_395' title='bbox 1307 1580 1365 1611; x_wconf 86' lang='grc' dir='ltr'>με-</span> 
     </span>
     <span class='ocr_line' id='line_1_54' title="bbox 291 1611 1366 1661; baseline -0.001 -14"><span class='ocrx_word' id='word_1_396' title='bbox 291 1611 379 1661; x_wconf 79' lang='grc' dir='ltr'><strong><em>γάλῃ</em></strong></span> <span class='ocrx_word' id='word_1_397' title='bbox 403 1611 673 1660; x_wconf 76' lang='grc' dir='ltr'><strong><em>προςεδρευουσι</em></strong></span> <span class='ocrx_word' id='word_1_398' title='bbox 696 1612 799 1655; x_wconf 67' lang='grc' dir='ltr'><strong><em>πᾴλει</em></strong></span> <span class='ocrx_word' id='word_1_399' title='bbox 823 1611 912 1660; x_wconf 84' lang='grc' dir='ltr'><strong><em>πρὸς</em></strong></span> <span class='ocrx_word' id='word_1_400' title='bbox 935 1612 998 1647; x_wconf 82' lang='grc' dir='ltr'>τὰς</span> <span class='ocrx_word' id='word_1_401' title='bbox 1017 1613 1145 1646; x_wconf 84' lang='grc' dir='ltr'><strong><em>οἰκείας</em></strong></span> <span class='ocrx_word' id='word_1_402' title='bbox 1169 1614 1366 1656; x_wconf 76' lang='grc' dir='ltr'><strong><em>ἐκπέμπειν</em></strong></span> 
     </span>
     <span class='ocr_line' id='line_1_55' title="bbox 292 1654 1366 1706; baseline -0.001 -14"><span class='ocrx_word' id='word_1_403' title='bbox 292 1657 468 1706; x_wconf 84' lang='grc' dir='ltr'><strong><em>πατρίδας</em></strong></span> <span class='ocrx_word' id='word_1_404' title='bbox 499 1657 522 1701; x_wconf 84' lang='grc' dir='ltr'><em>ἢ</em></span> <span class='ocrx_word' id='word_1_405' title='bbox 545 1656 636 1693; x_wconf 74' lang='grc' dir='ltr'><strong><em>ὅλως</em></strong></span> <span class='ocrx_word' id='word_1_406' title='bbox 659 1658 698 1699; x_wconf 80' lang='grc' dir='ltr'>ἐξ</span> <span class='ocrx_word' id='word_1_407' title='bbox 722 1657 775 1692; x_wconf 84' lang='grc' dir='ltr'>ὠν</span> <span class='ocrx_word' id='word_1_408' title='bbox 794 1655 918 1701; x_wconf 77' lang='grc' dir='ltr'><strong><em>ἥκουσι</em></strong></span> <span class='ocrx_word' id='word_1_409' title='bbox 937 1656 1076 1700; x_wconf 86' lang='grc' dir='ltr'><strong><em>τόπων,</em></strong></span> <span class='ocrx_word' id='word_1_410' title='bbox 1101 1654 1215 1700; x_wconf 82' lang='grc' dir='ltr'><strong><em>πάσης</em></strong></span> <span class='ocrx_word' id='word_1_411' title='bbox 1237 1655 1366 1704; x_wconf 80' lang='grc' dir='ltr'><strong><em>ἀνῃρη-</em></strong></span> 
     </span>
    </p>
   </div>
   <div class='ocr_carea' id='block_1_19' title="bbox 1434 1518 2503 1613">
    <p class='ocr_par' dir='ltr' id='par_1_20' title="bbox 1434 1518 2503 1613">
     <span class='ocr_line' id='line_1_56' title="bbox 1434 1518 2503 1565; baseline -0.003 -9"><span class='ocrx_word' id='word_1_412' title='bbox 1434 1526 1496 1556; x_wconf 84' lang='lat' dir='ltr'>aut</span> <span class='ocrx_word' id='word_1_413' title='bbox 1519 1521 1662 1556; x_wconf 85' lang='lat' dir='ltr'>omnino</span> <span class='ocrx_word' id='word_1_414' title='bbox 1686 1531 1730 1556; x_wconf 84' lang='lat' dir='ltr'>ex</span> <span class='ocrx_word' id='word_1_415' title='bbox 1754 1521 1882 1565; x_wconf 89' lang='lat' dir='ltr'>quibus</span> <span class='ocrx_word' id='word_1_416' title='bbox 1906 1525 2078 1555; x_wconf 88' lang='lat' dir='ltr'>venerunt</span> <span class='ocrx_word' id='word_1_417' title='bbox 2100 1519 2201 1560; x_wconf 88' lang='lat' dir='ltr'>locis,</span> <span class='ocrx_word' id='word_1_418' title='bbox 2235 1518 2399 1555; x_wconf 87' lang='lat' dir='ltr'>omnibus</span> <span class='ocrx_word' id='word_1_419' title='bbox 2422 1526 2503 1564; x_wconf 86' lang='lat' dir='ltr'>per-</span> 
     </span>
     <span class='ocr_line' id='line_1_57' title="bbox 1435 1563 2383 1613; baseline -0.002 -11"><span class='ocrx_word' id='word_1_420' title='bbox 1435 1572 1552 1613; x_wconf 85' lang='lat' dir='ltr'>empto</span> <span class='ocrx_word' id='word_1_421' title='bbox 1577 1567 1623 1602; x_wconf 85' lang='lat' dir='ltr'>ad</span> <span class='ocrx_word' id='word_1_422' title='bbox 1645 1566 1714 1603; x_wconf 90' lang='lat' dir='ltr'>hoc</span> <span class='ocrx_word' id='word_1_423' title='bbox 1738 1565 1918 1611; x_wconf 84' lang='lat' dir='ltr'>privilegio</span> <span class='ocrx_word' id='word_1_424' title='bbox 1942 1568 1978 1601; x_wconf 87' lang='lat' dir='ltr'>et</span> <span class='ocrx_word' id='word_1_425' title='bbox 1998 1565 2068 1601; x_wconf 86' lang='lat' dir='ltr'>fori</span> <span class='ocrx_word' id='word_1_426' title='bbox 2089 1563 2383 1611; x_wconf 82' lang='lat' dir='ltr'>praescriptione.</span> 
     </span>
    </p>
   </div>
   <div class='ocr_carea' id='block_1_20' title="bbox 290 1701 1424 1757">
    <p class='ocr_par' dir='ltr' id='par_1_21' title="bbox 290 1701 1424 1757">
     <span class='ocr_line' id='line_1_58' title="bbox 290 1701 1424 1757; baseline 0 -19"><span class='ocrx_word' id='word_1_427' title='bbox 290 1707 409 1757; x_wconf 53' lang='grc' dir='ltr'>,ιιιίνηςψ</span> <span class='ocrx_word' id='word_1_428' title='bbox 431 1716 520 1750; x_wconf 88' lang='grc' dir='ltr'><strong><em>προς</em></strong></span> <span class='ocrx_word' id='word_1_429' title='bbox 555 1706 661 1739; x_wconf 85' lang='grc' dir='ltr'><strong><em>τοῦτο</em></strong></span> <span class='ocrx_word' id='word_1_430' title='bbox 696 1707 892 1750; x_wconf 82' lang='grc' dir='ltr'><strong><em>προνομίας</em></strong></span> <span class='ocrx_word' id='word_1_431' title='bbox 930 1717 971 1738; x_wconf 77' lang='grc' dir='ltr'>τε</span> <span class='ocrx_word' id='word_1_432' title='bbox 1004 1706 1065 1737; x_wconf 78' lang='grc' dir='ltr'>καὶ</span> <span class='ocrx_word' id='word_1_433' title='bbox 1101 1701 1212 1750; x_wconf 77' lang='grc' dir='ltr'><strong><em>φόρου</em></strong></span> <span class='ocrx_word' id='word_1_434' title='bbox 1248 1714 1366 1750; x_wconf 86' lang='grc' dir='ltr'><strong><em>παρα·</em></strong></span> <span class='ocrx_word' id='word_1_435' title='bbox 1380 1705 1424 1738; x_wconf 89' lang='grc'>30</span> 
     </span>
    </p>
   </div>
   <div class='ocr_carea' id='block_1_21' title="bbox 291 1761 436 1796">
    <p class='ocr_par' dir='ltr' id='par_1_22' title="bbox 291 1761 436 1796">
     <span class='ocr_line' id='line_1_59' title="bbox 291 1761 436 1796; baseline -0.021 0"><span class='ocrx_word' id='word_1_436' title='bbox 291 1761 436 1796; x_wconf 59' lang='grc' dir='ltr'><em>γραφῆς-</em></span> 
     </span>
    </p>
   </div>
   <div class='ocr_carea' id='block_1_22' title="bbox 1283 1859 1522 1896">
    <p class='ocr_par' dir='ltr' id='par_1_23' title="bbox 1283 1859 1522 1896">
     <span class='ocr_line' id='line_1_60' title="bbox 1283 1859 1522 1896; baseline -0.008 0"><span class='ocrx_word' id='word_1_437' title='bbox 1283 1860 1439 1896; x_wconf 80' lang='lat' dir='ltr'><strong>CAPUT</strong></span> <span class='ocrx_word' id='word_1_438' title='bbox 1461 1859 1522 1894; x_wconf 88' lang='lat' dir='ltr'>lv.</span> 
     </span>
    </p>
   </div>
   <div class='ocr_carea' id='block_1_23' title="bbox 292 1936 1368 2085">
    <p class='ocr_par' dir='ltr' id='par_1_24' title="bbox 292 1936 1368 2085">
     <span class='ocr_line' id='line_1_61' title="bbox 349 1936 1367 1987; baseline -0.004 -9"><span class='ocrx_word' id='word_1_439' title='bbox 349 1944 394 1978; x_wconf 72' lang='lat' dir='ltr'>Et</span> <span class='ocrx_word' id='word_1_440' title='bbox 424 1941 464 1977; x_wconf 78' lang='grc' dir='ltr'>δὲ</span> <span class='ocrx_word' id='word_1_441' title='bbox 497 1946 578 1987; x_wconf 83' lang='grc' dir='ltr'><strong><em>βίου</em></strong></span> <span class='ocrx_word' id='word_1_442' title='bbox 614 1940 800 1987; x_wconf 87' lang='grc' dir='ltr'><strong><em>πρόφασίν</em></strong></span> <span class='ocrx_word' id='word_1_443' title='bbox 833 1952 928 1975; x_wconf 79' lang='grc' dir='ltr'><strong><em>τινες</em></strong></span> <span class='ocrx_word' id='word_1_444' title='bbox 961 1937 984 1984; x_wconf 80' lang='grc' dir='ltr'><em>ἢ</em></span> <span class='ocrx_word' id='word_1_445' title='bbox 1016 1938 1114 1983; x_wconf 85' lang='grc' dir='ltr'><strong><em>δίκης</em></strong></span> <span class='ocrx_word' id='word_1_446' title='bbox 1149 1941 1270 1974; x_wconf 83' lang='grc' dir='ltr'><strong><em>αἰτίαν</em></strong></span> <span class='ocrx_word' id='word_1_447' title='bbox 1305 1936 1367 1974; x_wconf 76' lang='grc' dir='ltr'>οὒκ</span> 
     </span>
     <span class='ocr_line' id='line_1_62' title="bbox 292 1982 1367 2032; baseline -0.004 -9"><span class='ocrx_word' id='word_1_448' title='bbox 292 1993 430 2032; x_wconf 74' lang='grc' dir='ltr'><strong><em>ἔχοντες</em></strong></span> <span class='ocrx_word' id='word_1_449' title='bbox 461 1990 522 2023; x_wconf 84' lang='grc' dir='ltr'>ἐπὶ</span> <span class='ocrx_word' id='word_1_450' title='bbox 551 1985 682 2029; x_wconf 82' lang='grc' dir='ltr'><strong><em>ταύτης</em></strong></span> <span class='ocrx_word' id='word_1_451' title='bbox 714 1987 782 2021; x_wconf 79' lang='grc' dir='ltr'><strong><em>εἰσὶ</em></strong></span> <span class='ocrx_word' id='word_1_452' title='bbox 813 1987 874 2030; x_wconf 84' lang='grc' dir='ltr'>τῆς</span> <span class='ocrx_word' id='word_1_453' title='bbox 895 1984 1067 2031; x_wconf 81' lang='grc' dir='ltr'><strong><em>ἡμετέρας</em></strong></span> <span class='ocrx_word' id='word_1_454' title='bbox 1095 1984 1247 2027; x_wconf 84' lang='grc' dir='ltr'><strong><em>πόλεως,</em></strong></span> <span class='ocrx_word' id='word_1_455' title='bbox 1280 1982 1367 2019; x_wconf 58' lang='lat' dir='ltr'>dista</span> 
     </span>
     <span class='ocr_line' id='line_1_63' title="bbox 292 2026 1368 2085; baseline -0.006 -16"><span class='ocrx_word' id='word_1_456' title='bbox 292 2036 420 2077; x_wconf 78' lang='grc' dir='ltr'><strong><em>διαζῆν</em></strong></span> <span class='ocrx_word' id='word_1_457' title='bbox 443 2032 465 2077; x_wconf 84' lang='grc' dir='ltr'><em>ἢ</em></span> <span class='ocrx_word' id='word_1_458' title='bbox 489 2035 526 2066; x_wconf 83' lang='grc' dir='ltr'>ἐκ</span> <span class='ocrx_word' id='word_1_459' title='bbox 550 2033 817 2085; x_wconf 53' lang='grc' dir='ltr'><strong><em>τοῦμεταιτεῖν</em></strong></span> <span class='ocrx_word' id='word_1_460' title='bbox 846 2028 868 2074; x_wconf 85' lang='grc' dir='ltr'><em>ἢ</em></span> <span class='ocrx_word' id='word_1_461' title='bbox 896 2030 1024 2066; x_wconf 75' lang='grc' dir='ltr'><strong><em>τούτου</em></strong></span> <span class='ocrx_word' id='word_1_462' title='bbox 1048 2030 1137 2076; x_wconf 86' lang='grc' dir='ltr'><strong><em>πρὸς</em></strong></span> <span class='ocrx_word' id='word_1_463' title='bbox 1159 2030 1221 2065; x_wconf 81' lang='grc' dir='ltr'>τὰς</span> <span class='ocrx_word' id='word_1_464' title='bbox 1245 2026 1368 2064; x_wconf 81' lang='grc' dir='ltr'><strong><em>αὗτῶν</em></strong></span> 
     </span>
    </p>
   </div>
   <div class='ocr_carea' id='block_1_24' title="bbox 1438 1935 2510 2073">
    <p class='ocr_par' dir='ltr' id='par_1_25' title="bbox 1438 1935 2510 2073">
     <span class='ocr_line' id='line_1_64' title="bbox 1482 1935 2507 1981; baseline -0.003 -8"><span class='ocrx_word' id='word_1_465' title='bbox 1482 1938 1519 1973; x_wconf 90' lang='lat' dir='ltr'>Si</span> <span class='ocrx_word' id='word_1_466' title='bbox 1543 1948 1626 1973; x_wconf 90' lang='lat' dir='ltr'>vero</span> <span class='ocrx_word' id='word_1_467' title='bbox 1657 1938 1750 1973; x_wconf 86' lang='lat' dir='ltr'>vitae</span> <span class='ocrx_word' id='word_1_468' title='bbox 1773 1937 1996 1973; x_wconf 85' lang='lat' dir='ltr'>occasionem</span> <span class='ocrx_word' id='word_1_469' title='bbox 2021 1936 2130 1981; x_wconf 84' lang='lat' dir='ltr'>aliqui</span> <span class='ocrx_word' id='word_1_470' title='bbox 2162 1939 2224 1970; x_wconf 83' lang='lat' dir='ltr'>aut</span> <span class='ocrx_word' id='word_1_471' title='bbox 2247 1935 2319 1971; x_wconf 87' lang='lat' dir='ltr'>litis</span> <span class='ocrx_word' id='word_1_472' title='bbox 2349 1944 2421 1971; x_wconf 89' lang='lat' dir='ltr'>non</span> <span class='ocrx_word' id='word_1_473' title='bbox 2445 1935 2507 1970; x_wconf 88' lang='lat' dir='ltr'>ha—</span> 
     </span>
     <span class='ocr_line' id='line_1_65' title="bbox 1438 1981 2509 2027; baseline -0.003 -8"><span class='ocrx_word' id='word_1_474' title='bbox 1438 1985 1562 2019; x_wconf 87' lang='lat' dir='ltr'>bentes</span> <span class='ocrx_word' id='word_1_475' title='bbox 1586 1984 1622 2018; x_wconf 91' lang='lat' dir='ltr'>in</span> <span class='ocrx_word' id='word_1_476' title='bbox 1638 1983 1706 2018; x_wconf 89' lang='lat' dir='ltr'>hac</span> <span class='ocrx_word' id='word_1_477' title='bbox 1729 1986 1814 2018; x_wconf 89' lang='lat' dir='ltr'>sunt</span> <span class='ocrx_word' id='word_1_478' title='bbox 1830 1985 1954 2018; x_wconf 84' lang='lat' dir='ltr'>nostra</span> <span class='ocrx_word' id='word_1_479' title='bbox 1978 1982 2130 2022; x_wconf 85' lang='lat' dir='ltr'>civitate,</span> <span class='ocrx_word' id='word_1_480' title='bbox 2154 1986 2194 2016; x_wconf 91' lang='lat' dir='ltr'>ut</span> <span class='ocrx_word' id='word_1_481' title='bbox 2212 1986 2358 2027; x_wconf 88' lang='lat' dir='ltr'>propter</span> <span class='ocrx_word' id='word_1_482' title='bbox 2378 1981 2509 2017; x_wconf 89' lang='lat' dir='ltr'>victum</span> 
     </span>
     <span class='ocr_line' id='line_1_66' title="bbox 1438 2026 2510 2073; baseline -0.002 -10"><span class='ocrx_word' id='word_1_483' title='bbox 1438 2033 1501 2064; x_wconf 88' lang='lat' dir='ltr'>aut</span> <span class='ocrx_word' id='word_1_484' title='bbox 1532 2039 1573 2063; x_wconf 92' lang='lat' dir='ltr'>eo</span> <span class='ocrx_word' id='word_1_485' title='bbox 1598 2028 1693 2073; x_wconf 89' lang='lat' dir='ltr'>quod</span> <span class='ocrx_word' id='word_1_486' title='bbox 1726 2029 1784 2063; x_wconf 91' lang='lat' dir='ltr'>hic</span> <span class='ocrx_word' id='word_1_487' title='bbox 1814 2028 1860 2062; x_wconf 89' lang='lat' dir='ltr'>ad</span> <span class='ocrx_word' id='word_1_488' title='bbox 1891 2038 2013 2063; x_wconf 88' lang='lat' dir='ltr'>eorum</span> <span class='ocrx_word' id='word_1_489' title='bbox 2045 2027 2219 2062; x_wconf 82' lang='lat' dir='ltr'>desideria</span> <span class='ocrx_word' id='word_1_490' title='bbox 2250 2037 2322 2061; x_wconf 91' lang='lat' dir='ltr'>non</span> <span class='ocrx_word' id='word_1_491' title='bbox 2353 2026 2510 2062; x_wconf 82' lang='lat' dir='ltr'>sufficiat</span> 
     </span>
    </p>
   </div>
   <div class='ocr_carea' id='block_1_25' title="bbox 293 2071 2510 2133">
    <p class='ocr_par' dir='ltr' id='par_1_26' title="bbox 293 2071 2510 2133">
     <span class='ocr_line' id='line_1_67' title="bbox 293 2071 2510 2133; baseline -0.004 -18"><span class='ocrx_word' id='word_1_492' title='bbox 293 2075 580 2133; x_wconf 40' lang='lat' dir='ltr'>enastvptas‘m‘m</span> <span class='ocrx_word' id='word_1_493' title='bbox 611 2079 802 2132; x_wconf 61' lang='lat'>‹193‘02‘122109</span> <span class='ocrx_word' id='word_1_494' title='bbox 835 2074 901 2131; x_wconf 70' lang='grc' dir='ltr'>ἤδη</span> <span class='ocrx_word' id='word_1_495' title='bbox 937 2079 996 2110; x_wconf 81' lang='grc' dir='ltr'>καὶ</span> <span class='ocrx_word' id='word_1_496' title='bbox 1031 2075 1265 2121; x_wconf 81' lang='grc' dir='ltr'><strong><em>πλημμελεῖν,</em></strong></span> <span class='ocrx_word' id='word_1_497' title='bbox 1301 2074 1368 2118; x_wconf 72' lang='grc' dir='ltr'>τὴν</span> <span class='ocrx_word' id='word_1_498' title='bbox 1381 2075 1507 2109; x_wconf 87' lang='lat' dir='ltr'>35iam</span> <span class='ocrx_word' id='word_1_499' title='bbox 1531 2074 1636 2109; x_wconf 89' lang='lat' dir='ltr'>etiam</span> <span class='ocrx_word' id='word_1_500' title='bbox 1660 2075 1826 2118; x_wconf 89' lang='lat' dir='ltr'>peccent,</span> <span class='ocrx_word' id='word_1_501' title='bbox 1860 2083 2047 2118; x_wconf 88' lang='lat' dir='ltr'>corporum</span> <span class='ocrx_word' id='word_1_502' title='bbox 2080 2082 2202 2108; x_wconf 90' lang='lat' dir='ltr'>eorum</span> <span class='ocrx_word' id='word_1_503' title='bbox 2230 2075 2363 2107; x_wconf 85' lang='lat' dir='ltr'>statum</span> <span class='ocrx_word' id='word_1_504' title='bbox 2395 2071 2510 2116; x_wconf 81' lang='lat' dir='ltr'>qualis</span> 
     </span>
    </p>
   </div>
   <div class='ocr_carea' id='block_1_26' title="bbox 293 2119 1368 2214">
    <p class='ocr_par' dir='ltr' id='par_1_27' title="bbox 293 2119 1368 2214">
     <span class='ocr_line' id='line_1_68' title="bbox 293 2119 1368 2168; baseline -0.006 -8"><span class='ocrx_word' id='word_1_505' title='bbox 293 2127 369 2160; x_wconf 80' lang='grc' dir='ltr'>τῶν</span> <span class='ocrx_word' id='word_1_506' title='bbox 404 2137 586 2168; x_wconf 83' lang='grc' dir='ltr'><strong><em>σωματων</em></strong></span> <span class='ocrx_word' id='word_1_507' title='bbox 623 2124 747 2157; x_wconf 80' lang='grc' dir='ltr'><strong><em>αυτῶν</em></strong></span> <span class='ocrx_word' id='word_1_508' title='bbox 781 2133 1005 2156; x_wconf 88' lang='grc' dir='ltr'><strong><em>καταστασιν</em></strong></span> <span class='ocrx_word' id='word_1_509' title='bbox 1038 2119 1149 2156; x_wconf 82' lang='grc' dir='ltr'><strong><em>ὁποία</em></strong></span> <span class='ocrx_word' id='word_1_510' title='bbox 1184 2126 1237 2156; x_wconf 89' lang='grc' dir='ltr'>τίς</span> <span class='ocrx_word' id='word_1_511' title='bbox 1268 2122 1368 2155; x_wconf 82' lang='grc' dir='ltr'><strong><em>ἐστιν</em></strong></span> 
     </span>
     <span class='ocr_line' id='line_1_69' title="bbox 294 2164 1367 2214; baseline -0.005 -11"><span class='ocrx_word' id='word_1_512' title='bbox 294 2170 515 2211; x_wconf 76' lang='grc' dir='ltr'><strong><em>ἐποπτεύειν,</em></strong></span> <span class='ocrx_word' id='word_1_513' title='bbox 547 2171 606 2203; x_wconf 83' lang='grc' dir='ltr'>καὶ</span> <span class='ocrx_word' id='word_1_514' title='bbox 635 2168 666 2202; x_wconf 80' lang='grc' dir='ltr'><strong><em>εἰ</em></strong></span> <span class='ocrx_word' id='word_1_515' title='bbox 696 2169 763 2213; x_wconf 79' lang='grc' dir='ltr'>μὲν</span> <span class='ocrx_word' id='word_1_516' title='bbox 792 2170 949 2214; x_wconf 83' lang='grc' dir='ltr'><strong><em>ἔρρωται</em></strong></span> <span class='ocrx_word' id='word_1_517' title='bbox 982 2164 1100 2202; x_wconf 78' lang='grc' dir='ltr'><strong><em>αὐτοῖς</em></strong></span> <span class='ocrx_word' id='word_1_518' title='bbox 1128 2165 1174 2201; x_wconf 83' lang='grc' dir='ltr'>τὰ</span> <span class='ocrx_word' id='word_1_519' title='bbox 1203 2165 1367 2209; x_wconf 78' lang='grc' dir='ltr'><strong><em>σώματα,</em></strong></span> 
     </span>
    </p>
   </div>
   <div class='ocr_carea' id='block_1_27' title="bbox 1437 2117 2511 2210">
    <p class='ocr_par' dir='ltr' id='par_1_28' title="bbox 1437 2117 2511 2210">
     <span class='ocr_line' id='line_1_70' title="bbox 1438 2117 2511 2165; baseline -0.003 -11"><span class='ocrx_word' id='word_1_520' title='bbox 1438 2120 1517 2165; x_wconf 89' lang='lat' dir='ltr'>quis</span> <span class='ocrx_word' id='word_1_521' title='bbox 1542 2122 1595 2154; x_wconf 90' lang='lat' dir='ltr'>est</span> <span class='ocrx_word' id='word_1_522' title='bbox 1618 2119 1806 2164; x_wconf 88' lang='lat' dir='ltr'>inspicere,</span> <span class='ocrx_word' id='word_1_523' title='bbox 1838 2122 1873 2154; x_wconf 89' lang='lat' dir='ltr'>et</span> <span class='ocrx_word' id='word_1_524' title='bbox 1903 2119 1935 2153; x_wconf 87' lang='lat' dir='ltr'>si</span> <span class='ocrx_word' id='word_1_525' title='bbox 1958 2118 2099 2163; x_wconf 88' lang='lat' dir='ltr'>quidem</span> <span class='ocrx_word' id='word_1_526' title='bbox 2129 2117 2247 2152; x_wconf 84' lang='lat' dir='ltr'>valent</span> <span class='ocrx_word' id='word_1_527' title='bbox 2277 2117 2327 2152; x_wconf 91' lang='lat' dir='ltr'>eis</span> <span class='ocrx_word' id='word_1_528' title='bbox 2358 2126 2511 2162; x_wconf 82' lang='lat' dir='ltr'>corpora</span> 
     </span>
     <span class='ocr_line' id='line_1_71' title="bbox 1437 2161 2510 2210; baseline -0.003 -10"><span class='ocrx_word' id='word_1_529' title='bbox 1437 2169 1602 2210; x_wconf 86' lang='lat' dir='ltr'>potentes</span> <span class='ocrx_word' id='word_1_530' title='bbox 1633 2169 1752 2200; x_wconf 89' lang='lat' dir='ltr'>autem</span> <span class='ocrx_word' id='word_1_531' title='bbox 1784 2163 1951 2199; x_wconf 89' lang='lat' dir='ltr'>sufficere</span> <span class='ocrx_word' id='word_1_532' title='bbox 1983 2163 2029 2198; x_wconf 86' lang='lat' dir='ltr'>ad</span> <span class='ocrx_word' id='word_1_533' title='bbox 2057 2163 2217 2198; x_wconf 85' lang='lat' dir='ltr'>laborem</span> <span class='ocrx_word' id='word_1_534' title='bbox 2248 2166 2346 2205; x_wconf 89' lang='lat' dir='ltr'>sunt,</span> <span class='ocrx_word' id='word_1_535' title='bbox 2380 2163 2409 2198; x_wconf 91' lang='lat' dir='ltr'>si</span> <span class='ocrx_word' id='word_1_536' title='bbox 2433 2161 2510 2207; x_wconf 89' lang='lat' dir='ltr'>qui-</span> 
     </span>
    </p>
   </div>
   <div class='ocr_carea' id='block_1_28' title="bbox 286 2262 2518 2996">
    <p class='ocr_par' dir='ltr' id='par_1_29' title="bbox 286 2262 2514 2457">
     <span class='ocr_line' id='line_1_72' title="bbox 294 2262 2511 2319; baseline -0.005 -11"><span class='ocrx_word' id='word_1_537' title='bbox 294 2273 372 2308; x_wconf 86' lang='lat' dir='ltr'>dem</span> <span class='ocrx_word' id='word_1_538' title='bbox 395 2270 498 2305; x_wconf 85' lang='lat' dir='ltr'>multi</span> <span class='ocrx_word' id='word_1_539' title='bbox 520 2270 605 2312; x_wconf 87' lang='lat' dir='ltr'>sint,</span> <span class='ocrx_word' id='word_1_540' title='bbox 627 2269 821 2316; x_wconf 82' lang='lat' dir='ltr'>plerosque</span> <span class='ocrx_word' id='word_1_541' title='bbox 844 2279 967 2304; x_wconf 88' lang='lat' dir='ltr'>eorum</span> <span class='ocrx_word' id='word_1_542' title='bbox 990 2267 1183 2314; x_wconf 81' lang='lat' dir='ltr'>confestim</span> <span class='ocrx_word' id='word_1_543' title='bbox 1203 2267 1242 2302; x_wconf 86' lang='lat' dir='ltr'>in</span> <span class='ocrx_word' id='word_1_544' title='bbox 1259 2266 1490 2319; x_wconf 81' lang='lat' dir='ltr'>provinciam</span> <span class='ocrx_word' id='word_1_545' title='bbox 1516 2266 1674 2301; x_wconf 83' lang='lat' dir='ltr'>dimittat</span> <span class='ocrx_word' id='word_1_546' title='bbox 1704 2264 1843 2300; x_wconf 84' lang='lat' dir='ltr'>duobus</span> <span class='ocrx_word' id='word_1_547' title='bbox 1873 2267 1938 2299; x_wconf 86' lang='lat' dir='ltr'>aut</span> <span class='ocrx_word' id='word_1_548' title='bbox 1962 2263 2075 2298; x_wconf 77' lang='lat' dir='ltr'>tm&#39;bus</span> <span class='ocrx_word' id='word_1_549' title='bbox 2096 2263 2242 2306; x_wconf 84' lang='lat' dir='ltr'>relictis,</span> <span class='ocrx_word' id='word_1_550' title='bbox 2274 2263 2337 2316; x_wconf 77' lang='lat' dir='ltr'>qui</span> <span class='ocrx_word' id='word_1_551' title='bbox 2359 2262 2408 2299; x_wconf 86' lang='lat' dir='ltr'>ad</span> <span class='ocrx_word' id='word_1_552' title='bbox 2427 2274 2511 2310; x_wconf 76' lang='lat' dir='ltr'>syn·</span> 
     </span>
     <span class='ocr_line' id='line_1_73' title="bbox 286 2308 2512 2359; baseline -0.003 -9"><span class='ocrx_word' id='word_1_553' title='bbox 286 2318 455 2353; x_wconf 71' lang='lat' dir='ltr'>,dicorum</span> <span class='ocrx_word' id='word_1_554' title='bbox 478 2314 621 2350; x_wconf 87' lang='lat' dir='ltr'>modum</span> <span class='ocrx_word' id='word_1_555' title='bbox 645 2315 741 2350; x_wconf 85' lang='lat' dir='ltr'>litem</span> <span class='ocrx_word' id='word_1_556' title='bbox 765 2318 969 2350; x_wconf 80' lang='lat' dir='ltr'>exerceant.</span> <span class='ocrx_word' id='word_1_557' title='bbox 1016 2312 1234 2358; x_wconf 79' lang='lat' dir='ltr'>Par-iterque</span> <span class='ocrx_word' id='word_1_558' title='bbox 1256 2323 1334 2359; x_wconf 75' lang='lat' dir='ltr'>ipse</span> <span class='ocrx_word' id='word_1_559' title='bbox 1356 2311 1540 2347; x_wconf 88' lang='lat' dir='ltr'>immineat</span> <span class='ocrx_word' id='word_1_560' title='bbox 1567 2311 1600 2346; x_wconf 85' lang='lat' dir='ltr'>ei</span> <span class='ocrx_word' id='word_1_561' title='bbox 1631 2310 1695 2356; x_wconf 84' lang='lat' dir='ltr'>qui</span> <span class='ocrx_word' id='word_1_562' title='bbox 1718 2310 1813 2346; x_wconf 88' lang='lat' dir='ltr'>litem</span> <span class='ocrx_word' id='word_1_563' title='bbox 1836 2309 2024 2345; x_wconf 80' lang='lat' dir='ltr'>examinat</span> <span class='ocrx_word' id='word_1_564' title='bbox 2049 2311 2157 2354; x_wconf 86' lang='lat' dir='ltr'>atque</span> <span class='ocrx_word' id='word_1_565' title='bbox 2179 2308 2319 2354; x_wconf 77' lang='lat' dir='ltr'>efficiat</span> <span class='ocrx_word' id='word_1_566' title='bbox 2341 2313 2382 2344; x_wconf 84' lang='lat' dir='ltr'>ut</span> <span class='ocrx_word' id='word_1_567' title='bbox 2405 2319 2512 2355; x_wconf 83' lang='lat' dir='ltr'>quam</span> 
     </span>
     <span class='ocr_line' id='line_1_74' title="bbox 295 2352 2514 2406; baseline -0.004 -8"><span class='ocrx_word' id='word_1_568' title='bbox 295 2363 478 2398; x_wconf 79' lang='lat' dir='ltr'>celerrime</span> <span class='ocrx_word' id='word_1_569' title='bbox 501 2371 632 2396; x_wconf 86' lang='lat' dir='ltr'>causas</span> <span class='ocrx_word' id='word_1_570' title='bbox 651 2359 804 2401; x_wconf 88' lang='lat' dir='ltr'>decidat,</span> <span class='ocrx_word' id='word_1_571' title='bbox 829 2371 874 2395; x_wconf 90' lang='lat' dir='ltr'>ne</span> <span class='ocrx_word' id='word_1_572' title='bbox 886 2369 958 2406; x_wconf 77' lang='lat' dir='ltr'>per</span> <span class='ocrx_word' id='word_1_573' title='bbox 977 2359 1122 2404; x_wconf 74' lang='lat' dir='ltr'>lonqius</span> <span class='ocrx_word' id='word_1_574' title='bbox 1142 2358 1311 2404; x_wconf 83' lang='lat' dir='ltr'>temporis</span> <span class='ocrx_word' id='word_1_575' title='bbox 1331 2357 1489 2403; x_wconf 80' lang='lat' dir='ltr'>spatium</span> <span class='ocrx_word' id='word_1_576' title='bbox 1512 2356 1750 2397; x_wconf 79' lang='lat' dir='ltr'>detineantur,</span> <span class='ocrx_word' id='word_1_577' title='bbox 1767 2354 1985 2401; x_wconf 84' lang='lat' dir='ltr'>praesertim</span> <span class='ocrx_word' id='word_1_578' title='bbox 2004 2353 2137 2396; x_wconf 87' lang='lat' dir='ltr'>coloni,</span> <span class='ocrx_word' id='word_1_579' title='bbox 2161 2363 2314 2398; x_wconf 80' lang='lat' dir='ltr'>qnorum</span> <span class='ocrx_word' id='word_1_580' title='bbox 2334 2357 2369 2389; x_wconf 80' lang='lat' dir='ltr'>et</span> <span class='ocrx_word' id='word_1_581' title='bbox 2390 2354 2428 2389; x_wconf 83' lang='lat' dir='ltr'>in</span> <span class='ocrx_word' id='word_1_582' title='bbox 2444 2352 2514 2389; x_wconf 73' lang='lat' dir='ltr'>hac</span> 
     </span>
     <span class='ocr_line' id='line_1_75' title="bbox 296 2399 2273 2457; baseline -0.005 -14"><span class='ocrx_word' id='word_1_583' title='bbox 296 2408 382 2443; x_wconf 86' lang='lat' dir='ltr'>urbe</span> <span class='ocrx_word' id='word_1_584' title='bbox 399 2406 611 2454; x_wconf 81' lang='lat' dir='ltr'>praesentia</span> <span class='ocrx_word' id='word_1_585' title='bbox 633 2405 818 2457; x_wconf 75' lang='lat' dir='ltr'>superflua</span> <span class='ocrx_word' id='word_1_586' title='bbox 841 2405 889 2440; x_wconf 87' lang='lat' dir='ltr'>sit</span> <span class='ocrx_word' id='word_1_587' title='bbox 911 2408 947 2439; x_wconf 87' lang='lat' dir='ltr'>et</span> <span class='ocrx_word' id='word_1_588' title='bbox 970 2405 1081 2440; x_wconf 86' lang='lat' dir='ltr'>otium</span> <span class='ocrx_word' id='word_1_589' title='bbox 1102 2403 1146 2439; x_wconf 87' lang='lat' dir='ltr'>ab</span> <span class='ocrx_word' id='word_1_590' title='bbox 1170 2402 1396 2449; x_wconf 76' lang='lat' dir='ltr'>aqrieultura</span> <span class='ocrx_word' id='word_1_591' title='bbox 1419 2402 1589 2437; x_wconf 86' lang='lat' dir='ltr'>damnum</span> <span class='ocrx_word' id='word_1_592' title='bbox 1614 2405 1685 2437; x_wconf 90' lang='lat' dir='ltr'>tam</span> <span class='ocrx_word' id='word_1_593' title='bbox 1709 2401 1798 2447; x_wconf 82' lang='lat' dir='ltr'>ipsis</span> <span class='ocrx_word' id='word_1_594' title='bbox 1818 2410 1927 2446; x_wconf 82' lang='lat' dir='ltr'>quam</span> <span class='ocrx_word' id='word_1_595' title='bbox 1950 2399 2104 2435; x_wconf 87' lang='lat' dir='ltr'>dominis</span> <span class='ocrx_word' id='word_1_596' title='bbox 2126 2410 2149 2446; x_wconf 80' lang='lat' dir='ltr'>a</span> <span class='ocrx_word' id='word_1_597' title='bbox 2181 2403 2273 2434; x_wconf 87' lang='lat' dir='ltr'>erat.</span> 
     </span>
    </p>

    <p class='ocr_par' dir='ltr' id='par_1_30' title="bbox 297 2443 2516 2858">
     <span class='ocr_line' id='line_1_76' title="bbox 429 2443 2515 2494; baseline -0.004 -7"><span class='ocrx_word' id='word_1_598' title='bbox 429 2452 493 2487; x_wconf 93' lang='grc' dir='ltr'><strong>ΙΙΙ.</strong></span> <span class='ocrx_word' id='word_1_599' title='bbox 543 2450 677 2494; x_wconf 73' lang='lat' dir='ltr'>Quodsi</span> <span class='ocrx_word' id='word_1_600' title='bbox 702 2462 774 2486; x_wconf 83' lang='lat' dir='ltr'>non</span> <span class='ocrx_word' id='word_1_601' title='bbox 798 2450 1016 2485; x_wconf 83' lang='lat' dir='ltr'>rusticorum</span> <span class='ocrx_word' id='word_1_602' title='bbox 1039 2449 1088 2484; x_wconf 85' lang='lat' dir='ltr'>sit</span> <span class='ocrx_word' id='word_1_603' title='bbox 1109 2448 1302 2484; x_wconf 83' lang='lat' dir='ltr'>multitudo</span> <span class='ocrx_word' id='word_1_604' title='bbox 1327 2458 1421 2494; x_wconf 86' lang='lat' dir='ltr'>quae</span> <span class='ocrx_word' id='word_1_605' title='bbox 1445 2447 1604 2489; x_wconf 86' lang='lat' dir='ltr'>advenit,</span> <span class='ocrx_word' id='word_1_606' title='bbox 1640 2446 1706 2482; x_wconf 83' lang='lat' dir='ltr'>sed</span> <span class='ocrx_word' id='word_1_607' title='bbox 1726 2446 1827 2491; x_wconf 81' lang='lat' dir='ltr'>forte</span> <span class='ocrx_word' id='word_1_608' title='bbox 1858 2445 1923 2480; x_wconf 85' lang='lat' dir='ltr'>alii</span> <span class='ocrx_word' id='word_1_609' title='bbox 1951 2445 2065 2490; x_wconf 81' lang='lat' dir='ltr'>aliqui</span> <span class='ocrx_word' id='word_1_610' title='bbox 2096 2455 2137 2479; x_wconf 80' lang='lat' dir='ltr'>ve</span> <span class='ocrx_word' id='word_1_611' title='bbox 2180 2444 2288 2480; x_wconf 78' lang='lat' dir='ltr'>etiam</span> <span class='ocrx_word' id='word_1_612' title='bbox 2321 2454 2399 2479; x_wconf 86' lang='lat' dir='ltr'>cum</span> <span class='ocrx_word' id='word_1_613' title='bbox 2431 2443 2515 2479; x_wconf 82' lang='lat' dir='ltr'>aliis</span> 
     </span>
     <span class='ocr_line' id='line_1_77' title="bbox 298 2488 2514 2545; baseline -0.004 -13"><span class='ocrx_word' id='word_1_614' title='bbox 298 2498 494 2545; x_wconf 75' lang='lat' dir='ltr'>litiqaturi,</span> <span class='ocrx_word' id='word_1_615' title='bbox 525 2497 623 2542; x_wconf 84' lang='lat' dir='ltr'>iique</span> <span class='ocrx_word' id='word_1_616' title='bbox 646 2495 704 2532; x_wconf 79' lang='lat' dir='ltr'>hic</span> <span class='ocrx_word' id='word_1_617' title='bbox 726 2500 924 2537; x_wconf 80' lang='lat' dir='ltr'>morentur,</span> <span class='ocrx_word' id='word_1_618' title='bbox 955 2495 995 2530; x_wconf 84' lang='lat' dir='ltr'>id</span> <span class='ocrx_word' id='word_1_619' title='bbox 1016 2506 1061 2530; x_wconf 86' lang='lat' dir='ltr'>ne</span> <span class='ocrx_word' id='word_1_620' title='bbox 1083 2494 1290 2539; x_wconf 59' lang='lat' dir='ltr'>indulgeat,</span> <span class='ocrx_word' id='word_1_621' title='bbox 1322 2493 1385 2528; x_wconf 87' lang='lat' dir='ltr'>sed</span> <span class='ocrx_word' id='word_1_622' title='bbox 1408 2503 1488 2528; x_wconf 88' lang='lat' dir='ltr'>cum</span> <span class='ocrx_word' id='word_1_623' title='bbox 1511 2492 1607 2528; x_wconf 85' lang='lat' dir='ltr'>omni</span> <span class='ocrx_word' id='word_1_624' title='bbox 1630 2492 1858 2527; x_wconf 79' lang='lat' dir='ltr'>contentione</span> <span class='ocrx_word' id='word_1_625' title='bbox 1887 2489 2023 2526; x_wconf 86' lang='lat' dir='ltr'>iudices</span> <span class='ocrx_word' id='word_1_626' title='bbox 2046 2494 2177 2536; x_wconf 73' lang='lat' dir='ltr'>urqeat</span> <span class='ocrx_word' id='word_1_627' title='bbox 2204 2493 2247 2524; x_wconf 89' lang='lat' dir='ltr'>ut</span> <span class='ocrx_word' id='word_1_628' title='bbox 2267 2489 2312 2525; x_wconf 88' lang='lat' dir='ltr'>de</span> <span class='ocrx_word' id='word_1_629' title='bbox 2333 2488 2514 2524; x_wconf 78' lang='lat' dir='ltr'>industria</span> 
     </span>
     <span class='ocr_line' id='line_1_78' title="bbox 297 2533 2513 2590; baseline -0.005 -11"><span class='ocrx_word' id='word_1_630' title='bbox 297 2555 359 2580; x_wconf 87' lang='lat' dir='ltr'>eos</span> <span class='ocrx_word' id='word_1_631' title='bbox 382 2542 636 2578; x_wconf 83' lang='lat' dir='ltr'>controversiis</span> <span class='ocrx_word' id='word_1_632' title='bbox 665 2541 810 2577; x_wconf 80' lang='lat' dir='ltr'>solvant</span> <span class='ocrx_word' id='word_1_633' title='bbox 839 2545 875 2576; x_wconf 84' lang='lat' dir='ltr'>et</span> <span class='ocrx_word' id='word_1_634' title='bbox 906 2540 1026 2576; x_wconf 82' lang='lat' dir='ltr'>litibus</span> <span class='ocrx_word' id='word_1_635' title='bbox 1058 2539 1229 2574; x_wconf 86' lang='lat' dir='ltr'>liberatos</span> <span class='ocrx_word' id='word_1_636' title='bbox 1258 2538 1458 2580; x_wconf 85' lang='lat' dir='ltr'>dimittant,</span> <span class='ocrx_word' id='word_1_637' title='bbox 1489 2542 1532 2573; x_wconf 88' lang='lat' dir='ltr'>ut</span> <span class='ocrx_word' id='word_1_638' title='bbox 1561 2537 1600 2571; x_wconf 86' lang='lat' dir='ltr'>in</span> <span class='ocrx_word' id='word_1_639' title='bbox 1624 2537 1795 2590; x_wconf 73' lang='lat' dir='ltr'>propriis</span> <span class='ocrx_word' id='word_1_640' title='bbox 1820 2535 2019 2583; x_wconf 82' lang='lat' dir='ltr'>provinciis</span> <span class='ocrx_word' id='word_1_641' title='bbox 2051 2539 2086 2570; x_wconf 90' lang='lat' dir='ltr'>et</span> <span class='ocrx_word' id='word_1_642' title='bbox 2114 2533 2315 2571; x_wconf 84' lang='lat' dir='ltr'>civitatibus</span> <span class='ocrx_word' id='word_1_643' title='bbox 2344 2533 2513 2570; x_wconf 78' lang='lat' dir='ltr'>habitent.</span> 
     </span>
     <span class='ocr_line' id='line_1_79' title="bbox 299 2579 2514 2633; baseline -0.005 -8"><span class='ocrx_word' id='word_1_644' title='bbox 299 2589 339 2625; x_wconf 88' lang='lat' dir='ltr'>Si</span> <span class='ocrx_word' id='word_1_645' title='bbox 363 2600 446 2625; x_wconf 83' lang='lat' dir='ltr'>vero</span> <span class='ocrx_word' id='word_1_646' title='bbox 469 2588 582 2633; x_wconf 85' lang='lat' dir='ltr'>forte,</span> <span class='ocrx_word' id='word_1_647' title='bbox 606 2597 685 2621; x_wconf 86' lang='lat' dir='ltr'>cum</span> <span class='ocrx_word' id='word_1_648' title='bbox 709 2588 745 2622; x_wconf 85' lang='lat' dir='ltr'>ei</span> <span class='ocrx_word' id='word_1_649' title='bbox 765 2587 827 2632; x_wconf 85' lang='lat' dir='ltr'>qui</span> <span class='ocrx_word' id='word_1_650' title='bbox 851 2597 998 2622; x_wconf 87' lang='lat' dir='ltr'>causam</span> <span class='ocrx_word' id='word_1_651' title='bbox 1023 2584 1206 2631; x_wconf 72' lang='lat' dir='ltr'>coqnoscit</span> <span class='ocrx_word' id='word_1_652' title='bbox 1228 2584 1284 2620; x_wconf 86' lang='lat' dir='ltr'>vel</span> <span class='ocrx_word' id='word_1_653' title='bbox 1306 2583 1524 2618; x_wconf 86' lang='lat' dir='ltr'>rusticorum</span> <span class='ocrx_word' id='word_1_654' title='bbox 1548 2582 1700 2617; x_wconf 70' lang='lat' dir='ltr'>dominis</span> <span class='ocrx_word' id='word_1_655' title='bbox 1723 2581 1893 2617; x_wconf 80' lang='lat' dir='ltr'>institerit</span> <span class='ocrx_word' id='word_1_656' title='bbox 1914 2581 1947 2615; x_wconf 88' lang='lat' dir='ltr'>is</span> <span class='ocrx_word' id='word_1_657' title='bbox 1966 2581 2032 2627; x_wconf 85' lang='lat' dir='ltr'>qui</span> <span class='ocrx_word' id='word_1_658' title='bbox 2055 2591 2078 2615; x_wconf 90' lang='lat' dir='ltr'>a</span> <span class='ocrx_word' id='word_1_659' title='bbox 2098 2579 2202 2616; x_wconf 83' lang='lat' dir='ltr'>nobis</span> <span class='ocrx_word' id='word_1_660' title='bbox 2225 2579 2440 2615; x_wconf 77' lang='lat' dir='ltr'>constitutus</span> <span class='ocrx_word' id='word_1_661' title='bbox 2462 2584 2514 2615; x_wconf 84' lang='lat' dir='ltr'>est</span> 
     </span>
     <span class='ocr_line' id='line_1_80' title="bbox 299 2623 2514 2678; baseline -0.004 -10"><span class='ocrx_word' id='word_1_662' title='bbox 299 2646 356 2669; x_wconf 87' lang='lat' dir='ltr'>ma</span> <span class='ocrx_word' id='word_1_663' title='bbox 383 2634 543 2674; x_wconf 86' lang='lat' dir='ltr'>istratus,</span> <span class='ocrx_word' id='word_1_664' title='bbox 575 2636 615 2667; x_wconf 82' lang='lat' dir='ltr'>ut</span> <span class='ocrx_word' id='word_1_665' title='bbox 639 2632 822 2678; x_wconf 79' lang='lat' dir='ltr'>litiqantes</span> <span class='ocrx_word' id='word_1_666' title='bbox 846 2631 902 2667; x_wconf 86' lang='lat' dir='ltr'>vel</span> <span class='ocrx_word' id='word_1_667' title='bbox 917 2629 1188 2677; x_wconf 80' lang='lat' dir='ltr'>praestolantes</span> <span class='ocrx_word' id='word_1_668' title='bbox 1211 2629 1378 2671; x_wconf 82' lang='lat' dir='ltr'>liberent,</span> <span class='ocrx_word' id='word_1_669' title='bbox 1411 2628 1464 2663; x_wconf 84' lang='lat' dir='ltr'>illi</span> <span class='ocrx_word' id='word_1_670' title='bbox 1485 2638 1560 2663; x_wconf 89' lang='lat' dir='ltr'>rem</span> <span class='ocrx_word' id='word_1_671' title='bbox 1583 2627 1758 2673; x_wconf 83' lang='lat' dir='ltr'>differant</span> <span class='ocrx_word' id='word_1_672' title='bbox 1786 2637 1830 2662; x_wconf 89' lang='lat' dir='ltr'>ac</span> <span class='ocrx_word' id='word_1_673' title='bbox 1858 2637 1930 2661; x_wconf 86' lang='lat' dir='ltr'>non</span> <span class='ocrx_word' id='word_1_674' title='bbox 1961 2625 2032 2660; x_wconf 87' lang='lat' dir='ltr'>cito</span> <span class='ocrx_word' id='word_1_675' title='bbox 2064 2635 2126 2660; x_wconf 87' lang='lat' dir='ltr'>eos</span> <span class='ocrx_word' id='word_1_676' title='bbox 2157 2624 2212 2661; x_wconf 87' lang='lat' dir='ltr'>vel</span> <span class='ocrx_word' id='word_1_677' title='bbox 2235 2624 2296 2660; x_wconf 82' lang='lat' dir='ltr'>lite</span> <span class='ocrx_word' id='word_1_678' title='bbox 2326 2623 2383 2660; x_wconf 88' lang='lat' dir='ltr'>vel</span> <span class='ocrx_word' id='word_1_679' title='bbox 2407 2634 2514 2671; x_wconf 82' lang='lat' dir='ltr'>prac-</span> 
     </span>
     <span class='ocr_line' id='line_1_81' title="bbox 299 2667 2516 2722; baseline -0.005 -9"><span class='ocrx_word' id='word_1_680' title='bbox 299 2684 353 2714; x_wconf 88' lang='lat' dir='ltr'>sto</span> <span class='ocrx_word' id='word_1_681' title='bbox 370 2678 466 2713; x_wconf 84' lang='lat' dir='ltr'>ando</span> <span class='ocrx_word' id='word_1_682' title='bbox 489 2676 557 2713; x_wconf 83' lang='lat' dir='ltr'>sibi</span> <span class='ocrx_word' id='word_1_683' title='bbox 580 2677 733 2719; x_wconf 86' lang='lat' dir='ltr'>solvant,</span> <span class='ocrx_word' id='word_1_684' title='bbox 760 2680 832 2712; x_wconf 81' lang='lat' dir='ltr'>tum</span> <span class='ocrx_word' id='word_1_685' title='bbox 853 2677 931 2722; x_wconf 82' lang='lat' dir='ltr'>ipse</span> <span class='ocrx_word' id='word_1_686' title='bbox 954 2675 1018 2721; x_wconf 83' lang='lat' dir='ltr'>qui</span> <span class='ocrx_word' id='word_1_687' title='bbox 1041 2686 1064 2710; x_wconf 89' lang='lat' dir='ltr'>a</span> <span class='ocrx_word' id='word_1_688' title='bbox 1087 2674 1191 2710; x_wconf 83' lang='lat' dir='ltr'>nobis</span> <span class='ocrx_word' id='word_1_689' title='bbox 1213 2673 1283 2710; x_wconf 77' lang='lat' dir='ltr'>hoc</span> <span class='ocrx_word' id='word_1_690' title='bbox 1305 2673 1521 2719; x_wconf 71' lang='lat' dir='ltr'>maqistratu</span> <span class='ocrx_word' id='word_1_691' title='bbox 1542 2672 1730 2719; x_wconf 80' lang='lat' dir='ltr'>praeditus</span> <span class='ocrx_word' id='word_1_692' title='bbox 1753 2679 1808 2707; x_wconf 83' lang='lat' dir='ltr'>est</span> <span class='ocrx_word' id='word_1_693' title='bbox 1829 2670 1879 2706; x_wconf 87' lang='lat' dir='ltr'>ad</span> <span class='ocrx_word' id='word_1_694' title='bbox 1898 2681 1937 2706; x_wconf 87' lang='lat' dir='ltr'>se</span> <span class='ocrx_word' id='word_1_695' title='bbox 1959 2669 2069 2706; x_wconf 86' lang='lat' dir='ltr'>ducat</span> <span class='ocrx_word' id='word_1_696' title='bbox 2091 2669 2275 2716; x_wconf 72' lang='lat' dir='ltr'>litiqantes</span> <span class='ocrx_word' id='word_1_697' title='bbox 2297 2669 2354 2704; x_wconf 83' lang='lat' dir='ltr'>vel</span> <span class='ocrx_word' id='word_1_698' title='bbox 2373 2667 2438 2715; x_wconf 83' lang='lat' dir='ltr'>qui</span> <span class='ocrx_word' id='word_1_699' title='bbox 2459 2668 2516 2704; x_wconf 76' lang='lat' dir='ltr'>ius</span> 
     </span>
     <span class='ocr_line' id='line_1_82' title="bbox 301 2711 2516 2771; baseline -0.005 -13"><span class='ocrx_word' id='word_1_700' title='bbox 301 2724 450 2770; x_wconf 77' lang='lat' dir='ltr'>aliquod</span> <span class='ocrx_word' id='word_1_701' title='bbox 473 2734 496 2757; x_wconf 92' lang='lat' dir='ltr'>a</span> <span class='ocrx_word' id='word_1_702' title='bbox 515 2721 670 2757; x_wconf 84' lang='lat' dir='ltr'>dominis</span> <span class='ocrx_word' id='word_1_703' title='bbox 693 2721 922 2767; x_wconf 81' lang='lat' dir='ltr'>expetierunt</span> <span class='ocrx_word' id='word_1_704' title='bbox 944 2731 1058 2765; x_wconf 82' lang='lat' dir='ltr'>neque</span> <span class='ocrx_word' id='word_1_705' title='bbox 1078 2720 1374 2771; x_wconf 80' lang='lat' dir='ltr'>impetraverunt,</span> <span class='ocrx_word' id='word_1_706' title='bbox 1398 2728 1530 2763; x_wconf 82' lang='lat' dir='ltr'>eosque</span> <span class='ocrx_word' id='word_1_707' title='bbox 1553 2717 1737 2753; x_wconf 77' lang='lat' dir='ltr'>examinet</span> <span class='ocrx_word' id='word_1_708' title='bbox 1759 2721 1868 2763; x_wconf 84' lang='lat' dir='ltr'>atque</span> <span class='ocrx_word' id='word_1_709' title='bbox 1891 2716 1998 2751; x_wconf 85' lang='lat' dir='ltr'>rebus</span> <span class='ocrx_word' id='word_1_710' title='bbox 2012 2718 2171 2762; x_wconf 80' lang='lat' dir='ltr'>propter</span> <span class='ocrx_word' id='word_1_711' title='bbox 2194 2724 2287 2760; x_wconf 84' lang='lat' dir='ltr'>quas</span> <span class='ocrx_word' id='word_1_712' title='bbox 2309 2712 2363 2749; x_wconf 81' lang='lat' dir='ltr'>illi</span> <span class='ocrx_word' id='word_1_713' title='bbox 2385 2711 2516 2765; x_wconf 60' lang='lat' dir='ltr'>inflas</span> 
     </span>
     <span class='ocr_line' id='line_1_83' title="bbox 302 2759 2515 2815; baseline -0.005 -11"><span class='ocrx_word' id='word_1_714' title='bbox 302 2780 434 2815; x_wconf 77' lang='lat' dir='ltr'>maqna</span> <span class='ocrx_word' id='word_1_715' title='bbox 466 2767 552 2802; x_wconf 80' lang='lat' dir='ltr'>urbe</span> <span class='ocrx_word' id='word_1_716' title='bbox 581 2771 770 2801; x_wconf 81' lang='lat' dir='ltr'>morantur</span> <span class='ocrx_word' id='word_1_717' title='bbox 799 2766 963 2801; x_wconf 84' lang='lat' dir='ltr'>celeriter</span> <span class='ocrx_word' id='word_1_718' title='bbox 991 2765 1178 2811; x_wconf 78' lang='lat' dir='ltr'>disposztis</span> <span class='ocrx_word' id='word_1_719' title='bbox 1207 2764 1245 2798; x_wconf 86' lang='lat' dir='ltr'>in</span> <span class='ocrx_word' id='word_1_720' title='bbox 1276 2774 1363 2799; x_wconf 84' lang='lat' dir='ltr'>suas</span> <span class='ocrx_word' id='word_1_721' title='bbox 1385 2763 1533 2809; x_wconf 86' lang='lat' dir='ltr'>patrias</span> <span class='ocrx_word' id='word_1_722' title='bbox 1562 2762 1620 2798; x_wconf 85' lang='lat' dir='ltr'>vel</span> <span class='ocrx_word' id='word_1_723' title='bbox 1650 2761 1794 2797; x_wconf 84' lang='lat' dir='ltr'>omnino</span> <span class='ocrx_word' id='word_1_724' title='bbox 1824 2761 1862 2796; x_wconf 87' lang='lat' dir='ltr'>in</span> <span class='ocrx_word' id='word_1_725' title='bbox 1887 2760 1968 2796; x_wconf 90' lang='lat' dir='ltr'>loca</span> <span class='ocrx_word' id='word_1_726' title='bbox 1999 2759 2094 2795; x_wconf 87' lang='lat' dir='ltr'>uncle</span> <span class='ocrx_word' id='word_1_727' title='bbox 2123 2761 2310 2802; x_wconf 85' lang='lat' dir='ltr'>venerunt,</span> <span class='ocrx_word' id='word_1_728' title='bbox 2343 2761 2515 2800; x_wconf 73' lang='lat' dir='ltr'>remittat,</span> 
     </span>
     <span class='ocr_line' id='line_1_84' title="bbox 303 2808 1456 2858; baseline -0.006 -8"><span class='ocrx_word' id='word_1_729' title='bbox 303 2814 398 2850; x_wconf 86' lang='lat' dir='ltr'>omni</span> <span class='ocrx_word' id='word_1_730' title='bbox 421 2814 458 2848; x_wconf 85' lang='lat' dir='ltr'>in</span> <span class='ocrx_word' id='word_1_731' title='bbox 484 2812 539 2846; x_wconf 70' lang='lat' dir='ltr'>llis</span> <span class='ocrx_word' id='word_1_732' title='bbox 562 2817 595 2847; x_wconf 88' lang='lat' dir='ltr'>et</span> <span class='ocrx_word' id='word_1_733' title='bbox 612 2811 807 2858; x_wconf 58' lang='lat' dir='ltr'>privilegio</span> <span class='ocrx_word' id='word_1_734' title='bbox 832 2816 868 2846; x_wconf 89' lang='lat' dir='ltr'>et</span> <span class='ocrx_word' id='word_1_735' title='bbox 888 2811 970 2855; x_wconf 84' lang='lat' dir='ltr'>fori</span> <span class='ocrx_word' id='word_1_736' title='bbox 986 2809 1281 2857; x_wconf 80' lang='lat' dir='ltr'>praescriptione</span> <span class='ocrx_word' id='word_1_737' title='bbox 1303 2808 1456 2844; x_wconf 80' lang='lat' dir='ltr'>sublata.</span> 
     </span>
    </p>

    <p class='ocr_par' dir='ltr' id='par_1_31' title="bbox 303 2847 2518 2996">
     <span class='ocr_line' id='line_1_85' title="bbox 436 2847 2516 2901; baseline -0.005 -9"><span class='ocrx_word' id='word_1_738' title='bbox 436 2858 497 2893; x_wconf 90' lang='lat' dir='ltr'>IV.</span> <span class='ocrx_word' id='word_1_739' title='bbox 522 2865 524 2867; x_wconf 83' lang='lat'>·</span> <span class='ocrx_word' id='word_1_740' title='bbox 546 2856 682 2899; x_wconf 72' lang='lat' dir='ltr'>Quodsi</span> <span class='ocrx_word' id='word_1_741' title='bbox 704 2857 767 2901; x_wconf 86' lang='lat' dir='ltr'>qui</span> <span class='ocrx_word' id='word_1_742' title='bbox 791 2856 980 2891; x_wconf 83' lang='lat' dir='ltr'>occasione</span> <span class='ocrx_word' id='word_1_743' title='bbox 1003 2855 1117 2890; x_wconf 85' lang='lat' dir='ltr'>victus</span> <span class='ocrx_word' id='word_1_744' title='bbox 1139 2854 1195 2890; x_wconf 87' lang='lat' dir='ltr'>vel</span> <span class='ocrx_word' id='word_1_745' title='bbox 1217 2854 1290 2889; x_wconf 85' lang='lat' dir='ltr'>litis</span> <span class='ocrx_word' id='word_1_746' title='bbox 1314 2864 1426 2888; x_wconf 88' lang='lat' dir='ltr'>causa</span> <span class='ocrx_word' id='word_1_747' title='bbox 1448 2852 1611 2888; x_wconf 87' lang='lat' dir='ltr'>destituti</span> <span class='ocrx_word' id='word_1_748' title='bbox 1639 2852 1677 2887; x_wconf 84' lang='lat' dir='ltr'>in</span> <span class='ocrx_word' id='word_1_749' title='bbox 1697 2851 1766 2886; x_wconf 75' lang='lat' dir='ltr'>hac</span> <span class='ocrx_word' id='word_1_750' title='bbox 1788 2854 1915 2886; x_wconf 88' lang='lat' dir='ltr'>nostra</span> <span class='ocrx_word' id='word_1_751' title='bbox 1937 2850 2011 2885; x_wconf 86' lang='lat' dir='ltr'>sint</span> <span class='ocrx_word' id='word_1_752' title='bbox 2033 2849 2187 2890; x_wconf 83' lang='lat' dir='ltr'>civitate,</span> <span class='ocrx_word' id='word_1_753' title='bbox 2211 2848 2262 2883; x_wconf 79' lang='lat' dir='ltr'>ita</span> <span class='ocrx_word' id='word_1_754' title='bbox 2287 2851 2327 2883; x_wconf 85' lang='lat' dir='ltr'>ut</span> <span class='ocrx_word' id='word_1_755' title='bbox 2349 2847 2406 2884; x_wconf 84' lang='lat' dir='ltr'>vel</span> <span class='ocrx_word' id='word_1_756' title='bbox 2422 2858 2516 2883; x_wconf 90' lang='lat' dir='ltr'>men-</span> 
     </span>
     <span class='ocr_line' id='line_1_86' title="bbox 303 2893 2516 2951; baseline -0.006 -10"><span class='ocrx_word' id='word_1_757' title='bbox 303 2903 457 2941; x_wconf 86' lang='lat' dir='ltr'>dicando</span> <span class='ocrx_word' id='word_1_758' title='bbox 483 2902 611 2938; x_wconf 81' lang='lat' dir='ltr'>victum</span> <span class='ocrx_word' id='word_1_759' title='bbox 636 2905 815 2947; x_wconf 81' lang='lat' dir='ltr'>quaerant</span> <span class='ocrx_word' id='word_1_760' title='bbox 831 2901 897 2942; x_wconf 84' lang='lat' dir='ltr'>vel,</span> <span class='ocrx_word' id='word_1_761' title='bbox 921 2901 953 2935; x_wconf 85' lang='lat' dir='ltr'>si</span> <span class='ocrx_word' id='word_1_762' title='bbox 969 2899 1038 2936; x_wconf 79' lang='lat' dir='ltr'>lzoc</span> <span class='ocrx_word' id='word_1_763' title='bbox 1053 2900 1215 2951; x_wconf 84' lang='lat' dir='ltr'>ipsorum</span> <span class='ocrx_word' id='word_1_764' title='bbox 1239 2898 1497 2944; x_wconf 85' lang='lat' dir='ltr'>cupiditatibus</span> <span class='ocrx_word' id='word_1_765' title='bbox 1519 2908 1592 2933; x_wconf 88' lang='lat' dir='ltr'>non</span> <span class='ocrx_word' id='word_1_766' title='bbox 1612 2897 1789 2942; x_wconf 82' lang='lat' dir='ltr'>sufficiat,</span> <span class='ocrx_word' id='word_1_767' title='bbox 1813 2896 1884 2930; x_wconf 89' lang='lat' dir='ltr'>iam</span> <span class='ocrx_word' id='word_1_768' title='bbox 1900 2895 2008 2931; x_wconf 83' lang='lat' dir='ltr'>etiam</span> <span class='ocrx_word' id='word_1_769' title='bbox 2028 2893 2160 2930; x_wconf 85' lang='lat' dir='ltr'>delicta</span> <span class='ocrx_word' id='word_1_770' title='bbox 2179 2893 2414 2934; x_wconf 77' lang='lat' dir='ltr'>committant,</span> <span class='ocrx_word' id='word_1_771' title='bbox 2439 2903 2516 2927; x_wconf 91' lang='lat' dir='ltr'>cor-</span> 
     </span>
     <span class='ocr_line' id='line_1_87' title="bbox 303 2937 2518 2996; baseline -0.005 -13"><span class='ocrx_word' id='word_1_772' title='bbox 303 2960 433 2996; x_wconf 80' lang='lat' dir='ltr'>porum</span> <span class='ocrx_word' id='word_1_773' title='bbox 458 2958 579 2983; x_wconf 82' lang='lat' dir='ltr'>eornm</span> <span class='ocrx_word' id='word_1_774' title='bbox 602 2951 734 2981; x_wconf 84' lang='lat' dir='ltr'>statum</span> <span class='ocrx_word' id='word_1_775' title='bbox 763 2945 882 2992; x_wconf 79' lang='lat' dir='ltr'>qualis</span> <span class='ocrx_word' id='word_1_776' title='bbox 905 2947 951 2980; x_wconf 82' lang='lat' dir='ltr'>sit</span> <span class='ocrx_word' id='word_1_777' title='bbox 975 2945 1156 2991; x_wconf 74' lang='lat' dir='ltr'>inspiciat,</span> <span class='ocrx_word' id='word_1_778' title='bbox 1187 2948 1223 2979; x_wconf 88' lang='lat' dir='ltr'>et</span> <span class='ocrx_word' id='word_1_779' title='bbox 1245 2944 1277 2978; x_wconf 84' lang='lat' dir='ltr'>si</span> <span class='ocrx_word' id='word_1_780' title='bbox 1300 2942 1450 2978; x_wconf 85' lang='lat' dir='ltr'>robusta</span> <span class='ocrx_word' id='word_1_781' title='bbox 1480 2943 1526 2977; x_wconf 81' lang='lat' dir='ltr'>iis</span> <span class='ocrx_word' id='word_1_782' title='bbox 1557 2952 1717 2989; x_wconf 76' lang='lat' dir='ltr'>corpora</span> <span class='ocrx_word' id='word_1_783' title='bbox 1747 2941 1819 2976; x_wconf 84' lang='lat' dir='ltr'>sint</span> <span class='ocrx_word' id='word_1_784' title='bbox 1841 2940 2053 2987; x_wconf 81' lang='lat' dir='ltr'>possintque</span> <span class='ocrx_word' id='word_1_785' title='bbox 2083 2938 2132 2973; x_wconf 86' lang='lat' dir='ltr'>ad</span> <span class='ocrx_word' id='word_1_786' title='bbox 2154 2937 2312 2973; x_wconf 81' lang='lat' dir='ltr'>laborem</span> <span class='ocrx_word' id='word_1_787' title='bbox 2335 2938 2518 2984; x_wconf 81' lang='lat' dir='ltr'>sufficere,</span> 
     </span>
    </p>
   </div>
   <div class='ocr_carea' id='block_1_29' title="bbox 305 3043 1382 3773">
    <p class='ocr_par' dir='ltr' id='par_1_32' title="bbox 305 3043 1382 3773">
     <span class='ocr_line' id='line_1_88' title="bbox 350 3043 1377 3096; baseline -0.01 -9"><span class='ocrx_word' id='word_1_788' title='bbox 350 3054 372 3087; x_wconf 83' lang='lat'>2</span> <span class='ocrx_word' id='word_1_789' title='bbox 396 3050 496 3096; x_wconf 84' lang='grc' dir='ltr'><strong><em>πρὸς]</em></strong></span> <span class='ocrx_word' id='word_1_790' title='bbox 529 3050 576 3083; x_wconf 84' lang='grc' dir='ltr'>εἰς</span> <span class='ocrx_word' id='word_1_791' title='bbox 600 3049 648 3082; x_wconf 82' lang='lat' dir='ltr'>B·</span> <span class='ocrx_word' id='word_1_792' title='bbox 664 3049 774 3091; x_wconf 83' lang='lat' dir='ltr'>Epan.</span> <span class='ocrx_word' id='word_1_793' title='bbox 803 3047 815 3090; x_wconf 87' lang='grc' dir='ltr'>ΙΙ</span> <span class='ocrx_word' id='word_1_794' title='bbox 856 3050 875 3081; x_wconf 84' lang='grc'>5</span> <span class='ocrx_word' id='word_1_795' title='bbox 900 3043 1025 3080; x_wconf 79' lang='grc' dir='ltr'><strong><em>αὐτοὺς</em></strong></span> <span class='ocrx_word' id='word_1_796' title='bbox 1050 3047 1085 3079; x_wconf 89' lang='grc' dir='ltr'><em>Β</em></span> <span class='ocrx_word' id='word_1_797' title='bbox 1111 3045 1124 3090; x_wconf 76' lang='grc' dir='ltr'>ΙΙ</span> <span class='ocrx_word' id='word_1_798' title='bbox 1154 3048 1173 3079; x_wconf 86' lang='lat'><strong>7</strong></span> <span class='ocrx_word' id='word_1_799' title='bbox 1198 3047 1377 3092; x_wconf 83' lang='grc' dir='ltr'><strong><em>γεωργοῖς]</em></strong></span> 
     </span>
     <span class='ocr_line' id='line_1_89' title="bbox 305 3086 1378 3146; baseline -0.01 -14"><span class='ocrx_word' id='word_1_800' title='bbox 305 3099 472 3146; x_wconf 87' lang='grc' dir='ltr'><strong><em>γεωργοῖς</em></strong></span> <span class='ocrx_word' id='word_1_801' title='bbox 484 3087 586 3129; x_wconf 63' lang='grc' dir='ltr'><strong><em>οὖσιν</em></strong></span> <span class='ocrx_word' id='word_1_802' title='bbox 597 3095 648 3127; x_wconf 80' lang='lat' dir='ltr'>B⁶</span> <span class='ocrx_word' id='word_1_803' title='bbox 655 3094 764 3136; x_wconf 79' lang='lat' dir='ltr'>Epan.</span> <span class='ocrx_word' id='word_1_804' title='bbox 780 3092 792 3134; x_wconf 78' lang='grc' dir='ltr'>ΙΙ</span> <span class='ocrx_word' id='word_1_805' title='bbox 813 3094 831 3126; x_wconf 89' lang='grc'>8</span> <span class='ocrx_word' id='word_1_806' title='bbox 845 3088 867 3133; x_wconf 75' lang='grc' dir='ltr'><strong><em>ἦ</em></strong></span> <span class='ocrx_word' id='word_1_807' title='bbox 879 3105 918 3125; x_wconf 87' lang='grc' dir='ltr'>τε</span> <span class='ocrx_word' id='word_1_808' title='bbox 931 3093 980 3133; x_wconf 82' lang='grc' dir='ltr'>ἐκ]</span> <span class='ocrx_word' id='word_1_809' title='bbox 1000 3091 1070 3125; x_wconf 84' lang='grc' dir='ltr'><strong><em>εἴτε</em></strong></span> <span class='ocrx_word' id='word_1_810' title='bbox 1083 3091 1122 3123; x_wconf 76' lang='grc' dir='ltr'>ἐκ</span> <span class='ocrx_word' id='word_1_811' title='bbox 1135 3091 1180 3124; x_wconf 91' lang='grc' dir='ltr'><em>Μ</em></span> <span class='ocrx_word' id='word_1_812' title='bbox 1189 3090 1201 3133; x_wconf 84' lang='grc' dir='ltr'>ΙΙ</span> <span class='ocrx_word' id='word_1_813' title='bbox 1223 3093 1259 3124; x_wconf 89' lang='grc'>11</span> <span class='ocrx_word' id='word_1_814' title='bbox 1278 3086 1378 3122; x_wconf 79' lang='grc' dir='ltr'><strong><em>*οὔτε</em></strong></span> 
     </span>
     <span class='ocr_line' id='line_1_90' title="bbox 310 3131 1378 3185; baseline -0.008 -7"><span class='ocrx_word' id='word_1_815' title='bbox 310 3144 418 3178; x_wconf 89' lang='lat' dir='ltr'>MLB</span> <span class='ocrx_word' id='word_1_816' title='bbox 434 3139 495 3185; x_wconf 81' lang='grc' dir='ltr'>(μὴ</span> <span class='ocrx_word' id='word_1_817' title='bbox 508 3141 630 3184; x_wconf 75' lang='grc' dir='ltr'><strong><em>Εραη.)</em></strong></span> <span class='ocrx_word' id='word_1_818' title='bbox 646 3138 659 3183; x_wconf 81' lang='grc' dir='ltr'>ΙΙ</span> <span class='ocrx_word' id='word_1_819' title='bbox 679 3140 720 3173; x_wconf 82' lang='grc'>12</span> <span class='ocrx_word' id='word_1_820' title='bbox 744 3135 826 3170; x_wconf 74' lang='grc' dir='ltr'><strong><em>ἀλλ’</em></strong></span> <span class='ocrx_word' id='word_1_821' title='bbox 842 3136 969 3170; x_wconf 80' lang='grc' dir='ltr'><strong><em>οἵτινες</em></strong></span> <span class='ocrx_word' id='word_1_822' title='bbox 995 3138 1044 3169; x_wconf 60' lang='lat' dir='ltr'>Bc</span> <span class='ocrx_word' id='word_1_823' title='bbox 1062 3131 1110 3178; x_wconf 85' lang='grc' dir='ltr'>1Ιῆ</span> <span class='ocrx_word' id='word_1_824' title='bbox 1138 3136 1211 3169; x_wconf 89' lang='grc' dir='ltr'>ΜΒ</span> <span class='ocrx_word' id='word_1_825' title='bbox 1224 3136 1333 3177; x_wconf 83' lang='lat' dir='ltr'>Epan.</span> <span class='ocrx_word' id='word_1_826' title='bbox 1348 3137 1378 3176; x_wconf 81' lang='grc' dir='ltr'><strong><em>ς]</em></strong></span> 
     </span>
     <span class='ocr_line' id='line_1_91' title="bbox 307 3177 1380 3228; baseline -0.009 -6"><span class='ocrx_word' id='word_1_827' title='bbox 307 3190 338 3223; x_wconf 80' lang='grc' dir='ltr'><strong><em>εἰ</em></strong></span> <span class='ocrx_word' id='word_1_828' title='bbox 362 3190 393 3222; x_wconf 93' lang='lat' dir='ltr'><em>L</em></span> <span class='ocrx_word' id='word_1_829' title='bbox 409 3188 421 3227; x_wconf 80' lang='grc' dir='ltr'>ΙΙ</span> <span class='ocrx_word' id='word_1_830' title='bbox 439 3189 500 3220; x_wconf 85' lang='grc' dir='ltr'>καὶ</span> <span class='ocrx_word' id='word_1_831' title='bbox 521 3199 578 3219; x_wconf 88' lang='lat' dir='ltr'>om.</span> <span class='ocrx_word' id='word_1_832' title='bbox 593 3185 701 3228; x_wconf 84' lang='lat' dir='ltr'>Epan.</span> <span class='ocrx_word' id='word_1_833' title='bbox 727 3182 740 3228; x_wconf 80' lang='grc'>11</span> <span class='ocrx_word' id='word_1_834' title='bbox 762 3180 1013 3225; x_wconf 87' lang='grc' dir='ltr'><strong><em>δικασσόμενοι</em></strong></span> <span class='ocrx_word' id='word_1_835' title='bbox 1031 3182 1079 3214; x_wconf 78' lang='lat' dir='ltr'>L⁰</span> <span class='ocrx_word' id='word_1_836' title='bbox 1098 3181 1110 3222; x_wconf 78' lang='grc' dir='ltr'>ΙΙ</span> <span class='ocrx_word' id='word_1_837' title='bbox 1134 3182 1174 3215; x_wconf 87' lang='grc'>13</span> <span class='ocrx_word' id='word_1_838' title='bbox 1200 3177 1380 3213; x_wconf 79' lang='grc' dir='ltr'><strong><em>ἐκδιδόναι</em></strong></span> 
     </span>
     <span class='ocr_line' id='line_1_92' title="bbox 311 3221 1381 3274; baseline -0.011 -5"><span class='ocrx_word' id='word_1_839' title='bbox 311 3236 359 3269; x_wconf 82' lang='lat' dir='ltr'>B⁶</span> <span class='ocrx_word' id='word_1_840' title='bbox 389 3234 453 3266; x_wconf 77' lang='grc' dir='ltr'>ἐᾶν</span> <span class='ocrx_word' id='word_1_841' title='bbox 475 3232 525 3267; x_wconf 70' lang='grc' dir='ltr'>Βι</span> <span class='ocrx_word' id='word_1_842' title='bbox 536 3243 567 3264; x_wconf 89' lang='grc' dir='ltr'>υ.</span> <span class='ocrx_word' id='word_1_843' title='bbox 582 3230 633 3274; x_wconf 77' lang='lat' dir='ltr'>2.ss</span> <span class='ocrx_word' id='word_1_844' title='bbox 659 3231 701 3265; x_wconf 89' lang='grc'>14</span> <span class='ocrx_word' id='word_1_845' title='bbox 726 3225 871 3273; x_wconf 80' lang='grc' dir='ltr'><strong><em>ἐπάγειν</em></strong></span> <span class='ocrx_word' id='word_1_846' title='bbox 891 3227 941 3261; x_wconf 83' lang='lat' dir='ltr'>B‘</span> <span class='ocrx_word' id='word_1_847' title='bbox 965 3227 978 3270; x_wconf 79' lang='lat' dir='ltr'>ss</span> <span class='ocrx_word' id='word_1_848' title='bbox 1005 3228 1046 3260; x_wconf 84' lang='lat'>16</span> <span class='ocrx_word' id='word_1_849' title='bbox 1070 3221 1381 3271; x_wconf 78' lang='grc' dir='ltr'><strong><em>ἠλευθερωμένους</em></strong></span> 
     </span>
     <span class='ocr_line' id='line_1_93' title="bbox 313 3269 1382 3319; baseline -0.012 -5"><span class='ocrx_word' id='word_1_850' title='bbox 313 3279 488 3314; x_wconf 80' lang='lat' dir='ltr'>Heimbach</span> <span class='ocrx_word' id='word_1_851' title='bbox 508 3285 620 3311; x_wconf 82' lang='lat' dir='ltr'>temere</span> <span class='ocrx_word' id='word_1_852' title='bbox 634 3276 647 3318; x_wconf 85' lang='grc' dir='ltr'>ΙΙ</span> <span class='ocrx_word' id='word_1_853' title='bbox 675 3277 713 3309; x_wconf 83' lang='grc'>17</span> <span class='ocrx_word' id='word_1_854' title='bbox 738 3271 855 3319; x_wconf 78' lang='grc' dir='ltr'><strong><em>χώρας</em></strong></span> <span class='ocrx_word' id='word_1_855' title='bbox 878 3284 918 3305; x_wconf 89' lang='grc' dir='ltr'>τε</span> <span class='ocrx_word' id='word_1_856' title='bbox 937 3274 997 3304; x_wconf 87' lang='grc' dir='ltr'>καὶ</span> <span class='ocrx_word' id='word_1_857' title='bbox 1021 3269 1151 3311; x_wconf 84' lang='grc' dir='ltr'><strong><em>πόλεις]</em></strong></span> <span class='ocrx_word' id='word_1_858' title='bbox 1175 3271 1325 3302; x_wconf 86' lang='lat' dir='ltr'>civitates</span> <span class='ocrx_word' id='word_1_859' title='bbox 1349 3274 1382 3302; x_wconf 88' lang='lat' dir='ltr'>et</span> 
     </span>
     <span class='ocr_line' id='line_1_94' title="bbox 310 3313 1380 3368; baseline -0.011 -9"><span class='ocrx_word' id='word_1_860' title='bbox 310 3323 495 3368; x_wconf 79' lang='lat' dir='ltr'>provincias</span> <span class='ocrx_word' id='word_1_861' title='bbox 518 3334 538 3359; x_wconf 80' lang='grc' dir='ltr'><strong><em>ς</em></strong></span> <span class='ocrx_word' id='word_1_862' title='bbox 555 3323 609 3365; x_wconf 86' lang='lat' dir='ltr'>(cs.</span> <span class='ocrx_word' id='word_1_863' title='bbox 619 3333 654 3365; x_wconf 85' lang='lat' dir='ltr'>p.</span> <span class='ocrx_word' id='word_1_864' title='bbox 670 3321 747 3361; x_wconf 82' lang='lat'>393,</span> <span class='ocrx_word' id='word_1_865' title='bbox 762 3322 789 3361; x_wconf 73' lang='lat'>4)</span> <span class='ocrx_word' id='word_1_866' title='bbox 807 3318 819 3362; x_wconf 90' lang='grc' dir='ltr'>ΙΙ</span> <span class='ocrx_word' id='word_1_867' title='bbox 847 3319 887 3352; x_wconf 91' lang='grc'>18</span> <span class='ocrx_word' id='word_1_868' title='bbox 913 3314 1167 3358; x_wconf 79' lang='grc' dir='ltr'><strong><em>ἐνοχλήσαντος</em></strong></span> <span class='ocrx_word' id='word_1_869' title='bbox 1192 3335 1233 3339; x_wconf 93' lang='grc'><strong>-</strong></span> <span class='ocrx_word' id='word_1_870' title='bbox 1260 3316 1302 3349; x_wconf 83' lang='grc'>20</span> <span class='ocrx_word' id='word_1_871' title='bbox 1322 3313 1380 3366; x_wconf 60' lang='grc' dir='ltr'><strong><em>(ἶρ-</em></strong></span> 
     </span>
     <span class='ocr_line' id='line_1_95' title="bbox 310 3361 1380 3412; baseline -0.012 -8"><span class='ocrx_word' id='word_1_872' title='bbox 310 3372 444 3412; x_wconf 83' lang='grc' dir='ltr'><strong><em>χοντος]</em></strong></span> <span class='ocrx_word' id='word_1_873' title='bbox 468 3379 543 3401; x_wconf 91' lang='lat' dir='ltr'>cum</span> <span class='ocrx_word' id='word_1_874' title='bbox 567 3365 755 3399; x_wconf 84' lang='lat' dir='ltr'>institerint</span> <span class='ocrx_word' id='word_1_875' title='bbox 778 3382 823 3388; x_wconf 90' lang='lat'><em>-</em></span> <span class='ocrx_word' id='word_1_876' title='bbox 846 3363 904 3405; x_wconf 90' lang='lat' dir='ltr'>qui</span> <span class='ocrx_word' id='word_1_877' title='bbox 928 3373 947 3395; x_wconf 78' lang='lat' dir='ltr'>a</span> <span class='ocrx_word' id='word_1_878' title='bbox 971 3362 1065 3394; x_wconf 85' lang='lat' dir='ltr'>nobis</span> <span class='ocrx_word' id='word_1_879' title='bbox 1088 3361 1204 3394; x_wconf 84' lang='lat' dir='ltr'>statuti</span> <span class='ocrx_word' id='word_1_880' title='bbox 1228 3362 1306 3392; x_wconf 88' lang='lat' dir='ltr'>sunt</span> <span class='ocrx_word' id='word_1_881' title='bbox 1329 3371 1380 3392; x_wconf 83' lang='lat' dir='ltr'>iu-</span> 
     </span>
     <span class='ocr_line' id='line_1_96' title="bbox 311 3403 1382 3458; baseline -0.009 -12"><span class='ocrx_word' id='word_1_882' title='bbox 311 3418 398 3448; x_wconf 82' lang='lat' dir='ltr'>dices</span> <span class='ocrx_word' id='word_1_883' title='bbox 415 3427 434 3451; x_wconf 84' lang='grc' dir='ltr'><strong><em>ς</em></strong></span> <span class='ocrx_word' id='word_1_884' title='bbox 451 3414 463 3458; x_wconf 75' lang='grc' dir='ltr'>ΙΙ</span> <span class='ocrx_word' id='word_1_885' title='bbox 487 3413 539 3455; x_wconf 82' lang='grc' dir='ltr'><em>τῷ</em></span> <span class='ocrx_word' id='word_1_886' title='bbox 560 3411 777 3455; x_wconf 74' lang='grc' dir='ltr'><strong><em>ἀκροωμένῳ</em></strong></span> <span class='ocrx_word' id='word_1_887' title='bbox 794 3409 851 3450; x_wconf 91' lang='grc' dir='ltr'>Μ]</span> <span class='ocrx_word' id='word_1_888' title='bbox 875 3406 940 3442; x_wconf 85' lang='grc' dir='ltr'>τὸν</span> <span class='ocrx_word' id='word_1_889' title='bbox 959 3403 1190 3450; x_wconf 77' lang='grc' dir='ltr'><strong><em>ἀκροώμενον</em></strong></span> <span class='ocrx_word' id='word_1_890' title='bbox 1198 3405 1281 3439; x_wconf 86' lang='lat' dir='ltr'>LB·</span> <span class='ocrx_word' id='word_1_891' title='bbox 1304 3404 1382 3437; x_wconf 81' lang='grc' dir='ltr'>τῶν</span> 
     </span>
     <span class='ocr_line' id='line_1_97' title="bbox 311 3450 1382 3505; baseline -0.011 -12"><span class='ocrx_word' id='word_1_892' title='bbox 311 3459 550 3505; x_wconf 72' lang='grc' dir='ltr'><strong><em>ὐκροωμένων</em></strong></span> <span class='ocrx_word' id='word_1_893' title='bbox 565 3458 614 3491; x_wconf 74' lang='lat' dir='ltr'>B‘</span> <span class='ocrx_word' id='word_1_894' title='bbox 645 3456 657 3496; x_wconf 88' lang='grc' dir='ltr'>ΙΙ</span> <span class='ocrx_word' id='word_1_895' title='bbox 680 3457 752 3489; x_wconf 88' lang='grc' dir='ltr'><strong><em>τοῖς</em></strong></span> <span class='ocrx_word' id='word_1_896' title='bbox 767 3474 807 3478; x_wconf 93' lang='grc'>-</span> <span class='ocrx_word' id='word_1_897' title='bbox 825 3455 866 3488; x_wconf 80' lang='grc'>19</span> <span class='ocrx_word' id='word_1_898' title='bbox 878 3455 1008 3497; x_wconf 73' lang='grc' dir='ltr'><strong><em>κυρίοις</em></strong></span> <span class='ocrx_word' id='word_1_899' title='bbox 1020 3453 1073 3492; x_wconf 82' lang='lat' dir='ltr'>M]</span> <span class='ocrx_word' id='word_1_900' title='bbox 1098 3450 1178 3484; x_wconf 87' lang='grc' dir='ltr'><strong><em>τοὺς</em></strong></span> <span class='ocrx_word' id='word_1_901' title='bbox 1193 3470 1232 3503; x_wconf 55' lang='lat'>—5</span> <span class='ocrx_word' id='word_1_902' title='bbox 1247 3452 1382 3494; x_wconf 87' lang='grc' dir='ltr'><strong><em>κυρίους</em></strong></span> 
     </span>
     <span class='ocr_line' id='line_1_98' title="bbox 316 3494 1382 3548; baseline -0.012 -9"><span class='ocrx_word' id='word_1_903' title='bbox 316 3508 380 3540; x_wconf 87' lang='lat' dir='ltr'>LB</span> <span class='ocrx_word' id='word_1_904' title='bbox 394 3506 502 3548; x_wconf 81' lang='lat' dir='ltr'>Epan.</span> <span class='ocrx_word' id='word_1_905' title='bbox 519 3504 531 3546; x_wconf 72' lang='grc'>11</span> <span class='ocrx_word' id='word_1_906' title='bbox 558 3504 601 3537; x_wconf 83' lang='lat'>22</span> <span class='ocrx_word' id='word_1_907' title='bbox 623 3498 748 3534; x_wconf 75' lang='grc' dir='ltr'><strong><em>αὐτοὺς</em></strong></span> <span class='ocrx_word' id='word_1_908' title='bbox 766 3501 808 3542; x_wconf 53' lang='grc' dir='ltr'>ΙᾸ,</span> <span class='ocrx_word' id='word_1_909' title='bbox 825 3512 881 3533; x_wconf 90' lang='lat' dir='ltr'>om.</span> <span class='ocrx_word' id='word_1_910' title='bbox 901 3498 946 3531; x_wconf 71' lang='grc' dir='ltr'>Β*</span> <span class='ocrx_word' id='word_1_911' title='bbox 959 3511 990 3530; x_wconf 87' lang='grc' dir='ltr'>υ.</span> <span class='ocrx_word' id='word_1_912' title='bbox 1005 3498 1024 3530; x_wconf 91' lang='lat' dir='ltr'>I.</span> <span class='ocrx_word' id='word_1_913' title='bbox 1039 3500 1083 3539; x_wconf 80' lang='grc' dir='ltr'><strong><em>(ς)</em></strong></span> <span class='ocrx_word' id='word_1_914' title='bbox 1099 3496 1111 3540; x_wconf 72' lang='grc' dir='ltr'>ΙΙ</span> <span class='ocrx_word' id='word_1_915' title='bbox 1131 3497 1171 3530; x_wconf 83' lang='grc'>27</span> <span class='ocrx_word' id='word_1_916' title='bbox 1186 3494 1284 3535; x_wconf 80' lang='grc' dir='ltr'><strong><em>ταξει</em></strong></span> <span class='ocrx_word' id='word_1_917' title='bbox 1300 3495 1347 3527; x_wconf 79' lang='lat'>13⁶</span> <span class='ocrx_word' id='word_1_918' title='bbox 1371 3495 1382 3536; x_wconf 84' lang='grc' dir='ltr'>Η</span> 
     </span>
     <span class='ocr_line' id='line_1_99' title="bbox 312 3537 1382 3589; baseline -0.011 -5"><span class='ocrx_word' id='word_1_919' title='bbox 312 3550 527 3584; x_wconf 77' lang='grc' dir='ltr'><strong><em>διατιθέντα</em></strong></span> <span class='ocrx_word' id='word_1_920' title='bbox 543 3549 611 3589; x_wconf 78' lang='lat' dir='ltr'>B⁶]</span> <span class='ocrx_word' id='word_1_921' title='bbox 638 3544 871 3580; x_wconf 75' lang='grc' dir='ltr'><strong><em>διατιθέντας</em></strong></span> <span class='ocrx_word' id='word_1_922' title='bbox 887 3543 1010 3577; x_wconf 79' lang='lat' dir='ltr'><strong><em>MLB⁸</em></strong></span> <span class='ocrx_word' id='word_1_923' title='bbox 1037 3541 1049 3586; x_wconf 84' lang='grc' dir='ltr'>ΙΙ</span> <span class='ocrx_word' id='word_1_924' title='bbox 1086 3543 1128 3575; x_wconf 87' lang='grc'>28</span> <span class='ocrx_word' id='word_1_925' title='bbox 1152 3537 1382 3582; x_wconf 74' lang='grc' dir='ltr'><strong><em>ἀποπέμπειν</em></strong></span> 
     </span>
     <span class='ocr_line' id='line_1_100' title="bbox 317 3587 1380 3639; baseline -0.011 -10"><span class='ocrx_word' id='word_1_926' title='bbox 317 3598 362 3629; x_wconf 78' lang='lat'>[3⁰</span> <span class='ocrx_word' id='word_1_927' title='bbox 381 3598 392 3639; x_wconf 77' lang='lat' dir='ltr'>ss</span> <span class='ocrx_word' id='word_1_928' title='bbox 414 3597 456 3629; x_wconf 84' lang='lat'>29</span> <span class='ocrx_word' id='word_1_929' title='bbox 481 3592 594 3635; x_wconf 74' lang='grc' dir='ltr'><strong><em>πάσης</em></strong></span> <span class='ocrx_word' id='word_1_930' title='bbox 618 3594 697 3633; x_wconf 89' lang='lat' dir='ltr'>LB,</span> <span class='ocrx_word' id='word_1_931' title='bbox 710 3592 819 3634; x_wconf 78' lang='lat' dir='ltr'>Epan.</span> <span class='ocrx_word' id='word_1_932' title='bbox 832 3604 862 3622; x_wconf 86' lang='lat' dir='ltr'>v.</span> <span class='ocrx_word' id='word_1_933' title='bbox 878 3590 911 3630; x_wconf 84' lang='lat' dir='ltr'>l.]</span> <span class='ocrx_word' id='word_1_934' title='bbox 936 3587 1048 3622; x_wconf 83' lang='grc' dir='ltr'><strong><em>πᾶσιν</em></strong></span> <span class='ocrx_word' id='word_1_935' title='bbox 1074 3587 1150 3628; x_wconf 83' lang='grc' dir='ltr'><strong><em>Μς,</em></strong></span> <span class='ocrx_word' id='word_1_936' title='bbox 1168 3587 1216 3619; x_wconf 81' lang='grc' dir='ltr'>ΒΙ</span> <span class='ocrx_word' id='word_1_937' title='bbox 1230 3594 1259 3619; x_wconf 80' lang='lat' dir='ltr'>et</span> <span class='ocrx_word' id='word_1_938' title='bbox 1272 3587 1380 3637; x_wconf 66' lang='grc' dir='ltr'><strong><em>Εραη.</em></strong></span> 
     </span>
     <span class='ocr_line' id='line_1_101' title="bbox 314 3628 1380 3681; baseline -0.013 -7"><span class='ocrx_word' id='word_1_939' title='bbox 314 3655 341 3673; x_wconf 67' lang='grc' dir='ltr'><strong><em>ιν.</em></strong></span> <span class='ocrx_word' id='word_1_940' title='bbox 356 3642 376 3674; x_wconf 86' lang='lat' dir='ltr'>l.</span> <span class='ocrx_word' id='word_1_941' title='bbox 396 3642 407 3681; x_wconf 77' lang='grc' dir='ltr'>ΙΙ</span> <span class='ocrx_word' id='word_1_942' title='bbox 424 3642 466 3674; x_wconf 83' lang='lat'>32</span> <span class='ocrx_word' id='word_1_943' title='bbox 487 3639 608 3672; x_wconf 81' lang='grc' dir='ltr'><strong><em>αἰτίαν</em></strong></span> <span class='ocrx_word' id='word_1_944' title='bbox 626 3651 682 3671; x_wconf 86' lang='lat' dir='ltr'>om.</span> <span class='ocrx_word' id='word_1_945' title='bbox 698 3649 716 3672; x_wconf 85' lang='grc' dir='ltr'>ς</span> <span class='ocrx_word' id='word_1_946' title='bbox 731 3635 744 3678; x_wconf 78' lang='grc' dir='ltr'>ΙΙ</span> <span class='ocrx_word' id='word_1_947' title='bbox 763 3637 804 3670; x_wconf 79' lang='grc'>33</span> <span class='ocrx_word' id='word_1_948' title='bbox 824 3631 930 3675; x_wconf 74' lang='grc' dir='ltr'><strong><em>ὥστε]</em></strong></span> <span class='ocrx_word' id='word_1_949' title='bbox 955 3630 1002 3666; x_wconf 78' lang='grc' dir='ltr'>ὠς</span> <span class='ocrx_word' id='word_1_950' title='bbox 1020 3633 1129 3676; x_wconf 83' lang='lat' dir='ltr'>Epan.</span> <span class='ocrx_word' id='word_1_951' title='bbox 1149 3631 1162 3674; x_wconf 69' lang='lat' dir='ltr'><em>n</em></span> <span class='ocrx_word' id='word_1_952' title='bbox 1178 3632 1221 3665; x_wconf 79' lang='lat'>34</span> <span class='ocrx_word' id='word_1_953' title='bbox 1243 3628 1380 3670; x_wconf 55' lang='grc' dir='ltr'><strong><em>διαζῆν]</em></strong></span> 
     </span>
     <span class='ocr_line' id='line_1_102' title="bbox 313 3674 1382 3728; baseline -0.011 -9"><span class='ocrx_word' id='word_1_954' title='bbox 313 3688 446 3728; x_wconf 77' lang='lat' dir='ltr'>propter</span> <span class='ocrx_word' id='word_1_955' title='bbox 469 3685 592 3717; x_wconf 86' lang='lat' dir='ltr'>victum</span> <span class='ocrx_word' id='word_1_956' title='bbox 618 3684 692 3723; x_wconf 66' lang='lat'>(121³.</span> <span class='ocrx_word' id='word_1_957' title='bbox 719 3679 778 3713; x_wconf 78' lang='grc' dir='ltr'>διὰ</span> <span class='ocrx_word' id='word_1_958' title='bbox 795 3680 896 3723; x_wconf 65' lang='grc' dir='ltr'><strong><em>ζῆνῗ)</em></strong></span> <span class='ocrx_word' id='word_1_959' title='bbox 921 3691 940 3715; x_wconf 81' lang='grc' dir='ltr'><strong><em>ς</em></strong></span> <span class='ocrx_word' id='word_1_960' title='bbox 966 3678 978 3718; x_wconf 86' lang='grc'>11</span> <span class='ocrx_word' id='word_1_961' title='bbox 1009 3674 1029 3719; x_wconf 85' lang='grc' dir='ltr'><em>ἢ</em></span> <span class='ocrx_word' id='word_1_962' title='bbox 1053 3679 1090 3710; x_wconf 69' lang='grc' dir='ltr'>ἐκ</span> <span class='ocrx_word' id='word_1_963' title='bbox 1114 3676 1176 3710; x_wconf 71' lang='grc' dir='ltr'>τοῦ</span> <span class='ocrx_word' id='word_1_964' title='bbox 1194 3678 1382 3719; x_wconf 76' lang='grc' dir='ltr'><strong><em>μεταιτεῖν</em></strong></span> 
     </span>
     <span class='ocr_line' id='line_1_103' title="bbox 316 3721 1137 3773; baseline -0.009 -10"><span class='ocrx_word' id='word_1_965' title='bbox 316 3745 371 3764; x_wconf 69' lang='lat' dir='ltr'>um.</span> <span class='ocrx_word' id='word_1_966' title='bbox 387 3743 405 3767; x_wconf 81' lang='grc' dir='ltr'><strong><em>ς</em></strong></span> <span class='ocrx_word' id='word_1_967' title='bbox 421 3734 432 3773; x_wconf 73' lang='grc' dir='ltr'>ῃ</span> <span class='ocrx_word' id='word_1_968' title='bbox 451 3732 494 3763; x_wconf 82' lang='grc'>36</span> <span class='ocrx_word' id='word_1_969' title='bbox 520 3727 628 3762; x_wconf 79' lang='grc' dir='ltr'><strong><em>αὐτοῦ</em></strong></span> <span class='ocrx_word' id='word_1_970' title='bbox 648 3729 691 3760; x_wconf 89' lang='grc' dir='ltr'><em>Μ</em></span> <span class='ocrx_word' id='word_1_971' title='bbox 702 3728 714 3771; x_wconf 78' lang='grc' dir='ltr'>ΙΙ</span> <span class='ocrx_word' id='word_1_972' title='bbox 738 3728 778 3759; x_wconf 78' lang='grc'>37</span> <span class='ocrx_word' id='word_1_973' title='bbox 805 3723 934 3766; x_wconf 75' lang='grc' dir='ltr'><strong><em>αὐτοῖς]</em></strong></span> <span class='ocrx_word' id='word_1_974' title='bbox 958 3721 1082 3758; x_wconf 75' lang='grc' dir='ltr'><strong><em>αὐτοὺς</em></strong></span> <span class='ocrx_word' id='word_1_975' title='bbox 1107 3724 1137 3756; x_wconf 82' lang='lat' dir='ltr'><em>L</em></span> 
     </span>
    </p>
   </div>
   <div class='ocr_carea' id='block_1_30' title="bbox 1447 3040 2521 3446">
    <p class='ocr_par' dir='ltr' id='par_1_33' title="bbox 1447 3040 2521 3446">
     <span class='ocr_line' id='line_1_104' title="bbox 1492 3040 2521 3085; baseline -0.004 -8"><span class='ocrx_word' id='word_1_976' title='bbox 1492 3046 1513 3078; x_wconf 88' lang='lat'>4</span> <span class='ocrx_word' id='word_1_977' title='bbox 1528 3055 1643 3077; x_wconf 86' lang='lat' dir='ltr'>curare</span> <span class='ocrx_word' id='word_1_978' title='bbox 1666 3043 1713 3076; x_wconf 86' lang='lat' dir='ltr'>V¹</span> <span class='ocrx_word' id='word_1_979' title='bbox 1732 3043 1744 3085; x_wconf 82' lang='grc' dir='ltr'>ΙΙ</span> <span class='ocrx_word' id='word_1_980' title='bbox 1761 3045 1780 3076; x_wconf 91' lang='grc'>5</span> <span class='ocrx_word' id='word_1_981' title='bbox 1794 3042 1896 3074; x_wconf 87' lang='lat' dir='ltr'>indici</span> <span class='ocrx_word' id='word_1_982' title='bbox 1915 3041 1962 3074; x_wconf 89' lang='lat' dir='ltr'>T¹</span> <span class='ocrx_word' id='word_1_983' title='bbox 1988 3041 2095 3074; x_wconf 86' lang='lat' dir='ltr'>decidi</span> <span class='ocrx_word' id='word_1_984' title='bbox 2109 3041 2201 3074; x_wconf 81' lang='lat' dir='ltr'>Beck</span> <span class='ocrx_word' id='word_1_985' title='bbox 2218 3040 2223 3083; x_wconf 88' lang='grc' dir='ltr'>Ι</span> <span class='ocrx_word' id='word_1_986' title='bbox 2249 3040 2416 3082; x_wconf 83' lang='lat' dir='ltr'>temporis]</span> <span class='ocrx_word' id='word_1_987' title='bbox 2441 3041 2521 3083; x_wconf 87' lang='lat' dir='ltr'>ipsis</span> 
     </span>
     <span class='ocr_line' id='line_1_105' title="bbox 1448 3084 2520 3133; baseline -0.005 -11"><span class='ocrx_word' id='word_1_988' title='bbox 1448 3090 1495 3122; x_wconf 77' lang='lat' dir='ltr'>R·</span> <span class='ocrx_word' id='word_1_989' title='bbox 1513 3089 1525 3133; x_wconf 80' lang='grc'>11</span> <span class='ocrx_word' id='word_1_990' title='bbox 1544 3090 1564 3122; x_wconf 88' lang='grc'><strong>6</strong></span> <span class='ocrx_word' id='word_1_991' title='bbox 1581 3089 1647 3129; x_wconf 87' lang='lat' dir='ltr'>hic]</span> <span class='ocrx_word' id='word_1_992' title='bbox 1672 3087 1708 3120; x_wconf 90' lang='lat' dir='ltr'>in</span> <span class='ocrx_word' id='word_1_993' title='bbox 1727 3088 1781 3120; x_wconf 90' lang='lat' dir='ltr'>hic</span> <span class='ocrx_word' id='word_1_994' title='bbox 1803 3088 1851 3120; x_wconf 87' lang='lat' dir='ltr'>V¹</span> <span class='ocrx_word' id='word_1_995' title='bbox 1874 3087 1909 3119; x_wconf 88' lang='lat' dir='ltr'>in</span> <span class='ocrx_word' id='word_1_996' title='bbox 1926 3088 1988 3119; x_wconf 87' lang='lat' dir='ltr'>hac</span> <span class='ocrx_word' id='word_1_997' title='bbox 2003 3086 2139 3119; x_wconf 78' lang='lat' dir='ltr'>ciuitate</span> <span class='ocrx_word' id='word_1_998' title='bbox 2161 3084 2209 3118; x_wconf 81' lang='lat' dir='ltr'>V³</span> <span class='ocrx_word' id='word_1_999' title='bbox 2234 3084 2240 3129; x_wconf 86' lang='grc' dir='ltr'>Ι</span> <span class='ocrx_word' id='word_1_1000' title='bbox 2257 3087 2274 3118; x_wconf 80' lang='grc'>7</span> <span class='ocrx_word' id='word_1_1001' title='bbox 2300 3086 2372 3127; x_wconf 75' lang='lat' dir='ltr'>agri</span> <span class='ocrx_word' id='word_1_1002' title='bbox 2393 3088 2427 3118; x_wconf 83' lang='lat' dir='ltr'>et</span> <span class='ocrx_word' id='word_1_1003' title='bbox 2449 3085 2520 3118; x_wconf 88' lang='lat' dir='ltr'>oul-</span> 
     </span>
     <span class='ocr_line' id='line_1_106' title="bbox 1447 3129 2521 3177; baseline -0.003 -10"><span class='ocrx_word' id='word_1_1004' title='bbox 1447 3137 1522 3167; x_wconf 83' lang='lat' dir='ltr'>ture</span> <span class='ocrx_word' id='word_1_1005' title='bbox 1541 3134 1585 3167; x_wconf 74' lang='lat' dir='ltr'>R·</span> <span class='ocrx_word' id='word_1_1006' title='bbox 1603 3132 1615 3177; x_wconf 91' lang='grc' dir='ltr'>ΙΙ</span> <span class='ocrx_word' id='word_1_1007' title='bbox 1640 3132 1771 3165; x_wconf 88' lang='lat' dir='ltr'>uocatio</span> <span class='ocrx_word' id='word_1_1008' title='bbox 1789 3132 1838 3165; x_wconf 69' lang='lat' dir='ltr'>T*</span> <span class='ocrx_word' id='word_1_1009' title='bbox 1862 3131 2012 3164; x_wconf 82' lang='lat' dir='ltr'>euocatio</span> <span class='ocrx_word' id='word_1_1010' title='bbox 2035 3130 2113 3174; x_wconf 69' lang='lat' dir='ltr'>T²ss</span> <span class='ocrx_word' id='word_1_1011' title='bbox 2135 3133 2173 3165; x_wconf 89' lang='lat'>11</span> <span class='ocrx_word' id='word_1_1012' title='bbox 2194 3130 2413 3163; x_wconf 81' lang='lat' dir='ltr'>adiuuenicns</span> <span class='ocrx_word' id='word_1_1013' title='bbox 2438 3130 2485 3164; x_wconf 67' lang='lat'>13¹</span> <span class='ocrx_word' id='word_1_1014' title='bbox 2507 3129 2521 3174; x_wconf 77' lang='grc' dir='ltr'>ΙΙ</span> 
     </span>
     <span class='ocr_line' id='line_1_107' title="bbox 1451 3175 2521 3221; baseline -0.004 -8"><span class='ocrx_word' id='word_1_1015' title='bbox 1451 3181 1491 3213; x_wconf 85' lang='grc'>12</span> <span class='ocrx_word' id='word_1_1016' title='bbox 1515 3182 1624 3211; x_wconf 84' lang='lat' dir='ltr'>autem</span> <span class='ocrx_word' id='word_1_1017' title='bbox 1647 3178 1675 3208; x_wconf 88' lang='lat' dir='ltr'><strong><em>V</em></strong></span> <span class='ocrx_word' id='word_1_1018' title='bbox 1691 3178 1702 3221; x_wconf 86' lang='grc' dir='ltr'>ΙΙ</span> <span class='ocrx_word' id='word_1_1019' title='bbox 1725 3177 1931 3219; x_wconf 75' lang='lat' dir='ltr'>iltigantium</span> <span class='ocrx_word' id='word_1_1020' title='bbox 1955 3177 1988 3210; x_wconf 83' lang='lat' dir='ltr'><em>R</em></span> <span class='ocrx_word' id='word_1_1021' title='bbox 2010 3175 2022 3220; x_wconf 79' lang='grc'>11</span> <span class='ocrx_word' id='word_1_1022' title='bbox 2051 3178 2090 3210; x_wconf 89' lang='grc'>13</span> <span class='ocrx_word' id='word_1_1023' title='bbox 2115 3176 2226 3208; x_wconf 79' lang='lat' dir='ltr'>omnia</span> <span class='ocrx_word' id='word_1_1024' title='bbox 2249 3176 2297 3216; x_wconf 90' lang='lat' dir='ltr'>(in</span> <span class='ocrx_word' id='word_1_1025' title='bbox 2322 3175 2433 3208; x_wconf 82' lang='lat' dir='ltr'>omnia</span> <span class='ocrx_word' id='word_1_1026' title='bbox 2455 3175 2521 3215; x_wconf 61' lang='lat' dir='ltr'>Ru)</span> 
     </span>
     <span class='ocr_line' id='line_1_108' title="bbox 1450 3220 2521 3267; baseline -0.002 -12"><span class='ocrx_word' id='word_1_1027' title='bbox 1450 3225 1481 3257; x_wconf 81' lang='lat' dir='ltr'><em>R</em></span> <span class='ocrx_word' id='word_1_1028' title='bbox 1496 3223 1508 3267; x_wconf 83' lang='grc' dir='ltr'>ΙΙ</span> <span class='ocrx_word' id='word_1_1029' title='bbox 1530 3225 1571 3258; x_wconf 88' lang='grc'>14</span> <span class='ocrx_word' id='word_1_1030' title='bbox 1589 3232 1729 3265; x_wconf 83' lang='lat' dir='ltr'>urguere</span> <span class='ocrx_word' id='word_1_1031' title='bbox 1748 3223 1779 3255; x_wconf 86' lang='lat' dir='ltr'><em>T</em></span> <span class='ocrx_word' id='word_1_1032' title='bbox 1798 3231 1936 3263; x_wconf 84' lang='lat' dir='ltr'>arguere</span> <span class='ocrx_word' id='word_1_1033' title='bbox 1955 3221 1988 3254; x_wconf 89' lang='lat' dir='ltr'><em>R</em></span> <span class='ocrx_word' id='word_1_1034' title='bbox 2006 3221 2018 3264; x_wconf 82' lang='grc' dir='ltr'>ΙΙ</span> <span class='ocrx_word' id='word_1_1035' title='bbox 2043 3222 2084 3255; x_wconf 90' lang='grc'>16</span> <span class='ocrx_word' id='word_1_1036' title='bbox 2108 3221 2215 3253; x_wconf 78' lang='lat' dir='ltr'>forsan</span> <span class='ocrx_word' id='word_1_1037' title='bbox 2242 3231 2316 3253; x_wconf 89' lang='lat' dir='ltr'>cum</span> <span class='ocrx_word' id='word_1_1038' title='bbox 2335 3220 2521 3254; x_wconf 84' lang='lat' dir='ltr'>institerint</span> 
     </span>
     <span class='ocr_line' id='line_1_109' title="bbox 1458 3263 2521 3311; baseline -0.001 -10"><span class='ocrx_word' id='word_1_1039' title='bbox 1458 3270 1629 3311; x_wconf 79' lang='lat' dir='ltr'>VTvulq.]</span> <span class='ocrx_word' id='word_1_1040' title='bbox 1667 3267 1878 3300; x_wconf 88' lang='lat' dir='ltr'>constituerit</span> <span class='ocrx_word' id='word_1_1041' title='bbox 1901 3268 1990 3307; x_wconf 88' lang='lat' dir='ltr'>(cum</span> <span class='ocrx_word' id='word_1_1042' title='bbox 2013 3266 2197 3299; x_wconf 84' lang='lat' dir='ltr'>instituerit</span> <span class='ocrx_word' id='word_1_1043' title='bbox 2221 3265 2284 3306; x_wconf 71' lang='lat' dir='ltr'>R2)</span> <span class='ocrx_word' id='word_1_1044' title='bbox 2308 3266 2419 3300; x_wconf 79' lang='lat' dir='ltr'>forsan</span> <span class='ocrx_word' id='word_1_1045' title='bbox 2442 3265 2476 3299; x_wconf 85' lang='lat' dir='ltr'><em>R</em></span> <span class='ocrx_word' id='word_1_1046' title='bbox 2507 3263 2521 3303; x_wconf 85' lang='grc' dir='ltr'>ΙΙ</span> 
     </span>
     <span class='ocr_line' id='line_1_110' title="bbox 1452 3310 2519 3355; baseline -0.005 -8"><span class='ocrx_word' id='word_1_1047' title='bbox 1452 3316 1490 3349; x_wconf 81' lang='lat'>17</span> <span class='ocrx_word' id='word_1_1048' title='bbox 1511 3313 1702 3345; x_wconf 84' lang='lat' dir='ltr'>*auditores</span> <span class='ocrx_word' id='word_1_1049' title='bbox 1717 3313 1793 3346; x_wconf 76' lang='lat' dir='ltr'>libri</span> <span class='ocrx_word' id='word_1_1050' title='bbox 1814 3311 2022 3344; x_wconf 84' lang='lat' dir='ltr'>auditoribus</span> <span class='ocrx_word' id='word_1_1051' title='bbox 2038 3311 2131 3344; x_wconf 85' lang='lat' dir='ltr'>Beck</span> <span class='ocrx_word' id='word_1_1052' title='bbox 2145 3310 2158 3355; x_wconf 76' lang='lat' dir='ltr'>ss</span> <span class='ocrx_word' id='word_1_1053' title='bbox 2184 3311 2325 3343; x_wconf 90' lang='lat' dir='ltr'>dominis</span> <span class='ocrx_word' id='word_1_1054' title='bbox 2340 3311 2445 3351; x_wconf 82' lang='lat' dir='ltr'>Beck]</span> <span class='ocrx_word' id='word_1_1055' title='bbox 2461 3310 2519 3343; x_wconf 89' lang='lat' dir='ltr'>do-</span> 
     </span>
     <span class='ocr_line' id='line_1_111' title="bbox 1450 3354 2519 3401; baseline -0.003 -10"><span class='ocrx_word' id='word_1_1056' title='bbox 1450 3359 1531 3391; x_wconf 84' lang='lat' dir='ltr'>mini</span> <span class='ocrx_word' id='word_1_1057' title='bbox 1548 3359 1625 3391; x_wconf 84' lang='lat' dir='ltr'>libri</span> <span class='ocrx_word' id='word_1_1058' title='bbox 1642 3357 1654 3401; x_wconf 80' lang='grc' dir='ltr'>ΙΙ</span> <span class='ocrx_word' id='word_1_1059' title='bbox 1671 3359 1713 3391; x_wconf 84' lang='grc'>20</span> <span class='ocrx_word' id='word_1_1060' title='bbox 1738 3357 1824 3390; x_wconf 85' lang='lat' dir='ltr'>*aut</span> <span class='ocrx_word' id='word_1_1061' title='bbox 1843 3356 1913 3389; x_wconf 85' lang='lat' dir='ltr'>litis</span> <span class='ocrx_word' id='word_1_1062' title='bbox 1934 3360 1992 3388; x_wconf 85' lang='lat' dir='ltr'>aut</span> <span class='ocrx_word' id='word_1_1063' title='bbox 2012 3357 2045 3389; x_wconf 92' lang='lat' dir='ltr'><strong><em>V</em></strong></span> <span class='ocrx_word' id='word_1_1064' title='bbox 2062 3355 2133 3388; x_wconf 86' lang='lat' dir='ltr'>litis</span> <span class='ocrx_word' id='word_1_1065' title='bbox 2156 3359 2214 3388; x_wconf 84' lang='lat' dir='ltr'>aut</span> <span class='ocrx_word' id='word_1_1066' title='bbox 2236 3357 2268 3389; x_wconf 81' lang='lat' dir='ltr'><em>R</em></span> <span class='ocrx_word' id='word_1_1067' title='bbox 2301 3359 2360 3389; x_wconf 88' lang='lat' dir='ltr'>aut</span> <span class='ocrx_word' id='word_1_1068' title='bbox 2382 3355 2453 3388; x_wconf 84' lang='lat' dir='ltr'>litis</span> <span class='ocrx_word' id='word_1_1069' title='bbox 2470 3354 2519 3389; x_wconf 79' lang='grc' dir='ltr'>Τι</span> 
     </span>
     <span class='ocr_line' id='line_1_112' title="bbox 1449 3400 2519 3446; baseline -0.004 -10"><span class='ocrx_word' id='word_1_1070' title='bbox 1449 3415 1469 3436; x_wconf 83' lang='lat' dir='ltr'>a</span> <span class='ocrx_word' id='word_1_1071' title='bbox 1493 3403 1562 3436; x_wconf 87' lang='lat' dir='ltr'>litis</span> <span class='ocrx_word' id='word_1_1072' title='bbox 1589 3403 1736 3445; x_wconf 73' lang='lat' dir='ltr'>T²vu19.</span> <span class='ocrx_word' id='word_1_1073' title='bbox 1753 3403 1766 3446; x_wconf 75' lang='grc' dir='ltr'>ΙΙ</span> <span class='ocrx_word' id='word_1_1074' title='bbox 1785 3402 1824 3436; x_wconf 85' lang='grc'>21</span> <span class='ocrx_word' id='word_1_1075' title='bbox 1848 3402 1917 3445; x_wconf 87' lang='lat' dir='ltr'>ipse</span> <span class='ocrx_word' id='word_1_1076' title='bbox 1938 3401 1987 3434; x_wconf 84' lang='lat' dir='ltr'>V²</span> <span class='ocrx_word' id='word_1_1077' title='bbox 2005 3400 2017 3445; x_wconf 88' lang='grc' dir='ltr'>ΙΙ</span> <span class='ocrx_word' id='word_1_1078' title='bbox 2034 3402 2091 3443; x_wconf 91' lang='lat' dir='ltr'>qui</span> <span class='ocrx_word' id='word_1_1079' title='bbox 2116 3404 2145 3442; x_wconf 82' lang='lat' dir='ltr'>a]</span> <span class='ocrx_word' id='word_1_1080' title='bbox 2170 3402 2249 3443; x_wconf 81' lang='lat' dir='ltr'>quia</span> <span class='ocrx_word' id='word_1_1081' title='bbox 2269 3402 2315 3434; x_wconf 87' lang='lat' dir='ltr'>V¹</span> <span class='ocrx_word' id='word_1_1082' title='bbox 2334 3400 2347 3444; x_wconf 82' lang='grc' dir='ltr'>ΙΙ</span> <span class='ocrx_word' id='word_1_1083' title='bbox 2365 3402 2407 3435; x_wconf 83' lang='lat'>22</span> <span class='ocrx_word' id='word_1_1084' title='bbox 2418 3409 2519 3443; x_wconf 80' lang='lat' dir='ltr'>agen-</span> 
     </span>
    </p>
   </div>
   <div class='ocr_carea' id='block_1_31' title="bbox 1450 3491 2521 3672">
    <p class='ocr_par' dir='ltr' id='par_1_34' title="bbox 1450 3491 2521 3672">
     <span class='ocr_line' id='line_1_113' title="bbox 1450 3491 2518 3536; baseline -0.003 -10"><span class='ocrx_word' id='word_1_1085' title='bbox 1450 3499 1497 3526; x_wconf 86' lang='lat' dir='ltr'>tes</span> <span class='ocrx_word' id='word_1_1086' title='bbox 1521 3494 1552 3526; x_wconf 92' lang='lat' dir='ltr'><em>T</em></span> <span class='ocrx_word' id='word_1_1087' title='bbox 1578 3493 1750 3536; x_wconf 81' lang='lat' dir='ltr'>disponere</span> <span class='ocrx_word' id='word_1_1088' title='bbox 1774 3491 1807 3525; x_wconf 80' lang='lat' dir='ltr'><em>R</em></span> <span class='ocrx_word' id='word_1_1089' title='bbox 1820 3492 1902 3534; x_wconf 77' lang='lat' dir='ltr'>vulq.</span> <span class='ocrx_word' id='word_1_1090' title='bbox 1922 3492 1934 3535; x_wconf 84' lang='grc' dir='ltr'>ΙΙ</span> <span class='ocrx_word' id='word_1_1091' title='bbox 1952 3493 1994 3525; x_wconf 82' lang='lat'>26</span> <span class='ocrx_word' id='word_1_1092' title='bbox 2012 3495 2160 3535; x_wconf 86' lang='lat' dir='ltr'>exempto</span> <span class='ocrx_word' id='word_1_1093' title='bbox 2176 3491 2210 3524; x_wconf 79' lang='lat' dir='ltr'><em>R</em></span> <span class='ocrx_word' id='word_1_1094' title='bbox 2226 3492 2238 3535; x_wconf 86' lang='grc' dir='ltr'>ΙΙ</span> <span class='ocrx_word' id='word_1_1095' title='bbox 2257 3492 2300 3526; x_wconf 85' lang='grc'>32</span> <span class='ocrx_word' id='word_1_1096' title='bbox 2317 3491 2518 3524; x_wconf 74' lang='lat' dir='ltr'>occasionem</span> 
     </span>
     <span class='ocr_line' id='line_1_114' title="bbox 1459 3534 2521 3582; baseline -0.004 -10"><span class='ocrx_word' id='word_1_1097' title='bbox 1459 3540 1508 3572; x_wconf 77' lang='lat' dir='ltr'>V⁰</span> <span class='ocrx_word' id='word_1_1098' title='bbox 1528 3539 1625 3582; x_wconf 48' lang='lat' dir='ltr'>vala]</span> <span class='ocrx_word' id='word_1_1099' title='bbox 1660 3538 1830 3571; x_wconf 82' lang='lat' dir='ltr'>occasione</span> <span class='ocrx_word' id='word_1_1100' title='bbox 1854 3535 1987 3570; x_wconf 73' lang='lat' dir='ltr'><em>RV⁶T</em></span> <span class='ocrx_word' id='word_1_1101' title='bbox 2012 3537 2024 3580; x_wconf 77' lang='lat' dir='ltr'>ss</span> <span class='ocrx_word' id='word_1_1102' title='bbox 2059 3537 2128 3569; x_wconf 83' lang='lat' dir='ltr'>litis</span> <span class='ocrx_word' id='word_1_1103' title='bbox 2152 3537 2257 3577; x_wconf 84' lang='lat' dir='ltr'>Beck]</span> <span class='ocrx_word' id='word_1_1104' title='bbox 2297 3535 2372 3569; x_wconf 72' lang='lat' dir='ltr'>lit-es</span> <span class='ocrx_word' id='word_1_1105' title='bbox 2396 3536 2472 3569; x_wconf 81' lang='lat' dir='ltr'>libri</span> <span class='ocrx_word' id='word_1_1106' title='bbox 2509 3534 2521 3578; x_wconf 82' lang='grc' dir='ltr'>ΙΙ</span> 
     </span>
     <span class='ocr_line' id='line_1_115' title="bbox 1451 3580 2520 3626; baseline -0.003 -10"><span class='ocrx_word' id='word_1_1107' title='bbox 1451 3587 1492 3618; x_wconf 76' lang='grc'>35</span> <span class='ocrx_word' id='word_1_1108' title='bbox 1518 3587 1689 3626; x_wconf 86' lang='lat' dir='ltr'>expectent</span> <span class='ocrx_word' id='word_1_1109' title='bbox 1712 3583 1743 3615; x_wconf 79' lang='lat' dir='ltr'><em>R</em></span> <span class='ocrx_word' id='word_1_1110' title='bbox 1772 3582 1784 3625; x_wconf 90' lang='grc' dir='ltr'>ΙΙ</span> <span class='ocrx_word' id='word_1_1111' title='bbox 1811 3584 1851 3615; x_wconf 81' lang='lat'>37</span> <span class='ocrx_word' id='word_1_1112' title='bbox 1877 3586 2027 3624; x_wconf 74' lang='lat' dir='ltr'>potentes</span> <span class='ocrx_word' id='word_1_1113' title='bbox 2050 3584 2172 3622; x_wconf 84' lang='lat' dir='ltr'>autem]</span> <span class='ocrx_word' id='word_1_1114' title='bbox 2202 3584 2362 3624; x_wconf 85' lang='lat' dir='ltr'>ponentes</span> <span class='ocrx_word' id='word_1_1115' title='bbox 2383 3583 2444 3615; x_wconf 83' lang='lat' dir='ltr'>aut</span> <span class='ocrx_word' id='word_1_1116' title='bbox 2467 3580 2520 3614; x_wconf 81' lang='lat' dir='ltr'>T·</span> 
     </span>
     <span class='ocr_line' id='line_1_116' title="bbox 1451 3627 1991 3672; baseline -0.002 -11"><span class='ocrx_word' id='word_1_1117' title='bbox 1451 3633 1598 3672; x_wconf 76' lang='lat' dir='ltr'>potentes</span> <span class='ocrx_word' id='word_1_1118' title='bbox 1620 3630 1664 3661; x_wconf 64' lang='lat'>1⁷¹</span> <span class='ocrx_word' id='word_1_1119' title='bbox 1693 3627 1746 3661; x_wconf 79' lang='lat' dir='ltr'>uel</span> <span class='ocrx_word' id='word_1_1120' title='bbox 1770 3630 1919 3671; x_wconf 83' lang='lat' dir='ltr'>potentes</span> <span class='ocrx_word' id='word_1_1121' title='bbox 1944 3627 1991 3660; x_wconf 85' lang='lat' dir='ltr'>V³</span> 
     </span>
    </p>
   </div>
   <div class='ocr_carea' id='block_1_32' title="bbox 1450 3445 2584 3492">
    <p class='ocr_par' dir='ltr' id='par_1_35' title="bbox 1450 3445 2584 3492">
     <span class='ocr_line' id='line_1_117' title="bbox 1450 3445 2584 3492; baseline -0.004 -11"><span class='ocrx_word' id='word_1_1122' title='bbox 1450 3453 1498 3482; x_wconf 86' lang='lat' dir='ltr'>tes</span> <span class='ocrx_word' id='word_1_1123' title='bbox 1523 3448 1582 3492; x_wconf 77' lang='lat' dir='ltr'>Rss</span> <span class='ocrx_word' id='word_1_1124' title='bbox 1613 3449 1654 3482; x_wconf 82' lang='lat'>23</span> <span class='ocrx_word' id='word_1_1125' title='bbox 1680 3453 1713 3481; x_wconf 91' lang='lat' dir='ltr'>et</span> <span class='ocrx_word' id='word_1_1126' title='bbox 1737 3448 1814 3481; x_wconf 85' lang='lat' dir='ltr'>add.</span> <span class='ocrx_word' id='word_1_1127' title='bbox 1829 3447 1923 3480; x_wconf 79' lang='lat' dir='ltr'>Beck</span> <span class='ocrx_word' id='word_1_1128' title='bbox 1946 3446 1959 3490; x_wconf 82' lang='grc' dir='ltr'>ΙΙ</span> <span class='ocrx_word' id='word_1_1129' title='bbox 1988 3449 2030 3480; x_wconf 83' lang='grc'>24</span> <span class='ocrx_word' id='word_1_1130' title='bbox 2051 3447 2272 3489; x_wconf 88' lang='lat' dir='ltr'>*disponente</span> <span class='ocrx_word' id='word_1_1131' title='bbox 2294 3447 2325 3479; x_wconf 91' lang='lat' dir='ltr'><strong><em>V</em></strong></span> <span class='ocrx_word' id='word_1_1132' title='bbox 2344 3445 2520 3489; x_wconf 83' lang='lat' dir='ltr'>disponen-</span> <span class='ocrx_word' id='word_1_1133' title='bbox 2582 3452 2584 3455; x_wconf 86' lang='lat'>&#39;</span> 
     </span>
    </p>
   </div>
  </div>
 </body>
</html>
