2592 3840
242 62 353 105 Nov.
373 61 445 106 CV
476 66 496 106 1
1308 59 1392 108 502
2096 76 2158 108 ΒΕ
2186 71 2458 110 consumam

241 185 340 219 παρα
370 177 508 208 αίνοντι
540 175 599 206 καὶ
623 173 733 215 ποινή
761 184 815 207 τις
837 173 891 215 εἴη
915 170 1145 220 προςὴκουσα.
1191 173 1256 208 τὰς
1279 171 1319 208 δὲ
1386 170 1560 218 quaedam
1575 171 1751 210 inferatur
1770 175 1984 219 competens.
2031 173 2180 211 Reditue
2195 177 2315 212 autem
2331 185 2456 212 eorum

241 219 333 264 προό
358 229 415 252 ους
448 216 570 253 αὐτῶν
601 217 694 251 ἑπτὰ
723 217 788 252 τὰς
820 218 938 253 πάσας
972 218 1064 252 εἶναι
1095 216 1317 263 βουλόμεθα.
1385 216 1588 253 imminutos
1610 227 1732 255 omnes
1756 227 1834 254 esse
1856 218 2029 255 volumus.
2077 219 2115 254 Si
2144 219 2237 256 enim
2263 220 2332 257 hoc
2355 220 2456 257 adin-

241 264 272 297 εἰ
291 262 361 310 γὰρ
385 264 491 298 τοῦτο
515 260 746 304 ἐπινενόηται
771 260 831 307 δρα
850 263 893 297 τὸ
918 261 982 297 τὰς
1006 263 1096 297 θέας
1119 263 1207 309 πρὸς
1231 275 1317 311 ψυχ-
1385 264 1527 298 ventum
1551 264 1606 299 est
1627 265 1668 300 ut
1691 264 1898 309 spectacula
1919 263 1966 299 ad
1981 263 2089 299 animi
2111 264 2327 310 voluptatem
2347 275 2455 310 agan-

241 312 404 355 αγωγίαν
421 308 523 355 ἄγειν
538 308 602 341 τοῦ
620 304 740 351 δήμου,
766 309 874 342 αὗται
897 305 937 342 δὲ
955 307 1042 351 ἡμῖν
1065 305 1084 342 ὁ
1111 310 1250 350 ίζονται
1272 308 1320 343 εἴς
1386 309 1446 342 tur
1475 308 1626 352 populo,
1657 309 1746 344 haec
1776 310 1897 344 autem
1928 318 1950 344 a
1979 309 2084 345 nobis
2111 309 2389 346 determinantur
2417 310 2457 346 in

240 366 280 387 τε
305 351 548 398 ἱπποδρομίαν
579 351 626 385 εἵς
655 365 695 386 τε
723 353 788 387 τὰς
810 353 887 387 τῶν
910 353 1056 399 θηρίων
1111 357 1169 388 εἀς
1197 366 1238 388 τε
1258 356 1319 388 καὶ
1355 356 1374 388 5
1388 352 1607 389 circensibus
1629 356 1665 389 et
1687 353 1882 389 bestiarum
1905 354 2121 399 spectaculis
2144 359 2180 390 et
2197 355 2372 401 thymelae
2394 354 2456 391 de-

241 395 437 443 ἀναιρέσεις
472 400 531 431 καὶ
563 396 627 431 τὰς
658 398 719 432 ἐπὶ
747 399 811 441 τῆς
842 399 972 441 σκηνῆς
1001 411 1043 432 τε
1072 402 1133 432 καὶ
1163 398 1320 444 θυμέλης
1386 397 1592 440 lectatione,
1627 399 1725 434 nullo
1755 399 1882 434 horum
1913 402 2034 435 noster
2063 399 2262 445 privabitur
2290 400 2456 446 populus.

240 441 486 486 ἡδυπαθείας,
517 438 663 476 οὐδενὸς
694 442 838 477 τούτων
869 440 889 476 o‘
922 440 1089 489 ἡμέτερος
1119 440 1318 489 οἷποστερη-
1388 441 1457 477 Sed
1487 443 1554 478 erit
1583 443 1723 488 quidem
1752 444 1784 479 ei
1815 453 2006 490 processus
2036 444 2171 490 primus
2207 454 2276 490 quo
2308 445 2404 481 susci
2429 444 2459 480 it

240 488 398 531 θήσεται
418 486 535 532 δῆμος.
581 483 662 520 ἀλλ’
682 488 783 521 ἔσται
800 489 868 532 μὲν
889 486 987 531 αὐτῷ
1010 486 1163 535 πρόοδος
1181 486 1202 532 ἡ
1221 502 1317 535 πρω-
1388 488 1612 523 consulatum
1654 492 1690 525 et
1723 489 1828 525 huius
1864 489 2023 535 possidet
2059 489 2257 533 codicillos,
2294 489 2402 525 kalen
2440 499 2459 525 s

239 538 343 575 τιστη
361 531 452 566 καθ’
472 529 518 575 ἣν
542 531 795 578 παραλήψεται
818 532 887 576 τὴν
904 529 1083 568 ὑπατείαν
1106 538 1165 568 καὶ
1189 534 1320 577 ταύτης
1387 533 1573 569 ianuariis.
1621 533 1707 570 Post
1728 534 1829 570 illum
1852 544 1935 570 vero
1955 534 2150 570 secundum
2172 535 2245 580 agit
2267 537 2456 580 spectacu-

240 576 405 620 κτήσεται
437 577 483 611 τὰ
514 576 695 621 σύμβολα,
733 576 927 612 καλάνδαις
948 575 1187 625 Ἰανουαρίαις.
1233 578 1315 624 μετ’
1335 581 1374 614 10
1386 577 1458 613 lum
1471 578 1681 614 certantium
1693 589 1874 625 equorum,
1889 590 1995 625 quam
2006 589 2172 625 mappam
2185 593 2336 612 nnn·
2351 579 2460 616 semel

240 624 378 665 ἐκείνην
402 620 442 656 δὲ
460 620 629 667 δευτέραν
653 621 732 664 ἄξει
752 623 848 657 θέαν
870 623 939 666 τὴν
957 625 1034 658 τῶν
1049 621 1319 669 ἆμιλλητηρίων
1387 622 1639 668 exhibendum3
1674 627 1710 659 et
1758 628 1816 661 ost
1837 625 1925 661 illud
1955 625 2051 670 quod
2079 625 2210 661 dicitur
2238 625 2349 661 tofina
2375 623 2458 668 diei,

239 668 375 709 ἵππων,
412 664 458 710 ἣν
490 665 533 710 δὴ
564 666 723 711 μάππαν
755 667 1068 715 προςαγορεύουσι,
1103 673 1164 703 καὶ
1193 673 1319 715 τρίτην
1387 668 1449 703 ubi
1480 671 1517 703 et
1546 669 1658 704 multa
1692 669 1736 705 de
1749 669 1925 706 eetatione
1961 670 2151 716 complebit
2183 671 2356 716 populum
2389 669 2459 706 hoc

238 712 307 755 τὴν
341 713 407 766 τοῦ
444 711 663 791 καέἕυμένου
691 713 1025 772 ’θεατροκὶυνηγιζοψ
1064 711 1105 748 οὗ
1141 712 1203 770 δὶςἱ
1227 711 1318 767 ἄλλα
1388 712 1484 759 quod
1498 718 1651 767 vocatur
1666 724 1871 760 pancarpon
1887 715 2027 768 [Latine
2042 715 2459 768 silvaJconspectumnet

239 757 2019 850 aaut&sustentasseta‘ganan22²:15101322p23⁸22⁸11325332aaas&
2043 759 2457 851 satanam

239 815 366 890 πλήσει
390 849 459 882 τὸν
476 846 591 892 δῆμον
613 848 656 882 τό
682 861 721 883 τε
736 847 958 894 καλούμενον
981 847 1198 895 πάγκαρπον
1221 850 1318 884 θειό-
1387 849 1456 884 ciet
1479 859 1682 894 processum
1707 850 1767 894 qui
1789 850 1836 885 ad
1855 850 2034 885 theatrum
2056 851 2171 893 ducit,
2197 860 2303 896 quem
2325 859 2458 896 pomae

238 893 982 982 iiissiuss‘iifflss‘i‘iai⁹ss⁹ssii⁶⁰ff35v⁶2
1001 891 1319 974 Ξῖῗῗώῗουῖακῖἕ
1386 894 1808 984 ἔῗῦιῗιῗὼεῗῑῖἰῑεῂοιῗὲῗῑῗ
1830 894 2459 977 ἶῗίὲ“1ἑέἳ“αῗωῗὲᾞῗὲἒιέῑέ“εοθῗιίὲ

239 983 363 1028 θηρία.
408 986 468 1017 καὶ
490 974 659 1028 πέμπτην
671 953 722 1030 1γῖ
744 953 887 1028 ποιήσέι
910 953 1072 1030 πζόοδον
1093 953 1250 1029 ’ρτΐὶνμεὲπὶ
1273 985 1316 1019 τὸ
1387 984 1567 1020 auditibus
1607 988 1769 1030 apertum
1797 967 1861 1021 ’est
1897 951 2085 1021 tli‘eatrum.
2140 985 2280 1022 Rursus
2317 985 2380 1030 qui
2403 994 2459 1020 em

239 1028 400 1072 θέατρον
427 1026 599 1076 ἄγουσαν,
630 1026 677 1072 ἢν
698 1027 742 1073 δὴ
762 1030 899 1076 πόρνας
921 1029 1103 1073 καλοῦσιν,
1127 1030 1224 1065 ἔνθα
1247 1032 1319 1064 τοῖς
1331 1032 1374 1064 20
1387 1030 1630 1074 spectaculum
1659 1040 1832 1075 equorum
1856 1031 2068 1066 certantium
2091 1029 2165 1066 edit
2194 1039 2259 1067 seu
2281 1039 2374 1076 qnae
2395 1039 2458 1066 vo·

239 1075 300 1108 ἐπὶ
332 1075 463 1116 σκηνῆς
496 1072 747 1120 γελωτοποιοῖς
781 1078 884 1110 ἔσται
918 1074 1018 1121 χώρα
1049 1073 1249 1122 τραγῳδοῖς
1279 1088 1319 1109 τε
1388 1079 1490 1110 catur
1520 1085 1666 1120 mappa,
1701 1078 1840 1111 sextum
1869 1085 1978 1120 agens
2008 1075 2104 1111 hunc
2133 1078 2356 1112 conventum.
2401 1074 2460 1110 Ex

238 1121 297 1152 καὶ
321 1121 392 1153 τοῖς
421 1120 482 1154 ἐπὶ
509 1120 571 1162 τῆς
594 1118 752 1163 θυμέλης
774 1123 905 1167 χοροῖς,
938 1119 1102 1164 θεάμασι
1121 1134 1162 1155 τε
1185 1132 1319 1156 παντο·
1386 1120 1456 1156 hoc
1479 1120 1626 1166 deponit
1647 1120 1811 1157 annalem
1839 1120 1936 1156 hunc
1959 1121 2148 1165 honorem,
2178 1120 2217 1157 in
2239 1119 2460 1166 depositione

239 1161 366 1198 δαποῖς
389 1167 449 1198 καὶ
474 1161 696 1208 ἀκούσμασιν
726 1161 958 1212 ἀνεῳγμένον
978 1167 1055 1200 ἐστὶ
1078 1165 1122 1200 τὸ
1147 1166 1317 1212 θέατρον.
1387 1175 1494 1210 agens
1526 1166 1730 1201 sollemnem
1753 1165 1953 1202 editionem.
1999 1165 2050 1201 Et
2070 1166 2123 1201 ita
2144 1168 2281 1212 septem
2301 1165 2460 1202 noctium

239 1207 351 1244 πάλιν
364 1206 405 1243 δὲ
417 1209 514 1243 θέαν
526 1210 652 1244 ἵππων
664 1206 933 1256 ἁμιλλητηρίοον
947 1209 1143 1246 ἐπιτελέσει
1155 1210 1235 1254 ἦτοι
1251 1210 1319 1254 τὴν
1387 1215 1423 1246 et
1440 1221 1672 1255 processuum
1697 1211 1933 1256 complebitur
1957 1221 2083 1247 cursus
2106 1211 2239 1246 nullam
2260 1210 2460 1256 specierum

238 1253 459 1297 καλουμένην
482 1253 649 1298 μάππαν,
681 1256 788 1299 ἕκτην
814 1255 918 1302 ἄγων
941 1253 1078 1299 ταύτην
1108 1255 1317 1302 πανήγυριν.
1332 1257 1375 1291 25
1387 1256 1581 1301 antiquitus
1606 1259 1820 1292 statutarum
1844 1256 2102 1302 derelinquens.
2150 1256 2266 1292 Unam
2288 1255 2460 1302 siquidem

239 1299 317 1333 εἶτα
347 1300 523 1334 ἐντεῦθεν
554 1297 806 1343 καταθήσεται
837 1301 905 1344 τὴν
929 1303 1152 1335 ἐνιαυσιαίαν
1181 1299 1319 1343 ταύτην
1387 1301 1493 1336 aliam
1524 1301 1727 1337 adinvenire
1759 1311 1924 1346 mappam
1955 1302 2096 1346 duoque
2125 1301 2333 1338 continuare
2368 1310 2460 1346 quae

238 1344 347 1388 τιμὴν
378 1344 447 1388 τὴν
477 1347 539 1379 ἐπὶ
565 1347 628 1389 τῆς
659 1345 874 1389 καλουμένης
905 1343 1119 1381 ἀποθέσεως
1147 1346 1240 1380 κατὰ
1274 1345 1317 1380 τὸ
1386 1350 1560 1382 vocantur
1579 1347 1757 1382 theatrum
1775 1347 2094 1392 amphitheatrum,
2118 1349 2156 1382 et
2173 1356 2246 1382 non
2265 1346 2376 1392 priori
2394 1346 2458 1382 ho-

238 1390 518 1434 συνειθισμένον
552 1389 654 1435 ἄγων
690 1390 900 1438 πανήγυριν.
947 1394 1008 1425 καὶ
1037 1388 1151 1426 οὕτως
1185 1389 1205 1425 ὁ
1242 1391 1319 1425 τῶν
1386 1402 1463 1427 rum
1487 1395 1671 1428 contentos
1695 1401 1790 1434 esse,
1821 1392 1941 1437 palam
1965 1395 2020 1428 eet
2043 1392 2127 1437 quia
2149 1391 2238 1427 nihil
2259 1391 2342 1428 novi
2363 1390 2460 1427 ultra

238 1434 332 1470 ἑπτὰ
354 1437 497 1470 νυκτῶν
517 1449 557 1470 τε
572 1438 632 1470 καὶ
648 1433 821 1481 προόδων
844 1435 1165 1480 ἐπιτελεσθήσεται
1189 1434 1318 1482 δρόμος
1385 1436 1423 1472 id
1454 1437 1546 1482 quod
1580 1436 1679 1481 prius
1717 1437 1834 1482 agitur
1866 1437 1986 1473 habet.
2034 1436 2207 1472 Sufficere
2240 1436 2362 1482 itaque
2392 1436 2460 1472 rite

238 1477 322 1514 οὐδὲ
354 1483 394 1515 ἓν
425 1479 624 1522 εἶδος,τῶν
648 1481 687 1522 ἐξ
716 1478 824 1527 ἀρχῆς
851 1481 1109 1526 νομισθέντων
1139 1480 1317 1527 παραλιμ-
1330 1483 1372 1517 30
1385 1491 1495 1518 causa
1516 1482 1714 1528 putabitur,
1745 1485 1783 1518 et
1806 1482 1965 1528 Singulae
1987 1482 2119 1519 dantur
2142 1482 2239 1518 clare
2268 1484 2306 1518 et
2326 1491 2399 1518 11011
2419 1481 2459 1518 in

239 1524 380 1560 πάνοον.
416 1526 459 1560 τὸ
476 1526 546 1572 γὰρ
561 1529 649 1570 μίαν
669 1529 736 1569 μὲν
752 1526 865 1570 ἄλλην
880 1530 1188 1573 προςεφευρίσκειν
1204 1525 1317 1572 (μάπ-
2459 1554 2461 1559 «

237 1570 341 1616 παν>,
366 1569 430 1605 δύο
455 1569 495 1605 δὲ
518 1571 717 1607 συνάπτειν
740 1572 786 1606 τὰ
809 1571 1010 1616 καλούμενα
1035 1572 1260 1618 θεατροκυνη
1283 1574 1316 1605 ε’-

238 1627 310 1658 σια,
330 1612 422 1650 ἀλλὰ
438 1617 487 1660 μὴ
503 1617 557 1659 τῷ
575 1620 738 1662 προτέρῳ
754 1617 898 1652 τούτων
914 1615 1117 1664 ἀρκεῖσθαι,
1132 1615 1250 1662 πρόδη
1294 1630 1317 1651 ν

238 1658 286 1695 ὦς
302 1658 408 1695 οὐδὲν
423 1666 659 1708 καινοπρεπές
679 1675 717 1696 τι
732 1662 821 1710 πρὸς
835 1661 877 1698 τὸ
895 1661 1074 1709 πρότερον
1089 1664 1169 1705 ἔχει.
1213 1673 1316 1708 προς-

237 1708 335 1751 κορὲς
357 1708 423 1750 μὲν
446 1709 512 1741 οὐν
530 1706 677 1741 εἰκότως
699 1706 744 1742 ἂν
767 1707 809 1742 τὸ
829 1708 979 1754 πρᾶγμα
999 1707 1204 1752 νομισθείη,
1228 1704 1312 1742 ἀλλ’
1328 1709 1370 1743 35

237 1753 391 1786 ἕκαστον
425 1754 492 1795 μὲν
527 1751 822 1796 ἐπιδειχθήσεται
858 1753 1047 1797 λαμπρῶς,
1083 1749 1124 1786 οὗ
1159 1753 1232 1796 μὴν
1267 1753 1316 1787 εἰς

237 1829 345 1865 etiam
364 1841 486 1876 poena
517 1829 641 1876 aliqua
671 1830 885 1867 conveniens
915 1831 1112 1877 irroqetur.
1159 1829 1414 1866 Processiones
1437 1832 1556 1865 autem
1577 1839 1702 1865 eorum
1731 1833 1866 1876 septem
1888 1840 1966 1866 esse
1997 1840 2120 1866 omnes
2141 1830 2316 1867 volumus.
2364 1829 2459 1868 Nam

236 1875 269 1910 si
291 1874 360 1910 hoc
381 1875 517 1910 idcirco
541 1876 788 1921 excoqitatum
811 1880 884 1918 est,
916 1881 957 1911 ut
978 1876 1187 1922 spectacula
1216 1875 1266 1911 ad
1288 1874 1424 1922 populi
1446 1874 1665 1920 voluptatem
1688 1874 1788 1918 edat,
1819 1886 1864 1911 ea
1886 1878 2003 1912 autem
2030 1886 2054 1911 a
2077 1876 2182 1912 nobis
2211 1875 2261 1911 ad
2283 1875 2460 1913 circensia

236 1924 272 1955 et
294 1920 344 1955 ad
367 1920 560 1956 bestiarum
582 1921 790 1967 spectacula
813 1921 1010 1967 caedesque
1036 1925 1071 1968 et
1092 1922 1278 1957 scaenicas
1300 1926 1410 1966 atque
1434 1918 1643 1966 thymelicas
1667 1919 1925 1956 oblectationes
1947 1919 2176 1967 rediguntur,
2206 1919 2308 1957 nullo
2331 1920 2459 1957 horum

231 1965 394 2012 populus
417 1970 540 2001 noster
590 1965 776 2002 rivabitur.
824 1965 899 2002 Sed
927 1968 997 2002 erit
1025 1966 1083 2002 illi
1109 1966 1231 2013 prima
1255 1966 1458 2013 processio,
1488 1975 1560 2011 quo
1584 1964 1643 2000 die
1665 1964 1892 2002 consulatum
1921 1966 2094 2012 suscipiet
2122 1970 2159 2002 et
2180 1965 2359 2002 codicillis
2380 1967 2460 2003 eius

234 2011 407 2056 potietur,
438 2010 543 2046 kalen
571 2011 603 2046 is
626 2009 825 2046 Ianuariis.
873 2010 963 2047 Post
990 2011 1090 2047 illam
1119 2015 1238 2047 autem
1267 2010 1463 2047 secundum
1493 2009 1574 2046 edet
1603 2009 1848 2057 spectaculum
1879 2021 2055 2063 equorum
2085 2011 2316 2054 certantium,
2347 2022 2457 2058 quam

236 2055 379 2101 quidem
407 2067 491 2103 map
521 2067 579 2091 am
609 2056 814 2103 appellant,
846 2060 882 2092 et
911 2056 1053 2092 tertium
1086 2056 1186 2103 quod
1209 2060 1361 2092 vocatur
1393 2054 1751 2102 theatrolcyneqium‚
1782 2066 1855 2091 non
1879 2056 1933 2092 bis
1961 2055 2026 2092 sed
2053 2055 2162 2092 semel
2186 2056 2460 2103 peraqenduvm

236 2106 346 2147 atque
363 2105 455 2148 post
476 2101 570 2136 ilud
589 2101 866 2138 monhemerium
890 2101 989 2148 quod
1006 2101 1152 2144 dicitur,
1176 2101 1240 2137 ubi
1257 2101 1437 2148 populum
1459 2100 1572 2135 multa
1595 2100 1783 2147 voluptate
1804 2100 1967 2147 implebit
1986 2111 2216 2148 pancarpum
2239 2101 2340 2148 quod
2353 2111 2459 2138 voca-

238 2150 297 2181 tur
319 2150 538 2192 spectantem
561 2151 691 2182 etcum
709 2146 830 2182 bestiis
848 2151 1059 2193 puqnantes
1081 2146 1241 2182 homines
1263 2151 1300 2182 et
1322 2146 1478 2182 audacia
1501 2145 1661 2192 insiqnes
1684 2155 1729 2180 ac
1748 2144 1902 2192 denique
1922 2146 2054 2182 bestias
2077 2146 2301 2192 interfectas.
2347 2144 2458 2190 Quin-

237 2194 309 2227 tam
333 2202 475 2237 quoque
495 2192 612 2237 faciet
628 2192 900 2239 processionem
925 2203 1018 2238 quae
1042 2191 1091 2227 ad
1114 2191 1292 2227 theatrum
1315 2191 1437 2234 ducat,
1462 2201 1554 2236 quas
1566 2201 1715 2243 pornas
1737 2195 1879 2233 vocant,
1904 2190 1968 2227 ubi
1987 2191 2025 2226 in
2043 2201 2177 2227 scaena
2198 2191 2336 2227 scurris
2357 2191 2460 2228 locus

235 2237 305 2272 erit
328 2241 363 2272 et
388 2236 572 2283 traqoedis
594 2243 630 2273 et
654 2236 851 2283 thymelicis
874 2236 996 2273 choris
1028 2240 1136 2283 atque
1167 2236 1354 2272 oculorum
1375 2235 1592 2283 spectaculis
1622 2235 1734 2271 variis
1763 2236 1978 2283 auriumque
2002 2235 2269 2273 oblectamentis
2294 2240 2460 2284 apertum

236 2285 289 2317 est
313 2281 501 2318 theatrum.
549 2280 629 2316 Iam
652 2293 781 2317 rursus
803 2293 822 2317 s
849 2282 1047 2319 ectaculum
1078 2293 1252 2328 equorum
1275 2281 1490 2317 certantium
1519 2280 1703 2317 exhibebit
1731 2291 1826 2327 quae
1847 2292 1983 2328 mappa
2013 2285 2176 2324 vocatur,
2203 2286 2348 2318 sextum
2370 2281 2459 2319 cele-

236 2327 407 2368 braturus
430 2327 522 2362 diem
546 2327 760 2363 sollemnem.
819 2329 821 2331 ’
843 2327 946 2363 einde
970 2338 1128 2363 annuum
1151 2328 1258 2363 istum
1281 2326 1454 2362 honorem
1478 2322 1633 2373 deponet
1652 2326 1789 2372 festum
1813 2325 1904 2362 diem
1924 2337 1997 2373 pro
2025 2326 2250 2374 depositione
2306 2337 2376 2364 uae
2397 2337 2459 2364 vo-
2528 2331 2530 2338 '

235 2377 342 2408 catur
372 2383 472 2408 more
501 2372 607 2408 solito
639 2376 797 2409 acturus.
845 2375 964 2419 Atque
998 2373 1051 2408 ita
1086 2376 1220 2418 septem
1255 2374 1414 2408 noctium
1449 2375 1484 2407 et
1512 2371 1791 2418 processionum
1822 2381 1951 2407 cursus
1978 2376 2178 2425 peraqetur
2209 2371 2310 2408 nula
2339 2372 2460 2420 specie

234 2428 359 2453 earum
382 2429 476 2464 quae
499 2418 544 2453 ab
567 2418 671 2453 initio
694 2422 861 2465 receptae
892 2422 979 2454 sunt
1006 2418 1275 2464 praetermissa.
1323 2417 1418 2453 Nam
1448 2416 1559 2452 aliam
1586 2419 1778 2463 praeterea
1801 2427 1970 2464 mappam
1998 2417 2187 2453 instituere
2215 2420 2251 2452 et
2280 2417 2352 2454 duo
2374 2427 2459 2453 com

237 2463 378 2498 tinuare
412 2462 715 2509 theatrokyneqia
756 2474 849 2509 quae
880 2469 1056 2499 vocantur
1090 2473 1135 2498 ac
1166 2473 1239 2498 non
1260 2463 1386 2509 priori
1415 2472 1540 2497 eorum
1569 2464 1773 2497 contentum
1802 2472 1894 2504 esse,
1928 2461 1968 2497 id
1998 2460 2141 2508 quidem
2176 2465 2336 2515 apparet
2368 2461 2462 2499 nihil

235 2508 319 2543 novi
340 2513 489 2555 praeter
512 2519 555 2544 ea
579 2519 673 2554 quae
692 2509 799 2554 prius
823 2514 907 2544 acta
930 2513 1016 2543 sunt
1038 2507 1178 2543 habere.
1226 2509 1344 2553 Atque
1367 2506 1509 2542 abunde
1531 2507 1704 2552 sufficere
1734 2517 1794 2542 res
1817 2507 1944 2542 merito
1964 2506 2176 2554 putabitur,
2204 2507 2350 2554 sinqula
2373 2517 2458 2544 vcro

296 2599 316 2631 2
340 2593 526 2641 προόδους]
557 2597 683 2630 reditus
709 2599 743 2639 (i.
769 2611 794 2631 e.
819 2595 1022 2643 προςόδους)
1046 2610 1066 2634 ς
1095 2598 1107 2641 11
1134 2596 1229 2631 ἑπτὰ
1253 2597 1315 2631 τὰς
1381 2600 1439 2630 tur
1464 2597 1516 2631 Τι’
1539 2599 1646 2640 agunt
1669 2596 1732 2641 Ru
1758 2598 1799 2631 10
1822 2606 1921 2639 quam
1945 2596 2050 2630 om.R
2065 2595 2078 2640 11
2094 2606 2213 2640 mappa
2238 2597 2271 2631 T
2296 2607 2460 2642 mampmn

236 2641 366 2683 πάσας]
387 2642 582 2675 imminutos
604 2653 717 2676 omnes
742 2655 761 2679 ς
786 2644 798 2687 11
826 2646 847 2677 4
869 2643 932 2677 τοῦ
958 2640 1083 2687 δήμου]
1107 2642 1175 2676 τὸν
1199 2640 1315 2687 δῆμον
1390 2641 1469 2676 VR²
1494 2641 1507 2686 11
1538 2643 1656 2676 hiatum
1675 2655 1738 2676 non
1759 2643 1904 2676 indicant
1920 2642 2007 2684 libri,
2030 2642 2136 2686 suppl.
2147 2643 2225 2686 fere
2247 2651 2347 2685 quam
2365 2653 2459 2687 map-

239 2688 442 2729 Haloander,
463 2689 551 2731 quod
561 2690 682 2731 probat
696 2688 893 2730 Zachariae,
917 2688 1042 2731 populo
1061 2699 1081 2724 ς
1095 2686 1108 2730 11
1135 2689 1155 2722 6
1174 2684 1315 2733 ἇναιρέ-
1381 2698 1457 2731 pam
1487 2687 1690 2732 (appellant,
1720 2689 1752 2720 et
1775 2687 1912 2721 tertium
1939 2686 2028 2729 quod
2059 2689 2195 2721 vocatur
2224 2687 2459 2732 theatrokyne·

236 2742 307 2765 σεις
322 2751 367 2756 —
382 2744 423 2766 τε
438 2734 498 2765 καὶ
522 2745 580 2766 om.
595 2745 614 2769 ς
632 2732 645 2776 ΙΙ
664 2735 703 2767 10
718 2733 1011 2778 ἱαννουαρίαιςΜ
1025 2734 1037 2777 11
1059 2734 1100 2767 13
1116 2732 1314 2779 θεατροκυ-
1381 2733 1491 2774 gium,
1525 2743 1591 2766 non
1616 2732 1667 2766 bis
1690 2731 1763 2776 sed)
1793 2731 1893 2766 semel
1916 2731 2137 2765 exhibendum
2166 2732 2179 2776 11
2208 2733 2251 2767 12
2274 2732 2333 2766 ubi
2360 2733 2458 2767 Oeen-
2502 2739 2510 2762 ἐ

236 2779 360 2823 νηγίου
369 2778 557 2811 Zachariae
570 2779 624 2821 (cf
636 2779 694 2816 32;
712 2778 802 2820 Iul.)]
822 2774 980 2823 θεάτρου
993 2790 1081 2820 κυνη
1106 2779 1212 2811 ίουΜ
1225 2776 1315 2811 θεά-
1384 2779 1538 2822 briiyqen]
1563 2780 1602 2810 ut
1627 2779 1703 2812 libri
1726 2778 1739 2820 ss
1763 2780 1796 2810 et
1819 2778 1907 2819 RV]
1931 2790 1990 2811 om.
2006 2777 2040 2811 T
2063 2776 2076 2821 11
2102 2776 2352 2811 delectationem
2374 2777 2425 2812 R²
2477 2801 2485 2813 ι

236 2835 321 2865 τρου
335 2824 382 2864 (in
396 2824 506 2865 litura)
518 2825 691 2868 κυνηγίαν
704 2823 735 2856 L
751 2824 762 2865 ΙΙ
784 2826 825 2857 14
836 2826 897 2856 καὶ
908 2825 973 2864 [ις]
997 2790 1107 2857 σπαίῦ
1121 2822 1126 2866 Ι
1155 2826 1194 2857 15
1205 2823 1314 2865 ἔνθα]
1382 2822 1562 2866 complebis
1584 2823 1636 2856 V¹
1660 2822 1824 2866 complebi
1846 2822 2026 2865 complebit
2052 2821 2132 2867 T¹11
2158 2823 2198 2857 13
2221 2833 2406 2866 pancarpor
2506 2862 2508 2867 ,

236 2867 295 2901 ubi
312 2870 344 2900 et
360 2879 380 2904 ς
396 2867 409 2911 11
430 2869 468 2901 18
481 2865 598 2910 τόλμα
611 2868 642 2901 L
661 2867 673 2911 11
692 2870 732 2902 19
749 2868 826 2913 *γε]
843 2880 883 2902 τε
901 2870 976 2902 libri
991 2868 1004 2910 11
1022 2869 1060 2902 21
1075 2880 1115 2913 γε
1181 2870 1316 2902 οποιοῖς
1381 2878 1548 2910 pancarpo
1570 2868 1604 2901 T
1613 2866 1626 2912 ΙΙ
1653 2868 1780 2901 lantine
1803 2868 1862 2906 Τις
1888 2869 1978 2901 aneis
1994 2868 2119 2902 inclusa
2135 2869 2196 2902 del.
2212 2869 2298 2913 vulq-
2316 2868 2329 2912 11
2351 2868 2456 2902 *0011-

237 2913 279 2955 L,
298 2910 555 2959 γελωτοποιεῖν
569 2913 615 2946 Μ
631 2912 849 2946 ridiculorum
869 2916 903 2953 (i.
915 2927 941 2946 e.
954 2910 1212 2958 γελωτοποιῶν
1219 2913 1248 2955 *2)
1270 2925 1290 2950 ς
1304 2914 1317 2957 11
1382 2915 1495 2957 specta
1509 2914 1595 2954 libri,
1609 2914 1671 2946 del.
1684 2914 1771 2957 ναῖς.
1788 2912 1801 2957 11
1822 2915 1864 2948 14
1880 2914 1923 2954 et]
1943 2914 1983 2946 ut
2004 2911 2060 2956 Vll
2081 2913 2121 2947 16
2134 2913 2204 2955 qui]
2221 2913 2311 2955 quod
2322 2912 2430 2948 RVT
2444 2910 2460 2959 Ι
2503 2922 2506 2926 ’

237 2960 279 2992 22
291 2971 332 2992 τε
345 2959 532 2992 Zachariae
545 2971 583 2991 ex
596 2960 626 2999 ς]
667 2969 684 2990 e
697 2958 768 2991 ML
785 2958 797 3001 11
816 2960 858 2992 24
875 2955 925 2999 δὲ]
951 2958 1083 3000 quidem
1103 2959 1138 2998 (i.
1155 2972 1179 2992 e.
1193 2961 1246 3003 γε)
1263 2970 1283 2995 ς
1304 2959 1316 3000 11
1381 2959 1513 3000 pernas]
1538 2957 1662 2991 aborna
1684 2957 1754 2991 ΒΤ
1782 2957 1864 2992 abba
1885 2958 1919 2991 V
1935 2959 2097 3000 (apomas,
2121 2968 2293 3000 apocr-nas,
2316 2962 2475 3002 aprunus
2491 3002 2495 3003 ⁷

236 3001 440 3038 ἐπιτελέσαι
463 3003 495 3036 L
519 3002 532 3046 11
555 3004 596 3037 25
622 2970 729 3045 ἕζτην
753 3000 855 3048 ἄγων
878 3001 1015 3045 ταύτην
1035 2999 1237 3049 πανήγυριν
1250 3004 1314 3045 Le]
1381 3005 1449 3036 sim.
1464 3003 1591 3036 Iuliani
1604 3003 1710 3044 codd.)
1728 3001 1741 3047 11
1759 3005 1798 3037 17
1814 3003 1850 3035 in
1868 3015 1926 3036 om.
1942 3002 1998 3046 Vll
2014 3012 2112 3035 scena
2133 3003 2232 3047 vala]
2257 3013 2366 3036 scema
2381 3004 2416 3045 (i.
2429 3015 2456 3039 a.

236 3062 294 3083 om.
321 3051 354 3083 in
378 3050 468 3082 hiatu
493 3049 513 3082 8
528 3050 605 3092 fere
630 3049 687 3081 litt.
711 3049 757 3081 M
782 3052 795 3091 11
827 3050 870 3082 26
893 3047 971 3082 εἶτα
995 3061 1052 3081 om.
1067 3060 1087 3084 ς
1109 3047 1122 3092 ΙΙ
1148 3047 1228 3090 τὴν]
1252 3048 1315 3091 τῆς
1381 3048 1523 3090 schema)
1548 3047 1646 3091 libri!
1667 3047 1808 3089 tragidis
1827 3048 1859 3080 V
1877 3047 2015 3080 traicdis
2032 3047 2066 3081 T
2078 3047 2090 3090 ΙΙ
2114 3048 2156 3082 18
2179 3047 2364 3081 themelicis
2386 3046 2483 3092 RVs

236 3096 266 3127 L
286 3095 298 3138 11
315 3095 357 3127 27
374 3094 436 3136 τῆς
452 3090 669 3137 καλουμένης
685 3106 742 3126 om.
757 3105 775 3129 ς
791 3094 803 3138 11
823 3095 863 3127 27
873 3107 921 3136 sq.
935 3091 1027 3126 κατὰ
1041 3092 1085 3126 τὸ
1102 3112 1142 3117 -
1156 3091 1314 3139 πανήγυ-
1381 3092 1575 3125 tbemedicis
1593 3092 1626 3125 T
1685 3093 1790 3125 thoris
1816 3092 1848 3126 T
1864 3091 1877 3136 11
1906 3093 2016 3133 atque]
2040 3093 2165 3134 autqne
2185 3092 2269 3126 VT*
2291 3095 2351 3127 aut
2372 3101 2463 3138 qm

235 3141 306 3185 ριν]
338 3150 439 3181 agens
469 3138 662 3172 sollemnem
692 3138 870 3171 editionem
894 3150 914 3175 ς
943 3138 955 3183 11
982 3140 1021 3172 31
1050 3136 1210 3181 μάππαν
1233 3151 1272 3172 ea.-
1295 3150 1316 3175 e
1382 3136 1467 3171 RT⁶
1486 3137 1557 3182 1119
1581 3137 1752 3170 auditibus
1773 3137 1820 3178 V]
1843 3147 1863 3169 a
1885 3136 2054 3169 iudicibus
2068 3136 2158 3170 RT’
2187 3138 2353 3171 iudicibus
2373 3136 2426 3172 2⁷²
2441 3135 2466 3184 Ι

231 3193 307 3228 post
326 3182 438 3227 ἄλλην
462 3185 593 3218 addidit
615 3183 808 3227 Serimyeru
836 3185 878 3218 32
902 3182 1233 3228 θεατροκυνηγέσια
1254 3183 1313 3225 Μ]
1381 3182 1527 3224 quidem]
1552 3181 1641 3224 quod
1655 3181 1704 3215 Β*
1722 3181 1793 3226 1120
1815 3192 1974 3223 equorum
1995 3182 2202 3215 cantantium
2222 3182 2272 3217 V¹
2296 3190 2462 3226 equorum-

235 3227 525 3275 θεατροκυνήγια
548 3229 580 3263 L
606 3228 619 3274 11
649 3230 692 3263 34
715 3241 752 3262 τι
777 3229 835 3270 Μ]
859 3227 902 3262 τὸ
929 3230 959 3262 L
982 3228 994 3272 11
1026 3228 1098 3269 ἔχοι
1122 3240 1258 3272 προσκο
1282 3228 1315 3261 ἐς
1380 3226 1588 3260 cantantium
1604 3226 1654 3260 Β2
1676 3227 1881 3260 cantantium
1898 3236 2058 3269 equorum
2070 3227 2120 3260 Β*
2137 3227 2150 3271 11
2167 3227 2236 3261 edit
2252 3229 2351 3274 vala]
2373 3225 2467 3262 editi.

235 3276 320 3317 (52⁰⁴
340 3286 434 3321 προσ
457 3288 495 3309 ‘³²
516 3274 689 3321 γίνεσθαι
712 3276 808 3316 ’307Υᾶ
832 3275 863 3307 L
882 3273 895 3318 l!
911 3275 953 3308 35
973 3272 1134 3315 νθμῑσθῆ
1153 3274 1184 3306 L
1201 3273 1213 3316 ΙΙ
1230 3269 1253 3305 o'c
1276 3269 1311 3305 Γ
1380 3284 1457 3317 RV
1474 3283 1572 3316 editis
1587 3282 1643 3325 ΤΙΙ
1661 3285 1825 3317 uocantur
1839 3283 1873 3316 T
1885 3283 1898 3325 ΙΙ
1913 3283 1952 3317 21
1970 3293 2100 3327 mampa
2121 3282 2176 3328 Vn
2195 3283 2296 3327 hunc]
2318 3278 2359 3318 l'st
2379 3285 2415 3328 (i.
2425 3291 2462 3319 a·
2500 3282 2504 3314 .'

234 3322 388 3355 ἕκαστον
409 3321 478 3364 μὲν
497 3317 804 3362 ἐπιδειχθήσεται]
829 3322 862 3352 et
883 3318 1035 3361 singulae
1059 3318 1181 3351 dantur
1205 3330 1224 3354 ς
1379 3339 1491 3381 habet)
1512 3339 1545 3373 V
1565 3338 1578 3383 11
1607 3340 1651 3374 22
1675 3340 1776 3380 hunc]
1799 3338 1879 3372 hinc
1905 3339 1936 3372 T
1960 3333 2000 3372 th
2020 3339 2054 3372 V
2115 3338 2332 3382 dispositione
2354 3338 2427 3375 BT
2459 3339 2463 3348 ¹
2500 3374 2515 3381 „

237 3392 1307 3401 *Μ
1381 3386 1423 3419 23
1448 3385 1687 3427 septenoctium
1709 3383 1759 3418 1'2
1805 3385 1849 3419 24
1867 3394 1993 3427 sperem
2009 3383 2059 3417 Β*
2106 3385 2148 3418 25
2171 3387 2372 3418 staturarum
2387 3382 2424 3418 R

289 3436 305 3468 1
330 3433 480 3466 redditus
501 3433 579 3466 libri
593 3430 607 3476 11
623 3432 682 3464 aut
701 3430 758 3474 Vfl
775 3440 888 3464 eorum
912 3442 971 3463 om.
990 3428 1083 3474 7112
1108 3440 1220 3463 omnes
1245 3440 1312 3463 esse
1380 3429 1613 3471 derelinquens
1637 3431 1737 3474 vala]
1795 3429 1967 3471 elinquens
1991 3429 2105 3463 RVT
2129 3430 2140 3472 ΙΙ
2173 3430 2215 3464 26
2239 3429 2294 3464 mi
2464 3444 2468 3450 *

236 3479 374 3522 Tvuly]
400 3489 466 3511 esse
489 3487 603 3511 omnes
624 3477 661 3519 V,
690 3486 803 3509 omnes
827 3489 884 3509 om.
904 3475 936 3508 R
958 3474 971 3518 11
1000 3476 1080 3508 haec
1104 3475 1138 3508 R
1165 3474 1178 3520 11
1208 3476 1228 3509 3
1251 3485 1312 3507 uo·
1380 3485 1541 3516 mampam
1566 3474 1615 3507 R²
1644 3474 1656 3519 11
1686 3475 1728 3508 27
1753 3475 1917 3508 theatrum
1942 3473 2213 3517 anphitheatrum
2237 3474 2272 3509 V
2325 3475 2453 3508 antrum

235 3523 270 3556 lu
297 3528 395 3556 tatem
413 3524 553 3567 Rvul9.]
572 3521 779 3556 uoluntatem
801 3519 882 3566 VTn
894 3522 1042 3563 aguntur
1056 3520 1105 3554 T¹
1123 3519 1137 3564 11
1153 3522 1173 3555 5
1186 3522 1311 3562 specta-
1379 3520 1618 3553 antitheatrum
1638 3521 1670 3553 T
1676 3520 1688 3541 ¹
1709 3520 1876 3553 theatrum
1893 3519 1991 3561 RT2,
2022 3519 2310 3562 theatroquinegia
2331 3518 2418 3563 vulq-

234 3535 310 3602 cuia
343 3570 435 3611 libri,
467 3581 551 3602 corr.
575 3569 660 3612 vulq.
687 3567 700 3610 11
731 3565 874 3600 themale
903 3565 959 3608 (al.
984 3565 1108 3599 theatri
1138 3579 1164 3599 s.
1189 3578 1217 3599 υ.
1246 3564 1311 3607 1⁷³)
1378 3565 1483 3607 priori
1500 3566 1619 3598 horum
1631 3565 1745 3607 R²T¹J
1767 3565 1917 3608 priorum
1932 3563 2099 3608 R¹VT211
2119 3564 2160 3598 28
2181 3567 2308 3598 contem
2333 3561 2430 3598 toeT

236 3615 327 3655 libri,
351 3613 510 3657 thymeles
533 3613 619 3656 vulq.
646 3612 659 3656 11
682 3615 700 3646 7
726 3612 791 3646 erit
814 3612 903 3654 quod
926 3610 972 3643 R*
1003 3610 1135 3652 quidem
1161 3610 1224 3644 erit
1251 3611 1282 3643 T
1299 3609 1312 3656 11
1380 3612 1440 3651 est]
1458 3612 1491 3643 ct
1512 3610 1570 3651 1⁷¹,
1590 3623 1647 3644 om.
1663 3611 1694 3644 R
1717 3638 1719 3646 Α
1741 3610 1827 3643 nihil
1845 3610 1924 3652 quia
1946 3610 1991 3642 V¹
2012 3609 2083 3652 1129
2099 3609 2229 3643 sufficet
2249 3610 2301 3643 V·
2346 3609 2389 3643 30
2403 3607 2438 3642 et

235 3662 311 3700 quo]
334 3660 422 3701 quod
450 3658 513 3702 ΤΙ
537 3658 707 3700 *suscepit
730 3659 807 3692 libri
825 3659 838 3702 11
863 3659 883 3692 8
908 3655 1065 3690 kalendas
1084 3656 1133 3689 R¹
1155 3656 1168 3700 11
1194 3658 1215 3690 9
1238 3656 1310 3698 agi-
1378 3656 1433 3688 sed
1462 3656 1693 3700 Osenbriiyyen
1716 3653 1721 3674 l
1740 3655 1841 3689 clarei
1854 3655 1901 3688 R¹
1918 3656 1932 3699 Ι
1949 3656 1993 3697 et]
2017 3655 2117 3687 etiam
2138 3653 2187 3688 V³
