2476 3854
133 105 464 139 commanus
1196 86 1283 136 775
2054 87 2133 131 Ed.
2154 88 2217 131 IX
2247 91 2356 131 5—7

130 205 240 239 τοῦτο
270 201 390 240 αὐτοῖς
419 202 687 250 θεραπεύοντες
708 203 947 247 θεσπίζομεν,
970 203 1032 239 ἐπὶ
1053 202 1133 237 τῶν
1154 204 1233 237 ταῖς
1254 198 1442 245 ἀληθείαις
1469 198 1796 257 άργυροπρατικιῦν
1818 197 2133 245 συναλλαγμάτων
2154 199 2234 234 τῶν
2255 201 2357 245 μέχρι

131 247 178 292 τή
206 263 291 295 ερον
319 250 567 296 πραχθέντων
593 247 722 284 ἄδειαν
752 245 872 283 αὐτοῖς
901 247 1010 291 εἶναι,
1041 250 1103 282 καὶ
1127 247 1160 281 εἰ
1189 246 1335 289 τύχοιεν
1363 244 1467 281 τόκοι
1491 247 1583 291 υπὶρ
1610 248 1654 280 τὸ
1685 243 1880 280 διπλάσιον
1903 245 1964 279 ἐπὶ
1987 242 2125 278 τούτοις
2147 247 2222 278 τοῖς
2240 249 2358 289 χρεέσι

132 292 170 328 δε
194 298 328 339 ομένοι,
358 294 579 329 atmodum
608 291 738 329 αὐτούς
765 294 812 328 τὰ
846 291 1064 339 ὀφειλόμενα
1085 290 1177 335 μετὰ
1199 293 1264 327 τοῦ
1282 290 1484 337 ὠρισμένου
1506 291 1627 334 τόκου,
1650 286 1714 324 ούκ
1737 287 2048 336 ἀναγκαζομένους
2070 286 2356 336 ὑπολογίζεσθαι

131 338 215 374 οὔτε
243 340 292 375 εἰς
320 329 540 375 τόκονῖοῦτε
570 339 619 373 εἰς
648 336 799 384 άρχαῖον
827 337 971 384 ὄφλημα
1003 338 1048 372 τὰ
1079 335 1149 380 ἤδη
1180 338 1273 381 ὑπέρ
1303 336 1348 371 τὸ
1378 334 1574 382 κεφάλαιον
1604 333 1922 390 καταβεβλημένα·
1952 337 2014 368 καὶ
2043 334 2093 378 μὴ
2125 332 2356 369 ἀντικεῖσθαι

132 382 252 419 αὐτοῖς
280 386 341 421 ἐπὶ
366 382 485 427 τούτῳ
516 386 576 418 καὶ
603 383 706 428 μόνῳ
735 383 806 438 την
828 383 1006 428 ἡμετέραν
1028 380 1198 423 διάταξιν
1219 381 1288 425 τὴν
1309 382 1374 416 τοῦ
1399 379 1641 423 διπλασίονος,
1665 378 1758 415 α’λλα
1780 378 1875 414 κατὰ
1897 379 1968 423 τὴν
1990 378 2102 425 φύσιν
2120 381 2200 414 τῶν
2222 381 2354 434 συμβο-
2381 382 2400 414 5

131 426 248 463 λαίων
270 430 387 464 ταῦτα
410 426 541 463 αὐτοὺς
561 425 740 469 ἀπαιτεῖν,
761 425 835 462 αλλ’
861 425 945 462 οὐδὲ
967 424 1093 462 αὐτῶν
1117 424 1354 471 ἀποχρῆσθαι
1377 424 1592 470 δυναμένων
1614 425 1706 470 πρὸς
1727 424 1812 460 τοὺς
1834 422 1902 468 ἤδη
1920 423 2214 469 συμβεβληκότας
2237 426 2357 458 αυτοῖς

130 470 284 526 τῇ“παρ’
310 471 430 530 ἡμιῷν,
437 473 587 528 τεθείσῃ
611 471 784 514 διατάξει,
808 469 893 507 οὐδὲ
909 470 1124 517 δυναμένων
1143 470 1355 516 λογίζεσθαι
1370 470 1454 506 τοὺς
1468 469 1534 516 ἤδη
1549 469 1882 516 καταβεβλημένους
1897 469 2024 504 τόκους
2039 466 2063 514 ἢ
2078 471 2127 505 εἰς
2141 470 2185 504 τὸ
2199 466 2356 504 διπλοῦν

131 530 197 552 που
219 531 329 553 τοκου
351 532 374 562 η
398 529 446 553 εις
468 531 510 553 το
531 531 682 563 ‹19an
704 516 862 564 oaeplnptoe.
1116 560 1274 597 CAPUT
1296 559 1359 597 VI.

261 627 408 673 Ἐπειδὴ
435 627 475 663 δὲ
503 628 805 683 συνεχωρήσαμεν
834 633 942 675 χωρὶς
973 627 1127 665 ἐνόπλου
1158 630 1347 673 στρατείας
1376 630 1450 662 τοῖς
1480 623 1636 674 ἀργύρου
1667 629 1847 673 τραπέζης
1876 628 2105 672 προεστῶσιν
2134 628 2195 664 ἐπὶ
2225 625 2358 671 ταύτης

131 675 195 718 τῆς
223 671 434 719 εὗδαίμονος
463 673 602 709 πόλεως
623 686 688 709 τας
711 673 820 709 ἄλλας
841 676 962 709 πάσας
982 676 1143 719 μετιέναι
1162 676 1361 719 στρατείας,
1391 672 1470 707 εῖτα
1493 674 1622 706 ἐκεῖνοι
1646 670 1870 716 δανείσματα
1894 670 2094 717 πράξαντες
2116 671 2141 716 ἢ
2158 676 2219 707 καὶ
2239 671 2354 718 πράτ·
2382 676 2422 710 10

131 726 254 754 «mes
283 719 393 753 τόκον
423 720 664 764 ἐπηρώτησαν
692 718 762 754 τὸν
793 721 831 754 ἐκ
859 718 1021 765 διμοίρου
1050 721 1193 765 μέρους,
1228 716 1358 752 ὁποῖον
1392 721 1465 752 τοῖς
1497 714 1784 764 άργυροπράταις
1807 717 2001 763 ἐφήκαμεν,
2025 717 2063 752 οἱ
2086 715 2127 751 δὲ
2150 715 2357 773 ἀγνώμονες

131 765 251 799 ταῦτα
280 762 405 800 πάντα
434 762 662 799 άντιτιθεῖεν
694 762 814 799 αὗτοῖς
843 764 909 799 τὰς
931 767 1120 808 στρατείας
1142 764 1314 818 urmes,
1337 762 1525 808 προςήκειν
1549 760 1678 797 αὐτοὺς
1700 761 1742 797 οὗ
1764 761 1834 797 τόν
1857 761 2147 818 ἆργυροπράταις
2169 762 2262 797 αλλὰ
2287 763 2356 797 τὸν

68 840 78 847 ,
131 811 426 863 στρατευομένοις
448 812 636 854 πρέποντα
657 808 768 844 τόκον
789 810 1019 865 κομίζεσθαι,
1049 807 1188 852 ταύτην
1212 808 1335 842 αυτῶν
1356 808 1427 851 τὴν
1449 806 1580 854 ἄλογον
1602 810 1663 841 καὶ
1687 806 2016 863 άγνωμονεστατην
2039 808 2241 851 αντίθησιν
2263 820 2356 843 παν·

131 855 154 890 1
197 853 308 889 τελως
335 853 519 897 σχολάζειν
550 854 775 899 θεσπίζομεν
804 858 865 889 καὶ
888 868 935 889 τα
964 855 1281 900 συμπεφωνημένα
1311 852 1335 896 ἢ
1364 855 1425 886 καὶ
1454 853 1745 898 συμφωνούμενα
1774 867 1795 887 κ
1819 855 1930 888 ατεῖν.
1975 851 2067 887 Αλλ’
2092 849 2177 887 ούδὲ
2194 853 2357 909 (ἐκεῖνοὶ

131 897 219 942 ἡμῖν
249 896 402 944 άρέσκει,
434 902 518 944 περὶ
548 901 627 934 τῶν
657 897 983 947 ἆργυροπρατικῶν
1007 897 1318 945 συναλλαγμάτων
1348 898 1463 932 αἰτεῖν
1494 908 1596 932 τινας
1625 895 1649 940 ἢ
1679 866 1867 933 παντελῶς
1895 897 1946 941 μὴ
1967 895 2111 932 διδόναι
2134 898 2311 944 κεφάλαια
2333 912 2355 941 η
2383 901 2423 935 15

131 942 260 979 τόκους
281 941 304 988 ἢ
326 943 371 979 τὸ
395 944 450 979 ἔτι
471 943 616 979 τούτων
637 948 757 991 χεῖρον
777 943 888 992 λόγῳ,
911 942 1001 980 α’ίςτε
1023 947 1191 989 νομίμων
1212 941 1336 978 τόκων
1359 940 1563 987 διδομένων
1592 942 1640 976 εἰς
1661 942 1706 977 τὸ
1727 942 1878 988 ἀρχαῖον
1901 942 2133 987 λογίζεσθαι·
2165 946 2225 978 καὶ
2248 944 2356 978 τοῦτο

129 987 201 1034 γὰρ
223 990 284 1025 ἐπὶ
306 989 385 1025 τῶν
407 987 717 1035 συναλλαγμάτων
739 990 818 1025 τῶν
840 990 932 1037 πρὸς
954 987 1227 1037 ἇργυροπράτας
1247 990 1454 1035 γενομένων
1476 983 1498 1031 ἢ
1521 990 1724 1034 γινομένων
1746 991 1891 1034 κρατεῖν
1912 987 2125 1032 βουλόμεθα

1117 1077 1275 1115 CAPUT
1298 1077 1377 1114 vn.

258 1142 327 1180 ’Ἐν
349 1143 390 1180 δὲ
413 1143 457 1189 δὴ
481 1148 541 1180 καὶ
564 1147 674 1180 τοῦτο
700 1146 778 1181 τῶν
800 1146 1025 1191 αἰτουμένων
1048 1145 1126 1181 ἐστὶ
1149 1143 1235 1191 παρ’
1261 1142 1397 1189 αὐτῶν,
1421 1141 1549 1191 ὅτιπερ
1573 1141 1743 1179 πολλάκις
1765 1145 1860 1179 τινὲς
1881 1145 1962 1179 τῶν
1987 1141 2214 1180 ὕπευθύνων
2236 1142 2358 1179 αὐτοῖς

133 1190 396 1234 καθεστώτων,
427 1191 504 1226 εἶτα
535 1191 675 1246 ἑτέρους
702 1194 842 1235 ἔχοντες
870 1189 1111 1233 ὑπευθύνους,
1142 1188 1206 1233 οὔχ
1235 1190 1382 1225 ἑαυτοὺς
1407 1190 1551 1224 ἐκεῖθεν
1583 1188 1793 1235 πληροῦσιν,
1822 1187 1914 1224 ἀλλὰ
1939 1202 1968 1225 π
2018 1190 2255 1233 ασκευάζουσι
2278 1192 2357 1224 ταῖς

134 1232 259 1270 αὑτῶν
283 1238 456 1293 γαμεταῖς
485 1247 667 1292 προφασει
699 1236 846 1282 προικὸς
874 1233 899 1280 ἢ
929 1238 1175 1283 παραφέρνων
1206 1234 1229 1279 ἢ
1259 1236 1376 1283 χρεῶν
1411 1233 1529 1278 δῆθεν
1552 1233 1676 1269 ἄλλων
1699 1235 1807 1269 τοῦτο
1830 1237 1974 1279 καταβά
2037 1249 2074 1270 ιν
2097 1239 2158 1270 καὶ
2181 1233 2357 1270 διαλύσεις
2380 1241 2424 1274 20

133 1277 218 1323 παρ’
253 1283 376 1315 αυτῶν
406 1281 517 1328 ἤγουν
548 1279 747 1322 αποδείξεις
774 1281 1008 1326 κομίζεσθαι,
1038 1285 1189 1316 ἑκείνων
1221 1279 1260 1315 δὲ
1282 1282 1331 1315 εἰς
1352 1279 1557 1315 ἐλάττωσιν
1580 1278 1775 1314 ἐλθόντων
1797 1277 1819 1322 ἢ
1842 1281 2047 1325 ἐρχομένων
2069 1278 2094 1324 ἢ
2113 1283 2173 1315 καὶ
2195 1279 2357 1323 τελευτη-

134 1323 284 1360 σάντων
305 1323 328 1368 ἢ
350 1329 411 1360 καὶ
432 1326 525 1369 μετὰ
547 1327 665 1361 ταῦτα
687 1325 954 1369 τελευτώντων,
976 1326 1054 1361 εἶτα
1079 1324 1202 1360 αὐτῶν
1224 1325 1456 1370 βουλομένων
1478 1324 1522 1359 τὸ
1547 1328 1645 1370 χρέος
1660 1321 1803 1369 ἆυτολαμ
1831 1322 1936 1360 άνειν
1951 1327 2071 1369 τοῦτο,
2091 1327 2170 1361 τῶν
2184 1326 2357 1373 γαμετῶν

134 1371 254 1404 ἐκεῖνα
282 1372 350 1415 μὲν
374 1368 583 1413 λεληθότως
611 1374 865 1416 κομισαμένων
891 1367 914 1415 ἢ
937 1374 998 1405 καὶ
1026 1369 1119 1416 μετὰ
1152 1372 1269 1405 ταῦτα
1299 1372 1557 1415 κομιζομένων,
1592 1368 1770 1415 ὁλόκληρα
1822 1371 1840 1403 ἐ
1867 1367 2131 1405 άντιτιθιισῶν
2162 1369 2284 1405 αὐτοῖς
2307 1370 2355 1405 τὰ

135 1411 338 1460 ὀφλήματα,
368 1412 458 1450 «firm
488 1416 665 1450 ἐντεῦθεν
695 1414 815 1451 αὐτοῖς
845 1414 1057 1451 διαπίπτειν
1088 1415 1134 1450 τὰ
1164 1417 1229 1459 τῆς
1259 1413 1410 1451 ἐλπίδος.
1458 1418 1519 1450 καὶ
1548 1413 1699 1462 ᾔτησαν,
1731 1414 1768 1448 εἴ
1794 1428 1831 1449 τι
1861 1417 2029 1451 τοιοῦτον
2053 1419 2202 1463 γέγονεν
2220 1413 2244 1459 ἢ
2266 1413 2358 1460 μετὰ

133 1460 252 1494 ταῦτα
275 1459 324 1494 ὥς
353 1459 448 1495 εἰκός
477 1460 680 1505 γενήσεται,
709 1459 872 1508 ἀνάγκην
903 1463 999 1504 ἔχειν
1020 1461 1103 1496 τοὺς
1120 1459 1187 1495 τὰς
1209 1459 1387 1496 διαλύσεις
1409 1460 1507 1506 παρὰ
1530 1461 1608 1495 τῶν
1629 1460 1814 1508 γυναικῶν
1834 1462 2087 1506 κομιζομένους
2108 1460 2131 1504 ἢ
2153 1460 2219 1496 τὰς
2241 1459 2356 1495 άπαλ-
2380 1467 2423 1500 25

134 1502 244 1551 λαγιὶς
264 1501 287 1548 ἢ
305 1505 343 1540 εἴ
358 1518 396 1540 τι
419 1505 642 1550 συμβόλαιον
662 1508 809 1553 γέγονεν
831 1504 856 1550 ἢ
872 1503 1064 1552 γενήσεται
1086 1502 1188 1549 ὅλως,
1210 1507 1319 1540 τοῦτο
1340 1507 1574 1551 προκομίζειν
1591 1519 1608 1537 ε
1625 1519 1643 1537 ε
1659 1519 1677 1537 ε
1695 1508 1756 1539 καὶ
1779 1503 2016 1552 κληρονόμων
2039 1503 2165 1541 αὐτῶν
2187 1506 2237 1541 εἰς
2259 1504 2357 1552 ἔλεγ-

134 1562 199 1605 χον
227 1550 306 1585 τῶν
334 1553 551 1594 γενομένων,
581 1547 672 1586 οἷςτε
694 1550 744 1596 μὴ
767 1551 832 1586 τὰς
852 1553 921 1596 μέν
941 1551 1098 1598 γαμετὰς
1116 1554 1176 1585 καὶ
1197 1551 1248 1596 μὴ
1271 1548 1505 1597 ὀφειλομένας
1526 1549 1664 1594 λαβεῖν,
1698 1553 1782 1593 [καί]
1807 1549 1938 1586 αὐτοὺς
1960 1549 2001 1585 δέ
2021 1554 2083 1585 καὶ
2106 1549 2358 1597 ὀφειλομένους

135 1595 444 1639 αποστερηθῆναι.
491 1596 728 1640 θεσπίζομεν,
758 1596 796 1630 εἴ
819 1610 858 1631 τι
887 1597 1032 1631 τοιοῦτο
1061 1598 1209 1642 γέγονεν
1239 1594 1265 1639 ἢ
1285 1596 1484 1642 γενήσεται,
1508 1594 1581 1631 «imi
1691 1597 1761 1640 μὲν
1783 1596 1879 1638 ἔχειν
1902 1593 2032 1631 αὐτοὺς
2054 1598 2287 1642 προκομίζειν
2310 1595 2357 1630 τὰ

135 1638 358 1684 συμβόλαια,
387 1639 526 1685 βλάβης
553 1644 681 1685 μέντοι
710 1640 829 1685 πάσης
857 1654 910 1684 χω
934 1644 974 1684 ίς,
1004 1643 1066 1675 καὶ
1095 1639 1138 1675 ού
1169 1639 1383 1685 δυναμένων
1413 1638 1539 1675 αὐτῶν
1637 1641 1701 1683 τῆς
1723 1639 1943 1685 προκομιδῆς
1964 1639 2138 1686 οὐδεμίαν
2160 1642 2358 1686 ὑπομένειν

135 1686 265 1728 ζημίαν
288 1685 519 1730 (μεμνήμεθα
560 1686 607 1732 ἂρ
630 1687 693 1730 τῆς
715 1683 884 1731 ἡμετέρας
901 1655 1108 1727 ἕιατάξεως,
1131 1682 1224 1732 ἥπερ
1244 1685 1309 1721 τὰς
1331 1683 1605 1733 ἧναγκασμένας
1626 1687 1704 1720 τῶν
1728 1684 1987 1730 δικαιωμάτων
2009 1684 2231 1731 προκομιδὰς
2245 1685 2355 1731 άβλα-
2379 1691 2423 1726 30

133 1732 208 1773 βεῖς
228 1728 398 1774 βούλεται
418 1734 520 1777 γίνεσ
552 1745 590 1765 αι
611 1733 686 1766 τοῖς
708 1733 1014 1779 προκομίζουσιν),
1037 1728 1114 1765 ἀλλ’
1135 1732 1287 1766 ἐκείνους
1308 1733 1377 1776 μὲν
1404 1731 1452 1765 τὰ
1474 1729 1680 1775 συμβόλαια
1698 1732 1930 1776 προκομίζειν
1943 1734 2004 1765 καὶ
2020 1729 2129 1766 αὖθις
2143 1730 2355 1776 ἀναλαμβά-

134 1786 223 1818 νειν,
254 1775 287 1809 εἰ
318 1773 361 1810 δέ
391 1789 477 1811 τινα
512 1776 689 1811 ἐντεῦθεν
722 1775 852 1820 ὄνησιν
883 1778 978 1820 ἔχειν
1010 1773 1204 1820 δυνηθεῖεν
1236 1775 1274 1811 οἱ
1310 1775 1380 1820 τὴν
1410 1774 1636 1822 προκομιδὴν
1666 1772 1937 1823 ἀναγκάσαντες
1965 1777 2142 1824 γενέσθαι
2172 1777 2263 1823 πρὸς
2291 1775 2357 1811 τὰς

133 1942 312 1988 nolumus,
342 1941 442 1989 quod
469 1952 554 1978 vero
581 1942 791 1990 praecessit,
820 1943 910 1989 quia
931 1953 1007 1979 non
1029 1942 1101 1978 iam
1125 1942 1238 1978 ullam
1261 1942 1407 1979 omnino
1426 1943 1557 1989 recipit
1578 1942 1794 1986 machinam,
1817 1942 1886 1978 boc
1908 1943 2000 1990 ipsis
2021 1942 2252 1979 emendantes
2272 1953 2357 1979 san-

135 1987 259 2030 cimus,
289 1991 331 2023 ut
358 1987 397 2022 in
429 1987 523 2023 veris
544 1987 788 2023 contractibus
810 1988 1105 2034 arqentariorum
1128 1987 1180 2023 ad
1200 1987 1297 2023 hunc
1318 1987 1412 2023 diem
1432 1988 1549 2034 s'actzt's¹
1567 1987 1734 2033 facultas
1755 1988 1803 2022 iis
1823 1988 1884 2029 sit,
1919 1988 2061 2023 etiamsi
2083 1998 2218 2024 usurae
2239 1998 2356 2034 supra

134 2031 283 2078 duplum
311 2042 384 2078 pro
415 2031 472 2067 lais
501 2031 628 2068 debitis
657 2031 766 2067 datae
787 2032 872 2075 sint,
899 2031 1076 2079 exiqendi
1096 2031 1215 2068 debita
1238 2043 1318 2068 cum
1341 2032 1548 2068 constitutis
1569 2032 1702 2074 usuris,
1722 2043 1797 2067 non
1820 2034 1957 2068 coactis
1978 2033 2160 2079 imputare
2181 2043 2297 2078 neque
2319 2033 2357 2067 in

134 2087 267 2112 usuras
289 2087 404 2123 neque
425 2076 464 2111 in
487 2077 676 2123 antiquum
692 2076 861 2119 debitum,
883 2088 978 2123 quae
995 2087 1110 2124 supra
1131 2080 1266 2113 sortem
1289 2077 1360 2113 iam
1383 2076 1505 2113 soluta
1522 2080 1620 2120 sunt,
1642 2081 1679 2112 et
1702 2077 1740 2111 in
1762 2077 1831 2112 hoc
1852 2077 1933 2112 solo
1957 2077 2010 2113 eis
2032 2081 2161 2113 nostra
2183 2076 2229 2113 de
2243 2076 2356 2124 duplo

135 2121 347 2158 constitutio
370 2132 444 2156 non
466 2120 590 2164 obstet,
613 2120 679 2157 sed
694 2120 890 2157 secundum
913 2125 1163 2157 contractuum
1186 2125 1353 2157 naturam
1376 2132 1420 2158 ea
1442 2122 1620 2167 caeiqant;
1640 2121 1705 2157 sed
1726 2122 1779 2156 ita
1800 2125 1840 2156 ut
1863 2132 1909 2158 ne
1930 2122 2006 2168 ipsi
2022 2121 2165 2167 quidem
2182 2122 2357 2158 adversus

135 2176 209 2208 eos,
238 2166 303 2213 qui
332 2176 413 2202 cum
443 2165 459 2200 i
483 2166 535 2201 sis
556 2166 628 2202 iam
651 2170 927 2208 contraxerunt,
953 2170 1081 2202 nostra
1104 2166 1361 2202 constitutione
1382 2166 1591 2209 abutantur,
1614 2176 1731 2212 neque
1751 2166 1933 2212 imputare
1948 2167 2099 2213 possint
2119 2166 2260 2202 solutas
2281 2166 2355 2202 iam

135 2221 268 2247 usuras
289 2216 354 2247 aut
376 2211 415 2246 in
463 2210 587 2263 uplum
610 2220 803 2246 usurarum
826 2215 892 2246 aut
913 2211 952 2246 in
974 2211 1163 2257 antiquum
1186 2211 1353 2247 debitum.

135 2294 140 2297 ,
267 2255 330 2292 vl.
375 2254 555 2299 Quomam
584 2265 670 2291 vero
696 2255 927 2301 permisimus
956 2256 1190 2302 arqentariae
1214 2266 1358 2292 mensae
1385 2253 1608 2302 praepositis
1637 2254 1676 2290 in
1698 2253 1768 2291 hac
1787 2254 1899 2301 felice
1921 2253 2010 2291 urbe
2032 2258 2189 2302 excepta
2211 2258 2356 2291 armata

134 2300 264 2337 militia
295 2311 419 2337 omnes
448 2300 544 2336 alias
572 2300 721 2335 militias
749 2310 893 2346 qerere,
925 2299 1054 2336 deinde
1084 2299 1156 2345 illi,
1190 2311 1270 2336 cum
1299 2305 1460 2336 mutuum
1490 2299 1667 2336 dederunt
1694 2304 1760 2335 aut
1788 2300 1897 2336 etiam
1929 2299 2034 2343 dant,
2063 2299 2181 2336 besses
2211 2309 2355 2341 usuras,

135 2349 294 2392 quantas
323 2345 546 2392 arqentariis
574 2345 831 2388 concessimus,
859 2344 1029 2391 stipulati
1055 2349 1158 2387 sunt,
1188 2344 1347 2391 improbi
1375 2349 1495 2381 autem
1526 2348 1715 2391 opponunt
1737 2345 1827 2391 ipsis
1847 2344 2008 2389 militias,
2025 2345 2184 2382 dicentes
2194 2355 2350 2392 aequum

134 2401 212 2426 esse
237 2401 301 2426 eos
330 2401 405 2426 non
435 2390 674 2436 arqentariis,
704 2389 770 2424 sed
798 2389 1036 2426 militantibus
1067 2390 1317 2426 convenientes
1346 2399 1479 2426 usuras
1509 2400 1652 2435 capere,
1679 2388 1775 2425 banc
1793 2400 1919 2426 eorum
1941 2389 2136 2425 absurdam
2158 2394 2195 2425 et
2216 2391 2352 2436 impro-

135 2434 316 2471 bissimam
341 2434 572 2471 obiectionem
605 2434 751 2470 omnino
780 2434 963 2480 quiescere
985 2434 1146 2470 iubemus
1167 2438 1203 2470 et
1225 2445 1320 2480 quae
1339 2438 1449 2482 pacto
1470 2434 1702 2470 convenerint
1725 2437 1789 2470 aut
1811 2434 1918 2470 etiam
1942 2435 2158 2470 conveniant
2179 2434 2350 2470 obtinere.

135 2482 159 2517 1
205 2478 279 2515 Sed
308 2490 354 2515 ne
381 2479 474 2515 illud
503 2478 646 2525 quidem
673 2478 776 2515 nobis
795 2478 928 2525 placet,
959 2479 1060 2525 quod
1081 2479 1126 2515 de
1149 2479 1440 2525 arqentariorum
1463 2478 1708 2514 contractibus
1730 2479 1898 2514 nonnulli
1916 2478 2119 2524 postulant,
2142 2482 2185 2514 ut
2207 2480 2352 2515 omnino

134 2535 210 2560 non
237 2524 325 2560 dent
353 2528 419 2560 aut
447 2529 565 2559 sortes
594 2526 658 2559 aut
687 2534 831 2565 usuras,
862 2523 927 2565 vel,
959 2523 1059 2570 quod
1086 2523 1155 2559 lzoc
1183 2524 1290 2559 etiam
1315 2525 1426 2570 peius
1455 2527 1526 2566 est,
1556 2527 1598 2559 ut
1629 2534 1723 2569 quae
1745 2524 1926 2570 leqitimae
1947 2533 2081 2558 usurae
2103 2523 2239 2560 daretur
2259 2524 2354 2559 sorti

135 2570 364 2616 imputentur.
396 2568 491 2604 Nam
514 2567 583 2604 hoc
605 2578 750 2614 quoque
773 2569 810 2603 in
826 2568 1084 2610 contractibus,
1108 2568 1172 2614 qui
1185 2579 1265 2604 cum
1283 2568 1505 2614 arqentariis
1519 2567 1603 2603 initi
1615 2573 1702 2603 stent
1717 2573 1783 2604 aut
1796 2569 1977 2610 ineuntur,
2003 2568 2163 2604 obtinere
2177 2568 2350 2604 volumus.

267 2613 349 2650 vn.
401 2611 514 2649 Unum
545 2623 629 2649 vero
659 2613 767 2648 etiam
796 2611 867 2648 hoc
896 2623 947 2649 ex
968 2623 1091 2649 eorum
1108 2614 1237 2659 petitis
1257 2617 1324 2655 est,
1347 2613 1447 2659 quod
1465 2623 1576 2659 saepe
1598 2613 1716 2658 aliqui
1738 2623 1873 2655 eorum,
1896 2613 1961 2659 qui
1984 2613 2073 2659 ipsis
2099 2613 2252 2649 obnoxii
2268 2617 2354 2649 sunt

135 2658 299 2704 aliosque
342 2668 471 2693 rursus
503 2657 683 2694 obnoxios
718 2657 868 2698 liabent,
901 2668 976 2693 non
1009 2658 1081 2694 sibi
1112 2658 1196 2693 inde
1233 2657 1485 2704 satisfaciunt,
1527 2657 1593 2693 sed
1624 2658 1809 2703 efficiunt,
1848 2662 1890 2693 ut
1923 2658 2000 2693 suis
2035 2657 2215 2693 uxoribus
2240 2669 2352 2705 prae-

136 2707 240 2739 textu
271 2702 368 2739 dotis
398 2702 455 2738 vel
481 2702 800 2749 paraphernorum
828 2701 885 2738 vel
914 2701 1070 2738 aliorum
1096 2702 1296 2738 debitorum
1322 2702 1391 2738 ltoc
1412 2702 1556 2738 solvant
1577 2706 1614 2738 et
1634 2703 1680 2738 ab
1704 2703 1749 2738 iis
1770 2701 1934 2748 apochas
1954 2702 2029 2738 sice
2051 2702 2246 2739 solutionis
2261 2714 2353 2749 pro-

136 2748 297 2784 bationes
325 2747 530 2793 accipiant,·
560 2756 640 2781 cum
671 2752 791 2783 autem
820 2746 878 2782 illi
898 2747 948 2782 ad
969 2747 1131 2794 inopiam
1154 2745 1362 2783 devenerint
1383 2751 1448 2782 aut
1471 2747 1662 2783 deveniant
1682 2747 1739 2783 vel
1759 2748 1868 2782 etiam
1887 2747 2024 2783 mortui
2041 2748 2116 2784 sint
2138 2751 2202 2783 aut
2221 2753 2353 2794 postca

135 2793 350 2834 moriantur,
373 2791 515 2838 ipsique
537 2791 692 2827 debitum
716 2791 786 2826 hoc
807 2802 1025 2838 recuperare
1047 2791 1168 2834 velint,
1191 2792 1382 2834 uxoribus,
1405 2792 1488 2828 licet
1510 2792 1576 2827 illa
1591 2792 1681 2827 clam
1696 2793 1902 2838 acceperint
1917 2796 1982 2828 aut
1995 2797 2122 2836 postea
2137 2798 2355 2840 accepturae

134 2838 218 2879 sint,
246 2838 389 2882 inteqra
421 2841 539 2872 tamen
568 2836 659 2883 ipsis
687 2836 807 2872 debita
838 2836 1110 2882 opponentibus,
1140 2842 1180 2871 ut
1209 2836 1293 2872 inde
1318 2836 1332 2871 i
1356 2847 1479 2872 sorum
1510 2847 1595 2888 spes
1626 2836 1802 2872 concidat.
1850 2836 1900 2872 Et
1914 2838 2110 2883 petIerunt,
2135 2842 2187 2880 ut,
2209 2839 2245 2873 si
2265 2836 2355 2884 quid

135 2880 309 2917 eiusmodi
336 2881 478 2926 factum
508 2880 558 2916 sit
587 2884 652 2916 aut
678 2880 834 2927 posthac
860 2883 964 2926 sorte
989 2881 1069 2926 fiat,
1101 2891 1242 2917 necesse
1272 2880 1319 2916 ha
1342 2885 1437 2923 eant,
1468 2893 1531 2928 qui
1561 2881 1724 2928 apochas
1754 2893 1778 2917 a
1809 2881 2019 2917 mulieribus
2047 2883 2254 2928 acceperint
2286 2886 2351 2917 aut

135 2926 378 2968 liberationes,
407 2929 470 2961 aut
498 2926 531 2960 si
559 2925 658 2971 quod
688 2926 833 2961 omnino
864 2926 1114 2961 documentum
1143 2926 1287 2971 sactum
1316 2926 1364 2960 sit
1393 2931 1458 2962 aut
1484 2927 1564 2971 fiat,
1595 2925 1636 2961 id
1651 2927 1824 2973 proferre
1846 2926 1915 2962 sibi
1937 2931 1973 2962 et
1995 2926 2185 2962 heredibus
2206 2928 2282 2962 suis
2304 2925 2354 2961 ad

134 2970 324 3017 arquenda
345 2981 401 3012 ea,
422 2980 515 3022 quae
536 2975 641 3017 qesta
662 2975 758 3013 sunt,
781 2981 827 3006 ne
849 2981 999 3012 uxores,
1024 2970 1154 3016 quibus
1175 2970 1268 3006 nihil
1289 2970 1447 3013 debetur,
1478 2971 1671 3017 accipiant,
1696 2971 1768 3018 ipsi
1791 2982 1888 3013 vero,
1912 2971 2042 3018 quibus
2064 2971 2222 3014 debetur,
2244 2972 2351 3016 frau-

134 3015 275 3052 dentur.
321 3014 513 3051 Sancimus
535 3019 593 3057 ut,
622 3015 655 3050 si
678 3015 750 3051 tale
800 3014 862 3050 uid
889 3015 1032 3060 sactum
1062 3016 1110 3050 sit
1140 3019 1204 3050 aut
1231 3015 1318 3060 fiat,
1349 3020 1530 3062 coqantur
1559 3016 1702 3062 quidem
1730 3016 1786 3052 illi
1807 3016 2048 3052 instrumenta
2068 3016 2252 3062 proferre,
2274 3016 2353 3050 sine

133 3061 231 3097 omni
261 3065 379 3096 tamen
410 3061 554 3102 damno,
585 3063 622 3096 et
651 3064 692 3095 ut
720 3026 858 3095 nuqtum
888 3059 1114 3105 dispendium
1145 3070 1195 3095 ex
1219 3059 1430 3106 prolatione
1459 3061 1637 3096 sustinere
1657 3062 1805 3107 possint
1835 3061 2068 3102 (meminimus
2089 3061 2182 3095 enim
2205 3065 2352 3095 nostrae

135 3105 416 3147 constitutionis,
450 3115 545 3151 quae
574 3110 719 3140 coactas
749 3104 1042 3140 documentorum
1072 3103 1247 3140 editiones
1277 3105 1453 3140 innoxias
1477 3106 1755 3152 proferentibus
1784 3117 1861 3142 esse
1891 3105 1997 3149 vult),
2027 3104 2092 3140 sed
2121 3105 2177 3139 illi
2209 3104 2351 3150 quidem

135 3150 374 3186 instrumenta
387 3154 390 3155 ’
398 3150 603 3197 proferant
630 3155 666 3185 et
695 3160 824 3185 rursus
846 3150 1050 3196 recipiant;
1079 3149 1112 3184 si
1134 3160 1239 3196 quem
1261 3155 1380 3185 autem
1403 3149 1486 3186 inde
1507 3151 1671 3196 fructum
1691 3151 1882 3198 percipere
1897 3149 2055 3196 possint,
2078 3149 2143 3195 qui
2161 3148 2351 3185 editionem

182 3318 203 3351 3
233 3312 539 3360 ἀναγκαζομένων
570 3316 620 3358 Μ,
645 3329 727 3352 corr.
752 3317 854 3350 Kroll
884 3316 897 3358 Ι
928 3318 948 3351 8
977 3318 1038 3350 καὶ
1067 3317 1209 3362 μερικαὶ
1279 3312 1405 3349 αὐτῶν
1438 3311 1485 3360 ἢ)
1518 3317 1579 3349 καὶ
1610 3318 1668 3360 (cf.
1699 3318 1746 3350 ad
1774 3317 1852 3357 32);
1884 3311 2001 3348 αὐτοῖς
2030 3316 2090 3348 καὶ
2120 3314 2352 3362 κληρονόμοις

136 3362 214 3396 τῶν
236 3358 358 3394 τόκων
381 3358 580 3404 καταβολαὶ
602 3359 797 3405 φθάσασαι
816 3361 859 3395 τὸ
884 3359 1037 3396 διπλοῖν
1050 3362 1115 3395 τοῦ
1133 3363 1208 3405 χρέ-
1276 3359 1400 3395 αὐτῶν
1424 3362 1611 3395 Zachariae
1629 3361 1641 3403 fl
1658 3363 1698 3395 27
1727 3362 1786 3393 καὶ
1810 3361 1871 3393 del.
1896 3361 1996 3393 Kroll
2011 3359 2024 3403 fl
2041 3361 2083 3394 28
2107 3353 2173 3393 οἶν
2195 3363 2352 3395 excidisse

140 3416 198 3439 ους
221 3403 458 3448 σβεννύουσιν
480 3401 568 3438 ozi-rh
583 3407 661 3438 add.
680 3419 776 3439 anon.
793 3406 895 3440 Bodl.
913 3410 966 3446 (ex
981 3420 1051 3440 nov.
1074 3407 1199 3441 CXXI
1199 3416 1209 3446 j
1275 3407 1449 3440 verisimile
1468 3407 1481 3449 fl
1507 3407 1550 3440 29
1574 3402 1698 3439 αὐτῶν
1721 3406 1764 3438 M
1772 3403 1798 3445 ⁵]
1824 3400 1931 3447 αἷτῇς
1954 3404 1998 3438 Μ
2002 3407 2047 3448 “fl
2073 3406 2116 3439 3o
2140 3401 2350 3448 διατάξεως]

138 3452 150 3493 ΙΙ
169 3452 207 3485 11
232 3452 275 3493 cf.
297 3451 374 3484 cod.
387 3451 479 3490 4,32,
493 3457 529 3483 2ὓ
556 3454 604 3488 §2
621 3450 634 3493 fl
651 3449 683 3482 εἰ
705 3447 744 3483 δέ
759 3450 816 3488 Μς
835 3453 941 3486 malim
965 3450 1003 3485 οἷ
1023 3449 1064 3484 δέ
1086 3449 1206 3496 άγνω·
1281 3452 1357 3485 cod.
1375 3453 1407 3492 4,
1425 3453 1478 3490 21,
1492 3458 1528 3485 22
1546 3451 1558 3494 fl
1577 3452 1617 3484 31
1645 3446 1918 3491 ἇναλαμβάνειν
1945 3462 1984 3482 er
2010 3462 2105 3482 anon,
2119 3450 2222 3483 Bodl.
2238 3452 2350 3492 KrolI]

136 3496 340 3537 μονέστατα
363 3491 485 3540 πάντῃ
499 3494 554 3528 vel
568 3495 696 3537 aliquid
709 3496 812 3528 simile
818 3506 834 3534 ,·
855 3494 949 3529 κατὰ
965 3492 1090 3530 πάντα
1110 3498 1208 3530 Osen-
1276 3491 1559 3539 ἀντιλαμβάνειν
1583 3496 1629 3527 M
1643 3494 1655 3533 {1
1682 3496 1724 3527 32
1745 3492 1816 3526 εἴτε
1839 3493 2015 3527 ἐντεῦθεν
2038 3490 2058 3526 ὁ
2082 3491 2352 3540 α’ργυροπράτης

139 3542 280 3582 britqqen
298 3539 311 3582 ΙΙ
331 3541 371 3572 14
389 3539 503 3572 έκεῖνο
524 3539 600 3572 add.
619 3539 719 3572 Kroll
734 3539 746 3580 Ε
766 3541 804 3572 15
829 3536 972 3584 ἀρέσκοι
989 3542 1031 3574 Μ
1043 3543 1055 3583 ΙΙ
1074 3543 1117 3575 22
1135 3548 1210 3584 post
1276 3538 1462 3583 ὅφείληται
1485 3541 1561 3582 (scr.
1575 3537 1780 3584 ὠφελεῖται)
1803 3533 1826 3580 ἢ
1841 3536 1879 3571 οἱ
1892 3536 2106 3583 κληρονόμοι
2123 3536 2236 3573 αὐτοῦ
2253 3553 2350 3575 anon.

136 3585 235 3627 χρέος
257 3584 413 3617 excidisse
433 3585 525 3616 verbi
545 3584 656 3626 qratia
678 3579 848 3616 άπαιτεῖν
874 3582 939 3618 οὗκ
958 3594 1056 3628 putat
1077 3587 1209 3619 Zacha-
1277 3587 1378 3620 Bodl.

137 3630 226 3669 riaeq
239 3630 388 3673 sortasse
405 3628 570 3663 tolerabile
590 3635 637 3663 est
655 3629 869 3663 anacoluthon
884 3628 898 3675 Ι
916 3630 959 3664 26
974 3631 1083 3675 possis
1099 3627 1208 3676 <ὓπέρ
