2592 3840
349 124 455 168 Nov.
487 124 649 167 LXXX
681 125 788 166 6-8

349 235 482 276 τάξεως
512 234 715 279 ὑπόμνησιν
748 233 864 268 αὐτοῖς
895 235 1141 281 προςαγαγεῖν,
1174 235 1294 276 ζητεῖν
1324 232 1419 280 ἀκρι-

350 282 425 324 βῶς
443 281 523 315 τοὺς
541 282 656 315 ταῦτα
674 276 1003 334 πλημμελήσαντας,
1024 275 1150 312 ὁποίας
1167 276 1212 312 ἂν
1231 279 1301 313 εἶεν
1321 277 1421 320 ἀξίας

349 339 389 359 τε
413 329 471 359 καὶ
497 330 683 370 στρατείας
706 327 765 358 καὶ
789 324 838 370 υφ
881 323 1027 357 οἱανοῦν
1050 321 1186 358 τελοῖεν
1209 321 1331 372 ἀρχήν,
1362 327 1421 358 καὶ

350 372 494 425 τούτους
516 368 589 413 ἅμα
612 371 678 413 μὲν
702 368 966 423 συλλαμβάνειν
995 364 1070 411 ἅμα
1094 365 1237 423 δὲ’μιετ1
1264 367 1421 415 ἐλέγχους

1406 117 1491 167 394

2210 135 2272 168 DE
2299 135 2558 174 QUAESTORE

1488 243 1567 269 nem
1591 233 1643 269 eis
1667 233 1811 276 offerre,
1845 243 2013 279 quaerere
2037 233 2213 270 subtiliter
2241 233 2330 270 haec
2353 233 2557 281 delinquen-

1488 281 1554 322 tes,
1579 279 1833 324 cuiuscumque
1856 279 1989 314 fuerint
2012 278 2191 324 dignitatis
2213 282 2250 315 et
2265 279 2410 316 militiae
2433 285 2469 317 et
2488 280 2556 316 sub

1489 334 1560 367 quo
1596 324 1780 359 constituti
1816 324 1886 359 sint
1921 323 2073 368 cingulo,
2113 324 2245 369 eosque
2278 324 2383 360 simul
2417 325 2559 370 quidem

1490 368 1788 414 comprehendere
1820 370 1922 404 simul
1947 372 2064 404 autem
2121 371 2178 404 ost
2200 368 2427 414 probationes
2450 369 2558 405 inter-

350 418 411 449 τὰς
434 415 667 458 ηπειλημένας
690 427 781 448 κατα
803 425 883 448 τους
903 416 1089 467 ημετξρουε
1110 424 1238 468 νρμσυς
1261 414 1420 467 εῑςῃράτ-
1458 414 1642 450 5minatas
1685 414 1880 449 secundum
1921 418 2063 449 nostras
2111 423 2192 458 eges
2236 413 2376 459 exigere
2413 424 2559 459 poenas,

350 474 427 494 τειν
447 461 582 499 ποινάς,
608 457 751 493 οὐδενὸς
770 460 848 493 τῶν
865 469 1078 505 προςφορων
1099 469 1216 492 αυτοις
1235 456 1422 506 ἀρχοντων

351 503 623 540 ἀντιποιεῖσθαι
643 504 785 538 τούτων
806 502 1015 547 δυναμένου.
1051 506 1110 536 καὶ
1130 504 1236 538 τοῦτο
1253 506 1321 548 μὲν
1340 501 1420 546 ἀζη-

350 554 449 594 μίους
481 549 676 595 φυλάττειν
710 549 792 583 τοὺς
821 546 1066 593 ἠδικημένους,
1100 544 1422 593 ἀπολαμβάνοντας

351 591 442 639 ἅπερ
465 593 563 640 παρὰ
586 594 651 627 τὸν
675 593 792 648 νόμον(
811 590 1032 640 ἄπῄτηνται,
1068 594 1174 627 τοῦτο
1197 591 1238 627 δὲ
1260 592 1322 628 τὰς
1345 606 1421 628 ποι-

1491 458 1587 493 nullo
1621 459 1894 503 competentium
1925 459 1977 494 eis
2007 458 2165 494 iudicum
2195 458 2385 494 defendere
2415 469 2476 495 eos
2498 469 2559 494 va-

1490 504 1595 544 lente,
1631 506 1668 538 et
1702 509 1773 539 tam
1807 505 1949 540 illaesos
1984 513 2124 539 servare
2160 514 2220 539 eos
2257 503 2317 548 qui
2350 503 2561 540 iniustitiam

1490 548 1589 593 passi
1624 552 1724 592 sunt,
1764 550 1973 595 recipientes
2009 559 2099 594 quae
2135 552 2261 584 contra
2298 548 2411 593 legem
2445 548 2561 584 exacti

1491 597 1586 636 sunt,
1619 603 1724 638 quam
1748 604 1882 639 poenas
1906 594 2036 629 nostris
2060 593 2222 629 definitas
2247 593 2561 630 constitutionibus

351 639 412 673 νὰς
445 640 508 674 τὰς
536 639 634 684 παρὰ
665 652 743 672 των
774 642 956 693 wer-5900?
990 636 1190 692 ὡρισμένας
1224 637 1423 679 διατάξεων
1438 642 1479 674 10
1491 638 1738 683 superexigere
1769 649 1812 675 ac
1841 639 1885 675 de
1915 639 1966 675 eis
1996 639 2148 682 referre,
2183 638 2245 674 ubi
2275 637 2561 684 perspexerimus

351 687 608 731 προςαπαιτεῖν
636 687 695 717 καὶ
719 685 766 718 εἰς
796 695 884 728 ημας
903 697 949 717 τα
972 686 1055 727 περὶ
1077 684 1200 718 αυτᾰίν
1219 682 1424 730 ἀναφέρειν,

351 731 447 763 ἔνθα
471 727 517 764 ἂν
539 731 599 763 καὶ
624 727 830 773 συνίδοιμεν
850 727 1109 773 δοθησομένας.

1491 683 1639 719 dandas.

1334 818 1489 854 CAPUT
1515 818 1595 854 VII.

403 887 497 932 Πρὸς
521 887 658 922 τούτοις
688 885 728 921 δὲ
758 891 818 921 καὶ
846 884 912 921 ὅσα
942 889 1080 932 μέμψιν
1110 885 1286 931 λαμβάνει
1310 899 1424 942 παρα-

350 932 525 975 ποιησεως
549 932 627 975 ἤτοι
650 934 710 975 τῆς
733 931 948 987 καλουμένης
971 930 1266 978 πλαστογραφίας
1289 934 1328 966 ἐν
1342 945 1425 974 οιῳ-

1546 885 1661 931 Super
1690 885 1780 920 haec
1812 889 1930 921 autem
1961 895 2203 930 quaecumque
2239 886 2420 931 querelam
2449 884 2561 922 susci-

1494 931 1598 976 piunt
1619 930 1788 965 falsitatis
1819 940 1883 965 seu
1906 930 2001 975 quod
2024 934 2175 966 vocatur
2205 931 2298 967 falsa
2324 931 2504 976 scriptura
2525 930 2563 965 in

351 976 483 1020 δήποτε
503 977 698 1025 πράγματι,
721 979 837 1012 ταῦτα
856 979 1056 1020 αναζητεῖν,
1080 977 1236 1011 καὶτοὺς
1259 979 1320 1012 ἐπὶ
1342 976 1422 1011 τού·
1441 979 1479 1011 15
1518 986 1716 1020 uocumque
1740 975 1898 1019 collegio,
1923 976 2012 1010 haec
2035 976 2216 1021 requirere
2237 982 2274 1012 et
2295 976 2356 1021 qui
2374 985 2483 1021 super
2507 975 2562 1010 his

350 1034 422 1056 τοις
443 1021 804 1070 προςαγγελλομένους
825 1026 993 1064 συνέχειν,
1017 1026 1077 1056 καὶ
1096 1023 1186 1066 μετὰ
1201 1022 1343 1069 γραφὴν
1363 1025 1422 1056 καὶ

351 1066 507 1113 ἐλέγχους
537 1067 781 1116 τιμωρεῖσθαι
804 1066 968 1102 τούτους·
1004 1070 1063 1100 καὶ
1085 1067 1154 1114 γὰρ
1176 1069 1238 1110 τῆς
1260 1066 1424 1109 τοιαύτης

351 1110 553 1156 ἀκροάσεως
577 1111 724 1157 δίδομεν
749 1113 915 1153 ἐξουσίαν
938 1109 1047 1155 αὐτῷ.
1092 1113 1123 1146 εἱ
1143 1110 1185 1146 δέ
1205 1124 1258 1146 τις
1282 1114 1359 1147 τῶν
1379 1110 1424 1146 τὰ

350 1159 500 1191 τοιαῦτα
534 1155 762 1202 ἠδικημένων
797 1156 1055 1211 προςαγγείλειε
1089 1158 1205 1212 ταῦτα
1239 1159 1292 1201 τῷ
1330 1154 1420 1202 παρ’

1516 1020 1746 1056 enuntiantur
1784 1020 2081 1065 comprehendere
2120 1025 2157 1056 et
2193 1025 2276 1066 post
2312 1020 2563 1065 inscriptiones

1493 1068 1529 1101 et
1559 1066 1791 1110 probationes
1821 1065 1966 1110 punire3
1996 1065 2049 1101 sic
2073 1066 2165 1101 enim
2187 1065 2390 1102 huiusmodi
2416 1064 2563 1101 audien·

1492 1111 1563 1145 tiae
1597 1110 1720 1146 damus
1754 1114 1970 1163 potestatem
2000 1111 2043 1146 ei.
2091 1111 2129 1146 Si
2162 1121 2243 1146 vero
2281 1110 2409 1155 aliquis
2445 1109 2566 1145 taliter

1492 1157 1670 1191 laesorum
1708 1155 1836 1191 adierit
1870 1155 2071 1191 ordinatum
2109 1155 2305 1192 secundum
2342 1159 2565 1201 praesent-em

350 1201 455 1259 ἡμιῦν
471 1203 721 1257 προβληθέντι
745 1203 837 1237 κατὰ
858 1216 923 1237 τον
947 1215 1114 1256 παροντα
1142 1215 1254 1246 νομον
1278 1202 1424 1247 ἄρχοντι
1438 1204 1480 1236 20
1493 1202 1603 1245 legem
1624 1200 1777 1236 iudicem
1810 1203 1846 1236 et
1868 1211 1941 1236 non
1962 1201 2093 1236 iustam
2115 1201 2163 1236 im
2189 1200 2356 1237 straverit
2378 1199 2565 1253 providen-

350 1262 409 1280 και
440 1262 489 1292 μη
520 1246 658 1283 δικαίας
682 1247 770 1294 τύχῃ
795 1252 974 1295 προνοίας,
1006 1259 1054 1282 ως
1068 1244 1346 1294 ἀναγκασθῆναι
1364 1249 1424 1280 καὶ

352 1293 399 1326 εἷς
415 1291 504 1337 ἡμᾶς
526 1292 606 1336 ἦτοι
630 1293 698 1337 τὴν
714 1291 768 1326 ἀεὶ
791 1292 980 1337 βασιλείαν
1002 1294 1118 1327 ταῦτα
1142 1291 1423 1339 προςαγγέλλειν,

351 1338 440 1372 ἴστω
464 1341 588 1385 σαφῶς
612 1337 631 1373 ὁ
654 1338 722 1381 τὴν
745 1334 855 1385 ἀρχὴν
878 1337 1015 1381 ταύτην
1035 1337 1273 1381 παραλαβών,
1300 1335 1346 1371 ὠς
1366 1335 1423 1370 αὖ·

351 1383 410 1418 τὸς
441 1384 589 1418 οἴκοθεν
620 1382 803 1418 ἀποδώσει
834 1385 950 1417 ταῦτα
981 1384 1034 1426 τῷ
1060 1382 1152 1437 παρῖ
1176 1381 1285 1416 αὐτοῦ
1310 1382 1423 1428 ῥᾳθυ-

1493 1247 1597 1288 tiam,
1633 1250 1674 1281 ut
1705 1248 1852 1290 cogatur
1885 1246 1932 1281 ad
1962 1257 2028 1282 nos
2062 1250 2098 1281 et
2130 1256 2153 1281 a
2207 1255 2347 1291 semper
2379 1244 2567 1290 imperium

1493 1292 1582 1327 haec
1605 1291 1823 1334 denuntiare,
1855 1291 1945 1326 sciat
1968 1295 2092 1337 aperte
2146 1291 2183 1327 ui
2206 1291 2387 1336 cingulum
2409 1291 2478 1327 hoc
2501 1289 2564 1325 ad·

1494 1337 1619 1380 sumit,
1656 1336 1739 1381 quia
1772 1337 1850 1381 ipse
1885 1336 1929 1372 de
1963 1347 2027 1371 suo
2059 1337 2123 1371 red
2147 1339 2183 1372 et
2219 1346 2263 1372 ea
2294 1336 2326 1371 ei
2355 1335 2417 1381 qui
2445 1335 2493 1370 ab
2522 1344 2566 1371 eo

1494 1382 1674 1427 neglectus
1693 1385 1748 1433 est
1764 1382 1867 1424 male,
1892 1391 1984 1427 quae
2004 1381 2174 1417 decuerat
2196 1392 2276 1417 eum
2299 1391 2322 1416 a
2341 1380 2567 1425 delinquente

351 1429 508 1472 μηθ’ἐντι
531 1430 648 1463 κακῶς
678 1425 772 1473 ἅπερ
796 1429 900 1482 ἐχρῇν
926 1426 1036 1463 αὐτὸν
1060 1429 1244 1482 παραὶτοῦ
1267 1426 1423 1481 πλημμε-
1438 1429 1479 1462 25
1494 1427 1687 1471 percipere,
1711 1436 1857 1472 Insuper
1881 1431 1917 1462 et
1938 1426 2065 1462 maiori
2087 1426 2330 1472 indignatione
2357 1428 2482 1462 nostra
2503 1434 2567 1460 ex·

353 1472 524 1515 λὴσαντος
548 1473 681 1518 λαβεῖν,
706 1474 794 1518 πρὸς
816 1487 869 1517 τῳ
890 1477 950 1507 καὶ
965 1475 1126 1517 μείζονος
1150 1484 1425 1519 αγανακτησεως

352 1517 520 1564 ἡμετέρας
544 1519 746 1565 πειρᾶσθαι
779 1516 924 1552 δικαίως
955 1518 1013 1552 οἷα
1035 1518 1096 1552 τὰς
1119 1515 1288 1563 ἡμετέρας
1311 1517 1424 1552 κελευ-

352 1575 423 1598 σεις
441 1562 640 1612 ὑπερβῆναι
663 1563 915 1610 θαρρήσαντα.

1493 1472 1651 1516 perietur
1673 1472 1776 1515 iuste,
1804 1475 1928 1518 utpote
1951 1474 2094 1508 nostras
2116 1472 2292 1510 iussiones
2314 1470 2567 1508 transcendere

1493 1527 1735 1562 praesumens.

1313 1652 1470 1688 CAPUT
1501 1652 1597 1689 VIII.

398 1724 581 1767 Μέγιστον
603 1719 644 1755 δὲ
666 1722 819 1756 πάντων
847 1719 866 1755 ὁ
891 1719 999 1764 τήνδε
1026 1721 1092 1764 τὴν
1110 1719 1227 1775 ἱἀρχὴν
1249 1723 1344 1763 ἔχων
1367 1723 1426 1754 καὶ

1540 1719 1695 1754 Maxime
1719 1723 1837 1754 autem
1861 1719 2017 1755 omnium
2041 1719 2101 1764 qui
2116 1719 2209 1754 hanc
2227 1718 2568 1755 administrationem

353 1765 518 1820 διηνεκὲς,
530 1767 636 1800 τοῦτο
659 1765 814 1821 θήσεται
836 1764 1061 1820 σπούδασμα(
1080 1779 1122 1800 το
1146 1766 1326 1812 καθαραῖς
1349 1769 1427 1800 ταῖς
1439 1767 1483 1800 30
1497 1764 1606 1801 habet
1629 1768 1665 1800 et
1680 1768 1852 1809 perpetue
1875 1764 1944 1799 hoc
1966 1767 2076 1810 ponet
2095 1764 2263 1807 studium,
2286 1764 2385 1809 puris
2403 1763 2567 1799 manibus

351 1815 472 1856 χερσὶν
495 1824 641 1846 απαντα
666 1825 841 1857 πραττειν
864 1814 922 1845 καὶ
941 1822 1023 1846 τους
1041 1812 1310 1857 υπουργοῦντας
1332 1813 1427 1853 ἔχειν

351 1857 400 1901 μὴ
417 1857 608 1910 ῥυπῶντας
626 1855 739 1901 μηδὲν
762 1854 853 1901 μηδὲ
876 1857 1023 1903 αἰσχροῦ
1047 1855 1227 1909 λήμματος
1251 1854 1426 1897 ἐλάττους,

353 1899 432 1936 ἀλλ’
452 1908 564 1936 αυτον
587 1915 626 1935 τε
649 1903 824 1956 καθαραῖς
846 1904 905 1935 καὶ
930 1901 1127 1946 ἐλευθέρως
1151 1914 1282 1946 αρχειν,
1313 1904 1373 1934 καὶ
1397 1901 1432 1934 εἴ

351 1961 389 1981 τι
409 1947 549 1981 τοιοῦτο
572 1947 669 1992 παρὰ
692 1961 770 1982 των
787 1949 1087 1993 υπηρετουμένων
1111 1944 1428 1990 πλημμελούμενον

1496 1809 1614 1844 omnia
1645 1819 1749 1853 agere
1783 1813 1819 1844 et
1849 1809 2108 1845 ministratores
2138 1809 2271 1845 habere
2305 1819 2377 1844 non
2407 1807 2568 1844 sordidos

1496 1865 1610 1898 neque
1640 1855 1737 1899 tur-pi
1769 1854 1971 1898 acceptioni
1993 1859 2158 1899 paratos,
2188 1854 2251 1890 sed
2281 1863 2370 1900 pure
2399 1857 2436 1889 et
2457 1853 2568 1889 libere

1495 1900 1754 1942 administrare,
1785 1902 1822 1935 et
1844 1899 1875 1935 si
1898 1900 1970 1935 tale
2000 1900 2133 1946 aliquid
2162 1910 2270 1945 super
2292 1898 2461 1935 ministris
2483 1908 2566 1944 pec-

408 2013 479 2081 cap.
495 2041 512 2072 7
538 2040 581 2071 in.
607 2039 663 2077 (—
676 2046 708 2072 18
728 2037 892 2077 ἐξουσίαν
917 2033 1028 2078 αὐτῷ)
1054 2050 1092 2070 ex
1119 2037 1151 2069 Β
1176 2038 1270 2070 habet
1294 2038 1421 2080 Ecloqa
1444 2038 1514 2070 libr.
1533 2037 1639 2070 I—X
1660 2037 1744 2070 Bas.
1770 2037 1824 2079 (cf.
1837 2036 2031 2076 Heimbach)

352 2139 421 2174 sibi
437 2138 617 2180 obtulisse,
643 2143 799 2184 quaerat
816 2137 1007 2184 diliqenter
1025 2148 1087 2173 eos
1103 2137 1165 2183 qui
1181 2148 1225 2173 ea
1241 2135 1505 2178 commiserunt,
1530 2135 1784 2181 cuiuscumque
1806 2135 1881 2170 sint
1895 2133 2086 2180 diqnitatis
2108 2137 2174 2170 aut
2194 2133 2343 2171 militiae
2364 2138 2401 2171 ct
2414 2133 2479 2170 sub
2494 2144 2569 2181 quo

354 2185 569 2230 maqistratu
593 2183 802 2226 constituti,
835 2188 944 2229 atque
967 2193 1028 2218 eos
1049 2182 1157 2218 simul
1180 2187 1216 2216 et
1237 2192 1314 2217 com
1343 2180 1520 2217 rekendat
1549 2185 1585 2216 et
1607 2191 1647 2216 re
1669 2179 1907 2227 comprobata
1934 2179 2063 2226 poenis
2084 2178 2278 2215 secundum
2308 2179 2404 2227 leqes
2426 2185 2570 2215 nostras

352 2229 573 2266 denuntiatis
596 2228 759 2274 afficiat,
791 2239 878 2264 neve
901 2228 997 2263 ullus
1029 2239 1078 2263 ex
1101 2231 1314 2274 competenti
1340 2237 1383 2261 us
1411 2225 1682 2272 maqistratibus
1712 2235 1775 2261 eos
1797 2223 2005 2260 vindicandi
2025 2227 2241 2276 potestatem
2265 2223 2404 2261 habeat.
2451 2225 2570 2271 Atque

353 2286 432 2311 cum
452 2274 635 2309 indemnes
657 2279 771 2309 servet
794 2285 856 2309 eos
879 2275 942 2320 qui
965 2273 1132 2308 damnum
1150 2272 1258 2319 passi
1280 2276 1381 2314 sunt,
1410 2275 1621 2317 recepturos
1644 2281 1737 2317 quae
1754 2275 1906 2316 praeter
1930 2269 2044 2322 leqem
2067 2270 2111 2306 ab
2134 2269 2182 2304 τίς
2204 2274 2339 2306 exacta
2360 2273 2463 2311 sunt,
2495 2274 2569 2305 tum

286 2346 289 2350 .
353 2331 437 2356 vero
459 2330 599 2366 poenas
616 2330 689 2365 per
712 2323 856 2354 nostras
885 2318 1157 2354 constitutiones
1179 2317 1348 2363 definitas
1370 2316 1520 2363 iusuper
1542 2316 1681 2363 emique,
1705 2319 1740 2352 et
1763 2314 1812 2350 ad
1833 2325 1900 2350 nos
1923 2313 1967 2350 de
1988 2324 2034 2349 ns
2056 2315 2214 2360 referat,
2245 2320 2286 2351 ut
2308 2314 2370 2351 ubi
2387 2313 2570 2362 placuerit

353 2366 457 2401 nobis
480 2369 748 2399 consumantur.

487 2409 568 2445 VII.
616 2408 812 2445 Praeterea
836 2411 959 2443 autem
977 2418 1221 2454 quaecumque
1249 2407 1429 2452 falsitatis
1452 2406 1508 2442 vel
1524 2405 1832 2452 plastoqrapltiae
1860 2415 1954 2451 quae
1975 2408 2126 2440 vocatur
2148 2404 2282 2441 crimen
2309 2404 2348 2440 in
2371 2404 2568 2452 qualicum-

354 2467 423 2503 que
440 2466 551 2491 causa
574 2455 788 2500 suscipiunt,
812 2454 850 2488 in
867 2464 910 2488 ea
926 2464 1070 2499 quoque
1092 2452 1256 2499 inquirat
1277 2457 1312 2487 et
1329 2462 1392 2488 eos
1407 2451 1470 2497 qui
1489 2450 1558 2486 hoc
1573 2451 1717 2486 nomine
1732 2449 1949 2496 deferuntur
1970 2448 2262 2496 comprehendat,
2285 2454 2395 2496 atque
2410 2452 2501 2497 post
2513 2449 2567 2485 in·

354 2502 585 2547 scriptionem
610 2509 653 2534 ac
669 2499 910 2546 probationes
929 2509 1052 2544 poena
1076 2509 1138 2534 eos
1158 2497 1321 2543 afficiat:
1349 2507 1433 2531 nam
1456 2495 1632 2532 eiusmodi
1655 2506 1798 2541 quoque
1817 2495 2033 2542 coqnitiom's
2047 2498 2268 2541 potestatem
2291 2495 2326 2531 ei
2347 2493 2486 2531 damus.
2528 2492 2572 2531 Si

355 2548 436 2591 quis
459 2556 542 2581 vero
567 2555 691 2580 eorum
715 2544 778 2590 qui
800 2542 975 2579 eiusmodi
997 2543 1134 2578 iniuria
1157 2542 1280 2588 affecti
1309 2547 1396 2577 sunt
1418 2540 1649 2587 maqiscratui
1679 2551 1702 2575 a
1730 2541 1834 2576 nobis
1855 2551 1926 2587 per
1942 2544 2171 2586 praesentem
2203 2539 2315 2586 leqem
2337 2539 2503 2575 instituto
2525 2549 2569 2575 ea

355 2590 620 2626 denuntiaverit
642 2599 706 2624 nec
732 2594 849 2625 tamen
872 2589 1003 2623 iustam
1027 2598 1152 2622 curam
1175 2586 1440 2634 impetraverit,
1473 2590 1515 2621 ut
1538 2585 1588 2620 ad
1609 2595 1677 2620 nos
1705 2586 1762 2621 vel
1791 2586 1855 2631 qui
1885 2596 2029 2631 quoque
2053 2589 2211 2630 tempore
2239 2589 2294 2621 cst
2314 2584 2569 2632 imperatorem

356 2647 399 2671 ea
422 2635 567 2680 deferre
591 2639 755 2680 coyatur,
788 2637 886 2669 certo
909 2634 1003 2668 sciat
1025 2634 1057 2668 is
1081 2633 1143 2678 qui
1166 2631 1262 2667 hunc
1284 2632 1537 2678 maqistratum
1560 2630 1770 2676 susceperit,
1801 2641 1840 2666 se
1862 2630 1979 2676 ipsum
2002 2629 2047 2665 de
2069 2639 2136 2664 suo
2159 2628 2194 2664 ei
2216 2629 2280 2681 qui
2303 2628 2398 2665 male
2418 2628 2464 2664 ab
2486 2628 2568 2680 t‘pfo

356 2680 540 2726 neqlectus
567 2679 613 2714 sit
644 2690 686 2714 ea
710 2689 786 2714 esse
809 2677 1033 2713 redditurum
1063 2688 1156 2723 quae
1179 2688 1259 2712 eum
1283 2688 1306 2712 a
1328 2687 1392 2712 reo
1416 2676 1581 2722 accipere
1605 2675 1812 2721 oportebat,
1841 2681 1950 2720 atque
1977 2675 2128 2721 insuper
2155 2683 2326 2710 maiorem
2348 2671 2568 2720 tndiqnatw-

357 2736 435 2761 nem
459 2729 621 2759 nostram
644 2724 771 2758 merito
795 2733 872 2758 esse
894 2727 1150 2768 experturum,
1184 2722 1247 2768 qui
1272 2732 1320 2768 pe
1342 2721 1406 2768 qui
1429 2721 1604 2756 iussiones
1627 2724 1773 2755 nostras
1795 2719 1933 2755 violare
1956 2729 2068 2754 ausus
2085 2719 2144 2754 sit.

491 2769 586 2805 VIII.
634 2767 837 2803 Maximum
860 2778 945 2803 vero
971 2768 1128 2802 omnium
1159 2767 1222 2813 qui
1270 2777 1340 2802 utic
1362 2766 1613 2812 maqistratum
1636 2765 1733 2810 yerit
1761 2769 1798 2800 et
1813 2767 2032 2810 perpetuum
2062 2764 2100 2798 in
2123 2765 2301 2814 cooponet
2321 2761 2497 2806 studium,
2528 2766 2570 2799 ut

355 2814 461 2862 puris
483 2813 648 2849 manibus
671 2813 792 2848 omnia
815 2816 905 2858 aqut
927 2823 1014 2847 neve
1036 2812 1221 2847 ministros
1244 2811 1376 2848 habeat
1396 2809 1566 2846 sordidos
1595 2820 1682 2845 neve
1704 2809 1754 2845 ad
1776 2814 1880 2860 turpe
1905 2809 2043 2844 lucrum
2059 2807 2254 2859 proclives,
2284 2806 2350 2844 sed
2369 2811 2411 2843 ut
2433 2811 2470 2844 et
2491 2807 2570 2855 ipse

357 2865 481 2895 sancte
504 2864 539 2894 et
563 2858 670 2893 libere
694 2857 1004 2892 azlministratione
1025 2858 1208 2902 funqatur
1231 2860 1266 2892 et
1285 2857 1320 2891 si
1337 2854 1425 2902 quid
1447 2854 1622 2890 eiusmodi
1646 2865 1669 2889 a
1691 2854 1866 2889 ministris
1882 2853 2034 2900 peccari
2052 2853 2237 2895 niveum-it,
2261 2856 2297 2888 et
2316 2851 2385 2888 hoc
2404 2856 2570 2889 coerceat

358 2918 2571 2931 Μ

2388 2942 2558 2976 subtiliter

1499 2989 1671 3023 suoliciter
1694 2989 1789 3031 Rpr.
1806 2988 1818 3032 ΙΙ
1844 2990 1864 3022 2
1889 2991 1921 3021 et
1943 2987 2096 3029 militiae]
2120 2990 2179 3020 aut
2200 2987 2342 3021 militiae
2369 2987 2399 3021 R
2421 2987 2434 3032 η
2458 2988 2478 3022 3
2501 2943 2570 3021 sini:

1500 3035 1606 3074 Beck]
1631 3036 1710 3066 sunt
1722 3034 1799 3067 libri
1813 3033 1826 3076 n
1844 3034 1973 3075 eosque]
1998 3043 2052 3066 eos
2064 3042 2148 3074 quae
2169 3033 2201 3066 V
2212 3043 2266 3066 eos
2281 3033 2339 3075 qui
2352 3033 2400 3066 T¹
2415 3031 2429 3077 ΙΙ
2447 3035 2467 3067 5
2481 3032 2570 3076 leges

1499 3092 1557 3112 om.
1574 3079 1636 3113 VT
1649 3077 1662 3123 ΙΙ
1680 3080 1720 3113 10
1734 3078 1786 3110 his
1801 3078 1833 3111 V
1843 3078 1855 3122 ΙΙ
1873 3077 2095 3121 perspeximus
2107 3077 2408 3120 (prospesimusffl)
2419 3079 2545 3120 Rvuly.

1500 3126 1541 3159 13
1558 3123 1758 3165 quicumque
1779 3122 1867 3156 TV2
1883 3123 1895 3165 ΙΙ
1914 3125 1955 3157 14
1976 3122 2076 3164 quod]
2101 3132 2185 3164 quae
2205 3124 2291 3167 vulq.
2311 3122 2323 3167 ΙΙ
2342 3124 2382 3157 15
2400 3123 2482 3165 quid
2491 3122 2543 3157 Β*

1501 3170 1542 3203 16
1575 3169 1791 3201 denuntiatur
1823 3168 1917 3210 libri,
1949 3181 2030 3201 corr.
2062 3169 2147 3211 vuly.
2176 3166 2189 3211 ΙΙ
2224 3170 2263 3203 17
2297 3172 2329 3201 et
2358 3167 2570 3211 probationes

1498 3227 1556 3247 om.
1579 3213 1627 3246 V¹
1643 3212 1656 3257 ΙΙ
1683 3214 1723 3247 19
1742 3212 1888 3245 lesurum
1909 3213 1958 3245 Β*
1975 3212 1988 3256 ΙΙ
2010 3212 2154 3245 audierit
2176 3213 2226 3246 V¹
2249 3212 2262 3257 ΙΙ
2289 3214 2330 3248 20
2355 3213 2570 3256 imperauerit

1498 3258 1547 3291 R¹
1561 3257 1613 3291 Τ2
1636 3258 1814 3299 imperauit
1829 3258 1880 3291 T¹
1891 3257 1942 3290 V¹
1965 3258 2158 3300 impetrauit
2180 3258 2229 3291 V³
2244 3258 2257 3301 11
2275 3259 2318 3293 22
2334 3259 2415 3292 haee
2438 3270 2495 3292 om.
2512 3256 2568 3301 Vll

1498 3303 1604 3335 sciant
1621 3303 1703 3336 VT¹
1719 3301 1731 3346 ΙΙ
1758 3303 1800 3337 23
1825 3302 1940 3335 reddat
1962 3302 1994 3335 R
2016 3303 2029 3346 ss
2056 3303 2098 3336 24
2122 3302 2208 3336 malo
2229 3303 2281 3336 V2
2303 3303 2318 3369 u
2340 3303 2498 3337 docuerat
2519 3302 2568 3337 13¹

1498 3348 1654 3380 deco-rat
1675 3347 1725 3381 V¹
1749 3347 1903 3380 decernat
1924 3347 1972 3380 1⁷³
1991 3347 2008 3412 ²[¹1
2032 3347 2244 3389 delinquente
2267 3348 2301 3382 R
2330 3348 2429 3391 vulo]
2460 3346 2567 3381 delin-

1498 3393 1630 3435 quentis
1642 3392 1689 3425 R¹
1707 3392 1938 3435 delinquentes
1955 3392 1988 3426 V
2022 3392 2293 3435 delinquentibus
2310 3393 2420 3437 V'Tn
2437 3394 2480 3428 25
2492 3403 2566 3436 per-

1498 3438 1606 3480 cipere
1632 3438 1707 3479 VT]
1743 3438 1891 3481 accipere
1915 3438 2043 3481 Rvulq.
2074 3438 2087 3481 ΙΙ
2114 3439 2271 3471 maiorem
2302 3437 2568 3480 indignationem

1497 3485 1643 3515 nostram
1666 3483 1752 3527 vuly.
1778 3482 1791 3526 u
1819 3482 2081 3523 indignationem
2110 3482 2161 3516 V²
2184 3483 2196 3527 ΙΙ
2222 3482 2433 3526 experientur
2453 3482 2533 3517 VT¹
2554 3481 2568 3527 ΙΙ

1498 3529 1540 3562 26
1562 3530 1676 3570 utpote
1696 3530 1824 3560 nostras
1844 3530 1876 3561 in
1891 3541 1956 3560 ras.
1975 3527 2023 3560 V²
2040 3528 2052 3571 ΙΙ
2070 3530 2111 3562 27
2128 3538 2340 3571 praesumens
2354 3529 2456 3571 vulg]
2471 3537 2566 3571 prae—

1496 3575 1660 3606 sumentes
1685 3573 1761 3606 libri
1776 3572 1789 3616 ΙΙ
1814 3574 1856 3607 29
1881 3573 1978 3613 hanc]
2003 3583 2060 3615 per
2085 3574 2169 3606 hano
2189 3573 2222 3606 R
2237 3572 2249 3618 ΙΙ
2276 3575 2319 3608 30
2342 3575 2444 3616 ponet
2464 3573 2565 3625 vulp]

1496 3618 1592 3660 ponit
1612 3618 1723 3660 (punit
1743 3618 1803 3658 17¹)
1825 3617 1952 3661 RVTn
1979 3619 2020 3652 32
2040 3619 2147 3661 turpis
2167 3618 2311 3661 (turpius
2325 3619 2385 3661 12¹)
2404 3621 2566 3661 acceptio-

1496 3663 1549 3697 nis
1572 3666 1703 3707 paratos
1727 3663 1817 3703 libri,
1849 3675 1930 3696 corr.
1954 3663 2058 3708 vul9.;
2094 3675 2137 3696 an
2167 3664 2227 3707 leq.
2252 3663 2347 3707 turpi
2375 3663 2566 3707 acceptione

1496 3708 1692 3752 superatos?
1716 3708 1729 3752 ΙΙ
1758 3709 1799 3743 33
1823 3709 1974 3751 pecatum
1997 3708 2046 3742 13²
2071 3710 2227 3741 *uatum
2252 3708 2300 3742 12¹

405 2952 425 2985 2
440 2946 486 2983 ἂν
502 2948 573 2982 εἷεν
586 2949 634 2981 B‘
649 2961 677 2981 v.
689 2949 721 2989 L,
742 2948 852 2990 Epan.
863 2948 919 2989 (ς)]
941 2943 987 2980 ἂν
1004 2947 1206 2987 om.MLB⁶‚
1224 2946 1274 2979 B‘
1283 2959 1311 2979 v.
1326 2947 1345 2978 l.
1360 2945 1431 2980 εἶεν

360 2993 408 3030 ἂν
426 2994 630 3035 Haloander,
645 2992 818 3036 vu19.(Bs)
837 2992 848 3034 ss
865 2992 885 3024 6
903 2989 1021 3024 αὐτοῖς
1037 2991 1191 3033 MEpan.
1207 2993 1237 3031 ς]
1259 3004 1316 3024 om.
1332 2991 1401 3024 LB
1421 2992 1432 3034 [Ι

362 3045 380 3076 7
393 3038 534 3075 τούτων
555 3052 612 3072 om.
628 3039 675 3071 Βεἳ
690 3039 701 3080 ΙΙ
720 3035 932 3080 δυναμένων
949 3037 980 3069 L
999 3035 1012 3080 ΙΙ
1031 3038 1067 3070 11
1083 3036 1130 3068 εἰς
1147 3031 1235 3079 ἡμᾶς
1251 3049 1308 3069 om.
1323 3048 1342 3072 ς
1357 3035 1377 3079 ΙΙ’
1390 3037 1431 3069 12

360 3088 421 3120 καὶ
437 3086 493 3127 Μ]
510 3097 567 3117 οηι.
578 3083 647 3117 LB
655 3083 795 3126 Epamc
812 3081 825 3125 ΙΙ
841 3078 1047 3124 συνίδοιμςν
1059 3081 1107 3122 Β]
1126 3077 1349 3124 συνείδοιμεν
1359 3081 1431 3114 ML

362 3128 498 3165 συνίδοι
511 3130 620 3173 Epan.
643 3129 730 3171 quod
740 3129 861 3171 probat
877 3127 1083 3164 Zachariae;
1108 3127 1167 3158 sed
1181 3129 1223 3168 cj.
1237 3126 1301 3159 Iul.
1320 3128 1357 3158 ut
1373 3125 1431 3158 ubi

362 3174 641 3210 aestimaverimus
664 3174 876 3206 consumatur
894 3169 907 3214 ss
925 3172 965 3204 15
990 3168 1173 3216 πράγματι
1199 3170 1321 3212 MLB]
1347 3169 1430 3216 τάγ-

362 3233 450 3266 ματι
474 3221 583 3264 Epan.
600 3230 620 3255 ς
636 3218 649 3262 ΙΙ
669 3219 710 3253 16
733 3213 1074 3262 προςαγγελομένους
1091 3215 1162 3248 ML
1178 3215 1190 3258 ΙΙ
1211 3217 1250 3249 17
1271 3214 1430 3248 τούτους·

363 3269 422 3301 καὶ
445 3263 525 3312 γὰρ]
549 3265 597 3298 sic
622 3264 709 3297 enim
725 3275 745 3300 ς
767 3264 827 3295 καὶ
849 3259 918 3306 γὰρ
941 3262 1000 3293 καὶ
1024 3261 1132 3304 Epan.
1152 3259 1165 3302 ΙΙ
1180 3261 1240 3292 καὶ
1259 3259 1328 3307 γὰρ
1343 3258 1430 3300 κτλ.]

364 3313 439 3346 inde
465 3314 507 3345 ab
537 3311 587 3344 lais
616 3322 668 3342 υυ.
699 3309 855 3351 reliquam
882 3313 1009 3349 partem
1040 3307 1156 3348 capitis
1181 3307 1199 3338 7
1233 3313 1263 3338 et
1290 3313 1387 3348 caput
1411 3306 1430 3339 8

365 3371 423 3391 om.
438 3356 516 3395 B⁸r;
551 3356 592 3389 18
613 3354 659 3387 Εἰ
682 3351 725 3387 δέ
743 3362 796 3387 τις
820 3371 862 3376 -
887 3352 929 3385 28
954 3348 1192 3397 θαρρήσαντα
1217 3350 1395 3393 om.Epan.
1419 3348 1432 3394 ΙΙ

368 3403 408 3437 18
433 3400 476 3435 τὰ
500 3414 558 3434 om.
577 3400 609 3433 L
632 3399 645 3444 ΙΙ
673 3400 713 3433 19
737 3393 996 3443 προςαγγείλειε
1019 3395 1134 3428 ταῦτα
1158 3394 1216 3435 Μ]
1242 3396 1430 3440 προςαγγέ-

365 3446 459 3481 λοιεν
474 3446 588 3480 ταῦτα
603 3445 633 3478 L
658 3439 907 3491 προςαγγέλλοι
927 3441 1041 3474 ταῦτα
1054 3440 1105 3473 B⁶
1129 3439 1249 3472 adierit
1273 3453 1291 3475 ς
1309 3439 1322 3482 ΙΙ
1339 3436 1428 3483 παρ’

364 3490 468 3544 η’μιῦν
492 3504 549 3524 om.
564 3503 583 3527 ς
606 3490 618 3531 ΙΙ
646 3491 686 3524 21
712 3486 810 3530 τύχοι
833 3487 883 3520 Bc
907 3486 919 3530 ΙΙ
947 3487 1089 3538 καὶῖοηι.
1114 3497 1133 3522 ς
1160 3484 1173 3527 ΙΙ
1203 3485 1245 3518 22
1268 3483 1347 3538 ἦτοι
1364 3485 1431 3538 )Μ]

364 3549 442 3578 ητοι
465 3539 524 3569 καὶ
548 3536 630 3569 LBc
663 3538 694 3568 et
717 3547 736 3571 ς
757 3536 769 3576 ΙΙ
796 3534 838 3566 24
863 3527 951 3577 παρ’
979 3530 1086 3563 αυτοῦ
1112 3530 1189 3571 Mc]
1215 3541 1290 3574 παρ
1332 3541 1429 3582 αυτῳ

366 3582 449 3615 LB⁶
471 3582 483 3624 ΙΙ
507 3583 548 3615 26
573 3579 659 3624 πρὸς
682 3579 736 3622 τῷ
761 3578 856 3619 LB⁶J
881 3575 969 3623 πρὸς
992 3573 1034 3608 τὸ
1060 3575 1103 3608 Μ
1122 3579 1134 3617 n
1157 3577 1197 3608 27
1221 3573 1279 3607 οἶα
1303 3587 1347 3608 τα
1371 3574 1431 3616 τῆς

364 3623 534 3672 ἡμετέρας
551 3623 739 3658 κελεύσεως
752 3624 802 3658 B⁶
821 3624 832 3666 ΙΙ
856 3624 898 3657 28
921 3620 1176 3665 θαρρήσαντας
1190 3620 1238 3653 L⁰
1253 3620 1266 3664 ΙΙ
1291 3623 1333 3654 30
1358 3617 1430 3661 διη-

364 3671 475 3704 νεκῶς
500 3671 549 3704 B⁰
572 3670 584 3714 ΙΙ
610 3672 651 3704 32
675 3667 786 3713 μηδὲν
811 3668 992 3711 0111.Epan.
1010 3678 1028 3703 ς
1053 3665 1067 3711 ΙΙ
1090 3663 1253 3699 ἐλάττους
1275 3678 1332 3700 om.
1347 3666 1397 3699 B‘
1419 3665 1431 3709 ss

366 3717 408 3751 33
433 3713 543 3749 αὐτόν
562 3727 602 3749 τε
626 3729 683 3750 om.
698 3727 717 3751 ς

1557 2947 1571 2978 1
1599 2946 1768 2986 quaerere]
1797 2943 1839 2976 al.
1866 2954 1929 2985 que
1960 2946 2048 2981 recte
2080 2942 2129 2976 R2
2152 2944 2184 2976 in
2209 2955 2311 2987 man-9.
2344 2942 2357 2987 ΙΙ
