2592 3840
262 103 369 146 Nov.
400 104 605 147 XXXVII
1343 101 1428 148 244

215 216 242 250 4
264 214 367 250 sariis
392 214 480 260 suis,
512 218 547 249 et
570 219 655 248 tunc
678 216 814 249 mereat
844 215 957 249 nostri
989 214 1143 249 numinis
1173 217 1386 260 nostraeque
1418 215 1685 251 constitutionis
1710 216 1893 251 auxilium.
1949 216 2004 252 De
2026 217 2103 252 fide>
2121 218 2213 252 enim
2243 218 2381 262 generis
2404 229 2486 264 pro-

262 260 424 295 bationes
448 260 625 304 praestari
649 269 692 294 ex
716 270 788 293 una
811 264 914 303 parte
938 259 1035 294 nullo
1062 259 1290 295 concedimus
1313 259 1430 304 modo,
1463 265 1499 295 et
1522 261 1553 295 si
1576 261 1655 314 quis
1679 261 1883 297 huiusmodi
1906 267 1988 296 acta
2010 262 2206 298 ostenderit
2234 263 2337 307 quasi
2359 265 2396 298 in
2419 264 2488 299 hac

261 304 514 340 florentissima
538 305 680 339 civitate
705 304 869 339 confecta
892 304 947 338 vel
969 305 1006 338 in
1029 304 1099 339 alio
1123 304 1215 346 loco,
1247 315 1290 340 ea
1313 316 1386 340 non
1411 315 1489 341 esse
1511 305 1689 341 audienda
1713 316 1914 348 censemus,
1947 307 2033 342 licet
2055 312 2162 342 antea
2184 307 2254 343 hoc
2277 308 2386 344 fuerit
2407 318 2487 354 per-

262 350 421 384 missum.
467 350 616 385 Inventa
636 349 764 383 etenim
784 349 881 384 circa
904 349 994 384 tales
1014 349 1266 394 requisitiones
1289 360 1427 385 summa
1449 350 1643 386 calliditate
1666 352 1884 396 respuendas
1909 361 1988 387 esse
2010 352 2214 387 huiusmodi
2231 353 2488 389 concinnitates

216 396 241 431 ξ»
265 395 454 436 sancimus,
480 405 524 430 ne
548 394 630 429 dum
655 404 721 429 sua
744 394 893 429 reddere
918 394 1059 429 cuidam
1084 395 1257 439 cupimus,
1280 395 1416 431 alienas
1435 396 1468 430 ei
1488 396 1707 432 substantias
1732 397 1854 432 dolose
1874 397 2038 442 accipere
2058 397 2307 433 concedamus.
2355 398 2489 434 Rerum

265 444 383 475 autem
406 439 671 484 requisitionem
694 439 891 474 secundum
912 440 1110 474 antelatum
1133 439 1276 476 modum
1299 441 1395 486 apud
1419 440 1675 477 sublimitatem
1695 447 1794 476 tuam
1821 442 1876 476 vel
1899 441 2082 486 praesides
2106 443 2368 487 provinciarum
2393 443 2490 479 intra

262 485 444 519 definitum
468 489 608 529 tempus
632 486 779 519 nostrae
803 484 980 519 sanctioni
1001 483 1080 519 fieri
1103 485 1280 528 volumus,
1311 485 1348 521 id
1372 490 1427 521 est
1448 486 1487 520 in
1511 486 1801 531 quinquennium,
1833 497 1927 522 anno
1956 487 2017 531 qui
2047 487 2116 521 iam
2140 492 2344 523 transactus
2368 492 2423 523 est
2445 498 2490 523 ex

1937 119 1996 148 DE
2024 117 2247 150 AFRICANA
2276 120 2486 152 EchESIA

262 530 393 574 prioris
407 529 657 609 (pragmaticae
681 528 877 580 sanctionis
900 529 1057 564 editione
1086 530 1124 565 in
1148 530 1426 575 quinquennium
1458 531 1710 576 computando,
1743 534 1784 566 ut
1806 535 1909 568 actor
1939 532 2113 576 reliquum
2145 533 2278 567 habeat
2322 533 2489 568 uadi-ien-

261 575 359 627 nium
383 585 405 609 a
454 574 655 627 hujusmodi
676 574 951 626 inquimtioneim
977 574 1114 610 scilicet
1136 576 1356 629 sitemporis
1382 576 1600 627 computatio
1624 575 1800 628 legitimas
1820 578 2056 629 exceptiones
2080 577 2231 613 excedit.
2314 577 2491 614 uiusmodi
2532 593 2539 598 ⁴

264 629 356 654 enim
381 619 603 664 quaduennn
626 623 738 654 metas
762 622 957 664 praeterlre
980 620 1079 655 nullo
1105 623 1262 665 patimur
1284 621 1400 664 modo,
1433 631 1477 655 ne
1500 622 1708 656 1mmorta11s
1731 622 1795 656 fiat
1817 622 2028 657 iudiciorum
2053 623 2260 667 completus.
2514 626 2556 659 10

217 666 242 701 6
400 664 498 708 Quae
519 664 628 708 igitur
651 674 716 708 pro
741 665 933 699 securitate
956 664 1102 701 Africae
1124 675 1204 701 mea
1226 666 1345 700 sanxit
1368 666 1573 709 aeternitas,
1606 666 1695 701 haec
1719 666 1920 702 sublimitas
1942 670 2006 702 tua
2037 678 2101 712 per
2125 667 2242 702 edicta
2266 677 2332 710 sua
2352 668 2390 703 in
2414 677 2489 703 om-

263 720 344 744 nem
368 710 578 744 Africanum
609 712 766 744 tractum
794 709 1030 754 proponenda
1059 711 1291 746 manifestare
1323 711 1463 746 cunctis
1497 711 1631 746 civibus
1655 710 1835 746 Africanis
1860 712 2083 757 deproperet,
2116 717 2157 746 ut
2181 722 2302 748 omnes
2333 713 2431 758 quod
2453 712 2490 747 in

260 755 455 789 transactis
484 754 588 788 annis
619 754 802 789 observari
831 757 996 800 oporteat
1025 756 1178 791 scientes
1207 755 1276 791 hoc
1309 758 1500 791 observare
1529 755 1709 791 festinent.
1763 756 1820 791 De
1844 762 1963 792 cetero
1996 758 2088 792 enim
2112 758 2144 793 si
2176 757 2254 802 quis
2278 767 2384 793 casus
2406 757 2490 792 talis

261 801 452 841 emerserit,
484 798 731 834 successiones
756 810 878 835 omnes
912 803 949 835 et
970 801 1184 845 temporales
1216 811 1343 836 cursus
1375 801 1427 836 sic
1458 800 1653 845 procedere
1684 801 1906 846 disponimus
1936 802 2234 847 quemadmodum
2265 802 2303 837 in
2326 803 2489 838 omnibus
2548 819 2557 832 ι

260 845 365 879 terris
397 846 521 879 nostro
554 844 639 879 orbe
669 844 818 880 inclusis
850 845 1092 881 sacratissima
1120 846 1201 880 iura
1224 846 1439 890 disponunt,
1473 850 1509 880 et
1540 846 1612 881 sint
1642 850 1679 880 et
1709 846 2001 882 descendentium
2033 852 2068 882 et
2090 847 2358 883 ascendentium
2383 852 2421 883 et
2443 847 2490 884 ab
2516 850 2557 883 15

260 895 411 933 utroque
434 889 546 924 latere
569 889 785 924 venientium
815 891 947 935 gradus
981 901 1103 926 omnes
1137 894 1173 926 et
1194 891 1408 936 temporales
1430 901 1556 927 cursus
1581 891 1726 935 intacti,
1759 892 2054 937 quemadmodum
2077 893 2260 937 generales
2283 893 2397 928 nostri
2423 902 2488 927 nu-

260 934 363 969 minis
386 935 480 977 leges
506 944 566 969 eos
590 935 753 970 omnibus
777 935 1012 971 tradiderunt.

395 980 480 1015 Dat.
505 980 576 1014 kal.
602 980 677 1015 Ian.
703 980 772 1015 ΟΡ.
798 981 971 1017 Belisario
994 982 1028 1016 v.
1053 991 1085 1017 c.
1110 991 1210 1017 cons.
2343 985 2389 1024 [a.
2411 984 2490 1024 535]

1281 1250 1462 1286 XXXVII.
2207 1252 2318 1288 Auth.
2334 1251 2491 1287 XXXIX

856 1332 966 1382 DE
1011 1329 1435 1381 AFRICANA
1478 1331 1902 1383 EOOLESIA.
2228 1399 2236 1403 ‚
2513 1343 2592 1402 204

1059 1408 1155 1443 Idem
1179 1409 1223 1444 A.
1249 1408 1430 1444 Salomoni
1453 1419 1514 1453 pp.
1539 1409 1695 1443 Africae.

393 1460 641 1523 Venerabilem
664 1487 851 1523 ecclesiam
880 1491 1026 1523 nostrae
1048 1487 1273 1530 Carthaginis
1296 1487 1515 1523 Iustinianae
1545 1491 1754 1531 ceterasque
1778 1496 1899 1521 omnes
1922 1485 2116 1522 Africanae
2141 1486 2344 1523 dioeceseos
2369 1497 2488 1523 sacro-

261 1535 405 1586 sanctas
425 1533 596 1587 ecclesias
615 1533 859 1585 imperialibus
879 1532 1060 1568 beneficiis
1079 1533 1238 1586 relevare
1257 1537 1368 1568 noctu
1386 1532 1513 1577 dieque
1531 1533 1752 1585 festinamus,
1775 1531 1860 1584 (ut),
1882 1533 2074 1611 fiosmu'am
2093 1534 2239 1567 nostrae
2260 1531 2489 1586 reipublicae,

215 1582 232 1614 1
259 1589 324 1623 per
348 1579 404 1613 dei
427 1578 644 1630 praes1d1um
668 1589 691 1613 a
712 1583 875 1624 tyrannis
900 1579 1083 1623 abreptae,
1108 1581 1265 1613 sociatae
1289 1582 1384 1617 sunt.
1407 1582 1551 1613 nostras
1577 1583 1683 1613 etiam
1705 1579 1861 1613 sentlant
1910 1576 2127 1612 berahtates.
2177 1576 2265 1612 Cum
2287 1581 2396 1622 igitur
2418 1577 2489 1613 Re-

260 1626 409 1668 paratus
434 1634 486 1659 vir
510 1623 756 1658 sanctissimus
789 1623 956 1659 sacerdos
987 1623 1146 1658 eiusdem
1175 1625 1321 1658 nostrae
1354 1623 1578 1667 Carthaginis
1602 1622 1838 1665 Iustinianae‚
1874 1621 1935 1665 qui
1965 1621 2167 1657 venerando
2196 1622 2347 1658 concilio
2378 1622 2490 1658 totius
2512 1604 2592 1684 251

261 1668 407 1704 Africae
427 1668 734 1704 sanctissimarum
749 1669 981 1704 ecclesiarum
995 1677 1164 1713 praeesse
1180 1668 1410 1712 dignoscitur,
1432 1678 1505 1703 una
1529 1679 1610 1703 cum
1635 1667 1761 1708 ceteris
1787 1666 1946 1702 eiusdem
1968 1666 2173 1712 provinciae
2195 1668 2490 1704 reverentissimis

260 1713 439 1766 episcopis
469 1713 599 1748 litteris
630 1713 785 1759 propriis
817 1724 882 1758 per
906 1713 1133 1748 Theodorum
1164 1713 1278 1748 virum
1308 1713 1514 1758 religiosum
1546 1713 1737 1749 diaconum
1769 1716 1804 1747 et
1826 1712 2071 1756 responsalem
2094 1711 2254 1748 eiusdem
2276 1713 2490 1749 venerabilis

260 1759 433 1794 ecclesiae
457 1758 609 1793 civitatis
635 1758 860 1802 Carthaginis
884 1758 1103 1793 Iustinianae
1127 1757 1313 1793 destinatis
1344 1763 1503 1793 nostram
1533 1758 1714 1803 deprecati
1744 1761 1829 1792 sunt
1850 1756 2074 1793 maiestatem
2102 1758 2352 1802 possessiones
2374 1757 2490 1794 eccle-

261 1804 395 1839 siarum
417 1804 528 1839 totius
543 1804 707 1839 Africani
730 1808 868 1838 tractus
891 1804 1079 1849 tyrannico
1104 1803 1245 1848 quidem
1268 1807 1428 1856 tempore
1452 1803 1590 1839 ablatas
1615 1804 1677 1847 eis,
1702 1806 1784 1847 post
1803 1802 1972 1837 victorias
1997 1805 2117 1837 autem
2142 1803 2287 1839 caelesti
2307 1802 2490 1848 praesidio

259 1849 363 1884 nobis
386 1849 548 1894 (contra)
571 1848 777 1885 Uuandalos
800 1849 994 1893 praestitas
1024 1859 1091 1893 per
1113 1848 1229 1884 nostri
1257 1859 1410 1883 numinis
1441 1849 1539 1894 piam
1563 1848 1832 1893 dispositionem
1855 1847 1906 1882 eis
1929 1846 2099 1891 redditas,
2131 1848 2230 1883 salva
2257 1847 2296 1884 in
2319 1859 2490 1895 quocum·
2513 1844 2557 1886 30

261 1904 330 1939 que
348 1894 428 1929 loco
448 1894 645 1929 constituta
663 1893 828 1929 videlicet
849 1893 1067 1929 tributorum
1086 1894 1272 1937 solutione,
1297 1893 1446 1929 firmiter
1468 1893 1651 1939 possidere
1675 1893 1872 1928 secundum
1894 1893 1981 1936 legis
2000 1895 2160 1928 tenorem
2183 1903 2276 1938 quae
2293 1893 2366 1930 iam
2384 1903 2491 1939 super

260 1940 330 1975 hac
354 1949 463 1974 causa
485 1939 709 1984 promulgata
733 1943 802 1982 est,
854 1938 1060 1974 etitionibus
1085 1949 1208 1974 eorum
1230 1949 1346 1984 prono
1369 1939 1565 1984 libentique
1588 1939 1706 1974 animo
1731 1938 1898 1973 duximus
1923 1937 2162 1973 annuendum.

211 1984 236 2020 2
394 1984 549 2029 Ideoque
571 1985 735 2019 iubemus
759 1950 1013 2019 subiimitatem
1035 1986 1135 2019 tuam
1157 1984 1231 2019 suis
1256 1984 1446 2028 disponere
1468 1983 1792 2029 praeceptionibus,
1817 1986 1858 2017 ut
1878 1982 2082 2027 praedictas
2102 1983 2360 2027 possessiones,
2392 1984 2492 2020 salva
2536 2011 2540 2014 .

259 2032 369 2075 prout
392 2029 526 2064 dictum
556 2033 610 2065 est
638 2030 855 2064 tributorum
884 2029 1035 2072 ratione,
1067 2028 1285 2064 venerabiles
1310 2029 1482 2064 ecclesiae
1514 2032 1587 2064 tam
1618 2031 1764 2063 nostrae
1787 2019 2011 2072 Carthaginis
2034 2027 2255 2064 Iustinianae
2286 2039 2393 2074 quam
2415 2039 2490 2065 om·

260 2075 359 2110 nium
384 2074 566 2110 civitatum
589 2074 782 2110 Africanae
814 2074 1020 2109 dioeceseos
1051 2073 1199 2109 firmiter
1227 2074 1434 2119 possideant
1465 2077 1502 2110 et
1533 2075 1609 2109 sine
1638 2074 1711 2108 ulla
1741 2073 1986 2116 concussione,
2018 2083 2040 2107 a
2063 2073 2160 2109 nullo
2184 2073 2326 2118 penitus
2349 2074 2490 2110 abstra-
2513 2077 2558 2112 35

211 2121 239 2163 3
261 2120 408 2155 hendas.
457 2119 497 2155 Si
519 2130 609 2165 quas
634 2124 753 2155 autem
776 2119 865 2154 alias
889 2119 1135 2164 possessiones
1159 2119 1232 2154 sive
1256 2118 1381 2154 domus
1405 2119 1479 2155 sive
1499 2119 1729 2155 ecclesiarum
1752 2120 1962 2154 ornamenta
1983 2117 2080 2163 apud
2100 2118 2239 2164 aliquos
2263 2119 2320 2154 vel
2335 2119 2491 2155 Arianos

259 2166 314 2200 vel
343 2175 503 2210 paganos
533 2165 590 2200 vel
620 2165 710 2200 alias
742 2165 920 2209 quaslibet
949 2175 1124 2210 personas
1156 2164 1307 2200 detineri
1338 2165 1530 2209 probatum
1559 2164 1686 2206 fuerit,
1719 2173 1762 2199 ea
1785 2173 1928 2207 quoque
1958 2163 2159 2198 omnimodo
2191 2163 2270 2199 sine
2292 2163 2414 2208 aliqua
2437 2163 2490 2199 di·

260 2211 394 2246 latione
417 2210 521 2245 avelli
544 2214 581 2245 et
604 2210 846 2245 sacrosanctis
870 2209 1031 2245 ecclesiis
1056 2209 1278 2245 orthodoxae
1300 2209 1386 2244 fidei
1409 2210 1607 2255 adsignari,
1640 2209 1739 2244 nulla
1761 2207 1966 2254 prolixitate
1989 2208 2159 2253 temporis
2185 2208 2241 2244 his
2266 2209 2326 2254 qui
2347 2209 2492 2245 easdem

259 2266 316 2291 res
339 2256 460 2300 inique
484 2255 646 2291 detinent
669 2255 722 2290 uti
747 2254 992 2297 concedendis,
1018 2255 1082 2290 sed
1105 2265 1228 2290 earum
1251 2255 1514 2290 restitutionem
1543 2254 1639 2290 omni
1669 2255 1818 2299 explosa
1840 2253 2103 2289 machinatione
2130 2253 2253 2289 facere
2275 2253 2490 2300 compellen-
2523 2274 2547 2300 ²:

260 2300 332 2343 dis,
365 2301 450 2346 quia
480 2311 551 2336 non
579 2301 737 2346 patimur
767 2300 1010 2336 sacratissima
1038 2310 1126 2336 vasa
1157 2301 1213 2335 vel
1243 2302 1455 2335 ornamenta
1485 2299 1740 2335 venerabilium
1771 2299 2003 2334 ecclesiarum
2039 2300 2103 2334 aut
2133 2299 2222 2334 alias
2244 2299 2491 2344 possessiones
2513 2299 2534 2336 4

260 2346 357 2392 apud
406 2356 539 2391 aganos
569 2346 625 2381 vel
656 2346 745 2381 alias
769 2355 942 2391 personas
967 2345 1134 2390 detiner13
1173 2349 1210 2380 et
1231 2345 1290 2380 lex
1313 2355 1405 2390 quae
1436 2345 1541 2380 nobis
1571 2348 1678 2380 antea
1707 2343 1850 2390 prolata
1878 2348 1933 2379 est
1964 2345 2022 2379 sat
2053 2343 2267 2389 abundeque
2289 2342 2493 2381 huiusmodi
2556 2367 2562 2387 ;

210 2392 237 2426 4
261 2392 356 2436 capit
396 2402 417 2426 o
442 2391 645 2427 consultum
667 2391 765 2426 fecit.
824 2391 984 2426 Alterius
1008 2391 1115 2426 etiam
1144 2394 1291 2426 nostrae
1315 2390 1580 2426 constitutionis
1604 2389 1869 2435 praerogativa,
1902 2399 2008 2433 quam
2036 2399 2102 2434 pro
2127 2389 2381 2425 ecclesiasticis
2402 2388 2490 2426 feci·

260 2448 338 2472 mus
370 2437 478 2472 rebus
504 2441 540 2471 et
561 2436 865 2482 possessionibus,
897 2435 1043 2471 Africae
1066 2446 1209 2481 quoque
1239 2435 1459 2471 venerabiles
1491 2436 1660 2471 ecclesias
1691 2434 1866 2480 perpotiri
1896 2444 2099 2477 censemus,
2129 2438 2165 2469 et
2194 2434 2391 2470 secundum
2414 2434 2491 2470 eius

307 2529 391 2562 Nov.
404 2527 533 2561 XXXV
533 2528 571 2561 ΙΙ
578 2529 637 2571 (==
648 2529 800 2562 Anthent.
813 2527 962 2562 XXXIX
963 2540 978 2569 ,·
1001 2529 1111 2561 eadem
1132 2529 1165 2561 in
1185 2536 1285 2571 parte
1309 2529 1451 2561 codicum
1464 2528 1597 2561 Nomoc.
1610 2527 1699 2561 XIV
1707 2528 1753 2561 tit.
1767 2528 1856 2568 4,13.
1880 2527 1911 2568 8,
1924 2533 1970 2560 10.
1994 2527 2015 2559 9
2043 2531 2080 2560 25
2101 2527 2221 2571 citatur
2237 2520 2260 2568 ἡ
2279 2523 2357 2572 ριβ’
2370 2522 2494 2571 νεαρά)
2552 2574 2556 2578 ‚

262 2573 383 2606 Latine
405 2581 525 2606 tantum
546 2581 641 2607 extat.
661 2592 706 2597 —
730 2574 822 2617 Epit.
837 2574 958 2607 Theod.
973 2575 1014 2607 37
1037 2574 1128 2613 (inde
1142 2573 1171 2605 L
1189 2581 1218 2606 et
1229 2573 1266 2606 B
1282 2575 1311 2615 1,
1326 2581 1350 2615 1,
1363 2574 1491 2615 49-52),
1514 2573 1638 2606 Athan.
1652 2574 1685 2614 2,
1698 2580 1715 2607 6
1741 2573 1831 2614 (inde
1853 2572 1933 2605 Gall.
1948 2578 2045 2605 const.
2059 2572 2135 2606 eccl.
2149 2573 2180 2612 3,
2193 2578 2220 2614 2,
2234 2574 2276 2613 6).

307 2617 328 2660 ξ
346 2618 376 2651 2.
398 2619 417 2650 3
442 2620 645 2652 summarium
670 2619 794 2652 exbibet
812 2618 946 2652 Nomoc.
959 2618 1051 2652 XIV
1060 2619 1106 2651 tit.
1120 2619 1208 2659 8,10.

311 2732 327 2763 1
353 2740 443 2762 nunc
471 2730 534 2772 71
558 2733 737 2771 nostraque
763 2730 818 2772 711
843 2729 1050 2773 probationis
1073 2728 1139 2772 711
1165 2731 1185 2762 2
1209 2738 1250 2761 ex
1273 2739 1341 2761 una

262 2776 356 2818 parte
376 2775 535 2817 praestari
558 2782 569 2807 ι
586 2775 671 2816 vulq.
687 2774 700 2819 11
725 2777 745 2808 3
763 2774 977 2816 praemissum
998 2774 1033 2808 V
1051 2774 1064 2817 11
1087 2775 1109 2807 4
1132 2773 1341 2806 concinnita-

1410 2731 1544 2772 stamer)
1559 2730 1625 2819 ’νῆ
1643 2730 1656 2773 ιι
1680 2730 1792 2763 affrice
1818 2737 1830 2763 t
1852 2729 1865 2773 ῃ
1891 2728 2069 2762 dioeeiseos
2090 2728 2124 2761 V
2140 2714 2331 2762 dioceseos:
2355 2728 2368 2771 u
2389 2728 2433 2763 23
2451 2729 2490 2760 ut

263 2820 308 2852 tis
332 2828 344 2852 t
366 2819 609 2852 concinationis
633 2818 668 2852 V
684 2819 961 2852 comunicationis
976 2819 1079 2853 Neob.
1105 2817 1118 2863 11
1145 2821 1165 2852 5
1189 2818 1340 2850 substan-

1410 2776 1489 2809 add.
1501 2776 1590 2819 vuly.
1627 2775 1633 2819 Ι
1663 2777 1706 2809 24
1730 2775 1865 2817 abrepto
1885 2774 1930 2815 V]
1948 2773 2111 2815 ‚direptae
2135 2774 2245 2817 tvulq.
2274 2773 2288 2818 11
2314 2773 2432 2806 sotiate
2453 2772 2493 2815 V,

1409 2820 1566 2853 societate
1590 2820 1695 2854 Neob.
1733 2820 1907 2854 societates
1932 2827 1944 2852 t
1964 2819 2052 2862 vulq.
2084 2817 2097 2862 11
2128 2818 2314 2861 Reparatus
2338 2818 2493 2852 Pithoeus

263 2865 328 2898 tias
351 2865 508 2905 VNeob.]
538 2864 700 2897 subiectas
725 2872 737 2898 t
761 2863 774 2908 11
803 2874 897 2896 reum
921 2872 933 2897 t
960 2862 973 2908 11
1001 2866 1020 2896 7
1044 2863 1080 2896 id
1105 2866 1153 2896 est
1180 2863 1340 2904 VNeob.]

265 2923 324 2943 om.
338 2911 446 2953 tvuly.
464 2909 477 2953 11
499 2919 588 2942 anno
601 2909 800 2949 Zachariae]
818 2919 944 2942 annum
957 2910 1035 2942 libri
1050 2908 1063 2952 11
1079 2909 1150 2950 qui]
1175 2908 1264 2950 quod
1285 2909 1318 2941 V
1338 2910 1342 2950 1

264 2955 343 2996 iam]
368 2957 437 2987 tam
460 2954 499 2998 1ss
517 2955 538 2988 8
562 2954 720 2995 editione]
743 2954 916 2987 seditionis
935 2952 994 2997 711
1009 2953 1240 2995 quinquennio
1261 2953 1313 2986 V“
1339 2954 1343 2997 1

264 3004 382 3033 auctor
402 2998 457 3043 711
475 3001 496 3033 9
510 2999 627 3032 excede
647 2999 682 3032 V
698 2998 833 3031 excedat
846 2999 932 3042 vulq.
949 2998 963 3041 11
986 3001 1023 3032 10
1044 2997 1259 3039 quadriennii
1274 3009 1341 3031 me-

266 3048 316 3078 tas
338 3045 530 3085 Heimbacb]
556 3043 813 3085 quadriennium
833 3047 902 3076 etas
927 3043 960 3077 V
977 3043 1190 3084 quadriennii
1209 3045 1279 3075 etas
1301 3051 1313 3075 t
1331 3043 1343 3087 ss

265 3091 394 3133 patitur
416 3088 456 3133 τῆ
481 3099 523 3122 ne
547 3090 569 3130 t]
594 3102 653 3122 om.
674 3089 819 3122 VNeob.
835 3088 848 3131 11
870 3090 906 3122 11
933 3098 1005 3120 mea
1028 3089 1150 3129 sanxit]
1174 3098 1225 3120 me
1249 3089 1344 3120 anxit

275 3135 329 3180 711
348 3135 437 3168 dicta
455 3133 512 3178 711
528 3136 571 3168 12
584 3134 774 3166 affricanum
792 3133 843 3167 V⁰
861 3133 873 3176 11
889 3135 1067 3165 tractatum
1080 3141 1092 3166 t
1106 3132 1119 3176 11
1143 3133 1277 3175 depcret
1294 3133 1344 3200 711

267 3180 356 3223 quod
375 3179 531 3220 VNeob.]
553 3179 613 3221 qui
634 3186 646 3212 t
668 3178 751 3221 quid
771 3179 855 3219 vulq.
875 3178 888 3222 11
906 3179 947 3211 13
971 3178 1046 3218 hoc]
1064 3178 1126 3210 hac
1148 3177 1182 3210 V
1196 3178 1276 3210 haec
1295 3185 1306 3210 t
1332 3183 1343 3218 1Ι

269 3228 309 3261 14
323 3234 501 3259 emer-scere
518 3224 552 3258 V
562 3224 575 3267 11
591 3223 787 3266 temporales
800 3223 946 3263 VNeob.]
960 3222 1117 3264 temporis
1129 3229 1141 3255 t
1152 3223 1238 3265 ναῖς.
1255 3222 1268 3265 11
1285 3222 1343 3263 sic]

266 3271 294 3303 si
316 3270 372 3315 711
393 3272 434 3304 15
458 3270 642 3313 disponunt
661 3269 766 3309 Beck]
791 3267 923 3310 disponi
946 3270 986 3300 ut
1013 3266 1092 3318 7ε11
1111 3270 1144 3299 et
1166 3267 1343 3299 ascenden-

266 3317 352 3349 tium
376 3316 557 3359 om.tvul9.
574 3314 586 3359 11
614 3316 655 3349 16
677 3312 843 3356 generalis
863 3312 920 3355 711
939 3314 977 3346 17
1003 3311 1215 3344 tradiderunt
1238 3313 1343 3344 omni-

266 3361 328 3394 bus
349 3362 458 3405 tvuly.
477 3359 491 3404 11
509 3361 549 3395 18
569 3361 691 3394 subscr.
711 3372 769 3392 om.
791 3358 830 3399 V,
843 3358 919 3391 Am.
938 3356 1033 3401 ukal.
1054 3357 1120 3388 ian.
1138 3356 1255 3398 Neob.,
1278 3357 1343 3388 kal.

268 3407 336 3451 ign,
350 3419 449 3460 (sicu
469 3417 557 3460 μηνὶ
576 3415 795 3459 ἷαννουαρίῳ
810 3413 931 3447 Theoti.
951 3412 963 3454 11
984 3422 1055 3465 cap:
1074 3419 1086 3445 ἰ
1103 3412 1121 3464 11
1143 3412 1230 3464 δᾈίε.
1244 3412 1344 3453 (libis.

268 3464 385 3505 Neob.)
408 3472 461 3495 uc.
485 3472 559 3495 con.
581 3463 712 3502 (contra
736 3461 759 3502 t)
784 3459 886 3493 Neob.
908 3465 930 3498 t,
960 3469 1050 3500 μετα
1073 3469 1141 3498 την
1168 3460 1346 3490 mantem

268 3506 481 3551 Βελισαρίον
510 3507 628 3540 Theod.
649 3506 721 3547 (sed
740 3507 782 3548 cs.
806 3503 994 3538 Zachariae
1015 3503 1089 3535 edit.
1107 3515 1141 3546 p.
1162 3504 1201 3536 17
1224 3515 1254 3534 n.
1272 3504 1306 3543 6)
1334 3501 1348 3546 Ι

270 3556 312 3586 20
338 3555 423 3586 rubr.
449 3565 507 3586 om.
525 3551 560 3586 V
577 3554 610 3585 in
633 3552 741 3595 spatio
763 3562 835 3584 vac.
858 3567 900 3575 —
924 3549 1013 3592 Περὶ
1037 3547 1115 3580 τῶν
1138 3547 1178 3580 έν
1200 3543 1346 3593 Ἀφρικῇ

269 3596 468 3639 ἐκκλησιῶν
485 3597 603 3630 Theod.
614 3597 690 3630 Aet.
703 3595 726 3637 (‘
722 3597 764 3629 H
770 3620 779 3628 .
789 3621 797 3629 .
808 3619 818 3629 .
827 3596 910 3639 περὶ
924 3592 1003 3626 τῶν
1017 3589 1215 3632 ἐκκλησιῶν
1228 3588 1346 3636 Ἀφρι-

270 3643 330 3683 κῆς
344 3668 351 3675 .
363 3667 371 3675 .
381 3667 390 3675 .
405 3639 455 3683 λζ’
467 3642 551 3686 [ριβ
564 3642 658 3675 codd.
668 3642 802 3684 aliquot]
825 3637 934 3683 νεαρά
948 3637 1080 3671 Nomoc.
1090 3636 1244 3670 XIVm.
1259 3640 1344 3678 4,13.

271 3691 302 3729 9,
317 3690 365 3729 25)
381 3687 393 3731 11
418 3690 455 3721 ‘21
481 3687 627 3720 salomon
643 3691 709 3730 ppo
731 3687 788 3731 711
811 3687 852 3720 22
866 3683 1046 3725 cartaginis
1065 3684 1110 3725 (et
1123 3683 1256 3726 sicsere
1271 3694 1345 3716 con—

1410 2866 1467 2909 (cf
1483 2865 1622 2908 Procop.
1641 2867 1680 2899 de
1700 2866 1782 2899 bello
1806 2864 1946 2899 Vandal.
1960 2863 2005 2897 II
2020 2865 2074 2905 26,
2095 2864 2139 2896 al.
2159 2875 2214 2907 ap.
2234 2864 2353 2897 Mami
2369 2862 2491 2897 Concil-

1412 2910 1484 2943 coll.
1506 2910 1600 2944 VIII
1621 2923 1658 2954 p.
1684 2912 1760 2945 841.
1785 2910 1862 2944 848.
1887 2910 1980 2951 850ss
2013 2911 2184 2951 separatus
2207 2909 2286 2942 libri
2319 2908 2332 2951 11
2366 2909 2408 2942 25
2436 2906 2492 2940 uir

1419 2955 1466 2996 V]
1490 2958 1530 2987 ut
1549 2963 1561 2989 t
1578 2957 1665 3000 vuly.
1693 2957 1706 2999 11
1734 2955 1794 2997 qui
1814 2962 1827 2988 t
1843 2955 1942 2999 vulga]
1977 2963 2061 2996 quae
2093 2952 2160 2997 711
2188 2952 2329 2987 oonsilio
2359 2952 2395 2987 V
2415 2961 2492 2986 con-

1412 3000 1506 3032 scilio
1531 3007 1543 3033 t
1572 2999 1584 3043 11
1607 3002 1650 3034 26
1675 2999 1887 3033 ecclesiarum
1911 3012 1969 3033 om.
1994 2997 2050 3043 711
2073 3008 2142 3031 una
2160 2998 2205 3039 V]
2230 2999 2306 3032 iura
2328 2997 2453 3031 tNeob.
2474 2993 2491 3042 Ι

1412 3045 1605 3088 provinciae
1629 3058 1687 3079 om.
1710 3046 1782 3079 Vin
1794 3053 1880 3089 spat.
1892 3057 1963 3078 vac.
1977 3044 2072 3078 21511.
2091 3043 2097 3087 1
2125 3045 2167 3077 27
2192 3043 2315 3076 litteris
2334 3042 2381 3084 V]
2404 3048 2491 3076 oni-t

1413 3090 1498 3133 vulq.
1515 3091 1527 3133 11
1553 3090 1725 3124 diaconem
1744 3088 1803 3134 711
1826 3088 2043 3122 numerabilis
2067 3097 2079 3122 t
2105 3088 2111 3132 1
2137 3090 2180 3123 28
2204 3088 2385 3130 cartaginis
2404 3086 2491 3120 ciui-
2539 3098 2541 3102 ⁴

1413 3135 1490 3167 tatis
1515 3136 1624 3179 tvulq.
1655 3135 1668 3179 11
1698 3137 1740 3169 29
1764 3134 1905 3168 ablatias
1936 3134 1971 3168 V
1989 3132 2002 3178 11
2029 3133 2101 3167 eius
2123 3141 2135 3167 t
2163 3133 2169 3178 1
2204 3134 2247 3167 30
2271 3135 2388 3166 contra
2411 3131 2489 3166 aad.

1413 3180 1498 3223 vulq.
1525 3179 1538 3225 11
1567 3180 1759 3224 praestitam
1784 3181 1862 3214 libri
1889 3179 1902 3223 Ι
1927 3179 2050 3212 nostris
2082 3178 2142 3213 Vt
2221 3178 2370 3211 numinis
2394 3189 2452 3211 om.
2476 3182 2490 3210 t

1413 3225 1499 3268 vuly.
1532 3225 1545 3268 11
1580 3227 1620 3260 31
1646 3226 1846 3258 constitutas
1869 3225 1948 3258 libri
1974 3224 1987 3268 11
2016 3223 2110 3266 legis]
2143 3235 2205 3257 non
2236 3230 2368 3257 servata
2398 3228 2446 3256 ese
2475 3222 2492 3265 Ι

1414 3271 1455 3303 32
1480 3270 1561 3303 haec
1587 3271 1664 3305 libri
1691 3270 1703 3315 11
1729 3271 1848 3313 prono]
1871 3280 1933 3312 pro
1955 3279 2023 3302 non
2048 3276 2061 3303 t
2088 3269 2101 3311 Ι
2127 3270 2171 3303 34
2190 3270 2259 3301 tam
2281 3268 2381 3312 vulga]
2413 3275 2488 3299 cum

1415 3315 1492 3347 libri
1516 3313 1530 3358 11
1560 3317 1602 3349 35
1627 3315 1786 3349 diociseos
1811 3323 1822 3348 t
1853 3314 1975 3347 dioecis
1997 3324 2060 3347 con
2093 3313 2127 3347 V
2145 3313 2158 3358 11
2186 3315 2229 3347 36
2254 3314 2347 3355 quas]
2380 3311 2455 3354 quis
2477 3317 2492 3343 t

1414 3359 1498 3402 vuly.
1519 3360 1531 3401 11
1546 3361 1696 3393 arrianos
1721 3360 1759 3404 ε11
1785 3361 1827 3394 38
1849 3359 1952 3393 auelli
1972 3359 2018 3400 V]
2042 3371 2100 3392 om.
2114 3359 2223 3403 tvulq.
2242 3356 2255 3402 11
2276 3360 2315 3392 41
2343 3356 2488 3390 detinere
2543 3388 2546 3399 ,

1757 3416 1771 3461 11
1799 3418 1876 3449 ante
1908 3415 1943 3449 V
1965 3413 1978 3459 11
2006 3417 2057 3447 sat
2080 3415 2157 3448 dedi
2187 3414 2279 3456 (satis
2301 3412 2488 3447 Zachariae

1415 3459 1448 3491 ²⁸⁷⁸
1469 3459 1575 3498 “dd-H
1607 3460 1651 3492 sit
1675 3462 1754 3495 libri
1778 3461 1825 3494 sic
1848 3461 1936 3504 ναῖς.
1963 3462 1975 3503 11
2006 3459 2225 3501 habundeque
2250 3466 2262 3493 t
2291 3459 2332 3491 ab
2351 3456 2488 3491 eundem
2540 3464 2543 3465 ⁷

1415 3512 1498 3544 quae
1520 3503 1576 3546 711
1601 3506 1644 3538 42
1669 3506 1853 3548 capitulum
1874 3505 1932 3549 711
1955 3505 2067 3546 etiam]
2093 3508 2126 3538 et
2146 3505 2204 3547 711
2225 3500 2486 3540 constitutionis]
2536 3511 2546 3517 Ἀ

1419 3547 1495 3581 0⁰11·
1511 3550 1541 3589 1⁷
1555 3555 1582 3589 ²,
1596 3557 1625 3582 2¹
1642 3551 1698 3593 (cf
1719 3563 1791 3583 nov.
1808 3550 1880 3583 VII
1893 3564 1920 3584 c.
1933 3551 1976 3592 8).
1991 3549 2057 3627 23111
2076 3548 2490 3635 ‘pmmiratiia'd'a'vdgrri
2527 3568 2537 3590 3

2056 3605 2168 3627 noane
2285 3603 2351 3626 rica

1415 3413 1579 3453 (decinere
1604 3417 1627 3455 t)
1653 3416 1731 3450 libri

1414 3594 1560 3633 rogatam
1583 3602 1595 3626 t
1622 3594 1634 3636 11
1662 3597 1706 3628 43
1730 3595 1867 3627 africam
1884 3596 1985 3628 Neob.
2011 3605 2030 3626 a

1414 3637 1615 3670 uenerabilis
1636 3639 1669 3671 V
1683 3640 1695 3683 11
1719 3640 1865 3682 perpatri
1888 3640 1921 3671 V
1938 3638 1951 3683 11
1976 3639 2047 3671 eius
2071 3652 2127 3672 om.
2150 3639 2182 3674 V

2586 1707 2592 1719 ι

2574 1730 2592 1751 Ι

2576 1754 2592 1834 i

2588 3586 2592 3632 1
