2592 3840
253 67 360 111 Nov.
376 68 475 111 LIX
508 72 542 110 1.
565 71 589 109 2

254 176 302 212 ὠς
326 177 468 222 ἐλλιπὴς
492 180 556 223 εἴη,
590 177 678 213 ἀλλὰ
709 177 776 222 τὴν
808 175 1065 226 ἀναπλήρωσιν
1096 181 1135 214 ἐκ
1165 183 1227 224 τῆς
1256 183 1334 216 τῶν

253 228 472 277 τριακοσίων
508 226 754 271 ἐργαστηρίων
790 222 923 258 δόσεως
960 226 1107 267 ἔχοντας
1142 227 1332 261 ποιεῖσθαι

253 282 320 310 την
343 270 421 303 τῶν
439 273 621 313 μηνιαίων
643 271 815 315 χορηγίαν
837 271 910 303 τοῖς
933 281 974 303 τε
996 267 1156 305 δεκανοῖε
1179 274 1239 305 καὶ
1258 274 1331 306 τοῖς

254 312 373 348 ἄλλοις
391 313 558 361 τάγμασι,
577 313 658 348 τοὺς
674 313 713 348 δὲ
732 312 1035 360 θεοφιλεστάτους
1057 313 1214 350 ἐκδίκους
1233 319 1329 360 ἔχον-

254 370 318 393 τας
331 359 377 393 τὰ
390 357 582 394 ὀκτακόσια
595 356 812 406 ἐργαστήρια
824 357 906 393 τούς
919 373 959 394 τε
971 358 1206 405 καλουμένους
1219 360 1329 397 λεκτι-

254 407 394 450 καρίους
418 407 587 450 παρέχειν
610 407 670 437 καὶ
693 402 761 447 τὴν
779 402 892 447 ἄλλην
915 402 1114 452 ὑπουργίαν
1134 408 1263 451 ποιεῖν,
1287 404 1331 451 ἢν

254 446 275 491 ἡ
295 451 373 483 τῶν
394 448 650 484 τελευτώντων
669 446 752 483 ὁσία
769 447 957 493 βούλεται,
983 447 1071 485 ὥςτε
1099 452 1191 487 κατὰ
1222 453 1331 487 τοῦτο

253 493 316 528 τοὶς
341 496 466 539 ζημίας
489 492 634 539 ἀφελεῖν
656 495 735 529 τῶν
759 495 1015 530 πενθούντων.

1309 67 1458 133 -318-

1858 85 1917 115 DE
1946 85 2162 118 EXPENSIS
2190 85 2310 125 QUAE
2338 88 2474 120 mum·

1404 193 1508 227 quam
1531 182 1645 219 minor
1669 183 1734 226 sit,
1768 183 1831 218 sed
1855 194 1921 228 sup
1950 183 2137 220 lamentum
2168 195 2211 220 ex
2238 188 2476 222 trecentorum

1401 228 1678 272 ergasteriorum
1709 228 1900 264 donatione
1977 229 2101 265 bentes
2133 229 2254 266 facere
2276 235 2476 267 menstruo-

1398 283 1476 308 rum
1512 283 1688 318 expensas
1722 277 1759 309 et
1796 273 1940 309 decanis
1979 278 2015 309 et
2052 274 2130 310 aliis
2167 274 2369 320 ordinibus,
2409 275 2477 312 deo

1399 318 1569 354 amabiles
1595 322 1714 354 autem
1734 318 1939 354 defensores
1960 318 2134 355 habentes
2151 320 2357 364 octingenta.
2377 330 2476 366 erga-

1365 365 1384 397 5
1400 363 1509 399 steria
1531 367 1567 399 et
1590 364 1792 409 appellatos
1817 364 1971 399 decanos
1994 365 2167 409 praebere
2197 369 2233 400 et
2254 365 2353 401 aliud
2374 365 2476 401 mini-

1400 408 1547 444 sterium
1569 408 1709 451 facere,
1743 409 1839 454 quod
1863 408 2110 446 defunctorum
2141 410 2313 455 exequiae
2342 411 2476 454 volunt,

1400 453 1568 499 quatinus
1591 464 1658 500 per
1681 454 1751 490 hoc
1776 454 1906 490 damna
1929 453 2139 491 auferantur
2163 455 2369 500 lugentium.

1255 610 1411 647 CAPUT
1435 611 1482 646 11.

311 676 375 707 Δεῖ
396 677 521 709 τοίνυν
551 676 596 708 τὰ
628 676 798 720 εἰρημένα
827 675 923 719 χίλια
956 675 1087 712 ἑκατὸν
1118 677 1335 725 ἐργαστήρια

1461 678 1612 723 Oportet
1634 679 1743 724 igitur
1766 680 1975 725 supradicta
1998 680 2092 716 mille
2117 682 2259 716 centum
2284 679 2479 725 ergasteria

255 719 504 764 φυλάττεσθαι
538 723 611 754 τοῖς
646 733 687 754 τε
717 721 1013 767 θεοφιλεστάτοις
1042 722 1240 768 οἰκονόμοις
1273 727 1334 757 καὶ
1350 725 1391 758 10
1404 723 1576 759 custodiri
1605 726 1642 760 et
1666 724 1732 760 deo
1757 725 1968 761 amabilibus
1992 726 2196 762 oeconomis
2225 729 2261 761 et
2284 724 2479 762 defensori-

255 762 402 798 ἐκδίκοις
426 762 485 799 διὰ
509 766 646 800 παντὸς
665 763 774 809 ἀτελῆ
803 780 844 801 τε
875 770 935 801 καὶ
958 765 1130 812 ἀμείωτα,
1163 771 1224 802 καὶ
1247 765 1333 802 ἀνα·

254 807 482 856 πληρούμενα
502 810 603 856 παρὰ
621 811 685 845 τοῦ
704 809 940 853 ἐνδοξοτάτου
957 810 1111 859 ἐπάρχου
1133 814 1195 856 τῆς
1214 810 1333 847 εὐδαί-

253 865 360 897 μονος
382 854 515 899 ταύτης
536 854 684 898 πόλεως,
716 857 752 890 εἴ
770 868 824 892 τις
844 860 988 904 γένοιτο
1012 856 1213 893 διάπτωσις
1236 856 1330 892 καθ’

253 897 467 943 οἱονδὴποτε
487 900 628 954 τρόπον
651 900 673 944 ἢ
697 901 874 949 ἐναλλαγὴ
903 904 965 946 τῆς
997 902 1139 938 τούτων
1170 902 1290 949 ὄψεως
1311 900 1333 946 ἢ

1402 768 1471 804 bus
1495 778 1635 814 semper
1666 770 1742 806 sine
1765 770 1911 806 tributis
1943 773 1979 806 et
2003 771 2079 806 sine
2103 770 2360 815 deminutione,
2394 781 2478 824 sup-

1401 813 1534 858 plenda
1558 823 1581 848 a
1603 814 1857 858 gloriosissimo
1882 815 2066 860 praefecto
2097 815 2214 851 felicis
2237 815 2344 852 huius
2368 816 2478 859 urbis,

1401 858 1434 894 si
1458 859 1535 903 quis
1559 858 1624 894 fiat
1647 869 1753 895 casus
1778 860 1937 905 quolibet
1959 860 2065 896 modo
2098 864 2161 895 aut
2183 861 2333 896 mutatio
2353 860 2481 896 horum

1400 903 1506 939 faciei
1526 907 1589 939 aut
1611 904 1850 946 mercationis,
1875 909 1917 940 ut
1937 905 2003 941 deo
2020 905 2192 941 amabiles
2217 905 2356 950 quidem
2375 915 2479 941 oeco-

253 947 441 991 ἐμπορίας,
475 957 562 980 ωςτε
593 945 675 981 τοὺς
705 949 772 991 μὲν
803 946 1106 993 θεοφιλεστάτους
1127 946 1333 993 οἰκονόμους
1348 950 1388 983 15
1402 949 1498 984 nomi
1520 949 1695 986 habentes
1728 949 1955 995 praediorum
1986 951 2278 996 gubernationem
2310 960 2401 995 quae
2424 961 2479 986 se-

252 991 400 1032 ἔχοντας
422 991 490 1034 τῆν
513 992 591 1025 τῶν
614 995 761 1039 χωρίων
785 990 962 1037 διοίκησιν
991 994 1070 1028 τῶν
1099 997 1176 1028 ταῖς
1202 997 1333 1039 ταφαῖς

252 1033 552 1080 ἀπονεμομένων,
587 1039 735 1079 ἔχοντας
767 1036 808 1072 δὲ
836 1041 896 1072 καὶ
928 1035 1036 1082 ἀτελῆ
1066 1037 1114 1073 τιὶ
1144 1037 1334 1085 τριακόσια

254 1081 480 1129 ἐργαστήρια,
504 1082 586 1116 τοὺς
610 1080 650 1116 δὲ
673 1080 830 1118 ἐκδίκους
855 1082 901 1118 τὰ
924 1082 1132 1126 ὀκτακόσια,
1162 1083 1230 1127 τὴν
1250 1086 1332 1129 περὶ

252 1127 319 1168 τὴν
343 1123 448 1181 ὁρίαν
472 1128 549 1161 τῶν
572 1126 831 1163 τελευτώντων
852 1129 1043 1163 ποιεῖσθαι
1064 1127 1250 1172 διοίκησιν.
1289 1127 1332 1163 τὸ

1401 994 1555 1039 pulturis
1579 995 1752 1039 deputata
1775 998 1876 1038 sunt,
1909 995 2083 1031 habentes
2108 1005 2248 1041 quoque
2271 995 2378 1031 etiam
2402 995 2480 1031 sine

1401 1039 1545 1075 tributis
1568 1042 1730 1075 trecenta
1753 1040 1960 1084 ergasteria,
1994 1039 2201 1077 defensores
2222 1044 2340 1076 autem
2363 1040 2479 1076 octin-

1401 1086 1526 1129 genta,
1560 1084 1657 1120 circa
1679 1085 1788 1121 funus
1813 1085 2064 1122 defunctorum
2088 1085 2224 1122 faciant
2251 1085 2479 1131 gubernatio-

1401 1139 1492 1165 nem.
1539 1130 1597 1165 Ea
1621 1130 1763 1175 quidem
1811 1140 1879 1166 uae
1909 1141 1955 1166 ex
1977 1131 2203 1176 praediorum
2235 1130 2352 1167 reditu
2375 1140 2477 1166 acce·

252 1173 319 1214 μὲν
342 1184 406 1206 ουν
437 1173 476 1206 ἐκ
506 1173 567 1216 τῆς
598 1174 678 1207 τῶν
706 1177 853 1228 χωρίων
877 1172 1050 1220 προςόδου
1083 1174 1211 1222 προϊὸν
1233 1172 1332 1220 παρὰ
1346 1176 1388 1209 20
1402 1175 1491 1210 dunt
1522 1184 1545 1210 a
1576 1175 1641 1211 deo
1675 1175 1779 1212 amab
1822 1176 1889 1212 bus
1926 1176 2129 1212 oeconomis
2165 1175 2243 1211 dari
2273 1175 2478 1221 sepulturis,

253 1217 331 1251 τῶν
354 1215 656 1263 θεοφιλεστάτων
684 1219 887 1263 οἰκονομων
911 1217 1148 1255 ἐπιδίδοσθαι
1171 1222 1249 1254 ταῖς
1270 1232 1333 1254 τα-

255 1265 352 1307 φαῖς,
384 1261 555 1309 καθάπερ
578 1261 835 1299 ὑποκατιόντες
864 1265 1024 1312 ἐροῦμεν,
1053 1265 1334 1312 προςτιθεμένης

252 1310 312 1359 καὶ
335 1308 397 1350 τῆς
427 1309 466 1342 ἐκ
489 1309 568 1343 τῶν
590 1313 810 1357 τριακοσίων
841 1311 1090 1357 ἐργαστηρίων
1119 1307 1333 1357 προςθήκης,

252 1350 297 1395 ῆν
320 1356 381 1386 καὶ
405 1350 533 1406 αὐτὴν*
550 1355 590 1388 ἐν
614 1352 713 1398 αὐτῷ
738 1356 793 1399 τῷ
816 1352 911 1408 ἔργῳ
945 1352 1145 1400 λαμβάνειν
1174 1353 1332 1402 ᾔτησαν·

1403 1220 1498 1256 sicut
1519 1220 1774 1256 descendentes
1791 1221 1953 1266 dicimus,
1973 1221 2112 1257 adiecto
2129 1221 2235 1257 etiam
2250 1231 2295 1257 ex
2310 1220 2478 1257 trecentis

1402 1266 1604 1310 ergasteriis
1627 1269 1818 1310 cremento,
1864 1266 1937 1302 uod
1958 1267 2064 1302 etiam
2080 1267 2196 1312 ipsum
2214 1266 2252 1301 in
2271 1267 2351 1311 ipso
2370 1275 2478 1311 opere

1401 1310 1586 1356 percipere
1609 1311 1802 1356 petierunt.
1879 1312 1941 1347 uia
1964 1311 2060 1348 mille
2082 1311 2191 1355 igitur
2211 1314 2355 1347 centum
2378 1320 2476 1355 erga-

1402 1356 1593 1391 steriorum
1627 1356 1666 1392 in
1700 1356 1770 1392 hac
1807 1357 2033 1393 existentium
2070 1356 2168 1392 felici
2203 1357 2293 1392 urbe
2326 1355 2478 1401 plurima

254 1396 378 1442 ἐπειδὴ
404 1396 451 1452 ῥὰ
479 1412 559 1434 των
580 1398 709 1442 χιλίων
733 1413 863 1435 εκατον
897 1402 1147 1447 ἐργαστηρίων
1169 1401 1248 1434 τῶν
1273 1401 1332 1435 ἐπὶ
1347 1402 1388 1435 25
1402 1401 1624 1445 ceciderunt,
1648 1401 1890 1447 praecipimus
1913 1404 1955 1438 ut
1978 1401 2174 1438 secundum
2197 1411 2367 1447 praesens
2389 1404 2476 1437 tem-

254 1442 384 1486 ταύτης
399 1457 521 1478 οντων
535 1445 598 1487 τῆς
617 1442 825 1489 εὐδαίμονος
845 1442 985 1480 πόλεως
1004 1445 1158 1481 πλεῖστα
1179 1443 1333 1487 διέπεσε,

255 1486 524 1533 προςτάττομεν
547 1488 642 1523 κατὰ
671 1489 714 1524 τὸ
739 1489 857 1538 παρὸν
888 1488 1193 1538 ἀναπληροῦσθαι
1216 1491 1333 1524 ταῦτα

254 1536 313 1567 καὶ
332 1534 395 1567 τοῦ
415 1535 494 1568 τῶν
512 1533 640 1577 χιλίων
656 1535 786 1570 ἑκατὸν
809 1537 1058 1583 ἐργαστηρίων
1078 1532 1238 1581 ἀριθμοῦ
1258 1533 1332 1570 δια-

254 1581 471 1632 τηρουμένου
495 1577 661 1633 ,ἀμείωτά
695 1593 736 1615 τε
767 1583 828 1615 καὶ
855 1578 962 1624 ἀτελῆ
990 1579 1083 1615 κατὰ
1106 1579 1172 1615 τὸν
1195 1581 1332 1626 εἰρημέ-

1400 1456 1470 1491 pus
1493 1446 1701 1491 repleantur
1723 1447 1824 1491 haec,
1855 1449 1893 1483 et
1915 1447 2011 1483 mille
2039 1449 2183 1482 centum
2204 1445 2478 1491 ergasteriorum

1401 1501 1588 1527 numerum
1610 1492 1835 1528 imminutum
1858 1494 1895 1528 et
1917 1492 1995 1528 sine
2018 1492 2152 1528 tributo
2177 1491 2327 1529 divisum
2351 1500 2475 1527 secun-

1402 1536 1488 1572 dum
1511 1536 1646 1572 dictum
1669 1547 1692 1572 a
1714 1537 1820 1573 nobis
1845 1537 1990 1574 modum
2013 1537 2147 1573 servari
2171 1540 2206 1572 et
2228 1537 2294 1573 deo
2318 1535 2476 1573 amabili-

1401 1581 1470 1617 bus
1501 1582 1705 1618 oeconomis
1741 1586 1776 1618 et
1811 1582 1868 1618 dei
1905 1582 2102 1619 cultoribus
2139 1581 2403 1624 defensoribus,
2437 1583 2478 1617 ut

254 1637 320 1658 νον
336 1627 421 1680 ημῖν
441 1636 580 1670 τροπον
603 1623 854 1670 φυλάττεσθαι
877 1629 950 1660 τοῖς
976 1639 1016 1660 τε
1040 1624 1334 1679 θεοφιλεστάτοις
1346 1629 1389 1661 30
1402 1630 1522 1662 tamen
1545 1637 1617 1663 non
1640 1627 1758 1663 minus
1782 1628 1854 1663 sint
1878 1627 2003 1663 decani
2030 1637 2094 1664 seu
2117 1627 2340 1663 laboratores
2363 1625 2476 1663 octin-

254 1669 453 1712 οἰκονόμοις
476 1672 550 1704 τοῖς
571 1683 612 1704 τε
635 1669 932 1715 θεοσεβεστάτοιε
956 1668 1115 1714 ἐκδίκοις,
1143 1682 1230 1705 ωςτε
1250 1673 1333 1716 με’ν-

254 1727 310 1748 τοι
332 1713 382 1758 μὴ
413 1714 580 1749 ἐλάττους
610 1715 710 1750 εἶναι.
738 1715 819 1750 τοὺς
849 1714 1018 1750 δεκανούς
1048 1714 1128 1759 ἢτοι
1160 1714 1334 1751 κοπιατὰς

254 1760 332 1793 τῶν
356 1757 582 1795 ὀκτακοσίων
613 1760 691 1795 τῶν
721 1761 1036 1805 ἀπονεμηθέντων
1064 1763 1138 1796 τοῖς
1165 1759 1332 1804 θεοφιλε-

255 1803 398 1846 στάτοις
422 1803 590 1848 ἐκδίκοις,
621 1805 703 1840 ἀντὶ
727 1804 766 1840 δὲ
788 1807 867 1841 τῶν
891 1810 1110 1852 τριακοσίων
1132 1807 1211 1840 τῶν
1234 1803 1333 1840 δεδο-

1400 1672 1516 1716 gentis
1549 1672 1711 1717 deputati
1750 1672 1816 1708 deo
1852 1673 2066 1709 amabilibus
2105 1672 2372 1716 defensoribus,
2409 1681 2477 1717 pro

1401 1727 1485 1753 vero
1506 1718 1677 1753 trecentis
1702 1717 1795 1754 datis
1816 1717 1881 1754 deo
1905 1718 2119 1754 amabilibus
2141 1717 2343 1754 oeconomis
2366 1716 2476 1753 licen-

1401 1762 1489 1797 tiam
1513 1772 1592 1798 esse
1615 1762 1750 1798 eisdem
1773 1762 1839 1799 deo
1864 1763 2077 1800 amabilibus
2099 1762 2202 1807 viris,
2238 1763 2270 1798 si
2291 1761 2476 1805 voluerint,

1399 1807 1438 1842 in
1460 1807 1672 1852 corporibus
1694 1808 1859 1862 accipere
1879 1810 2042 1844 trecenta
2062 1807 2257 1853 ergasteria
2279 1810 2343 1843 aut
2361 1805 2478 1843 omnia

254 1851 377 1893 μένων
411 1853 484 1884 τοῖς
519 1849 816 1896 θεοφιλεστάτοις
851 1849 1048 1896 οἰκονόμοις
1083 1849 1211 1886 ἄδειαν
1240 1851 1333 1885 εἶναι
1346 1854 1387 1887 35
1399 1855 1463 1887 aut
1486 1852 1660 1898 quaedam
1683 1863 1728 1888 ex
1750 1853 1818 1897 his,
1852 1855 1916 1888 aut
1938 1853 2122 1899 percipere
2145 1852 2334 1889 occasione
2356 1851 2477 1899 appel-

254 1898 327 1929 τοῖς
359 1893 478 1929 αὐτοῖς
507 1894 803 1941 θεοφιλεστάτοις
833 1893 1021 1942 ἀνδράσιν,
1053 1896 1085 1930 εἰ
1106 1895 1332 1941 βουληθεῖεν,

255 1941 295 1974 ἐν
330 1938 475 1985 σώμασι
510 1939 711 1985 λαμβάνειν
750 1940 795 1976 τὰ
828 1939 1019 1987 τριακόσια
1058 1941 1275 1989 ἐργαστήρια
1310 1940 1333 1985 ἢ

254 1982 377 2020 πάντα
401 1984 423 2029 ἢ
446 1999 531 2021 τινα
555 1987 593 2027 ἐξ
617 1984 750 2029 αὐτῶν,
774 1982 796 2030 ἢ
816 1986 1034 2031 κομίζεσθαι
1058 1985 1237 2033 προφάσει
1254 1987 1332 2021 τῶν

253 2029 485 2076 καλουμένων
500 2030 728 2072 ἐξκουσάτων
742 2030 908 2087 χρῄμμτοι
927 2028 1016 2086 ὖπέρ
1036 2031 1190 2086 πάντων
1205 2029 1227 2075 ἢ
1243 2029 1334 2079 ὑπέρ

1399 1897 1554 1934 latorum
1587 1900 1839 1934 excusatorum
1868 1898 2039 1943 pecunias
2069 1909 2135 1944 pro
2161 1898 2300 1934 cunctis
2328 1900 2392 1933 aut
2413 1906 2478 1943 pro

1399 1942 1578 1988 aliquibus
1594 1943 1811 1988 ergasteriis,
1828 1943 1999 1989 ipsasque
2013 1944 2186 1989 pecunias
2201 1953 2292 1989 quas
2303 1943 2478 1979 hactenus

253 2089 369 2111 τινων
388 2078 648 2124 ἐργαστηρίων,
671 2080 732 2110 καὶ
753 2090 844 2111 αυτοι
867 2089 914 2110 τα
933 2090 1098 2123 χρηματα
1117 2074 1210 2125 οἱπερ
1231 2080 1334 2123 μέχρι
1347 2080 1391 2113 40

253 2190 410 2236 amplius
438 2200 518 2224 eum
550 2189 704 2234 deficere
734 2192 948 2235 querantur,
978 2188 1044 2224 sed
1064 2189 1353 2236 supplementum
1382 2190 1552 2226 habentes
1581 2201 1631 2227 ex
1655 2190 1807 2226 datione
1833 2194 2074 2226 trecentarum
2099 2190 2333 2236 officinarum
2363 2195 2398 2227 et
2421 2190 2479 2227 de-

254 2235 356 2270 canis
379 2238 415 2270 et
437 2234 566 2270 ceteris
587 2233 775 2270 ordinibus
797 2237 983 2270 menstrua
1005 2245 1073 2281 sup
1103 2235 1255 2277 editent,
1287 2233 1355 2271 deo
1380 2235 1559 2270 carissimi
1583 2239 1702 2271 autem
1725 2235 1939 2281 defensores
1970 2236 2198 2282 octinqentas
2221 2235 2394 2281 officinas
2415 2235 2478 2272 ha-

254 2281 373 2317 bentes
395 2283 431 2315 et
454 2279 658 2315 lecticarios
686 2280 753 2326 qui
773 2283 949 2315 vocantur
974 2290 1070 2326 prae
1093 2283 1179 2315 eant
1207 2283 1243 2315 et
1271 2280 1450 2327 reliquum
1482 2280 1718 2316 ministerium
1742 2284 1934 2327 praestent
1963 2279 2064 2327 quod
2086 2280 2342 2326 defunctorum
2363 2281 2479 2327 funus

252 2325 418 2372 requirit,
441 2328 483 2361 ut
506 2324 575 2361 boc
597 2324 704 2360 modo
729 2324 863 2360 damna
887 2336 910 2359 a
934 2324 1138 2370 luqentibus
1161 2325 1396 2371 auferantur.

396 2370 442 2406 Π.
493 2369 644 2417 Oportet
675 2370 790 2417 iqitur
820 2369 918 2406 mille
949 2373 1090 2406 centum
1120 2381 1214 2416 quas
1236 2370 1398 2407 diximus
1429 2371 1602 2417 officinas
1632 2371 1699 2408 deo
1725 2371 1922 2407 carissimis
1946 2371 2150 2407 oeconomis
2173 2375 2208 2406 et
2229 2370 2479 2424 defensoribus

251 2427 320 2463 per
343 2416 464 2452 omnia
487 2416 662 2451 immunes
684 2419 719 2451 et
741 2415 906 2461 inteqras
927 2415 1077 2458 servari,
1111 2420 1221 2461 atque
1242 2426 1286 2451 su
1305 2416 1467 2468 plendas
1490 2428 1513 2452 a
1535 2416 1799 2463 qloriosissimo
1819 2417 2015 2470 praefecto
2039 2415 2146 2452 buius
2166 2416 2290 2462 felicis
2313 2415 2424 2459 urbis,
2445 2415 2478 2451 si

254 2462 317 2508 qui
341 2461 593 2508 qualicumque
621 2460 729 2496 modo
762 2460 927 2506 defectus
957 2460 1013 2496 vel
1042 2461 1196 2497 mutatio
1227 2461 1274 2496 ba
1299 2465 1372 2497 itus
1401 2472 1526 2497 earum
1558 2465 1625 2497 aut
1652 2462 1910 2508 neqotiattonis
1940 2460 2104 2497 accidat:
2138 2465 2181 2497 ut
2209 2460 2277 2497 deo
2302 2459 2479 2497 carissimi

254 2506 440 2543 oeconomi
464 2517 544 2541 cum
554 2506 800 2557 praediorum
824 2516 919 2552 quae
941 2506 1139 2553 sepulturis
1160 2505 1340 2542 destinata
1370 2510 1457 2542 sunt
1487 2506 1836 2543 administrationem
1864 2506 2053 2549 babentes,
2088 2510 2161 2541 tum
2191 2517 2276 2543 vero
2307 2506 2479 2543 immunes

254 2552 425 2588 babentes
457 2551 629 2597 officinas
653 2555 849 2594 trecentas,
882 2550 1096 2596 defensores
1119 2554 1239 2588 autem
1262 2552 1507 2599 octinqentas,
1538 2563 1582 2588 ea
1606 2563 1701 2598 quae
1730 2551 1781 2587 ad
1809 2552 1986 2598 exequias
2015 2551 2270 2597 defunctorum
2297 2551 2478 2598 pertinent

255 2597 517 2632 administrent.
564 2595 671 2638 Quod
692 2596 705 2631 i
733 2596 806 2631 itur
828 2595 1011 2631 redundat
1040 2607 1090 2632 ex
1106 2596 1347 2644 praediorum
1375 2597 1496 2633 reditu
1527 2608 1551 2633 a
1574 2597 1640 2633 deo
1665 2597 1863 2633 carissimis
1893 2597 2096 2633 oeconomis
2125 2596 2163 2631 in
2185 2596 2394 2643 sepulturas
2413 2595 2476 2631 im-

248 2641 447 2689 pendatur,
481 2640 693 2687 quemadmo
721 2651 780 2676 um
812 2642 979 2677 oratione
1009 2641 1229 2688 procedente
1259 2641 1435 2685 dicemus,
1473 2642 1613 2679 adiecto
1644 2642 1752 2678 etiam
1782 2642 2002 2678 incremento
2038 2652 2088 2678 ex
2120 2641 2287 2677 trecentis
2318 2640 2369 2687 of
2414 2640 2478 2677 'nis

253 2686 439 2733 faciendo,
470 2685 570 2731 quod
592 2686 710 2732 ipsum
734 2696 879 2731 quoque
901 2690 943 2721 ut
964 2697 1005 2721 re
1028 2687 1109 2733 ipsa
1133 2687 1340 2739 acciperent
1361 2688 1565 2734 petierunt:
1599 2687 1770 2734 quoniam
1796 2691 1915 2723 autem
1945 2697 1996 2723 ex
2025 2686 2122 2722 mille
2152 2691 2293 2722 centum
2317 2696 2339 2721 o
2358 2685 2477 2731 ficinis

256 2743 351 2778 quae
373 2732 412 2766 in
435 2730 504 2766 bac
526 2730 630 2776 felici
651 2730 740 2766 urbe
762 2734 846 2765 sunt
874 2731 1059 2777 plurimae
1083 2732 1352 2775 interciderunt,
1370 2732 1620 2779 praecipimus
1642 2736 1684 2768 ut
1706 2733 1743 2768 in
1793 2732 1975 2769 raesentia
1996 2742 2061 2768 eae
2078 2731 2329 2778 suppleantur,
2352 2734 2389 2767 et
2402 2741 2476 2767 ser-

254 2782 339 2814 vato
370 2787 521 2811 numero
553 2775 649 2811 mille
679 2779 819 2811 centum
850 2776 1085 2821 officinarum
1115 2781 1153 2813 et
1180 2777 1346 2830 inteqrae
1377 2782 1413 2813 et
1441 2778 1616 2814 immunes
1645 2788 1754 2814 secun
1780 2788 1839 2813 um
1861 2777 2007 2813 modum
2036 2788 2059 2812 a
2082 2776 2185 2813 nobis
2207 2776 2341 2812 dictum
2362 2778 2476 2828 custo-

254 2822 405 2858 diantur
428 2825 463 2857 et
486 2820 544 2856 dei
567 2820 764 2855 carissimis
787 2822 992 2856 oeconomis
1007 2825 1042 2857 et
1056 2822 1339 2874 reliqiosissimis
1354 2822 1608 2868 defensoribus
1623 2826 1821 2866 serventur,
1846 2827 1888 2858 ut
1904 2826 2022 2858 tamen
2045 2833 2119 2857 non
2141 2821 2337 2868 pauciores
2351 2820 2474 2857 decam

254 2868 312 2904 vel
333 2867 501 2913 copiatae
531 2866 603 2900 sint
627 2866 841 2911 octinqentis
872 2866 937 2911 qui
965 2865 1032 2902 deo
1057 2867 1255 2903 carissimis
1285 2867 1540 2913 defensoribus
1563 2867 1734 2904 destinati
1755 2871 1859 2910 sunt,
1889 2878 1965 2914 pro
1990 2867 2157 2903 trecentis
2180 2876 2265 2902 vero
2288 2865 2380 2909 iliis,
2414 2863 2477 2912 qui

254 2913 333 2949 dati
354 2916 440 2947 sunt
462 2910 529 2946 deo
552 2910 747 2946 carissimis
770 2910 986 2953 oeconomis,
1011 2911 1119 2948 liceat
1140 2912 1265 2948 iisdem
1289 2912 1356 2949 deo
1381 2913 1577 2949 carissimis
1599 2913 1705 2956 viris,
1728 2913 1762 2948 si
1785 2913 1981 2955 voluerint,
2014 2912 2053 2947 in
2075 2910 2292 2958 corporibus
2314 2910 2477 2958 accipere

256 2961 435 2994 trecentas
457 2955 541 2991 illas
565 2955 738 3001 officinas
761 2955 817 2991 vel
841 2966 963 2991 omnes
985 2957 1041 2992 vel
1063 2957 1239 3002 quasdam
1262 2969 1313 2994 ex
1335 2958 1399 3001 iis,
1431 2962 1497 2994 aut
1522 2959 1667 2995 nomine
1696 2962 1956 2994 excusatorum
1986 2957 2051 3003 qui
2081 2960 2257 2993 vocantur
2283 2954 2476 3003 pecuniam

255 3003 408 3049 auferre
437 3001 510 3037 sive
534 3011 610 3047 pro
643 3000 806 3036 omnibus
835 3001 909 3036 sive
925 3011 1000 3047 pro
1025 3001 1239 3047 quibusdam
1262 3003 1424 3048 officinis
1454 3007 1563 3050 atque
1586 3004 1702 3051 ipsam
1718 3003 1914 3050 pecuniam
1945 3013 2020 3049 qua
2049 3012 2162 3049 usque
2192 3000 2283 3038 adeo
2306 2999 2477 3038 carebant

304 3122 318 3153 1
342 3115 479 3151 ἐλλιπὲς
503 3117 533 3149 L
550 3115 562 3160 ΙΙ
587 3116 624 3148 ἐκ
648 3115 708 3156 τῆς
731 3116 809 3148 τῶν
831 3116 887 3156 M]
912 3115 971 3157 τῆς
996 3117 1033 3148 ἐκ
1057 3115 1132 3148 τῶν
1156 3117 1186 3149 L
1203 3116 1215 3160 ΙΙ
1241 3119 1260 3150 4
1281 3117 1333 3149 ἐκ·

256 3162 384 3205 δίκους]
417 3159 633 3196 ἐπισκόπους
657 3160 707 3193 La
737 3159 748 3203 ΙΙ
783 3162 801 3193 5
828 3157 1075 3204 λεκτικαρίους]
1108 3161 1247 3194 decanos
1272 3174 1291 3197 ς
1323 3161 1334 3205 Η

255 3213 276 3245 9
300 3206 430 3242 ἑκατὸν
454 3219 511 3240 om.
530 3207 580 3239 La
608 3205 620 3249 ΙΙ
651 3207 692 3238 10
716 3216 756 3237 τε
780 3218 837 3238 om.
858 3205 890 3238 L
917 3206 928 3248 ΙΙ
962 3206 1000 3239 11
1027 3207 1086 3237 καὶ
1110 3203 1332 3251 ἀναπληρού-

253 3256 356 3298 μενα]
382 3255 441 3286 καὶ
467 3265 525 3285 om.
539 3263 558 3287 ς
579 3250 591 3294 ΙΙ
621 3252 660 3284 17
685 3247 1012 3293 ἀπονενεμημε’νων
1036 3250 1067 3282 L
1086 3248 1098 3293 Π
1122 3248 1166 3283 τὰ
1190 3248 1332 3295 τριακό-

254 3302 328 3340 σια]
350 3296 396 3332 τὰ
417 3311 476 3332 om.
491 3298 521 3330 L
541 3296 553 3341 ΙΙ
580 3298 622 3330 28
645 3295 707 3329 τοῦ
728 3295 806 3328 τῶν
824 3307 853 3336 χ.
875 3294 902 3327 ε’.
920 3295 946 3327 ἐ.
967 3292 1127 3338 ἀριθμοῦ
1147 3291 1331 3341 διατηρου-

252 3348 371 3389 μένου,
385 3340 546 3397 infestent&
558 3353 598 3375 τε
610 3342 668 3374 καὶ
681 3338 788 3382 ἀτελῆ
802 3340 858 3380 Μ]
878 3337 943 3372 τὸν
955 3339 1034 3372 τῶν
1046 3351 1077 3379 χ.
1089 3338 1115 3373 ἑ.
1131 3340 1155 3372 ἐ,
1170 3336 1332 3383 ἀριθμὸν

252 3389 434 3433 ἀμείωτον
450 3401 490 3422 τε
506 3389 565 3420 καὶ
582 3383 688 3428 ἀτελῆ
707 3382 958 3430 διαιρούμενον
975 3385 1035 3419 Le
1053 3384 1064 3426 ΙΙ
1083 3385 1124 3417 30
1142 3396 1181 3416 τε
1202 3397 1260 3417 om.
1276 3386 1306 3417 L
1319 3384 1331 3429 Η

253 3437 296 3469 32
320 3432 516 3469 κοπιαστὰς
540 3433 570 3466 L
598 3432 610 3476 ΙΙ
634 3433 675 3465 33
700 3432 784 3471 τοῖς]
808 3431 881 3463 τοῖς
904 3441 944 3462 τε
968 3429 999 3462 L
1021 3430 1033 3473 ss
1062 3429 1104 3461 34
1129 3425 1330 3472 διδομένων

253 3483 284 3514 L
303 3480 316 3525 ΙΙ
332 3483 372 3514 37
392 3479 535 3523 σώματι
550 3478 582 3511 L

1401 3162 1489 3195 dicta
1513 3163 1620 3205 igitur
1641 3161 1696 3203 Vss
1728 3164 1769 3196 10
1793 3161 1993 3195 oeconomiis
2014 3161 2143 3194 Vetsic
2154 3161 2285 3203 saepius
2341 3159 2380 3193 11
2404 3157 2475 3191 nino

1400 3206 1548 3249 tributis]
1571 3206 1633 3241 εἰιῖι
1654 3207 1790 3240 tributis
1812 3220 1830 3240 r
1854 3205 1866 3250 ΙΙ
1895 3205 2117 3239 diminutione
2140 3218 2158 3238 r
2185 3204 2198 3248 ιΙ
2224 3213 2309 3247 supp
2324 3202 2418 3244 ends]
2441 3202 2474 3236 et

1399 3252 1584 3295 supplenda
1603 3253 1688 3294 vulq.
1708 3252 1720 3295 ΙΙ
1739 3253 1779 3286 12
1798 3251 1899 3284 huius
1919 3251 2026 3284 felicis
2048 3251 2082 3284 V
2099 3249 2111 3293 ΙΙ
2138 3250 2178 3284 13
2195 3248 2224 3282 si
2243 3249 2316 3290 quis
2339 3260 2397 3282 om.
2419 3244 2473 3290 V.

1399 3296 1467 3337 fiat]
1492 3297 1590 3330 fatiat
1611 3289 1673 3342 Vll
1700 3307 1813 3330 eorum
1837 3310 1854 3330 r
1879 3295 1891 3339 11
1915 3297 1956 3330 16
1980 3295 2135 3338 deputate
2156 3292 2214 3338 Vn
2243 3296 2282 3328 17
2307 3292 2474 3326 defensor·

1407 3340 1465 3385 Vn
1481 3342 1615 3375 LXXX
1635 3356 1652 3376 r
1667 3343 1679 3386 ΙΙ
1704 3344 1742 3376 21
1767 3341 1962 3374 defendente
1983 3354 2001 3373 r
2018 3340 2031 3384 ΙΙ
2054 3339 2200 3372 dicemus
2215 3338 2362 3372 Osenbrd
2382 3332 2472 3424 qen„

1399 3387 1442 3420 22
1467 3386 1565 3419 etiam
1588 3388 1632 3429 V]
1657 3389 1689 3420 et
1708 3401 1725 3420 r
1751 3386 1762 3431 ΙΙ
1787 3387 1829 3420 23
1848 3385 1939 3419 mille
1958 3385 2076 3427 igitur]
2101 3384 2159 3417 ille
2179 3383 2285 3425 igitur
2305 3381 2363 3415 mil
2379 3391 2396 3414 e
2416 3379 2447 3414 V

1399 3432 1441 3464 24
1454 3431 1555 3464 uerbe
1574 3446 1591 3465 r
1606 3431 1618 3475 ΙΙ
1644 3434 1685 3466 25
1705 3432 1898 3465 acciderunt
1919 3429 1974 3475 Vn
2000 3429 2245 3472 *praecipimus
2261 3429 2311 3469 ut]
2330 3429 2362 3460 et
2378 3434 2470 3468 prae-

1397 3475 1537 3517 cipimus
1553 3490 1570 3509 r
1592 3477 1813 3520 praecipimus
1834 3477 1868 3510 V
1885 3475 1897 3519 ΙΙ
1922 3477 1963 3509 27
1984 3474 2150 3507 minutum
2172 3475 2205 3506 et
2222 3473 2293 3505 sine
2313 3471 2470 3504 tributam

1405 3519 1461 3562 Vss
1485 3521 1528 3554 30
1554 3521 1684 3554 decanis
1709 3536 1725 3555 r
1750 3521 1763 3566 ΙΙ
1790 3521 1977 3554 laborantes
1998 3520 2032 3553 V
2052 3518 2064 3563 ΙΙ
2088 3520 2127 3553 31
2156 3515 2437 3568 deputatis-Beck
2458 3511 2473 3570 ι

1396 3565 1439 3597 32
1464 3566 1605 3599 recentis
1629 3566 1703 3600 date
1724 3567 1758 3600 V
1781 3565 1793 3610 ΙΙ
1821 3567 1862 3600 33
1889 3575 1955 3598 esse
1973 3564 2106 3606 eisdem]
2134 3564 2186 3597 his
2209 3572 2276 3597 esse
2298 3560 2421 3594 h1sdem
2443 3557 2458 3591 1

1396 3619 1462 3641 esse
1479 3610 1530 3642 his
1546 3610 1586 3644 de
1605 3625 1623 3645 r
1638 3611 1651 3654 ΙΙ
1677 3613 1719 3645 35
1742 3621 1781 3644 ex
1797 3611 1860 3651 his]
1885 3611 1931 3643 eis
1953 3608 2016 3654 Vss
2044 3609 2246 3643 occasionem
2271 3620 2288 3640 r
2308 3606 2322 3650 fl
2348 3605 2391 3639 36
2414 3611 2466 3637 ex-

1395 3654 1602 3689 cusatoribus
1624 3665 1725 3698 penas
1756 3656 1787 3688 V

1401 3117 1571 3159 octoginta
1591 3118 1635 3161 ru
1655 3119 1674 3151 5
1695 3117 1799 3150 alium
1817 3130 1834 3150 r
1849 3116 1862 3161 ΙΙ
1881 3117 1901 3150 6
1923 3115 2040 3158 exequi
2060 3128 2078 3148 r
2093 3114 2105 3158 ΙΙ
2124 3114 2234 3147 uoluit
2255 3113 2347 3235 Vll?
2363 3121 2475 3156 supra-

306 3573 325 3604 2
351 3570 626 3612 ergastericorum
647 3568 680 3601 V
696 3567 708 3611 ΙΙ
734 3566 911 3599 donatione
932 3564 975 3604 V]
1001 3563 1135 3596 datione
1160 3577 1176 3596 r
1201 3563 1213 3606 ss
1239 3574 1326 3595 men-

251 3618 418 3648 struorum
444 3625 599 3657 expensas
623 3614 657 3646 et
680 3611 813 3646 decanis
835 3611 933 3654 vulq]
965 3609 1191 3641 ministrorum
1218 3609 1327 3650 (mini-

249 3661 425 3694 steriorum
443 3662 471 3702 r)
489 3669 645 3701 expensas
663 3660 695 3692 et
711 3656 843 3692 decanis
859 3655 1044 3689 menstruas
1064 3668 1081 3688 r
1097 3653 1152 3699 Vss
1171 3655 1193 3687 4
1210 3656 1269 3686 aut
1283 3667 1300 3687 r
1314 3653 1327 3699 Η

2538 3272 2559 3306 ⁴··
2543 3231 2562 3243 i·
2543 3100 2570 3221 ’ἔκ-υττ.
2543 3067 2561 3089 ³³*
2544 2918 2573 3061 wear
2542 2819 2573 2901 lvn-
2566 2798 2570 2805 ,

2562 2167 2563 2170 ⁴
2570 2111 2592 2147 ²³2
2567 2009 2592 2091 ‚fla-*-
2568 1918 2592 1989 ,ιε-»ῇ
2569 1838 2592 1899 h:-

2571 2397 2578 2414 κι
2558 2284 2585 2374 ’.ἣμ-

2558 2585 2578 2634 4-Ἅῗιε
2573 2558 2578 2566 .

2559 2741 2572 2764 -‚-.
2552 2683 2586 2733 ἴς
2558 2668 2563 2674 Α,
