2476 3854
164 101 242 145 Ed.
264 103 326 147 IX
355 117 416 159 pr.
967 102 969 104 ’
1238 103 1325 151 772
1916 122 1978 154 mv:
2006 121 2387 157 ARGENTAmonuu

163 216 377 267 megum..
424 215 509 250 Dat.
532 214 612 250 xv.
636 214 710 250 kal.
735 214 815 250 oct.
837 214 942 260 (σι’.)
969 215 1053 260 imp.
1086 215 1146 251 dn.
1171 216 1248 262 <Iu-
1316 217 1400 253 nat.
1419 218 1622 254 xvn.1‹21.
1641 219 1720 256 ont.
1737 219 1805 256 cP.
1828 219 1914 267 imp.
1933 221 1991 258 dn.
2009 220 2198 258 lastiniani
2219 232 2277 268 pp.
2295 222 2388 268 Aug.

164 259 333 340 numani}
356 270 417 305 pp.
439 262 528 305 Aug.
553 269 647 296 anno
671 259 788 295 XXII.
813 263 898 305 post
919 260 1045 296 Basilii
1068 271 1120 297 vc.
1146 271 1246 297 cons.
1314 273 1410 299 anno
1432 263 1548 299 XXII.
1573 273 1620 310 pe
1624 290 1757 303 ......

163 315 258 341 anno
283 305 311 342 V
334 305 361 340 Ι.
1190 309 1237 349 [a.
1262 310 1355 351 548.)

1259 490 1316 534 ‘6‘

473 561 652 616 ΠΕΡΙ
702 563 1379 618 ΑΡΓΥΡΟΠΡΑΤΙΚῼΝ
1426 565 2111 622 ΣῩΝΑΔΛΑΓΜΑΤῼΝ.
2411 583 2432 617 5

584 638 836 688 Αὐτοκράτωρ
857 640 1113 678 Ἰουστινιανὸς
1135 642 1346 690 Αὔγουστος
1376 645 1623 690 Τριβουνιανῷ
1649 646 1796 692 ἐπάρχῳ
1817 645 1964 682 πόλεως.

296 709 612 765 (Προοίμιον.)
664 709 708 743 Τὸ
740 708 864 745 κοινὸν
893 711 957 745 τοῦ
988 708 1216 755 συστήματος
1243 712 1322 745 τῶν
1342 708 1632 758 άργυροπρατῶν
1654 714 1733 747 τῶν
1757 714 1817 748 ἐπὶ
1840 714 1973 758 ταύτης
1994 716 2058 757 τῆς
2078 712 2231 761 μεγάλης
2253 711 2390 748 πόλεως

163 755 285 790 ὄντων
315 755 470 790 ἱκέτευσε
501 753 544 789 τὸ
574 757 747 800 ημέτερον
780 755 923 800 κράτος.
956 769 985 790 π
1008 754 1046 790 ὸς
1077 758 1150 790 τοῖς
1181 754 1300 790 ἄλλοις
1331 753 1480 798 ἅπασιν,
1511 755 1562 792 οἷς
1594 754 1714 792 αὐτοῖς
1745 757 2078 804 πεφιλοτιμήμεθα,
2108 762 2168 793 καὶ
2200 760 2269 794 νῦν
2292 754 2385 792 καθ’

163 802 288 845 ἕτερον
320 797 442 834 αὐτοῖς
474 800 659 844 βοηθῆσαι
689 800 840 845 τρόπον.
889 798 1062 842 ἐδίδαζαν
1083 800 1155 848 γάρ
1179 812 1280 836 τινας
1305 800 1582 848 ἐποφλήσαντας
1605 799 1627 845 ἢ
1649 805 1710 836 καὶ
1734 802 1992 848 ἐποφείλοντας
2021 807 2082 838 καὶ
2106 800 2389 848 ἀπαιτουμένους

162 849 309 889 χρυσίον
340 844 363 887 ἢ
394 844 592 892 πράγματα
623 847 683 878 καὶ
715 843 779 879 οὐκ
810 848 975 888 ἔχοντας,
1003 842 1099 880 ὅθεν
1130 847 1236 881 τοῦτο
1268 843 1488 891 διαλύσειαν,
1518 847 1634 881 αἰτεῖν
1662 844 1790 882 αὖτοὺς
1821 849 1988 894 καθαρὰς
2010 845 2272 894 ἀντιφωνήσεις
2297 845 2388 893 ὑπὲρ
2415 850 2454 884 10

166 887 292 924 αὐτῶν
310 888 516 931 ὑπειςιέναι,
540 893 600 924 καὶ
623 891 714 924 ποτὲ
736 891 803 934 μὲν
827 888 915 925 αὐτὸ
939 891 1049 925 τοῦτο
1073 892 1114 924 ἐν
1137 888 1341 937 ὁμολογίαις
1365 890 1594 938 συγγράφειν,
1618 894 1708 927 ποτὲ
1731 891 1772 927 δὲ
1794 891 1856 927 διὰ
1879 892 1949 937 τὴν
1972 895 2011 927 ἐκ
2033 895 2096 928 τοῦ
2121 891 2390 938 συμβάλλοντος

164 938 290 969 πίστιν
319 938 379 969 καὶ
411 931 582 982 ἀγράφως
611 932 731 969 αὐτοῖς
762 933 997 970 ἐντείλασθαι
1020 937 1130 970 τοῦτο
1153 940 1282 979 ποιεῖν,
1306 937 1454 971 ἑαυτοὺς
1478 935 1517 971 δὲ
1539 940 1618 971 ταῖς
1640 939 1789 972 ἐκείνων
1811 936 1995 981 αἰτήσεσιν
2019 936 2230 973 ἐνδιδόντας
2253 935 2389 985 ὁρίζειν

163 978 295 1025 χρόνον
323 978 435 1026 ῥητὸν
469 980 557 1025 πρὸς
582 979 666 1014 τοὺς
696 979 930 1022 ἐνοχλοῦντας
961 978 1094 1022 αὗτοῖς,
1128 978 1216 1015 ὦςτε
1245 981 1332 1015 εἴσω
1366 982 1497 1017 τούτου
1528 981 1677 1017 πάντως
1706 982 1773 1018 τὸν
1804 981 2067 1030 άντιφωνητὴν
2097 983 2316 1018 καταθεῖναι
2345 981 2389 1018 τὸ

164 1024 326 1068 ὄφλημα·
357 1024 505 1060 ἑαυτοὺς
532 1023 573 1059 δὲ
604 1026 751 1060 ἐκείνοις
781 1023 867 1060 άντι
898 1028 1017 1070 ωνεῖν,
1047 1025 1127 1060 εἶτα
1162 1027 1225 1069 τῆς
1248 1027 1475 1082 προθεσμίας
1499 1027 1674 1071 ἐνστάσης
1693 1025 1817 1075 ἀπραγ
1845 1028 1937 1063 όνως
1961 1031 2079 1064 ποιεῖν
2101 1027 2143 1063 τὸ
2168 1027 2295 1063 ἱκανὸν
2316 1030 2390 1062 τοῖς

163 1070 225 1104 τὰς
255 1068 520 1116 ἀντιφωνήσεις
549 1069 759 1114 δεχομένοις,
790 1068 863 1105 άνα
887 1069 1134 1115 αμβανόντων
1163 1072 1242 1106 τῶν
1271 1071 1497 1106 υπευθύνων
1526 1072 1613 1106 ἴσως
1636 1075 1695 1106 καὶ
1718 1075 1784 1108 τὰς
1829 1074 1995 1108 ανειακὰς
2017 1073 2219 1120 συγγραφὰς
2241 1075 2302 1107 καὶ
2324 1070 2389 1107 τὰς
2414 1075 2455 1109 15

164 1113 353 1161 ὁμολογίας
381 1114 446 1150 τὰς
478 1112 602 1149 αὐτῶν
634 1112 657 1158 ἢ
686 1118 746 1149 καὶ
776 1112 953 1150 διαλύσεις
983 1114 1263 1161 λαμβανόντων,
1295 1114 1343 1150 αἱς
1373 1117 1415 1151 τὸ
1447 1113 1603 1162 ἀσφαλες
1634 1115 1694 1152 διὰ
1724 1119 1786 1161 τῆς
1815 1116 2097 1164 ἀντιφωνήσεως
2120 1114 2388 1162 πεποιηκότων.

163 1158 314 1194 πολλοὺς
346 1158 386 1194 δὲ
415 1163 476 1194 καὶ
506 1162 688 1203 ἐπιτυχεῖν
717 1172 815 1195 τινος
845 1159 1093 1205 βουληθέντας
1123 1160 1146 1204 ἢ
1168 1164 1228 1195 καὶ
1251 1160 1486 1206 βουλομένους
1510 1161 1722 1208 πράγματος
1744 1162 1980 1198 ἐντείλασθαι
2004 1161 2125 1198 αὐτοῖς
2149 1161 2242 1209 ὑπὲρ
2266 1161 2390 1197 αὐτῶν

163 1201 420 1250 άντιφωνῆσαι
452 1203 647 1251 χρημάτων
676 1206 794 1240 τινῶν
824 1202 846 1248 ἢ
878 1205 1107 1253 πραγμάτων
1132 1204 1258 1248 δόσεις,
1291 1210 1350 1240 καὶ
1373 1210 1446 1241 τοῖς
1468 1209 1536 1251 μὲν
1559 1207 1840 1250 κατορθοῦσθαι
1863 1207 1906 1243 τὸ
1930 1207 2237 1253 σπουδαζόμενον,
2260 1204 2391 1243 αὖτοὺς

164 1249 204 1284 δὲ
226 1248 375 1293 ἀμελητὶ
398 1250 640 1285 κατατιθέναι
662 1249 704 1285 τὸ
727 1254 873 1295 χρυσίον
896 1251 918 1294 ἢ
941 1250 987 1285 τὰ
1012 1248 1221 1297 πράγματα,
1253 1254 1314 1285 καὶ
1337 1248 1459 1287 ἁπλῶς
1480 1249 1577 1286 οὕτω
1625 1253 1774 1287 ίνεσθαι
1797 1252 1862 1288 τὰς
1885 1252 2161 1299 άντιφωνήσεις,
2185 1251 2250 1287 οὐκ
2273 1251 2388 1287 ἐντελ-

164 1295 328 1336 λομένων
358 1292 482 1329 αὐτῶν
513 1299 598 1338 [καὶ]
628 1295 678 1340 μὴ
711 1294 827 1330 ἄλλως
858 1295 901 1330 τὸ
926 1300 1070 1341 χρυσίον
1093 1294 1117 1337 ἢ
1141 1295 1188 1330 τὰ
1213 1295 1407 1343 πράγματα
1431 1296 1595 1342 καταβάλ
1619 1310 1683 1340 ειν,
1706 1301 1796 1342 πρὶν
1818 1295 1863 1332 ἂν
1886 1296 1906 1332 ὁ
1931 1298 2001 1342 τὴν
2023 1295 2278 1345 ἆντιφώνησιν
2300 1296 2387 1342 λαμ-
2413 1301 2456 1334 20

162 1340 293 1385 βάνων
324 1338 514 1381 ἀπόδειξιν
544 1341 623 1374 τῶν
653 1339 851 1384 χρημάτων
880 1338 904 1384 ἢ
936 1342 1011 1375 τῶν
1042 1339 1269 1387 πραγμάτων
1301 1339 1494 1385 ποιήσαιτο
1525 1341 1549 1386 ἢ
1571 1342 1775 1377 κατάθοιτο
1798 1344 1916 1378 ταῦτα
1939 1342 2132 1389 εἰληφέναι.
2178 1345 2238 1378 καὶ
2262 1339 2391 1377 αὖτοῦς

161 1388 229 1429 μὲν
252 1389 421 1431 παρέχειν
443 1384 486 1420 τὸ
506 1389 653 1432 χρυσίον
676 1385 701 1428 ἢ
723 1385 770 1420 τὰ
793 1385 867 1432 πρά
892 1399 1002 1429 ματα,
1028 1382 1181 1431 ὕστερον
1203 1384 1244 1420 δὲ
1267 1383 1548 1432 άμφιςβητήσεις
1571 1389 1666 1430 ἔχειν
1690 1389 1840 1423 ἐκείνων
1863 1385 2062 1430 ἀποδείξεις
2085 1387 2297 1432 ζητούντων
2321 1388 2387 1422 τοῦ

162 1433 204 1465 τὸ
233 1435 380 1476 χρυσίον
411 1428 435 1474 ἢ
457 1428 503 1465 τὰ
527 1430 722 1476 πράγματα
746 1429 852 1465 δεὸόσ
887 1443 942 1465 αι·
967 1433 1118 1478 πρᾶγμα
1141 1435 1324 1466 παντοίως
1348 1429 1536 1487 άμήζανον
1558 1435 1619 1467 καὶ
1642 1432 1802 1479 φοβερὸν
1826 1431 1946 1468 αὐτοῖς
1968 1430 2143 1479 ὑπάρχον,
2167 1431 2299 1478 ὁμοίως
2321 1433 2390 1476 μὲν

162 1476 205 1510 τὸ
239 1476 464 1522 παρῳχηκός,
494 1474 625 1518 ὁμοίως
655 1474 695 1510 δὲ
723 1475 764 1511 τί
799 1475 1038 1519 ἐλπιζόμενον
1064 1491 1080 1508 α
1098 1491 1114 1508 0
1132 1490 1162 1519 α,
1194 1473 1286 1521 ὅπερ
1317 1477 1395 1512 τῶν
1417 1475 1610 1512 αδυνάτων
1634 1479 1746 1512 ἐστίν.
1792 1481 1846 1512 τίς
1866 1478 1937 1525 γὰρ
1961 1476 2010 1514 ἂν
2031 1479 2110 1513 τῶν
2132 1476 2176 1513 τό
2201 1480 2346 1524 χρυσίον
2368 1472 2391 1521 ἣ

162 1521 359 1567 πράγματα
389 1518 732 1566 άντιφωνηθέντων
760 1519 783 1564 ἢ
815 1519 1148 1566 ἇντιφωνουμένων
1178 1519 1227 1565 μὴ
1259 1523 1320 1556 ἐπὶ
1349 1523 1403 1575 τῷ
1434 1521 1665 1566 ποιήσασθαι
1696 1524 1775 1558 τῶν
1799 1521 2001 1567 διδομένων
2024 1520 2213 1564 ἀπόδειξιν
2236 1519 2259 1566 ἢ
2280 1521 2388 1557 κατά·
2412 1526 2456 1560 25

163 1568 273 1600 θεσιν
303 1568 343 1600 ἐν
369 1566 637 1610 ὑπομνήμασιν,
666 1565 715 1600 ὠς
737 1567 854 1600 ταῦτα
877 1567 929 1610 εἴη
953 1566 1092 1612 λαβών,
1116 1565 1233 1601 ἕλοιτο
1257 1563 1306 1601 ἂν
1325 1580 1353 1601 π
1377 1578 1414 1602 ος
1437 1568 1546 1602 τοῦτο
1570 1567 1712 1608 ἐλθεῖν;
1737 1566 1905 1603 πολλάκις
1928 1566 1970 1603 δέ
1992 1565 2119 1603 αὐτοὺς
2141 1566 2390 1613 ταλαιπωρου-

161 1614 288 1655 μένους
318 1615 378 1645 καὶ
407 1614 577 1658 ἐκχωρεῖν
607 1611 740 1657 ἑτέροις
771 1610 836 1646 τοὶς
867 1609 1027 1658 ἀγωγάς,
1058 1614 1120 1646 καὶ
1150 1581 1419 1647 ἀντιτίθεσθαι
1451 1614 1570 1647 ταῦτα
1602 1609 1667 1647 οὐκ
1692 1611 1812 1647 αὐτοῖς
1834 1613 1957 1659 μόνοις
1981 1612 2183 1660 ἐνάγουσιν,
2215 1609 2307 1647 ἀλλὰ
2328 1614 2390 1647 καὶ

162 1659 234 1691 τοῖς
264 1655 328 1691 τὰς
360 1654 506 1704 ἀγωγὰς
537 1657 800 1702 ἐκχωρηθεῖσιν
823 1653 845 1700 ἢ
868 1659 1154 1703 ἐκχωρουμένοις.
1203 1659 1276 1691 Καὶ
1301 1655 1441 1703 ᾔτησαν
1463 1656 1597 1700 ταύτης
1619 1655 1874 1706 ἀπαλλαγῆναι
1897 1660 1960 1704 τῆς
1984 1657 2173 1702 summae,
2192 1661 2265 1701 καὶ,
2287 1657 2389 1703 εἴπερ

297 1748 447 1782 Edictum
472 1748 533 1782 IX
558 1747 684 1782 Graece
707 1754 829 1782 tantum
852 1754 941 1782 extat
963 1749 999 1782 in
1023 1747 1074 1782 M.
1097 1765 1144 1773 —-
1166 1747 1258 1792 Epic.
1283 1760 1380 1782 anon.
1405 1748 1508 1783 Bodt.
1526 1754 1566 1793 'p-
1583 1749 1650 1784 224
1673 1749 1778 1783 Zach.

599 1990 703 2042 DE
743 1991 789 2042 Α
795 1990 991 2043 RGEN
989 1990 1168 2043 TARJ
1169 1922 1366 2044 ΟΙῖΙῑᾸλΜ
1413 1992 1687 2045 CONTRA
1693 1993 1956 2046 CTIBUS.

740 2070 834 2119 Imp.
861 2070 1089 2108 lastinianus
1107 2072 1201 2119 Auq.
1224 2071 1448 2108 Iriboniano
1466 2073 1665 2119 praefecto
1688 2073 1800 2110 urbis.

297 2138 557 2183 Praefatio.
606 2138 798 2176 Commune
828 2138 974 2185 colleqii
1003 2139 1309 2185 arqentariorum,
1337 2139 1402 2185 qui
1424 2140 1462 2175 in
1485 2139 1555 2176 hac
1578 2151 1712 2186 maqna
1736 2141 1825 2177 urbe
1843 2139 2184 2188 sunt,.supplicavit
2234 2139 2390 2177 olentiae

161 2188 319 2226 nostrae,
343 2188 385 2218 ut
379 2188 550 2264 ‘praeter
573 2189 693 2220 cetera
718 2183 847 2227 omnia,
872 2195 966 2230 quae
988 2184 1034 2219 iis
1057 2184 1115 2220 lar
1145 2184 1188 2219 iti
1209 2195 1343 2227 sumus,
1367 2184 1476 2220 etiam
1500 2196 1597 2221 nunc
1615 2185 1688 2220 alio
1705 2185 1811 2221 modo
1827 2185 1897 2221 sibi
1913 2186 2141 2232 opitulemur.
2216 2189 2392 2222 ocuerunt

161 2229 254 2265 enim
286 2239 378 2275 quos
404 2239 479 2270 am,
513 2229 576 2274 qui
607 2228 795 2265 debuerint
826 2235 890 2264 aut
920 2230 1029 2265 etiam
1061 2229 1105 2265 de
1127 2234 1230 2272 eant,
1259 2229 1406 2275 quando
1431 2230 1613 2276 pecuniae
1641 2233 1707 2266 aut
1737 2241 1798 2266 res
1827 2230 1873 2266 ab
1903 2230 1995 2277 ipsis
2023 2241 2045 2266 r
2091 2234 2236 2266 etantur
2257 2234 2293 2266 ct
2314 2240 2390 2266 non

162 2274 337 2316 habeant,
361 2273 456 2309 unde
478 2272 547 2309 hoc
569 2274 729 2317 solvant,
763 2274 809 2310 ab
832 2274 924 2320 ipsis
938 2279 1084 2320 petere,
1119 2278 1161 2310 ut
1175 2285 1277 2321 pura
1300 2274 1499 2310 constituta
1512 2285 1591 2326 pro
1614 2275 1706 2321 ipsis
1727 2275 1898 2319 subeant,
1928 2279 1965 2311 et
1986 2287 2044 2311 mo
2073 2286 2094 2311 o
2117 2274 2186 2311 hoc
2208 2276 2326 2322 nisum
2350 2275 2390 2311 in

162 2318 444 2365 obliqationibus
475 2319 713 2363 conscribere,
742 2319 848 2354 modo
878 2324 1031 2366 propter
1061 2319 1310 2355 contrahentis
1336 2319 1446 2364 fidem
1470 2324 1577 2356 ettam
1597 2325 1639 2355 ut
1660 2320 1738 2355 sine
1761 2321 1900 2366 scripto
1923 2319 1992 2356 hoc
2011 2321 2160 2366 faciant
2180 2320 2270 2373 ipsis
2291 2330 2389 2355 man-

161 2365 262 2406 dare,
285 2375 363 2399 sese
386 2367 503 2399 autem
525 2364 673 2399 illorum
692 2363 928 2411 petitionibus
950 2364 1114 2400 cedentes
1137 2364 1192 2406 iis,
1217 2364 1280 2411 qui
1303 2364 1386 2399 illos
1407 2369 1586 2411 premant,
1611 2369 1746 2400 certum
1767 2370 1908 2411 tempus
1923 2365 2152 2407 constituere,
2177 2370 2277 2401 intra
2292 2364 2391 2411 quod

162 2410 379 2445 constitutae
405 2409 585 2455 pecuniae
615 2420 701 2445 reus
731 2409 878 2444 omnino
910 2409 1065 2445 debitum
1095 2409 1212 2445 solvat
1218 2422 1234 2452 ,·
1263 2420 1303 2445 se
1327 2420 1409 2445 vero
1433 2409 1508 2444 illis
1528 2420 1549 2444 s
1576 2410 1719 2452 ondere,
1740 2409 1869 2445 deinde
1892 2410 1950 2445 die
1970 2409 2086 2455 fatali
2107 2411 2269 2446 veniente
2286 2409 2388 2446 nullo

162 2455 308 2501 neqotio
339 2454 387 2488 iis
417 2454 481 2500 qui
508 2454 707 2490 constituta
737 2460 975 2500 susceperunt
995 2455 1226 2499 satisfacere,
1253 2454 1511 2501 recipientibus
1558 2454 1754 2490 ebitoribus
1773 2455 1938 2500 fortasse
1960 2459 1996 2490 et
2019 2454 2135 2490 mutui
2155 2465 2295 2502 synqra
2323 2453 2390 2490 has

162 2505 199 2535 et
218 2499 465 2544 confessiones
488 2510 585 2541 suas,
618 2505 682 2535 aut
705 2499 811 2535 etiam
836 2499 997 2546 apochas
1019 2499 1291 2552 accipientibus,
1315 2545 1319 2547 Π
1345 2499 1420 2535 uod
1438 2499 1668 2535 securitatem
1690 2510 1759 2546 per
1782 2500 2015 2535 constitutum
2037 2499 2202 2545 fecerint.
2294 2500 2390 2535 uttos

162 2555 258 2586 vero,
291 2555 371 2579 cum
397 2555 538 2590 parare
566 2544 636 2580 sibi
664 2555 740 2580 rem
771 2544 932 2589 aliquam
963 2544 1142 2580 voluerint
1172 2547 1238 2580 aut
1268 2548 1390 2585 vemt,
1421 2544 1513 2595 ipsis
1535 2544 1721 2586 mandare,
1745 2549 1785 2580 ut
1805 2555 1877 2591 pro
1901 2544 1993 2591 ipsis
2008 2546 2204 2597 pecuniam
2227 2549 2292 2580 aut
2313 2554 2389 2581 rem

163 2589 324 2635 aliquam
353 2599 391 2624 se
422 2588 575 2624 daturos
606 2590 838 2631 constituant,
869 2593 905 2625 et
934 2589 1009 2625 illis
1031 2588 1172 2636 quidem
1197 2589 1298 2635 quod
1347 2589 1540 2624 uaesterint
1564 2589 1761 2635 obdnqere,
1785 2590 1885 2636 ipsos
1906 2600 1990 2626 vero
2013 2589 2261 2626 indubitanter
2279 2600 2389 2637 pecu·

163 2635 261 2669 nium
292 2638 358 2669 aut
385 2644 445 2669 res
469 2633 658 2680 praebere,
690 2640 725 2670 et
754 2634 967 2686 simpliciter
997 2635 1050 2670 ita
1080 2635 1275 2669 constituta
1334 2634 1388 2670 eri
1418 2645 1491 2669 non
1515 2633 1769 2669 mandantibus
1791 2634 1882 2677 illis,
1911 2639 1953 2670 ut
1975 2645 2048 2670 non
2072 2633 2179 2670 aliter
2198 2634 2390 2681 pecuniam

164 2684 228 2714 aut
257 2689 317 2713 res
346 2678 499 2720 solvant,
525 2679 743 2725 priusquam
767 2690 828 2724 qut
854 2680 1087 2715 constitutum
1110 2679 1249 2725 accepit
1272 2678 1450 2725 apocham
1468 2680 1650 2725 pecuniae
1673 2683 1738 2714 aut
1760 2690 1882 2714 rerum
1903 2679 2036 2731 fecerit
2059 2683 2123 2714 aut
2142 2689 2206 2715 eas
2226 2689 2266 2714 se
2288 2688 2389 2715 acce-

161 2724 261 2770 pisse
283 2723 481 2769 professus
509 2725 579 2765 sit;
608 2731 645 2759 et
673 2735 711 2759 se
740 2724 883 2770 quidem
906 2724 995 2760 dare
1013 2725 1192 2771 pecunias
1214 2728 1279 2759 aut
1302 2734 1371 2766 res,
1390 2729 1522 2771 postea
1545 2729 1665 2759 autem
1688 2729 1954 2760 controversias
1977 2723 2109 2760 habere
2131 2724 2205 2759 illis
2228 2722 2390 2770 apochas

163 2769 271 2804 datae
300 2768 477 2813 pecuniae
507 2768 563 2803 vel
594 2780 714 2804 rerum
745 2769 984 2814 exiqentu'bus.
1032 2768 1133 2812 Quae
1161 2779 1220 2805 res
1247 2769 1468 2804 multimodis
1498 2769 1665 2814 difficilis
1691 2772 1726 2805 et
1755 2768 2003 2814 formidabilis
2027 2769 2073 2804 iis
2095 2773 2161 2811 est,
2187 2773 2260 2805 tam
2281 2779 2389 2822 prae·

165 2814 274 2849 terita
297 2824 405 2858 quam
434 2813 567 2857 sutura
597 2824 741 2856 cavere,
771 2814 810 2848 id
841 2814 942 2859 quod
997 2815 1050 2849 eri
1078 2814 1210 2860 nequit.
1257 2813 1346 2856 Quis
1369 2815 1462 2850 enim
1493 2824 1631 2857 eorum,
1661 2813 1791 2859 quibus
1815 2814 1971 2860 pecunia
2007 2818 2072 2849 aut
2094 2824 2154 2849 res
2173 2818 2391 2850 constitutae

162 2858 304 2905 fuerint
328 2857 385 2893 vel
406 2858 685 2902 constituantur,
710 2870 784 2894 non
807 2869 851 2894 ea
876 2870 944 2895 con
970 2860 1086 2895 icione
1107 2863 1150 2894 ut
1173 2859 1352 2905 apocham
1375 2859 1498 2904 faciat
1519 2858 1687 2894 datorum
1710 2858 1767 2895 vel
1790 2859 2050 2905 depositionem
2073 2859 2111 2894 in
2130 2858 2223 2894 actis
2243 2869 2284 2895 se
2301 2856 2391 2894 haec

164 2903 358 2949 accepisse,
389 2901 439 2937 ad
468 2902 507 2937 id
537 2903 619 2938 velit
649 2904 792 2939 venire?
838 2902 957 2951 Saepe
985 2915 1069 2941 vero
1101 2905 1200 2950 ipsos
1227 2904 1452 2950 defatiqatos
1475 2904 1583 2939 etiam
1606 2903 1689 2939 aliis
1712 2903 1838 2939 cedere
1860 2903 2032 2946 actiones,
2056 2907 2093 2939 et
2114 2902 2204 2938 haec
2225 2913 2300 2938 non
2321 2901 2391 2938 sibi

163 2948 252 2984 solis
275 2947 451 2983 actionem
476 2947 717 2993 inferentibus
739 2950 887 2995 opponi,
911 2960 1031 2985 verum
1051 2949 1159 2985 etiam
1182 2949 1228 2983 iis
1247 2949 1377 2995 quibus
1400 2949 1562 2985 actiones
1585 2959 1707 2984 cessae
1729 2949 1803 2984 sint
1826 2953 1891 2984 aut
1904 2947 2093 2984 cedantur.
2132 2947 2182 2983 Et
2188 2947 2389 2994 petierunt,

213 3120 229 3152 1
256 3119 376 3150 subscr.
401 3117 433 3149 d.
458 3116 534 3149 XV.
560 3117 594 3149 k.
618 3117 683 3148 oct.
710 3115 767 3156 M]
792 3115 860 3148 dat.
884 3114 996 3148 XVII.
1022 3115 1087 3148 kal.
1113 3118 1177 3149 oct.
1198 3116 1241 3161 cll
1308 3115 1321 3160 ss
1341 3118 1383 3150 20
1408 3118 1468 3149 καὶ
1489 3116 1550 3150 del.
1575 3115 1791 3159 Zachariae„
1817 3117 1858 3149 21
1883 3111 2072 3157 ποιήσοιτο
2098 3115 2147 3155 M,
2171 3115 2301 3148 correxi
2314 3114 2327 3158 ΙΙ
2345 3115 2389 3149 24

167 3165 186 3197 2
204 3163 311 3195 XXII
326 3173 377 3205 pc.
392 3162 482 3203 Esc]
501 3160 601 3194 XXV
613 3162 691 3204 post
706 3159 825 3193 basilio
842 3171 889 3192 vc.
904 3171 1007 3193 conse.
1027 3171 1114 3194 anno
1127 3161 1176 3194 VI
1190 3162 1239 3195 M.
1310 3162 1465 3195 excidisse
1476 3168 1556 3204 puto
1576 3163 1667 3195 verbi
1679 3162 1792 3204 qratia
1814 3157 2065 3212 φυλάττεσθαι
2082 3159 2094 3198 ΙΙ
2111 3154 2239 3203 ὅτιπερ
2257 3160 2389 3194 Zacha-

167 3209 279 3242 Malui
309 3220 378 3240 cum
401 3207 610 3240 Zachariam
641 3213 762 3239 sextum
788 3213 864 3248 post
887 3205 1017 3239 Basilii
1043 3207 1240 3239 consulatum
1309 3207 1379 3240 riae
1396 3206 1408 3249 ΙΙ
1426 3207 1468 3239 25
1493 3205 1547 3247 τῷ
1572 3205 1773 3246 Zachariae]
1791 3217 1835 3238 ἰο
1851 3205 1895 3238 ,Μ

168 3266 285 3287 annum
311 3254 344 3286 in
368 3254 532 3296 septimum
555 3259 679 3285 mutare
702 3263 798 3294 quam
822 3258 950 3283 servato
960 3250 1018 3283 VI.
1032 3258 1107 3294 post
1122 3251 1240 3284 XXII.

167 3311 235 3332 cum
271 3298 415 3331 Bienero
450 3299 589 3331 scribere
618 3295 717 3329 XXI.
765 3295 944 3338 Exemplar
980 3296 1026 3328 ad
1060 3297 1242 3339 Euqenium

166 3345 319 3386 scriptum
347 3355 432 3376 anno
463 3344 529 3377 540
561 3343 706 3376 emissum
736 3353 803 3374 esse
834 3353 851 3374 e
883 3340 1091 3374 Pistoriensis
1119 3343 1240 3374 subscr.

168 3389 356 3421 concludere
386 3389 455 3421 noli
484 3388 497 3431 ss
531 3388 610 3421 Post
638 3388 759 3420 subscr.
792 3396 858 3418 non
886 3392 1036 3418 servatur
1059 3387 1173 3419 notitia
1201 3387 1241 3419 de
1358 3387 1373 3419 1
1400 3386 1521 3418 subscr.
1547 3397 1606 3417 om.
1628 3385 1679 3426 V‚·
1703 3386 1832 3427 salsam
1860 3385 1986 3418 exhibet
2005 3384 2087 3417 Pist.
2116 3383 2196 3423 (dat.
2210 3383 2328 3416 VIIII.
2350 3382 2385 3417 k.

168 3445 234 3476 qua
266 3434 374 3475 ayitur
398 3435 539 3473 771,3ο.
558 3439 592 3467 43
618 3432 631 3475 ΙΙ
662 3434 681 3466 5
711 3432 794 3476 περὶ
826 3426 1115 3475 ἀργυροπρατῶν
1144 3443 1239 3463 anon.
1309 3429 1406 3463 inflas
1436 3429 1508 3472 cap.
1541 3429 1620 3472 imp.
1653 3430 1706 3464 df..
1738 3429 1817 3462 iust.
1851 3439 1905 3472 pp.
1936 3439 2006 3471 cog.
2040 3428 2089 3462 afi.
2120 3427 2231 3461 XIIII
2261 3427 2387 3460 iustino

170 3478 273 3511 Bodl.
302 3477 315 3521 ΙΙ
349 3479 369 3511 6
404 3478 636 3511 Tribonianum
667 3484 865 3520 quaestorem
890 3477 980 3508 sacri
1003 3476 1125 3517 palatii
1135 3476 1242 3516 fuisse
1310 3476 1384 3507 uiro
1406 3473 1590 3507 clarissimo
1607 3475 1740 3508 consulo
1758 3476 1778 3508 i.
1798 3487 1821 3508 e.
1838 3487 1867 3508 a.
1883 3475 1972 3515 540),
1996 3486 2106 3507 veram
2124 3474 2170 3506 ad
2183 3475 2270 3507 rubr.
2285 3478 2386 3506 const.

170 3530 304 3563 constat,
328 3525 434 3565 praes.
460 3525 536 3556 urbi
556 3535 618 3555 non
642 3529 784 3555 constat.-
808 3522 967 3564 κυέστωρ
989 3516 1243 3564 Τριβουνιανὸς
1314 3520 1462 3553 CXXII
1489 3521 1545 3557 (=
1572 3533 1644 3553 nov.
1664 3520 1848 3561 CXXIX)
1880 3520 2019 3552 delatam
2045 3518 2158 3551 Escor.
2177 3525 2207 3551 et
2231 3517 2280 3550 T:
2317 3516 2384 3550 dat.

169 3563 382 3611 ἀπενεμήθη
417 3569 489 3601 τοῖς
523 3563 812 3613 άργυροπράταις
843 3578 938 3599 anon.
967 3565 1070 3599 Bodl.
1103 3566 1136 3598 in
1168 3567 1241 3607 epit.
1308 3563 1422 3597 XVII.
1448 3563 1514 3597 kal.
1539 3567 1602 3597 oct.
1627 3565 1751 3605 (octub.
1776 3565 1866 3606 Esc.)
1899 3573 1949 3606 cp.
1974 3566 2056 3605 (cap.
2082 3563 2122 3604 Τ)
2145 3562 2225 3605 imp.
2247 3560 2305 3593 dni
2330 3561 2384 3593 nri

171 3625 197 3645 c.
223 3613 319 3653 VIII,
351 3614 436 3645 unde
466 3615 680 3657 κοαίστωρι·
722 3609 765 3645 τὸ
798 3609 972 3644 ι’σότυπον
1002 3607 1149 3652 ἐπάρχῳ
1174 3605 1240 3643 πό·
1309 3609 1391 3650 (utri
1423 3610 1511 3648 Esc.)
1543 3609 1719 3643 iustiniani
1751 3609 1843 3649 (Iust.
1869 3608 1958 3651 Esc.)
1993 3619 2047 3653 pp.
2076 3618 2145 3650 ους.
2179 3607 2311 3650 (desinit
2335 3604 2384 3649 T)

170 3655 258 3690 λεως
280 3658 399 3690 mavult
423 3658 610 3691 Zachariae
632 3659 644 3701 ΙΙ
673 3658 714 3691 14
737 3654 870 3690 ἑαυτὸν
894 3657 943 3698 Μ,
969 3668 1050 3689 corr.
1075 3656 1241 3700 Aqylaeus
1308 3654 1351 3690 αῐι
1381 3653 1499 3686 XXII.
1523 3664 1574 3698 po.
