2476 3854
1179 120 1263 168 585
1963 127 2073 172 Nor.
2088 126 2209 172 CXX
2236 130 2276 172 6.
2305 129 2333 173 7

94 142 166 176 -n'r
194 118 484 175 surmont

103 237 196 286 μεθ’
222 237 330 287 ὅρκου
354 242 399 289 τῇ
422 241 563 295 ὥνεακῇ
583 241 782 296 amcam}
813 242 874 295 nal
897 235 957 275 ὅτι
972 237 1080 275 ababa
1094 239 1185 285 πρὸς
1252 238 1375 281 batur,
1408 239 1493 285 quia
1524 239 1614 274 nihil
1636 239 1683 275 ad
1706 239 1900 275 laesionem
1930 240 1995 274 tut
2017 239 2333 284 praescriptionem

103 284 248 331 βλάβην
268 283 295 365 3⁸
317 298 543 343 περιχραφην
575 299 639 321 του
671 298 782 320 αυτου
805 287 952 340 ευαγοῇς
973 285 1075 340 οἰκον
1091 289 1184 338 γίνεζ
1254 284 1412 320 eiusdem
1435 284 1645 337 venerabilis
1675 284 1802 320 domus
1825 281 2006 337 efficitur..
2037 283 2077 319 Si
2099 295 2181 336 vero
2205 294 2333 338 secun-

103 342 174 365 ται.
220 331 253 365 εἰ
290 333 417 367 ε’κατα
435 334 504 366 τὸν
524 332 599 378 εἰρη
623 373 634 386 ς
712 330 875 384 *τρόπον
897 341 1099 386 αγοραστης
1118 343 1184 364 του
1254 329 1338 364 dum
1362 330 1582 374 praedictum
1611 329 1755 365 modum
1784 333 1922 375 emptor
1943 329 2148 365 huiusmodi
2177 339 2231 364 rei
2260 340 2333 365 non

1253 374 1442 415 invenitur,
1473 375 1637 410 iubemus
1666 375 1880 411 creditorem
1901 383 1948 410 ex
1969 374 2047 409 iure
2069 374 2333 419 praedictarum

105 417 260 464 λομενον
290 423 330 456 ἔκ
360 433 460 456 τινος
489 435 566 456 των
593 433 792 468 ειρημενιυν
822 422 966 467 meynh-
988 420 1100 455 οἴκων
1128 433 1183 463 τῳ
1220 422 1240 455 5
1253 420 1506 455 venerabilium
1526 420 1725 463 domorum,
1747 419 1843 465 quod
1858 429 1927 472 pro
1947 419 2066 454 soluto
2087 418 2227 462 dicitur,
2247 429 2333 454 ean-

106 462 235 509 δικαίφ
251 463 344 512 ὅπερ
365 477 432 512 pro
447 467 567 503 soluto
624 470 631 478 '
651 479 731 501 εται
753 465 823 509 τὴν
841 463 957 510 αὐτὴν
982 464 1185 511 λαμβάνειν
1253 464 1333 500 dem
1357 465 1434 500 acci
1462 475 1523 500 ere
1545 466 1827 510 possessionem,
1856 467 1952 500 iusta
1974 468 2012 500 et
2034 463 2198 499 districta
2224 464 2332 500 aesti-

104 512 245 553 κτῆσιν,
276 509 416 546 δικαίας
442 514 504 545 καὶ
526 508 610 557 ἆκρι
662 511 698 546 Ἲς
725 508 965 554 διατιμήσεως
985 513 1184 558 γινομένης,
1252 509 1409 545 matione
1446 514 1541 551 acta,
1565 514 1602 545 et
1624 511 1747 545 addita
1769 510 1807 546 in
1826 510 1942 555 pretio
1965 509 2104 544 decima
2125 513 2231 554 parte
2254 509 2332 544 uni-

104 558 166 589 καὶ
194 556 476 601 προςτιθεμένης
503 557 556 600 τῷ·
587 557 764 601 τιμήματι
794 557 858 599 τῆς
881 554 1031 599 δεκάτης
1057 559 1187 602 μοίρας
1251 564 1375 590 versae
1397 555 1655 590 aestimationis
1675 556 1715 590 in
1736 555 1817 600 ipsa
1839 554 2041 599 quantitate
2071 554 2235 600 accipere
2258 564 2333 589 rem

104 601 172 634 τοῦ
191 601 329 635 παντὸς
350 600 551 646 τιμήματος
572 602 622 635 εἰς
642 601 781 645 ταύτην
802 601 873 645 τὴν
886 601 1073 645 ποσότητα
1095 600 1185 646 λαμ·
1254 599 1463 634 creditorem
1488 610 1553 645 pro
1570 601 1748 636 solutione
1771 603 1868 635 certo
1892 599 2047 635 dominio
2070 609 2333 644 possessurum,

105 645 232 689 βαίνειν
253 645 297 679 τὸ
318 647 468 692 πρᾶγμα
489 647 559 681 τὸν
579 644 772 690 δανειστὴν
794 642 880 680 ἀντὶ
902 644 1183 701 καταβοῆςοβε-
1198 647 1239 679 10
1252 644 1305 679 ita
1326 647 1446 679 tamen
1470 649 1511 679 ut
1525 645 1748 680 ordinatores
1773 645 1954 680 debitricis
1978 645 2187 680 venerabilis
2206 645 2333 680 domus

104 692 197 733 βαίᾳ
224 687 418 734 δεσποτεία
446 690 740 736 κτηθησόμενον·
777 687 875 725 οὕτω
904 695 1071 738 μέντοιγε
1096 702 1186 725 ωςτε
1253 692 1290 724 et
1308 689 1459 733 amplior
1480 699 1565 734 pars
1595 690 1632 725 in
1657 700 1699 726 eo
1723 690 1995 725 deservientium
2027 690 2232 726 huiusmodi
2253 700 2334 725 ven·

104 733 187 769 τοὺς
209 733 388 778 διοικητὰς
407 737 473 770 τοῦ
498 736 751 783 ἐποφείλοντος
773 733 921 791 εὐαχοῦς
942 737 1040 771 οἴκου
1062 739 1124 770 καὶ
1139 736 1183 770 τὸ
1254 734 1449 770 ditionibus
1474 735 1687 770 consentiat.
1734 735 1833 779 Quae
1852 739 1972 770 autem
1996 737 2189 780 praebetur
2208 736 2245 770 in
2262 735 2334 770 hoc

105 778 216 814 πλέον
233 783 339 826 μέρος
356 782 435 815 τῶν
452 783 495 815 ἐν
514 779 614 825 αὐτῷ
636 780 943 828 λειτουργουντων
964 783 1043 816 ταῖς
1063 780 1185 816 τοιαύ-
1253 779 1441 815 immobilis
1473 789 1531 815 res
1566 791 1638 815 non
1667 790 1733 825 per
1763 780 1971 815 electionem
2002 780 2189 816 creditoris
2219 780 2332 822 detur,

103 836 184 859 ταις
202 824 358 870 πράσεσι
373 829 566 861 συναινεῖν.
607 826 651 862 τὸ
671 825 711 861 δὲ
725 826 974 871 παρεχόμενον
988 828 1051 862 ἐπὶ
1064 825 1184 869 τούτῳ
1253 825 1317 860 sed
1332 824 1530 860 secundum
1552 825 1768 870 aequitatem
1790 825 1889 860 aliud
1912 825 2052 870 quidem
2067 825 2334 861 fructiferarum

104 865 278 913 ἀκίνητον
308 872 458 918 πρᾶγμα
487 871 537 916 μὴ
568 868 654 907 κατ’
687 871 861 919 ἐπιλογὴν
892 874 959 907 τοῦ
994 869 1184 906 δανειστοῦ
1202 873 1240 905 15
1253 870 1351 905 aliud
1384 879 1467 905 vero
1499 873 1536 905 et
1557 871 1731 906 sterilium
1754 871 2022 915 possessionum
2048 871 2206 906 eiusdem
2228 881 2333 906 vene-

105 912 298 957 δίδοσθαι,
321 915 411 950 ἀλλὰ
437 917 529 951 κατὰ
550 917 620 960 τὴν
640 916 793 960 ἰσότητα
814 918 924 952 τοῦτο
946 918 1014 961 μὲν
1031 918 1110 951 τῶν
1128 913 1184 950 εὖ-
1253 915 1379 950 rabilis
1404 915 1530 950 domus
1559 920 1596 951 et
1622 916 1660 951 in
1682 916 1801 951 reditu
1824 926 1946 951 earum
1976 920 2013 951 et
2038 916 2076 951 in
2098 916 2214 952 fiscali
2235 916 2333 952 Bolu-

105 958 235 1005 πόρων
255 962 364 996 τοῦτο
388 959 429 996 δὲ
450 966 510 996 καὶ
533 958 689 1008 ἀπόρων
710 962 875 1005 κτήσεων
904 963 971 998 τοῦ
991 958 1104 996 αὐτοῦ
1127 959 1184 995 εὗ-
1253 961 1350 996 tiono
1372 964 1410 996 et
1431 961 1591 1006 reliquae
1610 961 1855 998 ordinationis.

105 1006 211 1051 αγοῦς
233 1006 330 1040 οἴκου
360 1009 420 1040 καὶ
442 1008 507 1050 τῆς
528 1007 673 1042 τούτων
704 1005 881 1053 “postidea
909 1010 971 1042 καὶ
998 1005 1185 1052 δημοσίων

104 1050 131 1086 3
174 1053 234 1085 καὶ
253 1053 318 1094 τῆς
348 1049 474 1095 λοιπῆς
495 1052 760 1087 καταστάσεως.
853 1053 900 1086 Β
922 1050 967 1086 δε·
984 1063 1038 1087 τις
1059 1049 1084 1108 ᾖ
1107 1053 1184 1086 ἐπι·
1251 1051 1277 1087 3
1328 1050 1368 1086 Si
1390 1061 1474 1086 vero
1506 1051 1587 1095 quis
1615 1054 1680 1085 aut
1709 1051 1901 1096 episcopus
1932 1055 1996 1086 aut
2027 1061 2242 1087 oeconomus
2270 1054 2335 1086 aut

105 1106 237 1130 σκοπος
265 1093 290 1139 ἢ
319 1094 506 1142 οἰκονόμος
537 1096 562 1141 ἢ
592 1095 771 1142 διοικητὴς
801 1096 1013 1141 οἱανδήποτε
1036 1097 1185 1144 ωαγοῦς
1197 1099 1239 1131 20
1252 1096 1436 1132 ordinator
1459 1096 1650 1131 cuiuslibet
1671 1097 1884 1132 venerabilis
1915 1097 2041 1132 domus
2070 1097 2144 1132 sive
2175 1097 2214 1132 in
2236 1097 2335 1140 regia

104 1140 201 1175 οἴκου
221 1141 293 1175 εἴτε
315 1143 356 1176 ἐν
373 1143 419 1189 τῇ
435 1141 598 1186 βασιλίδι
621 1140 727 1178 πόλει
749 1143 822 1177 εἴτε
845 1144 886 1177 ἐν
902 1146 982 1177 παῖε
999 1143 1185 1188 ἐπαρχίαις
1254 1141 1397 1176 civitate
1427 1141 1502 1177 sive
1530 1142 1569 1176 in
1599 1141 1790 1187 provinciis
1824 1142 2040 1177 constitutae
2063 1143 2232 1186 pecunias
2256 1151 2334 1177 cro-

104 1188 268 1230 κειμένου
296 1185 462 1232 χρήματα
484 1186 695 1222 ἐδανείσατο
726 1186 750 1231 ἢ
771 1186 863 1231 μετὰ
884 1190 1004 1223 ταῦτα
1027 1185 1184 1222 δανεισε-
1252 1187 1343 1221 didit
1364 1190 1429 1222 aut
1450 1187 1605 1232 posthac
1628 1186 1828 1229 crediderit,
1851 1186 2015 1222 iubemus
2038 1197 2154 1232 neque
2173 1187 2224 1222 eis
2243 1187 2334 1222 haec

103 1243 176 1272 ται,
194 1230 384 1276 κελεύομεν
398 1231 488 1274 μήτε
503 1229 623 1267 αὐτοῖς
638 1234 757 1267 ταῦτα
771 1232 1079 1279 καταλογίζεσθαι
1093 1230 1184 1278 ὑπὲρ
1252 1232 1415 1276 reputari
1437 1242 1502 1277 pro
1526 1232 1719 1267 venerabili
1742 1232 1859 1274 domo,
1888 1231 1959 1267 nisi
1980 1232 2146 1277 primitus
2169 1232 2333 1268 ostende-

103 1276 168 1310 τοῦ
192 1273 340 1323 εὖαγοῦς
369 1277 475 1319 οἴκου,
506 1278 538 1311 εἰ
564 1277 616 1323 μὴ
639 1279 819 1324 πρότερον
841 1276 1019 1319 δείξουσιν
1047 1274 1108 1312 ὅτι
1137 1280 1185 1312 εἰς
1251 1279 1326 1311 rint
1353 1278 1436 1322 quia
1464 1278 1501 1312 in
1531 1277 1705 1313 utilitates
1734 1277 1940 1322 praedictae
1964 1277 2176 1313 venerabilis
2208 1277 2334 1313 domus

103 1324 222 1366 χρείας
239 1322 305 1356 τοῦ
321 1323 507 1367 εἰρημένου
521 1320 669 1370 dayam
688 1323 786 1358 οἴκου
804 1324 924 1358 ταῦτα
942 1322 1183 1369 προεχώρησε,
1196 1325 1239 1357 25
1252 1324 1323 1357 ista
1344 1322 1595 1367 profecerunt,
1627 1333 1743 1368 neque
1766 1323 1883 1367 ipsum
1904 1322 2116 1357 creditorem
2147 1324 2211 1357 aut
2231 1323 2334 1357 here-

102 1364 195 1409 pr‘rn
217 1362 331 1402 αὐτὸν
353 1368 422 1401 τὸν
444 1365 639 1411 δανειστὴν
660 1365 684 1411 ἢ
703 1368 786 1402 τοὺς
808 1367 1047 1413 κληρονόμους
1070 1365 1182 1403 αὐτοῦ
1252 1368 1316 1403 des
1340 1368 1416 1403 eius
1440 1372 1569 1403 contra
1591 1367 1826 1404 venerabilem
1859 1368 2002 1403 domum
2025 1368 2158 1403 habere
2180 1367 2335 1412 aliquam

103 1411 198 1445 κατὰ
220 1413 287 1446 τοῦ
310 1408 459 1458 εὖαγοῦς
480 1413 578 1447 οἴκου
601 1415 695 1455 ἔχειν
717 1413 802 1448 τινὰ
826 1410 919 1458 ὑπὲρ
942 1410 1065 1448 αὐτῶν
1087 1410 1183 1459 ἀγω-
1251 1423 1316 1458 pro
1340 1413 1429 1458 ipsis
1451 1414 1640 1455 actionem,
1665 1413 1736 1449 nisi
1757 1412 2034 1448 monstraverint
2056 1413 2152 1458 quod
2177 1414 2215 1448 in
2238 1413 2334 1448 utili-

102 1454 183 1502 γήν,
214 1457 247 1490 εἰ
267 1456 324 1511 μὴ
354 1455 533 1498 δείξουσιν
563 1455 611 1493 ὥς
643 1459 691 1492 εἰς
722 1459 838 1493 αἰτίας
866 1460 920 1502 τῷ
948 1455 1012 1492 nia
1035 1461 1068 1492 εἰ
1096 1458 1183 1501 οἴκῳ
1252 1458 1387 1493 tatibus
1404 1459 1598 1494 venerabili
1614 1458 1736 1494 domni
1753 1458 2039 1503 competentibus
2059 1458 2236 1503 pecuniae
2249 1467 2334 1503 pro-

102 1502 627 1592 Weeffl
659 1471 1183 1591 memte
1197 1503 2149 1595 30{sezeasissssszz„³msez⁰5vszffe
2163 1503 2335 1549 ⁹0⁰⁰¹¹³²⁸

104 1590 235 1636 νόμων
255 1592 320 1627 τὰς
341 1591 435 1628 ἰδίας
456 1562 786 1641 κινεῖνχεῖιῖνμοιιῖωγάὲ.
1126 1561 1183 1595 ρο·

103 374 269 431 τοιούτου
287 375 498 424 πράγματος
513 377 563 431 μὴ
594 389 658 433 ⁸3¹?
733 401 742 418 ,
773 374 965 430 ”Ignem
994 389 1063 410 ’τον
1085 372 1184 428 ὄφειζ-

1098 1661 1256 1699 CAPUT
1277 1661 1358 1698 Vn.

154 1718 230 1750 Καὶ
247 1717 355 1751 τοῦτο
375 1715 416 1751 δὲ
433 1716 633 1762 κελεύομεν,
654 1714 744 1752 ὥστε
762 1718 976 1766 ἐξῃρημένης
993 1719 1055 1762 τῆς
1075 1715 1183 1766 ἇγιιυ-
1307 1718 1388 1754 Hoc
1410 1728 1492 1754 vero
1516 1717 1691 1759 iubemus,
1716 1722 1757 1754 ut
1780 1721 1931 1763 excepta
1952 1718 2182 1754 sanctissima
2202 1717 2337 1754 maiore

103 1759 215 1805 τάτης
245 1761 400 1809 μεγάλης
439 1762 623 1807 ἐκκλησίας
652 1764 716 1807 τῆς
745 1762 930 1808 βασιλίδος
956 1762 1098 1799 πόλεως
1123 1767 1184 1798 καὶ
1253 1764 1407 1800 ecclesia
1440 1763 1557 1808 regiae
1591 1763 1744 1799 civitatis
1784 1768 1822 1799 et
1856 1764 2120 1800 venerabilibus
2154 1764 2335 1809 orphano-

170 1842 197 1863 c.
217 1829 289 1909 7.ξοῖ
301 1844 358 1916 g).
383 1829 597 1876 (Κελεύομεν
620 1826 716 1866 ὥστε
734 1851 779 1857 -
800 1833 933 1875 585,11)
957 1833 1055 1867 habet
1076 1833 1285 1877 Epanayoqe
1310 1834 1364 1875 10,
1382 1840 1429 1875 10,
1462 1845 1615 1867 emmam
1644 1833 1725 1867 0011.
1750 1833 1793 1868 87
1818 1845 1891 1876 cap.
1915 1834 1957 1868 15
1987 1833 2076 1876 (inde
2098 1845 2176 1877 app.
2199 1832 2334 1867 Nonoc.

103 1887 176 1919 cap.
198 1887 251 1909 ecc
356 1901 366 1910 .

102 1953 258 1988 iurando
281 1955 319 1988 in
342 1954 580 1989 instrumento
605 1955 796 2001 emptionis
825 1955 1041 2001 inscriptum
1063 1955 1112 1990 sit
1134 1954 1314 2000 simulque
1335 1953 1417 1996 hoc,
1441 1953 1535 1990 nihil
1555 1955 1594 1989 in
1611 1953 1785 2001 fraudem
1815 1954 1874 1991 vel
1894 1953 1947 1990 acl
1966 1954 2335 2002 circumscriptionem

103 1997 259 2033 eiusdem
289 1999 504 2034 venerabilis
533 1998 659 2034 domm
685 1999 779 2044 fieri.
827 1997 967 2042 Quodsi
994 1999 1183 2052 praedicto
1215 1999 1323 2034 modo
1353 2004 1495 2046 emptor
1524 2000 1699 2036 eiusmodi
1731 1999 1787 2035 rei
1820 2010 1894 2035 non
1926 1999 2142 2042 inveniatur,
2177 1999 2337 2035 iubemus

103 2041 316 2078 creditorem
339 2043 494 2078 alicuius
516 2054 567 2079 ex
614 2042 787 2079 raedictis
808 2044 1071 2080 venerabilibus
1092 2044 1257 2080 domibus
1279 2045 1359 2081 iure
1386 2043 1488 2091 quod
1501 2055 1578 2092 pro
1600 2045 1721 2080 soluto
1744 2044 1880 2080 dicitm·
1901 2044 2051 2080 eandem
2066 2046 2335 2096 possessionem

103 2088 279 2134 accipere,
301 2088 399 2123 iusta
420 2093 456 2123 et
475 2089 572 2124 subti
586 2100 599 2124 ι
621 2089 873 2124 aestimatione
892 2090 1017 2136 facta,
1048 2094 1159 2136 atque
1180 2089 1308 2125 addita
1378 2091 1449 2125 etio
1473 2089 1612 2125 decima
1631 2094 1741 2136 parte
1764 2090 1875 2125 totius
1894 2090 2157 2125 aestimatzomte
2178 2090 2218 2125 in
2239 2089 2336 2125 hanc

103 2132 343 2179 quantitatem
365 2133 531 2179 accipere
553 2133 767 2169 creditorem
788 2145 864 2169 rem
880 2145 957 2181 pro
979 2134 1163 2170 solutione
1189 2134 1298 2179 firmo
1347 2134 1482 2170 eminio
1506 2134 1782 2180 acquirendam:
1816 2135 1868 2170 ita
1891 2140 2010 2170 tamen
2039 2139 2081 2170 ut
2103 2133 2334 2170 administra-

105 2183 202 2213 tores
223 2177 406 2213 clebitricis
430 2178 641 2214 venerabilis
662 2178 791 2214 domus
814 2182 850 2214 et
870 2180 989 2214 maior
1000 2190 1098 2226 pars
1120 2190 1245 2215 eorum
1331 2179 1339 2186 '
1359 2179 1401 2214 in
1421 2190 1466 2215 ea
1489 2179 1691 2215 ministeria
1713 2179 1847 2215 obeunt
1871 2179 2051 2215 eiusmodi
2071 2180 2336 2215 venditionibus

104 2221 341 2258 consentiant.
1350 2235 1427 2260 non
1448 2224 1641 2260 secundum
1664 2223 1872 2260 electionem
1904 2224 2097 2259 creditoris
2124 2224 2241 2269 detur,
2270 2224 2337 2260 sed

152 2278 174 2302 o
197 2266 383 2312 aequabili
398 2267 574 2314 portione
599 2272 672 2303 tam
694 2269 874 2314 fertilium
904 2279 1014 2314 quam
1042 2269 1219 2304 sterilium
1242 2269 1515 2315 possessionum
1544 2268 1702 2304 eiusdem
1731 2270 1946 2305 venerabilis
1975 2268 2103 2304 domus
2130 2273 2167 2304 et
2195 2269 2335 2305 reditus

102 2277 153 2348 gr
174 2322 299 2347 earum
328 2316 364 2347 et
381 2312 609 2358 publicorum
633 2313 848 2348 tributorum
871 2318 906 2347 et
926 2313 1059 2359 reliqui
1080 2318 1208 2349 status.
1324 2313 1366 2348 Si
1388 2313 1452 2359 qni
1474 2317 1593 2349 autem
1614 2314 1691 2349 sive
1715 2314 1909 2360 episcopus
1929 2314 2004 2349 sive
2024 2324 2239 2349 oeconomus
2259 2314 2336 2350 sive

105 2356 381 2392 administrator
410 2357 665 2403 cuiuscumque
694 2357 910 2394 venerabilis
939 2358 1068 2393 domus
1097 2360 1172 2394 sive
1202 2359 1240 2393 in
1270 2358 1375 2404 reqia
1405 2359 1551 2394 civitate
1580 2358 1655 2394 sive
1684 2358 1724 2393 in
1750 2359 1951 2405 provinciis
1974 2359 2069 2394 sitae
2090 2364 2249 2394 mutuam
2269 2370 2335 2405 pe·

105 2402 248 2437 cuniam
270 2402 452 2447 acceperit
481 2401 538 2437 vel
586 2407 688 2437 ostea
710 2408 925 2454 accepturus
946 2403 1012 2446 sit,
1043 2403 1203 2438 iubemus
1233 2414 1349 2449 neque
1370 2403 1385 2437 i
1410 2403 1462 2438 sis
1484 2413 1563 2438 eam
1585 2404 1623 2438 in
1646 2403 1810 2438 rationes
1832 2402 2047 2439 venerabilis
2068 2403 2196 2439 domus
2218 2404 2334 2450 impu·

106 2447 195 2488 tari,
225 2445 297 2480 nisi
313 2447 424 2492 prius
445 2450 544 2481 osten
570 2447 666 2482 erint
686 2457 766 2483 eam
788 2458 828 2482 tn
851 2458 956 2482 usum
975 2447 1187 2494 praedictae
1210 2447 1376 2484 venerabi
1397 2448 1403 2454 '
1444 2447 1571 2483 domus
1587 2448 1807 2494 profecisse,
1838 2459 1954 2494 neque
1977 2449 2095 2495 ipsum
2118 2448 2333 2485 creditorem

105 2491 162 2527 vel
184 2490 332 2526 heredes
362 2491 439 2527 eius
461 2495 592 2527 contra
615 2491 849 2528 venerabilem
879 2491 1024 2528 domum
1055 2503 1098 2529 eo
1120 2493 1264 2528 nonnne
1286 2493 1397 2529 ullam
1420 2493 1599 2529 actionem
1623 2492 1767 2535 babere,
1797 2493 1870 2528 nisi
1890 2493 2111 2529 ostenderint
2141 2494 2180 2529 in
2202 2504 2335 2529 causas

105 2536 156 2572 ad
170 2535 404 2571 venerabilem
426 2536 571 2571 domum
586 2537 813 2583 pertinentes
834 2548 913 2572 eam
928 2538 1124 2584 pecuniam
1142 2537 1362 2584 profecisse,
1385 2537 1451 2573 sed
1464 2543 1595 2574 contra
1615 2549 1696 2574 eum
1719 2538 1784 2584 qui
1801 2542 1962 2574 mutuam
1981 2538 2175 2585 pecuniam
2193 2540 2335 2586 accepit

104 2580 162 2616 vel
181 2579 329 2616 heredes
351 2581 429 2616 eius
450 2591 539 2616 suas
560 2582 721 2616 actiones
742 2592 893 2618 movere.

240 2624 319 2661 VII.
368 2625 450 2661 Hoc
469 2636 614 2672 quoque
631 2625 802 2669 iubemus,
826 2630 981 2674 excepta
998 2625 1227 2663 sanetsssima
1245 2627 1383 2663 maiore
1397 2626 1549 2664 ecclesia
1570 2627 1697 2673 reqiae
1715 2627 1872 2664 civitatis
1886 2630 1924 2664 et
1936 2627 2132 2664 venerabili
2149 2627 2334 2676 orphano-

511 2227 630 2259 autem
652 2223 703 2258 ad
725 2223 795 2259 hoc
815 2228 1028 2269 praestatur
1049 2235 1109 2259 res
1131 2223 1273 2259 immobn

175 2718 193 2751 l
217 2713 309 2760 μεθ’
329 2711 436 2760 ὅρκου
460 2735 503 2740 ——
523 2716 707 2762 συγγραφῇ
732 2719 792 2749 καὶ
816 2729 909 2753 οηι.ς
933 2716 947 2761 Ι
971 2715 1125 2763 ὦνειακῇ
1149 2717 1186 2750 Β

104 2762 182 2795 Atli-
205 2761 355 2807 νεανικῇ
378 2765 475 2803 (corr.
492 2762 526 2794 in
543 2774 645 2805 marq.
670 2764 741 2794 cod.
759 2762 980 2803 Monacensis)
1008 2763 1036 2796 C
1046 2762 1060 2802 Ι
1079 2764 1100 2796 2
1124 2758 1186 2794 αὖ·

105 2806 171 2839 *roffi
195 2819 254 2839 om.
268 2805 330 2849 L.
353 2807 374 2840 3
397 2806 463 2839 τοῦ
488 2806 557 2846 CL]
582 2819 641 2839 om.
656 2806 699 2839 Μ
703 2807 767 2849 (Β)
789 2807 801 2849 Ι
828 2808 848 2840 6
872 2803 1185 2852 ὅπερ-λέγεται]

104 2851 168 2893 τῆς
190 2849 440 2894 προτιμήσεως
453 2851 490 2884 Β
506 2851 519 2894 Ι
535 2862 596 2893 pro
611 2851 722 2884 soluto
744 2852 802 2887 C:
812 2852 889 2893 Iul.]
914 2849 1136 2896 προσολοὺτο
1154 2853 1185 2885 12

105 2895 326 2940 προκόλουτο
349 2896 396 2929 Μ
430 2895 502 2939 πρὸ
535 2894 687 2928 σολοίιτο
710 2897 806 2938 ΔιΙι.,
844 2897 908 2939 τῆς
937 2898 1013 2939 (τῆς
1043 2910 1101 2929 om.
1126 2897 1186 2938 ill)

105 2937 351 2985 προτιμήσεως
376 2941 448 2974 ML
460 2954 530 2973 s.v.
551 2943 564 2983 Ι
591 2943 609 2974 ‘l
632 2942 825 2996 yevope'vns
849 2943 883 2974 B
909 2941 922 2986 Ι
949 2944 970 2976 9
994 2941 1132 2984 ταύτην
1160 2942 1190 2976 G

104 2987 184 3026 Iul-1
209 2981 324 3028 αὐτὴν
337 2986 475 3021 ΜΕΒς
491 2986 504 3029 Ι
520 2984 722 3029 λαμβανειν
740 2987 878 3027 Celet]
902 2988 963 3019 καὶ
982 2985 1183 3030 λαμβάνειν

106 3031 216 3064 MLB
239 3032 369 3072 (rectius
391 3032 452 3063 καὶ
476 3039 549 3064 ante
572 3032 621 3064 εἰς
634 3029 773 3072 ταύτην
797 3033 912 3074 lcyisse
931 3033 1060 3065 videtur
1076 3032 1152 3073 Iul.)
1171 3030 1183 3075 ΙΙ

108 3077 147 3109 11
171 3077 297 3117 μέντοι
325 3075 386 3119 G}
415 3077 456 3109 13
481 3076 522 3109 ἐν
543 3071 655 3118 αὐτῷ]
677 3076 833 3109 braama}
859 3076 934 3119 ιῖΙΙ
963 3078 1003 3110 17
1027 3078 1100 3116 καὶ]
1123 3079 1182 3109 καὶ

104 3119 182 3153 τῶν
194 3121 246 3153 B‘
266 3121 346 3155 τῶν
358 3121 407 3154 Β*
422 3120 436 3163 Ι
453 3117 564 3154 αὐτοῦ
580 3133 640 3154 om.
650 3121 732 3154 LB·
747 3122 760 3164 Ι
781 3123 822 3155 18
836 3119 967 3155 τούτου
981 3121 1018 3155 B
1034 3122 1046 3163 Ι
1068 3123 1107 3155 ¹9
1124 3123 1184 3154 καὶ

106 3177 165 3197 om.
181 3165 212 3197 L
226 3164 243 3219 Ι
257 3161 279 3206 ἢ
303 3178 362 3198 om.
378 3166 409 3198 L
426 3167 439 3208 Ι
457 3167 499 3199 22
523 3163 733 3207 δανείσηται
758 3167 820 3199 C'B
838 3168 850 3208 fl
867 3167 910 3200 23
934 3163 1052 3209 *μηδὲ
1075 3167 1152 3200 libri
1172 3165 1185 3210 ΙΙ

107 3209 170 3252 leq.
193 3208 347 3242 αυτοὺςῖ
397 3206 487 3254 ὑπὲρ
516 3211 674 3254 οΒς(σ]“.
687 3211 750 3244 Iul.
766 3211 915 3252 Theod.)]
940 3207 1012 3245 ὑπὸ
1040 3212 1182 3254 ML(cs.

106 3254 197 3294 ΔιΙι.)
214 3257 228 3296 Ι
243 3254 286 3286 24
298 3250 337 3286 δε
374 3264 466 3287 ωσιν
482 3254 536 3298 C!
553 3257 596 3290 25
609 3257 865 3332 προειρηίιένου
884 3256 937 3299 Cn
954 3257 998 3290 28
1015 3253 1184 3295 δείξωσιν

112 3297 166 3339 C.
185 3298 231 3350 :30
254 3294 278 3339 ἢ
306 3299 449 3339 Gelam]
472 3302 533 3331 καὶ
558 3300 668 3333 MLB
689 3300 702 3343 Ι
725 3314 746 3332 κ
768 3300 963 3345 ηρονόμων
985 3296 1094 3335 αὖτοῦ
1126 3301 1185 3339 Cli

107 3342 149 3375 31
175 3339 317 3387 αγωγάε
343 3343 472 3385 Cunus,
487 3344 524 3376 B
548 3343 562 3387 Ι
585 3346 627 3378 33
650 3344 804 3390 μεγάλης
826 3359 884 3379 om.
907 3345 957 3379 ΒΓ

1172 3410 1184 3415 ·
1253 3393 1453 3425 uenerabilis
1467 3392 1519 3426 T¹
1535 3393 1548 3437 Ι

162 3432 178 3464 1
204 3429 478 3472 perscriptionem
497 3432 559 3474 V}
586 3434 607 3466 2
631 3441 706 3467 ante
727 3434 765 3466 Si
786 3444 868 3467 nero
890 3437 924 3468 in
943 3436 979 3468 R
1001 3438 1185 3469 inseruntur

108 3476 203 3507 haee:
227 3477 373 3515 emptore
387 3484 454 3506 non
470 3474 610 3509 inuento
624 3488 678 3510 res
692 3479 843 3510 estimata
858 3479 1009 3513 districte
1025 3481 1183 3514 creditori

108 3519 207 3551 datur
229 3518 266 3550 in
286 3518 451 3560 solutum,
480 3519 594 3553 addita
620 3521 658 3554 in
678 3523 811 3565 praecio
835 3523 962 3556 decima
1106 3526 1183 3558 nni-

108 3573 205 3595 uerso
227 3562 445 3595 estimationis
463 3574 625 3599 consensu
644 3567 846 3599 ordinatoris
870 3570 904 3600 et
923 3569 1060 3602 maioris
1077 3570 1184 3613 partis

108 3607 156 3640 ibi
180 3607 400 3640 seruientium
422 3609 607 3652 accedente,
628 3614 678 3643 set
701 3622 738 3643 ea
756 3622 809 3643 res
830 3612 878 3645 sit
895 3613 1071 3647 mediocris
1094 3616 1183 3647 inter

109 3655 232 3685 ceteras
253 3652 403 3694 inspecta
422 3652 584 3694 qualitate
605 3657 640 3687 et
653 3655 797 3693 honore;
819 3657 973 3699 scholion,
992 3661 1080 3701 quod
1094 3672 1183 3702 repe-

110 3700 186 3731 titur
208 3699 242 3730 in
265 3698 421 3741 marqtne,
452 3710 560 3731 errore
583 3700 615 3732 in
639 3707 815 3734 contectum
845 3709 1004 3745 receptum
1027 3703 1111 3738 delet
1134 3704 1184 3736 Β*

1252 2726 1329 2752 nota
1347 2721 1443 2751 vacat
1464 2717 1662 2762 adscripta}
1687 2719 1708 2753 3
1728 2717 1923 2751 huiusmodi
1942 2718 2082 2761 Pauly]
2109 2719 2211 2752 huius
2228 2719 2307 2754 RV
2321 2718 2335 2764 ΙΙ

1252 2764 1273 2797 6
1296 2763 1490 2806 pensionem
1509 2762 1558 2797 Τι
1575 2763 1589 2807 Ι
1611 2762 1712 2805 iusta]
1737 2764 1772 2796 et
1793 2763 1884 2796 insta
1903 2763 1936 2796 T
1955 2764 1969 2805 Ι
1991 2763 2236 2797 examinatione
2252 2765 2285 2798 T
2291 2764 2302 2784 ¹
2321 2765 2334 2808 u

1252 2810 1271 2841 7
1289 2808 1403 2841 addito
1418 2808 1469 2841 13¹
1485 2807 1499 2851 Ι
1521 2809 1685 2851 printipio
1703 2808 1753 2842 1⁷¹
1771 2807 1784 2852 Ι
1807 2809 1828 2842 9
1845 2807 2041 2841 creditorem
2058 2822 2116 2843 om.
2135 2809 2193 2851 V!
2206 2820 2333 2852 pom-

1250 2864 1362 2886 sorum
1383 2853 1434 2886 1⁷¹
1448 2853 1462 2897 Ι
1483 2856 1524 2887 10
1539 2855 1586 2886 tffi
1600 2854 1635 2886 R
1650 2853 1663 2897 Ι
1681 2854 1854 2886 ordinator
1875 2854 1907 2886 V
1920 2853 2150 2888 ordinatorum
2164 2855 2196 2888 Τ
2211 2855 2224 2898 Ι
2244 2857 2279 2888 11
2295 2855 2333 2887 in

1251 2909 1290 2931 eo
1304 2898 1350 2939 V]
1374 2898 1611 2943 om.RTvulq.
1638 2898 1651 2942 Ι
1674 2899 1852 2931 desertium
1875 2898 1927 2932 1⁷¹
1989 2898 2222 2932 uenditoribus
2246 2900 2332 2940 libri,

1251 2955 1334 2976 corr.
1346 2944 1431 2986 vulq-
1454 2943 1468 2985 Ι
1495 2945 1535 2977 12
1558 2943 1769 2976 consentiant
1793 2944 1922 2987 Tvulq.
1983 2944 2077 2981 Quae
2100 2944 2210 2985 Beck]
2243 2945 2333 2986 quod

1252 2988 1330 3022 libri
1345 2987 1359 3028 Ι
1373 2988 1535 3031 probetur
1554 2989 1588 3022 T
1599 2989 1613 3032 Ι
1632 2990 1672 3023 13
1692 2988 1879 3021 immobiles
1901 2989 1950 3021 R¹
1962 2989 2047 3033 VT·
2065 2989 2163 3022 detur
2186 2990 2220 3022 R
2231 2991 2331 3032 wlff]

1250 3032 1374 3065 dentm·
1396 3033 1459 3067 VT
1477 3032 1491 3077 Ι
1509 3035 1551 3067 14
1573 3034 1789 3075 iniquitatem
1801 3033 1846 3067 Τι
1868 3033 2103 3075 aequalitatem
2117 3034 2168 3067 ΤΞ
2185 3033 2198 3077 Ι
2213 3033 2333 3066 fiucti-

1251 3077 1457 3111 ferariumR
1474 3078 1487 3122 Ι
1506 3080 1545 3112 15
1566 3081 1600 3112 et
1623 3092 1682 3112 om.
1698 3080 1825 3123 Taulq.
1843 3078 1858 3124 Ι
1873 3078 2042 3112 sterelium
2064 3080 2121 3120 V·
2139 3080 2179 3112 16
2192 3077 2333 3122 fisciRu

1254 3124 1294 3157 17
1318 3123 1450 3165 reliqna
1471 3123 1684 3157 ordinatione
1709 3125 1803 3158 Beck
1823 3123 1837 3168 Ι
1865 3126 1907 3158 19
1922 3127 2010 3158 rubr.
2034 3123 2073 3155 Si
2096 3124 2249 3164 episcopo
2271 3126 2332 3154 ant

1250 3178 1412 3211 yconomo
1426 3167 1484 3201 uel
1497 3169 1684 3202 ordinatori
1701 3169 1837 3202 ecclesie
1852 3168 2046 3212 peccuniam
2064 3169 2139 3209 quis
2153 3166 2331 3199 crediderit

1251 3213 1285 3245 R
1298 3214 1331 3246 in
1343 3225 1446 3256 marq.
1463 3213 1477 3256 Ι
1494 3213 1646 3256 episcopo
1665 3216 1724 3247 ant
1744 3224 1921 3247 oeconomo
1940 3217 1999 3245 aut
2014 3211 2199 3245 ordinatori
2218 3212 2307 3254 vulq.

1252 3259 1294 3292 21
1320 3259 1533 3299 constitutae]
1557 3260 1695 3291 ciuitate
1712 3259 1762 3291 R⁰
1777 3259 1789 3301 ΙΙ
1809 3258 1950 3291 credidit
1965 3261 2024 3289 aut
2038 3258 2174 3299 posthac
2197 3268 2257 3288 om.
2269 3255 2303 3288 R

1252 3304 1295 3336 22
1307 3304 1456 3345 posthac]
1474 3306 1550 3346 post
1570 3303 1625 3347 Vn
1644 3304 1785 3336 credidit
1807 3304 1860 3346 Vn
1878 3303 2029 3335 iubemus
2048 3314 2106 3333 om.
2125 3301 2155 3333 V
2169 3299 2182 3343 Ι
2198 3301 2260 3333 hoc
2274 3300 2309 3333 T

1252 3348 1294 3380 23
1307 3349 1401 3388 prius
1415 3349 1448 3381 T
1460 3349 1474 3392 Ι
1489 3349 1671 3381 ostenderit
1694 3349 1736 3389 R,
1756 3347 1805 3380 V²
1817 3350 1849 3381 in
1863 3360 1976 3390 πται-9.,
1990 3359 2049 3378 om.
2059 3345 2110 3377 V¹
2125 3343 2138 3387 Ι
2157 3346 2201 3379 24
2212 3345 2330 3378 domus

1566 3395 1608 3427 25
1622 3394 1688 3425 ista
1700 3393 1802 3427 om.R
1819 3393 1832 3434 Ι
1849 3392 2060 3434 profecerunt
2082 3387 2239 3433 1'⁶vulq.]
2251 3400 2327 3432 pro-

1251 3437 1364 3469 ferunt
1376 3438 1523 3471 RV⁰T¹
1546 3438 1746 3480 profuerunt
1763 3436 1811 3469 Τ2
1825 3435 1838 3479 Ι
1856 3442 1931 3468 ante
1953 3434 2148 3467 creditorem
2168 3436 2202 3467 in
2214 3434 2263 3466 R·
2281 3437 2329 3468 in·

1251 3484 1368 3515 seritur
1390 3482 1482 3524 large
1504 3483 1561 3515 hic
1583 3482 1777 3514 creditorem
1801 3479 1907 3521 accipi
1930 3481 2005 3523 (leq.
2029 3478 2153 3521 accipe)
2177 3478 2330 3520 alioquin

1252 3526 1363 3559 fraudi
1386 3527 1479 3559 locus
1503 3527 1585 3565 erit;
1609 3527 1753 3559 scholion
1770 3526 1801 3557 in
1819 3526 1965 3567 marqine
1980 3525 2145 3566 repetitum
2169 3525 2231 3556 del.
2245 3524 2296 3557 Β,
2317 3523 2331 3569 Ι

1252 3573 1294 3604 26
1307 3571 1529 3604 *uenerabilis
1545 3571 1660 3603 domus
1678 3570 1807 3610 (domus
1826 3581 1884 3600 om.
1898 3568 1960 3609 3¹)
1973 3569 2051 3601 libri
2064 3567 2077 3611 Ι
2096 3569 2139 3602 29
2162 3568 2329 3612 accipien-

1252 3620 1316 3648 tem
1334 3617 1474 3659 Rvulq.]
1490 3616 1687 3657 accipientes
1709 3613 1795 3655 VT!
1811 3613 1982 3655 pecunias]
2001 3613 2138 3655 nuptias
2152 3613 2330 3655 peccunias

1253 3660 1333 3703 13⁸1
1358 3661 1399 3693 30
1423 3661 1615 3703 propriatur
1633 3658 1679 3690 R¹
1702 3657 1716 3700 Ι
1744 3658 1787 3690 32
1810 3656 2010 3701 haeoRVfl
2039 3658 2089 3697 ut]
2114 3667 2153 3691 ex
2176 3661 2216 3691 ut
2241 3659 2295 3692 T·
2315 3659 2330 3704 ΙΙ

1251 3706 1294 3738 33
1316 3704 1408 3746 regia
1429 3704 1508 3748 ΙἾΙ
1528 3702 1807 3745 orphanotrophis
1831 3703 1863 3735 R

2018 3759 2061 3792 '14
