2592 3840
237 73 345 116 Nov.
375 72 457 115 XX
491 75 596 115 1-4
1296 66 1374 114 142
1716 81 1777 112 nn
1804 81 2240 114 Anmmsnmmnus
2260 81 2447 115 omens
2471 43 2522 90 ³⁷5

240 179 330 218 ὥςτε
349 183 471 237 μόνην
494 182 561 227 τὴν
586 179 690 223 τάξιν
717 182 777 225 τῆς
800 182 860 224 σῆς
886 177 1056 225 ὑπεροχῆς
1085 183 1164 236 ταῖς
1190 178 1309 215 τοιαῦ-
1378 179 1534 215 officium
1556 182 1641 216 tuae
1667 178 1885 215 celsitudinis
1907 179 2040 216 talibus
2062 179 2265 216 ministrare
2285 180 2446 228 appensa
2512 167 2514 170 Ι
2549 164 2565 219 Ἀ

236 240 314 263 ταις
340 231 530 273 υπηρετεῖν
553 226 747 270 ἐκκλήτοις,
778 223 947 271 καθάπερ
976 229 1037 259 καὶ
1059 237 1236 272 προτερον
1253 219 1309 269 ἦν,
1376 225 1544 268 tionibus,
1568 225 1663 261 sicut
1684 226 1721 259 et
1742 223 1843 268 prius
1861 223 1948 266 fnit,
1977 224 2009 260 si
2032 228 2068 260 et
2089 224 2128 260 in
2150 224 2331 262 schemate
2351 226 2447 265 {aeri

238 275 270 307 εί
300 277 359 307 καὶ
393 276 433 307 ἐν
467 272 619 327 σχήματι
655 273 758 306 θειόυ
788 269 1022 316 άκροατηρίου
1055 269 1215 317 λέγοιντο
1248 273 1309 304 καὶ
1377 270 1546 307 auditorii
1564 270 1728 306 dieantur
1746 272 1783 322 et
1802 268 1897 304 adsit
1914 269 2187 314 gloriosissimus
2205 272 2328 307 noster
2338 280 2446 317 qnae-

237 322 367 364 παρείη
391 321 450 352 καὶ
475 333 494 351 o
525 315 756 357 ἐνδοξότατος
777 312 882 359 ἡμῶν
911 318 1105 361 κοιαίστωρ
1136 317 1196 349 καὶ
1226 327 1309 360 μετ·
1376 318 1455 351 stor
1476 318 1512 351 et
1534 315 1715 361 particeps
1738 315 1788 349 Sit
1808 315 1999 357 gestorum.

237 366 309 406 έχοι
330 364 409 397 τῶν
428 365 699 409 πραττομένων.

1228 437 1385 474 CAPUT
1408 437 1455 473 II.

284 496 386 534 Ἀλλὰ
421 496 492 542 μὴν
527 499 672 541 ἐπείπερ
713 494 732 529 o‘
766 496 828 548 τῆς
863 492 1017 550 ἴτρώὶτης
1042 492 1307 530 Καππαδοκίας
1419 494 1489 529 Sed
1521 494 1627 528 etiam
1659 493 1824 537 quoniam
1862 494 1996 538 primae
2025 494 2273 541 Cappadociae
2300 504 2446 542 praeses

236 541 440 598 ἧγοὺμιενοςι
453 541 627 595 πρότερον
659 541 706 574 εἷς
735 553 802 582 την
835 551 903 582 σην
933 553 1045 586 αρχην
1074 538 1170 586 ἑώρα
1189 537 1306 592 μόνην
1373 539 1473 584 prius
1500 538 1546 573 ad
1575 542 1674 572 tuum
1706 538 1884 582 cingulum
1918 539 2133 585 respiciebat
2163 540 2294 583 solum,
2328 544 2366 577 et
2393 539 2447 578 ibi
2502 564 2506 568 ·
2542 522 2569 571 «γ

236 592 373 622 xanaiae
403 600 446 621 το
475 600 552 621 των
576 587 732 630 ἐφέσεων
754 587 915 630 ἐφέρετο,
944 585 1013 618 νῦν
1039 582 1079 619 δὲ
1103 586 1152 619 εἰς
1173 598 1217 619 το
1240 597 1303 618 του
1374 583 1631 628 appellationes
1655 582 1881 627 ferebantur,
1913 595 2009 620 nune
2031 589 2151 621 autem
2180 585 2218 621 in
2241 585 2446 631 spectabilia

237 631 474 679 περιβλέπτου
502 627 714 665 ἀνθυπάτου
742 628 1009 674 μεταβέβληται
1038 630 1171 674 σχῆμα,
1200 626 1306 663 οὐδὲν
1374 628 1596 674 proconsulis
1621 627 1770 672 figuram
1790 631 1948 664 mutatus
1973 633 2046 672 est,
2074 630 2183 666 nihilo
2207 631 2326 667 minus
2349 641 2444 668 eom·

235 671 343 720 ἧττον
362 675 534 723 προςῆκόν
554 678 639 715 ἐστι,
663 677 722 707 καὶ
745 675 806 717 τῆς
828 672 934 721 ἀρχῆς
953 675 1087 717 ἐκείνης
1103 676 1228 718 ἔφεσιν
1251 672 1304 708 δε·
1322 676 1360 708 10
1373 677 1497 719 petens
1521 674 1586 715 est,
1612 676 1647 707 et
1670 672 1734 707 illa
1755 672 2060 710 administratione
2075 675 2349 721 appellationem
2365 687 2445 714 sus-

234 725 379 765 χομένης
403 724 460 754 καὶ
483 718 782 763 άναπεμπομένης
801 720 862 761 τῆς
885 717 983 762 δίκης
1006 720 1184 760 ἐνταῦθα,
1213 718 1306 753 κατὰ
1373 718 1525 763 cipiente
1561 719 1597 753 et
1631 717 1793 752 mittente
1822 718 1921 754 litem
1950 719 2028 763 hic,
2075 720 2268 756 seeundum
2307 730 2446 758 sacram

234 766 301 822 τὴν
324 767 432 800 θείαν
456 763 557 810 ἡμῶν
579 762 740 804 διάταξιν
758 766 798 797 ἐν
817 762 917 804 τάξει
941 764 1046 798 θείου
1069 761 1304 810 ἀκροατηρίου
1373 766 1531 798 nostram
1554 762 1844 798 constitutionem
1867 763 1905 798 in
1923 764 2048 800 ordine
2065 765 2159 801 sacri
2181 766 2350 803 auditorii
2367 775 2445 803 eam

235 811 347 854 αυτὴν
378 807 637 856 ἀγωνίζεσθαι,
674 806 844 843 συνόντος
879 812 939 842 καὶ
972 811 1036 844 τοῦ
1068 808 1304 850 ἐνδοξοτάτου
1372 807 1585 849 examinari,
1628 812 1816 852 praesente
1883 819 2000 854 uoque
2033 810 2287 854 gloriosissimo
2321 814 2444 848 nostro

235 856 337 899 ἡμῶν
357 859 587 899 κοιαίστωρος
605 856 664 886 καὶ
689 856 985 900 συνακροωμένου
1002 855 1064 897 τῆς
1081 853 1303 894 ὑποθέσεως,
1372 857 1562 897 quaestore
1593 854 1630 888 et
1658 853 1792 897 pariter
1814 863 1861 888 au
1887 854 1980 889 iente
2001 855 2197 899 negotium,
2225 855 2302 891 solo
2324 855 2445 893 officio

231 898 339 945 μόνης
370 898 408 933 δὲ
438 900 499 942 τῆς
528 898 662 939 τάξεως
683 896 967 944 ὑπηρετουμένης
991 900 1052 942 τῆς
1074 901 1146 943 σῆς,
1178 896 1303 941 ἐπειδὴ
1319 900 1359 933 15
1371 898 1595 950 ministrante
1617 902 1692 941 tuo,
1724 898 1891 950 quoniam
1914 901 1950 934 et
1998 899 2073 935 rius
2095 899 2166 935 hoe
2189 900 2334 954 solitum
2355 905 2444 938 etat.

232 948 291 979 καὶ
314 943 491 979 ποότεοον
513 945 620 977 τοῦτο
644 942 863 987 ἐνενὸμιστο.
911 945 958 978 Εἰ
985 942 1052 990 γὰρ
1076 947 1137 978 καὶ
1160 941 1180 978 ό
1205 947 1302 990 περί·
1371 943 1464 978 Nam
1491 945 1559 977 etsi
1582 943 1787 987 spectabilis
1811 953 1930 979 eomes
1986 955 2130 980 omnum
2157 950 2354 990 permixtus
2376 949 2444 989 est,

232 979 383 1033 βλεπτος
405 977 512 1031 κόμης
534 989 612 1022 τῶν
634 989 759 1022 οἰκιῶν
782 990 1030 1032 συνανεμίχθη
1050 989 1118 1023 νῦν
1138 990 1183 1037 τῇ
1201 986 1302 1036 ἀρχῇ,
1370 992 1489 1023 tamen
1524 997 1639 1032 neque
1669 987 1804 1032 pridem
1839 989 1973 1024 multae
2007 989 2182 1035 quaedam
2214 991 2446 1027 movebantur

231 1031 310 1068 ἀλλ’
336 1027 400 1067 οὖν
422 1032 503 1067 οὔτε
526 1033 702 1079 πρότερον
725 1032 857 1069 πολλαί
877 1045 972 1068 τινες
995 1035 1180 1069 ἐκινοῦντο
1203 1032 1302 1067 δίκαι
1371 1042 1502 1068 causae
1532 1033 1630 1082 apud
1660 1043 1741 1068 eum
1774 1043 1890 1078 neque
1924 1043 1969 1069 ex
1995 1033 2128 1070 iudicio
2155 1035 2232 1071 eius
2261 1036 2446 1072 ferebatur

232 1075 319 1124 παρ’
344 1075 442 1122 αὐτῷ
472 1076 552 1112 οὔτε
582 1081 619 1111 ἐκ
648 1079 710 1112 τοῦ
739 1076 969 1123 δικαστηρίου
992 1080 1055 1112 τοῦ
1081 1077 1162 1113 κατ’
1190 1075 1302 1112 αὐτὸν
1370 1078 1490 1123 aliqua
1510 1088 1625 1123 paene
1648 1078 1839 1123 appellatio
1863 1078 1932 1114 hic.
1969 1079 2076 1115 Nune
2091 1082 2210 1115 autem
2232 1090 2324 1126 quae
2347 1080 2445 1118 eirea

231 1122 372 1170 έφέρετό
402 1135 457 1157 τις
487 1121 615 1166 σχεδὸν
644 1125 761 1168 ἔφεσις
792 1124 968 1158 ἐνταῦθα.
1014 1125 1082 1158 νῦν
1107 1122 1147 1158 δὲ
1175 1121 1219 1167 δὴ
1242 1126 1302 1157 καὶ
1314 1126 1357 1158 20
1371 1123 1501 1158 aerarii
1525 1122 1827 1168 dispensationem
1851 1126 1947 1167 sunt,
1971 1127 2009 1160 et
2028 1125 2106 1160 aliis
2125 1126 2214 1161 haec
2234 1125 2444 1170 quibusdam

230 1168 274 1202 τὰ
297 1171 378 1215 περὶ
401 1167 463 1202 τὰς
484 1166 658 1213 ταμιακὰς
683 1166 871 1211 διοικήσεις
893 1171 953 1201 καὶ
972 1169 1104 1215 ἑτέροις
1120 1171 1194 1203 τισὶ
1211 1180 1300 1214 παρ·
1370 1168 1580 1203 tradidimus
1600 1171 1637 1203 et
1654 1179 1727 1203 non
1747 1171 1887 1214 oportet
1905 1169 1952 1205 ob
1974 1169 2044 1206 hoc
2063 1170 2175 1205 minui
2198 1171 2317 1207 sedem
2333 1173 2443 1215 tuam,

230 1211 432 1257 εδιόκαμεν,
461 1216 520 1246 καὶ
549 1210 590 1247 οὗ
624 1211 679 1247 δεῖ
706 1214 805 1265 παρὰ
824 1214 931 1248 τοῦτο
954 1212 1212 1257 ἐλαττωθῆναι
1235 1212 1301 1248 τὸν
1370 1213 1436 1248 sed
1457 1213 1618 1249 similiter
1639 1217 1741 1248 tuum
1764 1213 1966 1250 ministrare
1989 1214 2149 1251 officium
2170 1215 2285 1252 solum
2307 1215 2366 1252 hie
2382 1216 2443 1252 de-

230 1258 295 1292 σὸν
313 1256 462 1304 θρόνον,
485 1255 566 1292 ἀλλ’
588 1255 720 1302 ὁμοίως
741 1271 810 1301 την
829 1258 897 1301 σὴν
911 1257 1175 1305 ὑπηρετεῖσθαι
1196 1255 1301 1298 τάξιν
1371 1259 1452 1294 latis
1475 1258 1638 1303 negotiis.

229 1303 343 1346 μόνην
366 1306 443 1337 ταῖς
466 1303 629 1337 ἐνταῦθα
654 1306 864 1349 φερομέναις
887 1299 1098 1338 ὑποθέσεσι.

1211 1393 1366 1430 CAPUT
1396 1394 1460 1430 111.

281 1447 393 1484 Ταίντὸ
414 1447 454 1483 δὲ
472 1451 578 1483 τοῦτο
597 1452 656 1482 καὶ
681 1451 740 1484 ἐπὶ
764 1450 826 1484 τοῦ
849 1451 910 1492 τῆς
927 1446 1110 1496 Ἀρμενίας
1133 1447 1300 1485 ἀνθυπά-
1313 1453 1355 1485 25
1414 1450 1493 1486 Hoc
1522 1450 1641 1495 ipsum
1674 1450 1781 1486 etiam
1812 1451 1849 1485 in
1871 1451 2064 1488 Armeniae
2093 1451 2308 1497 proconsule
2379 1462 2442 1488 uo·

230 1509 308 1536 του,
343 1492 466 1537 ἐπειδὴ
494 1493 668 1540 πρότερον
702 1492 812 1541 ἀρχὴν
847 1493 958 1538 αὐτὴν
985 1493 1198 1542 ὀρδιναρίαν
1230 1497 1301 1540 [ἑμ-
1367 1495 1465 1531 niam
1487 1495 1587 1541 prius
1611 1495 1952 1532 administrationem
1976 1507 2053 1532 eam
2076 1496 2290 1533 ordinariam
2379 1507 2441 1534 en-

230 1540 397 1595 flaepovl
423 1537 635 1582 ποιήσαντες
667 1540 734 1573 νῦν
764 1537 869 1574 οὐδὲν
899 1538 990 1587 αὐτῇ
1014 1541 1230 1586 προςθέντες
1252 1541 1301 1575 εἰς
1367 1545 1423 1577 tes
1447 1544 1483 1576 et
1504 1551 1601 1577 nune
1624 1540 1713 1577 nihil
1735 1541 1768 1576 ei
1792 1541 1964 1578 addentes
1986 1542 2025 1578 in
2043 1541 2268 1588 proconsulis

231 1586 273 1619 τὸ
295 1586 355 1627 τῆς
378 1585 625 1619 ανθυπατείας
646 1584 889 1638 μετηγάγομεν
913 1588 1039 1629 σχῆμα.
1076 1588 1149 1619 Καὶ
1167 1585 1235 1632 γὰρ
1257 1584 1301 1629 δὴ
1328 1594 1329 1597 ’
1368 1586 1593 1622 mutavimus.
1651 1585 1794 1621 Etenim
1828 1586 1910 1622 inde
1943 1587 2165 1623 venientibus
2199 1587 2323 1623 litibus
2357 1588 2444 1623 tuae

231 1634 291 1664 καὶ
309 1633 387 1664 ταῖς
410 1629 551 1663 ἐκεῖθεν
575 1627 688 1663 δίκαις
710 1644 730 1672 η
750 1632 811 1672 τῆς
834 1631 896 1673 σῆς
925 1630 1097 1676 ὑπεροχῆς
1126 1627 1299 1677 ὑπηρετὴ·
1369 1631 1587 1667 celsitudinis
1617 1631 1834 1667 ministrabit
1863 1631 2038 1676 officium,
2067 1633 2129 1668 lite
2158 1632 2298 1679 quidem
2325 1631 2364 1668 in
2385 1642 2443 1669 or-

232 1687 332 1709 σεται
354 1672 469 1715 τάξις,
500 1675 560 1717 τῆς
590 1672 686 1716 δίκης
715 1676 782 1718 μὲν
809 1676 849 1708 έν
876 1672 975 1716 τάξει
998 1675 1103 1709 θείου
1126 1672 1298 1722 ἀκροατη-
1312 1679 1355 1712 30
1369 1677 1450 1712 dine
1485 1676 1581 1712 sacri
1614 1676 1801 1719 auditorii,
1837 1676 1931 1712 sicut
1965 1677 2224 1723 praediximus,
2258 1676 2442 1719 movenda,

232 1724 326 1774 ρίου,
360 1718 527 1765 καθάπερ
550 1716 711 1754 εἰπόντες
739 1719 924 1765 ἔφθημεν,
955 1733 1052 1754 κινου
1081 1724 1177 1764 ἕνης,
1205 1718 1298 1766 παρ’
1368 1721 1465 1767 apud
1500 1722 1624 1757 ambos
1659 1725 1780 1756 autem
1820 1733 1882 1758 vos
1921 1723 2173 1766 examinanda,
2214 1722 2442 1759 nihilominus

231 1767 441 1831 ημϊοτέροις
461 1763 500 1798 δὲ
523 1761 607 1807 ὑμῖν
630 1764 895 1809 ἐξεταζομένης,
919 1762 1025 1799 οὐδὲν
1049 1734 1088 1799 διε
1107 1765 1217 1809 ἦττον
1240 1767 1301 1809 τῆς
1368 1771 1488 1802 autem
1524 1766 1644 1802 officio
1678 1770 1742 1802 tuo
1776 1767 2001 1803 ministrante
2034 1778 2182 1811 causae,
2216 1768 2311 1803 sieut
2367 1766 2443 1803 rius

231 1808 368 1850 τάξεως
395 1811 455 1851 τῆς
492 1810 552 1851 σῆς
587 1806 866 1863 ὑπῃρετουμένης
894 1812 948 1854 τῷ
976 1809 1176 1857 πράγματι,
1208 1811 1300 1845 καθ·
1367 1812 1454 1855 fuit,
1484 1812 1569 1847 dum
1592 1812 1707 1847 solum
1731 1812 2047 1852 administrationis
2072 1812 2273 1849 ordinariae
2293 1812 2343 1848 ha
2428 1815 2443 1849 t

231 1853 322 1899 άπερ
345 1857 403 1887 καὶ
427 1851 602 1899 πρότερον
625 1867 680 1897 ην,
712 1851 816 1896 ἡνίκα
836 1852 948 1897 μόνον
966 1854 1007 1889 τὸ
1028 1857 1089 1898 τῆς
1111 1853 1217 1902 ἀρχῆς
1240 1857 1301 1901 τῆς
1369 1857 1511 1893 schema
1534 1858 1670 1893 maiore
1694 1856 1818 1893 ordine
1840 1868 1912 1893 non
1935 1862 2117 1904 suscepto.

232 1899 443 1943 καλουμένης
472 1896 676 1945 όρδιναρίας
705 1899 774 1941 εἶχε
801 1901 917 1944 σχῆμα
946 1902 1094 1945 μείζονα
1128 1900 1231 1942 τάξιν
1260 1902 1355 1937 οὖ35

234 1943 487 1988 προςλαβοῦσα.

1216 2014 1372 2050 CAPUT
1400 2014 1462 2049 IV.

274 2063 417 2108 Ἐπειδὴ
449 2063 488 2099 δὲ
510 2071 569 2101 καὶ
594 2070 804 2102 Λυκαονίαν
827 2072 886 2101 καὶ
910 2067 1082 2104 Πισιδίαν
1105 2074 1165 2104 καὶ
1193 2069 1301 2104 Ἰσαυ-
1413 2070 1587 2114 Quoniam
1622 2074 1660 2106 et
1690 2070 1906 2122 Lycaoniam
1937 2074 1975 2106 et
2003 2071 2173 2107 Pisidiam
2205 2076 2242 2108 et
2270 2072 2445 2109 Isauriam

232 2117 315 2158 ρίαν
342 2109 412 2146 ὑπὸ
437 2110 581 2156 άρχουσι
613 2112 792 2159 πρότερον
823 2117 1039 2159 τεταγμένας
1073 2118 1131 2149 καὶ
1160 2115 1221 2150 τὰς
1249 2118 1300 2149 ἐκ·
1370 2116 1438 2150 sub
1469 2115 1648 2151 iudicibus
1681 2116 1845 2160 pnmitus
1878 2116 2091 2152 constitutas
2121 2120 2159 2153 et
2187 2118 2446 2163 appellationes

233 2202 363 2237 talibus
395 2202 702 2249 appellationibus
732 2202 971 2246 ministraret,
1003 2205 1300 2250 quemadmodum
1329 2206 1439 2242 etiam
1462 2210 1572 2242 antea
1599 2205 1730 2251 siebat,
1761 2205 1903 2241 etiamsi
1931 2205 1971 2240 in
1998 2206 2126 2252 forma
2147 2207 2247 2243 sacri
2269 2206 2445 2244 auditorii

232 2251 389 2293 aqantur
411 2253 446 2282 et
495 2246 750 2282 loriosissimus
773 2252 896 2283 noster
916 2252 1087 2299 quaestor
1110 2249 1206 2285 adsit
1228 2255 1264 2286 et
1284 2251 1474 2298 particeps
1494 2251 1544 2286 sit
1565 2261 1691 2286 eorum
1714 2261 1809 2297 quae
1829 2255 2019 2297 ⁴qeruntur.

365 2292 411 2327 11.
458 2258 538 2327 sz
595 2292 738 2327 uoniam
796 2293 835 2327 ui
860 2304 1003 2340 primae
1031 2294 1285 2341 Cappadociae
1304 2300 1461 2348 praeest
1495 2299 1604 2332 antea
1633 2295 1682 2330 ad
1709 2295 1828 2332 solum
1857 2300 1956 2331 tuum
1986 2296 2237 2343 maqistratum
2277 2296 2444 2343 respexit

231 2341 339 2388 atque
361 2337 446 2371 illuc
468 2302 732 2384 appelqlationes
754 2303 1030 2383 diferebantur,
1065 2351 1161 2375 nunc
1184 2351 1267 2376 vero
1297 2352 1336 2376 in
1362 2340 1571 2388 spectabilis
1588 2340 1828 2387 proconsulis
1847 2341 2008 2388 fiquram
2030 2345 2190 2378 mutatus
2211 2346 2283 2386 est,
2313 2341 2443 2379 nihilo-

231 2392 348 2416 mmus
375 2393 451 2429 par
481 2386 551 2423 est,
585 2381 647 2417 ubi
675 2386 711 2417 et
739 2382 802 2417 ille
831 2384 1068 2429 maqistratus
1097 2385 1379 2431 appellationem
1413 2386 1590 2433 suscipiat
1620 2389 1657 2421 et
1685 2396 1797 2421 causa
1828 2385 1899 2422 huc
1934 2386 2217 2431 transmittatur,
2250 2387 2445 2424 secundum

231 2437 371 2461 sacram
398 2430 560 2462 nostram
583 2428 872 2463 constitutionem
900 2428 1002 2463 illam
1030 2429 1070 2464 in
1093 2430 1221 2466 ordine
1242 2431 1341 2466 sacri
1364 2431 1540 2467 auditorii
1562 2430 1778 2478 disceptari,
1801 2434 1844 2467 ut
1866 2431 2010 2467 intersit
2031 2431 2138 2467 etiam
2160 2431 2445 2479 qloriosissimus

233 2476 352 2507 noster
375 2475 546 2517 quaestor
565 2476 600 2507 et
624 2482 699 2506 una
722 2482 868 2507 causam
891 2478 1099 2519 coqnoscat,
1122 2475 1239 2510 solum
1262 2487 1348 2511 vero
1374 2476 1538 2522 officium
1567 2481 1666 2511 tuum
1683 2475 1873 2519 ministret,
1896 2475 2188 2522 quandoquidem
2210 2477 2319 2514 etiam
2333 2477 2445 2525 prius

234 2516 301 2550 boc
323 2526 390 2550 usu
414 2520 567 2551 venerat.
615 2516 707 2551 Nam
731 2517 798 2552 etsi
825 2519 1033 2563 spectabilis
1063 2530 1181 2555 comes
1211 2520 1400 2556 domorum
1429 2521 1463 2556 ei
1491 2531 1551 2556 ma
1578 2521 1727 2556 istratui
1751 2531 1848 2556 nunc
1878 2521 2066 2557 admixtus
2087 2526 2153 2565 est,
2187 2526 2304 2558 tamen
2327 2532 2444 2569 neque

234 2565 341 2595 (ιιιιεα
375 2561 509 2595 multae
543 2561 623 2596 lites
657 2561 757 2607 apud
786 2573 866 2597 eum
896 2563 1131 2599 movebantur
1162 2576 1278 2611 neque
1307 2577 1330 2601 a
1360 2566 1493 2601 iudicio
1520 2566 1550 2601 il
1563 2566 1621 2601 ius
1654 2565 1732 2601 ulla
1757 2566 1840 2611 fere
1868 2566 2069 2614 appellatio
2098 2566 2169 2602 nuc
2199 2567 2442 2613 deferebam.

235 2605 339 2639 Nunc
367 2616 449 2640 vero
473 2609 507 2639 et
530 2616 623 2650 quae
646 2606 696 2641 ad
717 2606 854 2641 aerarii
883 2607 1212 2645 administrationes
1234 2611 1425 2657 pertinent
1452 2611 1537 2646 aliis
1555 2621 1700 2657 quoque
1722 2610 1936 2662 quibusdam
1958 2611 2214 2656 commisimus,
2243 2623 2311 2649 nec
2323 2621 2442 2660 prop-

236 2654 331 2684 terea
351 2653 412 2684 tua
435 2649 536 2694 sedes
558 2650 798 2686 imminuenda
818 2655 889 2686 est:
907 2652 972 2687 sed
989 2653 1154 2689 similiter
1178 2660 1276 2690 tuum
1300 2656 1463 2701 officium
1486 2656 1603 2692 solum
1627 2666 1748 2691 causis
1770 2655 1841 2691 huc
1862 2655 1994 2692 delatis
2015 2656 2205 2694 ministret.

366 2694 429 2729 111.
475 2696 591 2739 Atque
622 2694 691 2729 hoo
719 2694 812 2730 idem
835 2696 942 2731 etiam
965 2697 1004 2731 in
1025 2698 1217 2735 Armeniae
1245 2701 1483 2746 proconsule:
1540 2702 1687 2737 uoniam
1717 2701 1782 2747 qui
1811 2712 1889 2737 eam
1916 2701 2023 2748 prius
2044 2705 2266 2748 potestatem
2296 2703 2442 2740 ordina

234 2739 325 2773 riam
348 2738 583 2780 reddidimus,
615 2749 709 2774 nunc
738 2739 829 2774 nihil
857 2741 892 2775 ei
921 2741 1093 2778 addentes
1120 2744 1160 2778 in
1183 2746 1470 2791 proconsulatus
1516 2757 1654 2781 ormam
1682 2746 1906 2782 mutavimus.
1965 2745 2110 2782 Etenim
2132 2747 2240 2783 etiam
2268 2748 2316 2784 iis
2349 2759 2444 2796 quac

234 2783 317 2818 inde
347 2783 490 2818 veniunt
519 2783 638 2818 causis
668 2788 750 2819 tuae
780 2784 1008 2821 sublimitatis
1036 2788 1199 2832 officium
1230 2790 1467 2826 ministrabit:
1501 2795 1543 2826 ut
1572 2801 1685 2826 causa
1715 2791 1753 2826 in
1777 2790 1905 2827 ordine
1929 2791 2028 2827 sacri
2049 2790 2242 2836 auditorii,
2274 2793 2443 2839 quemad-

235 2827 375 2862 modum
400 2833 483 2862 ante
506 2828 681 2870 diximus,
712 2834 913 2871 moveatur,
944 2831 1044 2876 apud
1074 2837 1263 2880 utrumque
1292 2839 1411 2870 autem
1441 2840 1597 2871 vestrum
1624 2836 1869 2878 examinetur,
1903 2835 2137 2872 nihilominus
2163 2847 2248 2874 vero
2279 2838 2447 2886 officium

237 2879 334 2907 tunm
357 2873 410 2907 rei
431 2872 616 2922 ministret,
646 2874 743 2924 sicut·
761 2874 867 2924 etiam
891 2881 997 2910 antea
1020 2882 1118 2919 erat,
1151 2889 1230 2913 cum
1252 2879 1367 2914 solam
1389 2881 1581 2926 potestatis
1603 2880 1812 2917 ordinariae
1834 2891 1928 2927 quae
1950 2885 2101 2917 vocatur
2121 2882 2275 2929 speciem
2298 2882 2446 2920 liaberet

235 2918 371 2952 maiore
394 2917 520 2951 ordine
539 2928 612 2951 non
636 2923 825 2962 acquzszto.

368 2961 428 2997 IV.
475 2960 652 3003 Quoniam
683 2972 767 2997 vero
796 2967 832 2998 et
854 2963 1075 3009 Lycaoniam
1103 2971 1139 3002 et
1164 2967 1338 3003 Pisidiam
1363 2973 1398 3004 et
1420 2968 1614 3013 Isauriam,
1639 2982 1733 3017 quae
1755 2970 1820 3006 sub
1838 2970 2072 3018 praesidibus
2094 2976 2203 3008 antea
2228 2972 2445 3010 constitutae

279 3054 300 3086 4
324 3051 447 3097 *παρῇ
470 3052 546 3083 libri
559 3051 571 3094 ΙΙ
590 3046 691 3092 ἡμῶν
715 3065 773 3085 om.
788 3053 837 3084 Βιε
855 3052 867 3096 ΙΙ
881 3056 1017 3096 μετέχει
1032 3056 1077 3088 M
1088 3055 1100 3096 ῆ
1116 3058 1135 3084 8
1157 3054 1200 3089 τὰ
1226 3058 1304 3090 τῶν
1335 3066 1338 3102 1
1416 3061 1435 3093 2
1466 3061 1493 3092 si
1517 3060 1639 3102 R²V⁸J
1670 3064 1719 3094 set
1741 3062 1790 3095 Β*
1821 3062 1888 3095 seio
1919 3061 1980 3103 17²,
2000 3074 2058 3096 om.
2081 3061 2194 3107 vulo]
2226 3064 2248 3097 4
2279 3063 2312 3096 et
2338 3061 2445 3106 parti-

239 3096 300 3139 Bn
323 3099 344 3129 9
365 3098 406 3138 ql:
433 3109 501 3129 nov.
529 3097 645 3129 XXX
669 3097 680 3138 ΙΙ
708 3100 746 3128 13
772 3093 888 3130 αὐτοῖς
911 3100 941 3131 L
960 3104 971 3135 n
1001 3103 1039 3133 14
1062 3111 1301 3146 συνακροασιι-
1336 3107 1338 3144 5
1370 3115 1444 3146 ceps
1466 3106 1509 3137 sit
1531 3108 1697 3146 gestorum
1722 3106 1852 3143 om.cR¹
1875 3106 1889 3151 ΙΙ
1919 3108 1940 3142 6
1964 3106 2134 3150 oapadotie
2156 3106 2265 3152 RVfl
2292 3109 2312 3141 7
2337 3106 2445 3142 solum

234 3145 343 3184 μένας
361 3142 391 3174 L
406 3142 419 3183 ΙΙ
448 3143 484 3175 15
511 3137 550 3173 δὲ
569 3153 627 3174 om.
652 3140 699 3193 fl!
727 3143 766 3174 16
790 3143 848 3173 καὶ
872 3139 891 3174 ὂ
915 3141 1091 3188 πρότερον
1111 3146 1142 3178 L
1161 3146 1172 3186 ΙΙ
1188 3145 1302 3178 ἐνενό-
1372 3152 1404 3182 et
1426 3149 1486 3190 ibi]
1511 3161 1542 3182 m
1567 3153 1600 3183 et
1623 3151 1671 3184 ibi
1705 3151 1754 3184 17²
1777 3153 1811 3185 in
1829 3164 1895 3184 ras.
1915 3151 1927 3194 ΙΙ
1947 3154 1986 3186 10
2009 3151 2101 3184 illam
2125 3152 2442 3186 administrationem

234 3198 341 3230 μιστο
365 3186 553 3226 Heimbach]
581 3195 770 3228 νενόμιστο
796 3188 872 3219 libri
896 3186 908 3230 ΙΙ
940 3190 975 3221 17
1003 3189 1128 3222 οἰκιῶν
1153 3191 1223 3231 Me]
1255 3191 1302 3223 οἰ·
1372 3194 1678 3233 (amministratione
1698 3197 1746 3238 V)
1777 3196 2029 3240 appellationem
2053 3197 2284 3240 suscipientem
2309 3200 2343 3231 et
2363 3196 2440 3231 mit-

236 3234 343 3264 κείων
365 3231 447 3264 LB‘
469 3232 525 3274 (qfi
556 3231 632 3264 Cod.
652 3232 703 3270 12,
722 3239 749 3271 5,
767 3238 783 3263 ⁴2
808 3243 875 3262 cum
905 3233 1030 3266 Cuiacii
1053 3237 1171 3277 comm.)
1198 3238 1209 3275 ΙΙ
1238 3236 1305 3268 νῦν
1372 3241 1492 3270 tentem
1509 3241 1593 3280 libri,
1607 3253 1689 3274 corr.
1703 3241 1798 3274 Beck
1813 3242 1825 3284 ΙΙ
1847 3245 1881 3275 11
1899 3254 1946 3285 sq.
1956 3244 2100 3275 nostram
2113 3242 2444 3276 constitutionem*
2506 3241 2515 3245 κ

235 3290 286 3354 2⁷2
310 3288 398 3364 five
423 3287 535 3362 ,τετε
558 3271 1009 3360 Ξῦὶῖ-,ἣῆῖξοῖῦῗὲ
1024 3279 1097 3365 ‘13:3¹
1112 3276 1304 3363 ,lgm
1372 3283 2271 3377 sentit?ff⁷⁰zss1323m¹⁷l²fresszzfiz¹ffsssffll.
2290 3288 2333 3365 ἰζ
2346 3297 2444 3365 33:

238 3369 344 3398 autem
370 3378 390 3402 ς
413 3365 425 3408 ΙΙ
453 3368 490 3398 21
519 3362 576 3406 τὰ]
600 3363 663 3398 τὰς
686 3363 748 3408 Lfl
773 3364 965 3417 ταμειακᾲς
990 3368 1023 3399 Β
1039 3369 1050 3409 ΙΙ
1069 3367 1127 3400 ἑτέ
1169 3378 1197 3401 ις
1221 3371 1304 3409 τισὶ]
1381 3371 1428 3414 Vl
1468 3373 1507 3404 19
1531 3378 1590 3404 aut
1621 3374 1678 3418 Vn
1706 3377 1748 3408 20
1773 3376 1888 3408 err-arii
1911 3376 2041 3419 RVTn
2065 3378 2144 3408 sunt
2167 3376 2444 3418 dispensationem

238 3410 312 3442 aliis
332 3411 412 3443 haec
436 3409 631 3451 quibusdam
655 3421 675 3446 ς
700 3413 713 3450 Ι
742 3407 1049 3453 παραδεδωκαμεν
1073 3413 1103 3445 L
1140 3415 1145 3455 Ι
1175 3415 1215 3446 22
1241 3411 1306 3446 τὸν
1375 3415 1408 3448 R
1436 3415 1441 3459 Ι
1470 3417 1549 3448 haee
1574 3419 1635 3452 del.
1660 3419 1754 3453 Beck
1781 3420 1794 3462 ΙΙ
1821 3422 1863 3454 22
1888 3420 2018 3461 delatis]
2043 3420 2160 3454 dotalis
2192 3421 2242 3454 V²
2277 3421 2317 3454 de
2348 3420 2400 3455 V*

240 3453 378 3498 θρόνον
400 3453 465 3487 τὸν
485 3453 550 3487 σὸν
568 3455 599 3488 L
612 3455 692 3494 (Bt)
709 3454 722 3498 ΙΙ
739 3455 781 3487 26
805 3452 982 3498 πρότερον
1002 3455 1069 3497 τὴν
1090 3454 1199 3501 ἀρχὴν
1223 3458 1281 3509 B⁶⁸
1295 3457 1307 3502 ΙΙ
1374 3462 1416 3492 25
1441 3461 1551 3502 etiarn]
1577 3465 1609 3494 et
1628 3464 1675 3496 R*
1694 3464 1765 3506 1126
1789 3465 2051 3499 ministratione
2073 3463 2131 3509 Vss
2147 3467 2187 3499 27
2211 3465 2319 3508 figura
2344 3465 2418 3508 VT,

239 3499 434 3542 ὲζιιβαθμον
458 3500 514 3542 M,
539 3513 598 3532 om.
617 3499 708 3535 LBe
725 3499 738 3542 Ι
753 3500 793 3533 27
820 3500 862 3540 cs.
887 3512 958 3533 nov.
976 3501 1115 3534 XXXI
1135 3504 1190 3535 c.l
1212 3501 1224 3544 ΙΙ
1240 3515 1307 3535 νυν
1376 3506 1417 3537 28
1439 3504 1694 3540 aduenientibus
1725 3509 1760 3541 V
1781 3508 1793 3551 ΙΙ
1823 3511 1864 3543 29
1896 3509 2148 3543 celsitudinibus
2170 3510 2222 3544 13⁰
2247 3512 2260 3551 fl
2294 3509 2443 3543 ordinem

241 3541 352 3586 αὐτὴν
374 3542 479 3577 οὐδὲν
500 3541 588 3586 αὐτῆ
608 3545 639 3578 L
668 3544 681 3588 Ι
708 3545 751 3578 29
781 3539 992 3589 ὑπηρετήσει
1014 3546 1063 3578 B⁶
1088 3545 1100 3589 ΙΙ
1131 3548 1173 3579 30
1205 3547 1308 3580 θείας
1375 3549 1409 3582 R
1423 3549 1435 3590 ΙΙ
1455 3551 1496 3582 30
1518 3552 1711 3584 mouendam
1734 3552 1790 3597 Vl}
1806 3556 1843 3587 31
1873 3555 1962 3597 apud
1981 3565 2093 3588 omnes
2112 3554 2224 3588 ambos
2243 3553 2314 3599 V¹fl
2340 3553 2442 3608 3721-

242 3588 272 3620 L
292 3589 303 3630 ΙΙ
320 3591 359 3621 32
386 3587 426 3621 δὲ
438 3603 496 3622 om.
510 3590 560 3622 Bc
578 3590 590 3633 ΙΙ
606 3592 647 3624 33
670 3588 725 3631 τῷ
739 3602 797 3622 om.
811 3589 843 3623 L
861 3591 874 3633 ΙΙ
890 3591 931 3624 35
956 3587 1169 3634 καλουμένης
1182 3604 1241 3625 om.
1255 3603 1274 3628 ς
1296 3592 1309 3636 u
1376 3594 1522 3625 oaoniam
1541 3595 1574 3627 R
1597 3596 1752 3629 liconiam
1772 3598 1830 3640 Vn
1853 3599 2025 3641 pisoidiam
2046 3600 2080 3633 V
2091 3599 2231 3642 psidiam
2243 3600 2277 3633 R
2293 3597 2307 3643 Ι
2332 3598 2442 3633 hinnu-

244 3635 283 3665 37
309 3630 347 3664 δὲ
371 3646 429 3667 om.
455 3634 504 3666 Βεἴ
522 3634 592 3677 1138
616 3631 801 3680 ἐγκλήτους
822 3634 869 3668 Μ
1377 3638 1458 3670 riam
1478 3639 1581 3672 RVT
1592 3639 1604 3683 ΙΙ
1623 3643 1665 3674 38
1689 3644 1722 3674 et
1744 3642 1993 3685 appellationes]
2018 3643 2216 3677 constitutas
2239 3645 2316 3678 aad.
2335 3643 2389 3678 R*
