2476 3854
190 78 267 122 Ed.
282 78 347 122 XI
381 80 485 122 1—3
1252 75 1339 123 778
1940 95 2001 126 u'r
2029 95 2215 127 numam
2243 94 2409 128 comm

188 191 210 225 1
255 192 412 236 χρυσίον,
443 187 486 224 οὗ
509 187 707 233 δυναμένου
727 187 825 222 τινὸς
842 184 934 231 ὑπὲρ
954 187 1017 230 τῆς
1039 188 1156 222 κακῶς
1178 189 1452 235 ἐπινενοημένης
1475 186 1629 245 όβρύζης
1652 189 1850 235 ἀπαίτησιν
1874 193 2066 228 ποιεῖσθαί
2086 207 2181 228 τινα.
2226 191 2330 230 Ἀλλὰ
2350 198 2412 230 καὶ

188 233 232 269 τὸ
254 231 332 268 κατ’
357 235 549 281 Αἴγυπτον
579 232 858 276 πολιτευόμενον
888 235 1033 279 χρυσίον
1063 229 1178 268 οὕτως
1207 235 1249 268 ἐν
1279 237 1353 270 τοῖς
1380 233 1650 291 συναλλάγμασι
1680 235 1966 283 συλλογίζεσθαι,
1998 235 2047 273 ὥς
2076 238 2120 274 τὸ
2156 239 2250 274 κατὰ
2274 240 2412 283 ταύτην

188 278 259 323 τὴν
281 279 440 325 μεγάλην
463 277 735 324 χαραττόμενον
757 275 879 320 πόλιν,
902 276 1272 323 παραφυλαττομένου
1294 277 1424 314 τούτου
1447 277 1607 325 κινδυνῳ
1630 281 1695 316 τοῦ
1719 294 1760 316 τε
1783 282 1877 317 κατά
1897 283 2027 330 καιρὸν
2050 284 2150 329 παρὰ
2165 282 2411 330 Ἀλεξανδρεῦ-

189 335 250 359 σιν
268 321 527 370 αὖγουσταλίου
550 326 610 357 καὶ
634 324 712 358 τῶν
733 319 1035 367 ὑπηρετουμένων
1055 320 1155 367 αύτῷ
1179 322 1330 365 τάξεων.

1190 413 1347 450 CAPUT
1370 414 1416 451 11.

320 478 465 524 Ἐπειδὴ
497 478 537 514 δὲ
567 478 760 525 κεφάλαιον
790 481 854 514 τοῦ
884 479 1170 526 κακουργήματος
1191 482 1230 515 οῗ
1248 494 1288 516 τε
1312 480 1528 527 ζυγοστάται
1550 484 1610 516 καὶ
1633 481 1670 516 οἱ
1691 483 1867 529 χρυσῶνες
1889 483 2135 529 τυγχάνουσιν,
2161 485 2411 532 ἐπετρέψαμεν

188 527 240 570 τῷ
273 527 341 561 νῦν
373 527 508 560 ἐκείνας
538 526 658 567 ἔχοντι
681 524 746 560 τὰς
769 522 879 570 ἀρχὰς
901 523 974 560 ὑπὸ
997 525 1066 569 τὴν
1090 525 1337 571 προςὴκουσαν
1362 525 1492 561 αὐτοὺς
1516 523 1718 572 ἀσφάλειαν
1741 528 2058 572 καταστήσασθαι,
2083 526 2132 564 αἱς
2156 527 2200 564 δι’
2227 527 2408 566 ἆπολύτου

187 570 412 618 χαράγματος
435 569 691 616 ύπουργήσωσι
715 573 788 604 τοῖς
811 569 1090 615 συναλλάγμασι,
1113 573 1173 604 καὶ
1197 571 1232 605 εἴ
1249 584 1289 618 γε
1312 575 1372 606 καὶ
1396 574 1593 618 σφραγίσαι
1618 570 1690 606 δέοι
1714 575 1812 615 ποτέ,
1836 574 2010 608 τοσοῦτον
2035 575 2264 620 ἐπιγράψωσι
2285 574 2410 620 μόνον,

187 613 278 651 ὅσον
307 619 385 651 ταῖς
416 612 607 658 ἀληθείαις
639 616 738 649 ἐστὶν
765 613 785 649 ὁ
819 616 884 649 τοῦ
914 618 991 649 ταῖς
1023 619 1216 662 σφραγῖσιν
1250 615 1496 661 ἐμβληθέντος
1523 620 1666 660 χρυσίου
1696 615 1873 662 σταθμός,
1905 615 1948 652 ού
1973 616 2189 664 δυναμένους
2213 619 2325 655 πλέον
2347 621 2410 655 τοῦ

186 663 264 695 ταῖς
291 657 478 704 ἀληθείαις
509 659 775 704 ἐμβεβλημένου
805 660 977 704 σταθμοῦ
1008 663 1085 695 ταῖς
1112 664 1308 708 σφραγῖσιν
1339 660 1533 717 ἐγγράφειν
1556 662 1650 696 κατὰ
1673 664 1783 697 τοῦτο
1806 660 1850 706 δὴ
1873 661 1916 697 τὸ
1940 664 2057 698 κακῶς
2076 664 2157 710 ἄχρι
2180 663 2286 700 τοῦδε
2309 664 2410 700 πολι·

186 705 417 750 τευσάμενον.
466 706 497 739 εἰ
526 705 595 752 γάρ
628 718 666 740 τι
695 706 839 740 τοιοῦτο
869 704 1102 750 τολμήσουσι,
1133 709 1193 740 καὶ
1225 704 1397 751 δημοσίας
1425 708 1549 741 αυτῶν
1576 707 1638 741 τὰς
1669 705 1792 742 οὐσίας
1817 709 1992 752 ποιοῦμεν
2025 711 2085 743 καὶ
2116 711 2194 744 ταῖς
2223 711 2272 744 εἰς
2302 712 2409 755 σῶμα

187 755 329 786 ποιναῖς
357 749 595 794 ὑποτίθεμεν,
625 748 674 785 ώς
703 749 795 794 μηδὲ
825 750 917 785 κατὰ
941 749 1100 785 κέλευσιν
1124 749 1300 797 ἡμετέραν
1322 753 1385 796 τῆς
1404 751 1585 795 συνήθους
1608 749 1727 787 αὐτοῖς
1750 756 1959 799 κακουργίας
1982 753 2188 790 ἐκστάντας.
2236 752 2327 789 ἀλλὰ
2350 758 2410 789 καὶ

187 794 352 843 ἀνάγκην
382 796 502 836 ἕξουσι
532 796 656 831 πᾶσαν
687 798 851 843 χορηγεῖν
881 799 1027 843 χρυσίον
1057 796 1165 831 τοῦτο
1195 798 1263 841 μὲν
1290 798 1343 840 τῷ
1369 810 1409 831 τε
1432 795 1532 841 παρὰ
1555 795 1847 842 Ἀλεξανδρεῦσιν
1871 794 2118 844 αὖγουσταλίῳ
2141 802 2201 833 καὶ
2223 802 2297 834 τοῖς
2319 799 2411 834 κατὰ

185 842 313 887 καιρὸν
336 843 453 884 ἔχουσι
475 839 544 884 τὴν
568 839 681 886 ἀρχὴν
703 844 766 876 επὶ
788 843 866 876 ταῖς
889 841 1180 885 συνειθισμέναις
1203 843 1414 886 ἐκπομπαῖς,
1444 844 1551 877 τοῦτο
1576 840 1615 876 δὲ
1637 843 1691 886 τῷ
1712 855 1751 876 τε
1774 843 1840 878 νῦν
1860 843 1937 887 (καὶ
1960 842 2032 887 τῷ)
2055 843 2149 878 κατὰ
2172 843 2299 890 καιρὸν
2323 842 2410 879 ἀλα-

185 887 302 935 βάρχῃ
331 888 384 930 τῷ
409 899 449 921 τε
473 889 705 931 πραιποσίτῳ
730 886 807 921 τῶν
830 885 948 921 θείων
971 884 1078 930 ήμῶν
1098 887 1308 932 θησαυρῶν,
1340 882 1446 922 ούδὲν
1471 885 1645 933 διάφορον
1669 885 1760 932 ’ὑπὲρ
1784 884 1936 932 ὅβρύζης
1959 887 2147 924 παντελῶς
2169 887 2408 934 κομιζόμενοι.

1174 976 1333 1014 CAPUT
1358 977 1421 1013 111.

323 1039 429 1079 Οὕτω
459 1041 499 1078 δὲ
519 1041 632 1079 αὐτὸν
656 1045 906 1089 ἐπετρέψαμεν
924 1044 989 1078 τοῦ
1013 1054 1043 1079 π
1066 1043 1222 1099 &suavo-⁰
1244 1047 1415 1090 προνοεῖν
1433 1048 1493 1079 καὶ
1516 1044 1597 1080 τοὺς
1619 1042 1695 1090 μετ’
1723 1043 1838 1080 αὐτὸν
1859 1045 1929 1088 τὴν
1951 1045 2067 1093 ἀρχὴν
2090 1047 2233 1094 παραλη
2283 1049 2409 1092 με’νους

186 1091 245 1123 καὶ
275 1088 337 1124 τὰς
368 1089 591 1134 πειθομένας
622 1086 742 1124 αὐτοῖς
771 1086 907 1131 τάξεις,
935 1086 983 1123 ὠς
1013 1090 1044 1123 εἰ
1069 1100 1170 1132 οτας,
1201 1085 1329 1133 ὅτιπερ
1359 1091 1394 1124 εἴ
1419 1103 1455 1124 τι
1485 1093 1631 1135 φανεῖεν
1651 1089 1742 1137 ὑπὲρ
1766 1088 1920 1135 ὀβρύζης
1939 1089 2205 1136 ἇπαιτηθέντες
2275 1091 2311 1127 οἱ
2331 1093 2409 1127 τῶν

185 1135 304 1169 θείων
334 1131 440 1178 ἡμῶν
468 1135 691 1180 προεστῶτες
717 1132 951 1180 ἅλαβαρχιῶν
975 1131 998 1177 ἢ
1023 1132 1042 1168 ὁ
1067 1135 1143 1169 τῶν
1167 1134 1286 1169 θείων
1309 1132 1415 1178 ἡμῶν
1438 1134 1682 1182 λαργιτιόνων
1706 1150 1734 1171 π
1758 1136 1956 1179 αιπόσιτος,
1975 1137 2124 1172 οἴκοθεν
2146 1137 2409 1183 καταθήσουσι,

185 1180 293 1214 τοῦτο
324 1181 394 1224 μὲν
426 1181 464 1213 ἐκ
496 1181 573 1213 τῶν
603 1182 876 1226 χορηγουμένων
908 1178 1027 1214 αὐτοῖς
1058 1193 1099 1214 τε
1129 1182 1188 1214 καὶ
1212 1180 1360 1221 τάξεσιν
1383 1178 1565 1220 ἀννόνων,
1597 1182 1706 1216 τοῦτο
1753 1182 1770 1215 ἃ
1792 1182 1871 1216 τῶν
1894 1179 2017 1216 οὐσῶν
2037 1179 2156 1218 αὐτοῖς
2178 1183 2409 1230 περιουσιῶν,

185 1222 225 1258 οὗ
255 1222 370 1269 μόνον
400 1223 454 1270 ἐφ’
486 1221 576 1259 ὅσον
601 1228 745 1267 ἔχονται
768 1226 847 1259 τῶν
871 1222 1004 1269 ἀρχῶν,
1028 1222 1117 1259 ἀλλὰ
1140 1221 1210 1259 κᾶν
1233 1226 1263 1259 εἰ
1286 1226 1420 1260 ταύτας
1443 1226 1687 1270 καταθέμενοι
1709 1226 1856 1269 τύχωσι,
1879 1229 1940 1261 καὶ
1962 1227 2034 1261 εἴτε
2056 1226 2261 1274 γράψαντες
2282 1225 2409 1272 ὁμολο-

185 1273 262 1316 γίας
288 1268 418 1304 τούτου
447 1270 512 1304 τοῦ
542 1272 669 1317 μέρους
698 1267 943 1313 ἀντελάβοντο
971 1270 1035 1313 τῆς
1063 1268 1168 1315 ἀρχῆς
1198 1271 1269 1305 εἴτε
1299 1273 1359 1304 καὶ
1376 1272 1517 1306 τοιοῦτο
1539 1269 1654 1316 μηδὲν
1677 1270 1954 1318 ὦμολογηκότες,
1975 1274 2056 1307 ἐπεί
2071 1286 2112 1319 γε
2145 1272 2304 1317 μάλιστα
2319 1270 2409 1316 μηδὲ

184 1318 206 1350 1
253 1312 403 1360 ἀρχαῖον
433 1315 476 1349 τὸ
506 1316 568 1358 τῆς
599 1312 751 1360 ὀβρύζης
773 1316 884 1357 ἐστίν,
908 1311 984 1349 ἀλλ’
1009 1317 1047 1349 ἐκ
1070 1317 1260 1361 νεωτέρων
1284 1313 1490 1360 ἀρξάμενον
1511 1315 1662 1363 χρόνων.
1711 1320 1784 1350 Καὶ
1808 1320 1881 1351 τοῖς
1903 1315 2021 1352 ἄλλοις
2044 1316 2093 1361 δέ,
2117 1313 2197 1353 ὅσοι
2215 1317 2277 1353 τὰς
2300 1319 2409 1363 ἐμπο-

185 1363 262 1404 ρίας
286 1361 477 1395 ποιοῦνται
501 1364 561 1394 καὶ
584 1363 687 1414 μεζχρι
706 1361 772 1394 νῦν
807 1358 1007 1405 λαμβάνειν
1030 1374 1067 1395 τι
1091 1358 1266 1406 διάφορον
1289 1361 1527 1404 εἰθίσθησαν,
1551 1362 1823 1409 προαγορεύσεις
1846 1359 1990 1406 ὁμοίως,
2014 1360 2063 1397 αἶς
2085 1363 2123 1397 εἴ
2138 1377 2175 1399 τι
2199 1366 2347 1410 φανεῖεν
2369 1365 2409 1398 ἐν

184 1408 258 1439 τοῖς
289 1404 582 1451 συναλλάγμασιν
614 1407 705 1450 υπέρ
736 1402 891 1449 ὄβρύζης
925 1404 1172 1450 λαμβάνοντες
1201 1405 1225 1449 ἢ
1256 1404 1563 1453 ὑπολογιζόμενοι,
1595 1411 1654 1441 καὶ
1685 1404 1808 1442 οὐσίας
1838 1409 2023 1443 ἔκπτωσιν
2053 1412 2114 1442 καὶ
2144 1407 2210 1444 τὰς
2231 1408 2280 1443 εἰς
2302 1408 2409 1453 σῶμα

185 1449 314 1485 ποινὰς
342 1449 623 1494 ὑποστήσονται.
671 1451 818 1496 πρᾶγμα
849 1450 961 1496 (γὰρ)
992 1451 1109 1485 κακῶς
1132 1449 1348 1495 ἀρξάμενον,
1368 1451 1415 1485 εἰς
1437 1453 1614 1487 τοσοῦτον
1638 1449 1678 1486 δὲ
1701 1450 1889 1497 προελθὸν
1911 1455 1971 1487 καὶ
1994 1448 2068 1497 ὅλῳ
2091 1454 2146 1497 τῷ
2170 1451 2408 1498 πολιτεύματι

186 1494 449 1540 λυμαινόμενον
479 1494 729 1539 ἁνασταλῆναι
761 1494 851 1540 πρὸς
874 1495 939 1530 τὸν
959 1497 1086 1531 ἔπειτα
1092 1484 1240 1550 εχρόνον
1263 1494 1324 1531 διὰ
1348 1497 1413 1531 τοῦ
1437 1495 1620 1542 παρόντος
1639 1495 1744 1541 ἡμῶν
1768 1496 1956 1542 κελεύομεν
1979 1497 2092 1542 νόμου
2115 1502 2175 1533 καὶ
2198 1496 2248 1542 μὴ
2273 1511 2406 1544 παρεν-

184 1539 301 1582 οχλεῖν
341 1539 472 1575 λοιπὸν
508 1543 582 1576 τοῖς
621 1539 927 1587 συναλλάγμασιν,
959 1538 1033 1575 ἀλλ’
1068 1552 1182 1576 ουτως
1214 1538 1302 1576 αὐτὸ
1334 1541 1667 1588 παραφυλαχθῆναι
1699 1540 1857 1587 κινδύνῳ
1888 1543 1953 1577 τοῦ
1985 1542 2085 1589 παρὰ
2115 1540 2409 1590 Ἀλεξανδρεῦσιν

186 1584 443 1632 αὐγουσταλίου
474 1589 535 1620 καὶ
566 1588 644 1620 τῶν
676 1585 770 1620 κατὰ
796 1585 923 1632 καιρὸν
952 1586 1022 1630 τὴν
1053 1584 1167 1631 αὐτὴν
1198 1583 1462 1630 διοικησόντων
1494 1585 1607 1634 ἀρχὴν
1630 1590 1691 1622 καὶ
1714 1586 1856 1629 τάξεων
1879 1588 2073 1645 ἑκατέρων,
2099 1585 2188 1624 ὦςτε
2210 1592 2270 1623 καὶ
2295 1586 2408 1633 αὐτὴν

185 1627 394 1710 αὗτοῖἑλτὴν
424 1630 570 1675 μνήμην
594 1630 842 1678 ἀναιρεθῆναι
872 1634 931 1666 καὶ
960 1633 1086 1676 ζημίας
1115 1631 1292 1676 τοσαύτης
1322 1631 1498 1677 ἐλεύθερα
1529 1633 1623 1669 εἶναι
1653 1633 1701 1668 τὰ
1732 1633 1826 1668 κατὰ
1858 1633 1927 1677 τὴν
1949 1632 2208 1680 Αιγυπτιακῆν
2231 1631 2408 1678 διοίκησιν

185 1687 276 1710 συνα
320 1690 342 1710 α
394 1689 473 1711 ατα.

317 1689 607 1768 (Ἐπίλογος)
658 1719 708 1755 Τὰ
732 1725 857 1756 τοίνυν
881 1720 1120 1767 παραστάντα
1143 1721 1230 1766 ἡμῖν
1253 1726 1314 1757 καὶ
1337 1721 1398 1757 διὰ
1420 1721 1528 1757 τοῦδε
1547 1724 1612 1758 τοῦ
1638 1723 1739 1758 θείου
1765 1721 1967 1768 δηλούμενα
1989 1721 2102 1769 νόμου
2118 1722 2141 1768 ἦ
2158 1723 2203 1769 σὴ
2219 1721 2409 1767 ἐνδοξότης

183 1768 277 1813 ἔργῳ
297 1769 357 1799 καὶ
382 1769 512 1811 πέρατι
535 1779 587 1801 πα
614 1765 798 1810 αδοθῆναι
820 1769 880 1801 καὶ
904 1765 1238 1812 παραφυλαχθῆναι
1261 1765 1508 1812 προςταξάτω.
1556 1768 1640 1805 Dat.
1654 1769 1715 1806 VI.
1740 1768 1814 1805 kal.
1835 1769 1912 1805 Ian.
1939 1768 2009 1805 GP.
2033 1769 2120 1816 imp.
2146 1769 2203 1806 dn.
2218 1768 2410 1806 Iustiniani

183 1821 245 1857 pp.
269 1812 360 1856 Aug.
385 1820 480 1848 anno
504 1811 573 1847 XX
610 1811 676 1847 111.-
702 1815 786 1857 post
810 1811 934 1848 Basilii
958 1822 1011 1848 vc.
1038 1822 1139 1848 cons.
1164 1822 1259 1849 anno
1283 1813 1417 1850 XVIII.
2244 1816 2292 1857 [a.
2316 1815 2409 1856 5593

184 1960 206 1994 l
251 1968 354 1994 nemo
375 1958 495 2005 possit
516 1969 587 2004 pro
612 1958 765 1994 obrussa
788 1957 881 1993 male
903 1958 1114 2004 excoqitata
1137 1957 1331 2011 quicquam
1353 1958 1512 2005 eoeiqere.
1559 1957 1633 1995 Sed
1654 1960 1761 1996 etiam
1784 1970 1915 1997 aurum
1931 1971 2004 2007 per
2018 1962 2222 2007 Aeqyptum
2237 1961 2408 1997 usitatum

184 2003 237 2039 sic
259 2004 298 2038 in
321 2003 569 2039 contractibus
593 2004 809 2050 computari,
833 2007 875 2039 ut
897 2003 989 2039 illud
1011 2003 1111 2050 quod
1132 2014 1172 2039 in
1195 2002 1264 2039 hac
1286 2015 1421 2050 maqna
1444 2005 1613 2050 siqnatur
1635 2005 1740 2050 urbe3
1765 2006 1951 2041 observato
1974 2004 2044 2041 hoc
2060 2005 2229 2052 periculo
2251 2005 2329 2042 eius
2345 2005 2411 2053 qui

185 2059 330 2095 quoque
355 2052 422 2084 tem
451 2059 514 2084 ore
530 2048 747 2101 praefectus
770 2051 825 2084 est
846 2048 947 2095 apud
964 2048 1235 2085 Alexandrinos
1257 2048 1461 2096 auqustalis
1484 2053 1520 2085 et
1542 2059 1637 2096 quae
1659 2051 1695 2086 ei
1712 2055 1848 2097 parent
1870 2049 2082 2087 cohortium.

319 2093 367 2129 H.
415 2059 594 2136 guomam
624 2104 709 2129 vero
740 2097 853 2146 caput
880 2093 1031 2139 fraudis
1055 2096 1127 2129 tam
1143 2093 1413 2141 ponderatores
1436 2105 1543 2140 quam
1567 2095 1759 2131 monetarii
1779 2099 1876 2138 sunt,
1899 2095 2125 2131 iniunximus
2145 2094 2213 2138 illi,
2235 2095 2300 2142 qui
2322 2094 2408 2131 illos

184 2139 421 2185 maqistratus
443 2148 540 2174 nunc
558 2138 623 2174 sub
646 2138 881 2185 dispositione
904 2137 1022 2181 habet,
1046 2142 1087 2174 ut
1108 2138 1173 2174 sub
1197 2139 1294 2175 iusta
1317 2139 1486 2176 cautione
1508 2150 1571 2176 eos
1586 2141 1784 2177 constituat
1790 2153 1806 2183 ;
1828 2146 1870 2177 ut
1881 2150 1951 2187 per
1965 2139 2165 2176 absolutam
2179 2140 2408 2187 siqnaturam

185 2185 429 2220 contractibus
459 2184 657 2220 inserviant
687 2188 733 2227 et,
762 2184 796 2219 si
818 2183 963 2230 quando
986 2184 1094 2220 etiam
1116 2185 1265 2230 siqnare
1287 2188 1465 2231 oporteat,
1498 2188 1636 2221 tantum
1659 2185 1869 2228 inscribant,
1901 2189 2076 2232 quantum
2097 2196 2224 2222 revera
2246 2189 2302 2222 est
2323 2185 2408 2221 auri

182 2229 318 2275 formis
348 2229 471 2265 iniecti
490 2229 648 2276 pondus,
680 2238 746 2265 nec
778 2229 884 2264 liceat
912 2229 965 2264 eis
987 2240 1007 2265 e
1029 2239 1128 2265 more
1147 2240 1340 2276 perperam
1364 2229 1538 2265 hactenus
1561 2234 1702 2267 servato
1722 2231 1808 2278 plus
1830 2230 2025 2267 inscribere
2047 2241 2156 2277 quam
2176 2240 2302 2267 revera
2325 2229 2409 2266 auri

182 2274 316 2319 formis
346 2274 468 2310 iniecti
494 2274 641 2321 pondus
666 2275 725 2311 sit.
774 2274 816 2310 Si
846 2274 934 2320 quid
962 2275 1056 2311 enim
1089 2274 1161 2310 tale
1183 2275 1265 2310 ausi
1286 2275 1439 2320 fuerint,
1464 2278 1498 2310 et
1522 2275 1617 2312 bona
1640 2287 1763 2312 eorum
1783 2276 2012 2323 publicamus
2033 2278 2068 2311 et
2090 2276 2259 2322 corporis
2279 2275 2409 2328 poenis

184 2329 248 2354 eos
278 2318 482 2361 subicimus,
515 2320 651 2366 quippe
679 2320 745 2365 qui
774 2330 819 2355 ne
848 2323 934 2365 post
964 2323 1126 2355 nostrum
1158 2319 1300 2365 quidem
1332 2320 1540 2356 mandatum
1565 2320 1609 2356 de
1630 2321 1813 2366 familiari
1833 2321 1923 2368 ipsis
1945 2319 2176 2367 improbitate
2197 2319 2407 2357 destiterint.

185 2363 259 2399 Sed
288 2364 396 2400 etiam
420 2375 579 2410 prorsus
608 2375 751 2401 necesse
780 2363 958 2401 habebunt
989 2375 1119 2400 aurum
1148 2364 1302 2410 inferre,
1335 2370 1408 2401 tum
1436 2365 1628 2411 praefecto
1658 2365 1760 2412 apud
1788 2364 2061 2403 Alexandrinos
2081 2365 2266 2412 auqustali
2288 2364 2408 2412 etqui

185 2420 328 2456 quoque
361 2413 521 2456 tempore
552 2420 632 2446 eum
663 2411 916 2456 maqistratum
946 2413 1080 2456 qerunt
1110 2410 1147 2445 in
1179 2410 1361 2446 consuetis
1390 2409 1651 2452 emissionibus,
1684 2415 1758 2446 tum
1789 2410 2007 2447 alabarchae
2037 2413 2072 2445 et
2121 2411 2161 2446 ui
2177 2421 2274 2446 nunc
2295 2414 2351 2447 est
2371 2412 2409 2447 et

185 2455 248 2534 9ἴί
270 2459 427 2501 [quoque
466 2459 625 2535 tempore
661 2456 815 2500 futurus
845 2457 915 2497 est,
951 2459 988 2491 et
1015 2464 1203 2490 sacrorum
1234 2460 1444 2491 nostrorum
1476 2455 1726 2491 thesaurorum
1749 2456 1987 2503 praeposita,
2022 2455 2087 2490 nul
2102 2466 2123 2491 o
2152 2465 2308 2502 prorsus
2330 2464 2408 2503 pro

186 2511 207 2535 ο
232 2510 339 2535 russa
362 2510 448 2536 acce
476 2503 513 2535 to
551 2510 651 2536 ucro.

320 2544 382 2579 111.
455 2549 492 2580 ta
524 2549 643 2581 autem
674 2556 753 2581 eum
784 2545 954 2581 iussimus
981 2544 1076 2580 hanc
1097 2555 1172 2581 rem
1196 2555 1326 2581 curare
1348 2555 1492 2591 eosque,
1517 2546 1580 2591 qui
1596 2548 1687 2591 post
1709 2555 1788 2581 eum
1811 2544 2063 2591 maqistratum
2086 2544 2291 2591 suscepturi
2311 2547 2407 2587 sunt,

185 2592 220 2624 et
251 2588 416 2626 cohortes
448 2590 493 2625 iis
518 2594 710 2636 parentes,
742 2594 782 2626 ut
810 2590 938 2632 sciant,
969 2590 1003 2626 si
1031 2601 1103 2637 pro
1136 2589 1288 2626 obrussa
1319 2594 1383 2626 aut
1406 2601 1430 2625 a
1452 2600 1639 2626 sacrarum
1663 2594 1871 2625 nostrarum
1894 2589 2186 2627 alabarchiarum
2204 2589 2409 2637 praesectis

185 2638 251 2669 aut
274 2646 297 2669 a
319 2645 509 2670 sacrarum
533 2639 740 2671 nostrarum
764 2635 998 2681 larqitionum
1015 2646 1112 2682 prae
1139 2635 1232 2671 osito
1257 2635 1449 2681 quicquam
1469 2635 1570 2682 ipsos
1592 2635 1758 2681 exeqisse
1781 2634 2014 2681 manifestum
2033 2635 2120 2681 fiat,
2143 2635 2189 2671 de
2210 2634 2287 2671 suis
2308 2644 2347 2670 se
2368 2633 2409 2670 id

181 2690 362 2726 pensuros
385 2690 471 2723 esse,
508 2684 580 2716 tam
603 2691 653 2717 ex
676 2680 860 2726 deputatis
883 2680 973 2726 ipsis
991 2685 1028 2716 et
1050 2690 1091 2716 co
1118 2680 1255 2717 ortibus
1278 2680 1442 2723 annonis,
1475 2691 1584 2727 quam
1607 2691 1657 2717 ex
1677 2679 1919 2726 facultatibus
1940 2680 2034 2723 suis,
2064 2691 2136 2716 non
2159 2679 2276 2716 solum
2295 2678 2410 2716 donec

185 2725 223 2758 in
245 2725 463 2770 maqistratu
486 2725 638 2770 fuerint,
669 2736 791 2762 verum
815 2725 922 2761 etiam
942 2729 1140 2772 postquam
1166 2736 1245 2761 eum
1269 2725 1513 2772 deposuerint,
1544 2729 1580 2762 et
1601 2726 1676 2761 sive
1699 2725 1989 2771 confessionibus
2010 2725 2157 2772 scriptis
2178 2723 2272 2761 hanc
2293 2724 2408 2771 maqi-

184 2772 323 2804 stratus
348 2774 492 2815 partem
522 2771 747 2817 susceperint
772 2771 846 2806 sive
877 2770 984 2806 etiam
1015 2770 1108 2806 nihil
1136 2770 1313 2806 eiusmodi
1368 2770 1442 2806 acti
1470 2771 1559 2813 sint,
1590 2780 1669 2806 cum
1698 2770 1915 2817 praesertim
1946 2781 1992 2806 ne
2022 2773 2163 2806 vetusta
2195 2768 2338 2817 quidem
2360 2768 2409 2804 sit

186 2815 209 2850 1
256 2813 420 2855 obrussa,
452 2814 517 2850 sed
545 2826 568 2850 a
600 2815 859 2852 recentioribus
886 2825 1023 2851 exorsa
1055 2819 1121 2851 tem
1151 2815 1282 2851 oribus.
1359 2816 1405 2851 ed
1435 2816 1542 2851 etiam
1567 2815 1707 2857 ceteris,
1731 2815 1936 2861 quicunque
1959 2818 2183 2851 mercaturas
2203 2813 2351 2860 faciunt
2372 2816 2408 2849 et

185 2857 359 2894 hactenus
378 2858 470 2894 lucri
493 2859 634 2905 aliquid
657 2871 787 2907 capere
806 2864 1076 2904 consueverunt,
1126 2860 1328 2897 enuntiabis
1349 2860 1527 2904 similiter,
1556 2861 1590 2896 si
1609 2860 1698 2907 quid
1719 2860 1757 2895 in
1780 2860 2024 2896 contractibus
2044 2870 2116 2906 pro
2140 2859 2291 2896 obrussa
2314 2858 2407 2895 acci-

183 2914 272 2950 pere
302 2907 367 2939 aut
398 2904 434 2939 in
460 2905 639 2940 rationem
668 2905 838 2941 inducere
868 2905 1152 2952 comperiantur,
1184 2910 1218 2941 et
1249 2905 1423 2941 bonorum
1452 2905 1731 2953 publicationem
1763 2909 1799 2941 et
1821 2906 1985 2952 corporis
2006 2915 2147 2952 poenas
2168 2914 2207 2941 se
2225 2903 2408 2940 subituros

185 2959 272 2985 esse.
319 2948 408 2985 Rem
440 2949 533 2984 enim
564 2950 657 2985 male
687 2954 861 2996 coeptam,
893 2951 931 2985 in
965 2954 1102 2986 tantum
1126 2961 1211 2987 vero
1228 2961 1468 2998 proqressam
1491 2955 1526 2986 et
1549 2951 1738 2986 universae
1757 2950 1978 2996 reipublicae
2000 2954 2186 2986 nocentem
2209 2948 2347 2985 aboleri
2368 2947 2407 2983 in

177 2997 367 3039 posterum
396 2994 583 3040 praesenti
614 2999 740 3030 nostra
772 2994 850 3040 leqe
880 2994 1050 3037 iubemus,
1083 3007 1149 3032 nec
1171 2994 1332 3042 posthac
1363 2999 1571 3032 contractus
1596 2995 1754 3038 turbare,
1783 2994 1849 3030 sed
1869 2995 1922 3031 ita
1946 2993 2016 3030 hoc
2039 2993 2223 3030 observari
2237 2991 2406 3040 periculo

178 3039 368 3085 praefecti
396 3039 498 3086 apud
519 3038 790 3075 Alexandrinos
821 3040 1024 3086 auqustalis
1054 3051 1250 3093 eorumque
1280 3042 1346 3087 qui
1367 3051 1511 3087 quoque
1536 3045 1695 3087 tempore
1718 3038 1867 3076 eundem
1891 3039 2143 3090 maqistratum
2165 3038 2304 3084 qesturi
2323 3040 2409 3089 sunt

184 3089 220 3164 eli
250 3085 369 3120 utrius
390 3094 440 3166 lue
470 3083 640 3127 cohortis,
670 3088 711 3120 ut
741 3083 797 3121 vel
826 3085 907 3131 ipsa
938 3085 1015 3120 eius
1045 3095 1219 3122 memoria
1243 3086 1483 3132 extinquatur
1511 3090 1547 3122 et
1578 3089 1679 3121 tanto
1710 3084 1842 3119 damno
1874 3086 2082 3120 contractus
2111 3093 2151 3118 m
2181 3083 2407 3130 Aeqypttaca

210 3129 342 3165 ioecesi
375 3131 389 3164 i
411 3130 466 3165 eri
487 3130 571 3166 sint.

321 3173 409 3221 Epi
416 3175 430 3210 l
437 3186 458 3210 ο
465 3185 559 3221 qus.
606 3172 706 3217 Quae
736 3174 850 3219 iqitur
873 3173 975 3209 nobis
991 3174 1215 3220 placuerunt
1237 3178 1274 3211 et
1294 3185 1362 3221 per
1385 3172 1480 3210 hanc
1502 3183 1645 3210 sacram
1669 3173 1902 3211 declarantur
1923 3173 2047 3219 leqem,
2070 3171 2193 3219 qloria
2219 3175 2282 3209 tua
2306 3170 2410 3218 operi

184 3219 399 3266 effectuique
425 3219 521 3255 tradi
542 3224 577 3256 et
600 3219 783 3255 observari
806 3219 936 3255 iubeto.

1332 3365 1374 3398 22
1396 3363 1623 3406 εἰθίσθησαν
1639 3366 1753 3407 Kroll]
1780 3364 1929 3398 εἴθισαν
1945 3365 1991 3398 Μ
2002 3364 2014 3408 ΙΙ
2032 3366 2074 3399 24
2096 3362 2165 3410 γὰρ
2184 3365 2261 3398 add.
2277 3363 2404 3398 Zacha-

1331 3411 1402 3443 riae
1419 3409 1432 3452 ΙΙ
1448 3410 1489 3443 25
1515 3405 1619 3452 ὑμῶν
1638 3410 1680 3444 M
1692 3409 1705 3448 ΙΙ
1724 3412 1765 3444 27
1792 3407 2058 3451 διοικησάντων
2078 3411 2121 3443 Μ
2133 3410 2146 3453 ΙΙ
2162 3410 2203 3443 31
2229 3411 2350 3443 subscr.
2373 3407 2404 3441 d.

1332 3454 1390 3486 VI.
1416 3454 1448 3487 k.
1470 3454 1622 3488 iannuar.
1640 3455 1687 3489 M
1695 3455 1707 3498 ΙΙ
1725 3455 1802 3488 inst.
1827 3456 1861 3489 M
1878 3455 1891 3500 ΙΙ
1910 3457 1953 3489 32
1978 3454 2138 3488 XXXIII
2159 3453 2404 3498 Spanqenberq]

1331 3498 1433 3533 xv11
1460 3499 1527 3543 Mn
1545 3500 1666 3533 basiliu
1693 3501 1761 3544 Mn
1778 3511 1884 3534 conss.
1910 3500 1958 3533 M.

231 3368 250 3401 8
284 3363 500 3409 δυναμένους
530 3367 730 3408 Zachariae]
755 3362 954 3408 δυναμένου
978 3365 1023 3398 Μ
1033 3363 1045 3409 ΙΙ
1067 3366 1105 3399 11
1132 3362 1262 3406 αὐτοῖς]

186 3408 294 3454 αὐτῆς
306 3412 352 3445 M
363 3412 375 3455 ΙΙ
395 3414 436 3447 12
452 3412 520 3446 νῦν
534 3419 610 3456 post
625 3411 678 3454 τῷ
695 3423 735 3446 τε
750 3411 828 3444 add.
842 3410 1030 3444 Zachariae
1045 3410 1058 3452 ΙΙ
1081 3411 1119 3444 13
1134 3412 1194 3442 καὶ
1208 3410 1262 3452 τῷ

186 3458 262 3489 add.
284 3458 392 3497 Kroll,
415 3453 437 3499 ἢ
461 3458 651 3491 Zachariae
672 3457 685 3501 ΙΙ
713 3458 756 3491 14
779 3457 990 3500 πρεποσίτω
1015 3455 1058 3487 Μ
1072 3454 1085 3497 ΙΙ
1111 3456 1150 3488 17
1177 3467 1259 3497 αρα-

184 3504 349 3546 βαρχίων
371 3503 443 3544 (sic)
469 3502 515 3535 M
539 3503 650 3544 (antea
672 3515 750 3535 casu
776 3502 837 3535 lac.
860 3501 948 3534 2-3
970 3501 1042 3542 liu.)
1076 3502 1088 3542 ΙΙ
1122 3501 1162 3534 18
1186 3501 1263 3532 ταῖς

182 3555 255 3590 post
276 3549 337 3580 καὶ
357 3555 386 3581 et
412 3548 449 3580 ἐκ
469 3554 546 3592 post
562 3543 601 3580 δὲ
617 3548 695 3581 add.
710 3547 898 3581 Zachariae
914 3544 928 3591 ΙΙ
945 3546 982 3580 21
1011 3545 1188 3589 νεοτέρων
1203 3545 1248 3577 M
1253 3544 1264 3587 Η

2433 489 2454 522 5

2436 712 2476 746 10

2435 1050 2476 1084 15

2433 1275 2475 1309 20

2433 1501 2475 1535 25

2432 1728 2476 1762 30
