2592 3840
183 115 288 167 Nov.
321 122 381 165 111
414 125 436 181 ζ

183 236 289 269 τοῦτο
311 231 378 281 γὰρ
403 232 441 273 ἐξ
463 228 626 274 οὐδεμιᾶς
647 229 802 274 μηχανῆς
831 224 912 261 οὐδὲ
933 227 972 258 ἔκ
994 234 1090 272 τινος
1116 220 1253 275 τρζόπου

183 279 352 323 γίνεσθαι
373 277 631 324 συγχωροῦμεν.
665 277 735 307 Καὶ
755 273 869 307 ταῦτα
885 272 951 315 μὲν
971 271 1052 323 περὶ
1068 268 1129 310 τῆς
1144 279 1252 321 αγιω·

184 327 201 359 l
238 322 345 365 τάπης
366 320 515 368 μεγάλης
538 318 728 362 ἐκκλησίας.
774 315 834 350 Ἐν
858 315 897 350 δὲ
918 318 993 367 ταῖς
1016 311 1138 366 αλλαις
1159 310 1251 365 απά-

185 380 262 403 σαις
286 367 493 410 ἐκκλησίαις,
518 356 571 400 ὧν
594 363 660 407 τὴν
683 366 855 412 χορηγίαν
871 358 893 403 ἡ
915 370 1095 411 ayant-vary
1118 354 1251 403 μεγαλη

185 411 349 455 ἐκκλησία
372 414 539 451 ποιεῖται,
562 410 782 451 θεσπίζομεν
800 417 879 440 τους
897 406 963 448 μὲν
979 416 1046 437 νυν
1065 413 1173 436 οντας
1191 403 1250 445 μέ·

186 471 260 491 νειν
283 455 413 500 ὁμοίως
435 458 494 489 καὶ
518 451 645 488 αὐτοὺς
667 455 726 487 ἐπὶ
750 450 941 494 σχήματος,
971 448 1035 501 τοῦ
1060 444 1099 480 δὲ
1125 444 1250 501 λοιποῦ

185 500 320 546 μηδένα
354 499 656 545 χειροτονεῖσθαι,
691 499 778 544 πρὶν
812 493 857 528 ἂν
888 495 935 527 εἰς
963 505 1005 527 το
1034 490 1252 543 καλουμενον

185 548 383 580 στατοῦτον
407 544 553 586 ἑκάστης
576 541 774 583 ἐκκλησίας,
803 536 892 585 ὅπερ
914 538 952 578 ἐξ
975 535 1079 583 ἀρχῆς
1100 532 1252 583 ὥρισται

187 591 281 636 παρὰ
311 592 388 625 τῶν
410 586 541 624 ταύτας
571 585 918 641 οἰκοδομησαμένων,
948 578 967 616 ὁ
991 582 1070 616 τῶν
1099 583 1251 628 πρεσβυ·

188 639 301 681 ιε’ρων
323 649 362 669 τε
385 638 444 668 καὶ
468 631 656 671 διακόνων,
678 632 838 682 αρρένων
857 641 896 662 τε
916 630 976 661 καὶ
996 625 1168 668 θηλειῶν,
1192 627 1252 659 καὶ
1269 626 1307 658 10

186 679 437 714 ι”ποδιακόνων
465 681 523 711 καὶ
555 674 800 722 ἀναγνωστων
828 676 886 707 καὶ
918 671 1070 717 ψαλτῶν
1099 673 1159 705 καὶ
1188 682 1251 704 πυ-

187 725 316 770 λωρῶν
335 722 490 770 ἀριθμὸς
510 724 713 767 περισταίη·
740 721 797 752 καὶ
815 715 906 762 μηδὲ
924 716 973 751 εἷς
992 718 1032 750 ἐν
1050 718 1148 761 με’σῳ
1161 728 1251 750 παν-

188 769 294 804 τελῶς
318 768 583 822 agennensem.
616 762 728 817 Ἡμεῖς
747 776 787 797 τε
805 761 873 809 γὰρ
893 759 995 796 αὐτοὶ
1015 758 1253 807 φυλαξόμεθα

187 815 327 848 τοιοῦτο
341 828 375 847 τι
388 825 558 858 πραττειν
571 813 629 843 καὶ
646 821 725 843 τους
736 807 1143 862 χειροτονηθησομένους
1155 803 1252 839 στέλ-

624 852 633 863 K

1261 107 1316 154 22

1861 116 1923 148 ΠΤ
1949 115 2294 150 DETERmA'rUS
2323 115 2398 148 811²

1319 220 1412 256 enim
1435 217 1533 253 nulla
1554 214 1827 255 machinatione,
1851 224 1967 260 neque
1985 224 2031 250 ex
2053 213 2174 259 aliquo
2193 214 2297 250 modo
2315 213 2397 251 fieri

1320 264 1478 300 sinimus.
1538 262 1587 297 Et
1620 260 1709 295 haec
1749 259 1888 304 quidem
1923 259 1969 295 de
2002 258 2227 296 sanctissima
2261 260 2396 295 maiore

1318 312 1339 345 1
1385 307 1545 343 ecclesia.
1592 306 1635 341 In
1658 304 1737 340 aliis
1761 308 1881 340 autem
1904 303 2069 340 omnibus
2097 302 2277 347 ecclesiis,
2306 314 2396 350 qua-

1319 365 1398 390 rum
1420 361 1596 397 expensas
1620 349 1847 386 sanctissima
1869 349 1983 385 maior
2005 348 2157 384 ecclesia
2178 348 2287 391 facit,
2309 358 2393 385 san-

1286 403 1304 433 5
1321 400 1431 435 cimus
1455 407 1550 432 nunc
1571 394 1711 440 quidem
1735 394 1926 430 existentes
1945 403 2091 430 manere
2111 393 2272 429 similiter
2289 393 2402 430 etiam-

1319 454 1381 479 eos
1412 442 1480 478 sub
1510 441 1708 483 schemate,
1740 438 1785 474 de
1816 443 1934 475 cetero
1957 448 2041 475 vero
2069 438 2206 475 nullum
2227 437 2398 480 ordinari,

1320 492 1509 533 antequam
1532 485 1579 520 ad
1606 495 1687 520 eum
1716 484 1777 530 qui
1806 488 1954 520 vocatur
1979 485 2138 520 statutus
2167 483 2397 519 uniuscuius-

1321 543 1389 578 que
1412 531 1595 574 ecclesiae,
1624 528 1720 575 quod
1741 529 1939 574 antiquitus
1961 527 2128 565 definitus
2152 530 2208 564 est
2230 527 2276 564 ab
2299 527 2403 566 aeda.

1321 577 1527 613 ficatoribus
1570 584 1711 618 earum,
1784 574 2046 620 resbyterorum
2087 576 2125 610 et
2166 573 2398 610 diaconorum

1321 623 1560 659 masculorum
1605 622 1713 664 atque
1758 586 1969 655 feminarum
2015 622 2053 655 et
2096 617 2401 655 subdiaconorum

1321 671 1430 713 atque
1463 667 1637 702 lectorum
1669 674 1737 700 nec
1770 675 1844 700 non
1879 667 2068 700 cantorum
2101 667 2139 700 et
2171 662 2400 700 ostiariorum

2184 708 2300 745 enitus
2322 707 2399 744 adi-

2164 753 2265 799 xquid
2282 762 2400 798 agere,

1323 809 1357 838 et
1399 800 1616 839 ordinandos
1659 799 1926 843 adbreviamus,
1969 799 2162 844 nullusque
2197 799 2402 835 nostrorum

1321 722 1488 748 numerus
1512 711 1711 755 redigatur,
1743 712 1780 746 et
1808 708 1929 746 nullus
1959 708 1998 745 in
2020 708 2135 745 medio

1322 759 1447 794 ciatur.
1487 756 1563 792 Nos
1588 764 1730 801 quoque
1752 754 1822 808 ipsi
1845 764 2011 790 cavemus
2034 754 2108 790 tale

188 860 272 899 λειν,
303 856 415 892 οὐδείς
443 871 481 891 τε
511 857 586 890 τῶν
615 856 795 904 ημετέρων
825 864 1013 898 αρχοντων
1042 849 1186 885 τοιοῦτό
1216 862 1253 883 τι
1269 851 1307 883 15
1321 848 1478 884 iudicum
1500 846 1573 881 tale
1593 844 1729 890 aliquid
1748 849 1849 889 agat,
1874 845 2034 880 nostram
2053 842 2249 880 formidans
2267 843 2399 888 legen„

188 903 330 948 πράξει,
362 902 425 936 τὸν
446 900 613 945 ἡμέτερον
640 895 896 942 εὐλαβουμενος
923 896 1046 941 νόμον.
1093 892 1193 929 &dead
1212 907 1253 929 τε

186 952 279 982 ἔστω
304 949 354 991 τῷ
378 943 640 992 μακαριωτάτῳ
664 941 931 989 ἇρχιεπισκόπῳ
959 944 1019 975 καὶ
1050 938 1252 986 πατριάρχῃ

186 995 245 1035 τῆς
264 990 445 1037 βασιλίδος
464 988 592 1030 ταύτης
611 986 747 1023 πόλεως
763 986 852 1041 πρὸς
871 986 938 1029 τὴν
957 990 1181 1031 χειροτονίαν
1193 982 1252 1018 ἀν·

189 1037 345 1084 τιλέγειν,
375 1034 441 1069 κᾶν
464 1033 561 1088 παρὰ
582 1035 643 1076 τῆς
666 1030 775 1087 αὐλῆς
792 1046 815 1075 η
837 1031 990 1083 κέλευσις
1013 1030 1133 1065 ἔλθοι·
1172 1026 1192 1065 ὅ
1214 1042 1254 1063 τε

185 1082 251 1128 γὰρ
273 1080 476 1116 ἐπιτάττων
499 1094 518 1114 o
542 1091 581 1113 τε
604 1081 881 1122 ἐπιταττομενος
909 1075 980 1111 υπὸ
1012 1074 1253 1118 ἐκκλησιαστι-
1268 1077 1308 1108 20

186 1141 246 1161 xoi-
275 1128 376 1160 ἔσται
409 1127 599 1168 ἐπιτίμιον,
631 1123 668 1157 εἴ
690 1136 727 1157 τι
758 1123 900 1156 τοιοῦτο
931 1118 1107 1168 πράξειεν.
1151 1117 1250 1154 Ἀλλ’

184 1170 266 1205 οὐδὲ
284 1174 323 1204 ἐν
347 1174 423 1204 ταῖς
445 1167 641 1211 ἐκκλησίαις
660 1171 737 1202 ταῖς
757 1165 888 1207 ἄλλαις,
914 1162 994 1200 ὅσαι
1017 1165 1065 1210 μὴ
1085 1163 1152 1208 τὴν
1174 1177 1253 1207 τρο-

186 1217 255 1262 φὴν
277 1218 335 1250 καὶ
364 1219 534 1261 χορηγίαν
561 1214 701 1255 ἔχουσιν
724 1215 762 1246 ἐκ
789 1212 850 1254 τῆς
878 1208 1076 1258 ἁγιωτάτης
1104 1209 1255 1257 μεγάλης

186 1260 380 1304 ἐκκλησίας,
409 1258 581 1304 προςῆκόν
605 1260 682 1292 ἐστι
705 1255 845 1300 πλῆθος
867 1258 1059 1302 ἐπαφιέναι
1087 1256 1165 1290 τῶν
1187 1269 1254 1298 χει-

185 1308 451 1358 ροτονουμένων
475 1306 514 1337 ἐν
538 1300 669 1343 αὐταῖς,
690 1300 772 1336 οὐδὲ
792 1299 1023 1349 ὑπερβαίνειν
1043 1301 1107 1335 τοῦ
1129 1299 1255 1335 λοιποῦ
1270 1302 1310 1334 25

189 1365 224 1384 ro
251 1352 466 1395 τεταγμένον
491 1348 529 1389 ἐξ
557 1345 662 1403 ἀρχῆς
685 1350 743 1380 καὶ
771 1344 831 1381 ἐπ’
865 1349 1015 1381 ἐκείναις
1036 1349 1178 1392 μέτρον,
1207 1343 1256 1389 μή

186 1409 270 1431 ποτε
298 1398 357 1428 καὶ
389 1393 424 1428 οἱ
451 1390 532 1427 κατ’
558 1391 663 1427 αυτὰς
695 1390 882 1445 ἱερώμενοι
914 1390 1001 1437 πρὸς
1031 1389 1171 1433 πλῆθος
1203 1391 1255 1424 ἐκ·

186 1445 375 1475 πίπτοντες
407 1436 560 1483 ἄμετρον
591 1441 648 1471 καὶ
672 1449 752 1471 τους
781 1435 991 1480 προςιόντας
1014 1434 1132 1471 αὐτοῖς
1159 1434 1257 1479 παρὰ

185 1487 262 1520 τῶν
284 1482 531 1538 εὐσεβούντων
554 1480 684 1537 πῖόρους
705 1482 947 1535 μεριζόμενοι,
977 1478 1147 1516 κάκεῖθεν
1170 1479 1258 1527 πρὸς

185 1531 226 1565 τὸ
250 1533 382 1574 μέτρον
407 1541 528 1562 αι’των
550 1541 613 1562 ουκ
636 1539 831 1573 αρκουντας
855 1527 1080 1582 ορωντεςκείς
1101 1524 1258 1579 μεγάλην
1272 1529 1312 1560 30

186 1578 429 1620 στενοχωρίαν
457 1575 677 1617 ἐμπίπτοιεν.
725 1573 771 1606 Εἰ
801 1570 841 1606 δὲ
871 1574 962 1618 υπὲρ
989 1584 1033 1607 το
1060 1575 1192 1617 μέτρον
1215 1583 1257 1606 το

188 1618 387 1665 ὡρισμένον
409 1620 448 1651 ἐν
469 1619 514 1665 τῇ
537 1614 717 1664 ἁγιωτάτῃ
740 1615 873 1672 μεγάλη
892 1615 1059 1660 ἐκκλησίᾳ
1076 1614 1098 1660 ἣ
1118 1619 1158 1651 ἐν
1180 1619 1258 1651 ταῖς

186 1663 306 1699 ἄλλαις
330 1662 525 1706 ἐκκλησίαις
554 1662 833 1708 χειροτονήσειεν
855 1675 874 1696 ο
899 1662 959 1705 τῆς
981 1659 1181 1708 ἁγιωτάτης
1199 1674 1257 1706 με·

186 1708 292 1755 γαλης
313 1707 496 1750 ἐκκλησίας
515 1706 807 1754 προεστώςκατά
830 1706 955 1754 καιρὸν
978 1703 1177 1753 ἁγιώτατος
1196 1705 1259 1753 ἀρ-

1322 898 1359 929 et
1379 892 1525 928 licentia
1548 890 1596 927 sit
1611 889 1819 926 beatissimo
1833 889 2105 934 archiepiscopo
2122 891 2158 924 et
2175 887 2402 941 patriarchae

1322 939 1427 974 huius
1459 937 1577 981 regiae
1601 935 1755 971 civitatis
1776 933 1995 971 ordinationi
2025 933 2289 977 contradicere,
2318 932 2404 969 licet

1321 983 1431 1020 iussio
1463 982 1507 1017 de
1537 980 1672 1027 palatio
1702 980 1832 1016 veniat.
1879 979 1971 1015 Nam
2002 981 2040 1015 et
2069 978 2131 1024 qui
2152 977 2337 1024 praecepit
2366 981 2404 1015 et

1323 1029 1381 1064 cui
1415 1026 1652 1073 praecipitur,
1687 1026 1755 1061 sub
1791 1023 2036 1060 ecclesiastica
2068 1023 2182 1067 multa
2210 1025 2338 1066 erunt,
2371 1022 2405 1059 si

1322 1074 1395 1109 tale
1424 1072 1560 1117 aliquid
1589 1071 1736 1115 egerint.
1792 1069 1863 1106 Sed
1898 1079 2015 1115 neque
2046 1069 2085 1104 in
2118 1067 2198 1104 aliis
2232 1067 2404 1110 ecclesiis,

1324 1127 1567 1163 quaecumque
1608 1116 1885 1152 emolumentum
1925 1119 1963 1150 et
1995 1123 2173 1160 expensas
2207 1113 2344 1150 habent
2381 1122 2406 1148 a

1324 1163 1549 1199 sanctissima
1572 1161 1706 1197 maiore
1726 1160 1897 1203 ecclesia,
1926 1159 2170 1205 incompetens
2201 1159 2257 1195 est
2284 1157 2405 1194 multi·

1323 1209 1480 1244 tudinem
1503 1207 1593 1242 inire
1618 1205 1897 1242 ordinandorum
1919 1204 1982 1248 eis,
2012 1213 2128 1250 neque
2150 1202 2407 1249 transcendere

1324 1254 1367 1289 de
1398 1255 1516 1289 cetero
1543 1251 1774 1288 constitutam
1804 1260 1828 1286 a
1858 1249 2034 1296 principio
2061 1249 2170 1286 etiam
2198 1259 2308 1294 super
2333 1247 2406 1284 mis

1324 1308 1536 1340 mensuram,
1559 1307 1605 1332 ne
1626 1296 1751 1333 forsan
1775 1296 1883 1332 etiam
1905 1295 1966 1341 qui
1988 1295 2027 1330 in
2049 1303 2110 1331 eas
2134 1294 2404 1336 consecrantur,

1326 1345 1362 1380 in
1385 1342 1648 1379 multitudinem
1671 1341 1869 1378 incidentes
1893 1340 2101 1376 immensam
2133 1342 2170 1374 et
2195 1337 2407 1381 accedentes

1325 1389 1396 1425 sibi
1425 1399 1447 1424 a
1477 1389 1535 1433 pie
1566 1387 1753 1432 agentibus
1783 1389 1953 1432 quaestus
1985 1383 2181 1422 dividentes
2211 1387 2251 1420 et
2279 1382 2408 1425 exinde

1325 1435 1371 1470 ad
1398 1443 1602 1470 mensuram
1630 1442 1752 1470 eorum
1782 1441 1855 1467 non
1884 1429 2121 1474 sufficientes,
2150 1429 2190 1466 in
2217 1428 2407 1470 maximam

1326 1478 1528 1524 angustiam
1551 1477 1722 1513 incidant.
1771 1476 1807 1513 Si
1831 1485 1916 1512 vero
1940 1475 2036 1511 uitta
2055 1482 2258 1511 mensuram
2280 1472 2406 1511 defini-

1325 1529 1399 1560 tam
1423 1523 1671 1560 sanctissimae
1693 1522 1837 1558 maioris
1861 1520 2036 1557 ecclesiae
2066 1519 2140 1556 sive
2171 1518 2321 1555 aliarum
2348 1528 2407 1555 ec-

1327 1570 1515 1606 clesiarum
1547 1568 1687 1604 ordinet
1719 1567 1781 1613 qui
1815 1576 1880 1612 per
1917 1567 2081 1619 tempora
2111 1564 2222 1600 fuerit
2254 1564 2408 1600 sanctis-

1327 1616 1437 1650 simae
1467 1614 1612 1650 maioris
1641 1612 1815 1649 ecclesiae
1846 1611 2092 1648 sanctissimus
2130 1610 2337 1656 episcopus.
2371 1611 2410 1653 et

1327 1660 1546 1695 venerabiles
1589 1658 1748 1703 eiusdem
1791 1656 1967 1693 ecclesiae
2007 1655 2194 1692 oeconomi
2231 1654 2408 1700 erogatio-

1328 1717 1408 1741 nem
1443 1715 1487 1740 ex
1521 1703 1776 1740 ecclesiasticis
1810 1701 2043 1748 praebuerint
2077 1700 2304 1746 quaestibus,
2338 1699 2408 1745 ipsi

187 1757 422 1797 χιεπίσκοπος,
445 1755 527 1795 [καὶ]
548 1753 585 1786 οἵ
601 1766 640 1786 τε
660 1751 935 1832 θεοέιλέστατοι
955 1764 1016 1795 της
1034 1751 1142 1795 αὐτῆς
1153 1748 1258 1798 ἁγιω-
1273 1755 1314 1787 35
1329 1760 1469 1796 quoque
1500 1750 1545 1785 de
1577 1760 1641 1785 suo
1672 1759 1717 1784 ex
1747 1747 1895 1794 propria
1917 1746 2090 1783 facultate
2120 1745 2318 1791 praebeant
2345 1754 2407 1780 ex-

187 1797 294 1841 τάτης
317 1797 500 1842 ἐκκλησίας
523 1796 703 1841 οἰκονόμοι
751 1797 894 1841 απάνην
916 1799 954 1830 ἐκ
976 1798 1053 1831 τῶν
1077 1796 1257 1839 ἐκκλησια-

190 1844 322 1877 οτικῶν
346 1841 502 1877 ἐπιδοῖεν
526 1841 662 1888 πόρων,
685 1839 788 1877 αὐτοί
808 1855 847 1876 τε
878 1842 1025 1876 οἴκοθεν
1047 1845 1106 1876 καὶ
1135 1844 1173 1875 ἐκ
1196 1842 1257 1885 τῆς

189 1890 328 1922 ἑαυτῶν
342 1891 543 1933 περιουσίας
557 1885 763 1921 διδότωσαν
775 1886 842 1930 τὴν
861 1884 1040 1930 δαπάνην,
1060 1885 1080 1922 ὅ
1091 1899 1131 1921 τε
1143 1888 1260 1921 ταῦτα

186 1935 350 1987 ,χορηγεῖν
373 1932 500 1985 αιἰὶτοῖς(
513 1934 706 1987 ἐπιτρέψας
732 1931 1003 1985 μακαριώτατος
1031 1931 1260 1978 πατριάρχης.

1329 1806 1476 1841 pensam
1508 1799 1544 1830 et
1575 1794 1636 1840 qui
1670 1794 1762 1830 haec
1801 1793 2001 1839 expendere
2030 1801 2093 1828 eos
2127 1790 2299 1837 permisit>
2324 1789 2409 1826 bea·

1325 1841 1484 1876 tissimus
1508 1839 1726 1885 patriarcha.
1773 1839 1897 1874 Sciant
1919 1838 2013 1877 enim
2042 1837 2144 1886 quia,
2175 1836 2207 1872 si
2229 1834 2315 1882 qnid
2337 1834 2412 1872 tale

1328 1887 1480 1931 egerint,
1512 1886 1693 1921 licentiam
1717 1883 1842 1921 damus
1867 1886 1904 1918 et
1927 1881 2164 1923 sanctissimis
2185 1881 2410 1927 patriarchis,

1330 1931 1390 1976 qui
1413 1934 1498 1977 post
1521 1931 1593 1966 tale
1616 1929 1751 1975 aliquid
1775 1931 1938 1973 agentem
1961 1927 2112 1970 fuerint,
2143 1929 2180 1962 et
2201 1926 2410 1980 posteriori·

198 1981 360 2011 lowmnv
381 1991 448 2023 γαρ
473 1989 537 2018 ως,
569 1990 598 2029 ⁶?
622 1990 658 2011 τι
681 1990 821 2011 rotomo
850 1975 1033 2022 πράξαιεν,
1058 1975 1183 2011 ἄδειαν
1208 1975 1257 2011 δι’·
1271 1981 1314 2012 40
1328 1977 1394 2013 bus
1427 1976 1632 2012 oeconomis
1667 1978 1703 2011 et
1733 1974 1896 2010 omnibus
1935 1973 2081 2018 reliquis
2117 1972 2410 2008 reverentissimis

190 2021 299 2066 δομεν
329 2025 388 2055 καὶ
411 2025 484 2056 τοῖς
511 2034 600 2065 μετα
623 2021 688 2056 τὸν
715 2023 857 2056 τοιοῦτο
890 2021 1078 2069 πράξαντα
1108 2019 1258 2057 ὁσιωτά-

190 2079 262 2102 «occ
293 2065 525 2113 πατριάρχαις
548 2069 606 2099 καὶ
636 2069 709 2101 τοῖς
731 2066 820 2109 μετὰ
842 2067 958 2101 ταῦτα
982 2064 1178 2111 οἰκονόμοις
1200 2071 1260 2101 καὶ

192 2114 280 2147 πᾶσι
303 2115 375 2145 τοῖς
398 2110 531 2146 λοιποῖς
554 2108 825 2155 εὖλαβεστάτοις
847 2110 1020 2157 κληρικοῖς
1043 2111 1088 2146 τὰ
1110 2114 1261 2147 τοιαῦτα

192 2160 252 2191 καί
278 2155 588 2202 πολυπραγμονεῖν
610 2159 669 2209 καιὶ
697 2156 866 2203 γινόμενα
891 2155 1041 2191 κωλύειν
1069 2160 1128 2190 καὶ
1160 2169 1261 2203 προς·

1329 2022 1468 2057 clericis
1503 2021 1592 2057 talia
1624 2023 1660 2055 et
1696 2019 1917 2066 perscrutari
1948 2022 1984 2054 et
2017 2018 2116 2053 facta
2153 2017 2345 2062 prohibere
2374 2021 2412 2053 et

1328 2067 1488 2103 indicare
1518 2066 1687 2112 imperio,
1719 2069 1760 2101 ut
1788 2063 1878 2100 iilud
1902 2073 2121 2110 cognoscens
2145 2062 2344 2109 praecipiat
2364 2071 2411 2098 ex

193 2200 373 2249 αγγέλλειν
384 2202 428 2248 τῇ
440 2199 616 2245 βασιλείᾳ,
631 2212 718 2236 ωςτε
731 2200 867 2244 ταύτην
880 2201 1146 2246 μανθάνουσάν
1159 2214 1259 2249 προς·
1273 2206 1314 2238 45

193 2320 298 2349 tatur.
349 2313 427 2348 Hoc
449 2314 542 2365 enim
567 2314 667 2349 nulla
690 2313 956 2351 machinatione
978 2326 1044 2351 nec
1066 2315 1141 2351 ullo
1163 2314 1270 2351 modo
1291 2316 1375 2360 fiem‘
1392 2314 1647 2362 permittimus.
1695 2313 1815 2360 Atque
1837 2311 1927 2349 haec
1949 2309 2094 2358 quidem
2115 2309 2161 2347 de
2182 2309 2413 2353 sanctiss-im

191 2361 210 2395 1
245 2370 377 2411 maqna
397 2358 554 2410 ecclesza.
616 2358 669 2410 ‚In
684 2360 812 2411 ceteris
834 2364 952 2396 autem
974 2360 1134 2396 ecclesiis
1158 2360 1332 2403 omnibus,
1357 2371 1513 2407 quarum
1534 2363 1701 2406 sumptus
1722 2356 1953 2396 sanctissima
1975 2366 2111 2402 maqna
2131 2354 2412 2402 eeclesiasaeit,

191 2415 388 2455 sancimus,
419 2408 461 2439 ut
482 2404 535 2438 nlla
560 2403 720 2450 quedem,
744 2415 805 2450 qut
829 2415 926 2440 nunc
948 2410 1052 2448 sunt,
1075 2405 1243 2441 similiter
1270 2410 1306 2442 et
1336 2406 1408 2452 ipsi
1431 2405 1471 2441 in
1490 2416 1557 2441 suo
1579 2408 1679 2441 statu
1704 2406 1891 2445 maneant,
1922 2402 1961 2438 in
2017 2403 2176 2438 osterum
2197 2411 2283 2438 vero
2301 2411 2412 2439 vnemo

194 2448 378 2499 ordinetur
400 2453 593 2494 antequam
618 2445 669 2484 acl
688 2453 860 2484 statutum
884 2449 984 2495 quod
1005 2455 1157 2486 vocatur
1178 2451 1460 2498 uniuscuiusque
1483 2449 1655 2486 ecclesiae
1687 2448 1732 2485 ab
1756 2447 1985 2494 aedificatori
2009 2457 2053 2482 us
2074 2456 2200 2482 earum
2222 2444 2333 2485 initio.
2352 2444 2412 2486 de—

191 2495 331 2538 fimtum
357 2504 523 2528 numerus
546 2498 581 2529 et
597 2494 893 2540 presbyterorum
918 2500 954 2531 et
976 2494 1226 2538 diaconorum,
1252 2500 1323 2531 tam
1343 2495 1589 2531 masculorum
1610 2505 1719 2541 quam
1736 2493 1971 2541 feminarum,
1994 2495 2031 2528 et
2051 2489 2360 2529 subdiaconorum
2377 2494 2415 2532 ct

195 2538 366 2589 tectorum
391 2543 425 2588 et
449 2542 635 2573 cantorum
659 2543 692 2589 εἰ
714 2539 947 2574 ostiariorum
969 2539 1138 2576 redactus
1159 2541 1218 2582 sit,
1242 2551 1358 2587 neque
1381 2540 1573 2587 quisquam
1597 2538 1744 2576 omnino
1765 2537 1910 2574 interim
1929 2536 2122 2574 adiciatur.
2169 2534 2265 2573 Nam
2288 2539 2325 2572 et
2345 2546 2414 2572 nos

195 2593 273 2671 >psi
288 2581 486 2617 cavebimus
511 2583 581 2618 tale
604 2584 690 2628 qued
710 2585 836 2635 facere
859 2589 894 2619 et
918 2584 1140 2620 ordinandos
1160 2586 1318 2627 mittere,
1348 2597 1463 2631 neque
1486 2585 1677 2637 quisquam
1697 2587 1906 2621 nostrorum
1928 2581 2207 2629 magistratuum
2230 2580 2305 2617 tale
2325 2579 2415 2627 quid

217 2631 327 2677 acret,
349 2626 471 2677 'legem
494 2632 655 2678 nostram
678 2633 819 2680 ver-itus.
868 2629 994 2674 Sitque
1025 2630 1127 2665 venia
1160 2630 1363 2666 beatissimo
1397 2630 1675 2677 archiepiscopo
1707 2633 1744 2665 et
1767 2626 2010 2676 patriarchae
2038 2626 2164 2672 reqiae
2185 2623 2293 2662 huius
2311 2625 2414 2663 urbis

197 2671 421 2722 ordinationi
442 2671 698 2714 contradicere,
728 2673 811 2724 licet
830 2673 873 2708 ab
895 2673 981 2709 aula
1000 2675 1112 2710 iussio
1136 2675 1308 2755 prgsecta
1330 2676 1387 2711 sit.
1435 2675 1530 2711 Nam
1552 2678 1590 2712 et
1608 2674 1672 2721 qui
1688 2674 1820 2722 praeci
1846 2673 1877 2710 it
1897 2676 1935 2708 et
1952 2671 2013 2708 cui
2024 2669 2269 2719 praecipitur,
2287 2670 2321 2709 Si
2341 2670 2414 2709 tale

197 2715 285 2762 quad
306 2716 448 2760 fecerit,
465 2726 620 2768 poenam
639 2717 918 2767 'ecclesiasticam
941 2719 1136 2770 sustinebit.
1214 2719 1259 2755 ed
1277 2731 1322 2756 ne
1343 2720 1381 2755 in
1403 2720 1555 2767 reliquis
1577 2719 1722 2767 quidem
1745 2684 1916 2760 eoclgsiis,
1939 2726 2184 2763 quaecumque
2204 2714 2413 2754 alimentum

197 2766 232 2811 ct
250 2766 414 2805 sumptus
436 2771 459 2794 a
479 2765 704 2812 sanctis-suma
724 2773 855 2813 maqna
879 2762 1027 2814 ecctema
1050 2775 1124 2799 non
1145 2763 1287 2807 habent,
1310 2776 1434 2801 eorum
1455 2765 1519 2811 qui
1541 2765 1580 2801 in
1602 2765 1650 2801 iis
1670 2763 1890 2801 ordinantur
1911 2759 2104 2800 multitudo
2121 2759 2276 2803 admitti,
2298 2770 2414 2807 neque

198 2817 235 2839 tn
253 2811 438 2856 posterum
460 2805 586 2839 modus
605 2811 711 2841 ettam
732 2806 804 2857 iltis
828 2806 872 2841 ab
895 2813 999 2843 mttto
1018 2809 1234 2844 constitutus
1252 2810 1380 2846 excedi
1400 2810 1519 2846 debet:
1542 2821 1587 2847 ne
1604 2810 1708 2856 forte
1727 2808 1836 2846 etiam
1859 2807 1923 2854 qui
1941 2806 1981 2842 in
2001 2805 2077 2842 illis
2096 2804 2300 2842 commati
2314 2809 2413 2846 Sunt,

198 2849 247 2884 ad
266 2850 443 2893 infinitum
463 2861 646 2884 numerum
670 2856 766 2901 aucti
787 2852 984 2903 ‹et-reditus
1004 2864 1027 2887 a
1040 2853 1118 2899 piis
1137 2853 1339 2890 hominibus
1362 2854 1617 2902 suppeditatos
1639 2854 1731 2903 ipsis
1750 2852 1969 2894 dividentes,
1991 2850 2147 2897 indeque
2165 2860 2230 2887 cos
2249 2849 2414 2897 ipsorum

198 2905 345 2945 numero
364 2905 436 2928 non
457 2894 627 2945 sufficere
644 2895 800 2947 videntes
823 2907 861 2930 tn
879 2908 1037 2947 ¹maynas
1056 2899 1246 2944 angustias
1265 2899 1436 2935 incidant.
1479 2899 1520 2935 Si
1540 2911 1625 2937 vero
1647 2899 1747 2935 ultra
1766 2907 1954 2934 numerum
1973 2896 2012 2932 in
2030 2895 2260 2932 sanctissima
2279 2905 2415 2941 maqna

198 2938 422 2989 eccles-capell
451 2943 577 2989 ceteris
600 2939 755 2975 ecclesus
768 2940 960 2991 ‘definitum
983 2943 1228 2993 sanctissimus
1250 2943 1546 2991 archiepiscopus
1568 2945 1632 2991 qui
1654 2955 1730 2992 pro
1756 2948 1916 2990 tempore
1967 2944 2088 2977 raeest
2108 2939 2348 2982 ordinaverit,
2378 2943 2415 2976 et

199 2983 265 3018 deo
286 2993 459 3018 carissimi
481 2984 635 3034 eiusdem
658 2989 903 3035 sanctfsstmae
921 2986 1090 3022 ecclesiae
1107 2988 1294 3024 oeconomi
1309 2994 1474 3036 sumptus
1493 3000 1543 3026 ex
1558 2988 1811 3026 ecclesiasticis
1827 2987 1937 3024 rediti
1960 2997 2003 3022 us
2023 2984 2199 3027 dederint,
2220 2987 2259 3021 et
2277 2983 2351 3031 ipsi
2369 2983 2415 3022 de

198 3039 264 3063 suo
284 3032 320 3063 et
341 3037 391 3063 ex
410 3038 574 3079 proprus
594 3028 832 3080 facultatibus
851 3035 1014 3082 sumptus
1034 3032 1234 3078 praebeant
1252 3038 1289 3069 et
1313 3034 1375 3079 qui
1401 3034 1489 3070 llaec
1508 3034 1744 3086 suppeditare
1763 3033 1816 3070 eis
1830 3031 2002 3080 permisit
2025 3029 2273 3067 sanctissimus
2291 3029 2413 3076 patri-

199 3071 321 3108 archa.
365 3071 495 3123 βααιιι
513 3083 616 3123 emm,
639 3084 669 3108 si
693 3073 781 3150 qimi.
804 3074 875 3110 tale
892 3075 1058 3126 fecerint,
1084 3088 1151 3129 nos
1173 3082 1207 3113 et
1230 3079 1466 3114 sanctissimis
1482 3078 1725 3132 patriarchis,
1748 3078 1814 3125 qui
1838 3077 1927 3114 talia
1949 3074 2185 3114 committenti
2205 3073 2414 3116 succedunt,

199 3123 233 3153 ct
251 3118 390 3162 suturis
411 3127 624 3158 oeconomis,
652 3129 691 3152 rc
706 3129 869 3164 aquisque
889 3120 1049 3155 omnebus
1069 3122 1347 3168 reltqiosissimis
1367 3123 1507 3159 clericus
1525 3123 1741 3169 facultatem
1761 3122 1850 3159 dare
1872 3122 1962 3159 talia
1980 3124 2016 3158 et
2034 3118 2192 3156 rimandi
2209 3122 2246 3156 et
2269 3117 2304 3155 si
2319 3118 2416 3164 fiant

243 3232 264 3264 2
288 3232 382 3274 περὶ]
407 3226 497 3275 ὑπὲρ
520 3229 588 3263 ΔΒ
610 3229 623 3274 11
648 3232 667 3263 3
692 3228 811 3264 ἇλλαις
834 3244 892 3267 om.
912 3233 943 3266 A
969 3232 1016 3277 115
1033 3235 1104 3289 μὲν
1128 3248 1185 3270 om.
1207 3236 1238 3269 L
1258 3235 1270 3282 11

200 3279 220 3309 9
242 3274 377 3315 ταύτην
395 3275 426 3307 Β
444 3274 457 3317 Ι
477 3276 509 3309 11
538 3276 596 3306 καὶ
616 3272 876 3320 α’ναγνωστῶν]
895 3289 934 3310 τε
947 3280 1004 3310 καὶ
1022 3292 1090 3311 ανα
1116 3281 1269 3313 νωστῶν

205 3320 302 3353 ΙΙΑΒ
320 3319 332 3361 Ι
354 3323 390 3352 13
405 3317 648 3364 προτιθέσθω
660 3319 689 3352 L
705 3319 718 3363 11
743 3322 777 3353 14
790 3319 1081 3363 συστέλλεινΛ1ς)
1093 3292 1157 3365 ffl‘l
1169 3322 1269 3358 ἔσται

203 3366 229 3397 Λ
250 3365 261 3405 fl
278 3361 463 3415 ἐπισκὸπῳ
480 3363 574 3405 LBss
596 3365 635 3397 18
654 3359 778 3397 ἇντιλέ
798 3367 862 3405 ειν]
884 3378 919 3398 τι
941 3364 1097 3412 λε’γεινΒ
1115 3367 1128 3412 11
1147 3372 1186 3403 19
1204 3366 1269 3402 κᾶν

203 3409 232 3459 {i
257 3420 352 3452 παρα
377 3408 510 3451 A'01122
535 3407 584 3451 μὴ
605 3421 662 3442 om.
685 3420 714 3449 ς,
747 3410 759 3442 i
782 3421 827 3442 em
848 3412 1044 3453 neqaeionem
1068 3421 1141 3447 ante
1161 3425 1268 3459 προσ-

203 3465 287 3493 ηκον
306 3456 375 3494 (24)
396 3454 544 3487 habuisse
557 3455 682 3487 videtur
699 3455 711 3492 11
727 3455 769 3487 30
793 3449 812 3486 ὁ
837 3453 957 3496 fimes]
978 3469 1034 3490 om.
1049 3469 1067 3493 ς
1083 3460 1098 3509 fl
1114 3460 1155 3491 34
1179 3456 1268 3491 κατὰ

203 3495 528 3549 καιρὸνΙπροεστώς
540 3499 570 3531 Α
589 3496 602 3543 Ι
618 3500 659 3533 35
684 3499 743 3530 καὶ
763 3498 808 3531 Μ
837 3523 845 3537 ,
866 3512 922 3532 om.
937 3501 965 3532 A
985 3500 998 3541 11
1013 3496 1118 3543 αὗτης
1138 3515 1196 3536 orn.
1214 3502 1271 3556 Bss

204 3539 1030 3621 ἵζ’(εεετῑέ,ῑπῑττεέἳπέῗτὲῐὲετέςν
1044 3547 1071 3578 ‘¹
1091 3547 1107 3623 ἰ
1119 3549 1269 3623 “aar

206 3630 285 3684 quid
304 3632 338 3670 (ι’.
361 3643 385 3663 ε.
410 3629 550 3665 τοιοῦτό
573 3635 622 3672 τι)
647 3601 790 3677 ἔῃεηεενη
815 3644 834 3668 ς
857 3633 870 3675 11
895 3634 935 3666 45
958 3598 1270 3681 ταυζέεβὲαηεπῖιδῖ

207 3684 342 3717 στατην
364 3672 411 3707 L¹

1382 3238 1402 3270 2
1423 3237 1628 3270 sanctissima
1652 3236 1691 3270 de
1717 3236 1753 3271 V
1758 3235 1831 3281 ιΤΙ
1850 3238 1869 3270 5
1892 3235 2051 3271 existente
2070 3242 2202 3266 manere
2223 3230 2263 3266 V'
2276 3230 2415 3264 existere

1336 3284 1489 3315 manente
1513 3281 1568 3325 Τ11
1587 3282 1685 3314 etiam
1707 3291 1762 3315 eos
1786 3281 1836 3323 V]
1859 3290 1913 3314 cos
1932 3279 2031 3313 etiam
2050 3278 2136 3330 vulp.
2155 3276 2203 3320 117
2228 3277 2334 3309 status
2359 3273 2416 3320 Τ11

1339 3328 1379 3360 13
1393 3336 1452 3359 nos
1465 3337 1597 3369 quoque
1611 3326 1659 3368 V]
1677 3336 1802 3368 nosque
1814 3326 1900 3367 vulo.
1916 3323 1930 3368 11
1951 3326 1990 3359 15
2010 3322 2168 3356 iuditium
2182 3320 2214 3355 V
2226 3321 2240 3364 11
2262 3321 2301 3354 18
2381 3331 2413 3354 e-

1337 3371 1425 3414 cepit
1446 3371 1483 3404 V
1500 3372 1599 3415 vulq]
1626 3372 1790 3415 praecipit
1817 3371 1850 3404 T
1869 3362 1886 3415 11
1913 3371 1956 3404 20
1980 3367 2086 3411 egerit
2109 3366 2143 3401 T
2163 3364 2177 3411 11
2205 3367 2245 3399 21
2276 3329 2412 3406 hamt]

1337 3426 1404 3448 non
1432 3415 1556 3448 habent
1584 3417 1668 3459 vuly.
1697 3416 1710 3460 11
1741 3417 1783 3450 22
1815 3413 2050 3457 incompetens]
2081 3412 2268 3453 competens
2295 3403 2381 3454 may.
2401 3409 2415 3455 11

1338 3461 1397 3501 est]
1427 3463 1474 3493 est
1498 3462 1531 3492 et
1553 3460 1586 3493 V
1611 3460 1623 3503 11
1656 3462 1698 3494 23
1721 3461 1779 3502 eis]
1807 3460 1878 3494 eius
1902 3459 1934 3494 T
1953 3457 1967 3503 11
1995 3459 2039 3492 26
2061 3457 2098 3490 in
2120 3454 2338 3489 multitudine
2360 3454 2413 3487 in-

1338 3505 1487 3537 cedentes
1512 3503 1545 3537 V
1574 3503 1587 3548 ΙΙ
1613 3506 1654 3538 27
1687 3505 1819 3538 sibimet
1845 3505 1903 3538 υιιΙ
1925 3529 1932 3536 .
1965 3503 1978 3547 Ι
2012 3502 2055 3537 28
2089 3499 2239 3535 sufficere
2265 3499 2414 3533 videntes

1338 3549 1392 3583 vul
1415 3575 1421 3582 .
1455 3548 1468 3592 11
1495 3550 1538 3582 29
1573 3548 1663 3582 ultro
1686 3559 1872 3583 mensuram
1893 3517 2039 3581 diffinita
2058 3545 2096 3580 V
2122 3544 2136 3591 Ι
2162 3546 2204 3579 31
2239 3543 2414 3578 ordinetur

1339 3593 1376 3627 V
1390 3563 1412 3635 11
1430 3594 1470 3627 33
1492 3593 1692 3626 uenerabilis
1713 3595 1789 3629 libri
1813 3594 1919 3637 flante
1942 3590 2111 3626 oeconomi
2132 3589 2210 3623 add.
2232 3591 2265 3623 et
2288 3589 2380 3623 codd.
2401 3586 2416 3635 11

1339 3641 1380 3671 34
1402 3648 1440 3670 ex
1461 3650 1519 3670 om.
1546 3639 1635 3671 codd.
1668 3638 1680 3679 11
1708 3641 1749 3672 35
1771 3641 1822 3679 ex]
1845 3641 1878 3671 et
1903 3637 2002 3682 only„
2025 3637 2084 3680 leq.
2103 3636 2137 3668 et
2157 3633 2221 3668 ex?
2250 3633 2264 3678 11
2289 3634 2333 3668 36
2350 3633 2414 3666 hoc

1341 3683 1373 3716 T
1393 3681 1406 3727 11
1428 3683 1468 3716 37
1492 3682 1571 3723 quia
1590 3682 1617 3714 si
1639 3683 1731 3724 quid]
1758 3683 1851 3725 quasi
1875 3682 1933 3725 qui
1959 3681 1997 3716 V
2012 3681 2026 3726 11
2051 3682 2095 3716 39
2117 3679 2257 3721 fuerint]
2279 3677 2361 3712 flent
2385 3678 2418 3712 T
