2592 3840
261 67 366 109 Nov.
397 66 516 108 XXV
550 69 587 108 4.
620 69 644 108 5
1322 59 1421 110 Χ200
2069 51 2074 54 ’
2164 78 2222 107 ne
2250 76 2486 108 PRAE‘ronn

259 175 304 220 δὴ
322 175 384 211 τὰς
404 176 683 220 συνειθισμένας
702 176 976 221 ἐπιφερομένους
996 170 1212 220 προςτάξεις,
1231 173 1337 220 αἴπερ
1407 176 1511 210 sueta
1542 173 1772 210 circumferre
1804 176 2015 219 praecepta,
2050 182 2143 219 quae
2174 174 2311 220 pridem
2339 185 2384 212 ex
2415 175 2488 212 tuis

260 221 390 269 πρώην
408 223 447 255 ἐκ
468 222 544 255 τῶν
565 222 643 256 σῶν
662 218 844 267 προῄεσαν
860 216 1014 265 θρόνων
1031 217 1240 263 πορθοῦσαι
1258 218 1340 253 τοὺς
1407 218 1653 264 procedebant
1684 218 1830 254 sedibus
1861 219 2041 254 vastantia
2072 219 2140 254 sub
2169 219 2415 257 mediocritate
2437 221 2489 257 vi-
2507 242 2509 244 -

261 269 300 301 ἐν
319 264 527 314 μετριότητι
553 267 692 309 ζῶντας
716 268 774 298 καὶ
796 262 1054 299 ἐπιτάττουσαι
1074 265 1166 298 ποτὲ
1182 265 1249 307 μὲν
1268 276 1336 298 τοι·
1407 267 1529 299 ventes
1561 266 1598 300 et
1626 263 1884 316 praecipientia
1915 263 2106 309 aliquando
2136 263 2278 309 quidem
2308 275 2492 302 murorum

260 313 337 355 χῶν
360 309 553 353 ἐπισκευάς,
577 313 666 346 ποτὲ
689 308 728 344 δὲ
753 306 851 344 ὁδῶν
875 305 1084 352 ἐπιμελείας,
1117 309 1207 342 ποτὲ
1230 305 1270 342 δὲ
1292 309 1337 343 εἰ·
1407 309 1680 353 instructiones,
1714 308 1905 352 ahquando
1937 311 2056 345 autem
2087 307 2255 344 itinerum
2278 309 2491 355 diligentiae,

261 355 381 391 κόνων
405 369 444 390 τε
467 359 526 390 καὶ
550 357 716 402 γεφυρῶν
740 356 799 388 καὶ
824 352 982 397 λιμένων
1006 355 1067 386 καὶ
1092 349 1210 387 ὃλκῶν
1233 351 1337 397 δημο-
1375 357 1395 390 5
1409 353 1602 398 aliquando
1626 364 1711 389 vero
1735 353 1929 397 imaginum
1952 353 2186 406 pontiumque
2209 355 2247 389 et
2263 357 2433 399 portuum
2455 358 2493 392 et

261 406 353 436 σίων
376 398 601 442 ἇνανεώσεις,
634 404 692 433 καὶ
721 395 850 433 τόπων
879 396 997 440 δῆθέν
1027 395 1212 442 δημοσίων
1233 395 1338 444 ἀφαι-
1408 398 1604 434 formarum
1643 401 1681 433 et
1715 398 1934 434 thermarum
1973 403 2222 435 renovationes
2261 403 2299 434 et
2331 400 2492 437 locorum

262 450 373 492 ρέσεις
402 449 460 479 καὶ
489 444 694 490 οἰκημάτων
727 441 773 478 ὠς
802 441 864 477 οὐκ
896 444 936 476 ἐν
960 440 1080 476 δέοντι
1107 444 1339 478 κτισθέντων
1409 444 1512 488 quasi
1551 443 1778 487 publicorum
1814 443 2032 486 ablationes,
2069 443 2315 480 aedificiorum
2351 455 2492 499 quoque

262 491 519 537 καταστροφάς,
539 494 598 524 καὶ
619 492 722 536 ἕτερα
743 487 887 522 τούτων
904 489 959 521 ἔτι
979 487 1235 543 προχειρότερα
1252 487 1340 534 πρὸς
1408 492 1590 533 tamquam
1607 498 1679 523 non
1698 490 1900 533 opportuno
1918 489 1998 524 loco
2015 487 2275 524 fabricatorum
2292 490 2492 531 subversio-

263 540 517 581 συκοφαντίαν.
562 532 641 569 ἀλλ’
670 531 775 568 αὐτὸς
798 535 865 577 μὲν
889 531 1018 566 τούτου
1042 545 1231 576 ποιήσεται
1255 532 1340 578 πρό·
1409 544 1484 575 nes,
1510 535 1547 568 et
1566 533 1638 567 alia
1660 533 1790 568 horum
1813 533 1931 569 adhuc
1954 533 2080 579 peiora
2100 533 2146 569 ad
2165 534 2387 579 calumniam.
2422 534 2497 570 Sed

262 595 369 616 νοιαν
392 581 565 626 πράττων
589 575 736 614 ἅπαντα
762 581 887 621 ζημίας
908 580 1027 623 χωρίς.
1069 578 1101 611 εἰ
1125 576 1165 612 δὲ
1188 577 1338 613 συνίδω-
1357 582 1396 614 10
1409 578 1486 623 ipse
1518 578 1659 622 quidem
1693 578 1800 613 huius
1832 578 1945 614 faciet
1979 578 2235 624 providentiam
2265 589 2375 624 agens
2410 579 2492 615 uni-

262 640 329 671 μεν
363 623 457 670 ἡμεῖς
489 628 547 658 καὶ
577 627 739 677 μείζονος
763 625 917 668 ἐποψίας
943 620 1091 657 δεῖσθαι
1113 622 1156 657 τὸ
1180 625 1339 677 πρᾶγμα,
1410 633 1513 658 versa
1532 623 1610 658 sine
1630 623 1771 658 damno.
1814 622 1854 659 Si
1873 634 1956 660 vero
1977 624 2265 668 perspexerimus
2284 635 2349 660 nos
2366 624 2493 660 maiori

264 671 358 714 θείῳ
384 682 621 725 πραχματικῳ
638 667 862 725 ,χρησόμεθα
885 666 1003 711 τύπῳ,
1036 665 1078 702 ὃν
1103 665 1147 711 δὴ
1170 671 1231 702 καὶ
1253 679 1341 723 προς
1410 669 1517 703 etiam
1549 667 1774 712 inspectione
1805 678 1908 713 egere
1938 679 2103 711 causam,
2137 679 2242 705 sacra
2273 669 2494 715 pragmatica

262 717 429 771 ‘ri’pv'avyv
460 728 581 770 αρχην,
616 727 646 747 ει
677 712 894 767 συνίδοιμεν,
925 716 1220 767 καταπέμψομεν,
1252 727 1322 767 κατ
1411 713 1543 748 utimur
1563 712 1689 755 forma,
1714 723 1820 757 quam
1840 713 2003 750 videlicet
2023 714 2131 749 etiam
2154 714 2200 750 ad
2219 717 2320 750 tuum
2341 715 2492 756 culmen,
2552 746 2553 749 ,

263 774 375 795 αυτον
398 773 438 794 τε
461 763 519 793 καὶ
544 762 654 804 ετέρῳ
677 761 750 792 τινὶ
775 771 913 800 ταυτην
937 759 1167 801 ποιήσασθαι
1192 757 1259 802 τὴν
1284 760 1340 801 ζη-
1410 758 1442 793 si
1465 758 1766 810 perspexerimus,
1798 758 2000 803 dirigemus,
2032 759 2228 795 secundum
2259 769 2365 804 quum
2386 769 2493 805 prae-

263 817 378 848 τησιν.
427 802 548 839 Οὕτως
580 800 799 838 ἀναπνεύσει
831 804 921 837 ποτὲ
952 802 994 836 τὸ
1027 799 1196 846 ὑπήκοον,
1228 800 1342 838 οὕτως
1358 807 1397 839 15
1413 803 1582 847 eipoemus
1614 803 1722 838 etiam
1746 802 1814 838 alio
1840 803 1997 849 cuipiam
2026 803 2122 839 hanc
2150 804 2269 840 facere
2291 803 2493 849 inquisitio-

262 849 485 893 ἀνθήσουσιν
518 842 625 883 αὖθις
655 848 695 882 αἱ
717 845 837 882 πόλεις
860 850 920 881 καὶ
944 846 1088 891 αὔξησις
1109 851 1184 883 τοῖς
1204 849 1341 882 οἰκοῦσι
1412 859 1502 883 nem.
1552 847 1610 883 Sic
1633 848 1864 892 respirabunt
1893 848 2083 893 aliquando
2117 849 2279 893 subiecti,
2313 849 2365 885 sic
2386 848 2494 885 flore·

262 892 394 930 ταύτας
427 891 473 928 ὠς
504 893 652 935 πλείστη
683 892 884 940 γενήσεται,
917 895 977 926 καὶ
1008 889 1048 927 οὗ
1079 892 1143 927 τὰς
1166 892 1343 935 πατρίδας
1412 894 1501 928 bunt
1521 892 1639 928 denuo
1660 893 1823 928 civitates
1845 897 2142 939 augmentumque
2161 894 2412 930 habitantibus
2432 903 2494 930 eas

263 936 529 984 ἀποφεύξονται
553 937 723 984 καθάπερ
747 950 784 972 τι
804 939 882 971 τῶν
903 937 1174 983 φοβερωτάτου)
1197 935 1260 972 διὰ
1276 937 1343 981 τὴν
1412 938 1605 983 plurimum
1626 938 1700 980 fiet,
1734 940 1770 973 et
1792 949 1867 974 non
1914 939 2025 974 atrias
2050 938 2220 974 deserunt
2241 939 2339 975 velut
2359 938 2495 983 aliquid

264 986 340 1019 τῶν
372 981 559 1030 ἀρχόντων
590 988 719 1018 κακίαν
750 982 861 1017 οἰκεῖν
894 984 934 1017 ἐν
965 986 1039 1017 τοῖς
1070 984 1212 1018 ἑαυτῶν
1243 982 1342 1017 εὖλα-
1413 983 1625 1019 terribilium
1659 986 1808 1028 propter
1837 950 1996 1020 iudicum
2030 984 2224 1030 nequitiam
2256 983 2422 1020 habitare
2456 984 2495 1019 in

262 1029 441 1074 βοὺμενοι.
1357 1032 1399 1064 20
1412 1028 1568 1074 propriis
1595 1027 1841 1064 formidantes.

1266 1140 1423 1176 CAPUT
1447 1140 1492 1176 V.

320 1210 383 1242 Δεῖ
410 1211 533 1241 τοίνυν
561 1206 629 1251 τὴν
661 1207 728 1250 σὴν
759 1204 939 1254 ὑπεροχὴν
969 1205 1103 1242 εἰδέναι
1133 1206 1200 1251 τὴν
1231 1206 1343 1261 ᾀρχὴν
1466 1207 1618 1253 Oportet
1641 1210 1762 1244 autem
1795 1211 1897 1244 tuam
1919 1207 2166 1245 celsitudinem
2195 1209 2290 1246 scire
2314 1209 2496 1254 cingulum

263 1251 399 1296 ταύτην
417 1257 506 1297 μίαν
529 1252 570 1287 τὸ
592 1250 729 1295 λοιπόν,
752 1250 838 1287 ἀλλ’
861 1251 900 1287 οὗ
923 1251 1056 1296 διπλῆν
1076 1252 1342 1287 καθεστωσαν·
1411 1252 1482 1288 hoc
1514 1263 1627 1288 unum
1657 1254 1702 1290 de
1733 1255 1854 1289 cetero
1886 1255 1923 1290 et
1952 1264 2026 1290 11011
2057 1255 2104 1290 du
2131 1255 2190 1290 lex
2221 1265 2311 1308 esse,
2345 1254 2496 1300 ideoque

264 1295 352 1332 ὥςτε
387 1294 533 1332 ἅπαντα
567 1295 686 1333 ὁπόσα
721 1297 763 1332 τὸ
800 1296 974 1343 δημόσιον
1010 1296 1129 1331 ἐδίδου
1164 1297 1343 1344 πρότερον
1412 1307 1504 1342 quae
1523 1298 1634 1335 fiscus
1655 1298 1766 1335 dabat
1785 1299 1886 1344 prius
1906 1299 2049 1344 utrique
2069 1266 2380 1344 administrationi,
2405 1299 2496 1336 haec

264 1346 413 1391 ἑκατέρα
443 1344 521 1377 τῶν
550 1339 681 1391 ἀρχῶν,
704 1344 821 1377 ταῦτα
845 1343 938 1377 κατὰ
959 1342 1027 1387 τὴν
1047 1340 1343 1390 ὑποτεταγμένην
1413 1343 1607 1379 secundum
1632 1343 1828 1380 subiectam
1859 1343 2137 1397 descriptionem
2165 1345 2251 1380 huic
2280 1354 2407 1381 sacrae
2429 1355 2494 1381 no-

263 1386 478 1435 ἆπογραφὴν
501 1386 596 1432 τῷδε
625 1389 678 1431 τῷ
701 1389 796 1432 θείῳ
828 1386 934 1432 ἡμῶν
963 1386 1064 1433 νόμῳ
1090 1385 1219 1423 δώσεις
1242 1385 1341 1432 αὐτῷ
1356 1391 1398 1424 25
1413 1391 1509 1424 strae
1531 1388 1602 1431 legi
1625 1389 1728 1425 dabis
1751 1389 1785 1424 ei
1809 1391 1845 1424 et
1869 1389 1929 1434 qui
1953 1399 2051 1425 elrca
2074 1399 2155 1425 eum
2177 1393 2263 1426 sunt
2285 1391 2324 1426 et
2341 1389 2419 1426 eius
2439 1389 2494 1426 of-

263 1437 324 1468 καὶ
353 1437 426 1468 τοῖς
456 1430 549 1479 ἀμφ’
582 1429 695 1467 αὐτὸν
725 1436 785 1467 καὶ
814 1434 860 1481 τῇ
891 1447 933 1480 ys
964 1432 1072 1468 αὐτοῦ
1097 1431 1209 1474 τάξει,
1240 1432 1344 1468 καθὰ
1412 1433 1506 1475 ficio,
1532 1434 1625 1469 sicut
1647 1434 1822 1470 hactenus
1848 1434 2010 1469 dabatur.

263 1481 285 1515 1
331 1482 391 1513 καὶ
412 1482 515 1525 μέχρι
539 1480 606 1512 νῦν
628 1476 779 1513 ἐδίδοτο.
828 1482 901 1512 Καὶ
925 1476 947 1522 ἡ
969 1481 1049 1513 τῶν
1073 1476 1259 1523 δημοσίων
1282 1479 1343 1513 εἴς-
1413 1480 1436 1514 1
1492 1478 1760 1532 Fiscaliumque
1791 1479 1932 1515 exactio
1969 1482 2005 1515 et
2033 1479 2047 1515 i
2073 1479 2104 1516 si
2133 1479 2330 1516 imminebit
2363 1482 2401 1516 et
2430 1479 2495 1516 ob-

266 1524 394 1571 πραξις
410 1521 508 1567 αὐτῷ
530 1537 570 1558 τε
587 1525 803 1558 ἐπικείσεται
820 1527 881 1558 καὶ
897 1528 971 1558 τοῖς
990 1523 1225 1568 πειθομένοις
1243 1521 1343 1567 αὐτῷ
1415 1523 1640 1560 oedientibus
1675 1534 1708 1560 el
1738 1524 1977 1570 praetorianis
2009 1535 2030 1561 o
2074 1524 2240 1570 cialibu83
2276 1528 2314 1562 et
2342 1523 2498 1569 insignia

265 1572 545 1616 πραιτωριανοῖς
573 1568 781 1611 ταξεώταις,
814 1568 862 1603 τοὶ
885 1566 1085 1615 παράσημά
1114 1582 1154 1603 τε
1178 1569 1346 1616 ἑκατέρας
1415 1568 1606 1614 utriusque
1636 1569 1785 1605 habebit
1815 1569 1958 1614 cinguli,
1988 1572 2026 1606 et
2048 1569 2209 1623 quamvis
2237 1569 2310 1606 iam
2333 1569 2495 1606 militaris

266 1611 290 1648 οἷ
313 1615 373 1657 χῆς
394 1615 474 1655 ἔξει,
499 1617 559 1647 καὶ
579 1615 611 1648 εἰ
630 1618 689 1648 καὶ
707 1614 755 1648 τὰ
773 1613 932 1670 μάλιστα
954 1612 1215 1660 στρατιωτικός
1235 1616 1345 1655 ἐστιν,
1360 1616 1403 1649 30
1415 1614 1473 1657 sit,
1499 1617 1657 1650 attamen
1681 1618 1719 1651 et
1737 1615 1775 1650 in
1795 1616 1963 1660 argenteo
1984 1615 2147 1651 vehiculo
2168 1615 2372 1660 portabitur
2390 1623 2495 1661 prae-

266 1657 287 1693 ἇ
312 1656 346 1694 λ’
370 1653 435 1694 οὖν
459 1661 522 1693 ἐπί
543 1672 584 1693 τε
604 1656 742 1702 ἀπήνης
765 1661 918 1707 αργυρᾶς
940 1658 1162 1701 καθεδεῖται,
1185 1662 1246 1694 καὶ
1264 1656 1344 1705 ἡγή-
1417 1659 1590 1704 cedetque
1613 1660 1778 1705 proxima
1801 1659 2016 1703 (consularis
2039 1670 2192 1714 namque
2219 1662 2276 1697 est
2297 1659 2405 1696 etiam
2427 1659 2497 1696 hoc

266 1716 369 1739 σεται
393 1703 536 1739 πέλεκυς
561 1702 668 1739 αὐτοῦ
690 1702 877 1749 (ὑπατικῆς
896 1704 965 1753 γὰρ
985 1703 1029 1748 δὴ
1049 1707 1108 1738 καὶ
1130 1705 1239 1738 τοῦτο
1260 1702 1344 1747 σύμ·
1416 1704 1554 1750 signum
1567 1700 1895 1749 administrationis)
1910 1705 2099 1759 fascesque
2115 1705 2280 1742 similiter
2299 1714 2380 1742 eum
2392 1715 2496 1751 prae-

266 1748 377 1794 βολον
412 1747 539 1797 ἀρχῆς),
576 1748 711 1797 ῥάβδοι·
740 1763 780 1784 τε
811 1749 943 1795 ὁμοίως
974 1747 1085 1784 αὐτοῦ
1115 1749 1346 1796 προπομπεύ-
1417 1750 1554 1793 cedent,
1580 1750 1859 1796 procurabitque
1879 1751 1987 1786 etiam
2005 1751 2167 1787 militaris
2185 1761 2312 1787 manus
2333 1749 2498 1787 universa

266 1806 381 1838 σουσι,
402 1794 623 1841 θεραπεύσει
639 1809 679 1829 τε
699 1792 810 1829 αὐτὸν
829 1798 889 1829 καὶ
904 1794 947 1829 τὸ
962 1794 1228 1841 στρατιωτικὸν
1248 1791 1347 1830 ἅπαν
1415 1795 1454 1830 in
1477 1795 1665 1840 provincia
1695 1795 1886 1839 collocata,
1916 1795 1975 1831 cui
2003 1806 2113 1831 curae
2144 1796 2213 1832 erIt
2243 1797 2280 1831 et
2306 1794 2497 1832 latrocinia

265 1839 309 1875 τὸ
339 1839 432 1874 κατὰ
464 1839 533 1882 τὴν
566 1839 690 1887 χώραν
725 1838 933 1888 ἱδρυμένον·
971 1839 1001 1884 ᾧ
1033 1837 1178 1884 μελήσει
1212 1843 1273 1874 καὶ
1303 1839 1346 1874 τὸ
1361 1842 1403 1876 35
1417 1840 1603 1876 abscidere
1626 1843 1662 1876 et
1684 1840 1792 1876 laesis·
1816 1840 1909 1876 ferre
1932 1841 2104 1877 solacium
2134 1843 2172 1876 et
2193 1843 2408 1887 temperatos
2431 1850 2495 1877 no-

268 1884 461 1933 λῃστρικὸν
494 1884 683 1920 ἐκκόπτειν
716 1889 777 1919 καὶ
809 1888 882 1920 τοῖς
914 1883 1157 1930 ἀδικουμένοις
1191 1885 1348 1929 βοηθεῖν
1417 1887 1514 1922 stros
1537 1886 1721 1922 subiectos
1743 1886 1839 1921 inter
1862 1886 2055 1922 alterutros
2079 1886 2207 1922 facere.

267 1933 326 1964 καὶ
347 1929 536 1976 σώφρονας
559 1929 639 1964 τούς
659 1927 768 1975 ἡμετέ
787 1943 846 1965 ους
868 1928 1046 1974 ὑπηκόους
1068 1928 1158 1978 πρὸς
1178 1928 1347 1975 ἀλλήλους

266 1976 291 2011 2
348 1973 545 2010 ἀποτελεῖν.
597 1973 693 2010 Ἀλλ’
720 1973 759 2010 οὗ
786 1978 803 2010 ὲ
826 1979 900 2011 τοῖς
922 1974 1104 2020 κωμήταις
1127 1973 1347 2023 συγχωρήσει
1416 1975 1442 2011 2
1499 1975 1570 2011 Sed
1601 1986 1716 2021 neque
1747 1976 1904 2012 vicaneis
1936 1976 2119 2022 permittat
2149 1975 2319 2013 adversus
2350 1975 2499 2022 publica

268 2019 356 2067 πρὸς
379 2020 458 2055 τοὺς
479 2020 666 2076 δημοσίους
695 2021 884 2056 ἀνανεύειν
908 2019 1048 2067 φόρους.
1105 2021 1167 2054 Ἐν
1199 2019 1239 2054 δὲ
1269 2023 1347 2055 ταῖς
1415 2021 1592 2056 resultare
1614 2022 1762 2057 tributa.
1809 2021 1909 2057 Inter
1931 2021 2147 2067 spectabiles
2170 2021 2498 2058 administrationes

268 2065 519 2113 περιβλέπτοις
542 2069 663 2113 αρχαῒς
685 2070 744 2101 καὶ
768 2064 858 2110 αὕτη
882 2065 1081 2110 τετάξεται,
1105 2068 1165 2099 καὶ
1190 2066 1222 2099 εἰ
1239 2064 1349 2113 τυχὸν
1361 2069 1405 2101 40
1417 2067 1537 2101 autem
1560 2066 1651 2102 haec
1675 2076 1817 2111 quoque
1837 2066 2083 2112 deputabitur,
2106 2066 2191 2102 licet
2210 2066 2363 2103 forsitan
2382 2066 2498 2103 susci·
2536 2081 2539 2084 ·

249 2156 473 2191 *molestiave
497 2155 696 2201 afficiendi,
726 2167 796 2192 neu
819 2156 892 2192 iam
915 2155 1045 2191 solitas
1069 2154 1155 2190 illas
1178 2154 1354 2190 iussiones
1377 2155 1556 2201 afferant,
1587 2167 1682 2202 quae
1706 2156 1790 2191 olim
1813 2167 1864 2192 ex
1886 2155 2031 2192 sedibus
2054 2155 2126 2191 tuis
2142 2155 2395 2209 procedebant
2409 2166 2498 2208 per-

269 2201 413 2237 diturae
435 2212 497 2236 eos
518 2201 581 2247 qui
603 2201 642 2235 in
665 2200 838 2237 mediocri
861 2201 1074 2236 condicione
1094 2199 1270 2242 vivebant,
1294 2209 1375 2235 cum
1397 2199 1506 2235 modo
1530 2211 1653 2237 muros
1676 2201 1780 2246 refici
1801 2200 1908 2236 modo
1930 2201 2009 2236 vias
2028 2211 2164 2243 curari,
2188 2200 2295 2237 modo
2316 2200 2390 2236 ima
2415 2211 2495 2237 mes

269 2251 304 2282 et
317 2250 454 2292 pontes
476 2250 512 2282 et
528 2250 664 2293 portus
687 2250 724 2281 et
745 2257 864 2292 aquae
886 2247 1017 2282 ductus
1036 2245 1205 2298 publicos
1226 2245 1399 2281 renovari
1420 2244 1596 2288 iuberent,
1619 2249 1656 2282 et
1676 2245 1759 2281 loca
1778 2250 1961 2292 tamquam
1977 2245 2130 2299 publica
2153 2245 2298 2291 auferri
2317 2249 2354 2282 et
2397 2256 2500 2282 omos

269 2292 377 2337 quasi
405 2302 480 2327 non
502 2302 570 2326 suo
600 2291 680 2326 loco
711 2291 877 2327 conditas
905 2292 1044 2327 destrui
1077 2294 1187 2336 atque
1209 2289 1285 2326 alia
1314 2290 1371 2325 leis
1393 2290 1502 2326 etiam
1525 2290 1575 2326 ad
1597 2291 1816 2327 calumniam
1831 2290 2071 2338 procliviora.
2142 2289 2218 2326 Sed
2237 2291 2252 2326 i
2277 2301 2318 2327 se
2338 2289 2423 2327 lancie
2443 2291 2499 2328 rei

271 2347 418 2383 operam
439 2336 541 2372 dabit
563 2340 672 2382 atque
694 2337 814 2372 omnia
831 2337 910 2372 sine
931 2336 1063 2372 damno
1081 2339 1245 2388 peraqet.
1291 2333 1430 2378 Quodsi
1453 2335 1509 2371 vel
1535 2337 1706 2382 praviore
1727 2336 1952 2383 inspectione
1974 2346 2034 2372 res
2052 2346 2159 2382 eqere
2185 2346 2234 2372 no
2258 2335 2292 2372 is
2309 2335 2498 2379 videbitur,

269 2393 377 2416 sacra
426 2382 630 2427 raqmatica
651 2382 777 2426 forma
802 2387 954 2423 utemur,
985 2392 1094 2428 quam
1115 2381 1258 2427 quidem
1288 2380 1339 2416 ad
1361 2384 1459 2416 tuam
1483 2392 1629 2434 quoque
1649 2381 1943 2428 praefecturam,
1973 2381 2006 2417 si
2056 2381 2219 2424 lacuerit,
2242 2381 2434 2424 mittemus,
2463 2385 2502 2418 et

269 2393 465 2461 secumdam
489 2438 567 2461 eam
589 2426 695 2462 etiam
719 2426 827 2462 alteri
850 2431 891 2463 ut
910 2427 1004 2463 hanc
1024 2426 1271 2473 quaestionem
1289 2425 1411 2471 faciat
1428 2426 1742 2473 (praecepimus).
1791 2425 1853 2462 Sic
1875 2427 2019 2474 respira
2044 2430 2110 2462 unt
2131 2425 2331 2472 aliquando
2349 2425 2497 2470 subditi,

270 2471 323 2506 sic
350 2470 533 2517 florebunt
562 2482 690 2506 rursus
718 2472 880 2508 civitates
911 2476 948 2508 et
976 2473 1233 2508 incrementum
1262 2470 1405 2507 incolae
1431 2482 1557 2507 earum
1586 2482 1696 2518 quam
1726 2472 1927 2508 maximum
1958 2471 2119 2518 capient,
2161 2482 2229 2508 nec
2257 2471 2330 2507 iam
2349 2471 2501 2519 patrias

273 2522 453 2561 tamquam
476 2527 551 2551 rem
572 2516 729 2551 maxime
751 2517 976 2553 metuendam
1014 2517 1151 2564 uficnt,
1177 2527 1257 2552 cum
1278 2527 1351 2563 pro
1382 2520 1436 2552 ter
1456 2517 1733 2563 magistratuum
1759 2516 1935 2553 malitiam
1957 2517 1997 2552 in
2013 2516 2091 2552 suis
2114 2515 2280 2552 habitare
2295 2519 2498 2553 vereantur.

406 2560 448 2596 V.
510 2560 661 2606 Oportet
683 2561 796 2606 iqitm·
819 2566 917 2598 tuam
940 2573 983 2598 su
1008 2562 1193 2597 limitatem
1215 2562 1311 2597 scire
1364 2572 1436 2597 unc
1459 2563 1712 2608 maqistratum
1736 2572 1847 2597 unum
1869 2562 1909 2597 in
1931 2565 2123 2609 posterum
2154 2572 2200 2597 ac
2221 2572 2296 2597 non
2319 2560 2500 2615 duplicem

271 2606 438 2651 futurum
461 2616 555 2641 esse:
589 2605 685 2640 unde
708 2607 839 2649 omnia,
872 2618 1119 2653 quaecumque
1137 2608 1254 2659 fiscus
1285 2611 1394 2643 antea
1425 2607 1571 2659 utrique
1602 2607 1837 2654 maqistratui
1859 2606 1980 2650 dabat,
2012 2617 2056 2642 ea
2084 2605 2280 2642 secundum
2301 2605 2499 2643 subiectam

274 2650 357 2685 huie
385 2659 514 2685 sacrae
544 2650 615 2696 leqi
646 2655 794 2686 nostrae
822 2652 941 2687 deseri
970 2653 1101 2688 tionem
1130 2652 1202 2699 ipsi
1230 2651 1347 2698 iisque
1378 2652 1442 2698 qui
1472 2663 1571 2688 circa
1602 2663 1683 2688 eum
1713 2655 1800 2688 sunt
1830 2652 1981 2699 eiusque
2021 2651 2149 2698 officio
2181 2651 2297 2694 dubi-v,
2327 2650 2499 2698 quemad-

272 2697 295 2731 1
348 2694 494 2729 modum·
514 2695 620 2730 etiam
644 2706 756 2741 usque
776 2696 893 2731 adhuc
937 2697 1103 2733 abantur.
1173 2697 1404 2732 Pributorum
1428 2708 1573 2743 quoque
1596 2697 1743 2734 exactio
1768 2697 1871 2733 etad
1889 2697 2009 2744 ipsum
2031 2700 2068 2733 et
2090 2696 2140 2732 ad
2150 2696 2414 2743 praetorianos
2436 2696 2503 2742 qui

273 2740 310 2775 ei
332 2738 526 2790 oboediunt
571 2740 752 2785 officiales
772 2741 987 2787 pertinebit,·
1017 2742 1231 2788 habebitque
1254 2743 1445 2794 utriusque
1468 2742 1707 2789 maqistratus
1729 2743 1900 2789 insiqnia,
1925 2746 1960 2777 et
1983 2741 2146 2788 quamvis
2157 2741 2389 2788 potissimum
2407 2741 2500 2776 mili—

276 2789 367 2819 tans
393 2787 457 2825 sit,
488 2788 526 2819 at
557 2788 653 2819 certe
683 2795 793 2819 curru
822 2790 994 2832 arqenteo
1024 2786 1171 2823 vehetur
1205 2791 1240 2822 et
1268 2798 1406 2823 securis
1440 2798 1521 2823 eum
1550 2787 1750 2834 praecedet
1783 2787 2002 2831 (consularis
2035 2788 2130 2823 enim
2163 2785 2358 2833 potestatis
2391 2786 2500 2823 etiam

275 2829 343 2864 hoc
365 2829 508 2880 siquam
532 2832 598 2870 est)
624 2829 838 2874 pariterque
859 2831 982 2875 fasces
1005 2831 1039 2866 ei
1060 2832 1282 2868 sollemniter
1298 2832 1576 2878 praeferentur,
1608 2837 1719 2879 atque
1739 2832 1910 2868 inserviet
1934 2833 1970 2868 ei
1990 2831 2159 2868 universa
2181 2841 2310 2868 manus
2332 2830 2501 2867 militaris

274 2885 369 2954 {uae
392 2884 431 2908 m
448 2874 643 2918 provincia
666 2873 846 2909 collocata
869 2879 938 2910 est:
974 2876 1032 2910 cui
1055 2876 1197 2921 quidem
1221 2887 1332 2912 curae
1355 2877 1427 2913 erit
1448 2881 1490 2913 ut
1508 2877 1706 2913 latrocinia
1725 2877 1875 2913 excidat
1891 2880 1926 2913 et
1946 2876 2117 2912 iniuriam
2132 2876 2257 2924 passis
2277 2886 2380 2923 opem
2395 2875 2502 2922 ferat

366 2922 403 2954 et
423 2917 587 2953 subditos
609 2921 752 2953 nostros
775 2919 915 2964 quietos
938 2919 1031 2956 inter
1053 2931 1093 2956 se
1113 2921 1251 2956 reddat.
1339 2920 1465 2968 Neque
1489 2932 1573 2959 vero
1604 2922 1753 2959 vicanos
1775 2922 1947 2969 patietur
1968 2921 2122 2969 publica
2155 2921 2290 2958 tributa
2318 2929 2498 2957 recusare.

278 2963 381 2998 Inter
399 2965 614 3011 spectabiles
633 2971 750 3003 autem
771 2971 1005 3013 naeaqistratus
1026 2974 1102 3016 ipse
1121 2983 1264 3017 quoque
1287 2973 1483 3016 referetur,
1503 2972 1574 3007 etsi
1590 2972 1692 3016 forte
1713 2972 1775 3016 qui
1794 2982 1874 3006 eum
1894 2972 2048 3017 suscipit
2066 2970 2257 3017 diqnitatis
2274 2971 2324 3007 sit
2343 2969 2501 3007 maiores.

320 3055 339 3087 5
363 3049 484 3085 ὁλκῶν
497 3049 701 3104 δημοσίων1
714 3052 891 3084 formarum
906 3056 938 3085 et
950 3055 1150 3087 thermarum
1166 3068 1185 3091 ς
1200 3055 1212 3099 Η
1231 3059 1248 3089 7
1276 3069 1348 3089 κτι-
1382 3059 1386 3092 Ι
1468 3061 1481 3092 1
1510 3058 1639 3101 pridem
1665 3059 1711 3100 T]
1736 3058 1868 3100 quidem
1890 3058 1923 3092 V
1941 3056 1953 3102 ΙΙ
1978 3059 1996 3091 5
2020 3059 2154 3100 portum
2175 3055 2233 3101 Vn
2258 3059 2279 3091 6
2303 3059 2336 3091 et
2355 3057 2500 3091 therma-

274 3097 423 3131 θέντων
434 3098 464 3146 L
477 3096 490 3141 ΙΙ
503 3098 522 3131 8
537 3108 660 3142 προχει
684 3108 798 3129 οτατα
811 3098 842 3129 B
859 3096 871 3140 ΙΙ
889 3099 909 3130 9
923 3095 1050 3131 τούτου
1062 3100 1170 3140 ΜΒς]
1185 3101 1292 3133 τοῦτο
1304 3101 1348 3133 L¹
1420 3113 1493 3135 rum
1517 3104 1739 3146 (theymarum
1762 3104 1808 3144 V)
1840 3103 2038 3137 secludenda
2060 3104 2210 3137 videntur
2230 3101 2244 3147 ss
2272 3103 2500 3136 reuocationea

273 3141 417 3177 τούτων
427 3142 475 3176 L2
490 3142 502 3185 ΙΙ
526 3144 564 3175 10
586 3144 670 3174 συνί
693 3143 802 3184 ωμεν]
818 3138 1349 3187 avveldwpev(ovw'18wpr¹)
1429 3148 1461 3180 V
1480 3148 1493 3191 ss
1524 3149 1542 3180 7
1565 3147 1749 3181 ablationes
1774 3149 1879 3189 Beck]
1905 3147 2128 3181 habitationes
2160 3147 2224 3180 VT
2252 3147 2264 3190 ΙΙ
2292 3157 2424 3189 quoque
2449 3147 2498 3188 Τ]

273 3189 343 3222 LB
356 3189 412 3231 (qs.
422 3189 453 3228 ς)
466 3182 676 3230 συνείδομεν
686 3187 732 3219 M
733 3196 740 3224 3
757 3183 1057 3229 πησυνίδοιμενῗ
1074 3190 1206 3231 ο]ζΧΧ
1215 3190 1264 3222 VI
1271 3192 1325 3229 4,ι
1340 3189 1352 3233 ΙΙ
1420 3204 1477 3225 om.
1501 3192 1585 3226 Vol.
1603 3191 1615 3237 ΙΙ
1634 3194 1654 3227 9
1678 3193 1804 3235 peiora]
1831 3193 1891 3237 leq.
1907 3192 2089 3234 proniora?
2105 3192 2119 3236 ΙΙ
2139 3193 2179 3226 10
2204 3192 2304 3225 huius
2324 3191 2425 3225 faciet
2449 3192 2481 3225 Τ

276 3235 317 3267 13
342 3229 550 3275 συνίδοιμεν
569 3231 652 3272 LB]
674 3227 896 3283 συνείδοιμεν
909 3232 955 3264 Μ
965 3231 976 3274 ΙΙ
994 3228 1075 3265 κατ’
1091 3229 1202 3266 αὐτόν
1218 3246 1258 3266 τε
1279 3235 1350 3267 ML
1420 3236 1520 3269 faciat
1532 3236 1633 3270 huius
1654 3238 1688 3271 V
1700 3237 1712 3280 ΙΙ
1731 3240 1768 3272 11
1792 3237 2056 3281 prospexerimus
2074 3238 2152 3271 libri
2167 3236 2179 3279 ss
2196 3236 2294 3269 etiam
2306 3237 2425 3270 maiori
2441 3236 2474 3271 T
2495 3233 2502 3280 Ι

274 3276 366 3311 κατὰ
386 3274 522 3311 ταύτόν
541 3288 581 3310 τε
592 3277 639 3318 Β,
660 3274 849 3309 κελευοντα
868 3277 998 3309 lectione
1016 3288 1036 3312 ς
1053 3278 1232 3310 secundum
1252 3289 1350 3319 quam
1423 3283 1462 3314 12
1480 3282 1663 3323 pramatica
1679 3282 1734 3326 Vn
1757 3284 1796 3317 13
1817 3285 1950 3316 utemur
1967 3283 2054 3323 vulq.
2072 3281 2086 3326 ΙΙ
2106 3283 2144 3316 15
2166 3281 2227 3314 alii
2245 3283 2331 3323 vulo.
2350 3281 2363 3324 ΙΙ
2379 3282 2421 3317 18
2441 3280 2498 3315 de-

273 3323 513 3366 praecipiemus
526 3322 743 3356 commendari
758 3322 877 3354 iniuria
893 3328 985 3363 putat
998 3321 1194 3356 Zachariae.
1220 3323 1353 3356 Videtur
1419 3328 1529 3358 serent
1549 3327 1634 3370 vuly.
1654 3327 1666 3370 ΙΙ
1682 3328 1725 3361 23
1750 3328 1866 3369 utique
1888 3326 1946 3370 Vll
1961 3328 2003 3361 27
2022 3318 2092 3369 ‘ipsi
2113 3327 2157 3367 T]
2178 3326 2250 3369 ipsa
2274 3326 2308 3360 V
2346 3326 2497 3359 immine-

275 3370 431 3402 excidisse
444 3368 548 3401 ἔσται
560 3367 611 3400 vel
622 3364 900 3418 npoarcigoptcvvss
920 3367 960 3399 16
977 3368 1106 3418 καὶιοηι.
1122 3368 1153 3400 L
1169 3367 1181 3409 ΙΙ
1201 3364 1351 3409 αὔξησιν
1384 3373 1387 3438 i
1420 3370 1477 3402 bat
1509 3370 1543 3402 V
1567 3371 1776 3405 inminebant
1802 3373 1835 3406 T
1856 3371 1869 3411 ΙΙ
1899 3373 1942 3407 28
1974 3372 2020 3404 eis
2045 3372 2078 3405 T
2103 3371 2115 3414 ΙΙ
2142 3373 2181 3405 31
2217 3381 2315 3404 conso
2330 3371 2396 3404 aris
2427 3371 2463 3404 V
2484 3367 2500 3415 Ι

274 3414 321 3447 L*
341 3413 354 3456 ΙΙ
369 3415 408 3447 21
433 3414 568 3453 τοίνυν]
590 3415 699 3445 autem
719 3423 739 3448 θ’
754 3411 766 3454 ΙΙ
793 3413 839 3462 23¹
860 3423 1008 3444 anama
1028 3409 1158 3451 θπόσα]
1186 3422 1270 3453 quae
1291 3424 1310 3448 ἴ
1340 3413 1351 3452 l!
1421 3415 1518 3446 etiam
1542 3416 1575 3447 in
1600 3428 1666 3449 ras.
1701 3418 1734 3450 V
1754 3417 1767 3461 ΙΙ
1797 3419 1839 3452 33
1867 3416 2164 3460 *procurabitque1
2197 3415 2390 3459 placuitque
2413 3415 2497 3458 (pla-

275 3460 317 3492 25
341 3455 555 3503 ὑπογραφὴν
570 3458 604 3490 Β
621 3457 635 3500 ΙΙ
650 3458 693 3491 26
717 3452 781 3501 ἀφ’
800 3453 912 3489 αυτὸν
924 3456 969 3489 Μ
979 3455 991 3499 ΙΙ
1009 3457 1051 3490 28
1060 3469 1107 3499 sq.
1133 3457 1350 3490 έπικείσεται
1419 3459 1490 3491 cuit
1504 3459 1549 3500 T)
1564 3460 1649 3501 libri,
1670 3461 1882 3504 placabitque
1896 3462 2106 3503 senemaud,
2123 3460 2317 3504 parebitque
2331 3461 2362 3494 ei
2373 3460 2469 3494 Beck
2484 3459 2498 3503 ΙΙ

275 3522 318 3527 -
332 3501 529 3547 παράσημα
549 3514 589 3535 τε
609 3515 666 3536 οηι.
682 3502 724 3535 M
740 3503 752 3545 ΙΙ
769 3503 812 3535 30
832 3503 892 3534 καὶ
910 3500 942 3533 εἰ
961 3502 1021 3533 καὶ
1044 3502 1086 3540 L]
1111 3502 1171 3533 καὶ
1191 3501 1222 3533 εἰ
1243 3502 1319 3534 ΜΒ
1339 3502 1350 3544 ΙΙ
1419 3503 1573 3536 universa
1593 3517 1652 3537 om.
1674 3506 1731 3550 Vn
1757 3509 1798 3541 34
1823 3507 2029 3550 prouintiam
2048 3506 2104 3551 Vl!
2122 3505 2283 3539 collocata
2299 3505 2405 3546 Beck]
2429 3504 2498 3537 ool-

276 3550 315 3582 31
343 3545 491 3590 ἀπήνης]
511 3562 538 3581 s.
551 3561 578 3581 v.
599 3543 782 3593 καθέδρας
803 3547 844 3580 Μ
866 3545 880 3590 ΙΙ
903 3547 946 3581 32
971 3541 1079 3578 αὐτοῦ
1099 3559 1157 3579 om.
1173 3557 1191 3582 ς
1209 3545 1222 3588 ΙΙ
1246 3549 1351 3579 τοῦτο
1418 3548 1486 3580 lata
1511 3549 1588 3581 libri
1608 3548 1620 3591 ΙΙ
1648 3551 1690 3583 39
1714 3552 2028 3585 amministrationes
2051 3555 2161 3584 autem
2189 3552 2243 3592 (au
2263 3551 2310 3590 V)
2338 3550 2495 3589 VNeobJ

276 3593 323 3633 Β]
347 3593 453 3626 τοῦτο
477 3591 519 3626 τὸ
540 3593 611 3626 ML
628 3592 642 3636 ΙΙ
658 3589 861 3635 σύμβουλον
881 3592 910 3624 L
925 3589 938 3635 ΙΙ
958 3592 998 3625 33
1024 3587 1150 3642 ῥεξνδοι
1171 3591 1218 3644 L,.¹
1237 3590 1249 3634 ΙΙ
1265 3603 1349 3635 προ·
1418 3595 1527 3643 autem
1551 3593 1853 3643 administrationes
1878 3597 1911 3630 T
1923 3595 1936 3639 ΙΙ
1959 3598 2003 3631 40
2028 3595 2258 3640 deportabitur
2289 3595 2372 3629 Val.
2390 3593 2404 3642 Ι
2424 3603 2495 3629 uuo-

276 3635 498 3680 πομπεύουσι
519 3638 561 3671 Μ
577 3639 589 3681 ΙΙ
606 3640 647 3672 38
671 3640 831 3680 κομίταις
851 3637 928 3679 L¹ss
954 3638 997 3670 40
1022 3638 1124 3679 αντη]
1149 3647 1232 3670 αυτι
1256 3637 1303 3669 L¹
1419 3640 1543 3680 expient
1571 3635 1613 3666 W

2576 2972 2592 3402 i¹¹

2579 3409 2592 3453 ’ἶ

2580 3465 2592 3514 Ξ

2581 3534 2592 3560 1
