2592 3840
263 80 371 126 Nov.
401 82 627 126 LXXXIX
658 87 722 127 14.
755 86 807 126 15
1335 80 1421 128 444
1861 94 2022 134 omnus
2050 94 2187 127 uoms
2214 94 2477 133 m‘runms

264 196 393 229 παισὶν
416 191 439 238 ἢ
469 191 808 238 καταλιμπάνουσιν
838 194 886 228 εἰς
915 195 1033 229 ταῦτα
1053 197 1113 229 καὶ
1143 192 1341 240 κηδεμόνας
1408 193 1492 230 filiis
1515 194 1581 229 aut
1601 194 1816 240 relinquant,
1838 193 1877 229 in
1893 194 1949 230 his
1971 194 2076 230 etiam
2097 197 2279 232 curatores
2301 195 2354 232 eis
2375 204 2477 241 prae-

266 235 385 273 αὐτοῐς
419 242 604 284 παρέχειν,
643 238 1016 282 confirmatsvope'vovc
1050 242 1192 283 μέντοι,
1232 241 1341 275 τοῦτο
1409 240 1513 282 bere,
1550 238 1811 275 confirmandos
1841 242 1977 282 tamen,
2012 240 2081 276 hoo
2111 239 2230 277 ratum
2264 250 2343 277 esse
2371 239 2477 276 etiam

266 282 388 329 κύριον
412 284 503 318 εἶναι
526 286 586 317 καὶ
610 284 676 316 νῦν
700 284 872 327 τίθεμεν,
897 282 1061 319 διδόντες
1083 287 1143 318 καὶ
1166 286 1211 332 τῇ
1233 288 1341 330 μητρὶ
1409 294 1505 320 1111110
1529 284 1706 329 ponimus,
1735 284 1861 320 dantes
1884 287 1922 320 et
1943 284 2050 320 matri
2073 285 2267 320 secundum
2290 285 2385 331 quod
2406 284 2476 321 iam

266 329 358 363 κατὰ
392 327 434 363 τὸ
470 327 539 372 ἤδη
575 331 658 373 περὶ
683 326 828 363 τούτων
863 326 1144 375 διατεταγμένον
1174 333 1235 364 καὶ
1264 332 1342 365 τῶν
1411 329 1455 364 de
1477 329 1533 364 his
1558 328 1770 375 dispositum
1799 333 1854 365 est
1885 333 1921 365 et
1949 329 2165 365 naturalium
2195 330 2343 365 tutelam
2374 339 2478 375 agere

267 375 429 418 φυσικῶν
452 372 702 417 ἐπιτροπεύειν
719 372 876 416 παίδων,
900 373 1025 410 πάντα
1045 374 1254 424 πραττούσῃ
1271 372 1343 410 ὅσα
1379 377 1398 409 5
1411 374 1582 416 filiorum,
1614 375 1732 411 omnia
1755 374 1874 421 agenti
1896 384 2141 421 quaecumque
2167 375 2206 411 in
2229 375 2393 420 legitimis
2416 375 2477 411 de-

267 420 328 452 ἐπὶ
350 422 512 465 γνησίων
534 415 688 464 ὥρισται
709 416 863 453 παίδων.
1411 419 1513 454 finita
1535 424 1621 455 sunt
1643 419 1737 456 filiis.
2185 446 2190 449 ’

1238 532 1395 571 CAPUT
1418 531 1498 569 XV.

330 597 535 634 Τελευταῖον
577 596 618 633 δὲ
652 597 745 644 ἡμᾶς
779 600 843 635 τοῦ
878 597 992 644 νόμου
1026 602 1130 645 μέρος
1166 597 1345 644 ἐκδέχεται
1465 598 1600 636 Ultima
1622 599 1795 645 siquidem
1816 610 1882 638 nos
1905 610 1990 646 pars
2013 600 2100 647 legis
2122 602 2299 647 expectat,
2329 602 2373 637 ut
2400 600 2481 646 ipsa

267 640 355 678 ὥςτε
386 647 446 677 καὶ
482 642 571 678 αὐτὸ
602 643 671 687 τὴν
701 645 946 689 προςήκουσαν
977 645 1084 686 τάξιν
1112 645 1251 687 λαχεῖν,
1285 648 1345 679 καὶ
1413 646 1671 689 competentem
1695 645 1869 699 suscipiat
1891 645 2050 682 ordinem
2074 649 2110 682 et
2132 655 2389 698 enumeremus,
2419 644 2482 690 qui

268 688 592 734 ἐξαριθμήσασθαι
622 693 716 724 τίνες
751 688 836 724 οὐδὲ
865 690 976 724 αὐτοῦ
1006 691 1071 724 τοῦ
1102 691 1181 725 τῶν
1212 690 1345 725 νόθων
1412 699 1526 734 neque
1548 689 1629 735 ipso
1652 691 1868 727 naturahum
1895 691 2037 727 nomine
2063 691 2160 736 digni
2183 695 2278 728 sunt.
2325 690 2481 727 anum

266 732 364 775 ἄξιοι
391 733 621 768 καθεστᾶσιν
651 732 838 787 ὀνόματος.
889 734 1066 780 πρότερον
1095 737 1162 779 μὲν
1182 736 1253 782 γὰρ
1276 737 1345 771 πᾶς
1360 739 1399 772 10
1413 734 1554 779 quidem
1585 735 1698 771 omnis
1729 736 1789 780 qui
1811 745 1856 771 ex
1879 736 2121 782 complexibus
2151 738 2237 780 (11011
2258 736 2353 773 euim
2374 745 2480 772 voca-

267 776 286 813 ὁ
302 781 341 812 ἐκ
354 778 595 813 συνελεύσεων
616 776 669 822 (οὗ
685 793 755 826 γαρ
770 779 965 825 καλέσομεν
980 780 1119 827 γάμων)
1137 779 1159 824 ἢ
1176 782 1345 816 nefariam
1412 780 1529 815 bimus
1549 779 1707 824 nuptias)
1729 783 1794 816 aut
1813 780 1957 817 nefariis
1975 785 2039 817 aut
2058 782 2203 818 incestis
2223 786 2286 818 aut
2305 780 2480 818 damnatis

265 821 289 867 ἢ
321 824 493 859 incestoev
523 821 547 867 ἢ
577 824 778 859 damnatam
808 825 1005 870 προελθών
1034 824 1137 860 οὗτος
1166 823 1251 860 οὐδὲ
1283 840 1344 871 φυ-
1411 825 1645 870 processerit,
1679 825 1748 861 iste
1782 837 1807 861 n
1851 836 1897 862 ue
1927 827 2101 863 naturalis
2131 827 2336 863 nominatur
2366 835 2481 870 neque

266 869 364 903 σικὸς
387 867 703 913 ὀνομασθήσεται,
727 866 810 904 οὐδὲ
829 869 1123 916 ἄποτραφήσεται
1146 870 1246 916 παρὰ
1267 872 1345 905 τῶν
1413 869 1561 906 alendus
1585 873 1640 906 est
1663 880 1685 906 a
1703 875 1844 915 parenti
1869 882 1911 907 us
1935 881 2050 916 neque
2069 872 2215 908 habebit
2235 871 2413 918 quoddam
2435 870 2481 906 ad

265 917 413 961 γονέων,
438 909 523 948 οὖδέ
542 914 612 955 ἕξει
636 914 719 949 τινὰ
741 915 830 961 πρὸς
852 916 920 950 τὸν
935 913 1105 961 παρόντα
1128 915 1244 960 νόμον
1263 929 1343 961 μετ·
1411 918 1635 960 praesentem
1666 915 1779 960 legem
1809 916 2045 962 participium.
2093 916 2195 953 Unde
2223 917 2308 953 licet
2336 926 2360 953 a
2388 916 2480 952 Gon·

266 963 405 994 ουσίαν.
452 955 541 994 dieve
565 960 596 993 εἰ
619 964 679 993 καὶ
706 963 981 1005 Κωνσταντίνῳ
1011 962 1065 1004 τῷ
1095 963 1158 1004 τῆς
1180 958 1345 1005 εὐσεβοῦς
1359 964 1400 996 15
1412 960 1568 996 stantino
1598 960 1679 1012 piae
1706 962 1896 997 memoriae
1922 961 1961 997 in
1993 962 2250 998 constitutione
2275 961 2322 998 ad
2344 961 2479 1015 Grego-

268 1004 399 1048 λήξεως
422 1006 463 1039 ἐν
485 1006 530 1052 τῇ
555 1005 644 1049 πρὸς
661 1004 862 1052 Γρηγόριον
875 1010 1052 1053 γραφείσῃ
1077 1004 1240 1047 διατάξει
1259 1005 1343 1040 τινὰ
1412 1005 1505 1040 rium
1540 1009 1674 1052 scripta
1707 1006 1881 1060 quaedam
1916 1006 1961 1042 de
1988 1007 2121 1043 talibus
2156 1006 2252 1043 (licta
2283 1006 2359 1043 sint
2386 1006 2480 1050 fillis,

266 1053 348 1096 περὶ
370 1048 550 1084 τοιούτων
573 1050 711 1093 εἴρηται
734 1049 890 1092 παίδων,
912 1053 1031 1085 ταῦτα
1055 1049 1095 1084 οὐ
1111 1052 1343 1096 προςιεζιιεθα,
1412 1050 1502 1086 haec
1532 1061 1605 1086 non
1635 1052 1859 1096 resplcimus‚
1891 1051 2060 1097 quoniam
2090 1054 2128 1088 et
2147 1062 2221 1089 11011
2243 1051 2377 1088 utendo
2399 1061 2481 1097 per-

266 1093 390 1138 ἐᾷτειδὴ
410 1098 471 1129 καὶ
495 1093 555 1129 διὰ
577 1097 640 1139 τῆς
663 1093 855 1141 ἀχρηστίας
879 1093 1074 1142 ἀνῄρηται·
1099 1097 1344 1153 φοινικαρχῶν
1411 1099 1531 1140 empta
1553 1099 1626 1131 est:
1658 1096 2003 1141 phoeniearchorum
2031 1097 2126 1133 enim
2156 1100 2191 1133 et
2221 1096 2482 1143 syriamhorum

265 1141 333 1187 γὰρ
356 1143 416 1174 καὶ
437 1141 640 1186 συριαρχῶν
665 1144 726 1174 καὶ
750 1143 965 1188 στρατηγῶν
981 1145 1042 1175 καὶ
1065 1139 1344 1186 διασημοτατων
1411 1143 1449 1176 et
1468 1141 1739 1185 magistratuum
1761 1144 1799 1177 et
1820 1142 2010 1187 insignium
2032 1142 2191 1178 meminit
2213 1147 2249 1178 et
2271 1141 2483 1178 clarissimo-

265 1189 443 1230 μέμνηται
465 1189 526 1219 καὶ
549 1183 838 1243 λαμπροτάτων,
868 1189 928 1220 καὶ
959 1184 1042 1220 οὐδὲ
1061 1187 1229 1232 φυσικοὺς
1251 1187 1343 1222 εἶναι
1356 1189 1399 1222 20
1412 1196 1509 1228 rum,
1538 1188 1577 1222 et
1598 1196 1714 1231 neque
1736 1188 1918 1223 naturales
1939 1197 2020 1223 esse
2042 1188 2118 1223 vult
2140 1198 2186 1223 ex
2207 1187 2263 1224 his
2286 1186 2482 1233 proceden-

265 1230 435 1276 βούλεται
457 1230 539 1265 τοὺς
563 1231 602 1271 ἐξ
625 1232 750 1266 αυτῶν
765 1229 1027 1276 προελθόντας,
1049 1230 1202 1267 κωλύων
1225 1231 1344 1267 αὐτοῖς
1411 1235 1477 1274 tes,
1502 1241 1668 1267 amovens
1687 1232 1739 1268 eis
1760 1233 1867 1268 etiam
1889 1233 1936 1268 im
1963 1232 2080 1269 erialis
2103 1232 2365 1269 munificentiae
2381 1241 2482 1268 man-

265 1280 327 1310 καὶ
357 1276 424 1319 τὴν
455 1277 494 1310 ἐκ
525 1275 712 1320 βασιλικῆς
743 1275 947 1322 φιλοτιμίας
976 1274 1177 1322 εὐημερίαν.
1223 1273 1269 1320 ἢν
1300 1275 1344 1320 δὴ
1412 1276 1646 1312 suetudinem.
1705 1277 1819 1321 Quam
1852 1277 2015 1314 Vide'eet
2050 1278 2337 1314 constitutionem
2375 1277 2483 1313 etiam

265 1324 286 1357 l
329 1319 498 1362 διάταξιν
520 1324 580 1355 καὶ
604 1320 790 1356 παντελῶς
813 1318 1039 1367 ἇναιροῦμεν.
1115 1323 1236 1356 Ταῦτα
1258 1319 1344 1367 ἡμῖν
1411 1323 1434 1358 l
1480 1321 1623 1357 omnino
1646 1322 1861 1367 perimimus.
1930 1322 2030 1359 Haeo
2052 1333 2076 1359 a
2098 1323 2200 1359 nobis
2231 1322 2371 1359 sancita
2400 1322 2483 1366 sint,

266 1364 598 1411 νενομοθετήσθω,
633 1370 694 1400 καὶ
728 1364 849 1401 οὐδενὶ
883 1366 1070 1402 παντελῶς
1104 1365 1234 1414 ἄγνοια
1266 1368 1344 1402 τῶν
1412 1370 1448 1402 et
1481 1367 1569 1402 nulli
1603 1367 1747 1412 penitus
1781 1368 1985 1412 ignorantia
2019 1369 2221 1404 nostrarum
2255 1367 2323 1404 erit
2355 1368 2483 1412 legum,

264 1409 450 1457 ἡμετέρων
473 1414 577 1446 ἔσται
600 1411 738 1457 νόμων,
763 1410 846 1446 οὐδὲ
868 1416 962 1446 τίνες
985 1414 1053 1456 μὲν
1076 1410 1228 1460 εὐγενεῖς
1249 1416 1343 1447 τίνες
1356 1413 1398 1448 25
1411 1421 1477 1447 nec
1501 1412 1563 1457 qui
1591 1416 1675 1448 sunt
1696 1412 1841 1458 legitimi
1865 1413 1927 1459 qui
1956 1423 2039 1449 vero
2071 1413 2267 1456 naturales,
2299 1423 2366 1450 neo
2395 1422 2484 1467 quo·

266 1457 305 1492 δὲ
327 1455 451 1499 νόθοι,
475 1453 559 1491 οὐδὲ
581 1453 681 1492 ὅπως
706 1454 824 1491 αὐτοῖς
847 1457 893 1491 τὰ
914 1461 996 1503 περὶ
1025 1458 1088 1501 τῆς
1109 1458 1342 1504 γνησιότητος
1411 1457 1515 1493 modo
1549 1457 1599 1493 eis
1623 1457 1780 1502 legitima
1801 1458 1882 1494 iura
1903 1458 2046 1502 dantur,
2077 1462 2141 1494 aut
2170 1458 2346 1503 quomodo
2376 1462 2484 1494 etlam

266 1501 420 1544 δίδοται,
445 1499 466 1546 ἢ
492 1497 594 1537 ὅπως
609 1505 669 1536 καὶ
692 1501 804 1537 νόθοι
823 1505 993 1547 μένοντες
1007 1501 1193 1543 ἀξιοῦνται
1217 1502 1342 1548 φιλαν-
1410 1502 1591 1539 naturales
1614 1507 1861 1548 permanentes
1883 1507 2131 1549 promerentur
2153 1502 2425 1547 humanitatem,
2447 1506 2485 1539 et

266 1549 448 1595 θρωπίας,
472 1550 533 1581 καὶ
550 1544 651 1582 ὅπως
666 1551 725 1580 καὶ
747 1544 851 1581 αὐτοὶ
868 1546 1118 1594 προςηκόντως
1132 1551 1342 1592 τετίμηνται
1410 1548 1586 1593 quomodo
1621 1548 1728 1584 etiam
1757 1549 1828 1595 ipsi
1859 1551 2101 1594 competenter
2130 1548 2298 1585 honorati
2326 1551 2411 1585 sunt
2437 1550 2484 1586 ab

264 1595 327 1648 τῆς
348 1593 438 1639 πρὸς
454 1592 536 1672 ’ἑοὺς
549 1590 632 1627 οὐδὲ
644 1592 780 1627 νόθους
800 1590 1020 1637 ἠξιωμένους
1034 1593 1127 1628 εἶναι
1151 1596 1342 1628 κοινωνίας
1354 1640 1396 1674 3⁰
1410 1602 1532 1628 eorum
1557 1593 1625 1674 gni
1655 1603 1771 1640 neque
1793 1594 1976 1630 naturales
2004 1593 2103 1639 digni
2133 1596 2219 1630 sunt
2241 1593 2484 1630 communione

418 1650 454 1671 ισ
489 1640 592 1672 ἐντες.
1431 1648 1449 1673 e
1474 1649 1491 1672 r
1536 1649 1557 1673 a
1588 1667 1596 1674 .

265 1651 600 1730 anZffi’agiZoyos.)
653 1683 701 1716 Τὰ
735 1683 976 1728 παραστάντα
1007 1686 1133 1718 τοίνυν
1167 1680 1253 1738 ἡμῖν
1285 1686 1344 1717 καὶ
1410 1648 1427 1674 s
1449 1648 1728 1729 ἓξὲρῦοὲιιε.)
1773 1683 1873 1728 Quae
1895 1683 2004 1729 igitur
2025 1683 2239 1729 placuerunt
2259 1683 2363 1721 nobis
2385 1683 2486 1725 etad

265 1730 313 1763 εἰς
345 1725 565 1772 ἀνθρώπων
595 1728 798 1772 θεραπείαν
822 1731 882 1762 καὶ
911 1729 974 1771 τῆς
1008 1726 1149 1773 φύσεως
1183 1727 1342 1771 αναπλή-
1411 1728 1593 1764 hominum
1614 1729 1788 1765 medelam
1811 1733 1919 1774 atque
1942 1731 2094 1765 naturae
2115 1729 2399 1783 supplementum
2420 1739 2486 1775 per

265 1787 379 1820 ρωσιν
404 1772 462 1808 διὰ
488 1771 594 1807 τοῦδε
610 1775 673 1806 τοῦ
700 1772 813 1817 νόμου
834 1771 1070 1820 διορισθέντα
1085 1771 1107 1817 ἡ
1123 1773 1168 1817 σὴ
1186 1770 1342 1819 ὑπεροχὴ
1411 1773 1505 1809 hanc
1524 1774 1635 1818 legem
1658 1774 1804 1811 decreta
1824 1776 1918 1818 sunt,
1942 1777 2007 1810 tua
2023 1773 2223 1811 sublimitas
2245 1774 2356 1810 faeiat
2371 1773 2484 1818 omniq

266 1820 405 1866 φανερὰ
417 1820 507 1854 πᾶσι
527 1818 716 1861 ποιησάτω
741 1819 1038 1866 προγραμμάτων
1058 1819 1278 1863 τιθεμένων,
1297 1818 1340 1853 δι’
1411 1818 1479 1854 bus
1509 1819 1701 1856 manifesta
1722 1819 2043 1866 progmmmatibus
2066 1819 2276 1867 propositis,
2305 1829 2371 1866 per
2392 1829 2485 1865 quae

264 1944 358 1980 quae
381 1932 503 1967 liberis
525 1930 664 1966 donant
681 1927 738 1967 v'el
758 1930 970 1977 relinquunt
993 1930 1099 1966 etiam
1124 1933 1262 1967 tutores
1280 1931 1326 1966 iis
1375 1930 1535 1973 raebere,
1559 1931 1830 1976 confirmandos
1852 1932 1996 1978 utique.-
2020 1931 2090 1967 Ιιοσ
2109 1934 2151 1967 ut
2169 1935 2288 1968 ratum
2311 1931 2360 1967 sit
2377 1931 2485 1968 etiam

264 1989 359 2014 nunc
381 1977 584 2019 statuimus,
608 1986 652 2011 ac
676 1976 785 2011 matri
808 1987 953 2022 quoque
974 1975 1169 2011 secundum
1189 1976 1228 2011 id
1250 1987 1322 2023 quo
1371 1976 1444 2012 iam
1468 1975 1512 2012 de
1536 1975 1592 2012 liis
1616 1977 1848 2012 constitutum
1871 1981 1927 2013 est
1949 1976 2196 2019 concedimus,
2226 1981 2267 2012 ut
2289 1977 2398 2013 ctiam
2420 1988 2485 2014 na-

265 2023 436 2060 turalium
460 2021 655 2058 liberorum
680 2021 826 2057 tutelam
848 2021 1026 2069 suscipiat
1049 2022 1240 2067 omniaque
1260 2021 1382 2067 faciat
1404 2032 1649 2068 quaecumque
1672 2022 1710 2057 in
1734 2022 1902 2073 leqitimis
1925 2021 2047 2058 liberis
2070 2022 2219 2067 definita
2241 2026 2337 2058 sunt.

398 2067 477 2103 XV.
525 2066 690 2113 Denique
709 2066 837 2102 ultima
861 2067 951 2112 leqis
967 2077 1063 2113 pars
1086 2077 1154 2102 nos
1177 2071 1384 2113 exspectat,
1405 2070 1445 2102 ut
1467 2071 1503 2103 et
1525 2067 1608 2113 ipsa
1631 2071 1894 2103 convenientem
1917 2067 2078 2103 ordinem
2101 2071 2355 2113 consequatur,
2377 2071 2487 2115 atque

264 2120 305 2150 ut
326 2123 584 2154 enumeremus,
616 2112 682 2158 qui
703 2123 747 2147 ne
771 2112 851 2158 ipso
876 2111 1019 2157 quidem
1042 2112 1186 2148 nomine
1209 2112 1434 2147 naturalium
1456 2111 1559 2158 diqni
1581 2112 1664 2148 sint.
1713 2114 1766 2148 Ac
1782 2113 1944 2159 primum
1968 2111 2110 2158 quidem
2134 2112 2298 2159 quisquis
2319 2123 2370 2149 ex
2392 2123 2486 2149 com-

258 2159 433 2207 plexibus
457 2160 587 2203 (neque
609 2157 703 2193 enim
727 2157 877 2203 nuptias
899 2157 1119 2200 vocabimus)
1143 2157 1299 2203 nefariis
1321 2156 1378 2193 vel
1399 2157 1544 2192 incestis
1567 2157 1623 2193 vel
1645 2157 1826 2193 damnatis
1851 2162 2069 2204 procreatus
2090 2162 2161 2199 est,
2190 2158 2222 2193 is
2244 2169 2359 2205 neque
2381 2162 2486 2194 natu-

264 2205 354 2240 ralis
378 2203 565 2240 vocabitur
587 2213 703 2249 neque
722 2213 745 2237 a
755 2202 929 2249 patribus
951 2202 1069 2238 aletur
1092 2213 1207 2248 neque
1222 2213 1300 2238 cum
1344 2203 1500 2238 raesenti
1525 2203 1603 2248 leqe
1627 2203 1820 2249 quicquam
1842 2213 2026 2238 commune
2050 2201 2202 2239 habebit.
2249 2201 2381 2251 Itaque
2403 2202 2488 2240 licet

264 2262 287 2286 α
312 2248 547 2286 Constantino
610 2248 667 2283 iae
697 2247 891 2283 memoriae
919 2247 958 2282 in
987 2247 1245 2283 constitutione
1275 2258 1297 2282 a
1350 2248 1563 2293 Greqorium
1590 2249 1729 2295 scripta
1760 2248 1938 2294 quaedam
1969 2247 2014 2284 de
2042 2247 2216 2284 eiusmodi
2246 2247 2368 2285 liberis
2389 2247 2487 2285 dicta

263 2296 348 2337 sint,
372 2306 415 2330 ea
439 2304 514 2329 non
537 2304 560 2328 a
586 2293 778 2334 mittimus,
802 2292 975 2339 quoniam
997 2292 1080 2339 ipsa
1103 2292 1336 2329 desuetudine
1358 2292 1503 2328 sublata
1523 2297 1632 2328 sunt:
1667 2292 2019 2340 phoenicarcliarum
2042 2292 2135 2328 enim
2157 2298 2194 2329 et
2213 2303 2233 2328 s
2285 2292 2486 2330 'wemmam

242 2359 245 2363 -
265 2345 301 2376 et
324 2339 551 2375 duumvirum
575 2342 612 2374 et
626 2337 983 2386 perfectissimorum
1006 2342 1044 2373 et
1065 2338 1349 2374 clarissimorum
1371 2338 1542 2380 meminit,
1567 2348 1612 2373 ac
1633 2348 1679 2374 ne
1701 2338 1888 2375 naturales
1906 2337 2050 2384 quidem
2073 2348 2150 2374 esse
2171 2343 2248 2374 vut
2269 2349 2331 2375 eos
2352 2338 2416 2386 qui
2437 2349 2488 2376 ea:

265 2386 338 2420 illis
370 2386 450 2420 nati
478 2384 570 2427 sint,
604 2384 686 2430 ipsa
717 2383 917 2430 imperialis
945 2383 1212 2428 munificentiae
1235 2383 1508 2430 opportunitate
1537 2393 1601 2419 eos
1627 2382 1829 2430 privatum.
1875 2382 1990 2427 Quam
2021 2382 2164 2430 quidem
2196 2383 2487 2422 constitutionem

265 2433 286 2466 1
332 2430 478 2465 omnino
500 2429 667 2464 tollimus.
762 2428 864 2464 Haec
887 2439 911 2463 a
934 2427 1039 2464 nobis
1060 2428 1203 2464 sancita
1225 2430 1317 2472 sint,
1346 2438 1412 2464 nec
1434 2429 1627 2475 quisquam
1657 2428 1803 2464 omnino
1834 2427 2021 2476 iqnorabit
2050 2428 2149 2475 leqes
2177 2432 2341 2472 nostras,
2371 2439 2488 2476 neque

267 2476 329 2521 qui
348 2475 422 2510 sint
445 2474 478 2510 le
504 2474 595 2509 itimi
618 2474 681 2526 qui
705 2473 903 2515 naturales,
927 2485 1044 2520 neque
1066 2473 1247 2520 quomodo
1271 2473 1318 2509 iis
1341 2474 1423 2509 iura
1448 2473 1689 2520 leqitimorum
1711 2472 1854 2516 dentur,
1878 2477 1944 2509 au't
1967 2472 2146 2520 quomodo
2170 2473 2278 2510 etiam
2300 2474 2488 2510 naturales

267 2524 448 2555 manentes
478 2485 735 2555 inmanitatem
767 2523 985 2567 mereantur,
1017 2522 1053 2554 et
1083 2518 1264 2565 quomodo
1296 2519 1388 2566 ipsis
1418 2529 1572 2570 quoque·
1591 2518 1744 2555 idoneus
1773 2518 1893 2554 honor
1916 2518 2025 2554 datus
2047 2519 2095 2554 sit
2117 2517 2162 2554 ab
2186 2529 2311 2554 eorum
2333 2528 2486 2555 commu-

267 2566 373 2601 nione
396 2576 435 2600 se
462 2565 589 2607 aratis,
613 2564 677 2611 qui
700 2576 746 2600 ne
769 2565 956 2600 naturales
979 2564 1123 2610 quidem
1147 2575 1224 2599 esse
1247 2563 1351 2611 diqni
1372 2569 1570 2600 existimati
1593 2567 1688 2599 sunt.

444 2610 491 2655 pi
499 2610 541 2645 lo
549 2621 643 2656 qus.
691 2608 791 2652 Quae
814 2609 929 2655 iqitur
950 2609 1054 2644 nobis
1105 2609 1294 2645 Iacuerunt
1316 2613 1352 2645 et
1375 2609 1424 2645 ad
1445 2609 1626 2644 nominum
1650 2609 1872 2644 curationem
1895 2611 2004 2655 atque
2026 2612 2181 2646 naturae
2204 2608 2488 2657 supplementum

261 2666 334 2702 per
356 2654 451 2690 hanc
474 2655 586 2700 leqem
610 2654 759 2698 definita
782 2659 886 2697 sunt,
922 2659 985 2689 tua
1014 2665 1057 2690 su
1082 2654 1219 2690 limitas
1251 2654 1414 2690 omnibus
1443 2654 1639 2698 manifesta
1666 2654 1787 2700 faciat
1817 2653 1943 2689 edictis
1958 2654 2181 2702 propositis,
2215 2665 2285 2700 per
2312 2664 2407 2701 quae
2424 2653 2489 2692 lex

314 2770 334 2803 2
347 2767 699 2800 confirmateuomenus
711 2767 759 2801 M
767 2765 1142 2812 (κονΐιρματευόμενον
1154 2768 1243 2808 ΑιῘι.,
1264 2779 1346 2810 κομ·
1463 2770 1478 2801 1
1504 2767 1584 2800 filiis
1608 2780 1666 2801 om.
1688 2768 1723 2801 V
1739 2767 1752 2811 ΙΙ
1775 2766 1972 2808 relinquunt
1995 2767 2080 2810 vulq.
2099 2766 2112 2810 ΙΙ
2135 2768 2206 2800 eius
2226 2765 2288 2810 Vll
2312 2768 2333 2801 2
2355 2768 2487 2800 tantum

269 2810 579 2894 Ξ’Ξμ“””όμ”ὀέ
596 2813 748 2897 stiffi}
766 2813 1091 2896 {3ss5‘11’”5“⁶'“³²¹{5
1107 2812 1122 2855 '¹
1138 2808 1347 2891 '‘3⁶22‘55ffl
1414 2811 1611 2899 ssfflssfff
1613 2814 1674 2890 ³132
1686 2813 1805 2891 {⁰33⁷
1813 2811 2136 2901 ffl'ffifflffiiff?
2137 2810 2487 2902 22233323‘1132231·

269 2918 327 2939 om.
337 2870 486 2945 ιΙῗτΙεΙτξίιγ
505 2870 717 2943 gvsilquidzm
743 2883 778 2941 ἐς
805 2883 864 2946 l’eq.
889 2899 934 2945 δὴ
944 2870 1049 2944 Ῡπῇινὸ
1073 2903 1133 2934 καὶ
1158 2899 1262 2943 αὐτὸ]
1287 2904 1347 2935 καὶ
1413 2906 1520 2945 petem
1545 2902 1592 2935 R¹
1616 2901 1628 2946 ΙΙ
1652 2902 1710 2943 qui
1733 2871 1852 2944 negile]
1876 2901 2075 2943 quicumque
2098 2866 2146 2934 Vl:
2168 2900 2181 2944 ΙΙ
2207 2902 2249 2935 10
2272 2911 2383 2935 omnes
2405 2901 2487 2947 R'ss

270 2963 328 2984 om.
340 2962 359 2985 ς
370 2948 383 2994 ΙΙ
395 2946 527 2989 λαχεῖν]
544 2947 702 2989 suscipiat
715 2949 749 2988 (ί.
761 2961 784 2980 e.
801 2945 937 2990 λαβεῖν)
952 2960 970 2984 ς
988 2947 1000 2990 ΙΙ
1020 2950 1059 2981 10
1073 2943 1263 2991 πρότερον]
1284 2948 1345 2991 leq.
1414 2947 1515 2987 enim]
1532 2947 1619 2980 enim
1635 2947 1698 2979 hoc
1711 2946 1803 2979 R²T
1814 2946 1827 2989 ΙΙ
1849 2946 2051 2986 uooab‘unus]
2076 2946 2269 2997 noeauimus
2279 2945 2407 2981 R¹VT
2426 2958 2487 2982 uo·

269 2995 418 3050 πρῶτον
443 2992 513 3035 (ς)ἳ
549 2994 590 3035 cf.
617 3000 728 3045 tamen.
744 2994 820 3033 413,
837 3000 851 3025 4
882 2992 894 3036 ΙΙ
925 2994 962 3045 31
990 2990 1224 3044 συνελεύσεως
1249 2993 1313 3025 M‘²
1336 2991 1348 3036 ss
1414 3002 1526 3043 camus
1550 2991 1601 3057 13²
1612 2993 1698 3034 vuly.
1714 2991 1727 3042 fl
1757 2993 1794 3025 11
1820 2994 1880 3023 aut
1902 2990 1939 3025 in
1961 2991 2148 3042 dampnans
2170 2991 2230 3033 ΒΙΙ
2259 2992 2301 3025 12
2324 3002 2487 3035 proeesse-

267 3039 436 3119 {333²}ss
445 3038 658 3125 &5222‘3532
672 3050 699 3123 ἕ
711 3034 1170 3124 ὲῗέἱσᾶἴῖεὲωῗῖβέἴιῖἴὶ
1183 3037 1347 3115 Ᾱῖἑῖὲῑὲ
1413 3036 1920 3124 ἲῗιξῇιίζῇοῗᾷζὲἓξᾶᾟ
1940 3035 2267 3125 ῗιοῖῗῗῖἓξιζῃοῖἶ
2283 3039 2334 3115 ῗῖ
2350 3037 2490 3126 ἵῗὶιῗιέ

269 3131 317 3164 L!
330 3128 342 3175 ΙΙ
356 3131 397 3164 12
406 3141 453 3172 sq.
468 3128 529 3171 leq.
540 3124 766 3160 οὔτε-οὕτε
777 3146 816 3150 -
827 3124 933 3159 οὗτοὶ)
945 3126 956 3170 ΙΙ
970 3137 1097 3171 φυσική
1114 3126 1161 3158 L¹
1210 3127 1250 3160 13
1265 3123 1349 3159 οὐδὲ
1414 3128 1445 3167 a]
1470 3128 1559 3159 certa
1572 3126 1640 3159 ΒΤ
1659 3129 1749 3158 certa
1763 3136 1783 3157 a
1802 3125 1923 3169 Vvulq.
1940 3125 1953 3170 fl
1975 3127 2015 3159 16
2030 3125 2069 3158 de
2082 3124 2216 3168 talibus]
2232 3126 2400 3160 datalibus
2411 3127 2445 3162 T
2451 3127 2460 3147 ¹
2474 3126 2488 3174 fl

269 3170 568 3220 ἇποτραφήσεται
587 3171 686 3216 παρὰ
704 3172 781 3205 τῶν
797 3173 947 3217 γονέων]
971 3181 1031 3203 nec
1048 3171 1206 3203 alimonia
1227 3171 1274 3204 eis
1291 3182 1348 3214 pa-
1412 3171 1481 3203 sint
1501 3171 1585 3211 ΒΤ]
1610 3172 1688 3202 sunt
1709 3170 1832 3213 Vvulq.
1857 3169 1870 3213 ΙΙ
1895 3172 1933 3204 17
1959 3170 2136 3213 recipimus
2159 3172 2244 3215 vulq.
2268 3170 2281 3215 ΙΙ
2309 3173 2349 3207 18
2392 3171 2488 3206 honi·

269 3224 378 3254 rentes
402 3218 466 3252 vel
490 3218 649 3251 fratres
672 3216 792 3250 debent
815 3217 879 3250 Iul.
909 3216 950 3248 οὐ
974 3214 1255 3260 κληρονομοῦσιν
1279 3215 1347 3250 τὸν
1414 3216 1612 3258 ean-phorum
1635 3215 1667 3248 V
1683 3214 1958 3258 phenioathorum
1977 3216 2008 3248 R
2055 3215 2302 3250 henim-torum
2319 3217 2351 3251 T
2399 3217 2487 3251 enim

269 3267 409 3310 πατέρα
430 3259 514 3297 οὐδὲ
537 3265 730 3308 τρέφονται
754 3257 844 3308 παρ’
864 3257 975 3295 αὐτοῦ
993 3262 1066 3294 Atk.
1092 3262 1147 3304 (cf.
1166 3262 1346 3295 Heimbaclu
1414 3273 1473 3294 om.
1491 3260 1524 3293 R
1542 3261 1554 3302 ΙΙ
1576 3259 1810 3292 siriarchorum
1835 3259 1904 3293 ΒΤ
1930 3226 2145 3293 εἰτὶαίιξοτιιηι
2166 3261 2222 3305 Vfl
2244 3263 2288 3296 20
2313 3263 2346 3295 et
2367 3262 2486 3304 neque]

265 3325 301 3355 p.
316 3312 355 3345 X
360 3309 494 3351 CVII);
520 3310 558 3341 ut
574 3318 635 3341 nee
650 3307 784 3340 alantur
802 3318 821 3339 a
841 3310 935 3350 patre
951 3306 1102 3339 Autltent.
1124 3307 1202 3339 Cod.
1216 3308 1247 3348 5,
1262 3315 1289 3348 5,
1304 3314 1319 3339 6
1335 3305 1348 3350 ΙΙ
1414 3307 1447 3338 et
1467 3317 1525 3338 om.
1547 3305 1580 3338 V
1593 3305 1605 3345 ΙΙ
1628 3306 1667 3338 21
1695 3304 1922 3338 munificentia
1943 3305 1990 3339 V¹
2009 3304 2022 3348 ΙΙ
2046 3307 2088 3340 22
2113 3306 2212 3338 etiam
2235 3307 2282 3350 V]
2306 3308 2340 3340 et
2363 3307 2403 3348 T,
2426 3319 2485 3341 orn.

273 3359 312 3391 16
328 3352 510 3401 γρηγόραν
524 3353 555 3386 L
571 3355 582 3394 ΙΙ
602 3349 776 3394 διατάξει]
805 3353 882 3386 Cod.
896 3354 927 3392 5,
941 3359 987 3392 27,
1000 3359 1013 3385 1
1031 3351 1043 3393 ΙΙ
1072 3352 1112 3384 18
1126 3346 1296 3393 ἀχρησίας
1310 3351 1353 3383 Μ
1415 3350 1446 3383 R
1459 3351 1514 3383 vul
1537 3374 1543 3381 .
1563 3349 1575 3389 ΙΙ
1592 3350 1633 3382 23
1658 3350 1726 3382 sint
1740 3351 1839 3394 vul9.]
1863 3353 1942 3383 sunt
1958 3351 1987 3383 R
1997 3349 2086 3392 VTIl
2102 3352 2145 3385 24
2162 3350 2250 3384 nulli
2264 3351 2368 3395 Beck]
2392 3349 2487 3386 nulls

268 3404 412 3444 χουσίας
437 3399 484 3433 L¹
501 3398 514 3442 ΙΙ
538 3399 580 3432 25
605 3395 767 3442 ἡμετέρω
791 3398 838 3431 L·
855 3399 866 3439 ΙΙ
891 3397 985 3429 ἔστω
1007 3395 1086 3439 [1⁰11
1112 3397 1153 3429 26
1177 3396 1251 3437 τῆς]
1276 3397 1348 3428 τοῖς
1416 3395 1493 3428 libri
1505 3394 1511 3437 Ι
1537 3395 1579 3428 25
1593 3398 1672 3427 sunt
1694 3395 1833 3438 νυοί-9.]
1858 3395 2030 3439 aintRTn
2048 3397 2090 3430 26
2103 3395 2252 3438 legitima
2267 3396 2343 3430 iura
2357 3395 2406 3430 eis
2423 3395 2487 3438 ΤΙ

271 3434 336 3479 Mss
366 3445 378 3489 ΙΙ
407 3447 448 3479 27
480 3441 634 3477 δύναται
659 3444 709 3476 L⁰
739 3444 750 3485 11
779 3444 820 3477 28
853 3439 1109 3487 προσηκόντως
1136 3443 1346 3483 τετίμηνται
1415 3441 1455 3474 27
1481 3443 1710 3482 permanentes
1734 3458 1776 3464 —
1801 3441 1844 3474 29
1868 3440 2036 3473 naturales
2060 3442 2165 3474 om.R
2193 3440 2206 3485 ΙΙ
2233 3441 2474 3476 humanitatem

271 3489 371 3531 ML²J
405 3487 641 3534 προσηκόντω
666 3487 768 3521 &evea
796 3489 966 3531 μένοντος
998 3481 1196 3526 ἀξιοῦσθαι
1221 3483 1345 3530 φιλαν-
1415 3488 1447 3518 et
1478 3485 1642 3526 quomodo
1673 3485 1736 3528 ipsi
1768 3488 1995 3528 competentur
2024 3485 2264 3519 humanitatem
2293 3487 2370 3520 add.
2400 3485 2450 3522 V¹

273 3535 441 3583 θρωπίας
464 3536 649 3579 τετίμηται
673 3535 720 3567 L¹
738 3533 750 3579 ΙΙ
774 3534 815 3568 31
836 3532 882 3566 τὰ
905 3535 1029 3566 τοίνυν
1051 3529 1290 3575 παραστάντα
1315 3531 1345 3564 L
1415 3531 1456 3565 28
1470 3531 1570 3582 etjam
1584 3544 1640 3563 om.
1660 3531 1690 3564 V
1705 3531 1717 3572 ΙΙ
1733 3534 1961 3574 competentur
1979 3530 2027 3564 V¹
2044 3530 2056 3576 ΙΙ
2074 3532 2118 3566 29
2132 3531 2191 3575 leq.
2205 3531 2374 3565 naturales
2384 3531 2469 3576 (esse

1414 3575 1508 3617 digm
1531 3576 1634 3608 sunt?
1661 3574 1674 3620 ΙΙ
1705 3577 1944 3618 communione]
1970 3586 2053 3618 quae
2078 3586 2249 3610 commune
2270 3576 2319 3609 V¹
2347 3577 2360 3619 ΙΙ
2386 3578 2425 3611 31
2452 3576 2487 3608 ot

1415 3634 1472 3653 om.
1486 3620 1582 3662 RVH
1602 3621 1644 3655 32
1661 3621 1807 3654 omnium
1820 3621 1854 3654 R
1869 3621 1881 3665 ΙΙ
1900 3621 2061 3654 med-lam
2081 3621 2132 3655 T¹
2148 3620 2161 3665 ss
2178 3622 2220 3656 33
2239 3620 2404 3656 declama
2423 3617 2486 3666 Vfl

1415 3667 1458 3700 34
1483 3666 1749 3709 programatibus
1772 3667 1849 3701 libri
1862 3666 1875 3711 ΙΙ
1893 3666 2008 3709 positis
2027 3667 2061 3700 V
