<?xml version="1.0" encoding="UTF-8"?>
<!DOCTYPE html PUBLIC "-//W3C//DTD XHTML 1.0 Transitional//EN"
    "http://www.w3.org/TR/xhtml1/DTD/xhtml1-transitional.dtd">
<html xmlns="http://www.w3.org/1999/xhtml" xml:lang="en" lang="en">
 <head>
  <title>
</title>
<meta http-equiv="Content-Type" content="text/html;charset=utf-8" />
  <meta name='ocr-system' content='tesseract 3.04.00' />
  <meta name='ocr-capabilities' content='ocr_page ocr_carea ocr_par ocr_line ocrx_word'/>
</head>
<body>
  <div class='ocr_page' id='page_1' title='image "./corpusjuriscivil00krueuoft/corpusjuriscivil00krueuoft_0256.png"; bbox 0 0 2592 3840; ppageno 0'>
   <div class='ocr_carea' id='block_1_1' title="bbox 268 74 584 119">
    <p class='ocr_par' dir='ltr' id='par_1_1' title="bbox 268 74 584 119">
     <span class='ocr_line' id='line_1_1' title="bbox 268 74 584 119; baseline 0.006 -2"><span class='ocrx_word' id='word_1_1' title='bbox 268 74 375 119; x_wconf 86' lang='lat' dir='ltr'><strong>Nov.</strong></span> <span class='ocrx_word' id='word_1_2' title='bbox 405 76 529 119; x_wconf 91' lang='lat' dir='ltr'><strong>XXX</strong></span> <span class='ocrx_word' id='word_1_3' title='bbox 561 81 584 119; x_wconf 86' lang='lat'><strong>7</strong></span> 
     </span>
    </p>
   </div>
   <div class='ocr_carea' id='block_1_2' title="bbox 268 185 1343 368">
    <p class='ocr_par' dir='ltr' id='par_1_2' title="bbox 268 185 1343 368">
     <span class='ocr_line' id='line_1_2' title="bbox 268 185 1343 235; baseline 0.003 -13"><span class='ocrx_word' id='word_1_4' title='bbox 268 189 289 222; x_wconf 94' lang='lat'><strong>1</strong></span> <span class='ocrx_word' id='word_1_5' title='bbox 335 185 616 222; x_wconf 70' lang='grc' dir='ltr'><strong><em>πολλαπλάσιον.</em></strong></span> <span class='ocrx_word' id='word_1_6' title='bbox 676 186 779 223; x_wconf 83' lang='grc' dir='ltr'><strong><em>Ἀλλὰ</em></strong></span> <span class='ocrx_word' id='word_1_7' title='bbox 809 190 869 221; x_wconf 86' lang='grc' dir='ltr'><strong>καὶ</strong></span> <span class='ocrx_word' id='word_1_8' title='bbox 898 186 966 230; x_wconf 84' lang='grc' dir='ltr'><strong>τὴν</strong></span> <span class='ocrx_word' id='word_1_9' title='bbox 996 185 1104 222; x_wconf 84' lang='grc' dir='ltr'><strong><em>πόλιν</em></strong></span> <span class='ocrx_word' id='word_1_10' title='bbox 1135 186 1343 235; x_wconf 75' lang='grc' dir='ltr'><em>διαφυλάξει</em></span> 
     </span>
     <span class='ocr_line' id='line_1_3' title="bbox 269 230 1342 280; baseline 0.004 -14"><span class='ocrx_word' id='word_1_11' title='bbox 269 236 452 266; x_wconf 78' lang='grc' dir='ltr'><strong><em>παντοίως</em></strong></span> <span class='ocrx_word' id='word_1_12' title='bbox 475 230 663 278; x_wconf 82' lang='grc' dir='ltr'><strong><em>ἀτάραχον,</em></strong></span> <span class='ocrx_word' id='word_1_13' title='bbox 696 236 755 266; x_wconf 85' lang='grc' dir='ltr'><strong>καὶ</strong></span> <span class='ocrx_word' id='word_1_14' title='bbox 779 231 905 266; x_wconf 83' lang='grc' dir='ltr'><strong><em>στάσιν</em></strong></span> <span class='ocrx_word' id='word_1_15' title='bbox 929 230 969 266; x_wconf 74' lang='grc' dir='ltr'><strong>οὗ</strong></span> <span class='ocrx_word' id='word_1_16' title='bbox 994 233 1216 279; x_wconf 77' lang='grc' dir='ltr'><strong><em>συγχωρήσει</em></strong></span> <span class='ocrx_word' id='word_1_17' title='bbox 1238 233 1342 280; x_wconf 81' lang='grc' dir='ltr'><strong><em>λυμή-</em></strong></span> 
     </span>
     <span class='ocr_line' id='line_1_4' title="bbox 269 275 1343 327; baseline 0.005 -17"><span class='ocrx_word' id='word_1_18' title='bbox 269 277 411 311; x_wconf 87' lang='grc' dir='ltr'><strong><em>νασθαι</em></strong></span> <span class='ocrx_word' id='word_1_19' title='bbox 439 278 492 320; x_wconf 80' lang='grc' dir='ltr'><strong>τῷ</strong></span> <span class='ocrx_word' id='word_1_20' title='bbox 524 275 768 321; x_wconf 77' lang='grc' dir='ltr'><strong><em>πολιτεύματι.</em></strong></span> <span class='ocrx_word' id='word_1_21' title='bbox 814 276 896 311; x_wconf 81' lang='grc' dir='ltr'><strong><em>τούς</em></strong></span> <span class='ocrx_word' id='word_1_22' title='bbox 928 275 1116 321; x_wconf 76' lang='grc' dir='ltr'><strong><em>δημοσίους</em></strong></span> <span class='ocrx_word' id='word_1_23' title='bbox 1143 291 1184 312; x_wconf 85' lang='grc' dir='ltr'><strong>τε</strong></span> <span class='ocrx_word' id='word_1_24' title='bbox 1215 277 1343 327; x_wconf 72' lang='grc' dir='ltr'><strong><em>φόρους</em></strong></span> 
     </span>
     <span class='ocr_line' id='line_1_5' title="bbox 268 319 1342 368; baseline 0.003 -12"><span class='ocrx_word' id='word_1_25' title='bbox 268 319 457 368; x_wconf 81' lang='grc' dir='ltr'><strong><em>άγρύπνως</em></strong></span> <span class='ocrx_word' id='word_1_26' title='bbox 480 326 539 355; x_wconf 85' lang='grc' dir='ltr'><strong>καὶ</strong></span> <span class='ocrx_word' id='word_1_27' title='bbox 562 322 651 364; x_wconf 79' lang='grc' dir='ltr'><strong><em>μετὰ</em></strong></span> <span class='ocrx_word' id='word_1_28' title='bbox 673 320 896 364; x_wconf 79' lang='grc' dir='ltr'><strong><em>δικαιοσύνης</em></strong></span> <span class='ocrx_word' id='word_1_29' title='bbox 918 322 1104 368; x_wconf 81' lang='grc' dir='ltr'><strong><em>εἱςπράξει,</em></strong></span> <span class='ocrx_word' id='word_1_30' title='bbox 1137 321 1242 359; x_wconf 74' lang='grc' dir='ltr'><strong><em>οὐδὲν</em></strong></span> <span class='ocrx_word' id='word_1_31' title='bbox 1264 326 1342 359; x_wconf 88' lang='grc' dir='ltr'><strong>τῶν</strong></span> 
     </span>
    </p>
   </div>
   <div class='ocr_carea' id='block_1_3' title="bbox 269 364 1397 414">
    <p class='ocr_par' dir='ltr' id='par_1_3' title="bbox 269 364 1397 414">
     <span class='ocr_line' id='line_1_6' title="bbox 269 364 1397 414; baseline 0.005 -14"><span class='ocrx_word' id='word_1_32' title='bbox 269 364 352 400; x_wconf 77' lang='grc' dir='ltr'><strong><em>κατ’</em></strong></span> <span class='ocrx_word' id='word_1_33' title='bbox 381 369 533 401; x_wconf 81' lang='grc' dir='ltr'><strong><em>ἐκείνους</em></strong></span> <span class='ocrx_word' id='word_1_34' title='bbox 556 364 699 411; x_wconf 81' lang='grc' dir='ltr'><strong><em>ἀμελῶν</em></strong></span> <span class='ocrx_word' id='word_1_35' title='bbox 730 364 812 399; x_wconf 82' lang='grc' dir='ltr'><strong><em>οὐδὲ</em></strong></span> <span class='ocrx_word' id='word_1_36' title='bbox 834 369 1030 413; x_wconf 78' lang='grc' dir='ltr'><strong><em>συγχωρῶν</em></strong></span> <span class='ocrx_word' id='word_1_37' title='bbox 1057 366 1079 410; x_wconf 87' lang='grc' dir='ltr'><em>ἢ</em></span> <span class='ocrx_word' id='word_1_38' title='bbox 1102 366 1145 403; x_wconf 83' lang='grc' dir='ltr'><strong>τὸ</strong></span> <span class='ocrx_word' id='word_1_39' title='bbox 1169 367 1343 414; x_wconf 87' lang='grc' dir='ltr'><strong><em>δημόσιον</em></strong></span> <span class='ocrx_word' id='word_1_40' title='bbox 1378 374 1397 406; x_wconf 89' lang='grc'>5</span> 
     </span>
    </p>
   </div>
   <div class='ocr_carea' id='block_1_4' title="bbox 933 411 941 420">
    <p class='ocr_par' dir='ltr' id='par_1_4' title="bbox 933 411 941 420">
     <span class='ocr_line' id='line_1_7' title="bbox 933 411 941 420; baseline 0 0"><span class='ocrx_word' id='word_1_41' title='bbox 933 411 941 420; x_wconf 59' lang='lat' dir='ltr'>x</span> 
     </span>
    </p>
   </div>
   <div class='ocr_carea' id='block_1_5' title="bbox 267 409 1341 559">
    <p class='ocr_par' dir='ltr' id='par_1_5' title="bbox 267 409 1341 559">
     <span class='ocr_line' id='line_1_8' title="bbox 267 409 1340 458; baseline 0.004 -13"><span class='ocrx_word' id='word_1_42' title='bbox 267 409 291 454; x_wconf 86' lang='grc' dir='ltr'><em>ἢ</em></span> <span class='ocrx_word' id='word_1_43' title='bbox 312 411 393 445; x_wconf 81' lang='grc' dir='ltr'><strong><em>τοὺς</em></strong></span> <span class='ocrx_word' id='word_1_44' title='bbox 423 410 569 446; x_wconf 78' lang='grc' dir='ltr'><em>ἰδιώτας</em></span> <span class='ocrx_word' id='word_1_45' title='bbox 600 411 689 445; x_wconf 86' lang='grc' dir='ltr'><strong><em>κατά</em></strong></span> <span class='ocrx_word' id='word_1_46' title='bbox 720 425 756 445; x_wconf 88' lang='grc' dir='ltr'><strong>τι</strong></span> <span class='ocrx_word' id='word_1_47' title='bbox 788 414 871 458; x_wconf 82' lang='grc' dir='ltr'><strong><em>περὶ</em></strong></span> <span class='ocrx_word' id='word_1_48' title='bbox 900 425 947 445; x_wconf 88' lang='grc' dir='ltr'><strong>τα</strong></span> <span class='ocrx_word' id='word_1_49' title='bbox 974 413 1087 446; x_wconf 84' lang='grc' dir='ltr'><strong><em>οἰκεῖα</em></strong></span> <span class='ocrx_word' id='word_1_50' title='bbox 1110 414 1340 458; x_wconf 72' lang='grc' dir='ltr'><strong><em>ζημιοῦσθαι,</em></strong></span> 
     </span>
     <span class='ocr_line' id='line_1_9' title="bbox 269 454 1340 505; baseline 0.005 -16"><span class='ocrx_word' id='word_1_51' title='bbox 269 456 327 490; x_wconf 84' lang='grc' dir='ltr'><strong>οἷα</strong></span> <span class='ocrx_word' id='word_1_52' title='bbox 354 458 422 498; x_wconf 86' lang='grc' dir='ltr'><strong>τὴν</strong></span> <span class='ocrx_word' id='word_1_53' title='bbox 445 455 537 490; x_wconf 81' lang='grc' dir='ltr'><strong><em>κατὰ</em></strong></span> <span class='ocrx_word' id='word_1_54' title='bbox 565 454 716 491; x_wconf 88' lang='grc' dir='ltr'><strong><em>πάντων</em></strong></span> <span class='ocrx_word' id='word_1_55' title='bbox 744 456 912 496; x_wconf 80' lang='grc' dir='ltr'><strong><em>ἐξουσίαν</em></strong></span> <span class='ocrx_word' id='word_1_56' title='bbox 934 459 1039 499; x_wconf 80' lang='grc' dir='ltr'><strong><em>ἔχων,</em></strong></span> <span class='ocrx_word' id='word_1_57' title='bbox 1071 458 1142 492; x_wconf 80' lang='grc' dir='ltr'><strong><em>εἴτε</em></strong></span> <span class='ocrx_word' id='word_1_58' title='bbox 1165 461 1340 505; x_wconf 87' lang='grc' dir='ltr'><strong><em>στρατιῶ-</em></strong></span> 
     </span>
     <span class='ocr_line' id='line_1_10' title="bbox 267 499 1341 559; baseline 0.005 -25"><span class='ocrx_word' id='word_1_59' title='bbox 267 515 329 535; x_wconf 88' lang='grc' dir='ltr'><strong>ται</strong></span> <span class='ocrx_word' id='word_1_60' title='bbox 360 502 431 535; x_wconf 80' lang='grc' dir='ltr'><strong><em>εἴτε</em></strong></span> <span class='ocrx_word' id='word_1_61' title='bbox 462 501 674 547; x_wconf 88' lang='grc' dir='ltr'><strong><em>σκρινιάοιοι</em></strong></span> <span class='ocrx_word' id='word_1_62' title='bbox 708 502 787 535; x_wconf 89' lang='grc' dir='ltr'><strong>τῶν</strong></span> <span class='ocrx_word' id='word_1_63' title='bbox 817 514 858 535; x_wconf 89' lang='grc' dir='ltr'><strong>τε</strong></span> <span class='ocrx_word' id='word_1_64' title='bbox 889 499 1137 542; x_wconf 77' lang='grc' dir='ltr'><strong><em>ἐνδοξοτάτων</em></strong></span> <span class='ocrx_word' id='word_1_65' title='bbox 1174 502 1341 559; x_wconf 73' lang='grc' dir='ltr'><strong><em>ἐπάρχων</em></strong></span> 
     </span>
    </p>
   </div>
   <div class='ocr_carea' id='block_1_6' title="bbox 266 531 1342 600">
    <p class='ocr_par' dir='ltr' id='par_1_6' title="bbox 266 531 1342 600">
     <span class='ocr_line' id='line_1_11' title="bbox 266 531 1342 600; baseline 0.005 -21"><span class='ocrx_word' id='word_1_66' title='bbox 266 547 345 579; x_wconf 88' lang='grc' dir='ltr'><strong>τῶν</strong></span> <span class='ocrx_word' id='word_1_67' title='bbox 368 559 408 580; x_wconf 91' lang='grc' dir='ltr'><strong>τε</strong></span> <span class='ocrx_word' id='word_1_68' title='bbox 430 531 695 593; x_wconf 75' lang='grc' dir='ltr'><strong><em>ἀνδρειοτάτων</em></strong></span> <span class='ocrx_word' id='word_1_69' title='bbox 718 545 790 579; x_wconf 86' lang='grc' dir='ltr'><strong><em>εἷεν</em></strong></span> <span class='ocrx_word' id='word_1_70' title='bbox 808 548 1038 600; x_wconf 67' lang='grc' dir='ltr'><strong><em>στρατηγῶν,</em></strong></span> <span class='ocrx_word' id='word_1_71' title='bbox 1063 548 1133 583; x_wconf 79' lang='grc' dir='ltr'><strong><em>εἴτε</em></strong></span> <span class='ocrx_word' id='word_1_72' title='bbox 1153 547 1342 593; x_wconf 89' lang='grc' dir='ltr'><strong><em>πολιτικην</em></strong></span> 
     </span>
    </p>
   </div>
   <div class='ocr_carea' id='block_1_7' title="bbox 1327 76 1411 124">
    <p class='ocr_par' dir='ltr' id='par_1_7' title="bbox 1327 76 1411 124">
     <span class='ocr_line' id='line_1_12' title="bbox 1327 76 1411 124; baseline 0 0"><span class='ocrx_word' id='word_1_73' title='bbox 1327 76 1411 124; x_wconf 80' lang='lat'><strong>23⁰</strong></span> 
     </span>
    </p>
   </div>
   <div class='ocr_carea' id='block_1_8' title="bbox 2109 96 2484 131">
    <p class='ocr_par' dir='ltr' id='par_1_8' title="bbox 2109 96 2484 131">
     <span class='ocr_line' id='line_1_13' title="bbox 2109 96 2484 131; baseline 0.011 -4"><span class='ocrx_word' id='word_1_74' title='bbox 2109 97 2169 127; x_wconf 80' lang='lat' dir='ltr'><strong>DE</strong></span> <span class='ocrx_word' id='word_1_75' title='bbox 2196 96 2484 131; x_wconf 70' lang='lat' dir='ltr'><strong>Pnocousmffl:</strong></span> 
     </span>
    </p>
   </div>
   <div class='ocr_carea' id='block_1_9' title="bbox 1409 192 2484 596">
    <p class='ocr_par' dir='ltr' id='par_1_9' title="bbox 1409 192 2484 596">
     <span class='ocr_line' id='line_1_14' title="bbox 1411 192 2484 241; baseline 0.007 -15"><span class='ocrx_word' id='word_1_76' title='bbox 1411 193 1432 227; x_wconf 88' lang='lat'><strong>1</strong></span> <span class='ocrx_word' id='word_1_77' title='bbox 1478 192 1549 227; x_wconf 85' lang='lat' dir='ltr'><strong>Sed</strong></span> <span class='ocrx_word' id='word_1_78' title='bbox 1580 195 1616 227; x_wconf 91' lang='lat' dir='ltr'><strong>et</strong></span> <span class='ocrx_word' id='word_1_79' title='bbox 1647 192 1823 227; x_wconf 85' lang='lat' dir='ltr'><strong>civitatem</strong></span> <span class='ocrx_word' id='word_1_80' title='bbox 1854 194 2010 229; x_wconf 77' lang='lat' dir='ltr'>servabit</span> <span class='ocrx_word' id='word_1_81' title='bbox 2032 193 2107 230; x_wconf 90' lang='lat' dir='ltr'><strong>sine</strong></span> <span class='ocrx_word' id='word_1_82' title='bbox 2134 196 2229 231; x_wconf 92' lang='lat' dir='ltr'><strong>omni</strong></span> <span class='ocrx_word' id='word_1_83' title='bbox 2251 197 2417 241; x_wconf 83' lang='lat' dir='ltr'><strong>tumultu,</strong></span> <span class='ocrx_word' id='word_1_84' title='bbox 2447 201 2484 234; x_wconf 85' lang='lat' dir='ltr'><strong>et</strong></span> 
     </span>
     <span class='ocr_line' id='line_1_15' title="bbox 1412 236 2482 293; baseline 0.007 -22"><span class='ocrx_word' id='word_1_85' title='bbox 1412 236 1576 272; x_wconf 82' lang='lat' dir='ltr'><strong>seditioni</strong></span> <span class='ocrx_word' id='word_1_86' title='bbox 1599 247 1671 273; x_wconf 92' lang='lat' dir='ltr'><strong>non</strong></span> <span class='ocrx_word' id='word_1_87' title='bbox 1694 237 1875 282; x_wconf 89' lang='lat' dir='ltr'><strong>permittet</strong></span> <span class='ocrx_word' id='word_1_88' title='bbox 1897 238 2107 284; x_wconf 86' lang='lat' dir='ltr'><strong>depopulari</strong></span> <span class='ocrx_word' id='word_1_89' title='bbox 2129 241 2395 293; x_wconf 73' lang='lat' dir='ltr'><strong>rempublicam,</strong></span> <span class='ocrx_word' id='word_1_90' title='bbox 2420 243 2482 279; x_wconf 81' lang='lat' dir='ltr'><strong>fis-</strong></span> 
     </span>
     <span class='ocr_line' id='line_1_16' title="bbox 1413 281 2483 331; baseline 0.007 -15"><span class='ocrx_word' id='word_1_91' title='bbox 1413 282 1574 325; x_wconf 87' lang='lat' dir='ltr'><strong>caliaque</strong></span> <span class='ocrx_word' id='word_1_92' title='bbox 1593 281 1730 317; x_wconf 87' lang='lat' dir='ltr'><strong>tributa</strong></span> <span class='ocrx_word' id='word_1_93' title='bbox 1749 282 1934 326; x_wconf 82' lang='lat' dir='ltr'><strong>vigilanter</strong></span> <span class='ocrx_word' id='word_1_94' title='bbox 1952 287 1987 318; x_wconf 89' lang='lat' dir='ltr'><strong>et</strong></span> <span class='ocrx_word' id='word_1_95' title='bbox 2007 294 2088 319; x_wconf 87' lang='lat' dir='ltr'><strong>cum</strong></span> <span class='ocrx_word' id='word_1_96' title='bbox 2106 285 2244 321; x_wconf 76' lang='lat' dir='ltr'><strong>iustitia</strong></span> <span class='ocrx_word' id='word_1_97' title='bbox 2262 285 2391 331; x_wconf 80' lang='lat' dir='ltr'><strong>exiget,</strong></span> <span class='ocrx_word' id='word_1_98' title='bbox 2414 297 2483 324; x_wconf 88' lang='lat' dir='ltr'><strong>nec</strong></span> 
     </span>
     <span class='ocr_line' id='line_1_17' title="bbox 1409 325 2484 375; baseline 0.007 -15"><span class='ocrx_word' id='word_1_99' title='bbox 1409 325 1448 361; x_wconf 91' lang='lat' dir='ltr'><strong>in</strong></span> <span class='ocrx_word' id='word_1_100' title='bbox 1469 326 1539 361; x_wconf 88' lang='lat' dir='ltr'><strong>illis</strong></span> <span class='ocrx_word' id='word_1_101' title='bbox 1559 327 1746 372; x_wconf 80' lang='lat' dir='ltr'>neglegens</span> <span class='ocrx_word' id='word_1_102' title='bbox 1770 337 1883 372; x_wconf 88' lang='lat' dir='ltr'><strong>neque</strong></span> <span class='ocrx_word' id='word_1_103' title='bbox 1904 329 2113 373; x_wconf 88' lang='lat' dir='ltr'><strong>permittens</strong></span> <span class='ocrx_word' id='word_1_104' title='bbox 2132 333 2197 366; x_wconf 89' lang='lat' dir='ltr'><strong>aut</strong></span> <span class='ocrx_word' id='word_1_105' title='bbox 2214 330 2398 375; x_wconf 86' lang='lat' dir='ltr'><strong>publicum</strong></span> <span class='ocrx_word' id='word_1_106' title='bbox 2419 337 2484 368; x_wconf 70' lang='lat' dir='ltr'><strong>aut</strong></span> 
     </span>
     <span class='ocr_line' id='line_1_18' title="bbox 1410 371 2483 422; baseline 0.007 -17"><span class='ocrx_word' id='word_1_107' title='bbox 1410 371 1567 415; x_wconf 84' lang='lat' dir='ltr'><strong>privatos</strong></span> <span class='ocrx_word' id='word_1_108' title='bbox 1590 372 1628 407; x_wconf 93' lang='lat' dir='ltr'><strong>in</strong></span> <span class='ocrx_word' id='word_1_109' title='bbox 1651 372 1770 416; x_wconf 90' lang='lat' dir='ltr'><strong>aliquo</strong></span> <span class='ocrx_word' id='word_1_110' title='bbox 1796 373 1893 407; x_wconf 90' lang='lat' dir='ltr'><strong>circa</strong></span> <span class='ocrx_word' id='word_1_111' title='bbox 1915 374 2062 418; x_wconf 87' lang='lat' dir='ltr'><strong>propria</strong></span> <span class='ocrx_word' id='word_1_112' title='bbox 2083 374 2195 417; x_wconf 87' lang='lat' dir='ltr'><strong>laedi,</strong></span> <span class='ocrx_word' id='word_1_113' title='bbox 2226 379 2351 420; x_wconf 79' lang='lat' dir='ltr'><strong>utpote</strong></span> <span class='ocrx_word' id='word_1_114' title='bbox 2375 387 2483 422; x_wconf 85' lang='lat' dir='ltr'><strong>super</strong></span> 
     </span>
     <span class='ocr_line' id='line_1_19' title="bbox 1411 417 2483 461; baseline 0.007 -11"><span class='ocrx_word' id='word_1_115' title='bbox 1411 426 1532 451; x_wconf 90' lang='lat' dir='ltr'><strong>omnes</strong></span> <span class='ocrx_word' id='word_1_116' title='bbox 1556 420 1769 461; x_wconf 88' lang='lat' dir='ltr'><strong>potestatem</strong></span> <span class='ocrx_word' id='word_1_117' title='bbox 1788 417 1935 460; x_wconf 87' lang='lat' dir='ltr'><strong>habens,</strong></span> <span class='ocrx_word' id='word_1_118' title='bbox 1961 419 2034 454; x_wconf 85' lang='lat' dir='ltr'><strong>sive</strong></span> <span class='ocrx_word' id='word_1_119' title='bbox 2056 419 2185 455; x_wconf 81' lang='lat' dir='ltr'><strong>milites</strong></span> <span class='ocrx_word' id='word_1_120' title='bbox 2210 420 2283 455; x_wconf 86' lang='lat' dir='ltr'><strong>sive</strong></span> <span class='ocrx_word' id='word_1_121' title='bbox 2307 421 2483 457; x_wconf 83' lang='lat' dir='ltr'><strong>scriniarii</strong></span> 
     </span>
     <span class='ocr_line' id='line_1_20' title="bbox 1409 461 2484 507; baseline 0.007 -12"><span class='ocrx_word' id='word_1_122' title='bbox 1409 461 1743 505; x_wconf 82' lang='lat' dir='ltr'><strong>gloriosissimorum</strong></span> <span class='ocrx_word' id='word_1_123' title='bbox 1759 462 2024 507; x_wconf 83' lang='lat' dir='ltr'><strong>praefectorum</strong></span> <span class='ocrx_word' id='word_1_124' title='bbox 2040 466 2105 499; x_wconf 90' lang='lat' dir='ltr'><strong>aut</strong></span> <span class='ocrx_word' id='word_1_125' title='bbox 2121 463 2395 501; x_wconf 85' lang='lat' dir='ltr'><strong>fortissimorum</strong></span> <span class='ocrx_word' id='word_1_126' title='bbox 2410 467 2484 502; x_wconf 87' lang='lat' dir='ltr'><strong>sint</strong></span> 
     </span>
     <span class='ocr_line' id='line_1_21' title="bbox 1410 506 2484 550; baseline 0.006 -10"><span class='ocrx_word' id='word_1_127' title='bbox 1410 506 1659 550; x_wconf 84' lang='lat' dir='ltr'><strong>magistrorum</strong></span> <span class='ocrx_word' id='word_1_128' title='bbox 1683 506 1852 550; x_wconf 90' lang='lat' dir='ltr'><strong>militum,</strong></span> <span class='ocrx_word' id='word_1_129' title='bbox 1884 508 1956 543; x_wconf 89' lang='lat' dir='ltr'><strong>sive</strong></span> <span class='ocrx_word' id='word_1_130' title='bbox 1980 508 2115 544; x_wconf 88' lang='lat' dir='ltr'><strong>civilem</strong></span> <span class='ocrx_word' id='word_1_131' title='bbox 2144 509 2303 544; x_wconf 77' lang='lat' dir='ltr'><strong>habeant</strong></span> <span class='ocrx_word' id='word_1_132' title='bbox 2324 510 2484 546; x_wconf 82' lang='lat' dir='ltr'><strong>ordinem</strong></span> 
     </span>
     <span class='ocr_line' id='line_1_22' title="bbox 1412 550 2483 596; baseline 0.007 -11"><span class='ocrx_word' id='word_1_133' title='bbox 1412 550 1486 586; x_wconf 88' lang='lat' dir='ltr'><strong>sive</strong></span> <span class='ocrx_word' id='word_1_134' title='bbox 1508 551 1638 586; x_wconf 88' lang='lat' dir='ltr'><strong>aerarii</strong></span> <span class='ocrx_word' id='word_1_135' title='bbox 1662 552 1851 596; x_wconf 84' lang='lat' dir='ltr'><strong>cingulum,</strong></span> <span class='ocrx_word' id='word_1_136' title='bbox 1880 553 1952 588; x_wconf 87' lang='lat' dir='ltr'><strong>sive</strong></span> <span class='ocrx_word' id='word_1_137' title='bbox 1974 553 2167 589; x_wconf 83' lang='lat' dir='ltr'><strong>maioribus</strong></span> <span class='ocrx_word' id='word_1_138' title='bbox 2191 555 2264 590; x_wconf 84' lang='lat' dir='ltr'><strong>sive</strong></span> <span class='ocrx_word' id='word_1_139' title='bbox 2286 555 2483 592; x_wconf 86' lang='lat' dir='ltr'><strong>minoribus</strong></span> 
     </span>
    </p>
   </div>
   <div class='ocr_carea' id='block_1_10' title="bbox 267 590 2483 640">
    <p class='ocr_par' dir='ltr' id='par_1_10' title="bbox 267 590 2483 640">
     <span class='ocr_line' id='line_1_23' title="bbox 267 590 2483 640; baseline 0.005 -16"><span class='ocrx_word' id='word_1_140' title='bbox 267 593 382 632; x_wconf 80' lang='grc' dir='ltr'><strong><em>ἔχοιεν</em></strong></span> <span class='ocrx_word' id='word_1_141' title='bbox 412 590 516 631; x_wconf 82' lang='grc' dir='ltr'><strong><em>τάξιν</em></strong></span> <span class='ocrx_word' id='word_1_142' title='bbox 547 591 617 624; x_wconf 83' lang='grc' dir='ltr'><strong><em>εἴτε</em></strong></span> <span class='ocrx_word' id='word_1_143' title='bbox 646 603 845 634; x_wconf 82' lang='grc' dir='ltr'><strong><em>ταμειακην</em></strong></span> <span class='ocrx_word' id='word_1_144' title='bbox 878 593 1009 635; x_wconf 86' lang='grc' dir='ltr'><strong><em>ζωνην,</em></strong></span> <span class='ocrx_word' id='word_1_145' title='bbox 1042 593 1113 627; x_wconf 84' lang='grc' dir='ltr'><strong><em>εἴτε</em></strong></span> <span class='ocrx_word' id='word_1_146' title='bbox 1143 595 1203 629; x_wconf 78' lang='grc' dir='ltr'><strong><em>ἐπὶ</em></strong></span> <span class='ocrx_word' id='word_1_147' title='bbox 1224 593 1340 638; x_wconf 81' lang='grc' dir='ltr'><strong><em>μειζό-</em></strong></span> <span class='ocrx_word' id='word_1_148' title='bbox 1357 597 1397 629; x_wconf 83' lang='grc'><strong>10</strong></span> <span class='ocrx_word' id='word_1_149' title='bbox 1411 595 1640 640; x_wconf 75' lang='lat' dir='ltr'><strong>dignitatibus</strong></span> <span class='ocrx_word' id='word_1_150' title='bbox 1673 600 1771 640; x_wconf 86' lang='lat' dir='ltr'><strong>sunt,</strong></span> <span class='ocrx_word' id='word_1_151' title='bbox 1807 597 1881 632; x_wconf 88' lang='lat' dir='ltr'><strong>sive</strong></span> <span class='ocrx_word' id='word_1_152' title='bbox 1910 597 2005 633; x_wconf 83' lang='lat' dir='ltr'><strong>inter</strong></span> <span class='ocrx_word' id='word_1_153' title='bbox 2037 599 2240 635; x_wconf 79' lang='lat' dir='ltr'><strong>sacerdotes</strong></span> <span class='ocrx_word' id='word_1_154' title='bbox 2270 599 2483 636; x_wconf 76' lang='lat' dir='ltr'><strong>ministrent.</strong></span> 
     </span>
    </p>
   </div>
   <div class='ocr_carea' id='block_1_11' title="bbox 266 633 1342 826">
    <p class='ocr_par' dir='ltr' id='par_1_11' title="bbox 266 633 1342 826">
     <span class='ocr_line' id='line_1_24' title="bbox 267 633 1341 680; baseline 0.004 -11"><span class='ocrx_word' id='word_1_155' title='bbox 267 649 345 669; x_wconf 85' lang='grc' dir='ltr'><strong>νων</strong></span> <span class='ocrx_word' id='word_1_156' title='bbox 371 636 440 670; x_wconf 81' lang='grc' dir='ltr'><strong><em>εἴτε</em></strong></span> <span class='ocrx_word' id='word_1_157' title='bbox 472 634 533 670; x_wconf 78' lang='grc' dir='ltr'><strong><em>ἐπ’</em></strong></span> <span class='ocrx_word' id='word_1_158' title='bbox 560 633 765 669; x_wconf 78' lang='grc' dir='ltr'><strong><em>ἐλαττόνων</em></strong></span> <span class='ocrx_word' id='word_1_159' title='bbox 787 633 1010 680; x_wconf 64' lang='grc' dir='ltr'><strong><em>ἀξιωμάτων</em></strong></span> <span class='ocrx_word' id='word_1_160' title='bbox 1041 637 1113 672; x_wconf 81' lang='grc' dir='ltr'><strong><em>εἶεν</em></strong></span> <span class='ocrx_word' id='word_1_161' title='bbox 1136 639 1207 673; x_wconf 83' lang='grc' dir='ltr'><strong><em>εἴτε</em></strong></span> <span class='ocrx_word' id='word_1_162' title='bbox 1230 641 1271 673; x_wconf 85' lang='grc' dir='ltr'><strong>ἐν</strong></span> <span class='ocrx_word' id='word_1_163' title='bbox 1295 639 1341 673; x_wconf 81' lang='grc' dir='ltr'><strong><em>ἱε-</em></strong></span> 
     </span>
     <span class='ocr_line' id='line_1_25' title="bbox 268 677 1342 737; baseline 0.005 -24"><span class='ocrx_word' id='word_1_164' title='bbox 268 682 365 725; x_wconf 78' lang='grc' dir='ltr'><strong><em>ρεῦσι</em></strong></span> <span class='ocrx_word' id='word_1_165' title='bbox 396 680 539 714; x_wconf 84' lang='grc' dir='ltr'><strong><em>τελοῖεν.</em></strong></span> <span class='ocrx_word' id='word_1_166' title='bbox 586 679 633 713; x_wconf 82' lang='grc' dir='ltr'><strong>εἷς</strong></span> <span class='ocrx_word' id='word_1_167' title='bbox 661 680 730 726; x_wconf 76' lang='grc' dir='ltr'><strong>γὰρ</strong></span> <span class='ocrx_word' id='word_1_168' title='bbox 760 679 864 715; x_wconf 74' lang='grc' dir='ltr'><strong><em>οὗτος</em></strong></span> <span class='ocrx_word' id='word_1_169' title='bbox 892 677 1031 716; x_wconf 76' lang='grc' dir='ltr'><strong><em>ἅπασιν</em></strong></span> <span class='ocrx_word' id='word_1_170' title='bbox 1054 682 1176 737; x_wconf 86' lang='grc' dir='ltr'><strong><em>ἅρχων</em></strong></span> <span class='ocrx_word' id='word_1_171' title='bbox 1198 683 1342 727; x_wconf 80' lang='grc' dir='ltr'><strong><em>ἐπιστή-</em></strong></span> 
     </span>
     <span class='ocr_line' id='line_1_26' title="bbox 268 722 1342 775; baseline 0.006 -17"><span class='ocrx_word' id='word_1_172' title='bbox 268 737 370 759; x_wconf 83' lang='grc' dir='ltr'><strong><em>σεται</em></strong></span> <span class='ocrx_word' id='word_1_173' title='bbox 392 727 453 767; x_wconf 82' lang='grc' dir='ltr'><strong>τῆς</strong></span> <span class='ocrx_word' id='word_1_174' title='bbox 474 738 515 759; x_wconf 84' lang='grc' dir='ltr'><strong>τε</strong></span> <span class='ocrx_word' id='word_1_175' title='bbox 537 722 641 758; x_wconf 69' lang='grc' dir='ltr'><strong><em>αὐτὸς</em></strong></span> <span class='ocrx_word' id='word_1_176' title='bbox 665 722 775 759; x_wconf 76' lang='grc' dir='ltr'><strong><em>αὑτοῦ</em></strong></span> <span class='ocrx_word' id='word_1_177' title='bbox 798 723 905 769; x_wconf 77' lang='grc' dir='ltr'><strong><em>δόξης</em></strong></span> <span class='ocrx_word' id='word_1_178' title='bbox 923 727 1002 760; x_wconf 84' lang='grc' dir='ltr'><strong>τῶν</strong></span> <span class='ocrx_word' id='word_1_179' title='bbox 1019 741 1059 762; x_wconf 87' lang='grc' dir='ltr'><strong>τε</strong></span> <span class='ocrx_word' id='word_1_180' title='bbox 1079 731 1262 775; x_wconf 82' lang='grc' dir='ltr'><strong><em>ημετέρων</em></strong></span> <span class='ocrx_word' id='word_1_181' title='bbox 1284 730 1342 763; x_wconf 85' lang='grc' dir='ltr'><strong>νό-</strong></span> 
     </span>
     <span class='ocr_line' id='line_1_27' title="bbox 266 767 1342 826; baseline 0.006 -24"><span class='ocrx_word' id='word_1_182' title='bbox 266 783 348 813; x_wconf 82' lang='grc' dir='ltr'><strong>μων</strong></span> <span class='ocrx_word' id='word_1_183' title='bbox 378 772 440 804; x_wconf 84' lang='grc' dir='ltr'><strong>τοῦ</strong></span> <span class='ocrx_word' id='word_1_184' title='bbox 471 783 511 804; x_wconf 81' lang='grc' dir='ltr'><strong>τε</strong></span> <span class='ocrx_word' id='word_1_185' title='bbox 533 770 623 803; x_wconf 79' lang='grc' dir='ltr'><strong><em>θεοῦ</em></strong></span> <span class='ocrx_word' id='word_1_186' title='bbox 655 770 726 816; x_wconf 86' lang='grc' dir='ltr'><strong>πρὸ</strong></span> <span class='ocrx_word' id='word_1_187' title='bbox 750 767 904 805; x_wconf 87' lang='grc' dir='ltr'><strong><em>πάντων</em></strong></span> <span class='ocrx_word' id='word_1_188' title='bbox 920 776 1165 826; x_wconf 56' lang='grc' dir='ltr'><strong><em>μεμνημένος·</em></strong></span> <span class='ocrx_word' id='word_1_189' title='bbox 1199 771 1238 808; x_wconf 76' lang='grc' dir='ltr'><strong><em>ὃς</em></strong></span> <span class='ocrx_word' id='word_1_190' title='bbox 1260 773 1342 808; x_wconf 76' lang='grc' dir='ltr'><strong><em>τοὺς</em></strong></span> 
     </span>
    </p>
   </div>
   <div class='ocr_carea' id='block_1_12' title="bbox 1408 640 2484 824">
    <p class='ocr_par' dir='ltr' id='par_1_12' title="bbox 1408 640 2484 824">
     <span class='ocr_line' id='line_1_28' title="bbox 1409 640 2484 688; baseline 0.007 -14"><span class='ocrx_word' id='word_1_191' title='bbox 1409 640 1513 676; x_wconf 89' lang='lat' dir='ltr'><strong>Unus</strong></span> <span class='ocrx_word' id='word_1_192' title='bbox 1535 641 1628 675; x_wconf 92' lang='lat' dir='ltr'><strong>enim</strong></span> <span class='ocrx_word' id='word_1_193' title='bbox 1651 641 1720 676; x_wconf 85' lang='lat' dir='ltr'><strong>iste</strong></span> <span class='ocrx_word' id='word_1_194' title='bbox 1740 642 1904 677; x_wconf 90' lang='lat' dir='ltr'><strong>omnibus</strong></span> <span class='ocrx_word' id='word_1_195' title='bbox 1928 643 2037 678; x_wconf 85' lang='lat' dir='ltr'><strong>iudex</strong></span> <span class='ocrx_word' id='word_1_196' title='bbox 2052 644 2286 688; x_wconf 86' lang='lat' dir='ltr'><strong>praeponitur</strong></span> <span class='ocrx_word' id='word_1_197' title='bbox 2302 648 2377 680; x_wconf 88' lang='lat' dir='ltr'><strong>tam</strong></span> <span class='ocrx_word' id='word_1_198' title='bbox 2396 655 2484 681; x_wconf 83' lang='lat' dir='ltr'><strong>suae</strong></span> 
     </span>
     <span class='ocr_line' id='line_1_29' title="bbox 1409 685 2484 734; baseline 0.007 -15"><span class='ocrx_word' id='word_1_199' title='bbox 1409 685 1542 729; x_wconf 86' lang='lat' dir='ltr'><strong>gloriae</strong></span> <span class='ocrx_word' id='word_1_200' title='bbox 1565 696 1671 730; x_wconf 87' lang='lat' dir='ltr'><strong>quam</strong></span> <span class='ocrx_word' id='word_1_201' title='bbox 1693 688 1897 722; x_wconf 88' lang='lat' dir='ltr'><strong>nostrarum</strong></span> <span class='ocrx_word' id='word_1_202' title='bbox 1920 687 2036 732; x_wconf 85' lang='lat' dir='ltr'><strong>legum</strong></span> <span class='ocrx_word' id='word_1_203' title='bbox 2058 689 2114 724; x_wconf 86' lang='lat' dir='ltr'><strong>vel</strong></span> <span class='ocrx_word' id='word_1_204' title='bbox 2137 689 2195 724; x_wconf 87' lang='lat' dir='ltr'><strong>dei</strong></span> <span class='ocrx_word' id='word_1_205' title='bbox 2210 699 2299 734; x_wconf 89' lang='lat' dir='ltr'><strong>prae</strong></span> <span class='ocrx_word' id='word_1_206' title='bbox 2318 690 2484 726; x_wconf 88' lang='lat' dir='ltr'><strong>omnibus</strong></span> 
     </span>
     <span class='ocr_line' id='line_1_30' title="bbox 1408 730 2483 780; baseline 0.007 -16"><span class='ocrx_word' id='word_1_207' title='bbox 1408 740 1552 765; x_wconf 86' lang='lat' dir='ltr'><strong>memor.</strong></span> <span class='ocrx_word' id='word_1_208' title='bbox 1600 730 1669 765; x_wconf 88' lang='lat' dir='ltr'><strong>Hic</strong></span> <span class='ocrx_word' id='word_1_209' title='bbox 1691 731 1813 776; x_wconf 86' lang='lat' dir='ltr'><strong>itaque</strong></span> <span class='ocrx_word' id='word_1_210' title='bbox 1861 731 2000 768; x_wconf 87' lang='lat' dir='ltr'><strong>ublicas</strong></span> <span class='ocrx_word' id='word_1_211' title='bbox 2022 733 2224 769; x_wconf 82' lang='lat' dir='ltr'><strong>functiones</strong></span> <span class='ocrx_word' id='word_1_212' title='bbox 2273 744 2313 770; x_wconf 89' lang='lat' dir='ltr'><strong>er</strong></span> <span class='ocrx_word' id='word_1_213' title='bbox 2330 745 2483 780; x_wconf 85' lang='lat' dir='ltr'><strong>procon-</strong></span> 
     </span>
     <span class='ocr_line' id='line_1_31' title="bbox 1410 774 2484 824; baseline 0.007 -15"><span class='ocrx_word' id='word_1_214' title='bbox 1410 774 1528 810; x_wconf 88' lang='lat' dir='ltr'><strong>sulare</strong></span> <span class='ocrx_word' id='word_1_215' title='bbox 1559 774 1715 810; x_wconf 88' lang='lat' dir='ltr'><strong>officium</strong></span> <span class='ocrx_word' id='word_1_216' title='bbox 1738 776 1821 811; x_wconf 89' lang='lat' dir='ltr'><strong>inde</strong></span> <span class='ocrx_word' id='word_1_217' title='bbox 1849 777 1983 812; x_wconf 87' lang='lat' dir='ltr'><strong>cienter</strong></span> <span class='ocrx_word' id='word_1_218' title='bbox 2011 777 2144 814; x_wconf 87' lang='lat' dir='ltr'><strong>inferre</strong></span> <span class='ocrx_word' id='word_1_219' title='bbox 2164 789 2252 814; x_wconf 90' lang='lat' dir='ltr'><strong>cura</strong></span> <span class='ocrx_word' id='word_1_220' title='bbox 2276 779 2322 824; x_wconf 91' lang='lat' dir='ltr'><strong>it,</strong></span> <span class='ocrx_word' id='word_1_221' title='bbox 2353 779 2484 816; x_wconf 84' lang='lat' dir='ltr'><strong>aerarii</strong></span> 
     </span>
    </p>
   </div>
   <div class='ocr_carea' id='block_1_13' title="bbox 266 813 2483 869">
    <p class='ocr_par' dir='ltr' id='par_1_13' title="bbox 266 813 2483 869">
     <span class='ocr_line' id='line_1_32' title="bbox 266 813 2483 869; baseline 0.006 -22"><span class='ocrx_word' id='word_1_222' title='bbox 266 817 333 858; x_wconf 78' lang='grc' dir='ltr'><strong>μὲν</strong></span> <span class='ocrx_word' id='word_1_223' title='bbox 363 813 550 858; x_wconf 75' lang='grc' dir='ltr'><strong><em>δημοσίους</em></strong></span> <span class='ocrx_word' id='word_1_224' title='bbox 581 813 710 861; x_wconf 80' lang='grc' dir='ltr'><strong><em>φόρους</em></strong></span> <span class='ocrx_word' id='word_1_225' title='bbox 739 813 798 848; x_wconf 83' lang='grc' dir='ltr'><strong><em>διὰ</em></strong></span> <span class='ocrx_word' id='word_1_226' title='bbox 826 817 888 859; x_wconf 76' lang='grc' dir='ltr'><strong><em>τῆς</em></strong></span> <span class='ocrx_word' id='word_1_227' title='bbox 911 817 1186 861; x_wconf 73' lang='grc' dir='ltr'><strong><em>ανθυπατιανῆς</em></strong></span> <span class='ocrx_word' id='word_1_228' title='bbox 1207 816 1342 859; x_wconf 75' lang='grc' dir='ltr'><strong><em>τάξεως</em></strong></span> <span class='ocrx_word' id='word_1_229' title='bbox 1357 822 1395 854; x_wconf 82' lang='grc'><strong>15</strong></span> <span class='ocrx_word' id='word_1_230' title='bbox 1408 829 1491 855; x_wconf 89' lang='lat' dir='ltr'><strong>vero</strong></span> <span class='ocrx_word' id='word_1_231' title='bbox 1513 824 1681 864; x_wconf 82' lang='lat' dir='ltr'><strong>quaestus</strong></span> <span class='ocrx_word' id='word_1_232' title='bbox 1705 830 1769 865; x_wconf 89' lang='lat' dir='ltr'><strong>per</strong></span> <span class='ocrx_word' id='word_1_233' title='bbox 1786 820 1966 856; x_wconf 87' lang='lat' dir='ltr'><strong>subiectas</strong></span> <span class='ocrx_word' id='word_1_234' title='bbox 1990 822 2122 858; x_wconf 87' lang='lat' dir='ltr'><strong>dudum</strong></span> <span class='ocrx_word' id='word_1_235' title='bbox 2143 823 2196 858; x_wconf 88' lang='lat' dir='ltr'><strong>illi</strong></span> <span class='ocrx_word' id='word_1_236' title='bbox 2215 824 2292 859; x_wconf 85' lang='lat' dir='ltr'><strong>sedi</strong></span> <span class='ocrx_word' id='word_1_237' title='bbox 2308 834 2483 869; x_wconf 86' lang='lat' dir='ltr'><strong>personas</strong></span> 
     </span>
    </p>
   </div>
   <div class='ocr_carea' id='block_1_14' title="bbox 263 858 1340 1046">
    <p class='ocr_par' dir='ltr' id='par_1_14' title="bbox 263 858 1340 1046">
     <span class='ocr_line' id='line_1_33' title="bbox 265 858 1339 908; baseline 0.006 -16"><span class='ocrx_word' id='word_1_238' title='bbox 265 858 464 894; x_wconf 77' lang='grc' dir='ltr'><strong><em>ἀνελλιπῶς</em></strong></span> <span class='ocrx_word' id='word_1_239' title='bbox 496 860 759 902; x_wconf 82' lang='grc' dir='ltr'><strong><em>εἰςκομίζεσθαι</em></strong></span> <span class='ocrx_word' id='word_1_240' title='bbox 794 864 973 906; x_wconf 81' lang='grc' dir='ltr'><strong><em>φροντιεῖ,</em></strong></span> <span class='ocrx_word' id='word_1_241' title='bbox 1008 863 1090 897; x_wconf 82' lang='grc' dir='ltr'><strong><em>τοὺς</em></strong></span> <span class='ocrx_word' id='word_1_242' title='bbox 1126 861 1166 896; x_wconf 74' lang='grc' dir='ltr'><strong>δὲ</strong></span> <span class='ocrx_word' id='word_1_243' title='bbox 1194 876 1339 908; x_wconf 77' lang='grc' dir='ltr'><strong><em>ταμεια·</em></strong></span> 
     </span>
     <span class='ocr_line' id='line_1_34' title="bbox 266 903 1339 955; baseline 0.006 -18"><span class='ocrx_word' id='word_1_244' title='bbox 266 903 344 938; x_wconf 75' lang='grc' dir='ltr'><strong><em>κους</em></strong></span> <span class='ocrx_word' id='word_1_245' title='bbox 367 904 497 950; x_wconf 79' lang='grc' dir='ltr'><strong><em>πόρους</em></strong></span> <span class='ocrx_word' id='word_1_246' title='bbox 520 903 581 938; x_wconf 87' lang='grc' dir='ltr'><strong>διὰ</strong></span> <span class='ocrx_word' id='word_1_247' title='bbox 603 906 682 939; x_wconf 85' lang='grc' dir='ltr'><strong>τῶν</strong></span> <span class='ocrx_word' id='word_1_248' title='bbox 703 903 950 950; x_wconf 77' lang='grc' dir='ltr'><strong><em>ὑποκειμένων</em></strong></span> <span class='ocrx_word' id='word_1_249' title='bbox 975 909 1101 951; x_wconf 82' lang='grc' dir='ltr'><strong><em>ἐκείνῳ</em></strong></span> <span class='ocrx_word' id='word_1_250' title='bbox 1126 906 1256 955; x_wconf 82' lang='grc' dir='ltr'><strong><em>πρώην</em></strong></span> <span class='ocrx_word' id='word_1_251' title='bbox 1286 910 1339 952; x_wconf 78' lang='grc' dir='ltr'><strong>τῷ</strong></span> 
     </span>
     <span class='ocr_line' id='line_1_35' title="bbox 264 948 1340 1000; baseline 0.006 -18"><span class='ocrx_word' id='word_1_252' title='bbox 264 948 392 994; x_wconf 79' lang='grc' dir='ltr'><strong><em>θρόνῳ</em></strong></span> <span class='ocrx_word' id='word_1_253' title='bbox 423 948 628 995; x_wconf 79' lang='grc' dir='ltr'><strong><em>προςώπων</em></strong></span> <span class='ocrx_word' id='word_1_254' title='bbox 657 951 812 992; x_wconf 82' lang='grc' dir='ltr'><strong><em>εἰςοίσει,</em></strong></span> <span class='ocrx_word' id='word_1_255' title='bbox 844 954 903 984; x_wconf 83' lang='grc' dir='ltr'><strong>καὶ</strong></span> <span class='ocrx_word' id='word_1_256' title='bbox 931 954 1005 986; x_wconf 90' lang='grc' dir='ltr'><strong><em>τοῖς</em></strong></span> <span class='ocrx_word' id='word_1_257' title='bbox 1035 952 1075 993; x_wconf 83' lang='grc' dir='ltr'><strong>ἐξ</strong></span> <span class='ocrx_word' id='word_1_258' title='bbox 1106 953 1214 987; x_wconf 79' lang='grc' dir='ltr'><strong><em>ἔθους</em></strong></span> <span class='ocrx_word' id='word_1_259' title='bbox 1238 965 1340 1000; x_wconf 82' lang='grc' dir='ltr'><strong><em>προς-</em></strong></span> 
     </span>
     <span class='ocr_line' id='line_1_36' title="bbox 263 994 1339 1046; baseline 0.007 -20"><span class='ocrx_word' id='word_1_260' title='bbox 263 997 492 1046; x_wconf 53' lang='grc' dir='ltr'><strong><em>ταττομεξνοις</em></strong></span> <span class='ocrx_word' id='word_1_261' title='bbox 512 995 612 1041; x_wconf 83' lang='grc' dir='ltr'><strong><em>παρὰ</em></strong></span> <span class='ocrx_word' id='word_1_262' title='bbox 627 996 707 1029; x_wconf 85' lang='grc' dir='ltr'><strong>τῶν</strong></span> <span class='ocrx_word' id='word_1_263' title='bbox 723 994 974 1036; x_wconf 79' lang='grc' dir='ltr'><strong><em>ἐνδοξοτάτων</em></strong></span> <span class='ocrx_word' id='word_1_264' title='bbox 988 1002 1245 1044; x_wconf 84' lang='grc' dir='ltr'><strong><em>πραιποσίτων</em></strong></span> <span class='ocrx_word' id='word_1_265' title='bbox 1261 1000 1339 1033; x_wconf 81' lang='grc' dir='ltr'><strong>τῶν</strong></span> 
     </span>
    </p>
   </div>
   <div class='ocr_carea' id='block_1_15' title="bbox 1407 863 2483 1052">
    <p class='ocr_par' dir='ltr' id='par_1_15' title="bbox 1407 863 2483 1052">
     <span class='ocr_line' id='line_1_37' title="bbox 1408 863 2481 910; baseline 0.007 -12"><span class='ocrx_word' id='word_1_266' title='bbox 1408 863 1544 907; x_wconf 85' lang='lat' dir='ltr'><strong>offeret,</strong></span> <span class='ocrx_word' id='word_1_267' title='bbox 1575 870 1612 900; x_wconf 88' lang='lat' dir='ltr'><strong>et</strong></span> <span class='ocrx_word' id='word_1_268' title='bbox 1635 865 1685 900; x_wconf 91' lang='lat' dir='ltr'><strong>eis</strong></span> <span class='ocrx_word' id='word_1_269' title='bbox 1709 865 1771 910; x_wconf 88' lang='lat' dir='ltr'><strong>qui</strong></span> <span class='ocrx_word' id='word_1_270' title='bbox 1794 876 1839 901; x_wconf 85' lang='lat' dir='ltr'><strong>ex</strong></span> <span class='ocrx_word' id='word_1_271' title='bbox 1862 867 2120 903; x_wconf 87' lang='lat' dir='ltr'><strong>consuetudine</strong></span> <span class='ocrx_word' id='word_1_272' title='bbox 2149 868 2340 904; x_wconf 85' lang='lat' dir='ltr'><strong>mittuntur</strong></span> <span class='ocrx_word' id='word_1_273' title='bbox 2361 879 2385 904; x_wconf 82' lang='lat' dir='ltr'><strong>a</strong></span> <span class='ocrx_word' id='word_1_274' title='bbox 2443 880 2481 905; x_wconf 84' lang='lat' dir='ltr'><strong>o-</strong></span> 
     </span>
     <span class='ocr_line' id='line_1_38' title="bbox 1407 909 2483 955; baseline 0.007 -12"><span class='ocrx_word' id='word_1_275' title='bbox 1407 909 1614 944; x_wconf 87' lang='lat' dir='ltr'><strong>riosissimis</strong></span> <span class='ocrx_word' id='word_1_276' title='bbox 1633 910 1848 955; x_wconf 88' lang='lat' dir='ltr'><strong>praepositis</strong></span> <span class='ocrx_word' id='word_1_277' title='bbox 1869 921 2053 947; x_wconf 86' lang='lat' dir='ltr'><strong>sacrorum</strong></span> <span class='ocrx_word' id='word_1_278' title='bbox 2073 915 2277 948; x_wconf 86' lang='lat' dir='ltr'><strong>nostrorum</strong></span> <span class='ocrx_word' id='word_1_279' title='bbox 2294 913 2394 949; x_wconf 87' lang='lat' dir='ltr'><strong>inten</strong></span> <span class='ocrx_word' id='word_1_280' title='bbox 2418 923 2483 950; x_wconf 86' lang='lat' dir='ltr'><strong>ens</strong></span> 
     </span>
     <span class='ocr_line' id='line_1_39' title="bbox 1408 954 2483 1002; baseline 0.007 -14"><span class='ocrx_word' id='word_1_281' title='bbox 1408 954 1673 999; x_wconf 86' lang='lat' dir='ltr'><strong>cubiculorum;</strong></span> <span class='ocrx_word' id='word_1_282' title='bbox 1715 966 1789 990; x_wconf 91' lang='lat' dir='ltr'><strong>non</strong></span> <span class='ocrx_word' id='word_1_283' title='bbox 1822 956 2023 993; x_wconf 88' lang='lat' dir='ltr'><strong>valentibus</strong></span> <span class='ocrx_word' id='word_1_284' title='bbox 2062 967 2126 1002; x_wconf 90' lang='lat' dir='ltr'><strong>per</strong></span> <span class='ocrx_word' id='word_1_285' title='bbox 2158 960 2300 1002; x_wconf 86' lang='lat' dir='ltr'><strong>tempus</strong></span> <span class='ocrx_word' id='word_1_286' title='bbox 2337 959 2483 995; x_wconf 82' lang='lat' dir='ltr'><strong>directis</strong></span> 
     </span>
     <span class='ocr_line' id='line_1_40' title="bbox 1408 999 2481 1052; baseline 0.007 -19"><span class='ocrx_word' id='word_1_287' title='bbox 1408 999 1644 1035; x_wconf 86' lang='lat' dir='ltr'><strong>canonicariis</strong></span> <span class='ocrx_word' id='word_1_288' title='bbox 1670 999 1734 1052; x_wconf 47' lang='lat' dir='ltr'><strong>&lt;a&gt;·</strong></span> <span class='ocrx_word' id='word_1_289' title='bbox 1749 1000 2004 1044; x_wconf 85' lang='lat' dir='ltr'><strong>gloriosissimo</strong></span> <span class='ocrx_word' id='word_1_290' title='bbox 2028 1002 2233 1047; x_wconf 85' lang='lat' dir='ltr'><strong>praeposito</strong></span> <span class='ocrx_word' id='word_1_291' title='bbox 2257 1013 2371 1048; x_wconf 88' lang='lat' dir='ltr'><strong>usque</strong></span> <span class='ocrx_word' id='word_1_292' title='bbox 2393 1004 2481 1040; x_wconf 90' lang='lat' dir='ltr'><strong>obo-</strong></span> 
     </span>
    </p>
   </div>
   <div class='ocr_carea' id='block_1_16' title="bbox 263 1040 2482 1092">
    <p class='ocr_par' dir='ltr' id='par_1_16' title="bbox 263 1040 2482 1092">
     <span class='ocr_line' id='line_1_41' title="bbox 263 1040 2482 1092; baseline 0.005 -20"><span class='ocrx_word' id='word_1_293' title='bbox 263 1040 381 1072; x_wconf 87' lang='grc' dir='ltr'><strong><em>θείων</em></strong></span> <span class='ocrx_word' id='word_1_294' title='bbox 404 1040 508 1092; x_wconf 76' lang='grc' dir='ltr'><strong><em>ημῶν</em></strong></span> <span class='ocrx_word' id='word_1_295' title='bbox 526 1043 708 1085; x_wconf 81' lang='grc' dir='ltr'><strong><em>προςέχων</em></strong></span> <span class='ocrx_word' id='word_1_296' title='bbox 727 1040 933 1075; x_wconf 83' lang='grc' dir='ltr'><strong><em>κοιτώνων·</em></strong></span> <span class='ocrx_word' id='word_1_297' title='bbox 956 1042 1006 1086; x_wconf 86' lang='grc' dir='ltr'><strong>μὴ</strong></span> <span class='ocrx_word' id='word_1_298' title='bbox 1026 1040 1241 1087; x_wconf 82' lang='grc' dir='ltr'><strong><em>δυναμένων</em></strong></span> <span class='ocrx_word' id='word_1_299' title='bbox 1260 1044 1338 1078; x_wconf 83' lang='grc' dir='ltr'><strong>τῶν</strong></span> <span class='ocrx_word' id='word_1_300' title='bbox 1352 1045 1394 1077; x_wconf 88' lang='grc'><strong>20</strong></span> <span class='ocrx_word' id='word_1_301' title='bbox 1407 1043 1480 1078; x_wconf 92' lang='lat' dir='ltr'><strong>lum</strong></span> <span class='ocrx_word' id='word_1_302' title='bbox 1511 1055 1621 1079; x_wconf 88' lang='lat' dir='ltr'><strong>unum</strong></span> <span class='ocrx_word' id='word_1_303' title='bbox 1658 1055 1822 1090; x_wconf 75' lang='lat' dir='ltr'><strong>accipere</strong></span> <span class='ocrx_word' id='word_1_304' title='bbox 1855 1046 1991 1091; x_wconf 82' lang='lat' dir='ltr'><strong>aliquid</strong></span> <span class='ocrx_word' id='word_1_305' title='bbox 2023 1049 2088 1082; x_wconf 80' lang='lat' dir='ltr'><strong>aut</strong></span> <span class='ocrx_word' id='word_1_306' title='bbox 2115 1047 2259 1083; x_wconf 83' lang='lat' dir='ltr'><strong>nomine</strong></span> <span class='ocrx_word' id='word_1_307' title='bbox 2289 1053 2482 1084; x_wconf 82' lang='lat' dir='ltr'><strong>consuetu—</strong></span> 
     </span>
    </p>
   </div>
   <div class='ocr_carea' id='block_1_17' title="bbox 260 1084 1338 1280">
    <p class='ocr_par' dir='ltr' id='par_1_17' title="bbox 260 1084 1338 1280">
     <span class='ocr_line' id='line_1_42' title="bbox 263 1084 1338 1136; baseline 0.007 -20"><span class='ocrx_word' id='word_1_308' title='bbox 263 1084 354 1117; x_wconf 76' lang='grc' dir='ltr'><strong><em>κατὰ</em></strong></span> <span class='ocrx_word' id='word_1_309' title='bbox 382 1097 506 1130; x_wconf 89' lang='grc' dir='ltr'><strong><em>καιρον</em></strong></span> <span class='ocrx_word' id='word_1_310' title='bbox 532 1087 818 1129; x_wconf 76' lang='grc' dir='ltr'><strong><em>ἐκπεμπομένων</em></strong></span> <span class='ocrx_word' id='word_1_311' title='bbox 849 1091 1114 1133; x_wconf 84' lang='grc' dir='ltr'><strong><em>κανονικαρίων</em></strong></span> <span class='ocrx_word' id='word_1_312' title='bbox 1144 1086 1244 1136; x_wconf 77' lang='grc' dir='ltr'><strong><em>παρὰ</em></strong></span> <span class='ocrx_word' id='word_1_313' title='bbox 1274 1090 1338 1123; x_wconf 77' lang='grc' dir='ltr'><strong>τοῦ</strong></span> 
     </span>
     <span class='ocr_line' id='line_1_43' title="bbox 262 1126 1337 1178; baseline 0.007 -17"><span class='ocrx_word' id='word_1_314' title='bbox 262 1126 495 1168; x_wconf 81' lang='grc' dir='ltr'><strong><em>ἐνδοξοτάτου</em></strong></span> <span class='ocrx_word' id='word_1_315' title='bbox 520 1134 759 1174; x_wconf 84' lang='grc' dir='ltr'><strong><em>πραιποσίτου</em></strong></span> <span class='ocrx_word' id='word_1_316' title='bbox 781 1134 884 1178; x_wconf 80' lang='grc' dir='ltr'><strong><em>μέχρι</em></strong></span> <span class='ocrx_word' id='word_1_317' title='bbox 907 1129 1036 1176; x_wconf 82' lang='grc' dir='ltr'><strong><em>ὀβολοῦ</em></strong></span> <span class='ocrx_word' id='word_1_318' title='bbox 1067 1134 1156 1178; x_wconf 78' lang='grc' dir='ltr'><strong><em>γοῦν</em></strong></span> <span class='ocrx_word' id='word_1_319' title='bbox 1180 1132 1259 1168; x_wconf 75' lang='grc' dir='ltr'><strong><em>ἑνὸς</em></strong></span> <span class='ocrx_word' id='word_1_320' title='bbox 1281 1147 1337 1168; x_wconf 89' lang='grc' dir='ltr'><strong>κο-</strong></span> 
     </span>
     <span class='ocr_line' id='line_1_44' title="bbox 260 1172 1337 1223; baseline 0.006 -17"><span class='ocrx_word' id='word_1_321' title='bbox 260 1174 437 1218; x_wconf 81' lang='grc' dir='ltr'><strong><em>μίζεσθαί</em></strong></span> <span class='ocrx_word' id='word_1_322' title='bbox 456 1187 493 1208; x_wconf 85' lang='grc' dir='ltr'><strong>τι</strong></span> <span class='ocrx_word' id='word_1_323' title='bbox 517 1172 538 1217; x_wconf 83' lang='grc' dir='ltr'>ἢ</span> <span class='ocrx_word' id='word_1_324' title='bbox 561 1173 713 1219; x_wconf 87' lang='grc' dir='ltr'><strong><em>ὀνόματι</em></strong></span> <span class='ocrx_word' id='word_1_325' title='bbox 737 1177 946 1219; x_wconf 86' lang='grc' dir='ltr'><strong><em>συνηθειῶν</em></strong></span> <span class='ocrx_word' id='word_1_326' title='bbox 970 1175 993 1220; x_wconf 86' lang='grc' dir='ltr'><em>ἢ</em></span> <span class='ocrx_word' id='word_1_327' title='bbox 1017 1177 1139 1223; x_wconf 77' lang='grc' dir='ltr'><strong><em>ἑτέρας</em></strong></span> <span class='ocrx_word' id='word_1_328' title='bbox 1161 1178 1222 1221; x_wconf 83' lang='grc' dir='ltr'><strong>τῆς</strong></span> <span class='ocrx_word' id='word_1_329' title='bbox 1245 1178 1337 1213; x_wconf 72' lang='lat' dir='ltr'><strong>otas·-</strong></span> 
     </span>
     <span class='ocr_line' id='line_1_45' title="bbox 261 1220 1338 1280; baseline 0.006 -28"><span class='ocrx_word' id='word_1_330' title='bbox 261 1220 326 1252; x_wconf 80' lang='grc' dir='ltr'><strong>οῦν</strong></span> <span class='ocrx_word' id='word_1_331' title='bbox 365 1220 479 1253; x_wconf 83' lang='grc' dir='ltr'><strong><em>αἰτίας</em></strong></span> <span class='ocrx_word' id='word_1_332' title='bbox 518 1220 617 1267; x_wconf 85' lang='grc' dir='ltr'><strong><em>παρὰ</em></strong></span> <span class='ocrx_word' id='word_1_333' title='bbox 654 1222 718 1255; x_wconf 83' lang='grc' dir='ltr'><strong>τοῦ</strong></span> <span class='ocrx_word' id='word_1_334' title='bbox 759 1220 851 1255; x_wconf 85' lang='grc' dir='ltr'><strong><em>κατὰ</em></strong></span> <span class='ocrx_word' id='word_1_335' title='bbox 891 1221 1016 1268; x_wconf 83' lang='grc' dir='ltr'><strong><em>καιρὸν</em></strong></span> <span class='ocrx_word' id='word_1_336' title='bbox 1055 1227 1276 1280; x_wconf 56' lang='grc' dir='ltr'><strong><em>σουμμαρίου</em></strong></span> <span class='ocrx_word' id='word_1_337' title='bbox 1316 1221 1338 1267; x_wconf 84' lang='grc' dir='ltr'>ἢ</span> 
     </span>
    </p>
   </div>
   <div class='ocr_carea' id='block_1_18' title="bbox 1406 1088 2483 1273">
    <p class='ocr_par' dir='ltr' id='par_1_18' title="bbox 1406 1088 2483 1273">
     <span class='ocr_line' id='line_1_46' title="bbox 1407 1088 2483 1139; baseline 0.006 -16"><span class='ocrx_word' id='word_1_338' title='bbox 1407 1088 1529 1124; x_wconf 89' lang='lat' dir='ltr'><strong>dinum</strong></span> <span class='ocrx_word' id='word_1_339' title='bbox 1562 1092 1628 1124; x_wconf 91' lang='lat' dir='ltr'><strong>aut</strong></span> <span class='ocrx_word' id='word_1_340' title='bbox 1661 1090 1809 1125; x_wconf 87' lang='lat' dir='ltr'><strong>alterius</strong></span> <span class='ocrx_word' id='word_1_341' title='bbox 1845 1091 2035 1127; x_wconf 85' lang='lat' dir='ltr'><strong>cuiuslibet</strong></span> <span class='ocrx_word' id='word_1_342' title='bbox 2071 1101 2203 1128; x_wconf 87' lang='lat' dir='ltr'><strong>causae</strong></span> <span class='ocrx_word' id='word_1_343' title='bbox 2236 1102 2261 1128; x_wconf 91' lang='lat' dir='ltr'><strong>a</strong></span> <span class='ocrx_word' id='word_1_344' title='bbox 2292 1093 2483 1139; x_wconf 83' lang='lat' dir='ltr'><strong>temporali</strong></span> 
     </span>
     <span class='ocr_line' id='line_1_47' title="bbox 1406 1134 2483 1179; baseline 0.006 -11"><span class='ocrx_word' id='word_1_345' title='bbox 1406 1134 1599 1170; x_wconf 85' lang='lat' dir='ltr'><strong>summario</strong></span> <span class='ocrx_word' id='word_1_346' title='bbox 1633 1138 1699 1169; x_wconf 88' lang='lat' dir='ltr'><strong>aut</strong></span> <span class='ocrx_word' id='word_1_347' title='bbox 1728 1134 1892 1179; x_wconf 86' lang='lat' dir='ltr'><strong>publicas</strong></span> <span class='ocrx_word' id='word_1_348' title='bbox 1930 1136 2134 1173; x_wconf 72' lang='lat' dir='ltr'><strong>exactiones</strong></span> <span class='ocrx_word' id='word_1_349' title='bbox 2166 1137 2384 1174; x_wconf 75' lang='lat' dir='ltr'><strong>facientibus</strong></span> <span class='ocrx_word' id='word_1_350' title='bbox 2417 1142 2483 1174; x_wconf 87' lang='lat' dir='ltr'><strong>aut</strong></span> 
     </span>
     <span class='ocr_line' id='line_1_48' title="bbox 1407 1179 2481 1228; baseline 0.006 -15"><span class='ocrx_word' id='word_1_351' title='bbox 1407 1179 1594 1223; x_wconf 82' lang='lat' dir='ltr'><strong>spectabili</strong></span> <span class='ocrx_word' id='word_1_352' title='bbox 1616 1180 1830 1225; x_wconf 90' lang='lat' dir='ltr'><strong>proconsule</strong></span> <span class='ocrx_word' id='word_1_353' title='bbox 1854 1183 1919 1216; x_wconf 86' lang='lat' dir='ltr'><strong>aut</strong></span> <span class='ocrx_word' id='word_1_354' title='bbox 1937 1181 2057 1218; x_wconf 84' lang='lat' dir='ltr'><strong>officio</strong></span> <span class='ocrx_word' id='word_1_355' title='bbox 2081 1182 2158 1217; x_wconf 87' lang='lat' dir='ltr'><strong>eius</strong></span> <span class='ocrx_word' id='word_1_356' title='bbox 2181 1186 2246 1218; x_wconf 88' lang='lat' dir='ltr'><strong>aut</strong></span> <span class='ocrx_word' id='word_1_357' title='bbox 2262 1182 2319 1219; x_wconf 86' lang='lat' dir='ltr'><strong>his</strong></span> <span class='ocrx_word' id='word_1_358' title='bbox 2339 1183 2401 1228; x_wconf 84' lang='lat' dir='ltr'><strong>qui</strong></span> <span class='ocrx_word' id='word_1_359' title='bbox 2417 1193 2481 1220; x_wconf 83' lang='lat' dir='ltr'><strong>vo-</strong></span> 
     </span>
     <span class='ocr_line' id='line_1_49' title="bbox 1408 1224 2482 1273; baseline 0.006 -15"><span class='ocrx_word' id='word_1_360' title='bbox 1408 1228 1536 1259; x_wconf 90' lang='lat' dir='ltr'><strong>cantur</strong></span> <span class='ocrx_word' id='word_1_361' title='bbox 1557 1224 1792 1261; x_wconf 84' lang='lat' dir='ltr'><strong>instructores</strong></span> <span class='ocrx_word' id='word_1_362' title='bbox 1815 1229 1881 1261; x_wconf 90' lang='lat' dir='ltr'><strong>aut</strong></span> <span class='ocrx_word' id='word_1_363' title='bbox 1898 1226 2112 1272; x_wconf 85' lang='lat' dir='ltr'><strong>praepositis</strong></span> <span class='ocrx_word' id='word_1_364' title='bbox 2134 1230 2200 1263; x_wconf 87' lang='lat' dir='ltr'><strong>aut</strong></span> <span class='ocrx_word' id='word_1_365' title='bbox 2221 1227 2294 1263; x_wconf 80' lang='lat' dir='ltr'><strong>alia</strong></span> <span class='ocrx_word' id='word_1_366' title='bbox 2311 1239 2482 1273; x_wconf 86' lang='lat' dir='ltr'><strong>quacum-</strong></span> 
     </span>
    </p>
   </div>
   <div class='ocr_carea' id='block_1_19' title="bbox 260 1263 2481 1327">
    <p class='ocr_par' dir='ltr' id='par_1_19' title="bbox 260 1263 2481 1327">
     <span class='ocr_line' id='line_1_50' title="bbox 260 1263 2481 1327; baseline 0.006 -30"><span class='ocrx_word' id='word_1_367' title='bbox 260 1265 338 1297; x_wconf 81' lang='grc' dir='ltr'><strong>τῶν</strong></span> <span class='ocrx_word' id='word_1_368' title='bbox 361 1263 423 1298; x_wconf 85' lang='grc' dir='ltr'><strong>τὰς</strong></span> <span class='ocrx_word' id='word_1_369' title='bbox 446 1263 618 1309; x_wconf 86' lang='grc' dir='ltr'><strong><em>δημοσίας</em></strong></span> <span class='ocrx_word' id='word_1_370' title='bbox 640 1264 834 1321; x_wconf 56' lang='grc' dir='ltr'><strong><em>εἰςζιράξεις</em></strong></span> <span class='ocrx_word' id='word_1_371' title='bbox 856 1271 1085 1311; x_wconf 75' lang='grc' dir='ltr'><strong><em>ποιουμένων</em></strong></span> <span class='ocrx_word' id='word_1_372' title='bbox 1107 1282 1129 1311; x_wconf 90' lang='grc' dir='ltr'><strong>η</strong></span> <span class='ocrx_word' id='word_1_373' title='bbox 1152 1282 1336 1322; x_wconf 39' lang='grc' dir='ltr'><strong><em>τουκπερι-</em></strong></span> <span class='ocrx_word' id='word_1_374' title='bbox 1350 1271 1391 1304; x_wconf 85' lang='grc'><strong>25</strong></span> <span class='ocrx_word' id='word_1_375' title='bbox 1407 1279 1476 1313; x_wconf 89' lang='lat' dir='ltr'><strong>que</strong></span> <span class='ocrx_word' id='word_1_376' title='bbox 1497 1279 1652 1313; x_wconf 82' lang='lat' dir='ltr'><strong>persona</strong></span> <span class='ocrx_word' id='word_1_377' title='bbox 1676 1271 1891 1315; x_wconf 76' lang='lat' dir='ltr'><strong>competenti</strong></span> <span class='ocrx_word' id='word_1_378' title='bbox 1922 1281 2047 1308; x_wconf 76' lang='lat' dir='ltr'><strong>sacrae</strong></span> <span class='ocrx_word' id='word_1_379' title='bbox 2076 1275 2222 1308; x_wconf 73' lang='lat' dir='ltr'><strong>nostrae</strong></span> <span class='ocrx_word' id='word_1_380' title='bbox 2245 1273 2481 1327; x_wconf 57' lang='lat' dir='ltr'><strong>substantiae.</strong></span> 
     </span>
    </p>
   </div>
   <div class='ocr_carea' id='block_1_20' title="bbox 452 1308 458 1319">
    <p class='ocr_par' dir='ltr' id='par_1_20' title="bbox 452 1308 458 1319">
     <span class='ocr_line' id='line_1_51' title="bbox 452 1308 458 1319; baseline 0 0"><span class='ocrx_word' id='word_1_381' title='bbox 452 1308 458 1319; x_wconf 72' lang='grc' dir='ltr'><strong><em>ι</em></strong></span> 
     </span>
    </p>
   </div>
   <div class='ocr_carea' id='block_1_21' title="bbox 259 1307 1337 1450">
    <p class='ocr_par' dir='ltr' id='par_1_21' title="bbox 259 1307 1337 1450">
     <span class='ocr_line' id='line_1_52' title="bbox 260 1307 1337 1357; baseline 0.006 -15"><span class='ocrx_word' id='word_1_382' title='bbox 260 1307 417 1352; x_wconf 83' lang='grc' dir='ltr'><strong><em>βλέπτου</em></strong></span> <span class='ocrx_word' id='word_1_383' title='bbox 439 1309 655 1345; x_wconf 84' lang='grc' dir='ltr'><strong><em>ανθυπάτου</em></strong></span> <span class='ocrx_word' id='word_1_384' title='bbox 685 1325 707 1354; x_wconf 90' lang='grc' dir='ltr'><strong>η</strong></span> <span class='ocrx_word' id='word_1_385' title='bbox 736 1313 798 1354; x_wconf 83' lang='grc' dir='ltr'><strong>τῆς</strong></span> <span class='ocrx_word' id='word_1_386' title='bbox 827 1310 961 1352; x_wconf 81' lang='grc' dir='ltr'><strong><em>τάξεως</em></strong></span> <span class='ocrx_word' id='word_1_387' title='bbox 989 1315 1050 1356; x_wconf 84' lang='grc' dir='ltr'><strong>τῆς</strong></span> <span class='ocrx_word' id='word_1_388' title='bbox 1074 1310 1182 1347; x_wconf 79' lang='grc' dir='ltr'><strong><em>αὐτοῦ</em></strong></span> <span class='ocrx_word' id='word_1_389' title='bbox 1213 1327 1236 1357; x_wconf 90' lang='grc' dir='ltr'><strong>η</strong></span> <span class='ocrx_word' id='word_1_390' title='bbox 1258 1326 1337 1348; x_wconf 92' lang='grc' dir='ltr'><strong>των</strong></span> 
     </span>
     <span class='ocr_line' id='line_1_53' title="bbox 260 1353 1336 1405; baseline 0.006 -18"><span class='ocrx_word' id='word_1_391' title='bbox 260 1353 492 1398; x_wconf 79' lang='grc' dir='ltr'><strong><em>καλουμένων</em></strong></span> <span class='ocrx_word' id='word_1_392' title='bbox 514 1357 819 1390; x_wconf 86' lang='grc' dir='ltr'><strong><em>κατασκευαστῶν</em></strong></span> <span class='ocrx_word' id='word_1_393' title='bbox 848 1355 870 1400; x_wconf 84' lang='grc' dir='ltr'><em>ἢ</em></span> <span class='ocrx_word' id='word_1_394' title='bbox 900 1362 1142 1402; x_wconf 88' lang='grc' dir='ltr'><strong><em>πραιποσίτου</em></strong></span> <span class='ocrx_word' id='word_1_395' title='bbox 1170 1355 1192 1402; x_wconf 86' lang='grc' dir='ltr'><em>ἢ</em></span> <span class='ocrx_word' id='word_1_396' title='bbox 1215 1359 1336 1405; x_wconf 74' lang='grc' dir='ltr'><strong><em>ἑτέρου</em></strong></span> 
     </span>
     <span class='ocr_line' id='line_1_54' title="bbox 259 1397 1334 1450; baseline 0.006 -18"><span class='ocrx_word' id='word_1_397' title='bbox 259 1397 471 1442; x_wconf 84' lang='grc' dir='ltr'><strong><em>οἱουδὴποτε</em></strong></span> <span class='ocrx_word' id='word_1_398' title='bbox 494 1402 685 1447; x_wconf 77' lang='grc' dir='ltr'><strong><em>προςώπου</em></strong></span> <span class='ocrx_word' id='word_1_399' title='bbox 710 1399 902 1444; x_wconf 80' lang='grc' dir='ltr'><strong><em>ἀνήκοντος</em></strong></span> <span class='ocrx_word' id='word_1_400' title='bbox 924 1403 969 1449; x_wconf 84' lang='grc' dir='ltr'><strong>τῇ</strong></span> <span class='ocrx_word' id='word_1_401' title='bbox 995 1403 1089 1446; x_wconf 84' lang='grc' dir='ltr'><strong><em>θείῳ</em></strong></span> <span class='ocrx_word' id='word_1_402' title='bbox 1114 1401 1217 1448; x_wconf 85' lang='grc' dir='ltr'><strong><em>ἡμῶν</em></strong></span> <span class='ocrx_word' id='word_1_403' title='bbox 1237 1416 1334 1450; x_wconf 85' lang='grc' dir='ltr'><strong><em>περι-</em></strong></span> 
     </span>
    </p>
   </div>
   <div class='ocr_carea' id='block_1_22' title="bbox 1404 1313 2481 1406">
    <p class='ocr_par' dir='ltr' id='par_1_22' title="bbox 1404 1313 2481 1406">
     <span class='ocr_line' id='line_1_55' title="bbox 1405 1313 2480 1362; baseline 0.006 -14"><span class='ocrx_word' id='word_1_404' title='bbox 1405 1313 1571 1349; x_wconf 85' lang='lat' dir='ltr'><strong>Militaris</strong></span> <span class='ocrx_word' id='word_1_405' title='bbox 1596 1317 1716 1350; x_wconf 87' lang='lat' dir='ltr'><strong>autem</strong></span> <span class='ocrx_word' id='word_1_406' title='bbox 1739 1325 1866 1351; x_wconf 88' lang='lat' dir='ltr'><strong>manus</strong></span> <span class='ocrx_word' id='word_1_407' title='bbox 1890 1316 2031 1362; x_wconf 88' lang='lat' dir='ltr'><strong>utrique</strong></span> <span class='ocrx_word' id='word_1_408' title='bbox 2053 1327 2162 1353; x_wconf 86' lang='lat' dir='ltr'><strong>curae</strong></span> <span class='ocrx_word' id='word_1_409' title='bbox 2181 1317 2310 1354; x_wconf 85' lang='lat' dir='ltr'><strong>horum</strong></span> <span class='ocrx_word' id='word_1_410' title='bbox 2328 1317 2480 1354; x_wconf 70' lang='lat' dir='ltr'><strong>auxilia-</strong></span> 
     </span>
     <span class='ocr_line' id='line_1_56' title="bbox 1404 1359 2481 1406; baseline 0.006 -13"><span class='ocrx_word' id='word_1_411' title='bbox 1404 1359 1513 1402; x_wconf 89' lang='lat' dir='ltr'><strong>bitur,</strong></span> <span class='ocrx_word' id='word_1_412' title='bbox 1533 1360 1797 1405; x_wconf 86' lang='lat' dir='ltr'><strong>removebitque</strong></span> <span class='ocrx_word' id='word_1_413' title='bbox 1816 1362 2021 1406; x_wconf 88' lang='lat' dir='ltr'><strong>potentibus</strong></span> <span class='ocrx_word' id='word_1_414' title='bbox 2041 1362 2329 1400; x_wconf 78' lang='lat' dir='ltr'><strong>obsecundantes</strong></span> <span class='ocrx_word' id='word_1_415' title='bbox 2351 1367 2389 1399; x_wconf 84' lang='lat' dir='ltr'><strong>et</strong></span> <span class='ocrx_word' id='word_1_416' title='bbox 2407 1373 2481 1400; x_wconf 88' lang='lat' dir='ltr'><strong>non</strong></span> 
     </span>
    </p>
   </div>
   <div class='ocr_carea' id='block_1_23' title="bbox 1405 1404 2487 1455">
    <p class='ocr_par' dir='ltr' id='par_1_23' title="bbox 1405 1404 2487 1455">
     <span class='ocr_line' id='line_1_57' title="bbox 1405 1404 2487 1455; baseline 0.006 -16"><span class='ocrx_word' id='word_1_417' title='bbox 1405 1404 1497 1439; x_wconf 87' lang='lat' dir='ltr'><strong>sinet</strong></span> <span class='ocrx_word' id='word_1_418' title='bbox 1526 1405 1675 1449; x_wconf 85' lang='lat' dir='ltr'><strong>praedia</strong></span> <span class='ocrx_word' id='word_1_419' title='bbox 1707 1405 1882 1441; x_wconf 80' lang='lat' dir='ltr'><strong>devastari</strong></span> <span class='ocrx_word' id='word_1_420' title='bbox 1916 1409 1954 1441; x_wconf 89' lang='lat' dir='ltr'><strong>et</strong></span> <span class='ocrx_word' id='word_1_421' title='bbox 1982 1406 2182 1443; x_wconf 80' lang='lat' dir='ltr'><strong>latrociniis</strong></span> <span class='ocrx_word' id='word_1_422' title='bbox 2213 1407 2330 1453; x_wconf 73' lang='lat' dir='ltr'><strong>affici3</strong></span> <span class='ocrx_word' id='word_1_423' title='bbox 2365 1418 2487 1455; x_wconf 84' lang='lat' dir='ltr'><strong>neque·</strong></span> 
     </span>
    </p>
   </div>
   <div class='ocr_carea' id='block_1_24' title="bbox 258 1445 2480 1592">
    <p class='ocr_par' dir='ltr' id='par_1_24' title="bbox 258 1445 2480 1596">
     <span class='ocr_line' id='line_1_58' title="bbox 259 1445 2480 1497; baseline 0.005 -19"><span class='ocrx_word' id='word_1_424' title='bbox 259 1449 373 1487; x_wconf 80' lang='grc' dir='ltr'><strong><em>ουσίᾳ.</em></strong></span> <span class='ocrx_word' id='word_1_425' title='bbox 420 1447 462 1479; x_wconf 89' lang='grc' dir='ltr'><strong>τὸ</strong></span> <span class='ocrx_word' id='word_1_426' title='bbox 487 1446 751 1492; x_wconf 84' lang='grc' dir='ltr'><strong><em>στρατιωτικὸν</em></strong></span> <span class='ocrx_word' id='word_1_427' title='bbox 781 1445 821 1480; x_wconf 81' lang='grc' dir='ltr'><strong>δὲ</strong></span> <span class='ocrx_word' id='word_1_428' title='bbox 845 1447 996 1494; x_wconf 75' lang='grc' dir='ltr'><strong><em>ἑκατέρα</em></strong></span> <span class='ocrx_word' id='word_1_429' title='bbox 1025 1450 1104 1482; x_wconf 87' lang='grc' dir='ltr'><strong>τῶν</strong></span> <span class='ocrx_word' id='word_1_430' title='bbox 1128 1448 1336 1496; x_wconf 82' lang='grc' dir='ltr'><strong><em>φροντίδων</em></strong></span> <span class='ocrx_word' id='word_1_431' title='bbox 1403 1449 1482 1494; x_wconf 88' lang='lat' dir='ltr'><strong>ipse</strong></span> <span class='ocrx_word' id='word_1_432' title='bbox 1506 1450 1707 1485; x_wconf 79' lang='lat' dir='ltr'><strong>circumibit</strong></span> <span class='ocrx_word' id='word_1_433' title='bbox 1731 1461 1784 1494; x_wconf 86' lang='lat' dir='ltr'><strong>ea,</strong></span> <span class='ocrx_word' id='word_1_434' title='bbox 1816 1451 1911 1486; x_wconf 88' lang='lat' dir='ltr'><strong>sicut</strong></span> <span class='ocrx_word' id='word_1_435' title='bbox 1940 1451 2077 1497; x_wconf 83' lang='lat' dir='ltr'><strong>pridem</strong></span> <span class='ocrx_word' id='word_1_436' title='bbox 2108 1452 2290 1488; x_wconf 78' lang='lat' dir='ltr'><strong>faciebant</strong></span> <span class='ocrx_word' id='word_1_437' title='bbox 2321 1455 2480 1490; x_wconf 80' lang='lat' dir='ltr'><strong>comites.</strong></span> 
     </span>
     <span class='ocr_line' id='line_1_59' title="bbox 258 1487 2480 1540; baseline 0.005 -17"><span class='ocrx_word' id='word_1_438' title='bbox 258 1487 401 1523; x_wconf 76' lang='grc' dir='ltr'><strong><em>τούτων</em></strong></span> <span class='ocrx_word' id='word_1_439' title='bbox 424 1491 618 1534; x_wconf 80' lang='grc' dir='ltr'><strong><em>βοηθήσει,</em></strong></span> <span class='ocrx_word' id='word_1_440' title='bbox 651 1491 781 1526; x_wconf 81' lang='grc' dir='ltr'><strong><em>παύσει</em></strong></span> <span class='ocrx_word' id='word_1_441' title='bbox 809 1504 848 1526; x_wconf 82' lang='grc' dir='ltr'><strong>τε</strong></span> <span class='ocrx_word' id='word_1_442' title='bbox 871 1491 954 1526; x_wconf 77' lang='grc' dir='ltr'><strong><em>τοὺς</em></strong></span> <span class='ocrx_word' id='word_1_443' title='bbox 983 1493 1061 1527; x_wconf 86' lang='grc' dir='ltr'><strong>τῶν</strong></span> <span class='ocrx_word' id='word_1_444' title='bbox 1086 1491 1255 1528; x_wconf 84' lang='grc' dir='ltr'><strong><em>δυνατῶν</em></strong></span> <span class='ocrx_word' id='word_1_445' title='bbox 1278 1493 1333 1529; x_wconf 90' lang='grc' dir='ltr'><strong>δο-</strong></span> <span class='ocrx_word' id='word_1_446' title='bbox 1348 1497 1389 1528; x_wconf 89' lang='grc'><strong>30</strong></span> <span class='ocrx_word' id='word_1_447' title='bbox 1405 1494 1474 1529; x_wconf 77' lang='lat' dir='ltr'><strong>Sed</strong></span> <span class='ocrx_word' id='word_1_448' title='bbox 1506 1505 1622 1540; x_wconf 81' lang='lat' dir='ltr'><strong>neque</strong></span> <span class='ocrx_word' id='word_1_449' title='bbox 1652 1496 1722 1531; x_wconf 90' lang='lat' dir='ltr'><strong>loci</strong></span> <span class='ocrx_word' id='word_1_450' title='bbox 1749 1498 1948 1532; x_wconf 78' lang='lat' dir='ltr'><strong>servatores</strong></span> <span class='ocrx_word' id='word_1_451' title='bbox 1979 1496 2189 1540; x_wconf 82' lang='lat' dir='ltr'><strong>destinabit,</strong></span> <span class='ocrx_word' id='word_1_452' title='bbox 2227 1497 2290 1534; x_wconf 80' lang='lat' dir='ltr'><strong>sed</strong></span> <span class='ocrx_word' id='word_1_453' title='bbox 2318 1498 2480 1534; x_wconf 76' lang='lat' dir='ltr'><strong>locorum</strong></span> 
     </span>
     <span class='ocr_line' id='line_1_60' title="bbox 259 1533 2479 1592; baseline 0.005 -24"><span class='ocrx_word' id='word_1_454' title='bbox 259 1533 430 1580; x_wconf 83' lang='grc' dir='ltr'><strong><em>ρυφόρους</em></strong></span> <span class='ocrx_word' id='word_1_455' title='bbox 461 1539 520 1569; x_wconf 84' lang='grc' dir='ltr'><strong>καὶ</strong></span> <span class='ocrx_word' id='word_1_456' title='bbox 551 1534 591 1570; x_wconf 82' lang='grc' dir='ltr'><strong>οὗ</strong></span> <span class='ocrx_word' id='word_1_457' title='bbox 624 1536 855 1592; x_wconf 52' lang='grc' dir='ltr'><strong>συγχωρήσειἱ</strong></span> <span class='ocrx_word' id='word_1_458' title='bbox 875 1536 921 1572; x_wconf 82' lang='grc' dir='ltr'><strong>τὰ</strong></span> <span class='ocrx_word' id='word_1_459' title='bbox 953 1551 1007 1580; x_wconf 87' lang='grc' dir='ltr'><strong>χω</strong></span> <span class='ocrx_word' id='word_1_460' title='bbox 1032 1542 1070 1572; x_wconf 84' lang='grc' dir='ltr'><strong>ία</strong></span> <span class='ocrx_word' id='word_1_461' title='bbox 1103 1539 1334 1585; x_wconf 80' lang='grc' dir='ltr'><strong><em>πορθεῖσθαι</em></strong></span> <span class='ocrx_word' id='word_1_462' title='bbox 1401 1538 1649 1576; x_wconf 83' lang='lat' dir='ltr'><strong>defensoribus</strong></span> <span class='ocrx_word' id='word_1_463' title='bbox 1675 1546 1712 1577; x_wconf 88' lang='lat' dir='ltr'><strong>et</strong></span> <span class='ocrx_word' id='word_1_464' title='bbox 1741 1541 1802 1586; x_wconf 90' lang='lat' dir='ltr'><strong>qui</strong></span> <span class='ocrx_word' id='word_1_465' title='bbox 1827 1551 1871 1577; x_wconf 81' lang='lat' dir='ltr'><strong>ex</strong></span> <span class='ocrx_word' id='word_1_466' title='bbox 1898 1541 1975 1577; x_wconf 81' lang='lat' dir='ltr'><strong>eius</strong></span> <span class='ocrx_word' id='word_1_467' title='bbox 2002 1541 2122 1578; x_wconf 84' lang='lat' dir='ltr'><strong>officio</strong></span> <span class='ocrx_word' id='word_1_468' title='bbox 2147 1543 2232 1578; x_wconf 80' lang='lat' dir='ltr'><strong>sunt</strong></span> <span class='ocrx_word' id='word_1_469' title='bbox 2246 1542 2306 1579; x_wconf 76' lang='lat' dir='ltr'><strong>-ad</strong></span> <span class='ocrx_word' id='word_1_470' title='bbox 2323 1543 2479 1581; x_wconf 82' lang='lat' dir='ltr'><strong>ministe-</strong></span> 
     </span>
    </p>
   </div>
   <div class='ocr_carea' id='block_1_25' title="bbox 257 1579 1334 1764">
    <p class='ocr_par' dir='ltr' id='par_1_25' title="bbox 257 1579 1334 1764">
     <span class='ocr_line' id='line_1_61' title="bbox 259 1579 1333 1629; baseline 0.006 -16"><span class='ocrx_word' id='word_1_471' title='bbox 259 1583 318 1613; x_wconf 81' lang='grc' dir='ltr'><strong>καὶ</strong></span> <span class='ocrx_word' id='word_1_472' title='bbox 354 1579 610 1626; x_wconf 84' lang='grc' dir='ltr'><strong><em>λῃστεύεσθαι·</em></strong></span> <span class='ocrx_word' id='word_1_473' title='bbox 652 1579 736 1616; x_wconf 78' lang='grc' dir='ltr'><strong><em>οὐδὲ</em></strong></span> <span class='ocrx_word' id='word_1_474' title='bbox 771 1593 877 1616; x_wconf 86' lang='grc' dir='ltr'><strong><em>αυτος</em></strong></span> <span class='ocrx_word' id='word_1_475' title='bbox 912 1594 1005 1629; x_wconf 86' lang='grc' dir='ltr'><strong><em>παρε</em></strong></span> <span class='ocrx_word' id='word_1_476' title='bbox 1029 1581 1171 1618; x_wconf 80' lang='grc' dir='ltr'><strong><em>εύσεται</em></strong></span> <span class='ocrx_word' id='word_1_477' title='bbox 1205 1586 1333 1626; x_wconf 83' lang='grc' dir='ltr'><strong><em>ταῦτα,</em></strong></span> 
     </span>
     <span class='ocr_line' id='line_1_62' title="bbox 258 1624 1334 1674; baseline 0.006 -16"><span class='ocrx_word' id='word_1_478' title='bbox 258 1624 427 1670; x_wconf 82' lang='grc' dir='ltr'><strong><em>καθάπερ</em></strong></span> <span class='ocrx_word' id='word_1_479' title='bbox 461 1626 498 1660; x_wconf 86' lang='grc' dir='ltr'><strong>οἱ</strong></span> <span class='ocrx_word' id='word_1_480' title='bbox 525 1625 655 1672; x_wconf 83' lang='grc' dir='ltr'><strong><em>πρώην</em></strong></span> <span class='ocrx_word' id='word_1_481' title='bbox 686 1629 833 1663; x_wconf 79' lang='grc' dir='ltr'><strong><em>ἐποίουν</em></strong></span> <span class='ocrx_word' id='word_1_482' title='bbox 869 1625 1028 1672; x_wconf 84' lang='grc' dir='ltr'><strong><em>κόμητες.</em></strong></span> <span class='ocrx_word' id='word_1_483' title='bbox 1075 1627 1116 1663; x_wconf 85' lang='grc' dir='ltr'><strong>οὗ</strong></span> <span class='ocrx_word' id='word_1_484' title='bbox 1147 1628 1219 1674; x_wconf 87' lang='grc' dir='ltr'><strong>μὴν</strong></span> <span class='ocrx_word' id='word_1_485' title='bbox 1251 1627 1334 1664; x_wconf 76' lang='grc' dir='ltr'><strong><em>οὐδὲ</em></strong></span> 
     </span>
     <span class='ocr_line' id='line_1_63' title="bbox 258 1669 1334 1717; baseline 0.006 -14"><span class='ocrx_word' id='word_1_486' title='bbox 258 1671 501 1716; x_wconf 85' lang='grc' dir='ltr'><strong><em>τοποτηρητὰς</em></strong></span> <span class='ocrx_word' id='word_1_487' title='bbox 524 1674 710 1717; x_wconf 72' lang='grc' dir='ltr'><strong><em>ἐκπέμψω,</em></strong></span> <span class='ocrx_word' id='word_1_488' title='bbox 733 1669 824 1706; x_wconf 75' lang='grc' dir='ltr'><strong><em>ἀλλὰ</em></strong></span> <span class='ocrx_word' id='word_1_489' title='bbox 843 1676 917 1707; x_wconf 87' lang='grc' dir='ltr'><strong><em>τοῖς</em></strong></span> <span class='ocrx_word' id='word_1_490' title='bbox 938 1675 1017 1709; x_wconf 88' lang='grc' dir='ltr'><strong>τῶν</strong></span> <span class='ocrx_word' id='word_1_491' title='bbox 1036 1671 1164 1709; x_wconf 86' lang='grc' dir='ltr'><strong><em>τόπων</em></strong></span> <span class='ocrx_word' id='word_1_492' title='bbox 1184 1673 1334 1710; x_wconf 80' lang='grc' dir='ltr'><strong><em>ἐκδίκοις</em></strong></span> 
     </span>
     <span class='ocr_line' id='line_1_64' title="bbox 257 1715 1082 1764; baseline 0.007 -17"><span class='ocrx_word' id='word_1_493' title='bbox 257 1718 316 1748; x_wconf 83' lang='grc' dir='ltr'><strong>καὶ</strong></span> <span class='ocrx_word' id='word_1_494' title='bbox 339 1719 411 1749; x_wconf 86' lang='grc' dir='ltr'><strong><em>τοῖς</em></strong></span> <span class='ocrx_word' id='word_1_495' title='bbox 434 1718 473 1750; x_wconf 84' lang='grc' dir='ltr'><strong>ἐκ</strong></span> <span class='ocrx_word' id='word_1_496' title='bbox 502 1718 563 1760; x_wconf 74' lang='grc' dir='ltr'><strong>τῆς</strong></span> <span class='ocrx_word' id='word_1_497' title='bbox 588 1715 708 1751; x_wconf 78' lang='grc' dir='ltr'><strong><em>αὑτοῦ-</em></strong></span> <span class='ocrx_word' id='word_1_498' title='bbox 721 1715 856 1758; x_wconf 85' lang='grc' dir='ltr'><strong><em>τάξεως</em></strong></span> <span class='ocrx_word' id='word_1_499' title='bbox 878 1717 966 1764; x_wconf 85' lang='grc' dir='ltr'><strong><em>πρὸς</em></strong></span> <span class='ocrx_word' id='word_1_500' title='bbox 988 1716 1082 1753; x_wconf 84' lang='grc' dir='ltr'><strong><em>ὑπου</em></strong></span> 
     </span>
    </p>
   </div>
   <div class='ocr_carea' id='block_1_26' title="bbox 1104 1718 1388 1775">
    <p class='ocr_par' dir='ltr' id='par_1_26' title="bbox 1104 1718 1388 1775">
     <span class='ocr_line' id='line_1_65' title="bbox 1104 1718 1388 1775; baseline 0.011 -22"><span class='ocrx_word' id='word_1_501' title='bbox 1104 1724 1190 1775; x_wconf 55' lang='grc' dir='ltr'><strong><em>ἵίαν</em></strong></span> <span class='ocrx_word' id='word_1_502' title='bbox 1211 1718 1332 1772; x_wconf 76' lang='grc' dir='ltr'><strong><em>χρήσε-</em></strong></span> <span class='ocrx_word' id='word_1_503' title='bbox 1346 1723 1388 1756; x_wconf 85' lang='grc'><strong>35</strong></span> 
     </span>
    </p>
   </div>
   <div class='ocr_carea' id='block_1_27' title="bbox 1400 1585 1638 1621">
    <p class='ocr_par' dir='ltr' id='par_1_27' title="bbox 1400 1585 1638 1621">
     <span class='ocr_line' id='line_1_66' title="bbox 1400 1585 1638 1621; baseline 0.004 -1"><span class='ocrx_word' id='word_1_504' title='bbox 1400 1585 1494 1620; x_wconf 90' lang='lat' dir='ltr'><strong>rium</strong></span> <span class='ocrx_word' id='word_1_505' title='bbox 1517 1585 1638 1621; x_wconf 86' lang='lat' dir='ltr'><strong>utitur.</strong></span> 
     </span>
    </p>
   </div>
   <div class='ocr_carea' id='block_1_28' title="bbox 257 1733 2478 1816">
    <p class='ocr_par' dir='ltr' id='par_1_28' title="bbox 257 1733 2478 1816">
     <span class='ocr_line' id='line_1_67' title="bbox 257 1733 2478 1816; baseline 0.005 -22"><span class='ocrx_word' id='word_1_506' title='bbox 257 1760 282 1795; x_wconf 79' lang='grc'><strong>2</strong></span> <span class='ocrx_word' id='word_1_507' title='bbox 327 1774 397 1794; x_wconf 88' lang='grc' dir='ltr'><strong><em>ται.</em></strong></span> <span class='ocrx_word' id='word_1_508' title='bbox 441 1762 472 1795; x_wconf 81' lang='grc' dir='ltr'><strong>εἰ</strong></span> <span class='ocrx_word' id='word_1_509' title='bbox 487 1759 531 1795; x_wconf 79' lang='grc' dir='ltr'><strong>δέ</strong></span> <span class='ocrx_word' id='word_1_510' title='bbox 546 1775 616 1797; x_wconf 90' lang='grc' dir='ltr'><strong>που</strong></span> <span class='ocrx_word' id='word_1_511' title='bbox 636 1766 696 1796; x_wconf 83' lang='grc' dir='ltr'><strong>καὶ</strong></span> <span class='ocrx_word' id='word_1_512' title='bbox 716 1765 956 1816; x_wconf 55' lang='grc' dir='ltr'><strong><em>στρατιωτῶν</em></strong></span> <span class='ocrx_word' id='word_1_513' title='bbox 972 1733 1234 1808; x_wconf 53' lang='grc' dir='ltr'><strong><em>αὐτῳὲεησειε,</em></strong></span> <span class='ocrx_word' id='word_1_514' title='bbox 1252 1777 1334 1800; x_wconf 87' lang='grc' dir='ltr'><strong><em>τους</em></strong></span> <span class='ocrx_word' id='word_1_515' title='bbox 1400 1765 1426 1801; x_wconf 77' lang='grc'><strong>2</strong></span> <span class='ocrx_word' id='word_1_516' title='bbox 1471 1765 1510 1801; x_wconf 83' lang='lat' dir='ltr'><strong>Si</strong></span> <span class='ocrx_word' id='word_1_517' title='bbox 1540 1776 1624 1802; x_wconf 88' lang='lat' dir='ltr'><strong>vero</strong></span> <span class='ocrx_word' id='word_1_518' title='bbox 1659 1766 1792 1803; x_wconf 85' lang='lat' dir='ltr'><strong>alicubi</strong></span> <span class='ocrx_word' id='word_1_519' title='bbox 1823 1768 1930 1803; x_wconf 83' lang='lat' dir='ltr'><strong>etiam</strong></span> <span class='ocrx_word' id='word_1_520' title='bbox 1961 1767 2132 1804; x_wconf 85' lang='lat' dir='ltr'><strong>militibus</strong></span> <span class='ocrx_word' id='word_1_521' title='bbox 2163 1772 2280 1814; x_wconf 82' lang='lat' dir='ltr'><strong>egeat,</strong></span> <span class='ocrx_word' id='word_1_522' title='bbox 2315 1777 2361 1805; x_wconf 86' lang='lat' dir='ltr'><strong>ex</strong></span> <span class='ocrx_word' id='word_1_523' title='bbox 2389 1768 2478 1806; x_wconf 78' lang='lat' dir='ltr'><strong>locis</strong></span> 
     </span>
    </p>
   </div>
   <div class='ocr_carea' id='block_1_29' title="bbox 256 1805 1336 1952">
    <p class='ocr_par' dir='ltr' id='par_1_29' title="bbox 256 1805 1336 1952">
     <span class='ocr_line' id='line_1_68' title="bbox 257 1805 1332 1858; baseline 0.006 -19"><span class='ocrx_word' id='word_1_524' title='bbox 257 1807 296 1838; x_wconf 79' lang='grc' dir='ltr'><strong>ἐκ</strong></span> <span class='ocrx_word' id='word_1_525' title='bbox 327 1807 404 1843; x_wconf 83' lang='grc' dir='ltr'><strong>τῶν</strong></span> <span class='ocrx_word' id='word_1_526' title='bbox 435 1805 562 1849; x_wconf 51' lang='grc' dir='ltr'><strong><em>τόπων</em></strong></span> <span class='ocrx_word' id='word_1_527' title='bbox 594 1809 634 1842; x_wconf 86' lang='grc' dir='ltr'><strong>ἐν</strong></span> <span class='ocrx_word' id='word_1_528' title='bbox 664 1806 714 1842; x_wconf 80' lang='grc' dir='ltr'><strong><em>οἷς</em></strong></span> <span class='ocrx_word' id='word_1_529' title='bbox 745 1821 767 1851; x_wconf 94' lang='grc' dir='ltr'><strong>η</strong></span> <span class='ocrx_word' id='word_1_530' title='bbox 795 1811 897 1854; x_wconf 81' lang='grc' dir='ltr'><strong><em>χρεία</em></strong></span> <span class='ocrx_word' id='word_1_531' title='bbox 925 1807 1027 1843; x_wconf 81' lang='grc' dir='ltr'><strong><em>καλεῖ</em></strong></span> <span class='ocrx_word' id='word_1_532' title='bbox 1051 1810 1208 1854; x_wconf 81' lang='grc' dir='ltr'><strong><em>βοηθεῖν</em></strong></span> <span class='ocrx_word' id='word_1_533' title='bbox 1231 1822 1332 1858; x_wconf 80' lang='grc' dir='ltr'><strong><em>προς-</em></strong></span> 
     </span>
     <span class='ocr_line' id='line_1_69' title="bbox 256 1848 1334 1901; baseline 0.006 -18"><span class='ocrx_word' id='word_1_534' title='bbox 256 1848 355 1890; x_wconf 86' lang='grc' dir='ltr'><strong><em>τάξει</em></strong></span> <span class='ocrx_word' id='word_1_535' title='bbox 365 1861 372 1868; x_wconf 95' lang='grc'>·</span> <span class='ocrx_word' id='word_1_536' title='bbox 397 1855 457 1884; x_wconf 83' lang='grc' dir='ltr'><strong>καὶ</strong></span> <span class='ocrx_word' id='word_1_537' title='bbox 473 1851 572 1886; x_wconf 79' lang='grc' dir='ltr'><strong><em>οὗτοι</em></strong></span> <span class='ocrx_word' id='word_1_538' title='bbox 588 1850 767 1887; x_wconf 82' lang='grc' dir='ltr'><strong><em>δαπάναις</em></strong></span> <span class='ocrx_word' id='word_1_539' title='bbox 782 1854 926 1888; x_wconf 79' lang='grc' dir='ltr'><strong><em>οἰκείαις</em></strong></span> <span class='ocrx_word' id='word_1_540' title='bbox 944 1853 1066 1888; x_wconf 87' lang='grc' dir='ltr'><strong><em>πάντα</em></strong></span> <span class='ocrx_word' id='word_1_541' title='bbox 1081 1854 1257 1901; x_wconf 84' lang='grc' dir='ltr'><strong><em>πράξουσι</em></strong></span> <span class='ocrx_word' id='word_1_542' title='bbox 1272 1860 1334 1889; x_wconf 86' lang='grc' dir='ltr'><strong>καὶ</strong></span> 
     </span>
     <span class='ocr_line' id='line_1_70' title="bbox 257 1893 1336 1952; baseline 0.006 -23"><span class='ocrx_word' id='word_1_543' title='bbox 257 1893 362 1930; x_wconf 77' lang='grc' dir='ltr'><strong><em>οὐδὲν</em></strong></span> <span class='ocrx_word' id='word_1_544' title='bbox 386 1894 604 1941; x_wconf 81' lang='grc' dir='ltr'><strong><em>ζημιώσουσι</em></strong></span> <span class='ocrx_word' id='word_1_545' title='bbox 627 1897 708 1952; x_wconf 64' lang='grc' dir='ltr'><strong><em>τοὺς</em></strong></span> <span class='ocrx_word' id='word_1_546' title='bbox 729 1895 903 1941; x_wconf 77' lang='grc' dir='ltr'><strong><em>ὑπηκόους</em></strong></span> <span class='ocrx_word' id='word_1_547' title='bbox 928 1896 1012 1933; x_wconf 78' lang='grc' dir='ltr'><strong><em>οὐδὲ</em></strong></span> <span class='ocrx_word' id='word_1_548' title='bbox 1034 1898 1336 1935; x_wconf 80' lang='grc' dir='ltr'><strong><em>καταναλώσουσί</em></strong></span> 
     </span>
    </p>
   </div>
   <div class='ocr_carea' id='block_1_30' title="bbox 1403 1808 2478 1903">
    <p class='ocr_par' dir='ltr' id='par_1_30' title="bbox 1403 1808 2478 1903">
     <span class='ocr_line' id='line_1_71' title="bbox 1404 1808 2477 1858; baseline 0.005 -12"><span class='ocrx_word' id='word_1_549' title='bbox 1404 1810 1533 1856; x_wconf 85' lang='lat' dir='ltr'><strong>quibus</strong></span> <span class='ocrx_word' id='word_1_550' title='bbox 1558 1808 1670 1847; x_wconf 87' lang='lat' dir='ltr'><strong>causa</strong></span> <span class='ocrx_word' id='word_1_551' title='bbox 1699 1815 1806 1855; x_wconf 86' lang='lat' dir='ltr'><strong>vocat</strong></span> <span class='ocrx_word' id='word_1_552' title='bbox 1834 1813 1996 1849; x_wconf 88' lang='lat' dir='ltr'><strong>adiuvari</strong></span> <span class='ocrx_word' id='word_1_553' title='bbox 2024 1813 2234 1858; x_wconf 84' lang='lat' dir='ltr'><strong>praecipiat,</strong></span> <span class='ocrx_word' id='word_1_554' title='bbox 2263 1818 2302 1851; x_wconf 85' lang='lat' dir='ltr'><strong>et</strong></span> <span class='ocrx_word' id='word_1_555' title='bbox 2329 1814 2391 1850; x_wconf 87' lang='lat' dir='ltr'><strong>isti</strong></span> <span class='ocrx_word' id='word_1_556' title='bbox 2417 1823 2477 1851; x_wconf 85' lang='lat' dir='ltr'><strong>ex-</strong></span> 
     </span>
     <span class='ocr_line' id='line_1_72' title="bbox 1403 1856 2478 1903; baseline 0.004 -12"><span class='ocrx_word' id='word_1_557' title='bbox 1403 1856 1522 1901; x_wconf 85' lang='lat' dir='ltr'><strong>pensis</strong></span> <span class='ocrx_word' id='word_1_558' title='bbox 1544 1858 1700 1902; x_wconf 87' lang='lat' dir='ltr'><strong>propriis</strong></span> <span class='ocrx_word' id='word_1_559' title='bbox 1718 1858 1836 1893; x_wconf 84' lang='lat' dir='ltr'><strong>omnia</strong></span> <span class='ocrx_word' id='word_1_560' title='bbox 1854 1861 1964 1903; x_wconf 85' lang='lat' dir='ltr'><strong>agant</strong></span> <span class='ocrx_word' id='word_1_561' title='bbox 1986 1862 2022 1893; x_wconf 89' lang='lat' dir='ltr'><strong>et</strong></span> <span class='ocrx_word' id='word_1_562' title='bbox 2038 1858 2128 1894; x_wconf 88' lang='lat' dir='ltr'><strong>nihil</strong></span> <span class='ocrx_word' id='word_1_563' title='bbox 2147 1858 2377 1895; x_wconf 87' lang='lat' dir='ltr'><strong>damnificent</strong></span> <span class='ocrx_word' id='word_1_564' title='bbox 2392 1858 2478 1895; x_wconf 85' lang='lat' dir='ltr'><strong>sub-</strong></span> 
     </span>
    </p>
   </div>
   <div class='ocr_carea' id='block_1_31' title="bbox 1402 1902 2483 1950">
    <p class='ocr_par' dir='ltr' id='par_1_31' title="bbox 1402 1902 2483 1950">
     <span class='ocr_line' id='line_1_73' title="bbox 1402 1902 2483 1950; baseline 0.005 -14"><span class='ocrx_word' id='word_1_565' title='bbox 1402 1902 1514 1936; x_wconf 89' lang='lat' dir='ltr'><strong>iectos</strong></span> <span class='ocrx_word' id='word_1_566' title='bbox 1546 1912 1660 1947; x_wconf 86' lang='lat' dir='ltr'><strong>neque</strong></span> <span class='ocrx_word' id='word_1_567' title='bbox 1691 1902 1895 1948; x_wconf 86' lang='lat' dir='ltr'><strong>expendant</strong></span> <span class='ocrx_word' id='word_1_568' title='bbox 1925 1903 1973 1938; x_wconf 92' lang='lat' dir='ltr'><strong>ali</strong></span> <span class='ocrx_word' id='word_1_569' title='bbox 1997 1903 2060 1939; x_wconf 85' lang='lat' dir='ltr'><strong>uid</strong></span> <span class='ocrx_word' id='word_1_570' title='bbox 2077 1903 2202 1948; x_wconf 79' lang='lat' dir='ltr'><strong>gratis.</strong></span> <span class='ocrx_word' id='word_1_571' title='bbox 2250 1903 2320 1940; x_wconf 86' lang='lat' dir='ltr'><strong>Sed</strong></span> <span class='ocrx_word' id='word_1_572' title='bbox 2342 1908 2379 1940; x_wconf 86' lang='lat' dir='ltr'><strong>et</strong></span> <span class='ocrx_word' id='word_1_573' title='bbox 2400 1904 2483 1950; x_wconf 76' lang='lat' dir='ltr'><strong>ipse</strong></span> 
     </span>
    </p>
   </div>
   <div class='ocr_carea' id='block_1_32' title="bbox 255 1940 2478 2003">
    <p class='ocr_par' dir='ltr' id='par_1_32' title="bbox 255 1940 2478 2003">
     <span class='ocr_line' id='line_1_74' title="bbox 255 1940 2478 2003; baseline 0.005 -29"><span class='ocrx_word' id='word_1_574' title='bbox 255 1954 293 1974; x_wconf 90' lang='grc' dir='ltr'><strong>τι</strong></span> <span class='ocrx_word' id='word_1_575' title='bbox 316 1944 457 1985; x_wconf 89' lang='grc' dir='ltr'><strong><em>προῖκα.</em></strong></span> <span class='ocrx_word' id='word_1_576' title='bbox 505 1940 583 1976; x_wconf 77' lang='grc' dir='ltr'><strong><em>ἀλλ’</em></strong></span> <span class='ocrx_word' id='word_1_577' title='bbox 608 1943 714 1978; x_wconf 86' lang='grc' dir='ltr'><strong><em>αυτός</em></strong></span> <span class='ocrx_word' id='word_1_578' title='bbox 737 1956 775 1977; x_wconf 83' lang='grc' dir='ltr'><strong>τε</strong></span> <span class='ocrx_word' id='word_1_579' title='bbox 798 1942 942 1978; x_wconf 86' lang='grc' dir='ltr'><strong><em>τούτων</em></strong></span> <span class='ocrx_word' id='word_1_580' title='bbox 957 1942 1133 2000; x_wconf 65' lang='grc' dir='ltr'><strong>ἰἀφέξεται</strong></span> <span class='ocrx_word' id='word_1_581' title='bbox 1147 1943 1335 2002; x_wconf 60' lang='grc' dir='ltr'><strong>ιχροιὲμενος</strong></span> <span class='ocrx_word' id='word_1_582' title='bbox 1347 1950 1390 1982; x_wconf 86' lang='grc'><strong>40</strong></span> <span class='ocrx_word' id='word_1_583' title='bbox 1402 1945 1459 1982; x_wconf 84' lang='lat' dir='ltr'><strong>his</strong></span> <span class='ocrx_word' id='word_1_584' title='bbox 1492 1947 1688 1983; x_wconf 78' lang='lat' dir='ltr'><strong>abstinebit</strong></span> <span class='ocrx_word' id='word_1_585' title='bbox 1719 1953 1823 1984; x_wconf 81' lang='lat' dir='ltr'><strong>utens</strong></span> <span class='ocrx_word' id='word_1_586' title='bbox 1854 1949 1988 1993; x_wconf 81' lang='lat' dir='ltr'><strong>sumpti</strong></span> <span class='ocrx_word' id='word_1_587' title='bbox 2014 1959 2056 1984; x_wconf 85' lang='lat' dir='ltr'><strong>us</strong></span> <span class='ocrx_word' id='word_1_588' title='bbox 2085 1948 2240 1994; x_wconf 83' lang='lat' dir='ltr'><strong>propriis</strong></span> <span class='ocrx_word' id='word_1_589' title='bbox 2262 1948 2478 2003; x_wconf 60' lang='lat' dir='ltr'><strong>ubicumque</strong></span> 
     </span>
    </p>
   </div>
   <div class='ocr_carea' id='block_1_33' title="bbox 257 1983 1334 2083">
    <p class='ocr_par' dir='ltr' id='par_1_33' title="bbox 257 1983 1334 2083">
     <span class='ocr_line' id='line_1_75' title="bbox 257 1983 1334 2037; baseline 0.006 -18"><span class='ocrx_word' id='word_1_590' title='bbox 257 1983 435 2021; x_wconf 83' lang='grc' dir='ltr'><strong><em>δαπάναις</em></strong></span> <span class='ocrx_word' id='word_1_591' title='bbox 461 1989 606 2022; x_wconf 83' lang='grc' dir='ltr'><strong><em>οἰκείαις</em></strong></span> <span class='ocrx_word' id='word_1_592' title='bbox 634 1989 732 2022; x_wconf 78' lang='grc' dir='ltr'><strong><em>ἔνθα</em></strong></span> <span class='ocrx_word' id='word_1_593' title='bbox 762 1987 807 2022; x_wconf 77' lang='grc' dir='ltr'><strong>ἂν</strong></span> <span class='ocrx_word' id='word_1_594' title='bbox 831 1989 896 2031; x_wconf 81' lang='grc' dir='ltr'><strong><em>εἴη,</em></strong></span> <span class='ocrx_word' id='word_1_595' title='bbox 928 2003 996 2023; x_wconf 86' lang='grc' dir='ltr'><strong>καν</strong></span> <span class='ocrx_word' id='word_1_596' title='bbox 1027 2004 1057 2024; x_wconf 85' lang='grc' dir='ltr'><strong>ει</strong></span> <span class='ocrx_word' id='word_1_597' title='bbox 1088 2002 1178 2035; x_wconf 86' lang='grc' dir='ltr'><strong><em>προς</em></strong></span> <span class='ocrx_word' id='word_1_598' title='bbox 1206 1993 1334 2037; x_wconf 80' lang='grc' dir='ltr'><strong><em>ετέραν</em></strong></span> 
     </span>
     <span class='ocr_line' id='line_1_76' title="bbox 257 2028 1333 2083; baseline 0.006 -19"><span class='ocrx_word' id='word_1_599' title='bbox 257 2028 368 2066; x_wconf 78' lang='grc' dir='ltr'><strong><em>αὐτὸν</em></strong></span> <span class='ocrx_word' id='word_1_600' title='bbox 391 2031 651 2078; x_wconf 84' lang='grc' dir='ltr'><strong><em>προςτάξαιμεν</em></strong></span> <span class='ocrx_word' id='word_1_601' title='bbox 674 2033 798 2068; x_wconf 78' lang='grc' dir='ltr'><strong><em>ἐλθεῖν</em></strong></span> <span class='ocrx_word' id='word_1_602' title='bbox 819 2033 955 2080; x_wconf 83' lang='grc' dir='ltr'><strong><em>χώραν,</em></strong></span> <span class='ocrx_word' id='word_1_603' title='bbox 979 2031 1000 2068; x_wconf 67' lang='grc' dir='ltr'><strong>ἶν’</strong></span> <span class='ocrx_word' id='word_1_604' title='bbox 1017 2048 1057 2069; x_wconf 88' lang='grc' dir='ltr'><strong>τε</strong></span> <span class='ocrx_word' id='word_1_605' title='bbox 1077 2034 1253 2083; x_wconf 87' lang='grc' dir='ltr'><strong><em>πάρεδρος</em></strong></span> <span class='ocrx_word' id='word_1_606' title='bbox 1273 2033 1333 2070; x_wconf 83' lang='grc' dir='ltr'><strong>αὗ-</strong></span> 
     </span>
    </p>
   </div>
   <div class='ocr_carea' id='block_1_34' title="bbox 1402 1991 2479 2040">
    <p class='ocr_par' dir='ltr' id='par_1_34' title="bbox 1402 1991 2479 2040">
     <span class='ocr_line' id='line_1_77' title="bbox 1402 1991 2479 2040; baseline 0.005 -14"><span class='ocrx_word' id='word_1_607' title='bbox 1402 1991 1528 2035; x_wconf 78' lang='lat' dir='ltr'><strong>fuerit‚</strong></span> <span class='ocrx_word' id='word_1_608' title='bbox 1569 1992 1626 2028; x_wconf 89' lang='lat' dir='ltr'><strong>vel</strong></span> <span class='ocrx_word' id='word_1_609' title='bbox 1661 1992 1693 2028; x_wconf 88' lang='lat' dir='ltr'><strong>si</strong></span> <span class='ocrx_word' id='word_1_610' title='bbox 1727 1993 1774 2028; x_wconf 91' lang='lat' dir='ltr'><strong>ad</strong></span> <span class='ocrx_word' id='word_1_611' title='bbox 1809 1992 1915 2028; x_wconf 85' lang='lat' dir='ltr'><strong>aliam</strong></span> <span class='ocrx_word' id='word_1_612' title='bbox 1950 2003 2033 2029; x_wconf 90' lang='lat' dir='ltr'><strong>eum</strong></span> <span class='ocrx_word' id='word_1_613' title='bbox 2064 1993 2326 2040; x_wconf 81' lang='lat' dir='ltr'><strong>praecipiamus</strong></span> <span class='ocrx_word' id='word_1_614' title='bbox 2359 2004 2479 2031; x_wconf 75' lang='lat' dir='ltr'><strong>venue</strong></span> 
     </span>
    </p>
   </div>
   <div class='ocr_carea' id='block_1_35' title="bbox 241 2120 2479 2314">
    <p class='ocr_par' dir='ltr' id='par_1_35' title="bbox 241 2120 2479 2314">
     <span class='ocr_line' id='line_1_78' title="bbox 255 2120 2477 2174; baseline 0.003 -18"><span class='ocrx_word' id='word_1_615' title='bbox 255 2123 274 2156; x_wconf 94' lang='lat'><strong>1</strong></span> <span class='ocrx_word' id='word_1_616' title='bbox 323 2120 396 2156; x_wconf 87' lang='lat' dir='ltr'><strong>Sed</strong></span> <span class='ocrx_word' id='word_1_617' title='bbox 417 2123 524 2157; x_wconf 85' lang='lat' dir='ltr'><strong>etiam</strong></span> <span class='ocrx_word' id='word_1_618' title='bbox 547 2123 670 2159; x_wconf 89' lang='lat' dir='ltr'><strong>urbem</strong></span> <span class='ocrx_word' id='word_1_619' title='bbox 691 2123 848 2159; x_wconf 79' lang='lat' dir='ltr'><strong>servabit</strong></span> <span class='ocrx_word' id='word_1_620' title='bbox 870 2123 915 2159; x_wconf 89' lang='lat' dir='ltr'><strong>ab</strong></span> <span class='ocrx_word' id='word_1_621' title='bbox 941 2125 1038 2160; x_wconf 81' lang='lat' dir='ltr'><strong>omni</strong></span> <span class='ocrx_word' id='word_1_622' title='bbox 1057 2125 1331 2171; x_wconf 81' lang='lat' dir='ltr'><strong>perturbatione</strong></span> <span class='ocrx_word' id='word_1_623' title='bbox 1354 2125 1514 2168; x_wconf 80' lang='lat' dir='ltr'><strong>liberam,</strong></span> <span class='ocrx_word' id='word_1_624' title='bbox 1539 2137 1605 2161; x_wconf 84' lang='lat' dir='ltr'><strong>nec</strong></span> <span class='ocrx_word' id='word_1_625' title='bbox 1620 2126 1832 2162; x_wconf 78' lang='lat' dir='ltr'><strong>seditionem</strong></span> <span class='ocrx_word' id='word_1_626' title='bbox 1854 2128 2019 2172; x_wconf 75' lang='lat' dir='ltr'><strong>qrassari</strong></span> <span class='ocrx_word' id='word_1_627' title='bbox 2040 2128 2079 2162; x_wconf 77' lang='lat' dir='ltr'><strong>in</strong></span> <span class='ocrx_word' id='word_1_628' title='bbox 2099 2127 2284 2174; x_wconf 76' lang='lat' dir='ltr'><strong>republica</strong></span> <span class='ocrx_word' id='word_1_629' title='bbox 2299 2127 2477 2174; x_wconf 78' lang='lat' dir='ltr'><strong>patietur.</strong></span> 
     </span>
     <span class='ocr_line' id='line_1_79' title="bbox 241 2166 2479 2221; baseline 0.003 -20"><span class='ocrx_word' id='word_1_630' title='bbox 241 2168 315 2201; x_wconf 59' lang='lat' dir='ltr'><strong>*Ac</strong></span> <span class='ocrx_word' id='word_1_631' title='bbox 336 2166 469 2202; x_wconf 84' lang='lat' dir='ltr'><strong>tributa</strong></span> <span class='ocrx_word' id='word_1_632' title='bbox 482 2168 634 2214; x_wconf 85' lang='lat' dir='ltr'><strong>publica</strong></span> <span class='ocrx_word' id='word_1_633' title='bbox 655 2169 852 2221; x_wconf 73' lang='lat' dir='ltr'><strong>viqilanter</strong></span> <span class='ocrx_word' id='word_1_634' title='bbox 871 2174 907 2205; x_wconf 87' lang='lat' dir='ltr'><strong>et</strong></span> <span class='ocrx_word' id='word_1_635' title='bbox 926 2180 1006 2204; x_wconf 89' lang='lat' dir='ltr'><strong>cum</strong></span> <span class='ocrx_word' id='word_1_636' title='bbox 1023 2170 1163 2205; x_wconf 79' lang='lat' dir='ltr'><strong>iustitia</strong></span> <span class='ocrx_word' id='word_1_637' title='bbox 1183 2170 1319 2216; x_wconf 74' lang='lat' dir='ltr'><strong>eoeiqet,</strong></span> <span class='ocrx_word' id='word_1_638' title='bbox 1342 2170 1435 2205; x_wconf 76' lang='lat' dir='ltr'><strong>nillil</strong></span> <span class='ocrx_word' id='word_1_639' title='bbox 1456 2170 1556 2216; x_wconf 85' lang='lat' dir='ltr'><strong>quod</strong></span> <span class='ocrx_word' id='word_1_640' title='bbox 1577 2170 1627 2206; x_wconf 78' lang='lat' dir='ltr'><strong>ad</strong></span> <span class='ocrx_word' id='word_1_641' title='bbox 1649 2182 1693 2206; x_wconf 87' lang='lat' dir='ltr'><strong>ea</strong></span> <span class='ocrx_word' id='word_1_642' title='bbox 1709 2171 1874 2218; x_wconf 80' lang='lat' dir='ltr'><strong>pertinet</strong></span> <span class='ocrx_word' id='word_1_643' title='bbox 1893 2171 2088 2219; x_wconf 75' lang='lat' dir='ltr'><strong>neqleqens</strong></span> <span class='ocrx_word' id='word_1_644' title='bbox 2116 2183 2184 2208; x_wconf 81' lang='lat' dir='ltr'><strong>nec</strong></span> <span class='ocrx_word' id='word_1_645' title='bbox 2201 2172 2419 2220; x_wconf 78' lang='lat' dir='ltr'><strong>permittens</strong></span> <span class='ocrx_word' id='word_1_646' title='bbox 2436 2175 2479 2209; x_wconf 86' lang='lat' dir='ltr'><strong>ut</strong></span> 
     </span>
     <span class='ocr_line' id='line_1_80' title="bbox 256 2212 2478 2269; baseline 0.003 -23"><span class='ocrx_word' id='word_1_647' title='bbox 256 2217 320 2246; x_wconf 80' lang='lat' dir='ltr'><strong>aut</strong></span> <span class='ocrx_word' id='word_1_648' title='bbox 339 2212 451 2256; x_wconf 80' lang='lat' dir='ltr'><strong>fiscus</strong></span> <span class='ocrx_word' id='word_1_649' title='bbox 474 2218 540 2248; x_wconf 85' lang='lat' dir='ltr'><strong>aut</strong></span> <span class='ocrx_word' id='word_1_650' title='bbox 554 2213 695 2260; x_wconf 68' lang='lat' dir='ltr'><strong>privata</strong></span> <span class='ocrx_word' id='word_1_651' title='bbox 718 2213 794 2249; x_wconf 87' lang='lat' dir='ltr'><strong>ullo</strong></span> <span class='ocrx_word' id='word_1_652' title='bbox 817 2214 856 2249; x_wconf 87' lang='lat' dir='ltr'><strong>in</strong></span> <span class='ocrx_word' id='word_1_653' title='bbox 879 2214 986 2250; x_wconf 88' lang='lat' dir='ltr'><strong>rebus</strong></span> <span class='ocrx_word' id='word_1_654' title='bbox 1008 2215 1085 2250; x_wconf 81' lang='lat' dir='ltr'><strong>suis</strong></span> <span class='ocrx_word' id='word_1_655' title='bbox 1105 2214 1237 2250; x_wconf 88' lang='lat' dir='ltr'><strong>damno</strong></span> <span class='ocrx_word' id='word_1_656' title='bbox 1261 2215 1492 2261; x_wconf 82' lang='lat' dir='ltr'><strong>afficiantur:</strong></span> <span class='ocrx_word' id='word_1_657' title='bbox 1517 2217 1653 2262; x_wconf 80' lang='lat' dir='ltr'><strong>quippe</strong></span> <span class='ocrx_word' id='word_1_658' title='bbox 1676 2217 1742 2262; x_wconf 79' lang='lat' dir='ltr'><strong>qui</strong></span> <span class='ocrx_word' id='word_1_659' title='bbox 1763 2215 1936 2252; x_wconf 84' lang='lat' dir='ltr'><strong>adversus</strong></span> <span class='ocrx_word' id='word_1_660' title='bbox 1956 2228 2079 2253; x_wconf 86' lang='lat' dir='ltr'><strong>omnes</strong></span> <span class='ocrx_word' id='word_1_661' title='bbox 2094 2221 2316 2264; x_wconf 82' lang='lat' dir='ltr'><strong>potestatem</strong></span> <span class='ocrx_word' id='word_1_662' title='bbox 2325 2215 2478 2269; x_wconf 70' lang='lat' dir='ltr'><strong>fiabeat,</strong></span> 
     </span>
     <span class='ocr_line' id='line_1_81' title="bbox 255 2256 2477 2314; baseline 0.004 -23"><span class='ocrx_word' id='word_1_663' title='bbox 255 2256 328 2292; x_wconf 86' lang='lat' dir='ltr'><strong>sive</strong></span> <span class='ocrx_word' id='word_1_664' title='bbox 351 2257 480 2292; x_wconf 81' lang='lat' dir='ltr'><strong>milites</strong></span> <span class='ocrx_word' id='word_1_665' title='bbox 501 2259 575 2294; x_wconf 79' lang='lat' dir='ltr'><strong>sive</strong></span> <span class='ocrx_word' id='word_1_666' title='bbox 597 2259 782 2294; x_wconf 82' lang='lat' dir='ltr'><strong>scriniarii</strong></span> <span class='ocrx_word' id='word_1_667' title='bbox 804 2262 841 2294; x_wconf 88' lang='lat' dir='ltr'><strong>et</strong></span> <span class='ocrx_word' id='word_1_668' title='bbox 861 2259 1208 2305; x_wconf 78' lang='lat' dir='ltr'><strong>qloriosissimorum</strong></span> <span class='ocrx_word' id='word_1_669' title='bbox 1229 2261 1504 2312; x_wconf 77' lang='lat' dir='ltr'><strong>praefectorum</strong></span> <span class='ocrx_word' id='word_1_670' title='bbox 1526 2265 1563 2296; x_wconf 87' lang='lat' dir='ltr'><strong>et</strong></span> <span class='ocrx_word' id='word_1_671' title='bbox 1582 2261 1870 2314; x_wconf 76' lang='lat' dir='ltr'><strong>fortissimorum</strong></span> <span class='ocrx_word' id='word_1_672' title='bbox 1900 2261 2030 2298; x_wconf 85' lang='lat' dir='ltr'><strong>ducum</strong></span> <span class='ocrx_word' id='word_1_673' title='bbox 2051 2263 2136 2306; x_wconf 77' lang='lat' dir='ltr'><strong>sint,</strong></span> <span class='ocrx_word' id='word_1_674' title='bbox 2166 2261 2242 2298; x_wconf 84' lang='lat' dir='ltr'><strong>sive</strong></span> <span class='ocrx_word' id='word_1_675' title='bbox 2264 2261 2368 2298; x_wconf 63' lang='lat' dir='ltr'><strong>civile</strong></span> <span class='ocrx_word' id='word_1_676' title='bbox 2390 2261 2477 2314; x_wconf 78' lang='lat' dir='ltr'><strong>offi-</strong></span> 
     </span>
    </p>
   </div>
   <div class='ocr_carea' id='block_1_36' title="bbox 257 2302 2483 2442">
    <p class='ocr_par' dir='ltr' id='par_1_36' title="bbox 257 2302 2483 2442">
     <span class='ocr_line' id='line_1_82' title="bbox 257 2302 2483 2353; baseline 0.004 -18"><span class='ocrx_word' id='word_1_677' title='bbox 257 2302 350 2336; x_wconf 85' lang='lat' dir='ltr'><strong>cium</strong></span> <span class='ocrx_word' id='word_1_678' title='bbox 380 2303 454 2338; x_wconf 83' lang='lat' dir='ltr'><strong>sive</strong></span> <span class='ocrx_word' id='word_1_679' title='bbox 485 2303 668 2348; x_wconf 76' lang='lat' dir='ltr'><strong>cinqulum</strong></span> <span class='ocrx_word' id='word_1_680' title='bbox 699 2304 891 2339; x_wconf 87' lang='lat' dir='ltr'><strong>tamiacum</strong></span> <span class='ocrx_word' id='word_1_681' title='bbox 922 2304 1089 2347; x_wconf 81' lang='lat' dir='ltr'><strong>lzabeant,</strong></span> <span class='ocrx_word' id='word_1_682' title='bbox 1120 2306 1194 2341; x_wconf 86' lang='lat' dir='ltr'><strong>sive</strong></span> <span class='ocrx_word' id='word_1_683' title='bbox 1224 2316 1263 2340; x_wconf 76' lang='lat' dir='ltr'><strong>in</strong></span> <span class='ocrx_word' id='word_1_684' title='bbox 1291 2305 1489 2341; x_wconf 71' lang='lat' dir='ltr'><strong>maioribus</strong></span> <span class='ocrx_word' id='word_1_685' title='bbox 1517 2306 1591 2341; x_wconf 84' lang='lat' dir='ltr'><strong>sive</strong></span> <span class='ocrx_word' id='word_1_686' title='bbox 1622 2317 1660 2341; x_wconf 82' lang='lat' dir='ltr'><strong>m</strong></span> <span class='ocrx_word' id='word_1_687' title='bbox 1691 2306 1891 2342; x_wconf 78' lang='lat' dir='ltr'><strong>minoribus</strong></span> <span class='ocrx_word' id='word_1_688' title='bbox 1920 2306 2158 2353; x_wconf 77' lang='lat' dir='ltr'><strong>diqnitatibus</strong></span> <span class='ocrx_word' id='word_1_689' title='bbox 2187 2310 2374 2345; x_wconf 70' lang='lat' dir='ltr'><strong>versmmr</strong></span> <span class='ocrx_word' id='word_1_690' title='bbox 2402 2317 2483 2345; x_wconf 74' lang='lat' dir='ltr'><strong>swe-</strong></span> 
     </span>
     <span class='ocr_line' id='line_1_83' title="bbox 902 2348 2476 2404; baseline 0.003 -20"><span class='ocrx_word' id='word_1_691' title='bbox 902 2348 999 2384; x_wconf 91' lang='lat' dir='ltr'><strong>Unus</strong></span> <span class='ocrx_word' id='word_1_692' title='bbox 1022 2350 1115 2385; x_wconf 87' lang='lat' dir='ltr'><strong>enim</strong></span> <span class='ocrx_word' id='word_1_693' title='bbox 1139 2349 1198 2385; x_wconf 77' lang='lat' dir='ltr'><strong>liic</strong></span> <span class='ocrx_word' id='word_1_694' title='bbox 1219 2350 1457 2397; x_wconf 77' lang='lat' dir='ltr'><strong>maqistratus</strong></span> <span class='ocrx_word' id='word_1_695' title='bbox 1488 2350 1651 2386; x_wconf 88' lang='lat' dir='ltr'><strong>omnibus</strong></span> <span class='ocrx_word' id='word_1_696' title='bbox 1666 2351 1835 2397; x_wconf 85' lang='lat' dir='ltr'><strong>praeerit</strong></span> <span class='ocrx_word' id='word_1_697' title='bbox 1860 2355 1894 2387; x_wconf 83' lang='lat' dir='ltr'><strong>et</strong></span> <span class='ocrx_word' id='word_1_698' title='bbox 1916 2362 2005 2388; x_wconf 86' lang='lat' dir='ltr'><strong>suae</strong></span> <span class='ocrx_word' id='word_1_699' title='bbox 2028 2352 2108 2399; x_wconf 79' lang='lat' dir='ltr'><strong>ipse</strong></span> <span class='ocrx_word' id='word_1_700' title='bbox 2128 2352 2255 2398; x_wconf 82' lang='lat' dir='ltr'><strong>famae</strong></span> <span class='ocrx_word' id='word_1_701' title='bbox 2275 2355 2312 2404; x_wconf 68' lang='lat' dir='ltr'><strong>et</strong></span> <span class='ocrx_word' id='word_1_702' title='bbox 2333 2355 2476 2389; x_wconf 70' lang='lat' dir='ltr'><strong>nostra—</strong></span> 
     </span>
     <span class='ocr_line' id='line_1_84' title="bbox 257 2392 1660 2442; baseline 0.004 -17"><span class='ocrx_word' id='word_1_703' title='bbox 257 2402 337 2425; x_wconf 89' lang='lat' dir='ltr'><strong>rum</strong></span> <span class='ocrx_word' id='word_1_704' title='bbox 360 2392 478 2438; x_wconf 78' lang='lat' dir='ltr'><strong>lequm</strong></span> <span class='ocrx_word' id='word_1_705' title='bbox 508 2397 544 2428; x_wconf 83' lang='lat' dir='ltr'><strong>et</strong></span> <span class='ocrx_word' id='word_1_706' title='bbox 566 2393 626 2429; x_wconf 87' lang='lat' dir='ltr'><strong>dei</strong></span> <span class='ocrx_word' id='word_1_707' title='bbox 646 2398 731 2429; x_wconf 81' lang='lat' dir='ltr'><strong>ante</strong></span> <span class='ocrx_word' id='word_1_708' title='bbox 754 2395 875 2430; x_wconf 84' lang='lat' dir='ltr'><strong>omnia</strong></span> <span class='ocrx_word' id='word_1_709' title='bbox 898 2405 1056 2436; x_wconf 88' lang='lat' dir='ltr'><strong>memor,·</strong></span> <span class='ocrx_word' id='word_1_710' title='bbox 1094 2395 1157 2441; x_wconf 86' lang='lat' dir='ltr'><strong>qui</strong></span> <span class='ocrx_word' id='word_1_711' title='bbox 1189 2395 1323 2431; x_wconf 84' lang='lat' dir='ltr'><strong>tributa</strong></span> <span class='ocrx_word' id='word_1_712' title='bbox 1347 2395 1489 2441; x_wconf 85' lang='lat' dir='ltr'><strong>quidem</strong></span> <span class='ocrx_word' id='word_1_713' title='bbox 1511 2395 1660 2442; x_wconf 80' lang='lat' dir='ltr'><strong>publica</strong></span> 
     </span>
    </p>
   </div>
   <div class='ocr_carea' id='block_1_37' title="bbox 257 2346 841 2385">
    <p class='ocr_par' dir='ltr' id='par_1_37' title="bbox 257 2346 841 2385">
     <span class='ocr_line' id='line_1_85' title="bbox 257 2346 841 2385; baseline 0.01 -6"><span class='ocrx_word' id='word_1_714' title='bbox 257 2346 351 2381; x_wconf 81' lang='lat' dir='ltr'><strong>inter</strong></span> <span class='ocrx_word' id='word_1_715' title='bbox 372 2348 579 2383; x_wconf 78' lang='lat' dir='ltr'><strong>sacerdotes</strong></span> <span class='ocrx_word' id='word_1_716' title='bbox 601 2353 841 2385; x_wconf 85' lang='lat' dir='ltr'><strong>numerentur.</strong></span> 
     </span>
    </p>
   </div>
   <div class='ocr_carea' id='block_1_38' title="bbox 1716 2396 2478 2443">
    <p class='ocr_par' dir='ltr' id='par_1_38' title="bbox 1716 2396 2478 2443">
     <span class='ocr_line' id='line_1_86' title="bbox 1716 2396 2478 2443; baseline 0.001 -11"><span class='ocrx_word' id='word_1_717' title='bbox 1716 2407 1757 2432; x_wconf 88' lang='lat' dir='ltr'><strong>er</strong></span> <span class='ocrx_word' id='word_1_718' title='bbox 1777 2396 2043 2443; x_wconf 81' lang='lat' dir='ltr'><strong>proconsulare</strong></span> <span class='ocrx_word' id='word_1_719' title='bbox 2074 2397 2237 2443; x_wconf 77' lang='lat' dir='ltr'><strong>officium</strong></span> <span class='ocrx_word' id='word_1_720' title='bbox 2266 2406 2345 2432; x_wconf 82' lang='lat' dir='ltr'><strong>sme</strong></span> <span class='ocrx_word' id='word_1_721' title='bbox 2372 2406 2478 2433; x_wconf 84' lang='lat' dir='ltr'><strong>mora</strong></span> 
     </span>
    </p>
   </div>
   <div class='ocr_carea' id='block_1_39' title="bbox 257 2435 2479 2656">
    <p class='ocr_par' dir='ltr' id='par_1_39' title="bbox 257 2435 2479 2656">
     <span class='ocr_line' id='line_1_87' title="bbox 257 2435 2479 2492; baseline 0.004 -23"><span class='ocrx_word' id='word_1_722' title='bbox 257 2435 452 2481; x_wconf 81' lang='lat' dir='ltr'><strong>inferenda</strong></span> <span class='ocrx_word' id='word_1_723' title='bbox 484 2438 641 2481; x_wconf 85' lang='lat' dir='ltr'><strong>curabit,</strong></span> <span class='ocrx_word' id='word_1_724' title='bbox 675 2439 848 2475; x_wconf 83' lang='lat' dir='ltr'><strong>tamiacos</strong></span> <span class='ocrx_word' id='word_1_725' title='bbox 878 2451 962 2476; x_wconf 85' lang='lat' dir='ltr'><strong>vero</strong></span> <span class='ocrx_word' id='word_1_726' title='bbox 991 2440 1129 2488; x_wconf 85' lang='lat' dir='ltr'><strong>reditus</strong></span> <span class='ocrx_word' id='word_1_727' title='bbox 1149 2451 1223 2487; x_wconf 89' lang='lat' dir='ltr'><strong>per</strong></span> <span class='ocrx_word' id='word_1_728' title='bbox 1242 2451 1428 2492; x_wconf 75' lang='lat' dir='ltr'><strong>personas</strong></span> <span class='ocrx_word' id='word_1_729' title='bbox 1456 2440 1512 2475; x_wconf 84' lang='lat' dir='ltr'><strong>illi</strong></span> <span class='ocrx_word' id='word_1_730' title='bbox 1541 2440 1620 2476; x_wconf 86' lang='lat' dir='ltr'><strong>sedi</strong></span> <span class='ocrx_word' id='word_1_731' title='bbox 1649 2452 1671 2477; x_wconf 91' lang='grc' dir='ltr'><strong><em>ο</em></strong></span> <span class='ocrx_word' id='word_1_732' title='bbox 1685 2452 1734 2476; x_wconf 77' lang='lat' dir='ltr'><strong>zm</strong></span> <span class='ocrx_word' id='word_1_733' title='bbox 1756 2441 1919 2477; x_wconf 84' lang='lat' dir='ltr'><strong>subditas</strong></span> <span class='ocrx_word' id='word_1_734' title='bbox 1949 2441 2100 2485; x_wconf 78' lang='lat' dir='ltr'><strong>invehet,</strong></span> <span class='ocrx_word' id='word_1_735' title='bbox 2131 2447 2242 2488; x_wconf 80' lang='lat' dir='ltr'><strong>atque</strong></span> <span class='ocrx_word' id='word_1_736' title='bbox 2263 2441 2311 2477; x_wconf 70' lang='lat' dir='ltr'><strong>iis</strong></span> <span class='ocrx_word' id='word_1_737' title='bbox 2332 2451 2479 2488; x_wconf 68' lang='lat' dir='ltr'><strong>quoquc</strong></span> 
     </span>
     <span class='ocr_line' id='line_1_88' title="bbox 259 2482 2478 2539; baseline 0.005 -26"><span class='ocrx_word' id='word_1_738' title='bbox 259 2491 407 2526; x_wconf 78' lang='lat' dir='ltr'><strong>operam</strong></span> <span class='ocrx_word' id='word_1_739' title='bbox 433 2482 533 2517; x_wconf 87' lang='lat' dir='ltr'><strong>dabit</strong></span> <span class='ocrx_word' id='word_1_740' title='bbox 560 2494 654 2528; x_wconf 85' lang='lat' dir='ltr'><strong>quae</strong></span> <span class='ocrx_word' id='word_1_741' title='bbox 677 2495 727 2519; x_wconf 80' lang='lat' dir='ltr'><strong>ex</strong></span> <span class='ocrx_word' id='word_1_742' title='bbox 756 2485 1012 2520; x_wconf 84' lang='lat' dir='ltr'><strong>consuetudine</strong></span> <span class='ocrx_word' id='word_1_743' title='bbox 1041 2496 1065 2520; x_wconf 88' lang='lat' dir='ltr'><strong>a</strong></span> <span class='ocrx_word' id='word_1_744' title='bbox 1094 2485 1367 2531; x_wconf 76' lang='lat' dir='ltr'><strong>qlorioszssimis</strong></span> <span class='ocrx_word' id='word_1_745' title='bbox 1392 2486 1616 2533; x_wconf 84' lang='lat' dir='ltr'><strong>praepositis</strong></span> <span class='ocrx_word' id='word_1_746' title='bbox 1644 2486 1743 2521; x_wconf 88' lang='lat' dir='ltr'><strong>sacri</strong></span> <span class='ocrx_word' id='word_1_747' title='bbox 1773 2487 1891 2522; x_wconf 86' lang='lat' dir='ltr'><strong>nostri</strong></span> <span class='ocrx_word' id='word_1_748' title='bbox 1921 2486 2076 2523; x_wconf 82' lang='lat' dir='ltr'><strong>cubiculi</strong></span> <span class='ocrx_word' id='word_1_749' title='bbox 2098 2487 2399 2539; x_wconf 39' lang='lat' dir='ltr'><strong>praecipiuntur-.-</strong></span> <span class='ocrx_word' id='word_1_750' title='bbox 2434 2489 2478 2523; x_wconf 76' lang='lat' dir='ltr'><strong>ut</strong></span> 
     </span>
     <span class='ocr_line' id='line_1_89' title="bbox 258 2525 2476 2579; baseline 0.004 -20"><span class='ocrx_word' id='word_1_751' title='bbox 258 2525 321 2569; x_wconf 85' lang='lat' dir='ltr'><strong>qui</strong></span> <span class='ocrx_word' id='word_1_752' title='bbox 343 2526 393 2560; x_wconf 88' lang='lat' dir='ltr'><strong>ad</strong></span> <span class='ocrx_word' id='word_1_753' title='bbox 417 2530 554 2572; x_wconf 85' lang='lat' dir='ltr'><strong>tempus</strong></span> <span class='ocrx_word' id='word_1_754' title='bbox 577 2539 600 2562; x_wconf 90' lang='lat' dir='ltr'><strong>a</strong></span> <span class='ocrx_word' id='word_1_755' title='bbox 622 2528 884 2574; x_wconf 79' lang='lat' dir='ltr'><strong>qloriosissimo</strong></span> <span class='ocrx_word' id='word_1_756' title='bbox 906 2530 1118 2576; x_wconf 85' lang='lat' dir='ltr'><strong>praeposito</strong></span> <span class='ocrx_word' id='word_1_757' title='bbox 1143 2531 1355 2566; x_wconf 80' lang='lat' dir='ltr'><strong>emittuntur</strong></span> <span class='ocrx_word' id='word_1_758' title='bbox 1377 2531 1603 2566; x_wconf 82' lang='lat' dir='ltr'><strong>canonicarii</strong></span> <span class='ocrx_word' id='word_1_759' title='bbox 1625 2542 1671 2566; x_wconf 89' lang='lat' dir='ltr'><strong>ne</strong></span> <span class='ocrx_word' id='word_1_760' title='bbox 1685 2542 1795 2567; x_wconf 87' lang='lat' dir='ltr'><strong>unum</strong></span> <span class='ocrx_word' id='word_1_761' title='bbox 1818 2531 1962 2577; x_wconf 85' lang='lat' dir='ltr'><strong>quidem</strong></span> <span class='ocrx_word' id='word_1_762' title='bbox 1986 2531 2129 2568; x_wconf 86' lang='lat' dir='ltr'><strong>obolum</strong></span> <span class='ocrx_word' id='word_1_763' title='bbox 2141 2535 2290 2579; x_wconf 80' lang='lat' dir='ltr'><strong>possmt</strong></span> <span class='ocrx_word' id='word_1_764' title='bbox 2310 2540 2476 2578; x_wconf 64' lang='lat' dir='ltr'><strong>occupare</strong></span> 
     </span>
     <span class='ocr_line' id='line_1_90' title="bbox 257 2570 2478 2656; baseline 0.004 -53"><span class='ocrx_word' id='word_1_765' title='bbox 257 2570 332 2604; x_wconf 84' lang='lat' dir='ltr'><strong>sive</strong></span> <span class='ocrx_word' id='word_1_766' title='bbox 355 2572 651 2608; x_wconf 76' lang='lat' dir='ltr'><strong>consuetudinum</strong></span> <span class='ocrx_word' id='word_1_767' title='bbox 676 2574 817 2609; x_wconf 86' lang='lat' dir='ltr'><strong>nomine</strong></span> <span class='ocrx_word' id='word_1_768' title='bbox 846 2575 920 2610; x_wconf 85' lang='lat' dir='ltr'><strong>sive</strong></span> <span class='ocrx_word' id='word_1_769' title='bbox 944 2575 1039 2610; x_wconf 87' lang='lat' dir='ltr'><strong>alius</strong></span> <span class='ocrx_word' id='word_1_770' title='bbox 1062 2575 1334 2655; x_wconf 70' lang='lat' dir='ltr'><strong>qualiscumque</strong></span> <span class='ocrx_word' id='word_1_771' title='bbox 1363 2586 1497 2611; x_wconf 86' lang='lat' dir='ltr'><strong>causae</strong></span> <span class='ocrx_word' id='word_1_772' title='bbox 1526 2587 1550 2611; x_wconf 93' lang='lat' dir='ltr'><strong>a</strong></span> <span class='ocrx_word' id='word_1_773' title='bbox 1571 2576 1768 2612; x_wconf 84' lang='lat' dir='ltr'><strong>summario</strong></span> <span class='ocrx_word' id='word_1_774' title='bbox 1794 2577 1864 2656; x_wconf 57' lang='lat' dir='ltr'><strong>Jui</strong></span> <span class='ocrx_word' id='word_1_775' title='bbox 1885 2587 1962 2623; x_wconf 86' lang='lat' dir='ltr'><strong>pro</strong></span> <span class='ocrx_word' id='word_1_776' title='bbox 1995 2581 2155 2630; x_wconf 78' lang='lat' dir='ltr'><strong>tempore</strong></span> <span class='ocrx_word' id='word_1_777' title='bbox 2184 2580 2239 2613; x_wconf 86' lang='lat' dir='ltr'><strong>est</strong></span> <span class='ocrx_word' id='word_1_778' title='bbox 2267 2576 2324 2613; x_wconf 81' lang='lat' dir='ltr'><strong>vel</strong></span> <span class='ocrx_word' id='word_1_779' title='bbox 2343 2575 2391 2612; x_wconf 74' lang='lat' dir='ltr'><strong>iis</strong></span> <span class='ocrx_word' id='word_1_780' title='bbox 2411 2575 2478 2623; x_wconf 70' lang='lat' dir='ltr'><strong>qui</strong></span> 
     </span>
    </p>
   </div>
   <div class='ocr_carea' id='block_1_40' title="bbox 254 2614 1129 2711">
    <p class='ocr_par' dir='ltr' id='par_1_40' title="bbox 254 2614 1129 2711">
     <span class='ocr_line' id='line_1_91' title="bbox 258 2614 1059 2666; baseline 0.01 -19"><span class='ocrx_word' id='word_1_781' title='bbox 258 2614 424 2659; x_wconf 85' lang='lat' dir='ltr'><strong>publicas</strong></span> <span class='ocrx_word' id='word_1_782' title='bbox 447 2617 655 2652; x_wconf 71' lang='lat' dir='ltr'><strong>easactiones</strong></span> <span class='ocrx_word' id='word_1_783' title='bbox 676 2619 824 2662; x_wconf 83' lang='lat' dir='ltr'><strong>faciunt</strong></span> <span class='ocrx_word' id='word_1_784' title='bbox 853 2619 909 2655; x_wconf 86' lang='lat' dir='ltr'><strong>vel</strong></span> <span class='ocrx_word' id='word_1_785' title='bbox 936 2625 1059 2666; x_wconf 81' lang='lat' dir='ltr'><strong>specta</strong></span> 
     </span>
     <span class='ocr_line' id='line_1_92' title="bbox 254 2660 1129 2711; baseline 0.01 -19"><span class='ocrx_word' id='word_1_786' title='bbox 254 2660 543 2710; x_wconf 64' lang='lat' dir='ltr'><strong>praeposilovel</strong></span> <span class='ocrx_word' id='word_1_787' title='bbox 562 2662 637 2696; x_wconf 85' lang='lat' dir='ltr'><strong>alia</strong></span> <span class='ocrx_word' id='word_1_788' title='bbox 657 2663 908 2710; x_wconf 80' lang='lat' dir='ltr'><strong>qualicumque</strong></span> <span class='ocrx_word' id='word_1_789' title='bbox 922 2676 1086 2711; x_wconf 88' lang='lat' dir='ltr'><strong>persona</strong></span> <span class='ocrx_word' id='word_1_790' title='bbox 1106 2677 1129 2700; x_wconf 87' lang='lat' dir='ltr'><strong>a</strong></span> 
     </span>
    </p>
   </div>
   <div class='ocr_carea' id='block_1_41' title="bbox 1084 2620 1792 2701">
    <p class='ocr_par' dir='ltr' id='par_1_41' title="bbox 1084 2620 1792 2701">
     <span class='ocr_line' id='line_1_93' title="bbox 1084 2620 1792 2701; baseline 0.003 -46"><span class='ocrx_word' id='word_1_791' title='bbox 1084 2620 1125 2655; x_wconf 83' lang='lat' dir='ltr'><strong>ili</strong></span> <span class='ocrx_word' id='word_1_792' title='bbox 1130 2620 1375 2701; x_wconf 47' lang='lat' dir='ltr'><strong>“proconsule</strong></span> <span class='ocrx_word' id='word_1_793' title='bbox 1403 2621 1459 2657; x_wconf 87' lang='lat' dir='ltr'><strong>vel</strong></span> <span class='ocrx_word' id='word_1_794' title='bbox 1487 2621 1614 2667; x_wconf 79' lang='lat' dir='ltr'><strong>officio</strong></span> <span class='ocrx_word' id='word_1_795' title='bbox 1644 2621 1722 2656; x_wconf 82' lang='lat' dir='ltr'><strong>eius</strong></span> <span class='ocrx_word' id='word_1_796' title='bbox 1751 2632 1792 2657; x_wconf 84' lang='lat' dir='ltr'><strong>ve</strong></span> 
     </span>
    </p>
   </div>
   <div class='ocr_carea' id='block_1_42' title="bbox 1836 2618 2477 2674">
    <p class='ocr_par' dir='ltr' id='par_1_42' title="bbox 1836 2618 2477 2674">
     <span class='ocr_line' id='line_1_94' title="bbox 1836 2618 2477 2674; baseline 0.003 -18"><span class='ocrx_word' id='word_1_797' title='bbox 1836 2627 2095 2658; x_wconf 76' lang='lat' dir='ltr'><strong>catasceuastts</strong></span> <span class='ocrx_word' id='word_1_798' title='bbox 2123 2624 2188 2674; x_wconf 78' lang='lat' dir='ltr'><strong>qui</strong></span> <span class='ocrx_word' id='word_1_799' title='bbox 2217 2623 2392 2658; x_wconf 75' lang='lat' dir='ltr'><strong>vocantur</strong></span> <span class='ocrx_word' id='word_1_800' title='bbox 2419 2618 2477 2658; x_wconf 76' lang='lat' dir='ltr'><strong>vol</strong></span> 
     </span>
    </p>
   </div>
   <div class='ocr_carea' id='block_1_43' title="bbox 1168 2665 2476 2713">
    <p class='ocr_par' dir='ltr' id='par_1_43' title="bbox 1168 2665 2476 2713">
     <span class='ocr_line' id='line_1_95' title="bbox 1168 2665 2476 2713; baseline 0.001 -12"><span class='ocrx_word' id='word_1_801' title='bbox 1168 2676 1314 2701; x_wconf 83' lang='lat' dir='ltr'><strong>sacrum</strong></span> <span class='ocrx_word' id='word_1_802' title='bbox 1332 2670 1496 2701; x_wconf 84' lang='lat' dir='ltr'><strong>nostrum</strong></span> <span class='ocrx_word' id='word_1_803' title='bbox 1510 2666 1774 2713; x_wconf 79' lang='lat' dir='ltr'><strong>patrimonium</strong></span> <span class='ocrx_word' id='word_1_804' title='bbox 1789 2667 2001 2713; x_wconf 82' lang='lat' dir='ltr'><strong>pertinente.</strong></span> <span class='ocrx_word' id='word_1_805' title='bbox 2048 2666 2228 2702; x_wconf 69' lang='lat' dir='ltr'><strong>Militares</strong></span> <span class='ocrx_word' id='word_1_806' title='bbox 2247 2677 2331 2702; x_wconf 86' lang='lat' dir='ltr'><strong>vero</strong></span> <span class='ocrx_word' id='word_1_807' title='bbox 2347 2665 2476 2712; x_wconf 73' lang='lat' dir='ltr'><strong>copiae</strong></span> 
     </span>
    </p>
   </div>
   <div class='ocr_carea' id='block_1_44' title="bbox 259 2708 2475 2763">
    <p class='ocr_par' dir='ltr' id='par_1_44' title="bbox 259 2708 2475 2763">
     <span class='ocr_line' id='line_1_96' title="bbox 259 2708 2475 2763; baseline 0.005 -26"><span class='ocrx_word' id='word_1_808' title='bbox 259 2708 403 2749; x_wconf 76' lang='lat' dir='ltr'><strong>utreque</strong></span> <span class='ocrx_word' id='word_1_809' title='bbox 426 2716 550 2756; x_wconf 78' lang='lat' dir='ltr'><strong>earum</strong></span> <span class='ocrx_word' id='word_1_810' title='bbox 570 2717 739 2741; x_wconf 86' lang='lat' dir='ltr'><strong>curarum</strong></span> <span class='ocrx_word' id='word_1_811' title='bbox 758 2708 976 2751; x_wconf 85' lang='lat' dir='ltr'><strong>subvenient,</strong></span> <span class='ocrx_word' id='word_1_812' title='bbox 1000 2714 1036 2745; x_wconf 90' lang='lat' dir='ltr'><strong>et</strong></span> <span class='ocrx_word' id='word_1_813' title='bbox 1054 2710 1228 2746; x_wconf 83' lang='lat' dir='ltr'><strong>satellites</strong></span> <span class='ocrx_word' id='word_1_814' title='bbox 1243 2711 1451 2757; x_wconf 86' lang='lat' dir='ltr'><strong>potentium</strong></span> <span class='ocrx_word' id='word_1_815' title='bbox 1473 2711 1671 2757; x_wconf 79' lang='lat' dir='ltr'><strong>repriment</strong></span> <span class='ocrx_word' id='word_1_816' title='bbox 1692 2721 1759 2746; x_wconf 88' lang='lat' dir='ltr'><strong>nec</strong></span> <span class='ocrx_word' id='word_1_817' title='bbox 1776 2711 1932 2757; x_wconf 82' lang='lat' dir='ltr'><strong>praedia</strong></span> <span class='ocrx_word' id='word_1_818' title='bbox 1952 2712 2092 2747; x_wconf 84' lang='lat' dir='ltr'><strong>vastari</strong></span> <span class='ocrx_word' id='word_1_819' title='bbox 2109 2716 2145 2748; x_wconf 84' lang='lat' dir='ltr'><strong>ct</strong></span> <span class='ocrx_word' id='word_1_820' title='bbox 2159 2711 2315 2758; x_wconf 66' lang='lat' dir='ltr'><strong>spoliari</strong></span> <span class='ocrx_word' id='word_1_821' title='bbox 2349 2710 2475 2763; x_wconf 36' lang='lat' dir='ltr'><strong>‘atien-</strong></span> 
     </span>
    </p>
   </div>
   <div class='ocr_carea' id='block_1_45' title="bbox 261 2750 686 2796">
    <p class='ocr_par' dir='ltr' id='par_1_45' title="bbox 261 2750 686 2796">
     <span class='ocr_line' id='line_1_97' title="bbox 261 2750 686 2796; baseline 0.009 -14"><span class='ocrx_word' id='word_1_822' title='bbox 261 2754 341 2790; x_wconf 86' lang='lat' dir='ltr'><strong>tur,·</strong></span> <span class='ocrx_word' id='word_1_823' title='bbox 363 2760 478 2794; x_wconf 86' lang='lat' dir='ltr'><strong>neque</strong></span> <span class='ocrx_word' id='word_1_824' title='bbox 500 2760 578 2796; x_wconf 75' lang='lat' dir='ltr'><strong>ipse</strong></span> <span class='ocrx_word' id='word_1_825' title='bbox 598 2750 686 2786; x_wconf 63' lang='lat' dir='ltr'><strong>llaec</strong></span> 
     </span>
    </p>
   </div>
   <div class='ocr_carea' id='block_1_46' title="bbox 258 2754 2004 2852">
    <p class='ocr_par' dir='ltr' id='par_1_46' title="bbox 258 2754 2004 2852">
     <span class='ocr_line' id='line_1_98' title="bbox 700 2754 2004 2832; baseline 0.004 -45"><span class='ocrx_word' id='word_1_826' title='bbox 700 2754 980 2832; x_wconf 58' lang='lat' dir='ltr'><strong>praetermittet,</strong></span> <span class='ocrx_word' id='word_1_827' title='bbox 1008 2755 1104 2790; x_wconf 82' lang='lat' dir='ltr'><strong>sicut</strong></span> <span class='ocrx_word' id='word_1_828' title='bbox 1122 2755 1268 2806; x_wconf 81' lang='lat' dir='ltr'><strong>priores</strong></span> <span class='ocrx_word' id='word_1_829' title='bbox 1291 2756 1442 2807; x_wconf 68' lang='lat' dir='ltr'><strong>comites</strong></span> <span class='ocrx_word' id='word_1_830' title='bbox 1458 2755 1656 2808; x_wconf 61' lang='lat' dir='ltr'><strong>faciebant:</strong></span> <span class='ocrx_word' id='word_1_831' title='bbox 1709 2757 1759 2807; x_wconf 65' lang='lat' dir='ltr'><strong>At</strong></span> <span class='ocrx_word' id='word_1_832' title='bbox 1780 2767 1826 2792; x_wconf 82' lang='lat' dir='ltr'><strong>ne</strong></span> <span class='ocrx_word' id='word_1_833' title='bbox 1848 2756 2004 2805; x_wconf 80' lang='lat' dir='ltr'><strong>vicarios</strong></span> 
     </span>
     <span class='ocr_line' id='line_1_99' title="bbox 258 2793 1953 2852; baseline 0.005 -25"><span class='ocrx_word' id='word_1_834' title='bbox 258 2793 283 2828; x_wconf 79' lang='lat'>2</span> <span class='ocrx_word' id='word_1_835' title='bbox 338 2793 497 2845; x_wconf 80' lang='lat' dir='ltr'><strong>locorum</strong></span> <span class='ocrx_word' id='word_1_836' title='bbox 521 2795 704 2840; x_wconf 80' lang='lat' dir='ltr'><strong>defensori</strong></span> <span class='ocrx_word' id='word_1_837' title='bbox 730 2808 772 2831; x_wconf 89' lang='lat' dir='ltr'><strong>us</strong></span> <span class='ocrx_word' id='word_1_838' title='bbox 794 2802 829 2832; x_wconf 88' lang='lat' dir='ltr'><strong>et</strong></span> <span class='ocrx_word' id='word_1_839' title='bbox 851 2809 897 2832; x_wconf 83' lang='lat' dir='ltr'><strong>us</strong></span> <span class='ocrx_word' id='word_1_840' title='bbox 920 2800 983 2844; x_wconf 87' lang='lat' dir='ltr'><strong>qui</strong></span> <span class='ocrx_word' id='word_1_841' title='bbox 1009 2811 1060 2835; x_wconf 80' lang='lat' dir='ltr'><strong>ex</strong></span> <span class='ocrx_word' id='word_1_842' title='bbox 1091 2801 1206 2852; x_wconf 81' lang='lat' dir='ltr'><strong>ipszus</strong></span> <span class='ocrx_word' id='word_1_843' title='bbox 1228 2805 1314 2836; x_wconf 88' lang='lat' dir='ltr'><strong>sunt</strong></span> <span class='ocrx_word' id='word_1_844' title='bbox 1337 2801 1464 2846; x_wconf 70' lang='lat' dir='ltr'><strong>officio</strong></span> <span class='ocrx_word' id='word_1_845' title='bbox 1494 2800 1544 2836; x_wconf 86' lang='lat' dir='ltr'><strong>ad</strong></span> <span class='ocrx_word' id='word_1_846' title='bbox 1565 2804 1800 2836; x_wconf 71' lang='lat' dir='ltr'><strong>ministerium</strong></span> <span class='ocrx_word' id='word_1_847' title='bbox 1823 2805 1953 2837; x_wconf 88' lang='lat' dir='ltr'><strong>utetur.</strong></span> 
     </span>
    </p>
   </div>
   <div class='ocr_carea' id='block_1_47' title="bbox 2052 2721 2476 2802">
    <p class='ocr_par' dir='ltr' id='par_1_47' title="bbox 2052 2721 2476 2802">
     <span class='ocr_line' id='line_1_100' title="bbox 2052 2721 2476 2802; baseline 0.002 -11"><span class='ocrx_word' id='word_1_848' title='bbox 2052 2756 2170 2792; x_wconf 83' lang='lat' dir='ltr'><strong>uidem</strong></span> <span class='ocrx_word' id='word_1_849' title='bbox 2192 2721 2382 2802; x_wconf 42' lang='lat' dir='ltr'><strong>delegasti</strong></span> <span class='ocrx_word' id='word_1_850' title='bbox 2410 2753 2476 2792; x_wconf 77' lang='lat' dir='ltr'><strong>sed</strong></span> 
     </span>
    </p>
   </div>
   <div class='ocr_carea' id='block_1_48' title="bbox 255 2841 2476 2983">
    <p class='ocr_par' dir='ltr' id='par_1_48' title="bbox 255 2841 2476 2983">
     <span class='ocr_line' id='line_1_101' title="bbox 258 2841 2475 2926; baseline 0.004 -54"><span class='ocrx_word' id='word_1_851' title='bbox 258 2849 403 2891; x_wconf 68' lang='lat' dir='ltr'><strong>quoque</strong></span> <span class='ocrx_word' id='word_1_852' title='bbox 426 2850 458 2874; x_wconf 78' lang='lat' dir='ltr'><strong>et</strong></span> <span class='ocrx_word' id='word_1_853' title='bbox 482 2850 574 2890; x_wconf 77' lang='lat' dir='ltr'><strong>opus</strong></span> <span class='ocrx_word' id='word_1_854' title='bbox 596 2841 676 2882; x_wconf 82' lang='lat' dir='ltr'><strong>erit,</strong></span> <span class='ocrx_word' id='word_1_855' title='bbox 700 2852 762 2876; x_wconf 87' lang='lat' dir='ltr'><strong>eos</strong></span> <span class='ocrx_word' id='word_1_856' title='bbox 785 2842 848 2887; x_wconf 86' lang='lat' dir='ltr'><strong>qui</strong></span> <span class='ocrx_word' id='word_1_857' title='bbox 869 2850 955 2878; x_wconf 88' lang='lat' dir='ltr'><strong>sunt</strong></span> <span class='ocrx_word' id='word_1_858' title='bbox 985 2845 1022 2879; x_wconf 87' lang='lat' dir='ltr'><strong>in</strong></span> <span class='ocrx_word' id='word_1_859' title='bbox 1046 2845 1147 2896; x_wconf 76' lang='lat' dir='ltr'><strong>locis,</strong></span> <span class='ocrx_word' id='word_1_860' title='bbox 1171 2845 1235 2880; x_wconf 86' lang='lat' dir='ltr'><strong>ubi</strong></span> <span class='ocrx_word' id='word_1_861' title='bbox 1262 2846 1455 2881; x_wconf 83' lang='lat' dir='ltr'><strong>necessitas</strong></span> <span class='ocrx_word' id='word_1_862' title='bbox 1471 2845 1661 2897; x_wconf 74' lang='lat' dir='ltr'><strong>postulat,</strong></span> <span class='ocrx_word' id='word_1_863' title='bbox 1693 2845 1870 2898; x_wconf 74' lang='lat' dir='ltr'><strong>opitulari</strong></span> <span class='ocrx_word' id='word_1_864' title='bbox 1896 2845 2051 2898; x_wconf 72' lang='lat' dir='ltr'><strong>iubebtt;</strong></span> <span class='ocrx_word' id='word_1_865' title='bbox 2083 2851 2195 2893; x_wconf 85' lang='lat' dir='ltr'><strong>atque</strong></span> <span class='ocrx_word' id='word_1_866' title='bbox 2213 2844 2252 2881; x_wconf 77' lang='grc' dir='ltr'><strong>1ιί</strong></span> <span class='ocrx_word' id='word_1_867' title='bbox 2272 2843 2475 2926; x_wconf 53' lang='lat' dir='ltr'><strong>sumgetibtoe</strong></span> 
     </span>
     <span class='ocr_line' id='line_1_102' title="bbox 255 2888 2476 2944; baseline 0.005 -28"><span class='ocrx_word' id='word_1_868' title='bbox 255 2894 420 2935; x_wconf 77' lang='lat' dir='ltr'><strong>proprus</strong></span> <span class='ocrx_word' id='word_1_869' title='bbox 443 2894 562 2935; x_wconf 72' lang='lat' dir='ltr'><strong>omnia</strong></span> <span class='ocrx_word' id='word_1_870' title='bbox 582 2890 762 2931; x_wconf 77' lang='lat' dir='ltr'><strong>peraqent</strong></span> <span class='ocrx_word' id='word_1_871' title='bbox 784 2898 898 2937; x_wconf 81' lang='lat' dir='ltr'><strong>neque</strong></span> <span class='ocrx_word' id='word_1_872' title='bbox 924 2888 998 2923; x_wconf 89' lang='lat' dir='ltr'><strong>ullo</strong></span> <span class='ocrx_word' id='word_1_873' title='bbox 1023 2889 1186 2925; x_wconf 77' lang='lat' dir='ltr'><strong>subditos</strong></span> <span class='ocrx_word' id='word_1_874' title='bbox 1209 2890 1341 2926; x_wconf 88' lang='lat' dir='ltr'><strong>damno</strong></span> <span class='ocrx_word' id='word_1_875' title='bbox 1371 2890 1540 2941; x_wconf 72' lang='lat' dir='ltr'><strong>afficient</strong></span> <span class='ocrx_word' id='word_1_876' title='bbox 1567 2901 1683 2936; x_wconf 84' lang='lat' dir='ltr'><strong>neque</strong></span> <span class='ocrx_word' id='word_1_877' title='bbox 1711 2895 1832 2942; x_wconf 56' lang='lat' dir='ltr'><strong>gratus</strong></span> <span class='ocrx_word' id='word_1_878' title='bbox 1853 2901 2047 2943; x_wconf 73' lang='lat' dir='ltr'><strong>qumquam</strong></span> <span class='ocrx_word' id='word_1_879' title='bbox 2070 2894 2290 2943; x_wconf 72' lang='lat' dir='ltr'><strong>cpnsument.</strong></span> <span class='ocrx_word' id='word_1_880' title='bbox 2388 2888 2476 2944; x_wconf 54' lang='lat'><strong>5140!</strong></span> 
     </span>
     <span class='ocr_line' id='line_1_103' title="bbox 256 2927 2474 2983; baseline 0.005 -21"><span class='ocrx_word' id='word_1_881' title='bbox 256 2939 336 2974; x_wconf 70' lang='lat' dir='ltr'><strong>epse</strong></span> <span class='ocrx_word' id='word_1_882' title='bbox 370 2927 427 2963; x_wconf 79' lang='lat' dir='ltr'><strong>lus</strong></span> <span class='ocrx_word' id='word_1_883' title='bbox 461 2929 659 2971; x_wconf 70' lang='lat' dir='ltr'><strong>abstenebit,</strong></span> <span class='ocrx_word' id='word_1_884' title='bbox 689 2941 857 2976; x_wconf 80' lang='lat' dir='ltr'><strong>proprus</strong></span> <span class='ocrx_word' id='word_1_885' title='bbox 889 2934 1089 2979; x_wconf 84' lang='lat' dir='ltr'><strong>sumptibus</strong></span> <span class='ocrx_word' id='word_1_886' title='bbox 1120 2939 1226 2970; x_wconf 86' lang='lat' dir='ltr'><strong>utens</strong></span> <span class='ocrx_word' id='word_1_887' title='bbox 1259 2935 1472 2981; x_wconf 85' lang='lat' dir='ltr'><strong>ubicumque</strong></span> <span class='ocrx_word' id='word_1_888' title='bbox 1504 2939 1562 2978; x_wconf 77' lang='lat' dir='ltr'><strong>szt,</strong></span> <span class='ocrx_word' id='word_1_889' title='bbox 1597 2935 1736 2971; x_wconf 73' lang='lat' dir='ltr'><strong>etiamst</strong></span> <span class='ocrx_word' id='word_1_890' title='bbox 1767 2935 1818 2971; x_wconf 88' lang='lat' dir='ltr'><strong>ad</strong></span> <span class='ocrx_word' id='word_1_891' title='bbox 1850 2935 1960 2971; x_wconf 74' lang='lat' dir='ltr'><strong>altam</strong></span> <span class='ocrx_word' id='word_1_892' title='bbox 1983 2947 2214 2983; x_wconf 71' lang='lat' dir='ltr'><strong>provmctam</strong></span> <span class='ocrx_word' id='word_1_893' title='bbox 2243 2946 2325 2972; x_wconf 83' lang='lat' dir='ltr'><strong>eum</strong></span> <span class='ocrx_word' id='word_1_894' title='bbox 2355 2944 2474 2974; x_wconf 63' lang='lat' dir='ltr'><strong>veno-c</strong></span> 
     </span>
    </p>
   </div>
   <div class='ocr_carea' id='block_1_49' title="bbox 254 3017 1331 3641">
    <p class='ocr_par' dir='ltr' id='par_1_49' title="bbox 254 3017 1331 3641">
     <span class='ocr_line' id='line_1_104' title="bbox 307 3017 1329 3067; baseline 0.006 -15"><span class='ocrx_word' id='word_1_895' title='bbox 307 3024 320 3054; x_wconf 84' lang='lat'>1</span> <span class='ocrx_word' id='word_1_896' title='bbox 347 3018 414 3061; x_wconf 86' lang='grc' dir='ltr'><strong>τὴν</strong></span> <span class='ocrx_word' id='word_1_897' title='bbox 433 3017 569 3061; x_wconf 85' lang='grc' dir='ltr'><strong><em>πολλὴν</em></strong></span> <span class='ocrx_word' id='word_1_898' title='bbox 583 3021 614 3052; x_wconf 91' lang='lat' dir='ltr'><em>L</em></span> <span class='ocrx_word' id='word_1_899' title='bbox 630 3019 642 3063; x_wconf 93' lang='grc'><strong>11</strong></span> <span class='ocrx_word' id='word_1_900' title='bbox 661 3023 681 3053; x_wconf 79' lang='grc'><strong>4</strong></span> <span class='ocrx_word' id='word_1_901' title='bbox 706 3018 822 3060; x_wconf 74' lang='grc' dir='ltr'><strong><em>οὐδὲν]</em></strong></span> <span class='ocrx_word' id='word_1_902' title='bbox 849 3032 907 3053; x_wconf 89' lang='lat' dir='ltr'><strong>ncc</strong></span> <span class='ocrx_word' id='word_1_903' title='bbox 929 3024 961 3061; x_wconf 76' lang='lat' dir='ltr'><strong>(i.</strong></span> <span class='ocrx_word' id='word_1_904' title='bbox 976 3036 1000 3055; x_wconf 84' lang='lat' dir='ltr'><strong>e.</strong></span> <span class='ocrx_word' id='word_1_905' title='bbox 1014 3021 1108 3061; x_wconf 77' lang='grc' dir='ltr'><strong><em>οὐδὲ)</em></strong></span> <span class='ocrx_word' id='word_1_906' title='bbox 1128 3037 1146 3060; x_wconf 82' lang='grc' dir='ltr'><strong><em>ς</em></strong></span> <span class='ocrx_word' id='word_1_907' title='bbox 1163 3025 1175 3067; x_wconf 92' lang='grc'><strong>11</strong></span> <span class='ocrx_word' id='word_1_908' title='bbox 1194 3028 1211 3058; x_wconf 81' lang='lat'><strong>7</strong></span> <span class='ocrx_word' id='word_1_909' title='bbox 1236 3027 1329 3066; x_wconf 78' lang='grc' dir='ltr'><strong><em>ἔχειν</em></strong></span> 
     </span>
     <span class='ocr_line' id='line_1_105' title="bbox 257 3059 1330 3114; baseline 0.005 -16"><span class='ocrx_word' id='word_1_910' title='bbox 257 3066 308 3098; x_wconf 79' lang='lat' dir='ltr'><strong>B⁶</strong></span> <span class='ocrx_word' id='word_1_911' title='bbox 320 3065 331 3107; x_wconf 87' lang='grc'><strong>11</strong></span> <span class='ocrx_word' id='word_1_912' title='bbox 344 3066 364 3099; x_wconf 90' lang='grc'>8</span> <span class='ocrx_word' id='word_1_913' title='bbox 377 3059 575 3110; x_wconf 70' lang='grc' dir='ltr'><strong><em>*ὑπάρχων</em></strong></span> <span class='ocrx_word' id='word_1_914' title='bbox 589 3066 664 3097; x_wconf 83' lang='lat' dir='ltr'><strong>libri</strong></span> <span class='ocrx_word' id='word_1_915' title='bbox 679 3064 691 3107; x_wconf 92' lang='grc'><strong>11</strong></span> <span class='ocrx_word' id='word_1_916' title='bbox 711 3067 749 3098; x_wconf 83' lang='grc'><strong>11</strong></span> <span class='ocrx_word' id='word_1_917' title='bbox 768 3064 839 3097; x_wconf 85' lang='grc' dir='ltr'><strong><em>εἶεν</em></strong></span> <span class='ocrx_word' id='word_1_918' title='bbox 853 3067 1057 3108; x_wconf 83' lang='lat' dir='ltr'><strong>Haloander]</strong></span> <span class='ocrx_word' id='word_1_919' title='bbox 1071 3068 1163 3101; x_wconf 84' lang='grc' dir='ltr'><strong><em>εἰσὶν</em></strong></span> <span class='ocrx_word' id='word_1_920' title='bbox 1176 3070 1307 3106; x_wconf 63' lang='grc' dir='ltr'><strong><em>ΜΙΣΒς</em></strong></span> <span class='ocrx_word' id='word_1_921' title='bbox 1318 3069 1330 3114; x_wconf 93' lang='grc'><strong>11</strong></span> 
     </span>
     <span class='ocr_line' id='line_1_106' title="bbox 259 3106 1330 3153; baseline 0 -9"><span class='ocrx_word' id='word_1_922' title='bbox 259 3112 300 3144; x_wconf 86' lang='grc'><strong>13</strong></span> <span class='ocrx_word' id='word_1_923' title='bbox 324 3109 386 3152; x_wconf 82' lang='grc' dir='ltr'><strong>τῆς</strong></span> <span class='ocrx_word' id='word_1_924' title='bbox 408 3121 448 3143; x_wconf 75' lang='grc' dir='ltr'><strong>τε</strong></span> <span class='ocrx_word' id='word_1_925' title='bbox 471 3109 579 3143; x_wconf 88' lang='lat' dir='ltr'><strong>om.B</strong></span> <span class='ocrx_word' id='word_1_926' title='bbox 598 3107 610 3153; x_wconf 91' lang='grc'><strong>11</strong></span> <span class='ocrx_word' id='word_1_927' title='bbox 631 3106 737 3142; x_wconf 78' lang='grc' dir='ltr'><strong><em>αὐτὸς</em></strong></span> <span class='ocrx_word' id='word_1_928' title='bbox 760 3110 849 3149; x_wconf 86' lang='grc' dir='ltr'><strong>ΜΒ]</strong></span> <span class='ocrx_word' id='word_1_929' title='bbox 875 3107 980 3152; x_wconf 83' lang='grc' dir='ltr'><strong><em>αὐτῆς</em></strong></span> <span class='ocrx_word' id='word_1_930' title='bbox 1003 3112 1035 3144; x_wconf 91' lang='lat' dir='ltr'><em>L</em></span> <span class='ocrx_word' id='word_1_931' title='bbox 1054 3114 1065 3152; x_wconf 86' lang='grc'><strong>11</strong></span> <span class='ocrx_word' id='word_1_932' title='bbox 1091 3115 1131 3146; x_wconf 88' lang='grc'><strong>14</strong></span> <span class='ocrx_word' id='word_1_933' title='bbox 1155 3111 1330 3148; x_wconf 73' lang='grc' dir='ltr'><strong><em>ἁπάντων</em></strong></span> 
     </span>
     <span class='ocr_line' id='line_1_107' title="bbox 258 3149 1330 3201; baseline -0.004 -13"><span class='ocrx_word' id='word_1_934' title='bbox 258 3156 327 3188; x_wconf 88' lang='lat' dir='ltr'><strong>LB</strong></span> <span class='ocrx_word' id='word_1_935' title='bbox 345 3155 358 3199; x_wconf 92' lang='grc'><strong>11</strong></span> <span class='ocrx_word' id='word_1_936' title='bbox 373 3150 421 3196; x_wconf 72' lang='grc' dir='ltr'><strong>ὃς]</strong></span> <span class='ocrx_word' id='word_1_937' title='bbox 446 3155 501 3187; x_wconf 87' lang='lat' dir='ltr'><strong>hic</strong></span> <span class='ocrx_word' id='word_1_938' title='bbox 519 3155 632 3195; x_wconf 81' lang='lat' dir='ltr'><strong>itaque</strong></span> <span class='ocrx_word' id='word_1_939' title='bbox 653 3165 672 3189; x_wconf 75' lang='grc' dir='ltr'><strong><em>ς</em></strong></span> <span class='ocrx_word' id='word_1_940' title='bbox 688 3154 700 3197; x_wconf 93' lang='grc'><strong>11</strong></span> <span class='ocrx_word' id='word_1_941' title='bbox 721 3156 758 3186; x_wconf 82' lang='grc'><strong>17</strong></span> <span class='ocrx_word' id='word_1_942' title='bbox 784 3149 1030 3197; x_wconf 73' lang='grc' dir='ltr'><strong><em>ὑποκειμένων</em></strong></span> <span class='ocrx_word' id='word_1_943' title='bbox 1045 3157 1114 3197; x_wconf 62' lang='lat' dir='ltr'><strong>Mc]</strong></span> <span class='ocrx_word' id='word_1_944' title='bbox 1140 3154 1330 3201; x_wconf 74' lang='grc' dir='ltr'><strong><em>ὑποκεκλη-</em></strong></span> 
     </span>
     <span class='ocr_line' id='line_1_108' title="bbox 256 3196 1331 3251; baseline 0 -18"><span class='ocrx_word' id='word_1_945' title='bbox 256 3202 379 3243; x_wconf 83' lang='grc' dir='ltr'><strong><em>μένων</em></strong></span> <span class='ocrx_word' id='word_1_946' title='bbox 402 3200 434 3233; x_wconf 90' lang='lat' dir='ltr'><em>L</em></span> <span class='ocrx_word' id='word_1_947' title='bbox 458 3196 675 3241; x_wconf 77' lang='grc' dir='ltr'><strong><em>κεκλιμένων</em></strong></span> <span class='ocrx_word' id='word_1_948' title='bbox 700 3200 735 3231; x_wconf 91' lang='grc' dir='ltr'><em>Β</em></span> <span class='ocrx_word' id='word_1_949' title='bbox 757 3198 770 3242; x_wconf 94' lang='grc' dir='ltr'><strong>ΙΙ</strong></span> <span class='ocrx_word' id='word_1_950' title='bbox 792 3197 919 3251; x_wconf 85' lang='grc' dir='ltr'><strong><em>πρώην</em></strong></span> <span class='ocrx_word' id='word_1_951' title='bbox 945 3201 1068 3242; x_wconf 82' lang='grc' dir='ltr'><strong><em>ἐκείνῳ</em></strong></span> <span class='ocrx_word' id='word_1_952' title='bbox 1096 3203 1129 3233; x_wconf 84' lang='grc' dir='ltr'><em>Β</em></span> <span class='ocrx_word' id='word_1_953' title='bbox 1146 3202 1158 3244; x_wconf 93' lang='grc'><strong>11</strong></span> <span class='ocrx_word' id='word_1_954' title='bbox 1188 3206 1226 3237; x_wconf 82' lang='grc'><strong>18</strong></span> <span class='ocrx_word' id='word_1_955' title='bbox 1250 3202 1331 3236; x_wconf 77' lang='grc' dir='ltr'><strong><em>τοὺς</em></strong></span> 
     </span>
     <span class='ocr_line' id='line_1_109' title="bbox 257 3242 1329 3292; baseline 0.003 -14"><span class='ocrx_word' id='word_1_956' title='bbox 257 3247 288 3279; x_wconf 87' lang='lat' dir='ltr'><em>L</em></span> <span class='ocrx_word' id='word_1_957' title='bbox 306 3246 318 3290; x_wconf 95' lang='grc'><strong>11</strong></span> <span class='ocrx_word' id='word_1_958' title='bbox 336 3246 593 3292; x_wconf 79' lang='grc' dir='ltr'><strong><em>πραττομένοις</em></strong></span> <span class='ocrx_word' id='word_1_959' title='bbox 606 3244 641 3276; x_wconf 89' lang='grc' dir='ltr'><em>Β</em></span> <span class='ocrx_word' id='word_1_960' title='bbox 658 3242 671 3286; x_wconf 94' lang='grc'><strong>11</strong></span> <span class='ocrx_word' id='word_1_961' title='bbox 692 3245 729 3277; x_wconf 86' lang='grc'><strong>19</strong></span> <span class='ocrx_word' id='word_1_962' title='bbox 742 3255 842 3287; x_wconf 88' lang='grc' dir='ltr'><strong><em>παρα</em></strong></span> <span class='ocrx_word' id='word_1_963' title='bbox 853 3244 916 3276; x_wconf 85' lang='grc' dir='ltr'><strong>τοῦ</strong></span> <span class='ocrx_word' id='word_1_964' title='bbox 931 3242 1126 3284; x_wconf 72' lang='grc' dir='ltr'><strong><em>ένδοξοτάτ</em></strong></span> <span class='ocrx_word' id='word_1_965' title='bbox 1140 3251 1329 3290; x_wconf 84' lang='grc' dir='ltr'><strong><em>πραιποσί·</em></strong></span> 
     </span>
     <span class='ocr_line' id='line_1_110' title="bbox 256 3285 1330 3336; baseline 0.001 -12"><span class='ocrx_word' id='word_1_966' title='bbox 256 3291 375 3324; x_wconf 68' lang='grc' dir='ltr'><strong><em>τωνΖ</em></strong></span> <span class='ocrx_word' id='word_1_967' title='bbox 389 3288 501 3333; x_wconf 86' lang='grc' dir='ltr'><strong><em>(παρὰ</em></strong></span> <span class='ocrx_word' id='word_1_968' title='bbox 515 3289 579 3323; x_wconf 85' lang='grc' dir='ltr'><strong>τοῦ</strong></span> <span class='ocrx_word' id='word_1_969' title='bbox 596 3285 830 3328; x_wconf 85' lang='grc' dir='ltr'><strong><em>ἐνδοξοτάτου</em></strong></span> <span class='ocrx_word' id='word_1_970' title='bbox 846 3292 1087 3332; x_wconf 77' lang='grc' dir='ltr'><strong><em>πριιιποσίτου</em></strong></span> <span class='ocrx_word' id='word_1_971' title='bbox 1100 3291 1306 3333; x_wconf 75' lang='grc' dir='ltr'><strong><em>Ηαίοαηιίεν)</em></strong></span> <span class='ocrx_word' id='word_1_972' title='bbox 1319 3292 1330 3336; x_wconf 92' lang='grc'><strong>11</strong></span> 
     </span>
     <span class='ocr_line' id='line_1_111' title="bbox 257 3331 1329 3380; baseline -0.001 -10"><span class='ocrx_word' id='word_1_973' title='bbox 257 3339 298 3370; x_wconf 84' lang='grc'><strong>23</strong></span> <span class='ocrx_word' id='word_1_974' title='bbox 323 3338 371 3376; x_wconf 86' lang='grc' dir='ltr'><strong>τι]</strong></span> <span class='ocrx_word' id='word_1_975' title='bbox 392 3347 433 3369; x_wconf 83' lang='grc' dir='ltr'><strong>τε</strong></span> <span class='ocrx_word' id='word_1_976' title='bbox 445 3335 482 3369; x_wconf 91' lang='grc' dir='ltr'><em>Β</em></span> <span class='ocrx_word' id='word_1_977' title='bbox 499 3333 511 3380; x_wconf 90' lang='grc'><strong>11</strong></span> <span class='ocrx_word' id='word_1_978' title='bbox 530 3336 571 3369; x_wconf 88' lang='grc'><strong>26</strong></span> <span class='ocrx_word' id='word_1_979' title='bbox 591 3331 613 3376; x_wconf 82' lang='grc' dir='ltr'>ἢ</span> <span class='ocrx_word' id='word_1_980' title='bbox 631 3334 692 3375; x_wconf 83' lang='grc' dir='ltr'><strong>τῆς</strong></span> <span class='ocrx_word' id='word_1_981' title='bbox 712 3331 820 3366; x_wconf 77' lang='grc' dir='ltr'><strong><em>αὐτοῦ</em></strong></span> <span class='ocrx_word' id='word_1_982' title='bbox 841 3332 974 3372; x_wconf 80' lang='grc' dir='ltr'><strong><em>τάξεως</em></strong></span> <span class='ocrx_word' id='word_1_983' title='bbox 996 3335 1030 3366; x_wconf 88' lang='grc' dir='ltr'><em>Β</em></span> <span class='ocrx_word' id='word_1_984' title='bbox 1047 3334 1060 3378; x_wconf 90' lang='grc'><strong>11</strong></span> <span class='ocrx_word' id='word_1_985' title='bbox 1079 3337 1118 3368; x_wconf 84' lang='grc'><strong>27</strong></span> <span class='ocrx_word' id='word_1_986' title='bbox 1139 3340 1329 3379; x_wconf 87' lang='grc' dir='ltr'><strong><em>πραιποσί-</em></strong></span> 
     </span>
     <span class='ocr_line' id='line_1_112' title="bbox 255 3378 1329 3424; baseline -0.001 -10"><span class='ocrx_word' id='word_1_987' title='bbox 255 3393 333 3414; x_wconf 88' lang='grc' dir='ltr'><strong>των</strong></span> <span class='ocrx_word' id='word_1_988' title='bbox 357 3382 388 3414; x_wconf 90' lang='lat' dir='ltr'><em>L</em></span> <span class='ocrx_word' id='word_1_989' title='bbox 408 3380 420 3424; x_wconf 90' lang='grc'><strong>11</strong></span> <span class='ocrx_word' id='word_1_990' title='bbox 436 3382 478 3414; x_wconf 89' lang='grc'><strong>29</strong></span> <span class='ocrx_word' id='word_1_991' title='bbox 502 3379 580 3413; x_wconf 81' lang='grc' dir='ltr'><strong>τῶν</strong></span> <span class='ocrx_word' id='word_1_992' title='bbox 603 3378 878 3424; x_wconf 87' lang='grc' dir='ltr'><strong><em>στρατιωτικῶν</em></strong></span> <span class='ocrx_word' id='word_1_993' title='bbox 898 3379 929 3411; x_wconf 94' lang='lat' dir='ltr'><em>L</em></span> <span class='ocrx_word' id='word_1_994' title='bbox 946 3378 957 3417; x_wconf 97' lang='grc' dir='ltr'><strong>ΙΙ</strong></span> <span class='ocrx_word' id='word_1_995' title='bbox 977 3380 1014 3412; x_wconf 89' lang='lat'><strong>31</strong></span> <span class='ocrx_word' id='word_1_996' title='bbox 1043 3379 1275 3421; x_wconf 83' lang='grc' dir='ltr'><strong><em>πορθεῖσθαί</em></strong></span> <span class='ocrx_word' id='word_1_997' title='bbox 1290 3394 1329 3414; x_wconf 86' lang='grc' dir='ltr'><strong>τε</strong></span> 
     </span>
     <span class='ocr_line' id='line_1_113' title="bbox 255 3420 1329 3470; baseline -0.003 -11"><span class='ocrx_word' id='word_1_998' title='bbox 255 3428 315 3459; x_wconf 82' lang='grc' dir='ltr'><strong>καὶ</strong></span> <span class='ocrx_word' id='word_1_999' title='bbox 330 3427 364 3460; x_wconf 90' lang='grc' dir='ltr'><em>Β</em></span> <span class='ocrx_word' id='word_1_1000' title='bbox 380 3426 392 3470; x_wconf 93' lang='grc'><strong>11</strong></span> <span class='ocrx_word' id='word_1_1001' title='bbox 412 3428 454 3460; x_wconf 87' lang='grc'><strong>32</strong></span> <span class='ocrx_word' id='word_1_1002' title='bbox 467 3420 724 3470; x_wconf 72' lang='grc' dir='ltr'><strong><em>παρελεύσεται</em></strong></span> <span class='ocrx_word' id='word_1_1003' title='bbox 737 3423 784 3464; x_wconf 88' lang='grc' dir='ltr'><strong>Β]</strong></span> <span class='ocrx_word' id='word_1_1004' title='bbox 798 3420 1060 3468; x_wconf 75' lang='grc' dir='ltr'><strong><em>περιελεύσεται</em></strong></span> <span class='ocrx_word' id='word_1_1005' title='bbox 1074 3425 1166 3460; x_wconf 73' lang='grc' dir='ltr'><strong>ΜΕς</strong></span> <span class='ocrx_word' id='word_1_1006' title='bbox 1185 3424 1197 3466; x_wconf 88' lang='grc'><strong>11</strong></span> <span class='ocrx_word' id='word_1_1007' title='bbox 1214 3428 1255 3458; x_wconf 81' lang='grc'><strong>35</strong></span> <span class='ocrx_word' id='word_1_1008' title='bbox 1270 3428 1329 3457; x_wconf 82' lang='grc' dir='ltr'><strong>καὶ</strong></span> 
     </span>
     <span class='ocr_line' id='line_1_114' title="bbox 255 3464 1330 3512; baseline -0.002 -8"><span class='ocrx_word' id='word_1_1009' title='bbox 255 3473 329 3504; x_wconf 82' lang='grc' dir='ltr'><strong><em>τοῖς</em></strong></span> <span class='ocrx_word' id='word_1_1010' title='bbox 343 3490 384 3495; x_wconf 91' lang='lat'><strong>—-</strong></span> <span class='ocrx_word' id='word_1_1011' title='bbox 397 3474 437 3504; x_wconf 82' lang='lat'><strong>37</strong></span> <span class='ocrx_word' id='word_1_1012' title='bbox 459 3471 539 3504; x_wconf 86' lang='grc' dir='ltr'><strong>τῶν</strong></span> <span class='ocrx_word' id='word_1_1013' title='bbox 558 3468 686 3503; x_wconf 82' lang='grc' dir='ltr'><strong><em>τόπων</em></strong></span> <span class='ocrx_word' id='word_1_1014' title='bbox 705 3482 763 3502; x_wconf 87' lang='lat' dir='ltr'><strong>om.</strong></span> <span class='ocrx_word' id='word_1_1015' title='bbox 778 3469 829 3501; x_wconf 78' lang='lat' dir='ltr'><strong>B0</strong></span> <span class='ocrx_word' id='word_1_1016' title='bbox 846 3471 859 3507; x_wconf 82' lang='grc' dir='ltr'><strong>ΙΙ</strong></span> <span class='ocrx_word' id='word_1_1017' title='bbox 875 3469 917 3502; x_wconf 88' lang='grc'><strong>36</strong></span> <span class='ocrx_word' id='word_1_1018' title='bbox 938 3464 1061 3501; x_wconf 84' lang='grc' dir='ltr'><strong><em>αὐτῶν</em></strong></span> <span class='ocrx_word' id='word_1_1019' title='bbox 1076 3469 1125 3502; x_wconf 77' lang='lat' dir='ltr'><strong>La</strong></span> <span class='ocrx_word' id='word_1_1020' title='bbox 1144 3470 1156 3512; x_wconf 92' lang='grc'><strong>11</strong></span> <span class='ocrx_word' id='word_1_1021' title='bbox 1172 3465 1330 3510; x_wconf 79' lang='grc' dir='ltr'><strong><em>δεήσειεν</em></strong></span> 
     </span>
     <span class='ocr_line' id='line_1_115' title="bbox 255 3509 1330 3560; baseline -0.002 -11"><span class='ocrx_word' id='word_1_1022' title='bbox 255 3518 320 3557; x_wconf 62' lang='lat' dir='ltr'><strong>Le]</strong></span> <span class='ocrx_word' id='word_1_1023' title='bbox 354 3514 470 3558; x_wconf 80' lang='grc' dir='ltr'><strong><em>δεήσει</em></strong></span> <span class='ocrx_word' id='word_1_1024' title='bbox 495 3515 539 3548; x_wconf 93' lang='grc' dir='ltr'><strong>Μ</strong></span> <span class='ocrx_word' id='word_1_1025' title='bbox 560 3514 573 3560; x_wconf 93' lang='grc'><strong>11</strong></span> <span class='ocrx_word' id='word_1_1026' title='bbox 604 3516 646 3548; x_wconf 86' lang='grc'><strong>39</strong></span> <span class='ocrx_word' id='word_1_1027' title='bbox 670 3509 786 3554; x_wconf 74' lang='grc' dir='ltr'><strong><em>οὐδὲν]</em></strong></span> <span class='ocrx_word' id='word_1_1028' title='bbox 817 3509 902 3546; x_wconf 70' lang='grc' dir='ltr'><strong>οὐδὲ</strong></span> <span class='ocrx_word' id='word_1_1029' title='bbox 929 3513 960 3546; x_wconf 89' lang='lat' dir='ltr'><em>L</em></span> <span class='ocrx_word' id='word_1_1030' title='bbox 989 3513 1001 3556; x_wconf 93' lang='grc'><strong>11</strong></span> <span class='ocrx_word' id='word_1_1031' title='bbox 1029 3516 1071 3547; x_wconf 88' lang='grc'><strong>40</strong></span> <span class='ocrx_word' id='word_1_1032' title='bbox 1093 3526 1129 3546; x_wconf 89' lang='grc' dir='ltr'><strong>τι</strong></span> <span class='ocrx_word' id='word_1_1033' title='bbox 1154 3526 1211 3546; x_wconf 89' lang='lat' dir='ltr'><strong>om.</strong></span> <span class='ocrx_word' id='word_1_1034' title='bbox 1235 3515 1280 3547; x_wconf 92' lang='lat' dir='ltr'><em>M</em></span> <span class='ocrx_word' id='word_1_1035' title='bbox 1319 3514 1330 3558; x_wconf 92' lang='grc'><strong>11</strong></span> 
     </span>
     <span class='ocr_line' id='line_1_116' title="bbox 254 3555 1331 3607; baseline -0.004 -12"><span class='ocrx_word' id='word_1_1036' title='bbox 254 3563 297 3595; x_wconf 83' lang='lat'><strong>42</strong></span> <span class='ocrx_word' id='word_1_1037' title='bbox 316 3558 598 3607; x_wconf 77' lang='grc' dir='ltr'><strong><em>*προςτάξοιμεν</em></strong></span> <span class='ocrx_word' id='word_1_1038' title='bbox 618 3558 742 3593; x_wconf 81' lang='grc' dir='ltr'><strong><em>ἐλθεῖν</em></strong></span> <span class='ocrx_word' id='word_1_1039' title='bbox 757 3558 827 3592; x_wconf 83' lang='lat' dir='ltr'><strong>ML</strong></span> <span class='ocrx_word' id='word_1_1040' title='bbox 851 3555 976 3591; x_wconf 78' lang='grc' dir='ltr'><strong><em>ἐλθεῖν</em></strong></span> <span class='ocrx_word' id='word_1_1041' title='bbox 995 3556 1251 3603; x_wconf 72' lang='grc' dir='ltr'><strong><em>προςτάξοιμεν</em></strong></span> <span class='ocrx_word' id='word_1_1042' title='bbox 1270 3560 1299 3591; x_wconf 88' lang='grc' dir='ltr'><em>Β</em></span> <span class='ocrx_word' id='word_1_1043' title='bbox 1318 3563 1331 3603; x_wconf 90' lang='grc'><strong>11</strong></span> 
     </span>
     <span class='ocr_line' id='line_1_117' title="bbox 254 3608 421 3641; baseline 0.012 -2"><span class='ocrx_word' id='word_1_1044' title='bbox 254 3618 294 3639; x_wconf 75' lang='grc' dir='ltr'><strong>τε</strong></span> <span class='ocrx_word' id='word_1_1045' title='bbox 317 3620 375 3639; x_wconf 88' lang='lat' dir='ltr'><strong>om.</strong></span> <span class='ocrx_word' id='word_1_1046' title='bbox 391 3608 421 3641; x_wconf 84' lang='lat' dir='ltr'><em>L</em></span> 
     </span>
    </p>
   </div>
   <div class='ocr_carea' id='block_1_50' title="bbox 1445 3022 2543 3082">
    <p class='ocr_par' dir='ltr' id='par_1_50' title="bbox 1445 3022 2543 3082">
     <span class='ocr_line' id='line_1_118' title="bbox 1445 3022 2543 3082; baseline 0.001 -23"><span class='ocrx_word' id='word_1_1047' title='bbox 1445 3029 1461 3060; x_wconf 88' lang='lat'>1</span> <span class='ocrx_word' id='word_1_1048' title='bbox 1489 3027 1638 3059; x_wconf 84' lang='lat' dir='ltr'><strong>seruauit</strong></span> <span class='ocrx_word' id='word_1_1049' title='bbox 1662 3027 1694 3060; x_wconf 91' lang='lat' dir='ltr'><em>T</em></span> <span class='ocrx_word' id='word_1_1050' title='bbox 1706 3026 1718 3070; x_wconf 88' lang='grc'><strong>11</strong></span> <span class='ocrx_word' id='word_1_1051' title='bbox 1743 3028 1762 3060; x_wconf 89' lang='grc'><strong>2</strong></span> <span class='ocrx_word' id='word_1_1052' title='bbox 1786 3026 1949 3059; x_wconf 83' lang='lat' dir='ltr'><strong>seditione</strong></span> <span class='ocrx_word' id='word_1_1053' title='bbox 1974 3027 2013 3069; x_wconf 88' lang='lat' dir='ltr'><strong>T,</strong></span> <span class='ocrx_word' id='word_1_1054' title='bbox 2041 3027 2236 3059; x_wconf 81' lang='lat' dir='ltr'><strong>seditionem</strong></span> <span class='ocrx_word' id='word_1_1055' title='bbox 2259 3025 2439 3060; x_wconf 65' lang='lat' dir='ltr'><strong>Heimbaeh</strong></span> <span class='ocrx_word' id='word_1_1056' title='bbox 2458 3022 2473 3071; x_wconf 80' lang='grc' dir='ltr'>Ι</span> <span class='ocrx_word' id='word_1_1057' title='bbox 2530 3061 2543 3082; x_wconf 42' lang='lat'><em>3</em></span> 
     </span>
    </p>
   </div>
   <div class='ocr_carea' id='block_1_51' title="bbox 1399 3069 2472 3295">
    <p class='ocr_par' dir='ltr' id='par_1_51' title="bbox 1399 3069 2472 3295">
     <span class='ocr_line' id='line_1_119' title="bbox 1399 3069 2472 3115; baseline -0.001 -11"><span class='ocrx_word' id='word_1_1058' title='bbox 1399 3074 1418 3105; x_wconf 90' lang='lat'><strong>3</strong></span> <span class='ocrx_word' id='word_1_1059' title='bbox 1439 3072 1566 3104; x_wconf 83' lang='lat' dir='ltr'><strong>tributa</strong></span> <span class='ocrx_word' id='word_1_1060' title='bbox 1584 3071 1764 3113; x_wconf 84' lang='lat' dir='ltr'><strong>vigilanter</strong></span> <span class='ocrx_word' id='word_1_1061' title='bbox 1781 3075 1814 3104; x_wconf 89' lang='lat' dir='ltr'><strong>et</strong></span> <span class='ocrx_word' id='word_1_1062' title='bbox 1831 3072 2072 3115; x_wconf 69' lang='lat' dir='ltr'><strong>Osenbruyqen]</strong></span> <span class='ocrx_word' id='word_1_1063' title='bbox 2093 3074 2126 3104; x_wconf 84' lang='lat' dir='ltr'><strong>et</strong></span> <span class='ocrx_word' id='word_1_1064' title='bbox 2145 3070 2273 3104; x_wconf 81' lang='lat' dir='ltr'><strong>tributa</strong></span> <span class='ocrx_word' id='word_1_1065' title='bbox 2291 3069 2472 3113; x_wconf 67' lang='lat' dir='ltr'><strong>uigilum</strong></span> 
     </span>
     <span class='ocr_line' id='line_1_120' title="bbox 1400 3114 2438 3161; baseline 0.001 -12"><span class='ocrx_word' id='word_1_1066' title='bbox 1400 3117 1478 3150; x_wconf 80' lang='lat' dir='ltr'><strong>libri</strong></span> <span class='ocrx_word' id='word_1_1067' title='bbox 1489 3117 1503 3160; x_wconf 91' lang='grc'><strong>11</strong></span> <span class='ocrx_word' id='word_1_1068' title='bbox 1530 3119 1549 3150; x_wconf 80' lang='lat'>5</span> <span class='ocrx_word' id='word_1_1069' title='bbox 1573 3119 1692 3159; x_wconf 87' lang='lat' dir='ltr'><strong>utpute</strong></span> <span class='ocrx_word' id='word_1_1070' title='bbox 1723 3115 1823 3160; x_wconf 68' lang='grc'>7116</span> <span class='ocrx_word' id='word_1_1071' title='bbox 1847 3118 2024 3159; x_wconf 79' lang='lat' dir='ltr'><strong>potestates</strong></span> <span class='ocrx_word' id='word_1_1072' title='bbox 2050 3115 2129 3161; x_wconf 71' lang='lat' dir='ltr'><strong>V⁰u</strong></span> <span class='ocrx_word' id='word_1_1073' title='bbox 2154 3117 2175 3149; x_wconf 86' lang='lat'>9</span> <span class='ocrx_word' id='word_1_1074' title='bbox 2198 3114 2335 3157; x_wconf 79' lang='lat' dir='ltr'><strong>cingulo</strong></span> <span class='ocrx_word' id='word_1_1075' title='bbox 2358 3115 2438 3150; x_wconf 69' lang='lat' dir='ltr'><strong>libri</strong></span> 
     </span>
     <span class='ocr_line' id='line_1_121' title="bbox 1403 3156 2459 3206; baseline -0.001 -11"><span class='ocrx_word' id='word_1_1076' title='bbox 1403 3164 1441 3195; x_wconf 79' lang='lat'><strong>10</strong></span> <span class='ocrx_word' id='word_1_1077' title='bbox 1465 3163 1544 3194; x_wconf 88' lang='lat' dir='ltr'><strong>sunt</strong></span> <span class='ocrx_word' id='word_1_1078' title='bbox 1566 3162 1612 3203; x_wconf 89' lang='lat' dir='ltr'><strong>V]</strong></span> <span class='ocrx_word' id='word_1_1079' title='bbox 1636 3162 1705 3194; x_wconf 88' lang='lat' dir='ltr'><strong>sint</strong></span> <span class='ocrx_word' id='word_1_1080' title='bbox 1727 3162 1813 3205; x_wconf 76' lang='lat' dir='ltr'><strong>vulq.</strong></span> <span class='ocrx_word' id='word_1_1081' title='bbox 1839 3161 1852 3205; x_wconf 95' lang='grc'><strong>11</strong></span> <span class='ocrx_word' id='word_1_1082' title='bbox 1881 3163 1919 3195; x_wconf 88' lang='grc'><strong>11</strong></span> <span class='ocrx_word' id='word_1_1083' title='bbox 1947 3162 2007 3206; x_wconf 75' lang='lat' dir='ltr'><strong>leq.</strong></span> <span class='ocrx_word' id='word_1_1084' title='bbox 2030 3162 2275 3203; x_wconf 75' lang='lat' dir='ltr'><strong>praeponetur?</strong></span> <span class='ocrx_word' id='word_1_1085' title='bbox 2297 3160 2310 3204; x_wconf 86' lang='grc'><strong>11</strong></span> <span class='ocrx_word' id='word_1_1086' title='bbox 2342 3161 2384 3194; x_wconf 81' lang='grc'>12</span> <span class='ocrx_word' id='word_1_1087' title='bbox 2406 3156 2459 3194; x_wconf 73' lang='lat' dir='ltr'><strong>vel</strong></span> 
     </span>
     <span class='ocr_line' id='line_1_122' title="bbox 1399 3204 2440 3251; baseline -0.001 -12"><span class='ocrx_word' id='word_1_1088' title='bbox 1399 3209 1431 3239; x_wconf 84' lang='lat' dir='ltr'><strong>et</strong></span> <span class='ocrx_word' id='word_1_1089' title='bbox 1454 3207 1538 3250; x_wconf 75' lang='lat' dir='ltr'><strong>vulq.</strong></span> <span class='ocrx_word' id='word_1_1090' title='bbox 1559 3205 1572 3251; x_wconf 95' lang='grc'><strong>11</strong></span> <span class='ocrx_word' id='word_1_1091' title='bbox 1600 3208 1643 3241; x_wconf 90' lang='grc'>14</span> <span class='ocrx_word' id='word_1_1092' title='bbox 1665 3206 1784 3239; x_wconf 84' lang='lat' dir='ltr'><strong>inferri</strong></span> <span class='ocrx_word' id='word_1_1093' title='bbox 1807 3206 1892 3250; x_wconf 73' lang='lat' dir='ltr'><strong>vuly.</strong></span> <span class='ocrx_word' id='word_1_1094' title='bbox 1909 3205 1922 3250; x_wconf 91' lang='grc'><strong>11</strong></span> <span class='ocrx_word' id='word_1_1095' title='bbox 1939 3206 2072 3239; x_wconf 88' lang='lat' dir='ltr'><strong>curauit</strong></span> <span class='ocrx_word' id='word_1_1096' title='bbox 2091 3206 2153 3248; x_wconf 73' lang='lat' dir='ltr'><strong>VH</strong></span> <span class='ocrx_word' id='word_1_1097' title='bbox 2183 3207 2223 3241; x_wconf 85' lang='lat'><strong>16</strong></span> <span class='ocrx_word' id='word_1_1098' title='bbox 2243 3205 2340 3238; x_wconf 80' lang='lat' dir='ltr'><strong>offert</strong></span> <span class='ocrx_word' id='word_1_1099' title='bbox 2362 3204 2440 3242; x_wconf 71' lang='lat' dir='ltr'><strong>libri</strong></span> 
     </span>
     <span class='ocr_line' id='line_1_123' title="bbox 1401 3249 2406 3295; baseline -0.002 -11"><span class='ocrx_word' id='word_1_1100' title='bbox 1401 3252 1441 3284; x_wconf 88' lang='lat'><strong>19</strong></span> <span class='ocrx_word' id='word_1_1101' title='bbox 1471 3251 1720 3284; x_wconf 82' lang='lat' dir='ltr'><strong>cannonecariis</strong></span> <span class='ocrx_word' id='word_1_1102' title='bbox 1751 3251 1786 3284; x_wconf 92' lang='lat' dir='ltr'><strong><em>V</em></strong></span> <span class='ocrx_word' id='word_1_1103' title='bbox 1805 3250 1819 3294; x_wconf 94' lang='grc'><strong>11</strong></span> <span class='ocrx_word' id='word_1_1104' title='bbox 1846 3261 1866 3284; x_wconf 85' lang='lat' dir='ltr'><strong>a</strong></span> <span class='ocrx_word' id='word_1_1105' title='bbox 1895 3252 1972 3285; x_wconf 87' lang='lat' dir='ltr'><strong>add.</strong></span> <span class='ocrx_word' id='word_1_1106' title='bbox 1994 3251 2079 3295; x_wconf 74' lang='lat' dir='ltr'><strong>vuly.</strong></span> <span class='ocrx_word' id='word_1_1107' title='bbox 2109 3249 2121 3294; x_wconf 91' lang='grc'><strong>11</strong></span> <span class='ocrx_word' id='word_1_1108' title='bbox 2150 3251 2264 3292; x_wconf 86' lang='lat' dir='ltr'><strong>usque]</strong></span> <span class='ocrx_word' id='word_1_1109' title='bbox 2299 3259 2406 3292; x_wconf 86' lang='lat' dir='ltr'><strong>usque</strong></span> 
     </span>
    </p>
   </div>
   <div class='ocr_carea' id='block_1_52' title="bbox 1399 3288 2535 3340">
    <p class='ocr_par' dir='ltr' id='par_1_52' title="bbox 1399 3288 2535 3340">
     <span class='ocr_line' id='line_1_124' title="bbox 1399 3288 2535 3340; baseline 0 -13"><span class='ocrx_word' id='word_1_1110' title='bbox 1399 3296 1483 3337; x_wconf 73' lang='lat' dir='ltr'><strong>vulq.</strong></span> <span class='ocrx_word' id='word_1_1111' title='bbox 1503 3296 1515 3339; x_wconf 87' lang='grc'><strong>11</strong></span> <span class='ocrx_word' id='word_1_1112' title='bbox 1531 3296 1669 3329; x_wconf 89' lang='lat' dir='ltr'><strong>obulum</strong></span> <span class='ocrx_word' id='word_1_1113' title='bbox 1701 3294 1758 3340; x_wconf 82' lang='grc'>1711</span> <span class='ocrx_word' id='word_1_1114' title='bbox 1782 3297 1825 3329; x_wconf 84' lang='grc'><strong>20</strong></span> <span class='ocrx_word' id='word_1_1115' title='bbox 1848 3295 2083 3329; x_wconf 85' lang='lat' dir='ltr'><strong>consuetudini</strong></span> <span class='ocrx_word' id='word_1_1116' title='bbox 2112 3293 2166 3339; x_wconf 73' lang='lat' dir='ltr'><strong>Vn</strong></span> <span class='ocrx_word' id='word_1_1117' title='bbox 2191 3296 2235 3329; x_wconf 84' lang='lat'><strong>22</strong></span> <span class='ocrx_word' id='word_1_1118' title='bbox 2258 3293 2471 3328; x_wconf 79' lang='lat' dir='ltr'><strong>summaiorio</strong></span> <span class='ocrx_word' id='word_1_1119' title='bbox 2527 3288 2535 3304; x_wconf 67' lang='lat'><strong>⁵</strong></span> 
     </span>
    </p>
   </div>
   <div class='ocr_carea' id='block_1_53' title="bbox 1398 3338 2471 3697">
    <p class='ocr_par' dir='ltr' id='par_1_53' title="bbox 1399 3338 2471 3519">
     <span class='ocr_line' id='line_1_125' title="bbox 1407 3338 2471 3392; baseline -0.001 -20"><span class='ocrx_word' id='word_1_1120' title='bbox 1407 3339 1461 3383; x_wconf 72' lang='lat' dir='ltr'><strong>Vn</strong></span> <span class='ocrx_word' id='word_1_1121' title='bbox 1480 3342 1523 3374; x_wconf 88' lang='lat'><strong>23</strong></span> <span class='ocrx_word' id='word_1_1122' title='bbox 1547 3343 1606 3373; x_wconf 84' lang='lat' dir='ltr'><strong>aut</strong></span> <span class='ocrx_word' id='word_1_1123' title='bbox 1626 3341 1749 3382; x_wconf 83' lang='lat' dir='ltr'><strong>officio]</strong></span> <span class='ocrx_word' id='word_1_1124' title='bbox 1773 3343 1832 3373; x_wconf 88' lang='lat' dir='ltr'><strong>aut</strong></span> <span class='ocrx_word' id='word_1_1125' title='bbox 1855 3353 1913 3374; x_wconf 85' lang='lat' dir='ltr'><strong>om.</strong></span> <span class='ocrx_word' id='word_1_1126' title='bbox 1937 3339 1994 3392; x_wconf 68' lang='lat' dir='ltr'><strong>Vll</strong></span> <span class='ocrx_word' id='word_1_1127' title='bbox 2011 3341 2055 3374; x_wconf 82' lang='lat'><strong>24</strong></span> <span class='ocrx_word' id='word_1_1128' title='bbox 2077 3342 2136 3372; x_wconf 82' lang='lat' dir='ltr'><strong>aut</strong></span> <span class='ocrx_word' id='word_1_1129' title='bbox 2158 3339 2346 3391; x_wconf 72' lang='lat' dir='ltr'><strong>praeposito</strong></span> <span class='ocrx_word' id='word_1_1130' title='bbox 2368 3338 2471 3382; x_wconf 60' lang='lat' dir='ltr'><strong>vulg-1</strong></span> 
     </span>
     <span class='ocr_line' id='line_1_126' title="bbox 1399 3383 2468 3435; baseline 0.002 -20"><span class='ocrx_word' id='word_1_1131' title='bbox 1399 3385 1432 3415; x_wconf 88' lang='lat' dir='ltr'><strong>et</strong></span> <span class='ocrx_word' id='word_1_1132' title='bbox 1453 3387 1656 3427; x_wconf 85' lang='lat' dir='ltr'><strong>praepositos</strong></span> <span class='ocrx_word' id='word_1_1133' title='bbox 1683 3386 1732 3419; x_wconf 84' lang='lat' dir='ltr'><strong>V¹</strong></span> <span class='ocrx_word' id='word_1_1134' title='bbox 1763 3387 1796 3419; x_wconf 87' lang='lat' dir='ltr'><strong>et</strong></span> <span class='ocrx_word' id='word_1_1135' title='bbox 1818 3385 1998 3428; x_wconf 77' lang='lat' dir='ltr'><strong>praepositi</strong></span> <span class='ocrx_word' id='word_1_1136' title='bbox 2019 3384 2070 3418; x_wconf 78' lang='lat' dir='ltr'><strong>V2</strong></span> <span class='ocrx_word' id='word_1_1137' title='bbox 2081 3385 2125 3418; x_wconf 86' lang='lat' dir='ltr'><strong>al.</strong></span> <span class='ocrx_word' id='word_1_1138' title='bbox 2148 3385 2160 3426; x_wconf 93' lang='grc' dir='ltr'><strong>ΙΙ</strong></span> <span class='ocrx_word' id='word_1_1139' title='bbox 2186 3387 2246 3417; x_wconf 88' lang='lat' dir='ltr'><strong>aut</strong></span> <span class='ocrx_word' id='word_1_1140' title='bbox 2266 3383 2468 3435; x_wconf 67' lang='lat' dir='ltr'><strong>aliquepum-</strong></span> 
     </span>
     <span class='ocr_line' id='line_1_127' title="bbox 1399 3429 2469 3473; baseline 0 -12"><span class='ocrx_word' id='word_1_1141' title='bbox 1399 3437 1463 3468; x_wconf 85' lang='lat' dir='ltr'><strong>que</strong></span> <span class='ocrx_word' id='word_1_1142' title='bbox 1495 3430 1528 3461; x_wconf 90' lang='lat' dir='ltr'><em>V</em></span> <span class='ocrx_word' id='word_1_1143' title='bbox 1545 3430 1557 3472; x_wconf 91' lang='grc'><strong>11</strong></span> <span class='ocrx_word' id='word_1_1144' title='bbox 1589 3432 1631 3464; x_wconf 85' lang='grc'><strong>26</strong></span> <span class='ocrx_word' id='word_1_1145' title='bbox 1656 3438 1796 3472; x_wconf 82' lang='lat' dir='ltr'><strong>utraque</strong></span> <span class='ocrx_word' id='word_1_1146' title='bbox 1821 3431 1898 3464; x_wconf 83' lang='lat' dir='ltr'><strong>libri</strong></span> <span class='ocrx_word' id='word_1_1147' title='bbox 1926 3430 1939 3473; x_wconf 89' lang='grc'><strong>11</strong></span> <span class='ocrx_word' id='word_1_1148' title='bbox 1961 3440 2075 3463; x_wconf 88' lang='lat' dir='ltr'><strong>eorum</strong></span> <span class='ocrx_word' id='word_1_1149' title='bbox 2104 3429 2166 3471; x_wconf 77' lang='grc'>1711</span> <span class='ocrx_word' id='word_1_1150' title='bbox 2196 3431 2238 3463; x_wconf 83' lang='grc'><strong>27</strong></span> <span class='ocrx_word' id='word_1_1151' title='bbox 2263 3429 2469 3469; x_wconf 75' lang='lat' dir='ltr'><strong>remomtque</strong></span> 
     </span>
     <span class='ocr_line' id='line_1_128' title="bbox 1400 3470 2428 3519; baseline 0.002 -15"><span class='ocrx_word' id='word_1_1152' title='bbox 1400 3473 1476 3505; x_wconf 72' lang='lat' dir='ltr'><strong>libri</strong></span> <span class='ocrx_word' id='word_1_1153' title='bbox 1507 3473 1519 3515; x_wconf 91' lang='grc'><strong>11</strong></span> <span class='ocrx_word' id='word_1_1154' title='bbox 1548 3476 1589 3508; x_wconf 85' lang='grc'><strong>28</strong></span> <span class='ocrx_word' id='word_1_1155' title='bbox 1621 3475 1786 3508; x_wconf 85' lang='lat' dir='ltr'><strong>deuastari</strong></span> <span class='ocrx_word' id='word_1_1156' title='bbox 1810 3476 1908 3519; x_wconf 52' lang='lat' dir='ltr'><strong>vala}</strong></span> <span class='ocrx_word' id='word_1_1157' title='bbox 1939 3475 2112 3507; x_wconf 81' lang='lat' dir='ltr'><strong>deuastat-e</strong></span> <span class='ocrx_word' id='word_1_1158' title='bbox 2143 3473 2179 3507; x_wconf 91' lang='lat' dir='ltr'><strong><em>V</em></strong></span> <span class='ocrx_word' id='word_1_1159' title='bbox 2202 3473 2370 3506; x_wconf 85' lang='lat' dir='ltr'><strong>deuallare</strong></span> <span class='ocrx_word' id='word_1_1160' title='bbox 2394 3470 2428 3506; x_wconf 79' lang='lat' dir='ltr'><em>T</em></span> 
     </span>
    </p>

    <p class='ocr_par' dir='ltr' id='par_1_54' title="bbox 1398 3516 2468 3697">
     <span class='ocr_line' id='line_1_129' title="bbox 1399 3516 2449 3568; baseline 0.004 -21"><span class='ocrx_word' id='word_1_1161' title='bbox 1399 3516 1486 3548; x_wconf 83' lang='lat' dir='ltr'><strong>affici</strong></span> <span class='ocrx_word' id='word_1_1162' title='bbox 1510 3520 1608 3562; x_wconf 68' lang='lat' dir='ltr'><strong>vulq]</strong></span> <span class='ocrx_word' id='word_1_1163' title='bbox 1633 3520 1720 3552; x_wconf 83' lang='lat' dir='ltr'><strong>offici</strong></span> <span class='ocrx_word' id='word_1_1164' title='bbox 1743 3520 1775 3553; x_wconf 89' lang='lat' dir='ltr'><strong><em>T</em></strong></span> <span class='ocrx_word' id='word_1_1165' title='bbox 1795 3520 1893 3553; x_wconf 80' lang='lat' dir='ltr'><strong>offitii</strong></span> <span class='ocrx_word' id='word_1_1166' title='bbox 1927 3520 1961 3553; x_wconf 88' lang='lat' dir='ltr'><strong><em>V</em></strong></span> <span class='ocrx_word' id='word_1_1167' title='bbox 1981 3519 1994 3563; x_wconf 92' lang='grc'><strong>11</strong></span> <span class='ocrx_word' id='word_1_1168' title='bbox 2022 3521 2064 3553; x_wconf 85' lang='grc'><strong>29</strong></span> <span class='ocrx_word' id='word_1_1169' title='bbox 2085 3517 2224 3552; x_wconf 75' lang='lat' dir='ltr'><strong>satiebat</strong></span> <span class='ocrx_word' id='word_1_1170' title='bbox 2255 3517 2321 3562; x_wconf 69' lang='lat' dir='ltr'><strong>Vll</strong></span> <span class='ocrx_word' id='word_1_1171' title='bbox 2347 3519 2390 3552; x_wconf 87' lang='grc'><strong>30</strong></span> <span class='ocrx_word' id='word_1_1172' title='bbox 2405 3561 2413 3568; x_wconf 35' lang='grc'><strong>0</strong></span> <span class='ocrx_word' id='word_1_1173' title='bbox 2441 3561 2449 3568; x_wconf 88' lang='lat'><strong><em>.</em></strong></span> 
     </span>
     <span class='ocr_line' id='line_1_130' title="bbox 1399 3560 2467 3608; baseline 0.003 -17"><span class='ocrx_word' id='word_1_1174' title='bbox 1399 3560 1558 3605; x_wconf 87' lang='lat' dir='ltr'><strong>locorum]</strong></span> <span class='ocrx_word' id='word_1_1175' title='bbox 1582 3564 1637 3596; x_wconf 88' lang='lat' dir='ltr'><strong>sed</strong></span> <span class='ocrx_word' id='word_1_1176' title='bbox 1662 3578 1719 3597; x_wconf 88' lang='lat' dir='ltr'><strong>om.</strong></span> <span class='ocrx_word' id='word_1_1177' title='bbox 1743 3564 1799 3608; x_wconf 71' lang='lat' dir='ltr'><strong>Vn</strong></span> <span class='ocrx_word' id='word_1_1178' title='bbox 1817 3566 1855 3598; x_wconf 91' lang='grc'>31</span> <span class='ocrx_word' id='word_1_1179' title='bbox 1882 3564 1924 3597; x_wconf 78' lang='lat' dir='ltr'><strong>ad</strong></span> <span class='ocrx_word' id='word_1_1180' title='bbox 1947 3564 2167 3597; x_wconf 85' lang='lat' dir='ltr'><strong>ministerium</strong></span> <span class='ocrx_word' id='word_1_1181' title='bbox 2192 3563 2290 3606; x_wconf 78' lang='lat' dir='ltr'><strong>vulq.]</strong></span> <span class='ocrx_word' id='word_1_1182' title='bbox 2312 3561 2467 3595; x_wconf 73' lang='lat' dir='ltr'><strong>admun—</strong></span> 
     </span>
     <span class='ocr_line' id='line_1_131' title="bbox 1398 3601 2468 3653; baseline 0.003 -18"><span class='ocrx_word' id='word_1_1183' title='bbox 1398 3606 1498 3637; x_wconf 84' lang='lat' dir='ltr'><strong>sterio</strong></span> <span class='ocrx_word' id='word_1_1184' title='bbox 1532 3608 1592 3640; x_wconf 85' lang='lat' dir='ltr'><strong>VT</strong></span> <span class='ocrx_word' id='word_1_1185' title='bbox 1604 3608 1616 3651; x_wconf 94' lang='grc'><strong>11</strong></span> <span class='ocrx_word' id='word_1_1186' title='bbox 1635 3611 1676 3642; x_wconf 88' lang='grc'><strong>32</strong></span> <span class='ocrx_word' id='word_1_1187' title='bbox 1701 3611 1814 3641; x_wconf 86' lang='lat' dir='ltr'><strong>utetur</strong></span> <span class='ocrx_word' id='word_1_1188' title='bbox 1837 3610 1921 3652; x_wconf 74' lang='lat' dir='ltr'><strong>vulq.</strong></span> <span class='ocrx_word' id='word_1_1189' title='bbox 1938 3608 1951 3653; x_wconf 94' lang='grc'><strong>11</strong></span> <span class='ocrx_word' id='word_1_1190' title='bbox 1975 3611 2017 3643; x_wconf 84' lang='grc'><strong>36</strong></span> <span class='ocrx_word' id='word_1_1191' title='bbox 2041 3608 2123 3642; x_wconf 87' lang='lat' dir='ltr'><strong>locis</strong></span> <span class='ocrx_word' id='word_1_1192' title='bbox 2146 3609 2181 3640; x_wconf 83' lang='lat' dir='ltr'><strong>in</strong></span> <span class='ocrx_word' id='word_1_1193' title='bbox 2205 3606 2327 3649; x_wconf 84' lang='lat' dir='ltr'><strong>quibus</strong></span> <span class='ocrx_word' id='word_1_1194' title='bbox 2349 3606 2433 3650; x_wconf 63' lang='lat' dir='ltr'><strong>vulg.</strong></span> <span class='ocrx_word' id='word_1_1195' title='bbox 2454 3601 2468 3648; x_wconf 82' lang='grc' dir='ltr'>Ι</span> 
     </span>
     <span class='ocr_line' id='line_1_132' title="bbox 1401 3651 2422 3697; baseline 0.003 -15"><span class='ocrx_word' id='word_1_1196' title='bbox 1401 3652 1440 3683; x_wconf 82' lang='grc'><strong>37</strong></span> <span class='ocrx_word' id='word_1_1197' title='bbox 1466 3651 1622 3685; x_wconf 81' lang='lat' dir='ltr'><strong>adiuvare</strong></span> <span class='ocrx_word' id='word_1_1198' title='bbox 1647 3652 1822 3697; x_wconf 76' lang='grc' dir='ltr'>υα19.1140</span> <span class='ocrx_word' id='word_1_1199' title='bbox 1846 3653 2025 3686; x_wconf 86' lang='lat' dir='ltr'><strong>subtilibus</strong></span> <span class='ocrx_word' id='word_1_1200' title='bbox 2045 3653 2100 3697; x_wconf 77' lang='grc'><strong>711</strong></span> <span class='ocrx_word' id='word_1_1201' title='bbox 2125 3655 2165 3686; x_wconf 81' lang='grc'><strong>41</strong></span> <span class='ocrx_word' id='word_1_1202' title='bbox 2193 3653 2235 3685; x_wconf 86' lang='lat' dir='ltr'><strong>ad</strong></span> <span class='ocrx_word' id='word_1_1203' title='bbox 2258 3664 2316 3686; x_wconf 84' lang='lat' dir='ltr'><strong>om.</strong></span> <span class='ocrx_word' id='word_1_1204' title='bbox 2340 3651 2422 3686; x_wconf 74' lang='lat' dir='ltr'><strong>Vae.</strong></span> 
     </span>
    </p>
   </div>
   <div class='ocr_carea' id='block_1_54' title="bbox 2048 2799 2478 2842">
    <p class='ocr_par' dir='ltr' id='par_1_55' title="bbox 2048 2799 2478 2842">
     <span class='ocr_line' id='line_1_133' title="bbox 2048 2799 2478 2842; baseline 0.002 -6"><span class='ocrx_word' id='word_1_1205' title='bbox 2048 2801 2143 2838; x_wconf 79' lang='lat' dir='ltr'><strong>icubi</strong></span> <span class='ocrx_word' id='word_1_1206' title='bbox 2162 2805 2281 2837; x_wconf 83' lang='lat' dir='ltr'><strong>autem</strong></span> <span class='ocrx_word' id='word_1_1207' title='bbox 2303 2799 2478 2842; x_wconf 69' lang='lat' dir='ltr'><strong>militibus</strong></span> 
     </span>
    </p>
   </div>
   <div class='ocr_carea' id='block_1_55' title="bbox 2523 1537 2592 3459">
    <p class='ocr_par' dir='ltr' id='par_1_56' title="bbox 2523 1537 2592 3459">
     <span class='ocr_line' id='line_1_134' title="bbox 2523 1537 2592 3459; baseline 0 0"><span class='ocrx_word' id='word_1_1208' title='bbox 2523 1537 2592 3459; x_wconf 95' lang='lat' dir='ltr'><strong> </strong></span> 
     </span>
    </p>
   </div>
   <div class='ocr_carea' id='block_1_56' title="bbox 2533 3674 2558 3840">
    <p class='ocr_par' dir='ltr' id='par_1_57' title="bbox 2533 3674 2558 3840">
     <span class='ocr_line' id='line_1_135' title="bbox 2533 3674 2558 3840; textangle 90"><span class='ocrx_word' id='word_1_1209' title='bbox 2542 3825 2557 3840; x_wconf 81' lang='lat'><strong>:.</strong></span> <span class='ocrx_word' id='word_1_1210' title='bbox 2533 3784 2556 3808; x_wconf 45' lang='grc' dir='ltr'><strong>ἴε</strong></span> <span class='ocrx_word' id='word_1_1211' title='bbox 2535 3724 2558 3771; x_wconf 50' lang='lat'><strong>31⁷</strong></span> <span class='ocrx_word' id='word_1_1212' title='bbox 2551 3674 2554 3675; x_wconf 65' lang='lat'><strong>,</strong></span> 
     </span>
    </p>
   </div>
  </div>
 </body>
</html>
