<?xml version="1.0" encoding="UTF-8"?>
<!DOCTYPE html PUBLIC "-//W3C//DTD XHTML 1.0 Transitional//EN"
    "http://www.w3.org/TR/xhtml1/DTD/xhtml1-transitional.dtd">
<html xmlns="http://www.w3.org/1999/xhtml" xml:lang="en" lang="en">
 <head>
  <title>
</title>
<meta http-equiv="Content-Type" content="text/html;charset=utf-8" />
  <meta name='ocr-system' content='tesseract 3.04.00' />
  <meta name='ocr-capabilities' content='ocr_page ocr_carea ocr_par ocr_line ocrx_word'/>
</head>
<body>
  <div class='ocr_page' id='page_1' title='image "./corpusjuriscivil00krueuoft/corpusjuriscivil00krueuoft_0600.png"; bbox 0 0 2476 3854; ppageno 0'>
   <div class='ocr_carea' id='block_1_1' title="bbox 115 76 531 122">
    <p class='ocr_par' dir='ltr' id='par_1_1' title="bbox 115 76 531 122">
     <span class='ocr_line' id='line_1_1' title="bbox 115 76 531 122; baseline -0.002 -1"><span class='ocrx_word' id='word_1_1' title='bbox 115 77 223 121; x_wconf 89' lang='lat' dir='ltr'>Nov.</span> <span class='ocrx_word' id='word_1_2' title='bbox 253 76 391 121; x_wconf 87' lang='lat' dir='ltr'>CXIX</span> <span class='ocrx_word' id='word_1_3' title='bbox 422 81 531 122; x_wconf 84' lang='lat'>3-5</span> 
     </span>
    </p>
   </div>
   <div class='ocr_carea' id='block_1_2' title="bbox 1184 76 1271 124">
    <p class='ocr_par' dir='ltr' id='par_1_2' title="bbox 1184 76 1271 124">
     <span class='ocr_line' id='line_1_2' title="bbox 1184 76 1271 124; baseline 0.011 -1"><span class='ocrx_word' id='word_1_4' title='bbox 1184 76 1271 124; x_wconf 80' lang='lat'>574</span> 
     </span>
    </p>
   </div>
   <div class='ocr_carea' id='block_1_3' title="bbox 1704 91 2336 129">
    <p class='ocr_par' dir='ltr' id='par_1_3' title="bbox 1704 91 2336 129">
     <span class='ocr_line' id='line_1_3' title="bbox 1704 91 2336 129; baseline 0.006 -4"><span class='ocrx_word' id='word_1_5' title='bbox 1704 92 1765 125; x_wconf 84' lang='lat' dir='ltr'>UT</span> <span class='ocrx_word' id='word_1_6' title='bbox 1794 91 2084 126; x_wconf 75' lang='lat' dir='ltr'>SPONSALIGIA</span> <span class='ocrx_word' id='word_1_7' title='bbox 2111 93 2336 129; x_wconf 72' lang='lat' dir='ltr'>LARGITAS</span> 
     </span>
    </p>
   </div>
   <div class='ocr_carea' id='block_1_4' title="bbox 1111 187 1357 224">
    <p class='ocr_par' dir='ltr' id='par_1_4' title="bbox 1111 187 1357 224">
     <span class='ocr_line' id='line_1_4' title="bbox 1111 187 1357 224; baseline 0 -1"><span class='ocrx_word' id='word_1_8' title='bbox 1111 187 1270 224; x_wconf 88' lang='lat' dir='ltr'>CAPUT</span> <span class='ocrx_word' id='word_1_9' title='bbox 1294 188 1357 223; x_wconf 88' lang='lat'>111.</span> 
     </span>
    </p>
   </div>
   <div class='ocr_carea' id='block_1_5' title="bbox 114 251 1195 659">
    <p class='ocr_par' dir='ltr' id='par_1_5' title="bbox 114 251 1195 659">
     <span class='ocr_line' id='line_1_5' title="bbox 173 251 1195 299; baseline -0.001 -10"><span class='ocrx_word' id='word_1_10' title='bbox 173 259 246 289; x_wconf 82' lang='grc' dir='ltr'>Καὶ</span> <span class='ocrx_word' id='word_1_11' title='bbox 265 257 373 291; x_wconf 81' lang='grc' dir='ltr'><strong><em>τοῦτο</em></strong></span> <span class='ocrx_word' id='word_1_12' title='bbox 395 255 483 299; x_wconf 78' lang='grc' dir='ltr'><strong><em>πρὸς</em></strong></span> <span class='ocrx_word' id='word_1_13' title='bbox 504 256 564 287; x_wconf 82' lang='grc' dir='ltr'><strong><em>ἐπὶ</em></strong></span> <span class='ocrx_word' id='word_1_14' title='bbox 586 252 723 288; x_wconf 77' lang='grc' dir='ltr'><strong><em>τούτοις</em></strong></span> <span class='ocrx_word' id='word_1_15' title='bbox 747 251 1083 299; x_wconf 79' lang='grc' dir='ltr'><strong><em>παρακελευόμεθα,</em></strong></span> <span class='ocrx_word' id='word_1_16' title='bbox 1107 251 1195 288; x_wconf 73' lang='grc' dir='ltr'><strong><em>ὥςτε</em></strong></span> 
     </span>
     <span class='ocr_line' id='line_1_6' title="bbox 115 295 1195 354; baseline 0 -20"><span class='ocrx_word' id='word_1_17' title='bbox 115 301 214 346; x_wconf 83' lang='grc' dir='ltr'><strong><em>εἴπερ</em></strong></span> <span class='ocrx_word' id='word_1_18' title='bbox 237 313 291 335; x_wconf 83' lang='grc' dir='ltr'>τις</span> <span class='ocrx_word' id='word_1_19' title='bbox 314 303 354 335; x_wconf 82' lang='grc' dir='ltr'>ἔν</span> <span class='ocrx_word' id='word_1_20' title='bbox 369 314 442 334; x_wconf 82' lang='grc' dir='ltr'><strong><em>τινι</em></strong></span> <span class='ocrx_word' id='word_1_21' title='bbox 459 297 668 343; x_wconf 80' lang='grc' dir='ltr'><strong><em>συμβολαίῳ</em></strong></span> <span class='ocrx_word' id='word_1_22' title='bbox 693 299 813 344; x_wconf 83' lang='grc' dir='ltr'><strong><em>ἑτέρου</em></strong></span> <span class='ocrx_word' id='word_1_23' title='bbox 834 297 1028 342; x_wconf 80' lang='grc' dir='ltr'><strong><em>ποιήσηται</em></strong></span> <span class='ocrx_word' id='word_1_24' title='bbox 1049 295 1195 354; x_wconf 72' lang='grc' dir='ltr'><strong><em>μνήμην</em></strong></span> 
     </span>
     <span class='ocr_line' id='line_1_7' title="bbox 115 342 1194 390; baseline -0.001 -10"><span class='ocrx_word' id='word_1_25' title='bbox 115 346 345 390; x_wconf 75' lang='grc' dir='ltr'><strong><em>συμβολαίου,</em></strong></span> <span class='ocrx_word' id='word_1_26' title='bbox 376 342 555 389; x_wconf 79' lang='grc' dir='ltr'><strong><em>μηδεμίαν</em></strong></span> <span class='ocrx_word' id='word_1_27' title='bbox 580 345 617 376; x_wconf 83' lang='grc' dir='ltr'><strong><em>ἐκ</em></strong></span> <span class='ocrx_word' id='word_1_28' title='bbox 641 343 773 387; x_wconf 82' lang='grc' dir='ltr'><strong><em>ταύτης</em></strong></span> <span class='ocrx_word' id='word_1_29' title='bbox 796 345 858 387; x_wconf 83' lang='grc' dir='ltr'>τῆς</span> <span class='ocrx_word' id='word_1_30' title='bbox 881 344 1020 388; x_wconf 88' lang='grc' dir='ltr'><strong><em>μνήμης</em></strong></span> <span class='ocrx_word' id='word_1_31' title='bbox 1043 347 1194 388; x_wconf 84' lang='grc' dir='ltr'><strong><em>απαίτη-</em></strong></span> 
     </span>
     <span class='ocr_line' id='line_1_8' title="bbox 115 387 1194 467; baseline -0.001 -42"><span class='ocrx_word' id='word_1_32' title='bbox 115 403 174 435; x_wconf 61' lang='grc' dir='ltr'>σιν</span> <span class='ocrx_word' id='word_1_33' title='bbox 197 391 386 438; x_wconf 78' lang='grc' dir='ltr'><strong><em>γίνεσθαι,</em></strong></span> <span class='ocrx_word' id='word_1_34' title='bbox 419 387 514 432; x_wconf 81' lang='grc' dir='ltr'><strong><em>πλὴν</em></strong></span> <span class='ocrx_word' id='word_1_35' title='bbox 538 389 568 421; x_wconf 82' lang='grc' dir='ltr'>εἰ</span> <span class='ocrx_word' id='word_1_36' title='bbox 579 389 640 467; x_wconf 62' lang='grc' dir='ltr'><strong><em>ὁμὴ</em></strong></span> <span class='ocrx_word' id='word_1_37' title='bbox 665 392 724 422; x_wconf 89' lang='grc' dir='ltr'>καὶ</span> <span class='ocrx_word' id='word_1_38' title='bbox 747 389 791 423; x_wconf 88' lang='grc' dir='ltr'>τὸ</span> <span class='ocrx_word' id='word_1_39' title='bbox 816 391 939 434; x_wconf 82' lang='grc' dir='ltr'><strong><em>ἕτερον</em></strong></span> <span class='ocrx_word' id='word_1_40' title='bbox 963 388 1194 433; x_wconf 84' lang='grc' dir='ltr'><strong><em>συμβόλαιον,</em></strong></span> 
     </span>
     <span class='ocr_line' id='line_1_9' title="bbox 114 433 1194 480; baseline -0.001 -10"><span class='ocrx_word' id='word_1_41' title='bbox 114 437 255 470; x_wconf 73' lang='grc' dir='ltr'><strong><em>οὗτινος</em></strong></span> <span class='ocrx_word' id='word_1_42' title='bbox 269 434 391 480; x_wconf 80' lang='grc' dir='ltr'>μνήμη</span> <span class='ocrx_word' id='word_1_43' title='bbox 408 434 501 467; x_wconf 78' lang='grc' dir='ltr'><strong><em>κατα</em></strong></span> <span class='ocrx_word' id='word_1_44' title='bbox 517 433 560 467; x_wconf 87' lang='grc' dir='ltr'>τὸ</span> <span class='ocrx_word' id='word_1_45' title='bbox 601 433 745 480; x_wconf 83' lang='grc' dir='ltr'><strong><em>εύτερον</em></strong></span> <span class='ocrx_word' id='word_1_46' title='bbox 760 437 894 480; x_wconf 79' lang='grc' dir='ltr'><strong><em>γέγονε,</em></strong></span> <span class='ocrx_word' id='word_1_47' title='bbox 919 434 1194 479; x_wconf 76' lang='grc' dir='ltr'><strong><em>προκομισθείη,</em></strong></span> 
     </span>
     <span class='ocr_line' id='line_1_10' title="bbox 114 475 1194 535; baseline 0.001 -21"><span class='ocrx_word' id='word_1_48' title='bbox 114 479 136 535; x_wconf 68' lang='grc' dir='ltr'><em>ἢ</em></span> <span class='ocrx_word' id='word_1_49' title='bbox 170 481 273 525; x_wconf 73' lang='grc' dir='ltr'><strong><em>ἑτέρα</em></strong></span> <span class='ocrx_word' id='word_1_50' title='bbox 308 479 686 525; x_wconf 34' lang='grc' dir='ltr'><strong><em>παρασχεθείηνκατὰ</em></strong></span> <span class='ocrx_word' id='word_1_51' title='bbox 722 479 804 513; x_wconf 82' lang='grc' dir='ltr'><strong><em>τοὺς</em></strong></span> <span class='ocrx_word' id='word_1_52' title='bbox 838 476 970 524; x_wconf 88' lang='grc' dir='ltr'><strong><em>νόμους</em></strong></span> <span class='ocrx_word' id='word_1_53' title='bbox 1003 475 1194 523; x_wconf 75' lang='grc' dir='ltr'><strong><em>ἀπόδειξις,</em></strong></span> 
     </span>
     <span class='ocr_line' id='line_1_11' title="bbox 115 520 1195 578; baseline 0 -18"><span class='ocrx_word' id='word_1_54' title='bbox 115 522 242 570; x_wconf 74' lang='grc' dir='ltr'><strong><em>ὅτιπερ</em></strong></span> <span class='ocrx_word' id='word_1_55' title='bbox 261 528 321 559; x_wconf 85' lang='grc' dir='ltr'>καὶ</span> <span class='ocrx_word' id='word_1_56' title='bbox 341 521 363 567; x_wconf 83' lang='grc' dir='ltr'>ἡ</span> <span class='ocrx_word' id='word_1_57' title='bbox 381 522 536 566; x_wconf 83' lang='grc' dir='ltr'><strong><em>ποσότης</em></strong></span> <span class='ocrx_word' id='word_1_58' title='bbox 559 523 599 566; x_wconf 83' lang='grc' dir='ltr'><strong><em>ἧς</em></strong></span> <span class='ocrx_word' id='word_1_59' title='bbox 620 521 743 568; x_wconf 86' lang='grc' dir='ltr'>μνήμη</span> <span class='ocrx_word' id='word_1_60' title='bbox 766 527 890 571; x_wconf 72' lang='grc' dir='ltr'><strong><em>γέγονε</em></strong></span> <span class='ocrx_word' id='word_1_61' title='bbox 909 527 988 558; x_wconf 84' lang='grc' dir='ltr'><strong><em>ταῖς</em></strong></span> <span class='ocrx_word' id='word_1_62' title='bbox 1007 520 1195 578; x_wconf 74' lang='grc' dir='ltr'>ἀληθείαις</span> 
     </span>
     <span class='ocr_line' id='line_1_12' title="bbox 116 568 1194 616; baseline 0.001 -13"><span class='ocrx_word' id='word_1_63' title='bbox 116 570 350 616; x_wconf 75' lang='grc' dir='ltr'><strong><em>ἑποφείλεται.</em></strong></span> <span class='ocrx_word' id='word_1_64' title='bbox 395 570 503 603; x_wconf 74' lang='grc' dir='ltr'><strong><em>τοῦτο</em></strong></span> <span class='ocrx_word' id='word_1_65' title='bbox 527 568 597 614; x_wconf 82' lang='grc' dir='ltr'><strong><em>γὰρ</em></strong></span> <span class='ocrx_word' id='word_1_66' title='bbox 621 573 680 603; x_wconf 82' lang='grc' dir='ltr'>καὶ</span> <span class='ocrx_word' id='word_1_67' title='bbox 704 571 744 603; x_wconf 86' lang='grc' dir='ltr'>ἐν</span> <span class='ocrx_word' id='word_1_68' title='bbox 759 571 832 604; x_wconf 84' lang='grc' dir='ltr'><strong><em>τοῖς</em></strong></span> <span class='ocrx_word' id='word_1_69' title='bbox 848 568 1013 604; x_wconf 74' lang='grc' dir='ltr'><strong><em>παλαιοῖς</em></strong></span> <span class='ocrx_word' id='word_1_70' title='bbox 1036 574 1194 616; x_wconf 88' lang='grc' dir='ltr'><strong><em>ευρίσκο-</em></strong></span> 
     </span>
     <span class='ocr_line' id='line_1_13' title="bbox 114 614 335 659; baseline 0 -11"><span class='ocrx_word' id='word_1_71' title='bbox 114 630 180 654; x_wconf 77' lang='grc' dir='ltr'>μεν</span> <span class='ocrx_word' id='word_1_72' title='bbox 203 614 335 659; x_wconf 67' lang='grc' dir='ltr'><strong><em>’νόμοις-</em></strong></span> 
     </span>
    </p>
   </div>
   <div class='ocr_carea' id='block_1_6' title="bbox 1230 255 2338 529">
    <p class='ocr_par' dir='ltr' id='par_1_6' title="bbox 1262 255 2338 440">
     <span class='ocr_line' id='line_1_14' title="bbox 1331 255 2336 306; baseline 0.008 -16"><span class='ocrx_word' id='word_1_73' title='bbox 1331 256 1381 290; x_wconf 88' lang='lat' dir='ltr'>Et</span> <span class='ocrx_word' id='word_1_74' title='bbox 1415 255 1483 292; x_wconf 89' lang='lat' dir='ltr'>hoc</span> <span class='ocrx_word' id='word_1_75' title='bbox 1518 257 1665 302; x_wconf 88' lang='lat' dir='ltr'>iusuper</span> <span class='ocrx_word' id='word_1_76' title='bbox 1698 257 1872 302; x_wconf 92' lang='lat' dir='ltr'>iubemus,</span> <span class='ocrx_word' id='word_1_77' title='bbox 1906 260 1949 294; x_wconf 89' lang='lat' dir='ltr'>ut</span> <span class='ocrx_word' id='word_1_78' title='bbox 1977 259 2008 295; x_wconf 89' lang='lat' dir='ltr'>si</span> <span class='ocrx_word' id='word_1_79' title='bbox 2036 259 2116 305; x_wconf 88' lang='lat' dir='ltr'>quis</span> <span class='ocrx_word' id='word_1_80' title='bbox 2149 259 2188 295; x_wconf 90' lang='lat' dir='ltr'>in</span> <span class='ocrx_word' id='word_1_81' title='bbox 2218 261 2336 306; x_wconf 88' lang='lat' dir='ltr'>aliquo</span> 
     </span>
     <span class='ocr_line' id='line_1_15' title="bbox 1264 300 2336 348; baseline 0.007 -13"><span class='ocrx_word' id='word_1_82' title='bbox 1264 300 1475 337; x_wconf 86' lang='lat' dir='ltr'>documento</span> <span class='ocrx_word' id='word_1_83' title='bbox 1499 301 1645 338; x_wconf 87' lang='lat' dir='ltr'>alterius</span> <span class='ocrx_word' id='word_1_84' title='bbox 1668 302 1781 338; x_wconf 83' lang='lat' dir='ltr'>faciat</span> <span class='ocrx_word' id='word_1_85' title='bbox 1796 303 2007 339; x_wconf 87' lang='lat' dir='ltr'>mentionem</span> <span class='ocrx_word' id='word_1_86' title='bbox 2023 304 2236 348; x_wconf 82' lang='lat' dir='ltr'>documenti,</span> <span class='ocrx_word' id='word_1_87' title='bbox 2259 306 2336 341; x_wconf 92' lang='lat' dir='ltr'>nul·</span> 
     </span>
     <span class='ocr_line' id='line_1_16' title="bbox 1262 345 2338 394; baseline 0.007 -14"><span class='ocrx_word' id='word_1_88' title='bbox 1262 345 1333 380; x_wconf 87' lang='lat' dir='ltr'>lam</span> <span class='ocrx_word' id='word_1_89' title='bbox 1356 355 1404 380; x_wconf 81' lang='lat' dir='ltr'>ex</span> <span class='ocrx_word' id='word_1_90' title='bbox 1427 346 1495 382; x_wconf 94' lang='lat' dir='ltr'>hac</span> <span class='ocrx_word' id='word_1_91' title='bbox 1517 347 1686 384; x_wconf 85' lang='lat' dir='ltr'>memoria</span> <span class='ocrx_word' id='word_1_92' title='bbox 1713 347 1793 383; x_wconf 88' lang='lat' dir='ltr'>fieri</span> <span class='ocrx_word' id='word_1_93' title='bbox 1816 349 2053 394; x_wconf 83' lang='lat' dir='ltr'><strong>exactionem,</strong></span> <span class='ocrx_word' id='word_1_94' title='bbox 2085 350 2154 386; x_wconf 90' lang='lat' dir='ltr'>nisi</span> <span class='ocrx_word' id='word_1_95' title='bbox 2183 353 2220 386; x_wconf 86' lang='lat' dir='ltr'>et</span> <span class='ocrx_word' id='word_1_96' title='bbox 2241 350 2338 386; x_wconf 85' lang='lat' dir='ltr'>aliud</span> 
     </span>
     <span class='ocr_line' id='line_1_17' title="bbox 1262 390 2336 440; baseline 0.007 -15"><span class='ocrx_word' id='word_1_97' title='bbox 1262 390 1528 434; x_wconf 86' lang='lat' dir='ltr'>documentum,</span> <span class='ocrx_word' id='word_1_98' title='bbox 1561 393 1662 428; x_wconf 89' lang='lat' dir='ltr'>cuius</span> <span class='ocrx_word' id='word_1_99' title='bbox 1691 393 1860 429; x_wconf 87' lang='lat' dir='ltr'>memoria</span> <span class='ocrx_word' id='word_1_100' title='bbox 1888 393 1926 429; x_wconf 91' lang='lat' dir='ltr'>in</span> <span class='ocrx_word' id='word_1_101' title='bbox 1957 395 2114 431; x_wconf 88' lang='lat' dir='ltr'>secundo</span> <span class='ocrx_word' id='word_1_102' title='bbox 2144 394 2244 431; x_wconf 84' lang='lat' dir='ltr'>facta</span> <span class='ocrx_word' id='word_1_103' title='bbox 2270 398 2336 440; x_wconf 88' lang='lat' dir='ltr'>est,</span> 
     </span>
    </p>

    <p class='ocr_par' dir='ltr' id='par_1_7' title="bbox 1230 435 2337 529">
     <span class='ocr_line' id='line_1_18' title="bbox 1230 435 2336 485; baseline 0.005 -14"><span class='ocrx_word' id='word_1_104' title='bbox 1230 439 1249 471; x_wconf 85' lang='lat'>5</span> <span class='ocrx_word' id='word_1_105' title='bbox 1262 435 1476 480; x_wconf 85' lang='lat' dir='ltr'>proferatur,</span> <span class='ocrx_word' id='word_1_106' title='bbox 1509 440 1572 472; x_wconf 87' lang='lat' dir='ltr'>aut</span> <span class='ocrx_word' id='word_1_107' title='bbox 1602 437 1673 473; x_wconf 87' lang='lat' dir='ltr'>alia</span> <span class='ocrx_word' id='word_1_108' title='bbox 1697 438 1892 474; x_wconf 87' lang='lat' dir='ltr'>secundum</span> <span class='ocrx_word' id='word_1_109' title='bbox 1923 439 2019 483; x_wconf 88' lang='lat' dir='ltr'>leges</span> <span class='ocrx_word' id='word_1_110' title='bbox 2050 440 2215 485; x_wconf 87' lang='lat' dir='ltr'>probatio</span> <span class='ocrx_word' id='word_1_111' title='bbox 2239 441 2336 476; x_wconf 83' lang='lat' dir='ltr'>exhi-</span> 
     </span>
     <span class='ocr_line' id='line_1_19' title="bbox 1264 482 2337 529; baseline 0.007 -15"><span class='ocrx_word' id='word_1_112' title='bbox 1264 483 1400 523; x_wconf 86' lang='lat' dir='ltr'>beatur,</span> <span class='ocrx_word' id='word_1_113' title='bbox 1432 482 1516 525; x_wconf 88' lang='lat' dir='ltr'>quia</span> <span class='ocrx_word' id='word_1_114' title='bbox 1539 485 1575 517; x_wconf 91' lang='lat' dir='ltr'>et</span> <span class='ocrx_word' id='word_1_115' title='bbox 1598 483 1789 526; x_wconf 79' lang='lat' dir='ltr'>quantitas,</span> <span class='ocrx_word' id='word_1_116' title='bbox 1823 483 1924 520; x_wconf 89' lang='lat' dir='ltr'>cuius</span> <span class='ocrx_word' id='word_1_117' title='bbox 1948 485 2119 520; x_wconf 86' lang='lat' dir='ltr'>memoria</span> <span class='ocrx_word' id='word_1_118' title='bbox 2148 485 2249 522; x_wconf 86' lang='lat' dir='ltr'>facta</span> <span class='ocrx_word' id='word_1_119' title='bbox 2271 488 2337 529; x_wconf 89' lang='lat' dir='ltr'>est,</span> 
     </span>
    </p>
   </div>
   <div class='ocr_carea' id='block_1_7' title="bbox 1262 526 2336 607">
    <p class='ocr_par' dir='ltr' id='par_1_8' title="bbox 1262 526 2336 607">
     <span class='ocr_line' id='line_1_20' title="bbox 1262 526 2336 607; baseline 0.006 -46"><span class='ocrx_word' id='word_1_120' title='bbox 1262 536 1330 606; x_wconf 51' lang='lat' dir='ltr'>pff}</span> <span class='ocrx_word' id='word_1_121' title='bbox 1344 526 1674 607; x_wconf 40' lang='lat' dir='ltr'>{gffffiffugebem&#39;</span> <span class='ocrx_word' id='word_1_122' title='bbox 1721 528 1800 564; x_wconf 86' lang='lat' dir='ltr'>Hoc</span> <span class='ocrx_word' id='word_1_123' title='bbox 1823 529 1917 565; x_wconf 87' lang='lat' dir='ltr'>enim</span> <span class='ocrx_word' id='word_1_124' title='bbox 1941 535 1978 565; x_wconf 88' lang='lat' dir='ltr'>et</span> <span class='ocrx_word' id='word_1_125' title='bbox 1999 529 2038 565; x_wconf 92' lang='lat' dir='ltr'>in</span> <span class='ocrx_word' id='word_1_126' title='bbox 2052 529 2230 567; x_wconf 85' lang='lat' dir='ltr'>veteribus</span> <span class='ocrx_word' id='word_1_127' title='bbox 2252 530 2336 577; x_wconf 81' lang='lat' dir='ltr'>legi-</span> 
     </span>
    </p>
   </div>
   <div class='ocr_carea' id='block_1_8' title="bbox 1101 682 1343 718">
    <p class='ocr_par' dir='ltr' id='par_1_9' title="bbox 1101 682 1343 718">
     <span class='ocr_line' id='line_1_21' title="bbox 1101 682 1343 718; baseline 0.004 -1"><span class='ocrx_word' id='word_1_128' title='bbox 1101 682 1256 718; x_wconf 82' lang='lat' dir='ltr'>CAPUT</span> <span class='ocrx_word' id='word_1_129' title='bbox 1280 682 1343 718; x_wconf 90' lang='lat' dir='ltr'>IV.</span> 
     </span>
    </p>
   </div>
   <div class='ocr_carea' id='block_1_9' title="bbox 184 745 1248 793">
    <p class='ocr_par' dir='ltr' id='par_1_10' title="bbox 184 745 1248 793">
     <span class='ocr_line' id='line_1_22' title="bbox 184 745 1248 793; baseline 0.004 -12"><span class='ocrx_word' id='word_1_130' title='bbox 184 751 256 782; x_wconf 71' lang='lat' dir='ltr'>Kal</span> <span class='ocrx_word' id='word_1_131' title='bbox 285 751 394 783; x_wconf 78' lang='grc' dir='ltr'><strong><em>τοῦτο</em></strong></span> <span class='ocrx_word' id='word_1_132' title='bbox 425 747 465 783; x_wconf 74' lang='grc' dir='ltr'>δὲ</span> <span class='ocrx_word' id='word_1_133' title='bbox 487 749 725 792; x_wconf 83' lang='grc' dir='ltr'><strong><em>θεσπίζομεν,</em></strong></span> <span class='ocrx_word' id='word_1_134' title='bbox 756 745 845 783; x_wconf 76' lang='grc' dir='ltr'><strong><em>ὧςτε</em></strong></span> <span class='ocrx_word' id='word_1_135' title='bbox 873 749 994 784; x_wconf 83' lang='grc' dir='ltr'><strong><em>εἴποτε</em></strong></span> <span class='ocrx_word' id='word_1_136' title='bbox 1025 748 1194 793; x_wconf 77' lang='grc' dir='ltr'><strong><em>ἐκκλήτου</em></strong></span> <span class='ocrx_word' id='word_1_137' title='bbox 1209 753 1248 786; x_wconf 88' lang='grc'>10</span> 
     </span>
    </p>
   </div>
   <div class='ocr_carea' id='block_1_10' title="bbox 113 792 1196 983">
    <p class='ocr_par' dir='ltr' id='par_1_11' title="bbox 113 792 1196 983">
     <span class='ocr_line' id='line_1_23' title="bbox 114 792 1196 840; baseline -0.001 -11"><span class='ocrx_word' id='word_1_138' title='bbox 114 792 483 839; x_wconf 72' lang='grc' dir='ltr'><strong><em>παρακολουθησάσης</em></strong></span> <span class='ocrx_word' id='word_1_139' title='bbox 499 796 538 828; x_wconf 83' lang='grc' dir='ltr'>ἐν</span> <span class='ocrx_word' id='word_1_140' title='bbox 552 796 596 840; x_wconf 84' lang='grc' dir='ltr'>τῇ</span> <span class='ocrx_word' id='word_1_141' title='bbox 613 793 801 838; x_wconf 75' lang='grc' dir='ltr'><strong><em>τελευταίᾳ</em></strong></span> <span class='ocrx_word' id='word_1_142' title='bbox 817 795 1063 839; x_wconf 78' lang='grc' dir='ltr'><strong><em>ἐμπροθέσμῳ</em></strong></span> <span class='ocrx_word' id='word_1_143' title='bbox 1080 793 1196 840; x_wconf 78' lang='grc' dir='ltr'><strong><em>ἡμέρᾳ</em></strong></span> 
     </span>
     <span class='ocr_line' id='line_1_24' title="bbox 114 837 1196 886; baseline 0.002 -14"><span class='ocrx_word' id='word_1_144' title='bbox 114 838 136 882; x_wconf 84' lang='grc' dir='ltr'><em>ἢ</em></span> <span class='ocrx_word' id='word_1_145' title='bbox 159 842 262 883; x_wconf 80' lang='grc' dir='ltr'><strong><em>μέρος</em></strong></span> <span class='ocrx_word' id='word_1_146' title='bbox 293 839 463 884; x_wconf 86' lang='grc' dir='ltr'><strong><em>ἑκάτερον</em></strong></span> <span class='ocrx_word' id='word_1_147' title='bbox 494 837 518 882; x_wconf 83' lang='grc' dir='ltr'><em>ἢ</em></span> <span class='ocrx_word' id='word_1_148' title='bbox 547 838 658 882; x_wconf 80' lang='grc' dir='ltr'><strong><em>μόνος</em></strong></span> <span class='ocrx_word' id='word_1_149' title='bbox 681 837 701 872; x_wconf 79' lang='grc' dir='ltr'>ὁ</span> <span class='ocrx_word' id='word_1_150' title='bbox 726 840 771 886; x_wconf 85' lang='grc' dir='ltr'>τῇ</span> <span class='ocrx_word' id='word_1_151' title='bbox 795 838 955 883; x_wconf 74' lang='grc' dir='ltr'><strong><em>ἐκκλήτῳ</em></strong></span> <span class='ocrx_word' id='word_1_152' title='bbox 978 839 1196 886; x_wconf 86' lang='grc' dir='ltr'><strong><em>χρησάμενος</em></strong></span> 
     </span>
     <span class='ocr_line' id='line_1_25' title="bbox 114 883 1192 930; baseline 0.001 -13"><span class='ocrx_word' id='word_1_153' title='bbox 114 883 273 930; x_wconf 82' lang='grc' dir='ltr'><strong><em>φθάσειε</em></strong></span> <span class='ocrx_word' id='word_1_154' title='bbox 293 887 353 917; x_wconf 83' lang='grc' dir='ltr'>καὶ</span> <span class='ocrx_word' id='word_1_155' title='bbox 371 886 439 927; x_wconf 70' lang='grc' dir='ltr'>τὴν</span> <span class='ocrx_word' id='word_1_156' title='bbox 454 885 579 918; x_wconf 81' lang='grc' dir='ltr'><strong><em>ἑαυτοῦ</em></strong></span> <span class='ocrx_word' id='word_1_157' title='bbox 601 889 803 929; x_wconf 81' lang='grc' dir='ltr'><strong><em>παρουσίαν</em></strong></span> <span class='ocrx_word' id='word_1_158' title='bbox 821 883 1040 930; x_wconf 71' lang='grc' dir='ltr'><strong><em>φανερώσειε</em></strong></span> <span class='ocrx_word' id='word_1_159' title='bbox 1059 887 1115 928; x_wconf 76' lang='grc' dir='ltr'>τῷ</span> <span class='ocrx_word' id='word_1_160' title='bbox 1131 884 1192 930; x_wconf 78' lang='grc' dir='ltr'>ἄρ-</span> 
     </span>
     <span class='ocr_line' id='line_1_26' title="bbox 113 928 1192 983; baseline 0.002 -22"><span class='ocrx_word' id='word_1_161' title='bbox 113 931 290 983; x_wconf 43' lang='grc' dir='ltr'><strong><em>χοντιᾋτῷ</em></strong></span> <span class='ocrx_word' id='word_1_162' title='bbox 307 929 474 972; x_wconf 77' lang='grc' dir='ltr'><strong><em>μέλλοντι</em></strong></span> <span class='ocrx_word' id='word_1_163' title='bbox 498 929 566 972; x_wconf 81' lang='grc' dir='ltr'>τὴν</span> <span class='ocrx_word' id='word_1_164' title='bbox 591 931 652 972; x_wconf 83' lang='grc' dir='ltr'>τῆς</span> <span class='ocrx_word' id='word_1_165' title='bbox 675 929 845 972; x_wconf 80' lang='grc' dir='ltr'><strong><em>ἐκκλήτου</em></strong></span> <span class='ocrx_word' id='word_1_166' title='bbox 865 928 1051 964; x_wconf 79' lang='grc' dir='ltr'><strong><em>ὑπόθεσιν</em></strong></span> <span class='ocrx_word' id='word_1_167' title='bbox 1074 930 1192 971; x_wconf 76' lang='grc' dir='ltr'><strong><em>ἐξετά-</em></strong></span> 
     </span>
    </p>
   </div>
   <div class='ocr_carea' id='block_1_11' title="bbox 1263 749 2338 976">
    <p class='ocr_par' dir='ltr' id='par_1_12' title="bbox 1263 749 2338 976">
     <span class='ocr_line' id='line_1_27' title="bbox 1331 749 2338 800; baseline 0.007 -16"><span class='ocrx_word' id='word_1_168' title='bbox 1331 749 1409 785; x_wconf 89' lang='lat' dir='ltr'>Hoc</span> <span class='ocrx_word' id='word_1_169' title='bbox 1434 761 1575 796; x_wconf 89' lang='lat' dir='ltr'>quoque</span> <span class='ocrx_word' id='word_1_170' title='bbox 1599 751 1789 795; x_wconf 80' lang='lat' dir='ltr'>sancimus,</span> <span class='ocrx_word' id='word_1_171' title='bbox 1815 755 1857 788; x_wconf 87' lang='lat' dir='ltr'>ut</span> <span class='ocrx_word' id='word_1_172' title='bbox 1878 753 1910 788; x_wconf 89' lang='lat' dir='ltr'>si</span> <span class='ocrx_word' id='word_1_173' title='bbox 1932 753 2074 798; x_wconf 87' lang='lat' dir='ltr'>quando</span> <span class='ocrx_word' id='word_1_174' title='bbox 2098 753 2338 800; x_wconf 79' lang='lat' dir='ltr'>appellatione</span> 
     </span>
     <span class='ocr_line' id='line_1_28' title="bbox 1264 795 2336 844; baseline 0.005 -14"><span class='ocrx_word' id='word_1_175' title='bbox 1264 799 1388 830; x_wconf 87' lang='lat' dir='ltr'>secuta</span> <span class='ocrx_word' id='word_1_176' title='bbox 1417 795 1454 831; x_wconf 91' lang='lat' dir='ltr'>in</span> <span class='ocrx_word' id='word_1_177' title='bbox 1486 797 1676 833; x_wconf 88' lang='lat' dir='ltr'>novissimo</span> <span class='ocrx_word' id='word_1_178' title='bbox 1706 796 1923 834; x_wconf 85' lang='lat' dir='ltr'>indutiarum</span> <span class='ocrx_word' id='word_1_179' title='bbox 1953 799 2010 834; x_wconf 90' lang='lat' dir='ltr'>die</span> <span class='ocrx_word' id='word_1_180' title='bbox 2040 801 2105 835; x_wconf 86' lang='lat' dir='ltr'>aut</span> <span class='ocrx_word' id='word_1_181' title='bbox 2131 808 2216 844; x_wconf 83' lang='lat' dir='ltr'>pars</span> <span class='ocrx_word' id='word_1_182' title='bbox 2238 803 2336 835; x_wconf 87' lang='lat' dir='ltr'>utra-</span> 
     </span>
     <span class='ocr_line' id='line_1_29' title="bbox 1266 841 2338 887; baseline 0.006 -13"><span class='ocrx_word' id='word_1_183' title='bbox 1266 850 1333 884; x_wconf 87' lang='lat' dir='ltr'>que</span> <span class='ocrx_word' id='word_1_184' title='bbox 1363 843 1427 875; x_wconf 86' lang='lat' dir='ltr'>aut</span> <span class='ocrx_word' id='word_1_185' title='bbox 1457 841 1556 876; x_wconf 90' lang='lat' dir='ltr'>solus</span> <span class='ocrx_word' id='word_1_186' title='bbox 1588 843 1648 886; x_wconf 87' lang='lat' dir='ltr'>qui</span> <span class='ocrx_word' id='word_1_187' title='bbox 1680 843 1918 887; x_wconf 86' lang='lat' dir='ltr'>appellatione</span> <span class='ocrx_word' id='word_1_188' title='bbox 1949 853 2036 879; x_wconf 91' lang='lat' dir='ltr'>usus</span> <span class='ocrx_word' id='word_1_189' title='bbox 2067 848 2122 879; x_wconf 88' lang='lat' dir='ltr'>est</span> <span class='ocrx_word' id='word_1_190' title='bbox 2141 845 2338 880; x_wconf 87' lang='lat' dir='ltr'>occurrerit</span> 
     </span>
     <span class='ocr_line' id='line_1_30' title="bbox 1263 887 2337 944; baseline 0.005 -24"><span class='ocrx_word' id='word_1_191' title='bbox 1263 890 1298 920; x_wconf 88' lang='lat' dir='ltr'>et</span> <span class='ocrx_word' id='word_1_192' title='bbox 1321 895 1421 920; x_wconf 89' lang='lat' dir='ltr'>suam</span> <span class='ocrx_word' id='word_1_193' title='bbox 1444 887 1682 930; x_wconf 86' lang='lat' dir='ltr'>praesentiam</span> <span class='ocrx_word' id='word_1_194' title='bbox 1705 887 1985 923; x_wconf 82' lang='lat' dir='ltr'>manifestaverit</span> <span class='ocrx_word' id='word_1_195' title='bbox 2006 888 2115 924; x_wconf 87' lang='lat' dir='ltr'>iudici</span> <span class='ocrx_word' id='word_1_196' title='bbox 2137 889 2258 925; x_wconf 78' lang='lat' dir='ltr'>futuro</span> <span class='ocrx_word' id='word_1_197' title='bbox 2274 899 2337 944; x_wconf 77' lang='lat' dir='ltr'>ap-</span> 
     </span>
     <span class='ocr_line' id='line_1_31' title="bbox 1263 931 2338 976; baseline 0.005 -11"><span class='ocrx_word' id='word_1_198' title='bbox 1263 931 1467 976; x_wconf 86' lang='lat' dir='ltr'>pellationis</span> <span class='ocrx_word' id='word_1_199' title='bbox 1498 932 1700 967; x_wconf 86' lang='lat' dir='ltr'>examinare</span> <span class='ocrx_word' id='word_1_200' title='bbox 1729 932 1897 967; x_wconf 90' lang='lat' dir='ltr'>iudicium</span> <span class='ocrx_word' id='word_1_201' title='bbox 1927 936 1992 968; x_wconf 88' lang='lat' dir='ltr'>aut</span> <span class='ocrx_word' id='word_1_202' title='bbox 2021 934 2096 969; x_wconf 89' lang='lat' dir='ltr'>eius</span> <span class='ocrx_word' id='word_1_203' title='bbox 2126 934 2338 970; x_wconf 79' lang='lat' dir='ltr'>consiliarus</span> 
     </span>
    </p>
   </div>
   <div class='ocr_carea' id='block_1_12' title="bbox 115 972 2337 1029">
    <p class='ocr_par' dir='ltr' id='par_1_13' title="bbox 115 972 2337 1029">
     <span class='ocr_line' id='line_1_32' title="bbox 115 972 2337 1029; baseline 0.004 -22"><span class='ocrx_word' id='word_1_204' title='bbox 115 977 191 1016; x_wconf 85' lang='grc' dir='ltr'><strong><em>ζειν</em></strong></span> <span class='ocrx_word' id='word_1_205' title='bbox 213 989 235 1017; x_wconf 91' lang='grc' dir='ltr'><strong><em>η</em></strong></span> <span class='ocrx_word' id='word_1_206' title='bbox 252 977 324 1008; x_wconf 85' lang='grc' dir='ltr'><strong><em>τοῖς</em></strong></span> <span class='ocrx_word' id='word_1_207' title='bbox 341 972 453 1008; x_wconf 82' lang='grc' dir='ltr'><strong><em>αὐτοῦ</em></strong></span> <span class='ocrx_word' id='word_1_208' title='bbox 469 972 651 1021; x_wconf 75' lang='grc' dir='ltr'><strong><em>συνέδροις</em></strong></span> <span class='ocrx_word' id='word_1_209' title='bbox 673 973 695 1017; x_wconf 82' lang='grc' dir='ltr'><em>ἢ</em></span> <span class='ocrx_word' id='word_1_210' title='bbox 721 978 794 1009; x_wconf 90' lang='grc' dir='ltr'><strong><em>τοῖς</em></strong></span> <span class='ocrx_word' id='word_1_211' title='bbox 809 975 873 1029; x_wconf 40' lang='grc' dir='ltr'>1τεοὶς</span> <span class='ocrx_word' id='word_1_212' title='bbox 893 972 992 1009; x_wconf 83' lang='grc' dir='ltr'><strong><em>δίκας</em></strong></span> <span class='ocrx_word' id='word_1_213' title='bbox 1008 972 1193 1029; x_wconf 72' lang='grc' dir='ltr'><strong><em>εἰςᾴγουσι,</em></strong></span> <span class='ocrx_word' id='word_1_214' title='bbox 1209 979 1249 1010; x_wconf 84' lang='grc'>15</span> <span class='ocrx_word' id='word_1_215' title='bbox 1263 980 1327 1011; x_wconf 80' lang='lat' dir='ltr'>aut</span> <span class='ocrx_word' id='word_1_216' title='bbox 1357 975 1417 1020; x_wconf 84' lang='lat' dir='ltr'>qui</span> <span class='ocrx_word' id='word_1_217' title='bbox 1448 976 1528 1012; x_wconf 74' lang='lat' dir='ltr'>lites</span> <span class='ocrx_word' id='word_1_218' title='bbox 1559 977 1817 1018; x_wconf 77' lang='lat' dir='ltr'>intromittunt,</span> <span class='ocrx_word' id='word_1_219' title='bbox 1847 981 1884 1013; x_wconf 77' lang='lat' dir='ltr'>et</span> <span class='ocrx_word' id='word_1_220' title='bbox 1914 978 1945 1014; x_wconf 78' lang='lat' dir='ltr'>Si</span> <span class='ocrx_word' id='word_1_221' title='bbox 1974 978 2083 1014; x_wconf 80' lang='lat' dir='ltr'>iudex</span> <span class='ocrx_word' id='word_1_222' title='bbox 2106 989 2187 1014; x_wconf 85' lang='lat' dir='ltr'>eum</span> <span class='ocrx_word' id='word_1_223' title='bbox 2216 979 2255 1014; x_wconf 81' lang='lat' dir='ltr'>in</span> <span class='ocrx_word' id='word_1_224' title='bbox 2277 979 2337 1015; x_wconf 81' lang='lat' dir='ltr'>de·</span> 
     </span>
    </p>
   </div>
   <div class='ocr_carea' id='block_1_13' title="bbox 113 1017 1195 1157">
    <p class='ocr_par' dir='ltr' id='par_1_14' title="bbox 113 1017 1195 1157">
     <span class='ocr_line' id='line_1_33' title="bbox 113 1017 1195 1066; baseline 0.002 -14"><span class='ocrx_word' id='word_1_225' title='bbox 113 1022 173 1052; x_wconf 84' lang='grc' dir='ltr'>καὶ</span> <span class='ocrx_word' id='word_1_226' title='bbox 203 1018 222 1052; x_wconf 87' lang='lat' dir='ltr'>o‘</span> <span class='ocrx_word' id='word_1_227' title='bbox 257 1017 426 1063; x_wconf 82' lang='grc' dir='ltr'><strong><em>δικαστὴς</em></strong></span> <span class='ocrx_word' id='word_1_228' title='bbox 454 1022 587 1054; x_wconf 82' lang='grc' dir='ltr'><strong><em>τοῦτον</em></strong></span> <span class='ocrx_word' id='word_1_229' title='bbox 621 1021 662 1053; x_wconf 85' lang='grc' dir='ltr'>ἐν</span> <span class='ocrx_word' id='word_1_230' title='bbox 692 1022 770 1054; x_wconf 89' lang='grc' dir='ltr'><strong><em>ταῖς</em></strong></span> <span class='ocrx_word' id='word_1_231' title='bbox 803 1022 1017 1066; x_wconf 85' lang='grc' dir='ltr'><strong><em>ωρισμέναις</em></strong></span> <span class='ocrx_word' id='word_1_232' title='bbox 1050 1024 1195 1066; x_wconf 85' lang='grc' dir='ltr'><strong><em>ημέραις</em></strong></span> 
     </span>
     <span class='ocr_line' id='line_1_34' title="bbox 114 1062 1195 1110; baseline 0.001 -12"><span class='ocrx_word' id='word_1_233' title='bbox 114 1063 294 1105; x_wconf 77' lang='grc' dir='ltr'><strong><em>δέξασθαι</em></strong></span> <span class='ocrx_word' id='word_1_234' title='bbox 326 1062 573 1109; x_wconf 81' lang='grc' dir='ltr'><strong><em>ἀναβάληται,</em></strong></span> <span class='ocrx_word' id='word_1_235' title='bbox 605 1063 719 1108; x_wconf 82' lang='grc' dir='ltr'><strong><em>μηδὲν</em></strong></span> <span class='ocrx_word' id='word_1_236' title='bbox 742 1064 927 1110; x_wconf 88' lang='grc' dir='ltr'><strong><em>πρόκριμα</em></strong></span> <span class='ocrx_word' id='word_1_237' title='bbox 956 1067 1029 1099; x_wconf 87' lang='grc' dir='ltr'><strong><em>τοῖς</em></strong></span> <span class='ocrx_word' id='word_1_238' title='bbox 1078 1068 1195 1110; x_wconf 75' lang='grc' dir='ltr'><strong><em>ἐρεσιν</em></strong></span> 
     </span>
     <span class='ocr_line' id='line_1_35' title="bbox 113 1107 1195 1157; baseline 0.001 -13"><span class='ocrx_word' id='word_1_239' title='bbox 113 1107 135 1152; x_wconf 87' lang='grc' dir='ltr'><em>ἢ</em></span> <span class='ocrx_word' id='word_1_240' title='bbox 152 1110 207 1144; x_wconf 85' lang='grc' dir='ltr'>ἑνὶ</span> <span class='ocrx_word' id='word_1_241' title='bbox 223 1109 367 1144; x_wconf 84' lang='grc' dir='ltr'><strong><em>τούτων</em></strong></span> <span class='ocrx_word' id='word_1_242' title='bbox 391 1112 429 1143; x_wconf 78' lang='grc' dir='ltr'><strong><em>ἐκ</em></strong></span> <span class='ocrx_word' id='word_1_243' title='bbox 444 1108 573 1144; x_wconf 79' lang='grc' dir='ltr'><strong><em>τούτου</em></strong></span> <span class='ocrx_word' id='word_1_244' title='bbox 597 1109 784 1145; x_wconf 79' lang='grc' dir='ltr'><strong><em>παντελῶς</em></strong></span> <span class='ocrx_word' id='word_1_245' title='bbox 806 1110 994 1157; x_wconf 80' lang='grc' dir='ltr'><strong><em>γίνεσθαι,</em></strong></span> <span class='ocrx_word' id='word_1_246' title='bbox 1020 1108 1043 1143; x_wconf 88' lang='grc' dir='ltr'>ἀ</span> <span class='ocrx_word' id='word_1_247' title='bbox 1066 1109 1111 1144; x_wconf 82' lang='grc' dir='ltr'>λὰ</span> <span class='ocrx_word' id='word_1_248' title='bbox 1135 1113 1195 1145; x_wconf 86' lang='grc' dir='ltr'>καὶ</span> 
     </span>
    </p>
   </div>
   <div class='ocr_carea' id='block_1_14' title="bbox 1261 1020 2339 1157">
    <p class='ocr_par' dir='ltr' id='par_1_15' title="bbox 1261 1020 2339 1157">
     <span class='ocr_line' id='line_1_36' title="bbox 1261 1020 2339 1068; baseline 0.005 -13"><span class='ocrx_word' id='word_1_249' title='bbox 1261 1020 1371 1056; x_wconf 87' lang='lat' dir='ltr'>finitis</span> <span class='ocrx_word' id='word_1_250' title='bbox 1396 1021 1519 1057; x_wconf 90' lang='lat' dir='ltr'>diebus</span> <span class='ocrx_word' id='word_1_251' title='bbox 1543 1022 1725 1067; x_wconf 88' lang='lat' dir='ltr'>suscipere</span> <span class='ocrx_word' id='word_1_252' title='bbox 1750 1021 1901 1066; x_wconf 84' lang='lat' dir='ltr'>differat,</span> <span class='ocrx_word' id='word_1_253' title='bbox 1924 1023 2062 1058; x_wconf 94' lang='lat' dir='ltr'>nullum</span> <span class='ocrx_word' id='word_1_254' title='bbox 2083 1023 2339 1068; x_wconf 86' lang='lat' dir='ltr'>praeiudicium</span> 
     </span>
     <span class='ocr_line' id='line_1_37' title="bbox 1262 1066 2339 1113; baseline 0.005 -13"><span class='ocrx_word' id='word_1_255' title='bbox 1262 1066 1425 1111; x_wconf 85' lang='lat' dir='ltr'>partibus</span> <span class='ocrx_word' id='word_1_256' title='bbox 1449 1069 1513 1101; x_wconf 87' lang='lat' dir='ltr'>aut</span> <span class='ocrx_word' id='word_1_257' title='bbox 1536 1067 1597 1102; x_wconf 86' lang='lat' dir='ltr'>uni</span> <span class='ocrx_word' id='word_1_258' title='bbox 1619 1067 1746 1102; x_wconf 88' lang='lat' dir='ltr'>harum</span> <span class='ocrx_word' id='word_1_259' title='bbox 1768 1077 1813 1102; x_wconf 85' lang='lat' dir='ltr'>ex</span> <span class='ocrx_word' id='word_1_260' title='bbox 1834 1068 1903 1103; x_wconf 89' lang='lat' dir='ltr'>hoc</span> <span class='ocrx_word' id='word_1_261' title='bbox 1925 1068 2067 1113; x_wconf 88' lang='lat' dir='ltr'>penitus</span> <span class='ocrx_word' id='word_1_262' title='bbox 2089 1068 2185 1111; x_wconf 90' lang='lat' dir='ltr'>fieri,</span> <span class='ocrx_word' id='word_1_263' title='bbox 2216 1068 2280 1105; x_wconf 86' lang='lat' dir='ltr'>sed</span> <span class='ocrx_word' id='word_1_264' title='bbox 2302 1072 2339 1105; x_wconf 84' lang='lat' dir='ltr'>et</span> 
     </span>
     <span class='ocr_line' id='line_1_38' title="bbox 1262 1111 2337 1157; baseline 0.004 -10"><span class='ocrx_word' id='word_1_265' title='bbox 1262 1114 1346 1156; x_wconf 85' lang='lat' dir='ltr'>post</span> <span class='ocrx_word' id='word_1_266' title='bbox 1369 1111 1459 1146; x_wconf 87' lang='lat' dir='ltr'>haec</span> <span class='ocrx_word' id='word_1_267' title='bbox 1482 1112 1679 1147; x_wconf 83' lang='lat' dir='ltr'>examinari</span> <span class='ocrx_word' id='word_1_268' title='bbox 1701 1113 1956 1157; x_wconf 84' lang='lat' dir='ltr'>appellationes</span> <span class='ocrx_word' id='word_1_269' title='bbox 1979 1113 2184 1150; x_wconf 87' lang='lat' dir='ltr'>huiusmodi</span> <span class='ocrx_word' id='word_1_270' title='bbox 2205 1117 2242 1150; x_wconf 88' lang='lat' dir='ltr'>et</span> <span class='ocrx_word' id='word_1_271' title='bbox 2256 1123 2337 1151; x_wconf 86' lang='lat' dir='ltr'>sen·</span> 
     </span>
    </p>
   </div>
   <div class='ocr_carea' id='block_1_15' title="bbox 113 1153 1772 1209">
    <p class='ocr_par' dir='ltr' id='par_1_16' title="bbox 113 1153 1772 1209">
     <span class='ocr_line' id='line_1_39' title="bbox 113 1153 1772 1209; baseline 0.003 -21"><span class='ocrx_word' id='word_1_272' title='bbox 113 1154 204 1209; x_wconf 70' lang='grc' dir='ltr'><strong><em>μετὰ</em></strong></span> <span class='ocrx_word' id='word_1_273' title='bbox 227 1156 346 1190; x_wconf 83' lang='grc' dir='ltr'><strong><em>ταῦτα</em></strong></span> <span class='ocrx_word' id='word_1_274' title='bbox 370 1155 608 1198; x_wconf 78' lang='grc' dir='ltr'><strong><em>ἐξετάζεσθαι</em></strong></span> <span class='ocrx_word' id='word_1_275' title='bbox 639 1155 704 1190; x_wconf 73' lang='grc' dir='ltr'>τὰς</span> <span class='ocrx_word' id='word_1_276' title='bbox 726 1154 895 1190; x_wconf 74' lang='grc' dir='ltr'><strong><em>τοιαύτας</em></strong></span> <span class='ocrx_word' id='word_1_277' title='bbox 919 1153 1105 1199; x_wconf 76' lang='grc' dir='ltr'><strong><em>ἐκκλήτους</em></strong></span> <span class='ocrx_word' id='word_1_278' title='bbox 1135 1158 1196 1190; x_wconf 78' lang='grc' dir='ltr'>καὶ</span> <span class='ocrx_word' id='word_1_279' title='bbox 1262 1156 1377 1192; x_wconf 80' lang='lat' dir='ltr'>tentia</span> <span class='ocrx_word' id='word_1_280' title='bbox 1398 1156 1556 1200; x_wconf 68' lang='lat' dir='ltr'>legitima</span> <span class='ocrx_word' id='word_1_281' title='bbox 1578 1158 1772 1193; x_wconf 80' lang='lat' dir='ltr'>terminari.</span> 
     </span>
    </p>
   </div>
   <div class='ocr_carea' id='block_1_16' title="bbox 114 1201 676 1247">
    <p class='ocr_par' dir='ltr' id='par_1_17' title="bbox 114 1201 676 1247">
     <span class='ocr_line' id='line_1_40' title="bbox 114 1201 676 1247; baseline 0 -13"><span class='ocrx_word' id='word_1_282' title='bbox 114 1212 228 1246; x_wconf 78' lang='grc' dir='ltr'><strong><em>ψηφῳ</em></strong></span> <span class='ocrx_word' id='word_1_283' title='bbox 252 1201 498 1247; x_wconf 72' lang='grc' dir='ltr'><strong><em>περαιοῦσθαι</em></strong></span> <span class='ocrx_word' id='word_1_284' title='bbox 523 1203 676 1245; x_wconf 77' lang='grc' dir='ltr'><strong><em>νομίμῳ.</em></strong></span> 
     </span>
    </p>
   </div>
   <div class='ocr_carea' id='block_1_17' title="bbox 1209 1203 1251 1236">
    <p class='ocr_par' dir='ltr' id='par_1_18' title="bbox 1209 1203 1251 1236">
     <span class='ocr_line' id='line_1_41' title="bbox 1209 1203 1251 1236; baseline 0 0"><span class='ocrx_word' id='word_1_285' title='bbox 1209 1203 1251 1236; x_wconf 88' lang='grc'>20</span> 
     </span>
    </p>
   </div>
   <div class='ocr_carea' id='block_1_18' title="bbox 1111 1289 1337 1327">
    <p class='ocr_par' dir='ltr' id='par_1_19' title="bbox 1111 1289 1337 1327">
     <span class='ocr_line' id='line_1_42' title="bbox 1111 1289 1337 1327; baseline 0.009 -3"><span class='ocrx_word' id='word_1_286' title='bbox 1111 1289 1269 1326; x_wconf 82' lang='lat' dir='ltr'>CAPUT</span> <span class='ocrx_word' id='word_1_287' title='bbox 1293 1290 1337 1327; x_wconf 87' lang='lat' dir='ltr'>V.</span> 
     </span>
    </p>
   </div>
   <div class='ocr_carea' id='block_1_19' title="bbox 113 1343 1196 1763">
    <p class='ocr_par' dir='ltr' id='par_1_20' title="bbox 113 1343 1196 1763">
     <span class='ocr_line' id='line_1_43' title="bbox 163 1343 1195 1394; baseline -0.001 -13"><span class='ocrx_word' id='word_1_288' title='bbox 163 1344 312 1393; x_wconf 69' lang='lat' dir='ltr'>‘Erspov</span> <span class='ocrx_word' id='word_1_289' title='bbox 329 1347 417 1393; x_wconf 85' lang='grc' dir='ltr'><strong><em>πρὸς</em></strong></span> <span class='ocrx_word' id='word_1_290' title='bbox 433 1347 572 1381; x_wconf 75' lang='grc' dir='ltr'><strong><em>τούτοις</em></strong></span> <span class='ocrx_word' id='word_1_291' title='bbox 591 1345 788 1394; x_wconf 77' lang='grc' dir='ltr'><strong><em>κεφάλαιον</em></strong></span> <span class='ocrx_word' id='word_1_292' title='bbox 806 1347 870 1390; x_wconf 86' lang='grc' dir='ltr'>τῆς</span> <span class='ocrx_word' id='word_1_293' title='bbox 885 1343 1056 1392; x_wconf 84' lang='grc' dir='ltr'><strong><em>ἡμετέρας</em></strong></span> <span class='ocrx_word' id='word_1_294' title='bbox 1076 1343 1195 1390; x_wconf 82' lang='grc' dir='ltr'><strong><em>δεόμε-</em></strong></span> 
     </span>
     <span class='ocr_line' id='line_1_44' title="bbox 113 1389 1195 1437; baseline -0.002 -10"><span class='ocrx_word' id='word_1_295' title='bbox 113 1406 180 1428; x_wconf 90' lang='grc' dir='ltr'>νον</span> <span class='ocrx_word' id='word_1_296' title='bbox 204 1393 424 1436; x_wconf 74' lang='grc' dir='ltr'><strong><em>νομοθεσίας</em></strong></span> <span class='ocrx_word' id='word_1_297' title='bbox 447 1392 655 1436; x_wconf 80' lang='grc' dir='ltr'><strong><em>συνείδομεν</em></strong></span> <span class='ocrx_word' id='word_1_298' title='bbox 675 1389 1030 1437; x_wconf 78' lang='grc' dir='ltr'><strong><em>ἐπανορθώσασθαι.</em></strong></span> <span class='ocrx_word' id='word_1_299' title='bbox 1070 1389 1195 1436; x_wconf 74' lang='grc' dir='ltr'><strong><em>ἐπειδὴ</em></strong></span> 
     </span>
     <span class='ocr_line' id='line_1_45' title="bbox 113 1434 1195 1485; baseline -0.001 -13"><span class='ocrx_word' id='word_1_300' title='bbox 113 1438 182 1485; x_wconf 81' lang='grc' dir='ltr'><strong><em>γὰρ</em></strong></span> <span class='ocrx_word' id='word_1_301' title='bbox 206 1438 242 1472; x_wconf 87' lang='grc' dir='ltr'>οἱ</span> <span class='ocrx_word' id='word_1_302' title='bbox 263 1436 429 1483; x_wconf 70' lang='grc' dir='ltr'><strong><em>ἡμέτεροι</em></strong></span> <span class='ocrx_word' id='word_1_303' title='bbox 459 1437 565 1481; x_wconf 89' lang='grc' dir='ltr'><strong><em>νόμοι</em></strong></span> <span class='ocrx_word' id='word_1_304' title='bbox 590 1436 818 1484; x_wconf 81' lang='grc' dir='ltr'><strong><em>διορίζουσιν,</em></strong></span> <span class='ocrx_word' id='word_1_305' title='bbox 850 1437 972 1471; x_wconf 80' lang='grc' dir='ltr'><strong><em>εἴποτε</em></strong></span> <span class='ocrx_word' id='word_1_306' title='bbox 995 1435 1031 1470; x_wconf 86' lang='grc' dir='ltr'>οἱ</span> <span class='ocrx_word' id='word_1_307' title='bbox 1053 1434 1195 1478; x_wconf 82' lang='grc' dir='ltr'><strong><em>ἐνδοξό-</em></strong></span> 
     </span>
     <span class='ocr_line' id='line_1_46' title="bbox 113 1483 1196 1529; baseline -0.002 -11"><span class='ocrx_word' id='word_1_308' title='bbox 113 1496 217 1518; x_wconf 87' lang='grc' dir='ltr'><strong><em>τατοι</em></strong></span> <span class='ocrx_word' id='word_1_309' title='bbox 234 1485 383 1529; x_wconf 78' lang='grc' dir='ltr'><strong><em>ἔπαρχοι</em></strong></span> <span class='ocrx_word' id='word_1_310' title='bbox 401 1485 479 1518; x_wconf 80' lang='grc' dir='ltr'>τῶν</span> <span class='ocrx_word' id='word_1_311' title='bbox 496 1483 603 1529; x_wconf 84' lang='grc' dir='ltr'><strong><em>ἱεριῦν</em></strong></span> <span class='ocrx_word' id='word_1_312' title='bbox 620 1485 856 1527; x_wconf 82' lang='grc' dir='ltr'><strong><em>πραιτωρίων</em></strong></span> <span class='ocrx_word' id='word_1_313' title='bbox 880 1483 1005 1527; x_wconf 65' lang='grc' dir='ltr'><strong><em>ψ’φον</em></strong></span> <span class='ocrx_word' id='word_1_314' title='bbox 1029 1485 1196 1529; x_wconf 78' lang='grc' dir='ltr'><strong><em>προενέγ-</em></strong></span> 
     </span>
     <span class='ocr_line' id='line_1_47' title="bbox 114 1523 911 1573; baseline -0.003 -10"><span class='ocrx_word' id='word_1_315' title='bbox 114 1542 219 1569; x_wconf 87' lang='grc' dir='ltr'><strong><em>κοιεν,</em></strong></span> <span class='ocrx_word' id='word_1_316' title='bbox 236 1526 417 1573; x_wconf 83' lang='grc' dir='ltr'><strong><em>μηδεμίαν</em></strong></span> <span class='ocrx_word' id='word_1_317' title='bbox 433 1527 605 1570; x_wconf 74' lang='grc' dir='ltr'><strong><em>ἔκκλητον</em></strong></span> <span class='ocrx_word' id='word_1_318' title='bbox 621 1523 703 1562; x_wconf 76' lang='grc' dir='ltr'><strong><em>κατ’</em></strong></span> <span class='ocrx_word' id='word_1_319' title='bbox 719 1525 828 1561; x_wconf 62' lang='grc' dir='ltr'><strong><em>αὗτῗς</em></strong></span> <span class='ocrx_word' id='word_1_320' title='bbox 851 1528 911 1562; x_wconf 81' lang='grc' dir='ltr'>ἐπι</span> 
     </span>
     <span class='ocr_line' id='line_1_48' title="bbox 114 1549 1195 1619; baseline -0.001 -11"><span class='ocrx_word' id='word_1_321' title='bbox 114 1576 300 1618; x_wconf 83' lang='grc' dir='ltr'><strong><em>σπίζομεν,</em></strong></span> <span class='ocrx_word' id='word_1_322' title='bbox 335 1572 460 1608; x_wconf 81' lang='grc' dir='ltr'><strong><em>ὁσάκις</em></strong></span> <span class='ocrx_word' id='word_1_323' title='bbox 491 1575 610 1619; x_wconf 81' lang='grc' dir='ltr'><strong><em>ψῆφος</em></strong></span> <span class='ocrx_word' id='word_1_324' title='bbox 638 1574 717 1607; x_wconf 80' lang='grc' dir='ltr'>τῶν</span> <span class='ocrx_word' id='word_1_325' title='bbox 748 1549 999 1613; x_wconf 50' lang='grc' dir='ltr'><strong><em>ἐνὲοξοτάτων</em></strong></span> <span class='ocrx_word' id='word_1_326' title='bbox 1027 1570 1195 1619; x_wconf 80' lang='grc' dir='ltr'><strong><em>ἐπάρχων</em></strong></span> 
     </span>
     <span class='ocr_line' id='line_1_49' title="bbox 114 1615 1195 1664; baseline 0 -11"><span class='ocrx_word' id='word_1_327' title='bbox 114 1617 327 1662; x_wconf 85' lang='grc' dir='ltr'><strong><em>οἱουδήποτε</em></strong></span> <span class='ocrx_word' id='word_1_328' title='bbox 350 1618 517 1662; x_wconf 79' lang='grc' dir='ltr'><strong><em>κλίματος</em></strong></span> <span class='ocrx_word' id='word_1_329' title='bbox 536 1618 783 1664; x_wconf 85' lang='grc' dir='ltr'><strong><em>προενεχθείη,</em></strong></span> <span class='ocrx_word' id='word_1_330' title='bbox 808 1621 867 1652; x_wconf 85' lang='grc' dir='ltr'>καὶ</span> <span class='ocrx_word' id='word_1_331' title='bbox 883 1616 931 1652; x_wconf 84' lang='grc' dir='ltr'><strong><em>εἷς</em></strong></span> <span class='ocrx_word' id='word_1_332' title='bbox 946 1615 995 1652; x_wconf 68' lang='grc' dir='ltr'>αἷς</span> <span class='ocrx_word' id='word_1_333' title='bbox 1011 1618 1103 1652; x_wconf 82' lang='grc' dir='ltr'><strong><em>εἰκὸς</em></strong></span> <span class='ocrx_word' id='word_1_334' title='bbox 1117 1619 1195 1653; x_wconf 79' lang='grc' dir='ltr'>τῶν</span> 
     </span>
     <span class='ocr_line' id='line_1_50' title="bbox 114 1662 1195 1709; baseline -0.001 -10"><span class='ocrx_word' id='word_1_335' title='bbox 114 1663 364 1709; x_wconf 77' lang='grc' dir='ltr'><strong><em>δικαζομένων</em></strong></span> <span class='ocrx_word' id='word_1_336' title='bbox 394 1667 551 1708; x_wconf 77' lang='grc' dir='ltr'><strong><em>νομίσειε</em></strong></span> <span class='ocrx_word' id='word_1_337' title='bbox 576 1664 709 1698; x_wconf 83' lang='grc' dir='ltr'><strong><em>ἑαυτὸν</em></strong></span> <span class='ocrx_word' id='word_1_338' title='bbox 730 1663 981 1708; x_wconf 82' lang='grc' dir='ltr'><strong><em>βεβαρῆσθαι,</em></strong></span> <span class='ocrx_word' id='word_1_339' title='bbox 1012 1664 1106 1706; x_wconf 76' lang='grc' dir='ltr'><strong><em>ἔχειν</em></strong></span> <span class='ocrx_word' id='word_1_340' title='bbox 1127 1662 1195 1698; x_wconf 85' lang='grc' dir='ltr'>τὸν</span> 
     </span>
     <span class='ocr_line' id='line_1_51' title="bbox 113 1706 1194 1763; baseline -0.002 -19"><span class='ocrx_word' id='word_1_341' title='bbox 113 1711 280 1744; x_wconf 77' lang='grc' dir='ltr'><strong><em>τοιοῦτον</em></strong></span> <span class='ocrx_word' id='word_1_342' title='bbox 304 1707 432 1743; x_wconf 81' lang='grc' dir='ltr'><strong><em>ἄδειαν</em></strong></span> <span class='ocrx_word' id='word_1_343' title='bbox 457 1707 715 1763; x_wconf 74' lang='grc' dir='ltr'><strong><em>διδασκαλικὸν</em></strong></span> <span class='ocrx_word' id='word_1_344' title='bbox 738 1711 948 1762; x_wconf 66' lang='grc' dir='ltr'><strong><em>προςφέρειν</em></strong></span> <span class='ocrx_word' id='word_1_345' title='bbox 965 1711 1038 1743; x_wconf 87' lang='grc' dir='ltr'><strong><em>τοῖς</em></strong></span> <span class='ocrx_word' id='word_1_346' title='bbox 1053 1706 1194 1749; x_wconf 80' lang='grc' dir='ltr'><strong><em>ἐνδοξο-</em></strong></span> 
     </span>
    </p>
   </div>
   <div class='ocr_carea' id='block_1_20' title="bbox 1262 1346 2340 1537">
    <p class='ocr_par' dir='ltr' id='par_1_21' title="bbox 1262 1346 2340 1537">
     <span class='ocr_line' id='line_1_52' title="bbox 1330 1346 2339 1403; baseline 0.006 -22"><span class='ocrx_word' id='word_1_347' title='bbox 1330 1347 1440 1383; x_wconf 89' lang='lat' dir='ltr'>Aliud</span> <span class='ocrx_word' id='word_1_348' title='bbox 1471 1347 1517 1384; x_wconf 89' lang='lat' dir='ltr'>ad</span> <span class='ocrx_word' id='word_1_349' title='bbox 1541 1347 1632 1383; x_wconf 86' lang='lat' dir='ltr'>haec</span> <span class='ocrx_word' id='word_1_350' title='bbox 1655 1346 1852 1392; x_wconf 84' lang='lat' dir='ltr'>capitulum</span> <span class='ocrx_word' id='word_1_351' title='bbox 1881 1351 2006 1385; x_wconf 87' lang='lat' dir='ltr'>nostra</span> <span class='ocrx_word' id='word_1_352' title='bbox 2030 1349 2191 1403; x_wconf 78' lang='lat' dir='ltr'>indigens</span> <span class='ocrx_word' id='word_1_353' title='bbox 2220 1350 2339 1396; x_wconf 84' lang='lat' dir='ltr'>provi-</span> 
     </span>
     <span class='ocr_line' id='line_1_53' title="bbox 1265 1391 2340 1438; baseline 0.006 -11"><span class='ocrx_word' id='word_1_354' title='bbox 1265 1391 1386 1428; x_wconf 88' lang='lat' dir='ltr'>dentia</span> <span class='ocrx_word' id='word_1_355' title='bbox 1422 1393 1666 1437; x_wconf 84' lang='lat' dir='ltr'>perspeximus</span> <span class='ocrx_word' id='word_1_356' title='bbox 1695 1392 1893 1429; x_wconf 87' lang='lat' dir='ltr'>emendare.</span> <span class='ocrx_word' id='word_1_357' title='bbox 1941 1393 2033 1438; x_wconf 83' lang='lat' dir='ltr'>Quia</span> <span class='ocrx_word' id='word_1_358' title='bbox 2068 1404 2160 1431; x_wconf 90' lang='lat' dir='ltr'>emm</span> <span class='ocrx_word' id='word_1_359' title='bbox 2194 1399 2340 1432; x_wconf 81' lang='lat' dir='ltr'>nostrae</span> 
     </span>
     <span class='ocr_line' id='line_1_54' title="bbox 1262 1437 2340 1486; baseline 0.004 -13"><span class='ocrx_word' id='word_1_360' title='bbox 1262 1437 1356 1481; x_wconf 90' lang='lat' dir='ltr'>leges</span> <span class='ocrx_word' id='word_1_361' title='bbox 1392 1438 1606 1480; x_wconf 86' lang='lat' dir='ltr'>decernunt,</span> <span class='ocrx_word' id='word_1_362' title='bbox 1649 1438 1681 1473; x_wconf 89' lang='lat' dir='ltr'>si</span> <span class='ocrx_word' id='word_1_363' title='bbox 1713 1438 1854 1483; x_wconf 84' lang='lat' dir='ltr'>quando</span> <span class='ocrx_word' id='word_1_364' title='bbox 1887 1438 2132 1483; x_wconf 86' lang='lat' dir='ltr'>gloriosissimi</span> <span class='ocrx_word' id='word_1_365' title='bbox 2165 1441 2340 1486; x_wconf 85' lang='lat' dir='ltr'>praefecti</span> 
     </span>
     <span class='ocr_line' id='line_1_55' title="bbox 1263 1483 2340 1537; baseline 0.005 -19"><span class='ocrx_word' id='word_1_366' title='bbox 1263 1492 1447 1518; x_wconf 88' lang='lat' dir='ltr'>sacrorum</span> <span class='ocrx_word' id='word_1_367' title='bbox 1463 1483 1724 1528; x_wconf 86' lang='lat' dir='ltr'>praetoriorum</span> <span class='ocrx_word' id='word_1_368' title='bbox 1740 1484 1951 1520; x_wconf 85' lang='lat' dir='ltr'>sententiam</span> <span class='ocrx_word' id='word_1_369' title='bbox 1966 1485 2191 1537; x_wconf 86' lang='lat' dir='ltr'>protulerint,</span> <span class='ocrx_word' id='word_1_370' title='bbox 2205 1486 2340 1523; x_wconf 84' lang='lat' dir='ltr'>nullam</span> 
     </span>
    </p>
   </div>
   <div class='ocr_carea' id='block_1_21' title="bbox 937 1524 2338 1577">
    <p class='ocr_par' dir='ltr' id='par_1_22' title="bbox 937 1524 2338 1577">
     <span class='ocr_line' id='line_1_56' title="bbox 937 1524 2338 1577; baseline 0.005 -16"><span class='ocrx_word' id='word_1_371' title='bbox 937 1524 1106 1570; x_wconf 72' lang='grc' dir='ltr'><strong><em>ι’δοσθαι,</em></strong></span> <span class='ocrx_word' id='word_1_372' title='bbox 1130 1528 1195 1561; x_wconf 62' lang='lat' dir='ltr'>&amp;e—</span> <span class='ocrx_word' id='word_1_373' title='bbox 1208 1530 1250 1563; x_wconf 86' lang='lat'>25</span> <span class='ocrx_word' id='word_1_374' title='bbox 1263 1528 1538 1573; x_wconf 84' lang='lat' dir='ltr'>appellationem</span> <span class='ocrx_word' id='word_1_375' title='bbox 1569 1528 1737 1564; x_wconf 88' lang='lat' dir='ltr'>adversus</span> <span class='ocrx_word' id='word_1_376' title='bbox 1761 1538 1840 1564; x_wconf 89' lang='lat' dir='ltr'>eam</span> <span class='ocrx_word' id='word_1_377' title='bbox 1863 1529 1999 1574; x_wconf 81' lang='lat' dir='ltr'>offerri,</span> <span class='ocrx_word' id='word_1_378' title='bbox 2029 1530 2221 1574; x_wconf 81' lang='lat' dir='ltr'>sancimus,</span> <span class='ocrx_word' id='word_1_379' title='bbox 2251 1541 2338 1577; x_wconf 87' lang='lat' dir='ltr'>quo-</span> 
     </span>
    </p>
   </div>
   <div class='ocr_carea' id='block_1_22' title="bbox 1261 1573 2340 1757">
    <p class='ocr_par' dir='ltr' id='par_1_23' title="bbox 1261 1573 2340 1757">
     <span class='ocr_line' id='line_1_57' title="bbox 1261 1573 2338 1619; baseline 0.005 -11"><span class='ocrx_word' id='word_1_380' title='bbox 1261 1574 1354 1609; x_wconf 85' lang='lat' dir='ltr'>tiens</span> <span class='ocrx_word' id='word_1_381' title='bbox 1379 1574 1555 1609; x_wconf 88' lang='lat' dir='ltr'>sententia</span> <span class='ocrx_word' id='word_1_382' title='bbox 1578 1573 1913 1618; x_wconf 85' lang='lat' dir='ltr'>gloriosissimorum</span> <span class='ocrx_word' id='word_1_383' title='bbox 1933 1575 2199 1619; x_wconf 85' lang='lat' dir='ltr'>praefectorum</span> <span class='ocrx_word' id='word_1_384' title='bbox 2218 1578 2338 1613; x_wconf 90' lang='lat' dir='ltr'>cuius-</span> 
     </span>
     <span class='ocr_line' id='line_1_58' title="bbox 1265 1619 2340 1666; baseline 0.005 -13"><span class='ocrx_word' id='word_1_385' title='bbox 1265 1628 1415 1663; x_wconf 90' lang='lat' dir='ltr'>cumque</span> <span class='ocrx_word' id='word_1_386' title='bbox 1438 1619 1592 1663; x_wconf 89' lang='lat' dir='ltr'>regionis</span> <span class='ocrx_word' id='word_1_387' title='bbox 1616 1620 1807 1664; x_wconf 82' lang='lat' dir='ltr'>profertur,</span> <span class='ocrx_word' id='word_1_388' title='bbox 1832 1623 1868 1655; x_wconf 91' lang='lat' dir='ltr'>et</span> <span class='ocrx_word' id='word_1_389' title='bbox 1881 1630 1973 1656; x_wconf 88' lang='lat' dir='ltr'>unus</span> <span class='ocrx_word' id='word_1_390' title='bbox 1989 1621 2113 1657; x_wconf 85' lang='lat' dir='ltr'>forsan</span> <span class='ocrx_word' id='word_1_391' title='bbox 2127 1621 2340 1666; x_wconf 78' lang='lat' dir='ltr'>litigantium</span> 
     </span>
     <span class='ocr_line' id='line_1_59' title="bbox 1263 1664 2338 1713; baseline 0.004 -14"><span class='ocrx_word' id='word_1_392' title='bbox 1263 1664 1443 1709; x_wconf 86' lang='lat' dir='ltr'>putaverit</span> <span class='ocrx_word' id='word_1_393' title='bbox 1473 1674 1512 1700; x_wconf 90' lang='lat' dir='ltr'>se</span> <span class='ocrx_word' id='word_1_394' title='bbox 1534 1664 1692 1708; x_wconf 85' lang='lat' dir='ltr'>gravari,</span> <span class='ocrx_word' id='word_1_395' title='bbox 1725 1665 1857 1700; x_wconf 88' lang='lat' dir='ltr'>habere</span> <span class='ocrx_word' id='word_1_396' title='bbox 1880 1674 1960 1701; x_wconf 92' lang='lat' dir='ltr'>eum</span> <span class='ocrx_word' id='word_1_397' title='bbox 1990 1665 2170 1702; x_wconf 84' lang='lat' dir='ltr'>licentiam</span> <span class='ocrx_word' id='word_1_398' title='bbox 2197 1667 2338 1713; x_wconf 87' lang='lat' dir='ltr'>petitio-</span> 
     </span>
     <span class='ocr_line' id='line_1_60' title="bbox 1263 1709 2339 1757; baseline 0.005 -13"><span class='ocrx_word' id='word_1_399' title='bbox 1263 1719 1342 1744; x_wconf 90' lang='lat' dir='ltr'>nem</span> <span class='ocrx_word' id='word_1_400' title='bbox 1375 1709 1502 1745; x_wconf 90' lang='lat' dir='ltr'>offerre</span> <span class='ocrx_word' id='word_1_401' title='bbox 1524 1709 1787 1754; x_wconf 87' lang='lat' dir='ltr'>gloriosissimis</span> <span class='ocrx_word' id='word_1_402' title='bbox 1818 1710 2009 1755; x_wconf 86' lang='lat' dir='ltr'>praefectis</span> <span class='ocrx_word' id='word_1_403' title='bbox 2042 1712 2103 1757; x_wconf 90' lang='lat' dir='ltr'>qui</span> <span class='ocrx_word' id='word_1_404' title='bbox 2126 1712 2339 1748; x_wconf 80' lang='lat' dir='ltr'>sententiam</span> 
     </span>
    </p>
   </div>
   <div class='ocr_carea' id='block_1_23' title="bbox 113 1751 2338 1810">
    <p class='ocr_par' dir='ltr' id='par_1_24' title="bbox 113 1751 2338 1810">
     <span class='ocr_line' id='line_1_61' title="bbox 113 1751 2338 1810; baseline 0.002 -21"><span class='ocrx_word' id='word_1_405' title='bbox 113 1755 236 1789; x_wconf 84' lang='grc' dir='ltr'><strong><em>τάτοις</em></strong></span> <span class='ocrx_word' id='word_1_406' title='bbox 266 1753 435 1799; x_wconf 79' lang='grc' dir='ltr'><strong><em>ἐπάρχοις</em></strong></span> <span class='ocrx_word' id='word_1_407' title='bbox 465 1757 539 1810; x_wconf 54' lang='grc' dir='ltr'><strong><em>τοῖς</em></strong></span> <span class='ocrx_word' id='word_1_408' title='bbox 569 1768 637 1797; x_wconf 82' lang='grc' dir='ltr'>την</span> <span class='ocrx_word' id='word_1_409' title='bbox 665 1755 792 1799; x_wconf 83' lang='grc' dir='ltr'><strong><em>ψῆφον</em></strong></span> <span class='ocrx_word' id='word_1_410' title='bbox 823 1764 1046 1800; x_wconf 75' lang='grc' dir='ltr'><strong><em>προαγουσιν</em></strong></span> <span class='ocrx_word' id='word_1_411' title='bbox 1079 1751 1101 1797; x_wconf 85' lang='grc' dir='ltr'><strong><em>ἢ</em></strong></span> <span class='ocrx_word' id='word_1_412' title='bbox 1121 1755 1195 1788; x_wconf 87' lang='grc' dir='ltr'><strong><em>τοῖς</em></strong></span> <span class='ocrx_word' id='word_1_413' title='bbox 1209 1756 1250 1789; x_wconf 88' lang='grc'>30</span> <span class='ocrx_word' id='word_1_414' title='bbox 1263 1755 1491 1800; x_wconf 84' lang='lat' dir='ltr'>protulerunt</span> <span class='ocrx_word' id='word_1_415' title='bbox 1518 1759 1582 1790; x_wconf 80' lang='lat' dir='ltr'>aut</span> <span class='ocrx_word' id='word_1_416' title='bbox 1604 1764 1727 1790; x_wconf 89' lang='lat' dir='ltr'>eorum</span> <span class='ocrx_word' id='word_1_417' title='bbox 1752 1755 1960 1791; x_wconf 82' lang='lat' dir='ltr'>consiliariis</span> <span class='ocrx_word' id='word_1_418' title='bbox 1989 1759 2053 1792; x_wconf 79' lang='lat' dir='ltr'>aut</span> <span class='ocrx_word' id='word_1_419' title='bbox 2075 1766 2203 1793; x_wconf 75' lang='lat' dir='ltr'>causas</span> <span class='ocrx_word' id='word_1_420' title='bbox 2225 1757 2338 1794; x_wconf 78' lang='lat' dir='ltr'>intro·</span> 
     </span>
    </p>
   </div>
   <div class='ocr_carea' id='block_1_24' title="bbox 113 1796 1197 1937">
    <p class='ocr_par' dir='ltr' id='par_1_25' title="bbox 113 1796 1197 1937">
     <span class='ocr_line' id='line_1_62' title="bbox 113 1796 1197 1846; baseline -0.001 -12"><span class='ocrx_word' id='word_1_421' title='bbox 113 1800 257 1835; x_wconf 83' lang='grc' dir='ltr'><strong><em>τούτων</em></strong></span> <span class='ocrx_word' id='word_1_422' title='bbox 280 1799 477 1844; x_wconf 87' lang='grc' dir='ltr'><strong><em>συμπόνοις</em></strong></span> <span class='ocrx_word' id='word_1_423' title='bbox 507 1813 529 1842; x_wconf 93' lang='grc' dir='ltr'>η</span> <span class='ocrx_word' id='word_1_424' title='bbox 562 1802 634 1834; x_wconf 83' lang='grc' dir='ltr'><strong><em>τοῖς</em></strong></span> <span class='ocrx_word' id='word_1_425' title='bbox 664 1799 728 1833; x_wconf 84' lang='grc' dir='ltr'>τὰς</span> <span class='ocrx_word' id='word_1_426' title='bbox 751 1796 851 1833; x_wconf 80' lang='grc' dir='ltr'><strong><em>δίκας</em></strong></span> <span class='ocrx_word' id='word_1_427' title='bbox 874 1799 1071 1846; x_wconf 76' lang='grc' dir='ltr'><strong><em>εἰςοίγουσιν</em></strong></span> <span class='ocrx_word' id='word_1_428' title='bbox 1095 1799 1197 1833; x_wconf 74' lang='grc' dir='ltr'><strong><em>ἐντὸς</em></strong></span> 
     </span>
     <span class='ocr_line' id='line_1_63' title="bbox 114 1842 1196 1899; baseline -0.001 -19"><span class='ocrx_word' id='word_1_429' title='bbox 114 1844 199 1880; x_wconf 78' lang='grc' dir='ltr'><strong><em>δέκα</em></strong></span> <span class='ocrx_word' id='word_1_430' title='bbox 232 1842 377 1890; x_wconf 81' lang='grc' dir='ltr'><strong><em>ἡμερῶν</em></strong></span> <span class='ocrx_word' id='word_1_431' title='bbox 400 1844 627 1899; x_wconf 74' lang='grc' dir='ltr'><strong><em>προθεσμίας</em></strong></span> <span class='ocrx_word' id='word_1_432' title='bbox 649 1843 741 1890; x_wconf 85' lang='grc' dir='ltr'><strong><em>μετὰ</em></strong></span> <span class='ocrx_word' id='word_1_433' title='bbox 765 1843 808 1878; x_wconf 81' lang='grc' dir='ltr'>τὸ</span> <span class='ocrx_word' id='word_1_434' title='bbox 832 1843 1102 1889; x_wconf 80' lang='grc' dir='ltr'><strong><em>προενεχθῆναι</em></strong></span> <span class='ocrx_word' id='word_1_435' title='bbox 1127 1843 1196 1887; x_wconf 88' lang='grc' dir='ltr'>τὴν</span> 
     </span>
     <span class='ocr_line' id='line_1_64' title="bbox 113 1887 1192 1937; baseline -0.002 -12"><span class='ocrx_word' id='word_1_436' title='bbox 113 1892 250 1937; x_wconf 79' lang='grc' dir='ltr'><strong><em>ψῆφον,</em></strong></span> <span class='ocrx_word' id='word_1_437' title='bbox 271 1887 359 1925; x_wconf 76' lang='grc' dir='ltr'><strong><em>ὥςτε</em></strong></span> <span class='ocrx_word' id='word_1_438' title='bbox 381 1903 511 1925; x_wconf 83' lang='grc' dir='ltr'><strong><em>τουτου</em></strong></span> <span class='ocrx_word' id='word_1_439' title='bbox 535 1889 900 1936; x_wconf 75' lang='grc' dir='ltr'><strong><em>παρακολουθοῦντος</em></strong></span> <span class='ocrx_word' id='word_1_440' title='bbox 925 1889 975 1934; x_wconf 84' lang='grc' dir='ltr'>μὴ</span> <span class='ocrx_word' id='word_1_441' title='bbox 999 1888 1115 1924; x_wconf 80' lang='grc' dir='ltr'><strong><em>ἄλλως</em></strong></span> <span class='ocrx_word' id='word_1_442' title='bbox 1137 1890 1192 1923; x_wconf 84' lang='grc' dir='ltr'><strong><em>ἐκ-</em></strong></span> 
     </span>
    </p>
   </div>
   <div class='ocr_carea' id='block_1_25' title="bbox 1263 1799 2338 1887">
    <p class='ocr_par' dir='ltr' id='par_1_26' title="bbox 1263 1799 2338 1887">
     <span class='ocr_line' id='line_1_65' title="bbox 1264 1799 2337 1855; baseline 0.004 -21"><span class='ocrx_word' id='word_1_443' title='bbox 1264 1799 1477 1835; x_wconf 84' lang='lat' dir='ltr'>ducentibus</span> <span class='ocrx_word' id='word_1_444' title='bbox 1508 1799 1606 1852; x_wconf 27' lang='lat' dir='ltr'>intra·</span> <span class='ocrx_word' id='word_1_445' title='bbox 1626 1800 1748 1835; x_wconf 91' lang='lat' dir='ltr'>decem</span> <span class='ocrx_word' id='word_1_446' title='bbox 1771 1800 1908 1836; x_wconf 91' lang='lat' dir='ltr'>dierum</span> <span class='ocrx_word' id='word_1_447' title='bbox 1932 1800 2090 1837; x_wconf 82' lang='lat' dir='ltr'>indutias</span> <span class='ocrx_word' id='word_1_448' title='bbox 2113 1804 2197 1855; x_wconf 86' lang='lat' dir='ltr'>post</span> <span class='ocrx_word' id='word_1_449' title='bbox 2217 1802 2337 1848; x_wconf 83' lang='lat' dir='ltr'>prola-</span> 
     </span>
     <span class='ocr_line' id='line_1_66' title="bbox 1263 1845 2338 1887; baseline 0.004 -7"><span class='ocrx_word' id='word_1_450' title='bbox 1263 1847 1337 1880; x_wconf 87' lang='lat' dir='ltr'>tam</span> <span class='ocrx_word' id='word_1_451' title='bbox 1361 1845 1590 1887; x_wconf 82' lang='lat' dir='ltr'>sententiam,</span> <span class='ocrx_word' id='word_1_452' title='bbox 1615 1848 1656 1880; x_wconf 92' lang='lat' dir='ltr'>ut</span> <span class='ocrx_word' id='word_1_453' title='bbox 1679 1845 1748 1881; x_wconf 89' lang='lat' dir='ltr'>hoc</span> <span class='ocrx_word' id='word_1_454' title='bbox 1771 1845 1963 1882; x_wconf 89' lang='lat' dir='ltr'>subsecuto</span> <span class='ocrx_word' id='word_1_455' title='bbox 1987 1857 2060 1883; x_wconf 90' lang='lat' dir='ltr'>non</span> <span class='ocrx_word' id='word_1_456' title='bbox 2082 1847 2187 1884; x_wconf 87' lang='lat' dir='ltr'>ahter</span> <span class='ocrx_word' id='word_1_457' title='bbox 2209 1857 2338 1884; x_wconf 86' lang='lat' dir='ltr'>execu-</span> 
     </span>
    </p>
   </div>
   <div class='ocr_carea' id='block_1_26' title="bbox 107 1954 2340 2140">
    <p class='ocr_par' dir='ltr' id='par_1_27' title="bbox 113 1954 2338 2056">
     <span class='ocr_line' id='line_1_67' title="bbox 182 1954 2338 2004; baseline 0.002 -11"><span class='ocrx_word' id='word_1_458' title='bbox 182 1973 207 1994; x_wconf 87' lang='lat' dir='ltr'>c.</span> <span class='ocrx_word' id='word_1_459' title='bbox 232 1960 297 1993; x_wconf 92' lang='grc' dir='ltr'>ΙΙΙ</span> <span class='ocrx_word' id='word_1_460' title='bbox 316 1967 403 1993; x_wconf 73' lang='lat' dir='ltr'>extat</span> <span class='ocrx_word' id='word_1_461' title='bbox 427 1960 461 1993; x_wconf 91' lang='lat' dir='ltr'><em>B</em></span> <span class='ocrx_word' id='word_1_462' title='bbox 485 1960 545 2001; x_wconf 88' lang='lat'>22,</span> <span class='ocrx_word' id='word_1_463' title='bbox 570 1967 604 2002; x_wconf 85' lang='lat'>4,</span> <span class='ocrx_word' id='word_1_464' title='bbox 629 1967 643 1993; x_wconf 88' lang='lat'>1</span> <span class='ocrx_word' id='word_1_465' title='bbox 668 1966 746 1992; x_wconf 76' lang='lat' dir='ltr'>extr.</span> <span class='ocrx_word' id='word_1_466' title='bbox 770 1957 833 2000; x_wconf 76' lang='lat'>(13⁸</span> <span class='ocrx_word' id='word_1_467' title='bbox 854 1960 888 1991; x_wconf 91' lang='lat' dir='ltr'><em>B</em></span> <span class='ocrx_word' id='word_1_468' title='bbox 912 1960 944 1999; x_wconf 89' lang='lat'>5,</span> <span class='ocrx_word' id='word_1_469' title='bbox 965 1966 982 1992; x_wconf 87' lang='lat'>2</span> <span class='ocrx_word' id='word_1_470' title='bbox 1000 1970 1036 2001; x_wconf 85' lang='lat' dir='ltr'>p.</span> <span class='ocrx_word' id='word_1_471' title='bbox 1062 1959 1124 1992; x_wconf 84' lang='lat'>138</span> <span class='ocrx_word' id='word_1_472' title='bbox 1150 1958 1283 2001; x_wconf 81' lang='lat' dir='ltr'>Zach.);</span> <span class='ocrx_word' id='word_1_473' title='bbox 1322 1959 1342 1992; x_wconf 87' lang='lat'><strong>2</strong></span> <span class='ocrx_word' id='word_1_474' title='bbox 1366 1956 1433 1991; x_wconf 80' lang='grc' dir='ltr'>ἐάν</span> <span class='ocrx_word' id='word_1_475' title='bbox 1455 1968 1509 1991; x_wconf 84' lang='grc' dir='ltr'>τις</span> <span class='ocrx_word' id='word_1_476' title='bbox 1532 1957 1573 1992; x_wconf 76' lang='grc' dir='ltr'>ἔν</span> <span class='ocrx_word' id='word_1_477' title='bbox 1595 1970 1670 1992; x_wconf 89' lang='grc' dir='ltr'><strong><em>τινι</em></strong></span> <span class='ocrx_word' id='word_1_478' title='bbox 1693 1977 1740 1998; x_wconf 41' lang='grc' dir='ltr'>ε</span> <span class='ocrx_word' id='word_1_479' title='bbox 1762 1959 1783 1992; x_wconf 87' lang='grc'><strong>6</strong></span> <span class='ocrx_word' id='word_1_480' title='bbox 1806 1954 1990 1999; x_wconf 80' lang='grc' dir='ltr'><strong><em>ἀπόδειξις</em></strong></span> <span class='ocrx_word' id='word_1_481' title='bbox 2009 1960 2130 2004; x_wconf 72' lang='lat' dir='ltr'>paucis</span> <span class='ocrx_word' id='word_1_482' title='bbox 2152 1962 2280 1996; x_wconf 78' lang='lat' dir='ltr'>mutatis</span> <span class='ocrx_word' id='word_1_483' title='bbox 2304 1963 2338 1997; x_wconf 84' lang='lat' dir='ltr'>in</span> 
     </span>
     <span class='ocr_line' id='line_1_68' title="bbox 113 2000 1934 2056; baseline -0.001 -17"><span class='ocrx_word' id='word_1_484' title='bbox 113 2006 262 2049; x_wconf 80' lang='lat' dir='ltr'>Epitome</span> <span class='ocrx_word' id='word_1_485' title='bbox 288 2006 340 2044; x_wconf 87' lang='lat'>12,</span> <span class='ocrx_word' id='word_1_486' title='bbox 354 2012 389 2039; x_wconf 87' lang='grc'>34</span> <span class='ocrx_word' id='word_1_487' title='bbox 408 2017 444 2048; x_wconf 85' lang='lat' dir='ltr'>p.</span> <span class='ocrx_word' id='word_1_488' title='bbox 460 2005 526 2039; x_wconf 85' lang='lat'>354</span> <span class='ocrx_word' id='word_1_489' title='bbox 542 2005 643 2038; x_wconf 71' lang='lat' dir='ltr'>Zach.</span> <span class='ocrx_word' id='word_1_490' title='bbox 668 2023 712 2028; x_wconf 89' lang='lat'><strong>—</strong></span> <span class='ocrx_word' id='word_1_491' title='bbox 737 2004 870 2037; x_wconf 82' lang='lat' dir='ltr'>Summa</span> <span class='ocrx_word' id='word_1_492' title='bbox 896 2004 1016 2037; x_wconf 83' lang='lat' dir='ltr'>leeod.</span> <span class='ocrx_word' id='word_1_493' title='bbox 1042 2005 1195 2047; x_wconf 80' lang='lat' dir='ltr'>repetitur</span> <span class='ocrx_word' id='word_1_494' title='bbox 1218 2005 1251 2037; x_wconf 88' lang='lat' dir='ltr'>in</span> <span class='ocrx_word' id='word_1_495' title='bbox 1276 2000 1348 2044; x_wconf 76' lang='grc' dir='ltr'>ΒΣ,</span> <span class='ocrx_word' id='word_1_496' title='bbox 1373 2004 1448 2036; x_wconf 70' lang='lat' dir='ltr'>Am.</span> <span class='ocrx_word' id='word_1_497' title='bbox 1474 2005 1508 2037; x_wconf 87' lang='lat' dir='ltr'>in</span> <span class='ocrx_word' id='word_1_498' title='bbox 1529 2004 1698 2056; x_wconf 52' lang='lat' dir='ltr'>paratit‘lis</span> <span class='ocrx_word' id='word_1_499' title='bbox 1720 2004 1795 2037; x_wconf 75' lang='lat' dir='ltr'>Ath.</span> <span class='ocrx_word' id='word_1_500' title='bbox 1813 2006 1856 2038; x_wconf 87' lang='grc'>14</span> <span class='ocrx_word' id='word_1_501' title='bbox 1874 2009 1890 2044; x_wconf 81' lang='lat'><strong>§</strong></span> <span class='ocrx_word' id='word_1_502' title='bbox 1906 2012 1934 2039; x_wconf 85' lang='grc'>9.</span> 
     </span>
    </p>

    <p class='ocr_par' dir='ltr' id='par_1_28' title="bbox 107 2044 2340 2140">
     <span class='ocr_line' id='line_1_69' title="bbox 180 2044 2338 2102; baseline 0.001 -18"><span class='ocrx_word' id='word_1_503' title='bbox 180 2064 208 2084; x_wconf 88' lang='lat' dir='ltr'>c.</span> <span class='ocrx_word' id='word_1_504' title='bbox 233 2050 295 2083; x_wconf 88' lang='lat' dir='ltr'>IV</span> <span class='ocrx_word' id='word_1_505' title='bbox 314 2051 539 2094; x_wconf 84' lang='grc' dir='ltr'><strong><em>Θεσπίζομεν</em></strong></span> <span class='ocrx_word' id='word_1_506' title='bbox 562 2044 658 2083; x_wconf 72' lang='grc' dir='ltr'><strong><em>ὥστε</em></strong></span> <span class='ocrx_word' id='word_1_507' title='bbox 682 2074 783 2082; x_wconf 88' lang='grc'><strong>.....</strong></span> <span class='ocrx_word' id='word_1_508' title='bbox 809 2056 840 2082; x_wconf 84' lang='lat' dir='ltr'>et</span> <span class='ocrx_word' id='word_1_509' title='bbox 870 2048 905 2082; x_wconf 90' lang='lat' dir='ltr'><strong><em>V</em></strong></span> <span class='ocrx_word' id='word_1_510' title='bbox 923 2056 1032 2082; x_wconf 77' lang='lat' dir='ltr'>extant</span> <span class='ocrx_word' id='word_1_511' title='bbox 1055 2049 1092 2082; x_wconf 91' lang='lat' dir='ltr'><em>B</em></span> <span class='ocrx_word' id='word_1_512' title='bbox 1116 2050 1148 2090; x_wconf 88' lang='grc'>9,</span> <span class='ocrx_word' id='word_1_513' title='bbox 1168 2056 1202 2091; x_wconf 83' lang='lat'>2,</span> <span class='ocrx_word' id='word_1_514' title='bbox 1220 2054 1242 2083; x_wconf 68' lang='lat'>&#39;8</span> <span class='ocrx_word' id='word_1_515' title='bbox 1273 2049 1312 2091; x_wconf 87' lang='lat' dir='ltr'>(c.</span> <span class='ocrx_word' id='word_1_516' title='bbox 1341 2049 1376 2082; x_wconf 91' lang='lat' dir='ltr'><strong><em>V</em></strong></span> <span class='ocrx_word' id='word_1_517' title='bbox 1395 2049 1618 2092; x_wconf 75' lang='grc' dir='ltr'><strong><em>Θεσπίζομεν</em></strong></span> <span class='ocrx_word' id='word_1_518' title='bbox 1641 2047 1764 2082; x_wconf 85' lang='grc' dir='ltr'><strong><em>οσάκις</em></strong></span> <span class='ocrx_word' id='word_1_519' title='bbox 1787 2049 1915 2102; x_wconf 57' lang='grc' dir='ltr'>ψῆφοςε</span> <span class='ocrx_word' id='word_1_520' title='bbox 1932 2074 2030 2083; x_wconf 91' lang='grc'>.....</span> <span class='ocrx_word' id='word_1_521' title='bbox 2060 2051 2093 2084; x_wconf 86' lang='lat' dir='ltr'>in</span> <span class='ocrx_word' id='word_1_522' title='bbox 2118 2051 2168 2085; x_wconf 69' lang='lat' dir='ltr'>B⁸</span> <span class='ocrx_word' id='word_1_523' title='bbox 2190 2053 2226 2084; x_wconf 86' lang='grc' dir='ltr'><em>Ε</em></span> <span class='ocrx_word' id='word_1_524' title='bbox 2245 2053 2277 2094; x_wconf 82' lang='lat'>9,</span> <span class='ocrx_word' id='word_1_525' title='bbox 2301 2059 2338 2088; x_wconf 75' lang='lat'>28</span> 
     </span>
     <span class='ocr_line' id='line_1_70' title="bbox 107 2094 2340 2140; baseline 0.001 -10"><span class='ocrx_word' id='word_1_526' title='bbox 107 2109 144 2140; x_wconf 82' lang='lat' dir='ltr'>p.</span> <span class='ocrx_word' id='word_1_527' title='bbox 162 2097 229 2130; x_wconf 88' lang='grc'>294</span> <span class='ocrx_word' id='word_1_528' title='bbox 252 2096 380 2138; x_wconf 86' lang='lat' dir='ltr'>Zach.).</span> <span class='ocrx_word' id='word_1_529' title='bbox 412 2114 455 2119; x_wconf 92' lang='lat'>—</span> <span class='ocrx_word' id='word_1_530' title='bbox 487 2096 620 2128; x_wconf 85' lang='lat' dir='ltr'>Summa</span> <span class='ocrx_word' id='word_1_531' title='bbox 643 2095 719 2129; x_wconf 79' lang='lat' dir='ltr'>Ath.</span> <span class='ocrx_word' id='word_1_532' title='bbox 744 2095 897 2138; x_wconf 83' lang='lat' dir='ltr'>repetitur</span> <span class='ocrx_word' id='word_1_533' title='bbox 920 2095 954 2128; x_wconf 88' lang='lat' dir='ltr'>in</span> <span class='ocrx_word' id='word_1_534' title='bbox 981 2095 1152 2137; x_wconf 66' lang='lat' dir='ltr'>paratinis</span> <span class='ocrx_word' id='word_1_535' title='bbox 1177 2095 1252 2127; x_wconf 77' lang='lat' dir='ltr'>Ath.</span> <span class='ocrx_word' id='word_1_536' title='bbox 1271 2096 1289 2127; x_wconf 87' lang='lat'><strong>7</strong></span> <span class='ocrx_word' id='word_1_537' title='bbox 1315 2098 1379 2134; x_wconf 73' lang='lat'>§95</span> <span class='ocrx_word' id='word_1_538' title='bbox 1419 2106 1446 2128; x_wconf 89' lang='lat' dir='ltr'>c.</span> <span class='ocrx_word' id='word_1_539' title='bbox 1473 2094 1728 2128; x_wconf 74' lang='lat' dir='ltr'>Vsummarium</span> <span class='ocrx_word' id='word_1_540' title='bbox 1751 2095 1885 2128; x_wconf 77' lang='lat' dir='ltr'>habetur</span> <span class='ocrx_word' id='word_1_541' title='bbox 1914 2097 1999 2129; x_wconf 89' lang='grc' dir='ltr'><strong><em>Ροπ.</em></strong></span> <span class='ocrx_word' id='word_1_542' title='bbox 2025 2095 2061 2137; x_wconf 88' lang='grc'>8,</span> <span class='ocrx_word' id='word_1_543' title='bbox 2087 2103 2104 2131; x_wconf 88' lang='lat'><em>8</em></span> <span class='ocrx_word' id='word_1_544' title='bbox 2129 2098 2202 2139; x_wconf 78' lang='lat' dir='ltr'>(ubi</span> <span class='ocrx_word' id='word_1_545' title='bbox 2221 2098 2340 2132; x_wconf 77' lang='lat' dir='ltr'>citatur</span> 
     </span>
    </p>
   </div>
   <div class='ocr_carea' id='block_1_27' title="bbox 111 2139 322 2186">
    <p class='ocr_par' dir='ltr' id='par_1_29' title="bbox 111 2139 322 2186">
     <span class='ocr_line' id='line_1_71' title="bbox 111 2139 322 2186; baseline -0.009 -11"><span class='ocrx_word' id='word_1_546' title='bbox 111 2140 223 2186; x_wconf 84' lang='grc' dir='ltr'><strong><em>νεαρὰ</em></strong></span> <span class='ocrx_word' id='word_1_547' title='bbox 239 2139 322 2185; x_wconf 61' lang='grc' dir='ltr'><strong>(κ’).</strong></span> 
     </span>
    </p>
   </div>
   <div class='ocr_carea' id='block_1_28' title="bbox 246 2215 2339 2269">
    <p class='ocr_par' dir='ltr' id='par_1_30' title="bbox 246 2215 2339 2269">
     <span class='ocr_line' id='line_1_72' title="bbox 246 2215 2339 2269; baseline 0.001 -16"><span class='ocrx_word' id='word_1_548' title='bbox 246 2218 312 2254; x_wconf 87' lang='grc' dir='ltr'>ΠΙ.</span> <span class='ocrx_word' id='word_1_549' title='bbox 361 2216 445 2253; x_wconf 83' lang='lat' dir='ltr'>Hoc</span> <span class='ocrx_word' id='word_1_550' title='bbox 467 2227 611 2264; x_wconf 82' lang='lat' dir='ltr'>quoque</span> <span class='ocrx_word' id='word_1_551' title='bbox 633 2222 824 2263; x_wconf 82' lang='lat' dir='ltr'>praeterea</span> <span class='ocrx_word' id='word_1_552' title='bbox 837 2216 1101 2269; x_wconf 82' lang='lat' dir='ltr'>praecipimus,</span> <span class='ocrx_word' id='word_1_553' title='bbox 1132 2219 1175 2252; x_wconf 86' lang='lat' dir='ltr'>ut</span> <span class='ocrx_word' id='word_1_554' title='bbox 1194 2216 1227 2252; x_wconf 85' lang='lat' dir='ltr'>si</span> <span class='ocrx_word' id='word_1_555' title='bbox 1251 2216 1334 2263; x_wconf 84' lang='lat' dir='ltr'>quis</span> <span class='ocrx_word' id='word_1_556' title='bbox 1355 2216 1394 2251; x_wconf 89' lang='lat' dir='ltr'>in</span> <span class='ocrx_word' id='word_1_557' title='bbox 1416 2216 1652 2252; x_wconf 86' lang='lat' dir='ltr'>instrumento</span> <span class='ocrx_word' id='word_1_558' title='bbox 1676 2215 1799 2268; x_wconf 81' lang='lat' dir='ltr'>aliquo</span> <span class='ocrx_word' id='word_1_559' title='bbox 1823 2215 1973 2252; x_wconf 87' lang='lat' dir='ltr'>alterius</span> <span class='ocrx_word' id='word_1_560' title='bbox 1995 2216 2222 2254; x_wconf 75' lang='lat' dir='ltr'>instrumenti</span> <span class='ocrx_word' id='word_1_561' title='bbox 2243 2229 2339 2256; x_wconf 77' lang='lat' dir='ltr'>men·</span> 
     </span>
    </p>
   </div>
   <div class='ocr_carea' id='block_1_29' title="bbox 114 2261 1550 2314">
    <p class='ocr_par' dir='ltr' id='par_1_31' title="bbox 114 2261 1550 2314">
     <span class='ocr_line' id='line_1_73' title="bbox 114 2261 1550 2314; baseline -0.003 -14"><span class='ocrx_word' id='word_1_562' title='bbox 114 2265 245 2300; x_wconf 82' lang='lat' dir='ltr'>tionem</span> <span class='ocrx_word' id='word_1_563' title='bbox 266 2263 410 2309; x_wconf 81' lang='lat' dir='ltr'>feeerit,</span> <span class='ocrx_word' id='word_1_564' title='bbox 442 2262 544 2298; x_wconf 88' lang='lat' dir='ltr'>nulla</span> <span class='ocrx_word' id='word_1_565' title='bbox 567 2272 617 2298; x_wconf 81' lang='lat' dir='ltr'>ex</span> <span class='ocrx_word' id='word_1_566' title='bbox 640 2261 709 2297; x_wconf 78' lang='lat' dir='ltr'>lzao</span> <span class='ocrx_word' id='word_1_567' title='bbox 731 2265 911 2298; x_wconf 71' lang='lat' dir='ltr'>mentione</span> <span class='ocrx_word' id='word_1_568' title='bbox 926 2261 1062 2314; x_wconf 86' lang='lat' dir='ltr'>petitio</span> <span class='ocrx_word' id='word_1_569' title='bbox 1087 2265 1273 2305; x_wconf 81' lang='lat' dir='ltr'>nascatur,</span> <span class='ocrx_word' id='word_1_570' title='bbox 1304 2261 1377 2296; x_wconf 85' lang='lat' dir='ltr'>nisi</span> <span class='ocrx_word' id='word_1_571' title='bbox 1398 2261 1550 2297; x_wconf 84' lang='lat' dir='ltr'>alterum</span> 
     </span>
    </p>
   </div>
   <div class='ocr_carea' id='block_1_30' title="bbox 1609 2263 2337 2308">
    <p class='ocr_par' dir='ltr' id='par_1_32' title="bbox 1609 2263 2337 2308">
     <span class='ocr_line' id='line_1_74' title="bbox 1609 2263 2337 2308; baseline 0.007 -12"><span class='ocrx_word' id='word_1_572' title='bbox 1609 2271 1728 2308; x_wconf 79' lang='lat' dir='ltr'>uoque</span> <span class='ocrx_word' id='word_1_573' title='bbox 1756 2264 2048 2305; x_wconf 75' lang='lat' dir='ltr'>mserumentum,</span> <span class='ocrx_word' id='word_1_574' title='bbox 2080 2263 2183 2299; x_wconf 83' lang='lat' dir='ltr'>cuius</span> <span class='ocrx_word' id='word_1_575' title='bbox 2204 2265 2337 2301; x_wconf 82' lang='lat' dir='ltr'>mentio</span> 
     </span>
    </p>
   </div>
   <div class='ocr_carea' id='block_1_31' title="bbox 111 2305 2342 2496">
    <p class='ocr_par' dir='ltr' id='par_1_33' title="bbox 111 2305 2339 2398">
     <span class='ocr_line' id='line_1_75' title="bbox 111 2305 2339 2359; baseline 0 -14"><span class='ocrx_word' id='word_1_576' title='bbox 111 2310 150 2345; x_wconf 86' lang='lat' dir='ltr'>in</span> <span class='ocrx_word' id='word_1_577' title='bbox 170 2309 287 2347; x_wconf 85' lang='lat' dir='ltr'>altero</span> <span class='ocrx_word' id='word_1_578' title='bbox 308 2309 415 2355; x_wconf 83' lang='lat' dir='ltr'>facta</span> <span class='ocrx_word' id='word_1_579' title='bbox 435 2310 499 2351; x_wconf 85' lang='lat' dir='ltr'>est,</span> <span class='ocrx_word' id='word_1_580' title='bbox 517 2307 708 2354; x_wconf 86' lang='lat' dir='ltr'>prolatum</span> <span class='ocrx_word' id='word_1_581' title='bbox 723 2307 782 2350; x_wconf 86' lang='lat' dir='ltr'>sit,</span> <span class='ocrx_word' id='word_1_582' title='bbox 806 2306 864 2343; x_wconf 90' lang='lat' dir='ltr'>vel</span> <span class='ocrx_word' id='word_1_583' title='bbox 881 2307 957 2342; x_wconf 75' lang='lat' dir='ltr'>alta</span> <span class='ocrx_word' id='word_1_584' title='bbox 979 2306 1174 2342; x_wconf 80' lang='lat' dir='ltr'>secundum</span> <span class='ocrx_word' id='word_1_585' title='bbox 1199 2306 1296 2358; x_wconf 71' lang='lat' dir='ltr'>leqes</span> <span class='ocrx_word' id='word_1_586' title='bbox 1307 2305 1481 2359; x_wconf 81' lang='lat' dir='ltr'>probatio</span> <span class='ocrx_word' id='word_1_587' title='bbox 1501 2305 1587 2342; x_wconf 80' lang='lat' dir='ltr'>adlu</span> <span class='ocrx_word' id='word_1_588' title='bbox 1613 2306 1665 2343; x_wconf 87' lang='lat' dir='ltr'>ita</span> <span class='ocrx_word' id='word_1_589' title='bbox 1688 2307 1937 2352; x_wconf 78' lang='lat' dir='ltr'>quantitatem,</span> <span class='ocrx_word' id='word_1_590' title='bbox 1961 2306 2063 2343; x_wconf 86' lang='lat' dir='ltr'>cuius</span> <span class='ocrx_word' id='word_1_591' title='bbox 2082 2308 2214 2345; x_wconf 83' lang='lat' dir='ltr'>mentio</span> <span class='ocrx_word' id='word_1_592' title='bbox 2231 2309 2339 2356; x_wconf 82' lang='lat' dir='ltr'>faeta</span> 
     </span>
     <span class='ocr_line' id='line_1_76' title="bbox 112 2351 1513 2398; baseline -0.003 -7"><span class='ocrx_word' id='word_1_593' title='bbox 112 2359 177 2398; x_wconf 85' lang='lat' dir='ltr'>est,</span> <span class='ocrx_word' id='word_1_594' title='bbox 201 2365 327 2390; x_wconf 86' lang='lat' dir='ltr'>revera</span> <span class='ocrx_word' id='word_1_595' title='bbox 350 2353 481 2389; x_wconf 84' lang='lat' dir='ltr'>deberi.</span> <span class='ocrx_word' id='word_1_596' title='bbox 528 2352 611 2388; x_wconf 76' lang='lat' dir='ltr'>Hoc</span> <span class='ocrx_word' id='word_1_597' title='bbox 635 2353 728 2389; x_wconf 85' lang='lat' dir='ltr'>enim</span> <span class='ocrx_word' id='word_1_598' title='bbox 751 2352 859 2388; x_wconf 87' lang='lat' dir='ltr'>etiam</span> <span class='ocrx_word' id='word_1_599' title='bbox 882 2352 921 2388; x_wconf 84' lang='lat' dir='ltr'>in</span> <span class='ocrx_word' id='word_1_600' title='bbox 943 2351 1120 2389; x_wconf 69' lang='lat' dir='ltr'>veteribus</span> <span class='ocrx_word' id='word_1_601' title='bbox 1143 2352 1282 2397; x_wconf 66' lang='lat' dir='ltr'>lembus</span> <span class='ocrx_word' id='word_1_602' title='bbox 1305 2362 1513 2388; x_wconf 72' lang='lat' dir='ltr'>invenimus.</span> 
     </span>
    </p>

    <p class='ocr_par' dir='ltr' id='par_1_34' title="bbox 111 2396 2342 2496">
     <span class='ocr_line' id='line_1_77' title="bbox 246 2396 2342 2448; baseline 0 -14"><span class='ocrx_word' id='word_1_603' title='bbox 246 2398 309 2436; x_wconf 89' lang='lat' dir='ltr'>IV.</span> <span class='ocrx_word' id='word_1_604' title='bbox 358 2398 440 2434; x_wconf 80' lang='lat' dir='ltr'>Hoc</span> <span class='ocrx_word' id='word_1_605' title='bbox 464 2409 608 2445; x_wconf 81' lang='lat' dir='ltr'>quoque</span> <span class='ocrx_word' id='word_1_606' title='bbox 628 2397 822 2440; x_wconf 82' lang='lat' dir='ltr'>sancimus,</span> <span class='ocrx_word' id='word_1_607' title='bbox 850 2401 891 2433; x_wconf 85' lang='lat' dir='ltr'>ut</span> <span class='ocrx_word' id='word_1_608' title='bbox 911 2397 944 2433; x_wconf 86' lang='lat' dir='ltr'>si</span> <span class='ocrx_word' id='word_1_609' title='bbox 967 2396 1114 2443; x_wconf 84' lang='lat' dir='ltr'>quando</span> <span class='ocrx_word' id='word_1_610' title='bbox 1138 2397 1387 2444; x_wconf 79' lang='lat' dir='ltr'>appellatione</span> <span class='ocrx_word' id='word_1_611' title='bbox 1409 2400 1533 2432; x_wconf 80' lang='lat' dir='ltr'>secuta</span> <span class='ocrx_word' id='word_1_612' title='bbox 1557 2396 1682 2432; x_wconf 89' lang='lat' dir='ltr'>ultimo</span> <span class='ocrx_word' id='word_1_613' title='bbox 1704 2396 1820 2448; x_wconf 85' lang='lat' dir='ltr'>fatali</span> <span class='ocrx_word' id='word_1_614' title='bbox 1840 2396 1897 2432; x_wconf 83' lang='lat' dir='ltr'>die</span> <span class='ocrx_word' id='word_1_615' title='bbox 1920 2396 1976 2433; x_wconf 86' lang='lat' dir='ltr'>vel</span> <span class='ocrx_word' id='word_1_616' title='bbox 1996 2399 2151 2444; x_wconf 84' lang='lat' dir='ltr'>utraque</span> <span class='ocrx_word' id='word_1_617' title='bbox 2164 2408 2262 2445; x_wconf 80' lang='lat' dir='ltr'>pars</span> <span class='ocrx_word' id='word_1_618' title='bbox 2283 2398 2342 2436; x_wconf 82' lang='lat' dir='ltr'>vel</span> 
     </span>
     <span class='ocr_line' id='line_1_78' title="bbox 111 2442 2338 2496; baseline 0 -16"><span class='ocrx_word' id='word_1_619' title='bbox 111 2445 211 2481; x_wconf 86' lang='lat' dir='ltr'>solus</span> <span class='ocrx_word' id='word_1_620' title='bbox 233 2445 266 2480; x_wconf 84' lang='lat' dir='ltr'>is</span> <span class='ocrx_word' id='word_1_621' title='bbox 289 2445 353 2491; x_wconf 84' lang='lat' dir='ltr'>qui</span> <span class='ocrx_word' id='word_1_622' title='bbox 376 2443 621 2490; x_wconf 78' lang='lat' dir='ltr'>appellatione</span> <span class='ocrx_word' id='word_1_623' title='bbox 643 2453 731 2478; x_wconf 82' lang='lat' dir='ltr'>usus</span> <span class='ocrx_word' id='word_1_624' title='bbox 753 2446 809 2478; x_wconf 89' lang='lat' dir='ltr'>est</span> <span class='ocrx_word' id='word_1_625' title='bbox 830 2443 966 2479; x_wconf 84' lang='lat' dir='ltr'>venerit</span> <span class='ocrx_word' id='word_1_626' title='bbox 989 2448 1024 2478; x_wconf 90' lang='lat' dir='ltr'>et</span> <span class='ocrx_word' id='word_1_627' title='bbox 1039 2443 1290 2495; x_wconf 78' lang='lat' dir='ltr'>praesentiam</span> <span class='ocrx_word' id='word_1_628' title='bbox 1312 2452 1415 2478; x_wconf 85' lang='lat' dir='ltr'>suam</span> <span class='ocrx_word' id='word_1_629' title='bbox 1439 2442 1727 2488; x_wconf 52' lang='lat' dir='ltr'>manifestaverat</span> <span class='ocrx_word' id='word_1_630' title='bbox 1749 2442 1979 2488; x_wconf 62' lang='lat' dir='ltr'>magistratui</span> <span class='ocrx_word' id='word_1_631' title='bbox 2007 2452 2152 2478; x_wconf 85' lang='lat' dir='ltr'>causam</span> <span class='ocrx_word' id='word_1_632' title='bbox 2175 2443 2338 2496; x_wconf 63' lang='lat' dir='ltr'>apella-</span> 
     </span>
    </p>
   </div>
   <div class='ocr_carea' id='block_1_32' title="bbox 115 2486 2150 2534">
    <p class='ocr_par' dir='ltr' id='par_1_35' title="bbox 115 2486 2150 2534">
     <span class='ocr_line' id='line_1_79' title="bbox 115 2486 2150 2534; baseline -0.001 -8"><span class='ocrx_word' id='word_1_633' title='bbox 115 2491 223 2526; x_wconf 74' lang='lat' dir='ltr'>tionis</span> <span class='ocrx_word' id='word_1_634' title='bbox 246 2495 503 2526; x_wconf 78' lang='lat' dir='ltr'>examznaturo</span> <span class='ocrx_word' id='word_1_635' title='bbox 536 2488 592 2525; x_wconf 88' lang='lat' dir='ltr'>vel</span> <span class='ocrx_word' id='word_1_636' title='bbox 613 2488 832 2524; x_wconf 83' lang='lat' dir='ltr'>consiliariis</span> <span class='ocrx_word' id='word_1_637' title='bbox 855 2489 932 2524; x_wconf 84' lang='lat' dir='ltr'>eius</span> <span class='ocrx_word' id='word_1_638' title='bbox 954 2487 1011 2524; x_wconf 87' lang='lat' dir='ltr'>vel</span> <span class='ocrx_word' id='word_1_639' title='bbox 1031 2488 1077 2523; x_wconf 80' lang='lat' dir='ltr'>tis</span> <span class='ocrx_word' id='word_1_640' title='bbox 1100 2489 1166 2534; x_wconf 82' lang='lat' dir='ltr'>qui</span> <span class='ocrx_word' id='word_1_641' title='bbox 1188 2487 1268 2523; x_wconf 86' lang='lat' dir='ltr'>lites</span> <span class='ocrx_word' id='word_1_642' title='bbox 1290 2487 1537 2530; x_wconf 83' lang='lat' dir='ltr'>introducunt,</span> <span class='ocrx_word' id='word_1_643' title='bbox 1570 2492 1607 2523; x_wconf 87' lang='lat' dir='ltr'>et</span> <span class='ocrx_word' id='word_1_644' title='bbox 1630 2486 1743 2523; x_wconf 82' lang='lat' dir='ltr'>iudex</span> <span class='ocrx_word' id='word_1_645' title='bbox 1765 2497 1844 2523; x_wconf 88' lang='lat' dir='ltr'>eum</span> <span class='ocrx_word' id='word_1_646' title='bbox 1873 2487 1971 2523; x_wconf 88' lang='lat' dir='ltr'>intra</span> <span class='ocrx_word' id='word_1_647' title='bbox 1993 2491 2150 2524; x_wconf 84' lang='lat' dir='ltr'>statutos</span> 
     </span>
    </p>
   </div>
   <div class='ocr_carea' id='block_1_33' title="bbox 2200 2487 2338 2525">
    <p class='ocr_par' dir='ltr' id='par_1_36' title="bbox 2200 2487 2338 2525">
     <span class='ocr_line' id='line_1_80' title="bbox 2200 2487 2338 2525; baseline 0.007 -1"><span class='ocrx_word' id='word_1_648' title='bbox 2200 2499 2253 2525; x_wconf 73' lang='lat' dir='ltr'>tes</span> <span class='ocrx_word' id='word_1_649' title='bbox 2274 2487 2338 2525; x_wconf 84' lang='lat' dir='ltr'>ad·</span> 
     </span>
    </p>
   </div>
   <div class='ocr_carea' id='block_1_34' title="bbox 112 2531 2338 2676">
    <p class='ocr_par' dir='ltr' id='par_1_37' title="bbox 112 2531 2338 2676">
     <span class='ocr_line' id='line_1_81' title="bbox 112 2531 2338 2586; baseline 0 -16"><span class='ocrx_word' id='word_1_650' title='bbox 112 2536 252 2571; x_wconf 88' lang='lat' dir='ltr'>mittere</span> <span class='ocrx_word' id='word_1_651' title='bbox 275 2534 472 2577; x_wconf 82' lang='lat' dir='ltr'>distulerit,</span> <span class='ocrx_word' id='word_1_652' title='bbox 502 2533 641 2569; x_wconf 83' lang='lat' dir='ltr'>nullum</span> <span class='ocrx_word' id='word_1_653' title='bbox 657 2533 927 2581; x_wconf 82' lang='lat' dir='ltr'>praeiudicium</span> <span class='ocrx_word' id='word_1_654' title='bbox 942 2533 1116 2586; x_wconf 83' lang='lat' dir='ltr'>partibus</span> <span class='ocrx_word' id='word_1_655' title='bbox 1146 2532 1203 2584; x_wconf 72' lang='lat' dir='ltr'>vel</span> <span class='ocrx_word' id='word_1_656' title='bbox 1224 2532 1289 2568; x_wconf 92' lang='lat' dir='ltr'>uni</span> <span class='ocrx_word' id='word_1_657' title='bbox 1310 2543 1360 2586; x_wconf 63' lang='lat' dir='ltr'>ea:</span> <span class='ocrx_word' id='word_1_658' title='bbox 1383 2532 1430 2567; x_wconf 88' lang='lat' dir='ltr'>iis</span> <span class='ocrx_word' id='word_1_659' title='bbox 1460 2531 1544 2568; x_wconf 87' lang='lat' dir='ltr'>inde</span> <span class='ocrx_word' id='word_1_660' title='bbox 1568 2532 1714 2568; x_wconf 84' lang='lat' dir='ltr'>omnino</span> <span class='ocrx_word' id='word_1_661' title='bbox 1739 2533 1892 2575; x_wconf 84' lang='lat' dir='ltr'>oriatur,</span> <span class='ocrx_word' id='word_1_662' title='bbox 1922 2531 1986 2568; x_wconf 84' lang='lat' dir='ltr'>sed</span> <span class='ocrx_word' id='word_1_663' title='bbox 2007 2536 2044 2568; x_wconf 86' lang='lat' dir='ltr'>et</span> <span class='ocrx_word' id='word_1_664' title='bbox 2058 2536 2191 2579; x_wconf 88' lang='lat' dir='ltr'>postea</span> <span class='ocrx_word' id='word_1_665' title='bbox 2214 2533 2338 2570; x_wconf 77' lang='lat' dir='ltr'>huius-</span> 
     </span>
     <span class='ocr_line' id='line_1_82' title="bbox 112 2578 2306 2660; baseline -0.002 -44"><span class='ocrx_word' id='word_1_666' title='bbox 112 2580 210 2616; x_wconf 82' lang='lat' dir='ltr'>modi</span> <span class='ocrx_word' id='word_1_667' title='bbox 233 2579 498 2660; x_wconf 56' lang='lat' dir='ltr'>appellationes</span> <span class='ocrx_word' id='word_1_668' title='bbox 520 2578 775 2615; x_wconf 81' lang='lat' dir='ltr'>examinentur</span> <span class='ocrx_word' id='word_1_669' title='bbox 797 2583 832 2615; x_wconf 92' lang='lat' dir='ltr'>et</span> <span class='ocrx_word' id='word_1_670' title='bbox 855 2578 1015 2630; x_wconf 74' lang='lat' dir='ltr'>leqittma</span> <span class='ocrx_word' id='word_1_671' title='bbox 1037 2580 1214 2630; x_wconf 66' lang='lat' dir='ltr'>sententia</span> <span class='ocrx_word' id='word_1_672' title='bbox 1239 2580 1483 2631; x_wconf 74' lang='lat' dir='ltr'>terminentur.</span> <span class='ocrx_word' id='word_1_673' title='bbox 1803 2623 1810 2630; x_wconf 48' lang='lat'><em>·</em></span> <span class='ocrx_word' id='word_1_674' title='bbox 1967 2623 1976 2630; x_wconf 45' lang='lat'><strong>·</strong></span> <span class='ocrx_word' id='word_1_675' title='bbox 2157 2622 2164 2630; x_wconf 35' lang='lat'>⁸</span> <span class='ocrx_word' id='word_1_676' title='bbox 2298 2624 2306 2632; x_wconf 36' lang='lat'><em>⁶</em></span> 
     </span>
     <span class='ocr_line' id='line_1_83' title="bbox 284 2621 2338 2676; baseline 0 -16"><span class='ocrx_word' id='word_1_677' title='bbox 284 2652 292 2660; x_wconf 91' lang='lat'><em>.</em></span> <span class='ocrx_word' id='word_1_678' title='bbox 339 2623 450 2659; x_wconf 73' lang='lat' dir='ltr'>Aliud</span> <span class='ocrx_word' id='word_1_679' title='bbox 466 2629 662 2670; x_wconf 83' lang='lat' dir='ltr'>praeterea</span> <span class='ocrx_word' id='word_1_680' title='bbox 686 2623 920 2676; x_wconf 41' lang='lat' dir='ltr'>caput-quod</span> <span class='ocrx_word' id='word_1_681' title='bbox 941 2623 1166 2670; x_wconf 70' lang='lat' dir='ltr'>leqzslatzone</span> <span class='ocrx_word' id='word_1_682' title='bbox 1189 2626 1317 2659; x_wconf 85' lang='lat' dir='ltr'>nostra</span> <span class='ocrx_word' id='word_1_683' title='bbox 1341 2622 1479 2669; x_wconf 75' lang='lat' dir='ltr'>tndtqet</span> <span class='ocrx_word' id='word_1_684' title='bbox 1508 2621 1698 2659; x_wconf 86' lang='lat' dir='ltr'>emendare</span> <span class='ocrx_word' id='word_1_685' title='bbox 1723 2622 1827 2658; x_wconf 71' lang='lat' dir='ltr'>nobis</span> <span class='ocrx_word' id='word_1_686' title='bbox 1847 2621 1997 2669; x_wconf 74' lang='lat' dir='ltr'>placuit.</span> <span class='ocrx_word' id='word_1_687' title='bbox 2043 2621 2222 2666; x_wconf 74' lang='lat' dir='ltr'>Quoniam</span> <span class='ocrx_word' id='word_1_688' title='bbox 2244 2634 2338 2660; x_wconf 73' lang='lat' dir='ltr'>enim</span> 
     </span>
    </p>
   </div>
   <div class='ocr_carea' id='block_1_35' title="bbox 113 2669 651 2717">
    <p class='ocr_par' dir='ltr' id='par_1_38' title="bbox 113 2669 651 2717">
     <span class='ocr_line' id='line_1_84' title="bbox 113 2669 651 2717; baseline -0.006 -11"><span class='ocrx_word' id='word_1_689' title='bbox 113 2671 210 2717; x_wconf 75' lang='lat' dir='ltr'>leqes</span> <span class='ocrx_word' id='word_1_690' title='bbox 241 2674 389 2705; x_wconf 87' lang='lat' dir='ltr'>nostrae</span> <span class='ocrx_word' id='word_1_691' title='bbox 417 2669 651 2715; x_wconf 82' lang='lat' dir='ltr'>praecipiunt</span> 
     </span>
    </p>
   </div>
   <div class='ocr_carea' id='block_1_36' title="bbox 704 2667 2339 2721">
    <p class='ocr_par' dir='ltr' id='par_1_39' title="bbox 704 2667 2339 2721">
     <span class='ocr_line' id='line_1_85' title="bbox 704 2667 2339 2721; baseline 0.001 -17"><span class='ocrx_word' id='word_1_692' title='bbox 704 2674 746 2704; x_wconf 86' lang='lat' dir='ltr'>ut</span> <span class='ocrx_word' id='word_1_693' title='bbox 774 2679 806 2704; x_wconf 75' lang='lat' dir='ltr'>st</span> <span class='ocrx_word' id='word_1_694' title='bbox 838 2668 984 2721; x_wconf 77' lang='lat' dir='ltr'>quando</span> <span class='ocrx_word' id='word_1_695' title='bbox 1015 2668 1269 2720; x_wconf 75' lang='lat' dir='ltr'>qloriosissimi</span> <span class='ocrx_word' id='word_1_696' title='bbox 1295 2668 1483 2715; x_wconf 82' lang='lat' dir='ltr'>praefecti</span> <span class='ocrx_word' id='word_1_697' title='bbox 1508 2678 1616 2704; x_wconf 85' lang='lat' dir='ltr'>sacro</span> <span class='ocrx_word' id='word_1_698' title='bbox 1645 2668 1834 2714; x_wconf 86' lang='lat' dir='ltr'>praetorio</span> <span class='ocrx_word' id='word_1_699' title='bbox 1863 2667 2077 2703; x_wconf 81' lang='lat' dir='ltr'>sententiam</span> <span class='ocrx_word' id='word_1_700' title='bbox 2100 2668 2339 2714; x_wconf 82' lang='lat' dir='ltr'>protulerint,</span> 
     </span>
    </p>
   </div>
   <div class='ocr_carea' id='block_1_37' title="bbox 112 2695 2339 2811">
    <p class='ocr_par' dir='ltr' id='par_1_40' title="bbox 112 2695 2339 2811">
     <span class='ocr_line' id='line_1_86' title="bbox 112 2695 2339 2766; baseline -0.001 -15"><span class='ocrx_word' id='word_1_701' title='bbox 112 2715 215 2751; x_wconf 87' lang='lat' dir='ltr'>nulla</span> <span class='ocrx_word' id='word_1_702' title='bbox 237 2714 410 2750; x_wconf 86' lang='lat' dir='ltr'>adversus</span> <span class='ocrx_word' id='word_1_703' title='bbox 440 2725 518 2749; x_wconf 86' lang='lat' dir='ltr'>eam</span> <span class='ocrx_word' id='word_1_704' title='bbox 542 2695 741 2760; x_wconf 73' lang='lat' dir='ltr'>appellatio</span> <span class='ocrx_word' id='word_1_705' title='bbox 770 2717 999 2761; x_wconf 76' lang='lat' dir='ltr'>porraqatur,</span> <span class='ocrx_word' id='word_1_706' title='bbox 1029 2724 1223 2765; x_wconf 71' lang='lat' dir='ltr'>sancimus,</span> <span class='ocrx_word' id='word_1_707' title='bbox 1254 2717 1300 2765; x_wconf 74' lang='lat' dir='ltr'>ut</span> <span class='ocrx_word' id='word_1_708' title='bbox 1318 2713 1458 2760; x_wconf 82' lang='lat' dir='ltr'>quoties</span> <span class='ocrx_word' id='word_1_709' title='bbox 1487 2713 1667 2749; x_wconf 85' lang='lat' dir='ltr'>sententia</span> <span class='ocrx_word' id='word_1_710' title='bbox 1696 2712 2039 2764; x_wconf 63' lang='lat' dir='ltr'>gloriosissimorum</span> <span class='ocrx_word' id='word_1_711' title='bbox 2062 2713 2339 2766; x_wconf 59' lang='lat' dir='ltr'>praesepiorum</span> 
     </span>
     <span class='ocr_line' id='line_1_87' title="bbox 113 2757 2339 2811; baseline -0.001 -15"><span class='ocrx_word' id='word_1_712' title='bbox 113 2762 295 2796; x_wconf 83' lang='lat' dir='ltr'>cuiuscum</span> <span class='ocrx_word' id='word_1_713' title='bbox 323 2770 367 2794; x_wconf 91' lang='lat' dir='ltr'>ue</span> <span class='ocrx_word' id='word_1_714' title='bbox 397 2759 558 2811; x_wconf 75' lang='lat' dir='ltr'>reqionis</span> <span class='ocrx_word' id='word_1_715' title='bbox 587 2759 736 2805; x_wconf 84' lang='lat' dir='ltr'>prolata</span> <span class='ocrx_word' id='word_1_716' title='bbox 766 2759 815 2795; x_wconf 86' lang='lat' dir='ltr'>sit</span> <span class='ocrx_word' id='word_1_717' title='bbox 841 2763 877 2795; x_wconf 88' lang='lat' dir='ltr'>et</span> <span class='ocrx_word' id='word_1_718' title='bbox 899 2770 993 2794; x_wconf 83' lang='lat' dir='ltr'>unus</span> <span class='ocrx_word' id='word_1_719' title='bbox 1015 2759 1117 2804; x_wconf 82' lang='lat' dir='ltr'>forte</span> <span class='ocrx_word' id='word_1_720' title='bbox 1140 2759 1361 2805; x_wconf 76' lang='lat' dir='ltr'>ltttqantzum</span> <span class='ocrx_word' id='word_1_721' title='bbox 1391 2769 1429 2794; x_wconf 86' lang='lat' dir='ltr'>se</span> <span class='ocrx_word' id='word_1_722' title='bbox 1452 2763 1644 2804; x_wconf 79' lang='lat' dir='ltr'>qravatum</span> <span class='ocrx_word' id='word_1_723' title='bbox 1667 2769 1744 2795; x_wconf 88' lang='lat' dir='ltr'>esse</span> <span class='ocrx_word' id='word_1_724' title='bbox 1760 2761 1965 2810; x_wconf 70' lang='lat' dir='ltr'>putaverat,</span> <span class='ocrx_word' id='word_1_725' title='bbox 1997 2757 2105 2794; x_wconf 72' lang='lat' dir='ltr'>luceat</span> <span class='ocrx_word' id='word_1_726' title='bbox 2126 2769 2158 2794; x_wconf 73' lang='lat' dir='ltr'>ei</span> <span class='ocrx_word' id='word_1_727' title='bbox 2181 2757 2339 2795; x_wconf 70' lang='lat' dir='ltr'>libellum</span> 
     </span>
    </p>
   </div>
   <div class='ocr_carea' id='block_1_38' title="bbox 113 2801 2000 2887">
    <p class='ocr_par' dir='ltr' id='par_1_41' title="bbox 113 2801 2000 2887">
     <span class='ocr_line' id='line_1_88' title="bbox 113 2801 2000 2887; baseline -0.002 -47"><span class='ocrx_word' id='word_1_728' title='bbox 113 2806 249 2887; x_wconf 58' lang='lat' dir='ltr'>ssei-re</span> <span class='ocrx_word' id='word_1_729' title='bbox 271 2816 296 2851; x_wconf 73' lang='lat'><em>9</em></span> <span class='ocrx_word' id='word_1_730' title='bbox 313 2804 543 2839; x_wconf 78' lang='lat' dir='ltr'>orioszsszmis</span> <span class='ocrx_word' id='word_1_731' title='bbox 559 2804 766 2850; x_wconf 84' lang='lat' dir='ltr'>praefectis</span> <span class='ocrx_word' id='word_1_732' title='bbox 796 2805 859 2850; x_wconf 80' lang='lat' dir='ltr'>qui</span> <span class='ocrx_word' id='word_1_733' title='bbox 881 2804 1094 2840; x_wconf 81' lang='lat' dir='ltr'>sententiam</span> <span class='ocrx_word' id='word_1_734' title='bbox 1121 2803 1359 2850; x_wconf 86' lang='lat' dir='ltr'>protulerunt</span> <span class='ocrx_word' id='word_1_735' title='bbox 1386 2802 1443 2840; x_wconf 86' lang='lat' dir='ltr'>vel</span> <span class='ocrx_word' id='word_1_736' title='bbox 1464 2814 1588 2839; x_wconf 88' lang='lat' dir='ltr'>eorum</span> <span class='ocrx_word' id='word_1_737' title='bbox 1620 2801 1839 2839; x_wconf 69' lang='lat' dir='ltr'>consiliariis</span> <span class='ocrx_word' id='word_1_738' title='bbox 1869 2802 1925 2839; x_wconf 86' lang='lat' dir='ltr'>vel</span> <span class='ocrx_word' id='word_1_739' title='bbox 1954 2802 2000 2837; x_wconf 80' lang='lat' dir='ltr'>iis</span> 
     </span>
    </p>
   </div>
   <div class='ocr_carea' id='block_1_39' title="bbox 2057 2802 2338 2839">
    <p class='ocr_par' dir='ltr' id='par_1_42' title="bbox 2057 2802 2338 2839">
     <span class='ocr_line' id='line_1_89' title="bbox 2057 2802 2338 2839; baseline 0.007 -2"><span class='ocrx_word' id='word_1_740' title='bbox 2057 2802 2094 2838; x_wconf 85' lang='lat' dir='ltr'>ui</span> <span class='ocrx_word' id='word_1_741' title='bbox 2122 2802 2202 2839; x_wconf 83' lang='lat' dir='ltr'>lites</span> <span class='ocrx_word' id='word_1_742' title='bbox 2224 2803 2338 2839; x_wconf 86' lang='lat' dir='ltr'>intro·</span> 
     </span>
    </p>
   </div>
   <div class='ocr_carea' id='block_1_40' title="bbox 140 2847 2339 2896">
    <p class='ocr_par' dir='ltr' id='par_1_43' title="bbox 140 2847 2339 2896">
     <span class='ocr_line' id='line_1_90' title="bbox 140 2847 2339 2896; baseline -0.001 -10"><span class='ocrx_word' id='word_1_743' title='bbox 140 2854 249 2887; x_wconf 79' lang='lat' dir='ltr'>neunt</span> <span class='ocrx_word' id='word_1_744' title='bbox 277 2850 375 2885; x_wconf 85' lang='lat' dir='ltr'>intra</span> <span class='ocrx_word' id='word_1_745' title='bbox 402 2848 522 2884; x_wconf 84' lang='lat' dir='ltr'>decem</span> <span class='ocrx_word' id='word_1_746' title='bbox 559 2849 697 2884; x_wconf 85' lang='lat' dir='ltr'>dierum</span> <span class='ocrx_word' id='word_1_747' title='bbox 727 2849 885 2895; x_wconf 83' lang='lat' dir='ltr'>spatium</span> <span class='ocrx_word' id='word_1_748' title='bbox 913 2853 1000 2895; x_wconf 84' lang='lat' dir='ltr'>post</span> <span class='ocrx_word' id='word_1_749' title='bbox 1029 2849 1242 2885; x_wconf 84' lang='lat' dir='ltr'>sententiam</span> <span class='ocrx_word' id='word_1_750' title='bbox 1271 2848 1473 2896; x_wconf 87' lang='lat' dir='ltr'>prolatam,</span> <span class='ocrx_word' id='word_1_751' title='bbox 1505 2853 1545 2884; x_wconf 86' lang='lat' dir='ltr'>ut</span> <span class='ocrx_word' id='word_1_752' title='bbox 1572 2847 1640 2884; x_wconf 81' lang='lat' dir='ltr'>lzoc</span> <span class='ocrx_word' id='word_1_753' title='bbox 1670 2847 1859 2884; x_wconf 84' lang='lat' dir='ltr'>subsecuto</span> <span class='ocrx_word' id='word_1_754' title='bbox 1890 2858 1965 2883; x_wconf 91' lang='lat' dir='ltr'>non</span> <span class='ocrx_word' id='word_1_755' title='bbox 1995 2858 2018 2883; x_wconf 90' lang='lat' dir='ltr'>a</span> <span class='ocrx_word' id='word_1_756' title='bbox 2033 2852 2102 2884; x_wconf 76' lang='lat' dir='ltr'>tter</span> <span class='ocrx_word' id='word_1_757' title='bbox 2131 2847 2339 2884; x_wconf 79' lang='lat' dir='ltr'>executioni</span> 
     </span>
    </p>
   </div>
   <div class='ocr_carea' id='block_1_41' title="bbox 113 2935 1195 3708">
    <p class='ocr_par' dir='ltr' id='par_1_44' title="bbox 113 2935 1195 3708">
     <span class='ocr_line' id='line_1_91' title="bbox 184 2935 1190 2983; baseline -0.003 -8"><span class='ocrx_word' id='word_1_758' title='bbox 184 2943 198 2975; x_wconf 90' lang='lat'>1</span> <span class='ocrx_word' id='word_1_759' title='bbox 227 2942 259 2974; x_wconf 89' lang='lat' dir='ltr'>in</span> <span class='ocrx_word' id='word_1_760' title='bbox 272 2952 374 2982; x_wconf 74' lang='lat' dir='ltr'>mary.</span> <span class='ocrx_word' id='word_1_761' title='bbox 395 2942 444 2982; x_wconf 84' lang='grc' dir='ltr'>βι.</span> <span class='ocrx_word' id='word_1_762' title='bbox 468 2938 546 2972; x_wconf 84' lang='grc' dir='ltr'>τῶν</span> <span class='ocrx_word' id='word_1_763' title='bbox 567 2937 769 2983; x_wconf 81' lang='grc' dir='ltr'><strong><em>βασιλικῶν</em></strong></span> <span class='ocrx_word' id='word_1_764' title='bbox 785 2938 840 2982; x_wconf 60' lang='grc' dir='ltr'><strong><em>,ιβ’</em></strong></span> <span class='ocrx_word' id='word_1_765' title='bbox 866 2942 910 2972; x_wconf 77' lang='grc' dir='ltr'><strong><em>τί.</em></strong></span> <span class='ocrx_word' id='word_1_766' title='bbox 928 2935 959 2972; x_wconf 82' lang='grc' dir='ltr'>δ’</span> <span class='ocrx_word' id='word_1_767' title='bbox 986 2938 1096 2983; x_wconf 84' lang='grc' dir='ltr'><strong><em>νεαρὰ</em></strong></span> <span class='ocrx_word' id='word_1_768' title='bbox 1114 2938 1190 2982; x_wconf 58' lang='lat' dir='ltr'>(aff</span> 
     </span>
     <span class='ocr_line' id='line_1_92' title="bbox 113 2981 1194 3029; baseline -0.004 -9"><span class='ocrx_word' id='word_1_769' title='bbox 113 2999 160 3020; x_wconf 84' lang='grc' dir='ltr'><strong><em>κε.</em></strong></span> <span class='ocrx_word' id='word_1_770' title='bbox 175 2984 204 3020; x_wconf 80' lang='grc' dir='ltr'>δ’</span> <span class='ocrx_word' id='word_1_771' title='bbox 224 2987 255 3019; x_wconf 91' lang='lat' dir='ltr'><em>L</em></span> <span class='ocrx_word' id='word_1_772' title='bbox 274 2984 287 3029; x_wconf 84' lang='grc' dir='ltr'>ΙΙ</span> <span class='ocrx_word' id='word_1_773' title='bbox 302 2985 423 3025; x_wconf 82' lang='grc' dir='ltr'><strong><em>τοῦτο]</em></strong></span> <span class='ocrx_word' id='word_1_774' title='bbox 443 2981 503 3017; x_wconf 80' lang='grc' dir='ltr'>διὰ</span> <span class='ocrx_word' id='word_1_775' title='bbox 520 2984 581 3025; x_wconf 79' lang='grc' dir='ltr'>τῆς</span> <span class='ocrx_word' id='word_1_776' title='bbox 596 2983 778 3029; x_wconf 69' lang='grc' dir='ltr'><strong><em>παρούσης</em></strong></span> <span class='ocrx_word' id='word_1_777' title='bbox 793 2983 1019 3028; x_wconf 81' lang='grc' dir='ltr'><strong><em>θεσπίζομεν</em></strong></span> <span class='ocrx_word' id='word_1_778' title='bbox 1033 2986 1109 3018; x_wconf 81' lang='lat' dir='ltr'>add.</span> <span class='ocrx_word' id='word_1_779' title='bbox 1121 2985 1171 3016; x_wconf 79' lang='lat' dir='ltr'>La</span> <span class='ocrx_word' id='word_1_780' title='bbox 1183 2983 1194 3026; x_wconf 85' lang='grc' dir='ltr'>ΙΙ</span> 
     </span>
     <span class='ocr_line' id='line_1_93' title="bbox 114 3026 1191 3076; baseline -0.006 -9"><span class='ocrx_word' id='word_1_781' title='bbox 114 3031 201 3076; x_wconf 84' lang='grc' dir='ltr'><strong><em>πρὸς</em></strong></span> <span class='ocrx_word' id='word_1_782' title='bbox 225 3032 286 3064; x_wconf 79' lang='grc' dir='ltr'><strong><em>ἐπὶ</em></strong></span> <span class='ocrx_word' id='word_1_783' title='bbox 303 3030 387 3070; x_wconf 92' lang='lat' dir='ltr'>ML]</span> <span class='ocrx_word' id='word_1_784' title='bbox 412 3028 501 3074; x_wconf 85' lang='grc' dir='ltr'><strong><em>πρὸς</em></strong></span> <span class='ocrx_word' id='word_1_785' title='bbox 525 3029 561 3062; x_wconf 89' lang='grc' dir='ltr'><em>Β</em></span> <span class='ocrx_word' id='word_1_786' title='bbox 573 3030 660 3072; x_wconf 77' lang='lat' dir='ltr'>vuly.</span> <span class='ocrx_word' id='word_1_787' title='bbox 679 3029 691 3071; x_wconf 77' lang='grc' dir='ltr'>ΙΙ</span> <span class='ocrx_word' id='word_1_788' title='bbox 709 3031 729 3062; x_wconf 89' lang='grc'>2</span> <span class='ocrx_word' id='word_1_789' title='bbox 753 3029 942 3071; x_wconf 85' lang='grc' dir='ltr'><strong><em>ποιήσεται</em></strong></span> <span class='ocrx_word' id='word_1_790' title='bbox 959 3028 1011 3062; x_wconf 78' lang='grc' dir='ltr'>ΒΓ</span> <span class='ocrx_word' id='word_1_791' title='bbox 1025 3028 1038 3073; x_wconf 81' lang='grc' dir='ltr'>ΙΙ</span> <span class='ocrx_word' id='word_1_792' title='bbox 1056 3030 1076 3063; x_wconf 88' lang='grc'>8</span> <span class='ocrx_word' id='word_1_793' title='bbox 1100 3026 1191 3073; x_wconf 79' lang='grc' dir='ltr'><strong><em>εὑρί-</em></strong></span> 
     </span>
     <span class='ocr_line' id='line_1_94' title="bbox 114 3071 1191 3120; baseline -0.005 -10"><span class='ocrx_word' id='word_1_794' title='bbox 114 3078 257 3120; x_wconf 88' lang='grc' dir='ltr'><strong><em>σκομεν]</em></strong></span> <span class='ocrx_word' id='word_1_795' title='bbox 281 3074 454 3108; x_wconf 86' lang='lat' dir='ltr'>invenitur</span> <span class='ocrx_word' id='word_1_796' title='bbox 478 3085 498 3111; x_wconf 84' lang='grc' dir='ltr'><strong><em>ς</em></strong></span> <span class='ocrx_word' id='word_1_797' title='bbox 520 3074 533 3118; x_wconf 87' lang='grc' dir='ltr'>ΙΙ</span> <span class='ocrx_word' id='word_1_798' title='bbox 563 3076 583 3108; x_wconf 88' lang='grc'><strong>9</strong></span> <span class='ocrx_word' id='word_1_799' title='bbox 606 3071 742 3117; x_wconf 86' lang='grc' dir='ltr'><strong><em>νόμοις]</em></strong></span> <span class='ocrx_word' id='word_1_800' title='bbox 768 3076 809 3117; x_wconf 89' lang='lat' dir='ltr'>cf.</span> <span class='ocrx_word' id='word_1_801' title='bbox 836 3075 1086 3108; x_wconf 78' lang='lat' dir='ltr'>additamentum</span> <span class='ocrx_word' id='word_1_802' title='bbox 1111 3075 1191 3118; x_wconf 77' lang='lat' dir='ltr'>Diq.</span> 
     </span>
     <span class='ocr_line' id='line_1_95' title="bbox 116 3115 1193 3165; baseline -0.006 -8"><span class='ocrx_word' id='word_1_803' title='bbox 116 3124 167 3165; x_wconf 84' lang='lat'>22,</span> <span class='ocrx_word' id='word_1_804' title='bbox 182 3130 198 3157; x_wconf 84' lang='lat'><strong>3</strong></span> <span class='ocrx_word' id='word_1_805' title='bbox 223 3124 255 3155; x_wconf 88' lang='lat' dir='ltr'>in</span> <span class='ocrx_word' id='word_1_806' title='bbox 308 3134 345 3155; x_wconf 85' lang='lat' dir='ltr'>ne</span> <span class='ocrx_word' id='word_1_807' title='bbox 367 3121 547 3165; x_wconf 78' lang='lat' dir='ltr'>appositum</span> <span class='ocrx_word' id='word_1_808' title='bbox 571 3119 657 3162; x_wconf 84' lang='lat' dir='ltr'>(lp.</span> <span class='ocrx_word' id='word_1_809' title='bbox 672 3121 737 3153; x_wconf 88' lang='grc'>649</span> <span class='ocrx_word' id='word_1_810' title='bbox 757 3127 815 3153; x_wconf 86' lang='lat' dir='ltr'>n.1</span> <span class='ocrx_word' id='word_1_811' title='bbox 830 3119 991 3161; x_wconf 80' lang='lat' dir='ltr'>Momms.)</span> <span class='ocrx_word' id='word_1_812' title='bbox 1014 3119 1027 3162; x_wconf 84' lang='grc' dir='ltr'>ΙΙ</span> <span class='ocrx_word' id='word_1_813' title='bbox 1055 3121 1094 3153; x_wconf 94' lang='grc'>10</span> <span class='ocrx_word' id='word_1_814' title='bbox 1120 3115 1145 3151; x_wconf 79' lang='grc' dir='ltr'>ε’</span> <span class='ocrx_word' id='word_1_815' title='bbox 1161 3119 1193 3151; x_wconf 92' lang='lat' dir='ltr'><em>L</em></span> 
     </span>
     <span class='ocr_line' id='line_1_96' title="bbox 115 3162 1194 3211; baseline -0.005 -10"><span class='ocrx_word' id='word_1_816' title='bbox 115 3181 184 3201; x_wconf 82' lang='lat' dir='ltr'>mar</span> <span class='ocrx_word' id='word_1_817' title='bbox 209 3193 215 3200; x_wconf 92' lang='lat'>.</span> <span class='ocrx_word' id='word_1_818' title='bbox 236 3166 249 3211; x_wconf 77' lang='lat' dir='ltr'>ss</span> <span class='ocrx_word' id='word_1_819' title='bbox 288 3167 305 3199; x_wconf 79' lang='grc' dir='ltr'><em>ὲ</em></span> <span class='ocrx_word' id='word_1_820' title='bbox 328 3178 385 3199; x_wconf 87' lang='lat' dir='ltr'>om.</span> <span class='ocrx_word' id='word_1_821' title='bbox 402 3166 430 3199; x_wconf 86' lang='lat' dir='ltr'><em>L</em></span> <span class='ocrx_word' id='word_1_822' title='bbox 449 3164 462 3208; x_wconf 92' lang='grc' dir='ltr'>ΙΙ</span> <span class='ocrx_word' id='word_1_823' title='bbox 477 3163 599 3199; x_wconf 80' lang='grc' dir='ltr'><strong><em>εἴποτε</em></strong></span> <span class='ocrx_word' id='word_1_824' title='bbox 621 3177 679 3197; x_wconf 87' lang='lat' dir='ltr'>om.</span> <span class='ocrx_word' id='word_1_825' title='bbox 695 3164 746 3197; x_wconf 73' lang='lat' dir='ltr'>B‘</span> <span class='ocrx_word' id='word_1_826' title='bbox 764 3163 776 3206; x_wconf 83' lang='grc' dir='ltr'>ΙΙ</span> <span class='ocrx_word' id='word_1_827' title='bbox 794 3165 830 3198; x_wconf 92' lang='grc'>11</span> <span class='ocrx_word' id='word_1_828' title='bbox 852 3162 1194 3206; x_wconf 75' lang='grc' dir='ltr'><strong><em>παρακολουθούσης</em></strong></span> 
     </span>
     <span class='ocr_line' id='line_1_97' title="bbox 116 3205 1193 3258; baseline -0.006 -11"><span class='ocrx_word' id='word_1_829' title='bbox 116 3211 182 3258; x_wconf 69' lang='lat' dir='ltr'>B‘l</span> <span class='ocrx_word' id='word_1_830' title='bbox 204 3214 243 3248; x_wconf 87' lang='lat'>13</span> <span class='ocrx_word' id='word_1_831' title='bbox 259 3210 429 3257; x_wconf 81' lang='grc' dir='ltr'><strong><em>*φθάσω</em></strong></span> <span class='ocrx_word' id='word_1_832' title='bbox 443 3211 520 3244; x_wconf 82' lang='lat' dir='ltr'>libri</span> <span class='ocrx_word' id='word_1_833' title='bbox 530 3211 542 3248; x_wconf 87' lang='grc' dir='ltr'>ΙΙ</span> <span class='ocrx_word' id='word_1_834' title='bbox 557 3205 667 3242; x_wconf 77' lang='grc' dir='ltr'><strong><em>αὐτοῦ</em></strong></span> <span class='ocrx_word' id='word_1_835' title='bbox 681 3209 732 3242; x_wconf 71' lang='lat' dir='ltr'>B‘</span> <span class='ocrx_word' id='word_1_836' title='bbox 743 3207 755 3253; x_wconf 84' lang='grc' dir='ltr'>ΙΙ</span> <span class='ocrx_word' id='word_1_837' title='bbox 771 3205 1003 3254; x_wconf 81' lang='grc' dir='ltr'><strong><em>*φανερώσοι</em></strong></span> <span class='ocrx_word' id='word_1_838' title='bbox 1018 3209 1193 3254; x_wconf 81' lang='grc' dir='ltr'><strong><em>(φανερώ-</em></strong></span> 
     </span>
     <span class='ocr_line' id='line_1_98' title="bbox 115 3250 1193 3300; baseline -0.006 -9"><span class='ocrx_word' id='word_1_839' title='bbox 115 3270 169 3291; x_wconf 82' lang='grc' dir='ltr'>σει</span> <span class='ocrx_word' id='word_1_840' title='bbox 183 3259 245 3300; x_wconf 68' lang='lat' dir='ltr'>B‘)</span> <span class='ocrx_word' id='word_1_841' title='bbox 271 3259 348 3291; x_wconf 80' lang='lat' dir='ltr'>libri</span> <span class='ocrx_word' id='word_1_842' title='bbox 362 3256 374 3299; x_wconf 84' lang='grc' dir='ltr'>ΙΙ</span> <span class='ocrx_word' id='word_1_843' title='bbox 396 3258 435 3290; x_wconf 87' lang='grc'>16</span> <span class='ocrx_word' id='word_1_844' title='bbox 452 3257 512 3288; x_wconf 84' lang='grc' dir='ltr'>καὶ</span> <span class='ocrx_word' id='word_1_845' title='bbox 528 3251 548 3288; x_wconf 86' lang='grc' dir='ltr'><strong><em>ὁ</em></strong></span> <span class='ocrx_word' id='word_1_846' title='bbox 567 3252 745 3296; x_wconf 83' lang='grc' dir='ltr'><strong><em>δικαστὴς]</em></strong></span> <span class='ocrx_word' id='word_1_847' title='bbox 771 3255 803 3286; x_wconf 88' lang='lat' dir='ltr'>et</span> <span class='ocrx_word' id='word_1_848' title='bbox 818 3254 848 3286; x_wconf 84' lang='lat' dir='ltr'>si</span> <span class='ocrx_word' id='word_1_849' title='bbox 862 3253 961 3286; x_wconf 84' lang='lat' dir='ltr'>iudex</span> <span class='ocrx_word' id='word_1_850' title='bbox 978 3265 998 3290; x_wconf 83' lang='grc' dir='ltr'><strong><em>ς</em></strong></span> <span class='ocrx_word' id='word_1_851' title='bbox 1014 3254 1026 3297; x_wconf 86' lang='grc' dir='ltr'>ΙΙ</span> <span class='ocrx_word' id='word_1_852' title='bbox 1047 3256 1085 3287; x_wconf 85' lang='lat'>17</span> <span class='ocrx_word' id='word_1_853' title='bbox 1106 3250 1193 3287; x_wconf 82' lang='grc' dir='ltr'><strong><em>ἀνα-</em></strong></span> 
     </span>
     <span class='ocr_line' id='line_1_99' title="bbox 114 3297 1195 3346; baseline -0.005 -10"><span class='ocrx_word' id='word_1_854' title='bbox 114 3302 270 3346; x_wconf 78' lang='grc' dir='ltr'><strong><em>βάληται</em></strong></span> <span class='ocrx_word' id='word_1_855' title='bbox 297 3302 399 3343; x_wconf 76' lang='grc' dir='ltr'>ΜΒἽ</span> <span class='ocrx_word' id='word_1_856' title='bbox 424 3297 675 3343; x_wconf 82' lang='grc' dir='ltr'><strong><em>ἀναβάλληται</em></strong></span> <span class='ocrx_word' id='word_1_857' title='bbox 699 3298 785 3332; x_wconf 76' lang='lat' dir='ltr'>LB!</span> <span class='ocrx_word' id='word_1_858' title='bbox 797 3299 809 3338; x_wconf 90' lang='grc' dir='ltr'>ΙΙ</span> <span class='ocrx_word' id='word_1_859' title='bbox 829 3300 871 3333; x_wconf 87' lang='grc'>19</span> <span class='ocrx_word' id='word_1_860' title='bbox 894 3299 1027 3332; x_wconf 81' lang='grc' dir='ltr'><strong><em>ταῦτας</em></strong></span> <span class='ocrx_word' id='word_1_861' title='bbox 1042 3300 1112 3340; x_wconf 80' lang='lat' dir='ltr'>(sic)</span> <span class='ocrx_word' id='word_1_862' title='bbox 1128 3300 1158 3331; x_wconf 92' lang='lat' dir='ltr'><em>L</em></span> <span class='ocrx_word' id='word_1_863' title='bbox 1183 3298 1195 3342; x_wconf 82' lang='grc' dir='ltr'>ΙΙ</span> 
     </span>
     <span class='ocr_line' id='line_1_100' title="bbox 117 3341 1194 3393; baseline -0.006 -12"><span class='ocrx_word' id='word_1_864' title='bbox 117 3351 157 3382; x_wconf 82' lang='grc'>20</span> <span class='ocrx_word' id='word_1_865' title='bbox 182 3348 309 3393; x_wconf 82' lang='grc' dir='ltr'><strong><em>ψήφῳ]</em></strong></span> <span class='ocrx_word' id='word_1_866' title='bbox 331 3347 376 3393; x_wconf 83' lang='grc' dir='ltr'>τῇ</span> <span class='ocrx_word' id='word_1_867' title='bbox 401 3345 515 3391; x_wconf 78' lang='grc' dir='ltr'>ψήφῳ</span> <span class='ocrx_word' id='word_1_868' title='bbox 532 3346 566 3378; x_wconf 89' lang='grc' dir='ltr'><em>Β</em></span> <span class='ocrx_word' id='word_1_869' title='bbox 584 3346 596 3388; x_wconf 82' lang='grc' dir='ltr'>ΙΙ</span> <span class='ocrx_word' id='word_1_870' title='bbox 613 3346 767 3387; x_wconf 82' lang='grc' dir='ltr'><strong><em>νομίμῳ]</em></strong></span> <span class='ocrx_word' id='word_1_871' title='bbox 792 3341 931 3377; x_wconf 77' lang='grc' dir='ltr'><strong><em>δικαίου</em></strong></span> <span class='ocrx_word' id='word_1_872' title='bbox 946 3343 998 3376; x_wconf 72' lang='lat' dir='ltr'>B‘</span> <span class='ocrx_word' id='word_1_873' title='bbox 1014 3344 1026 3387; x_wconf 85' lang='grc' dir='ltr'>ΙΙ</span> <span class='ocrx_word' id='word_1_874' title='bbox 1053 3344 1091 3377; x_wconf 89' lang='grc'>21</span> <span class='ocrx_word' id='word_1_875' title='bbox 1119 3341 1147 3379; x_wconf 81' lang='grc' dir='ltr'>ς’</span> <span class='ocrx_word' id='word_1_876' title='bbox 1163 3344 1194 3376; x_wconf 88' lang='lat' dir='ltr'><em>L</em></span> 
     </span>
     <span class='ocr_line' id='line_1_101' title="bbox 116 3390 1193 3438; baseline -0.006 -11"><span class='ocrx_word' id='word_1_877' title='bbox 116 3407 217 3438; x_wconf 80' lang='lat' dir='ltr'>mary.</span> <span class='ocrx_word' id='word_1_878' title='bbox 243 3394 255 3436; x_wconf 77' lang='lat' dir='ltr'>ss</span> <span class='ocrx_word' id='word_1_879' title='bbox 281 3394 322 3427; x_wconf 81' lang='lat'>23</span> <span class='ocrx_word' id='word_1_880' title='bbox 340 3392 459 3435; x_wconf 88' lang='grc' dir='ltr'><strong><em>νόμοι]</em></strong></span> <span class='ocrx_word' id='word_1_881' title='bbox 484 3391 570 3426; x_wconf 89' lang='grc' dir='ltr'><strong><em>Νου.</em></strong></span> <span class='ocrx_word' id='word_1_882' title='bbox 583 3390 772 3424; x_wconf 87' lang='lat' dir='ltr'><em>LXXXII</em></span> <span class='ocrx_word' id='word_1_883' title='bbox 787 3402 813 3423; x_wconf 86' lang='lat' dir='ltr'>c.</span> <span class='ocrx_word' id='word_1_884' title='bbox 830 3390 870 3423; x_wconf 88' lang='grc'>12</span> <span class='ocrx_word' id='word_1_885' title='bbox 894 3390 950 3432; x_wconf 87' lang='lat' dir='ltr'><em>(cf.</em></span> <span class='ocrx_word' id='word_1_886' title='bbox 971 3390 1048 3422; x_wconf 83' lang='lat' dir='ltr'>Cod.</span> <span class='ocrx_word' id='word_1_887' title='bbox 1065 3391 1094 3430; x_wconf 81' lang='lat'>7,</span> <span class='ocrx_word' id='word_1_888' title='bbox 1109 3396 1193 3429; x_wconf 78' lang='lat'>42,1.</span> 
     </span>
     <span class='ocr_line' id='line_1_102' title="bbox 117 3429 1194 3527; baseline -0.006 -10"><span class='ocrx_word' id='word_1_889' title='bbox 117 3447 165 3517; x_wconf 63' lang='lat'>{32</span> <span class='ocrx_word' id='word_1_890' title='bbox 178 3439 253 3516; x_wconf 52' lang='lat'>&amp;³2¹¹</span> <span class='ocrx_word' id='word_1_891' title='bbox 271 3429 1194 3527; x_wconf 37' lang='lat' dir='ltr'>{525733&#39;255333352&#39;saisias&#39;232{sata</span> 
     </span>
     <span class='ocr_line' id='line_1_103' title="bbox 117 3495 1194 3572; baseline -0.006 -10"><span class='ocrx_word' id='word_1_892' title='bbox 117 3530 282 3572; x_wconf 89' lang='grc' dir='ltr'><strong><em>*νομίσοι</em></strong></span> <span class='ocrx_word' id='word_1_893' title='bbox 304 3495 455 3571; x_wconf 63' lang='grc' dir='ltr'><strong><em>(νομίὲει</em></strong></span> <span class='ocrx_word' id='word_1_894' title='bbox 474 3541 505 3560; x_wconf 90' lang='grc' dir='ltr'>υ.</span> <span class='ocrx_word' id='word_1_895' title='bbox 519 3529 538 3560; x_wconf 89' lang='lat' dir='ltr'>l.</span> <span class='ocrx_word' id='word_1_896' title='bbox 560 3528 689 3569; x_wconf 88' lang='grc' dir='ltr'><strong><em>νομίση</em></strong></span> <span class='ocrx_word' id='word_1_897' title='bbox 711 3525 773 3567; x_wconf 85' lang='grc' dir='ltr'>Β’)</span> <span class='ocrx_word' id='word_1_898' title='bbox 799 3525 877 3559; x_wconf 81' lang='lat' dir='ltr'>libri</span> <span class='ocrx_word' id='word_1_899' title='bbox 906 3526 911 3567; x_wconf 88' lang='grc' dir='ltr'>Ι</span> <span class='ocrx_word' id='word_1_900' title='bbox 934 3523 1132 3568; x_wconf 83' lang='grc' dir='ltr'><strong><em>βαρεῖσθαι</em></strong></span> <span class='ocrx_word' id='word_1_901' title='bbox 1146 3524 1194 3556; x_wconf 69' lang='grc' dir='ltr'>Βε</span> 
     </span>
     <span class='ocr_line' id='line_1_104' title="bbox 119 3562 1192 3618; baseline -0.005 -12"><span class='ocrx_word' id='word_1_902' title='bbox 119 3587 146 3607; x_wconf 77' lang='lat' dir='ltr'>v.</span> <span class='ocrx_word' id='word_1_903' title='bbox 163 3577 181 3606; x_wconf 91' lang='lat' dir='ltr'>l.</span> <span class='ocrx_word' id='word_1_904' title='bbox 199 3578 210 3615; x_wconf 73' lang='grc' dir='ltr'><strong>Η</strong></span> <span class='ocrx_word' id='word_1_905' title='bbox 238 3576 280 3607; x_wconf 82' lang='grc'>29</span> <span class='ocrx_word' id='word_1_906' title='bbox 305 3574 521 3618; x_wconf 80' lang='grc' dir='ltr'><strong><em>προσφέρειν</em></strong></span> <span class='ocrx_word' id='word_1_907' title='bbox 536 3572 642 3613; x_wconf 71' lang='grc' dir='ltr'><strong><em>ΜΒΓ]</em></strong></span> <span class='ocrx_word' id='word_1_908' title='bbox 667 3562 862 3617; x_wconf 69' lang='grc' dir='ltr'><strong><em>προφέρειν</em></strong></span> <span class='ocrx_word' id='word_1_909' title='bbox 878 3569 962 3603; x_wconf 84' lang='lat' dir='ltr'>LB⁸</span> <span class='ocrx_word' id='word_1_910' title='bbox 977 3571 989 3612; x_wconf 88' lang='grc' dir='ltr'>ΙΙ</span> <span class='ocrx_word' id='word_1_911' title='bbox 1015 3571 1057 3603; x_wconf 86' lang='grc'>30</span> <span class='ocrx_word' id='word_1_912' title='bbox 1079 3566 1192 3612; x_wconf 76' lang='grc' dir='ltr'><strong><em>ὑπάρ-</em></strong></span> 
     </span>
     <span class='ocr_line' id='line_1_105' title="bbox 116 3614 1192 3662; baseline -0.002 -11"><span class='ocrx_word' id='word_1_913' title='bbox 116 3629 188 3658; x_wconf 77' lang='grc' dir='ltr'><strong><em>χοις</em></strong></span> <span class='ocrx_word' id='word_1_914' title='bbox 208 3620 266 3661; x_wconf 81' lang='lat' dir='ltr'><em>L‘¹‚</em></span> <span class='ocrx_word' id='word_1_915' title='bbox 281 3620 329 3652; x_wconf 74' lang='lat'>13⁸</span> <span class='ocrx_word' id='word_1_916' title='bbox 339 3631 370 3650; x_wconf 88' lang='lat' dir='ltr'>v.</span> <span class='ocrx_word' id='word_1_917' title='bbox 386 3620 406 3651; x_wconf 86' lang='lat' dir='ltr'>l.</span> <span class='ocrx_word' id='word_1_918' title='bbox 424 3618 436 3662; x_wconf 81' lang='grc' dir='ltr'>ΙΙ</span> <span class='ocrx_word' id='word_1_919' title='bbox 454 3616 477 3660; x_wconf 89' lang='grc' dir='ltr'><em>ἢ</em></span> <span class='ocrx_word' id='word_1_920' title='bbox 493 3620 566 3651; x_wconf 84' lang='grc' dir='ltr'><strong><em>τοῖς</em></strong></span> <span class='ocrx_word' id='word_1_921' title='bbox 581 3616 725 3651; x_wconf 87' lang='grc' dir='ltr'><strong><em>τούτων</em></strong></span> <span class='ocrx_word' id='word_1_922' title='bbox 738 3636 780 3640; x_wconf 93' lang='grc'><strong>-</strong></span> <span class='ocrx_word' id='word_1_923' title='bbox 794 3617 834 3651; x_wconf 89' lang='grc'>31</span> <span class='ocrx_word' id='word_1_924' title='bbox 849 3614 1046 3661; x_wconf 73' lang='grc' dir='ltr'><strong><em>εἰςάγουσιν</em></strong></span> <span class='ocrx_word' id='word_1_925' title='bbox 1060 3622 1134 3659; x_wconf 84' lang='lat' dir='ltr'>post</span> <span class='ocrx_word' id='word_1_926' title='bbox 1150 3615 1192 3649; x_wconf 89' lang='grc'>33</span> 
     </span>
     <span class='ocr_line' id='line_1_106' title="bbox 117 3657 1194 3708; baseline -0.003 -11"><span class='ocrx_word' id='word_1_927' title='bbox 117 3663 242 3708; x_wconf 81' lang='grc' dir='ltr'><strong><em>ψῆφον</em></strong></span> <span class='ocrx_word' id='word_1_928' title='bbox 267 3665 338 3698; x_wconf 82' lang='lat' dir='ltr'>coll.</span> <span class='ocrx_word' id='word_1_929' title='bbox 359 3664 407 3705; x_wconf 88' lang='lat' dir='ltr'>L,</span> <span class='ocrx_word' id='word_1_930' title='bbox 443 3659 467 3706; x_wconf 84' lang='grc' dir='ltr'><em>ἢ</em></span> <span class='ocrx_word' id='word_1_931' title='bbox 490 3666 563 3698; x_wconf 89' lang='grc' dir='ltr'><strong><em>τοῖς</em></strong></span> <span class='ocrx_word' id='word_1_932' title='bbox 592 3661 654 3697; x_wconf 81' lang='grc' dir='ltr'>τὰς</span> <span class='ocrx_word' id='word_1_933' title='bbox 678 3659 777 3696; x_wconf 80' lang='grc' dir='ltr'><strong><em>δίκας</em></strong></span> <span class='ocrx_word' id='word_1_934' title='bbox 799 3657 998 3707; x_wconf 74' lang='grc' dir='ltr'><strong><em>εἰςάγονσιν</em></strong></span> <span class='ocrx_word' id='word_1_935' title='bbox 1022 3673 1079 3694; x_wconf 82' lang='lat' dir='ltr'>om.</span> <span class='ocrx_word' id='word_1_936' title='bbox 1101 3659 1152 3694; x_wconf 68' lang='lat' dir='ltr'>B‘</span> <span class='ocrx_word' id='word_1_937' title='bbox 1181 3658 1194 3705; x_wconf 84' lang='grc' dir='ltr'>ΙΙ</span> 
     </span>
    </p>
   </div>
   <div class='ocr_carea' id='block_1_42' title="bbox 1262 2937 1688 2986">
    <p class='ocr_par' dir='ltr' id='par_1_45' title="bbox 1262 2937 1688 2986">
     <span class='ocr_line' id='line_1_107' title="bbox 1262 2937 1688 2986; baseline -0.005 -12"><span class='ocrx_word' id='word_1_938' title='bbox 1262 2941 1304 2974; x_wconf 90' lang='grc'>32</span> <span class='ocrx_word' id='word_1_939' title='bbox 1329 2937 1615 2986; x_wconf 78' lang='grc' dir='ltr'><strong><em>προςενεχθῆναι</em></strong></span> <span class='ocrx_word' id='word_1_940' title='bbox 1639 2940 1688 2972; x_wconf 80' lang='lat' dir='ltr'>B·</span> 
     </span>
    </p>
   </div>
   <div class='ocr_carea' id='block_1_43' title="bbox 1260 3025 2338 3693">
    <p class='ocr_par' dir='ltr' id='par_1_46' title="bbox 1260 3025 2338 3693">
     <span class='ocr_line' id='line_1_108' title="bbox 1308 3025 2336 3070; baseline -0.003 -7"><span class='ocrx_word' id='word_1_941' title='bbox 1308 3030 1325 3063; x_wconf 92' lang='lat'>1</span> <span class='ocrx_word' id='word_1_942' title='bbox 1339 3030 1428 3062; x_wconf 88' lang='lat' dir='ltr'>rubr.</span> <span class='ocrx_word' id='word_1_943' title='bbox 1452 3028 1489 3061; x_wconf 84' lang='lat' dir='ltr'>Si</span> <span class='ocrx_word' id='word_1_944' title='bbox 1511 3028 1586 3070; x_wconf 87' lang='lat' dir='ltr'>quis</span> <span class='ocrx_word' id='word_1_945' title='bbox 1608 3027 1645 3060; x_wconf 91' lang='lat' dir='ltr'>in</span> <span class='ocrx_word' id='word_1_946' title='bbox 1669 3026 1783 3068; x_wconf 84' lang='lat' dir='ltr'>aliquo</span> <span class='ocrx_word' id='word_1_947' title='bbox 1806 3027 2027 3059; x_wconf 86' lang='lat' dir='ltr'>instrumento</span> <span class='ocrx_word' id='word_1_948' title='bbox 2049 3025 2189 3059; x_wconf 86' lang='lat' dir='ltr'>alterius</span> <span class='ocrx_word' id='word_1_949' title='bbox 2212 3026 2336 3060; x_wconf 86' lang='lat' dir='ltr'>instru-</span> 
     </span>
     <span class='ocr_line' id='line_1_109' title="bbox 1261 3070 2337 3114; baseline -0.002 -7"><span class='ocrx_word' id='word_1_950' title='bbox 1261 3073 1366 3107; x_wconf 89' lang='lat' dir='ltr'>menti</span> <span class='ocrx_word' id='word_1_951' title='bbox 1389 3073 1591 3106; x_wconf 87' lang='lat' dir='ltr'>mentionem</span> <span class='ocrx_word' id='word_1_952' title='bbox 1612 3071 1727 3105; x_wconf 82' lang='lat' dir='ltr'>fecerit</span> <span class='ocrx_word' id='word_1_953' title='bbox 1749 3071 1964 3114; x_wconf 88' lang='lat' dir='ltr'>(mentionem</span> <span class='ocrx_word' id='word_1_954' title='bbox 1987 3070 2067 3103; x_wconf 83' lang='lat' dir='ltr'>fecit</span> <span class='ocrx_word' id='word_1_955' title='bbox 2090 3070 2188 3104; x_wconf 84' lang='lat' dir='ltr'>alteri</span> <span class='ocrx_word' id='word_1_956' title='bbox 2211 3070 2337 3105; x_wconf 88' lang='lat' dir='ltr'>instru-</span> 
     </span>
     <span class='ocr_line' id='line_1_110' title="bbox 1260 3114 2337 3160; baseline -0.001 -9"><span class='ocrx_word' id='word_1_957' title='bbox 1260 3119 1366 3151; x_wconf 88' lang='lat' dir='ltr'>menti</span> <span class='ocrx_word' id='word_1_958' title='bbox 1385 3118 1429 3160; x_wconf 90' lang='lat' dir='ltr'>T)</span> <span class='ocrx_word' id='word_1_959' title='bbox 1453 3118 1520 3151; x_wconf 87' lang='lat' dir='ltr'>RT</span> <span class='ocrx_word' id='word_1_960' title='bbox 1532 3119 1563 3151; x_wconf 79' lang='lat' dir='ltr'>in</span> <span class='ocrx_word' id='word_1_961' title='bbox 1581 3129 1682 3160; x_wconf 69' lang='grc' dir='ltr'><strong><em>κιαι-9.</em></strong></span> <span class='ocrx_word' id='word_1_962' title='bbox 1696 3118 1749 3157; x_wconf 73' lang='lat' dir='ltr'>(ex</span> <span class='ocrx_word' id='word_1_963' title='bbox 1763 3116 1842 3157; x_wconf 84' lang='lat' dir='ltr'>Iul.)</span> <span class='ocrx_word' id='word_1_964' title='bbox 1861 3116 1872 3159; x_wconf 89' lang='grc' dir='ltr'>ΙΙ</span> <span class='ocrx_word' id='word_1_965' title='bbox 1889 3117 1909 3149; x_wconf 86' lang='grc'>2</span> <span class='ocrx_word' id='word_1_966' title='bbox 1933 3114 2029 3148; x_wconf 86' lang='lat' dir='ltr'>nulla</span> <span class='ocrx_word' id='word_1_967' title='bbox 2048 3115 2081 3149; x_wconf 83' lang='lat' dir='ltr'><strong><em>V</em></strong></span> <span class='ocrx_word' id='word_1_968' title='bbox 2093 3114 2105 3160; x_wconf 88' lang='grc' dir='ltr'>ΙΙ</span> <span class='ocrx_word' id='word_1_969' title='bbox 2121 3118 2141 3150; x_wconf 87' lang='grc'><strong>3</strong></span> <span class='ocrx_word' id='word_1_970' title='bbox 2167 3117 2337 3150; x_wconf 80' lang='lat' dir='ltr'>exactione</span> 
     </span>
     <span class='ocr_line' id='line_1_111' title="bbox 1271 3159 2337 3207; baseline -0.002 -10"><span class='ocrx_word' id='word_1_971' title='bbox 1271 3163 1324 3207; x_wconf 78' lang='lat' dir='ltr'>Vll</span> <span class='ocrx_word' id='word_1_972' title='bbox 1349 3162 1465 3196; x_wconf 65' lang='lat' dir='ltr'>aeliud</span> <span class='ocrx_word' id='word_1_973' title='bbox 1489 3162 1522 3196; x_wconf 81' lang='lat' dir='ltr'><em>T</em></span> <span class='ocrx_word' id='word_1_974' title='bbox 1540 3160 1552 3205; x_wconf 90' lang='grc' dir='ltr'>ΙΙ</span> <span class='ocrx_word' id='word_1_975' title='bbox 1583 3163 1602 3194; x_wconf 87' lang='lat'>5</span> <span class='ocrx_word' id='word_1_976' title='bbox 1629 3163 1698 3202; x_wconf 86' lang='lat' dir='ltr'>aut]</span> <span class='ocrx_word' id='word_1_977' title='bbox 1722 3162 1760 3193; x_wconf 90' lang='lat' dir='ltr'>ut</span> <span class='ocrx_word' id='word_1_978' title='bbox 1784 3161 1834 3194; x_wconf 86' lang='lat' dir='ltr'>R¹</span> <span class='ocrx_word' id='word_1_979' title='bbox 1850 3161 1863 3204; x_wconf 83' lang='grc' dir='ltr'>ΙΙ</span> <span class='ocrx_word' id='word_1_980' title='bbox 1887 3159 1954 3192; x_wconf 85' lang='lat' dir='ltr'>alia</span> <span class='ocrx_word' id='word_1_981' title='bbox 1978 3173 2035 3194; x_wconf 85' lang='lat' dir='ltr'>om.</span> <span class='ocrx_word' id='word_1_982' title='bbox 2052 3161 2085 3194; x_wconf 89' lang='lat' dir='ltr'><em>T</em></span> <span class='ocrx_word' id='word_1_983' title='bbox 2103 3160 2115 3205; x_wconf 77' lang='grc' dir='ltr'>ΙΙ</span> <span class='ocrx_word' id='word_1_984' title='bbox 2141 3161 2337 3204; x_wconf 86' lang='lat' dir='ltr'>probatione</span> 
     </span>
     <span class='ocr_line' id='line_1_112' title="bbox 1263 3206 2337 3252; baseline -0.001 -10"><span class='ocrx_word' id='word_1_985' title='bbox 1263 3208 1311 3242; x_wconf 82' lang='lat' dir='ltr'>R²</span> <span class='ocrx_word' id='word_1_986' title='bbox 1336 3208 1348 3252; x_wconf 94' lang='grc' dir='ltr'>ΙΙ</span> <span class='ocrx_word' id='word_1_987' title='bbox 1378 3210 1398 3241; x_wconf 88' lang='grc'>6</span> <span class='ocrx_word' id='word_1_988' title='bbox 1420 3214 1495 3251; x_wconf 75' lang='lat' dir='ltr'>post</span> <span class='ocrx_word' id='word_1_989' title='bbox 1516 3206 1604 3239; x_wconf 77' lang='lat' dir='ltr'>facta</span> <span class='ocrx_word' id='word_1_990' title='bbox 1626 3207 1675 3238; x_wconf 87' lang='lat' dir='ltr'>est</span> <span class='ocrx_word' id='word_1_991' title='bbox 1696 3218 1749 3238; x_wconf 81' lang='lat' dir='ltr'>vv.</span> <span class='ocrx_word' id='word_1_992' title='bbox 1773 3206 1960 3248; x_wconf 80' lang='lat' dir='ltr'>proferatur</span> <span class='ocrx_word' id='word_1_993' title='bbox 1984 3224 2027 3230; x_wconf 92' lang='lat'>—</span> <span class='ocrx_word' id='word_1_994' title='bbox 2051 3206 2223 3239; x_wconf 84' lang='lat' dir='ltr'>exibeatur</span> <span class='ocrx_word' id='word_1_995' title='bbox 2245 3207 2288 3249; x_wconf 86' lang='lat' dir='ltr'>(v.</span> <span class='ocrx_word' id='word_1_996' title='bbox 2303 3208 2337 3249; x_wconf 86' lang='lat'>5)</span> 
     </span>
     <span class='ocr_line' id='line_1_113' title="bbox 1262 3250 2338 3296; baseline -0.002 -9"><span class='ocrx_word' id='word_1_997' title='bbox 1262 3255 1377 3296; x_wconf 83' lang='lat' dir='ltr'>repetit</span> <span class='ocrx_word' id='word_1_998' title='bbox 1398 3253 1448 3286; x_wconf 65' lang='lat'>12⁰</span> <span class='ocrx_word' id='word_1_999' title='bbox 1465 3252 1477 3295; x_wconf 90' lang='grc' dir='ltr'>ΙΙ</span> <span class='ocrx_word' id='word_1_1000' title='bbox 1497 3253 1538 3287; x_wconf 90' lang='grc'>10</span> <span class='ocrx_word' id='word_1_1001' title='bbox 1552 3253 1639 3285; x_wconf 81' lang='lat' dir='ltr'>rubr.</span> <span class='ocrx_word' id='word_1_1002' title='bbox 1663 3250 1713 3283; x_wconf 85' lang='lat' dir='ltr'>De</span> <span class='ocrx_word' id='word_1_1003' title='bbox 1737 3250 2018 3293; x_wconf 85' lang='lat' dir='ltr'>appellationibus</span> <span class='ocrx_word' id='word_1_1004' title='bbox 2041 3251 2111 3284; x_wconf 72' lang='grc' dir='ltr'>ΒΤ</span> <span class='ocrx_word' id='word_1_1005' title='bbox 2119 3253 2152 3285; x_wconf 84' lang='lat' dir='ltr'>in</span> <span class='ocrx_word' id='word_1_1006' title='bbox 2169 3264 2271 3296; x_wconf 78' lang='lat' dir='ltr'>marq.</span> <span class='ocrx_word' id='word_1_1007' title='bbox 2286 3252 2338 3293; x_wconf 70' lang='lat' dir='ltr'>(ez</span> 
     </span>
     <span class='ocr_line' id='line_1_114' title="bbox 1261 3294 2335 3341; baseline -0.001 -10"><span class='ocrx_word' id='word_1_1008' title='bbox 1261 3299 1339 3341; x_wconf 85' lang='lat' dir='ltr'>Iul.)</span> <span class='ocrx_word' id='word_1_1009' title='bbox 1356 3298 1369 3341; x_wconf 77' lang='lat' dir='ltr'>ll</span> <span class='ocrx_word' id='word_1_1010' title='bbox 1388 3299 1429 3331; x_wconf 91' lang='grc'>12</span> <span class='ocrx_word' id='word_1_1011' title='bbox 1453 3297 1601 3330; x_wconf 86' lang='lat' dir='ltr'>occurrit</span> <span class='ocrx_word' id='word_1_1012' title='bbox 1620 3295 1670 3330; x_wconf 65' lang='grc' dir='ltr'>Β*</span> <span class='ocrx_word' id='word_1_1013' title='bbox 1688 3294 1700 3340; x_wconf 88' lang='grc' dir='ltr'>ΙΙ</span> <span class='ocrx_word' id='word_1_1014' title='bbox 1724 3298 1763 3330; x_wconf 86' lang='grc'>15</span> <span class='ocrx_word' id='word_1_1015' title='bbox 1786 3296 2043 3329; x_wconf 79' lang='lat' dir='ltr'>conti-omittunt</span> <span class='ocrx_word' id='word_1_1016' title='bbox 2062 3296 2158 3330; x_wconf 82' lang='lat' dir='ltr'>R¹T¹</span> <span class='ocrx_word' id='word_1_1017' title='bbox 2174 3296 2187 3337; x_wconf 81' lang='lat' dir='ltr'><strong>fl</strong></span> <span class='ocrx_word' id='word_1_1018' title='bbox 2204 3297 2266 3330; x_wconf 82' lang='lat' dir='ltr'>etsi</span> <span class='ocrx_word' id='word_1_1019' title='bbox 2288 3294 2335 3341; x_wconf 82' lang='grc' dir='ltr'><strong><em>ἰιιΙ</em></strong></span> 
     </span>
     <span class='ocr_line' id='line_1_115' title="bbox 1262 3340 2336 3385; baseline -0.001 -9"><span class='ocrx_word' id='word_1_1020' title='bbox 1262 3355 1322 3376; x_wconf 84' lang='lat' dir='ltr'>scr.</span> <span class='ocrx_word' id='word_1_1021' title='bbox 1345 3342 1394 3376; x_wconf 82' lang='lat' dir='ltr'>V²</span> <span class='ocrx_word' id='word_1_1022' title='bbox 1415 3343 1447 3376; x_wconf 78' lang='lat' dir='ltr'>in</span> <span class='ocrx_word' id='word_1_1023' title='bbox 1467 3343 1574 3385; x_wconf 72' lang='lat' dir='ltr'>spatio</span> <span class='ocrx_word' id='word_1_1024' title='bbox 1586 3352 1658 3375; x_wconf 79' lang='lat' dir='ltr'>vac.</span> <span class='ocrx_word' id='word_1_1025' title='bbox 1676 3340 1688 3384; x_wconf 80' lang='grc' dir='ltr'>ΙΙ</span> <span class='ocrx_word' id='word_1_1026' title='bbox 1705 3340 1860 3374; x_wconf 85' lang='lat' dir='ltr'>diffinitis</span> <span class='ocrx_word' id='word_1_1027' title='bbox 1880 3341 1996 3374; x_wconf 86' lang='lat' dir='ltr'>diebus</span> <span class='ocrx_word' id='word_1_1028' title='bbox 2016 3341 2182 3384; x_wconf 84' lang='lat' dir='ltr'>suscipere</span> <span class='ocrx_word' id='word_1_1029' title='bbox 2207 3343 2255 3375; x_wconf 75' lang='lat' dir='ltr'>bis</span> <span class='ocrx_word' id='word_1_1030' title='bbox 2274 3354 2336 3376; x_wconf 81' lang='lat' dir='ltr'>scr.</span> 
     </span>
     <span class='ocr_line' id='line_1_116' title="bbox 1263 3386 2337 3439; baseline -0.002 -18"><span class='ocrx_word' id='word_1_1031' title='bbox 1263 3387 1312 3420; x_wconf 59' lang='lat'>13²</span> <span class='ocrx_word' id='word_1_1032' title='bbox 1333 3386 1346 3439; x_wconf 76' lang='grc'>1]</span> <span class='ocrx_word' id='word_1_1033' title='bbox 1377 3389 1415 3421; x_wconf 83' lang='grc'>17</span> <span class='ocrx_word' id='word_1_1034' title='bbox 1441 3388 1474 3419; x_wconf 90' lang='lat' dir='ltr'>ct</span> <span class='ocrx_word' id='word_1_1035' title='bbox 1498 3400 1556 3420; x_wconf 86' lang='lat' dir='ltr'>om.</span> <span class='ocrx_word' id='word_1_1036' title='bbox 1575 3386 1643 3420; x_wconf 78' lang='grc' dir='ltr'>ΒΤ</span> <span class='ocrx_word' id='word_1_1037' title='bbox 1667 3386 1679 3430; x_wconf 87' lang='grc' dir='ltr'>ΙΙ</span> <span class='ocrx_word' id='word_1_1038' title='bbox 1708 3387 1746 3420; x_wconf 85' lang='grc'>21</span> <span class='ocrx_word' id='word_1_1039' title='bbox 1763 3388 1850 3421; x_wconf 86' lang='lat' dir='ltr'>rubr.</span> <span class='ocrx_word' id='word_1_1040' title='bbox 1877 3387 1924 3419; x_wconf 92' lang='lat' dir='ltr'>De</span> <span class='ocrx_word' id='word_1_1041' title='bbox 1948 3386 2240 3419; x_wconf 85' lang='lat' dir='ltr'>retractationibus</span> <span class='ocrx_word' id='word_1_1042' title='bbox 2263 3396 2337 3419; x_wconf 81' lang='lat' dir='ltr'>sen·</span> 
     </span>
     <span class='ocr_line' id='line_1_117' title="bbox 1262 3430 2337 3475; baseline -0.002 -9"><span class='ocrx_word' id='word_1_1043' title='bbox 1262 3435 1441 3466; x_wconf 81' lang='lat' dir='ltr'>tentrarum</span> <span class='ocrx_word' id='word_1_1044' title='bbox 1467 3431 1626 3475; x_wconf 83' lang='lat' dir='ltr'>praefecti</span> <span class='ocrx_word' id='word_1_1045' title='bbox 1651 3432 1724 3465; x_wconf 84' lang='lat' dir='ltr'>Tin</span> <span class='ocrx_word' id='word_1_1046' title='bbox 1741 3444 1842 3474; x_wconf 76' lang='lat' dir='ltr'>mary.</span> <span class='ocrx_word' id='word_1_1047' title='bbox 1856 3432 1908 3473; x_wconf 74' lang='lat' dir='ltr'>(ex</span> <span class='ocrx_word' id='word_1_1048' title='bbox 1920 3432 1997 3473; x_wconf 86' lang='lat' dir='ltr'>Iul.)</span> <span class='ocrx_word' id='word_1_1049' title='bbox 2015 3432 2027 3474; x_wconf 82' lang='grc' dir='ltr'>ΙΙ</span> <span class='ocrx_word' id='word_1_1050' title='bbox 2044 3432 2106 3464; x_wconf 92' lang='lat' dir='ltr'>hoc</span> <span class='ocrx_word' id='word_1_1051' title='bbox 2129 3430 2184 3472; x_wconf 89' lang='grc' dir='ltr'>ΤΙΙ</span> <span class='ocrx_word' id='word_1_1052' title='bbox 2203 3432 2246 3466; x_wconf 88' lang='grc'>22</span> <span class='ocrx_word' id='word_1_1053' title='bbox 2261 3441 2337 3474; x_wconf 84' lang='lat' dir='ltr'>per-</span> 
     </span>
     <span class='ocr_line' id='line_1_118' title="bbox 1262 3476 2308 3520; baseline -0.002 -9"><span class='ocrx_word' id='word_1_1054' title='bbox 1262 3477 1428 3520; x_wconf 84' lang='lat' dir='ltr'>speximus</span> <span class='ocrx_word' id='word_1_1055' title='bbox 1452 3478 1496 3518; x_wconf 74' lang='lat' dir='ltr'>It]</span> <span class='ocrx_word' id='word_1_1056' title='bbox 1532 3476 1757 3519; x_wconf 85' lang='lat' dir='ltr'>prospeximus</span> <span class='ocrx_word' id='word_1_1057' title='bbox 1788 3476 1857 3509; x_wconf 89' lang='lat' dir='ltr'>VT</span> <span class='ocrx_word' id='word_1_1058' title='bbox 1869 3477 1957 3520; x_wconf 74' lang='lat' dir='ltr'>vulq.</span> <span class='ocrx_word' id='word_1_1059' title='bbox 1988 3476 2000 3519; x_wconf 86' lang='grc' dir='ltr'>ΙΙ</span> <span class='ocrx_word' id='word_1_1060' title='bbox 2030 3477 2072 3510; x_wconf 84' lang='grc'>23</span> <span class='ocrx_word' id='word_1_1061' title='bbox 2097 3476 2249 3509; x_wconf 81' lang='lat' dir='ltr'>decenter</span> <span class='ocrx_word' id='word_1_1062' title='bbox 2277 3476 2308 3509; x_wconf 88' lang='lat' dir='ltr'><em>T</em></span> 
     </span>
     <span class='ocr_line' id='line_1_119' title="bbox 1261 3520 2305 3566; baseline -0.003 -10"><span class='ocrx_word' id='word_1_1063' title='bbox 1261 3522 1491 3565; x_wconf 86' lang='lat' dir='ltr'>gloriosissimi</span> <span class='ocrx_word' id='word_1_1064' title='bbox 1515 3535 1573 3556; x_wconf 90' lang='lat' dir='ltr'>om.</span> <span class='ocrx_word' id='word_1_1065' title='bbox 1597 3523 1629 3555; x_wconf 92' lang='lat' dir='ltr'><em>V</em></span> <span class='ocrx_word' id='word_1_1066' title='bbox 1645 3522 1658 3565; x_wconf 81' lang='grc' dir='ltr'>ΙΙ</span> <span class='ocrx_word' id='word_1_1067' title='bbox 1683 3523 1726 3556; x_wconf 86' lang='grc'>24</span> <span class='ocrx_word' id='word_1_1068' title='bbox 1748 3521 1961 3564; x_wconf 83' lang='lat' dir='ltr'>protulerunt</span> <span class='ocrx_word' id='word_1_1069' title='bbox 1983 3520 2041 3566; x_wconf 83' lang='grc' dir='ltr'>ΤΙΙ</span> <span class='ocrx_word' id='word_1_1070' title='bbox 2065 3522 2107 3556; x_wconf 84' lang='grc'>25</span> <span class='ocrx_word' id='word_1_1071' title='bbox 2132 3521 2248 3554; x_wconf 81' lang='lat' dir='ltr'>offerre</span> <span class='ocrx_word' id='word_1_1072' title='bbox 2273 3520 2305 3554; x_wconf 86' lang='lat' dir='ltr'><strong><em>T</em></strong></span> 
     </span>
     <span class='ocr_line' id='line_1_120' title="bbox 1262 3564 2336 3611; baseline -0.006 -8"><span class='ocrx_word' id='word_1_1073' title='bbox 1262 3570 1305 3603; x_wconf 83' lang='lat'>26</span> <span class='ocrx_word' id='word_1_1074' title='bbox 1327 3568 1581 3611; x_wconf 72' lang='lat' dir='ltr'>praefectorum]</span> <span class='ocrx_word' id='word_1_1075' title='bbox 1606 3578 1661 3611; x_wconf 90' lang='lat' dir='ltr'>pp.</span> <span class='ocrx_word' id='word_1_1076' title='bbox 1689 3568 1722 3601; x_wconf 87' lang='grc' dir='ltr'><em>Τ</em></span> <span class='ocrx_word' id='word_1_1077' title='bbox 1737 3567 1750 3611; x_wconf 90' lang='grc' dir='ltr'>ΙΙ</span> <span class='ocrx_word' id='word_1_1078' title='bbox 1781 3569 1822 3601; x_wconf 87' lang='grc'>30</span> <span class='ocrx_word' id='word_1_1079' title='bbox 1848 3566 2044 3600; x_wconf 89' lang='lat' dir='ltr'>obtulerunt</span> <span class='ocrx_word' id='word_1_1080' title='bbox 2067 3567 2100 3600; x_wconf 85' lang='lat' dir='ltr'><em>R</em></span> <span class='ocrx_word' id='word_1_1081' title='bbox 2124 3565 2137 3609; x_wconf 87' lang='grc' dir='ltr'>ΙΙ</span> <span class='ocrx_word' id='word_1_1082' title='bbox 2163 3564 2336 3599; x_wconf 81' lang='lat' dir='ltr'>conscilia-</span> 
     </span>
     <span class='ocr_line' id='line_1_121' title="bbox 1261 3610 2335 3657; baseline -0.005 -10"><span class='ocrx_word' id='word_1_1083' title='bbox 1261 3615 1328 3647; x_wconf 85' lang='lat' dir='ltr'>rios</span> <span class='ocrx_word' id='word_1_1084' title='bbox 1353 3614 1406 3646; x_wconf 78' lang='lat' dir='ltr'>T⁰</span> <span class='ocrx_word' id='word_1_1085' title='bbox 1435 3613 1447 3657; x_wconf 77' lang='grc' dir='ltr'>ΙΙ</span> <span class='ocrx_word' id='word_1_1086' title='bbox 1478 3614 1518 3648; x_wconf 91' lang='grc'>31</span> <span class='ocrx_word' id='word_1_1087' title='bbox 1543 3613 1713 3655; x_wconf 81' lang='lat' dir='ltr'>probatam</span> <span class='ocrx_word' id='word_1_1088' title='bbox 1737 3612 1828 3646; x_wconf 81' lang='lat' dir='ltr'>RT⁰</span> <span class='ocrx_word' id='word_1_1089' title='bbox 1853 3611 1866 3656; x_wconf 80' lang='grc' dir='ltr'>ΙΙ</span> <span class='ocrx_word' id='word_1_1090' title='bbox 1897 3613 1940 3647; x_wconf 89' lang='grc'>32</span> <span class='ocrx_word' id='word_1_1091' title='bbox 1962 3612 2074 3645; x_wconf 88' lang='lat' dir='ltr'>secuto</span> <span class='ocrx_word' id='word_1_1092' title='bbox 2106 3610 2172 3655; x_wconf 73' lang='lat' dir='ltr'>Vfl</span> <span class='ocrx_word' id='word_1_1093' title='bbox 2201 3619 2335 3644; x_wconf 77' lang='lat' dir='ltr'>excusa·</span> 
     </span>
     <span class='ocr_line' id='line_1_122' title="bbox 1260 3658 1423 3693; baseline -0.012 0"><span class='ocrx_word' id='word_1_1094' title='bbox 1260 3660 1351 3693; x_wconf 83' lang='lat' dir='ltr'>tione</span> <span class='ocrx_word' id='word_1_1095' title='bbox 1374 3658 1423 3692; x_wconf 64' lang='grc' dir='ltr'>Β*</span> 
     </span>
    </p>
   </div>
  </div>
 </body>
</html>
