2592 3840
215 130 466 164 ruam-Ano
1251 117 1354 160 XIV

215 232 431 276 ciossimas
462 230 722 274 coniecturas
746 242 873 284 saepe
895 230 937 272 in
958 232 1163 283 apparatu
1184 232 1272 271 tan·

215 293 301 330 tum
332 287 685 331 commemoravit.
735 285 935 329 Codicum
957 290 1272 338 ceterorumque

214 344 388 386 fontium
428 344 630 386 lectiones
666 341 891 384 adnotatae
927 345 1021 383 sunt
1050 340 1274 394 diligenter

213 404 379 453 praeter
407 399 511 441 vitia
540 398 766 450 levissima,
798 398 1061 440 coniecturae
1089 396 1270 438 virorum

213 454 428 498 doctorum
469 467 545 497 eae
584 458 764 505 tantum,
804 465 911 506 quae
949 452 1093 505 aliqua
1122 452 1272 506 proba·

215 510 376 553 bilitate
407 509 806 553 commendarentur.

297 566 443 608 Versio
487 565 616 607 latina
658 565 781 618 plane
820 566 1020 606 renovata
1062 566 1145 617 est,
1189 575 1273 616 qua

211 620 266 664 de
309 626 427 675 parte
471 621 627 674 optime
666 619 815 662 meruit
853 619 1064 672 Krueger3
1109 618 1271 661 indices

211 676 365 720 adiecti
404 689 480 719 sua
514 676 594 730 ipsi
625 676 802 717 utilitate
832 674 1188 728 commendantur,
1226 674 1270 716 in

211 731 417 775 addendis
438 737 479 774 et
500 731 638 773 indice
658 730 711 772 de
732 730 1105 784 Bambergensium
1124 730 1267 773 lectio·

320 831 686 875 Vratislaviae
716 830 755 873 d.
782 832 830 872 17
861 844 915 872 m.
937 830 1045 874 Nov.
1071 832 1189 873 1894.

1342 229 1465 273 nibus
1521 230 1757 274 accuratius
1816 232 1997 274 relatum
2054 245 2149 277 esse
2198 247 2324 290 quam
2373 238 2417 281 in

1343 286 1474 339 ipsius
1518 288 1737 329 contextus
1779 287 1891 330 notis
1934 300 2064 343 supra
2101 288 2204 332 dixi.
2270 292 2419 336 Restat

1341 340 1469 394 igitur
1497 344 1543 383 ut
1571 341 1730 395 gratias
1760 355 1886 396 agam
1915 344 2125 388 maximas
2155 349 2197 388 et
2227 345 2418 392 Schoelli

1342 401 1385 438 et
1422 409 1517 439 meo
1556 397 1724 440 nomine
1755 399 1950 442 omnibus
1981 401 2221 455 quicunque
2251 402 2306 446 de
2336 403 2418 448 hac

1342 451 1527 495 editione
1557 458 1811 508 meruerunt,
1842 455 2047 509 imprimis
2069 456 2201 501 Paulo
2221 459 2417 515 Krueger

1341 507 1568 551 Theodoro
1597 508 1831 552 Mommsen
1865 510 2067 555 Eduardo
2097 512 2331 559 Zachariae
2361 515 2416 560 de

1341 563 1593 618 Lingenthal
1621 565 1884 609 clarissimae
1903 568 2135 612 memoriae
2155 570 2260 624 viro,
2294 584 2414 627 prae-

1340 622 1457 662 terea
1486 619 1711 664 Francisco
1742 620 1928 666 Skutsch
1957 624 2109 680 amico,
2143 626 2217 680 qui
2246 631 2416 681 praeter

1339 675 1603 729 Kruegerum
1635 680 1678 720 et
1701 677 2008 722 Mommsenum
2036 680 2080 722 in
2108 682 2295 736 plagulis
2324 696 2413 728 cor-

1338 730 1526 785 rigendis
1555 745 1624 776 me
1652 732 1830 776 adiuvit.

1751 943 2020 992 Guilelmus
2048 946 2209 993 Kroll.

2578 3288 2592 3329 ,tn
2575 3219 2592 3277 mv?
