2476 3854
132 80 240 137 App.
259 81 299 126 V
1194 75 1278 124 798
2075 95 2135 126 1³1³,-
2162 94 2351 127 Mn'rAxA

264 193 290 230 Β
336 191 511 228 Καθόλου
540 189 582 225 δε·
605 191 694 226 πᾶσι
717 189 950 236 προαγορεύει
972 187 995 233 ἦ
1027 187 1189 230 διάταξις
1212 192 1274 225 ἐπὶ
1295 189 1524 237 προφάσεσιν
1547 189 1743 227 ἰδιωτικαῖς
1765 192 2008 236 στρατιώταις
2029 192 2080 238 μὴ
2104 194 2303 239 κεχρῆσθαι
2325 191 2349 238 ἢ

399 237 468 280 τὴν
498 235 645 270 οἱανοῦν
674 232 720 269 δι’
753 231 880 269 αὐτῶν
907 235 1102 281 ἐπαγαγεῖν
1131 234 1333 279 μεθοδείαν
1363 239 1480 270 τισίν·
1514 234 1671 272 εἰδότων
1692 239 1771 272 τῶν
1794 236 1937 272 τοιοῦτό
1961 251 2000 272 τι
2022 237 2197 284 πράττειν
2220 241 2349 282 ἐπιχει-

397 282 573 327 ρούντων,
603 278 653 314 ὥς
671 282 731 314 καὶ
758 278 876 322 πάσης
900 277 1052 326 ἀγωγῆς,
1076 275 1123 322 ἢν
1146 279 1194 315 ἄν
1216 279 1265 315 οὖς
1287 280 1378 316 εἰκὸς
1401 277 1420 315 ὅ
1443 281 1552 325 νόμος
1577 279 1696 317 αὐτοῖς
1718 280 1837 317 ἐδίδου
1861 281 1954 317 κατὰ
1976 284 2055 318 τῶν
2078 280 2351 329 εὗθυνομένων,

397 328 422 363 3
473 326 711 361 ἐκπεσοῦνται
743 322 788 358 δι’
823 323 937 366 αὐτὴν
967 327 1027 358 καὶ
1057 324 1174 368 μόνην
1198 325 1268 368 τὴν
1298 327 1506 373 ἐγχείρησιν.
1560 324 1646 362 Τοὺς
1674 325 1715 361 δὲ
1743 324 2018 374 ἀφοριζομένους
2049 339 2095 363 στ
2119 329 2275 364 ατιιύτας
2303 329 2351 363 εἰς

394 369 564 412 ἐξάνυσιν
603 368 790 414 δημοσίων
822 368 1105 414 παρακελεύεται
1135 368 1252 413 πάσης
1281 370 1521 417 σπορτούλων
1548 369 1753 427 ἀπέχεσθαι
1781 371 1923 417 λήψεως
1953 376 2014 408 καὶ
2043 386 2092 417 μη
2118 375 2157 408 ἂν
2186 373 2351 409 καθόλου
2375 376 2396 409 5

396 417 423 452 4
467 414 569 462 παρά
592 426 689 450 τινος
713 413 926 459 λαμβάνειν,
950 412 1039 449 ἀλλὰ
1057 416 1136 450 ταῖς
1158 415 1303 450 οἰκείαις
1327 415 1522 460 ἀρκεῖσθαι
1546 427 1741 460 σιτησεσιν.
1783 418 1853 462 Τὴν
1877 416 1917 452 δὲ
1938 419 2016 452 τῶν
2039 419 2238 464 εἰρημένων
2257 417 2350 455 πάν-

399 473 477 496 των
500 458 765 506 παραφυλακὴν
787 462 861 494 τοῖς
884 459 978 494 κατὰ
1002 458 1119 495 τόπον
1141 458 1352 495 ἐπισκόποις
1375 473 1415 495 τε
1438 464 1498 495 καὶ
1521 460 1693 505 ἄρχουσιν
1716 464 1914 508 ἐπιτρέπει.

264 508 291 545 5
335 505 430 553 Πρὸς
460 503 600 540 τούτοις
630 502 847 550 ἀπαγορεύει
877 507 952 539 τοῖς
982 503 1131 551 ἄρχουσι
1157 509 1218 539 καὶ
1241 509 1355 540 παντὶ
1382 506 1492 552 ἑτέρῳ
1524 506 1624 542 οἶκόν
1653 519 1750 542 τινος
1773 509 1822 551 μὴ
1853 506 2046 542 καταλύειν
2077 507 2256 554 προφάσει
2286 509 2351 543 τοῦ

392 551 590 593 άνανεῆσαι
618 549 711 584 κατὰ
743 551 808 584 τοῦ
838 547 1015 585 δεσπότου
1046 552 1110 584 τοῦ
1139 550 1247 592 οἴκου,
1275 549 1358 593 δίχα
1389 553 1515 595 μέντοι
1538 555 1767 596 καινοτομίας
1790 551 1883 587 καθ’
1909 554 2031 599 ἑτέρου
2054 556 2261 600 γενομένης·
2296 553 2351 596 τῷ

397 596 506 631 τοῦτο
530 594 710 640 πράξαντι
732 593 802 638 τὴν
825 595 919 628 κατὰ
942 595 985 629 τὸ
1008 592 1204 630 διπλάσιον
1226 596 1364 631 ἔκτισιν
1384 596 1446 639 τῆς
1470 597 1596 641 ζημίας
1619 597 1682 640 τῆς
1704 600 1893 644 γενομένης
1915 600 1968 642 τῷ
1994 595 2154 643 δεσπότη
2170 598 2235 632 τοῦ
2253 598 2353 632 οἴκου
2379 600 2419 634 10

395 643 456 675 καὶ
486 639 620 683 ποινὴν
651 637 738 674 δέκα
767 643 911 684 χρυσίου
935 638 1069 684 λιτρῶν
1091 639 1342 720 (ἐπιτιθεῒσοὲξ
1365 643 1424 674 καὶ
1447 639 1640 685 βασιλικὴν
1663 638 1927 687 ἀγανάκτησιν·
1951 643 2096 679 τούτων
2120 635 2354 690 παραφυλατ·

397 688 562 732 τομένων
585 681 657 721 ὑπό
680 695 721 720 τε
743 686 821 720 τῶν
843 682 1037 730 ἀρχόντων
1058 688 1119 720 καὶ
1139 686 1218 720 τῶν
1241 686 1289 720 τά
1336 683 1470 730 ημόσια
1493 686 1748 732 πραττόντων.
1795 685 1952 735 Ἐγράφη
2023 714 2032 723 .
2045 713 2054 724 .

940 943 1121 998 ΠΕΡΙ
1169 876 1564 998 ΜΞΤΑΞΗΣ.

263 1025 344 1070 Χρὴ
369 1029 439 1069 τήν
460 1023 617 1070 μέταξον
636 1023 717 1059 τοὺς
739 1026 1030 1069 κομμερκιαρίους
1053 1021 1143 1069 πρὸς
1162 1022 1247 1058 τοὺς
1269 1022 1474 1068 βαρβάρους
1503 1023 1826 1070 πραγματεύεσθαι
1850 1023 1891 1058 ιε’
1914 1027 2113 1069 νομίσμασι
2135 1023 2206 1068 τὴν
2229 1022 2355 1071 λίτραν
2381 1026 2422 1061 15

395 1072 457 1104 καὶ
486 1068 716 1114 μεταπωλεῖν
745 1072 818 1105 τοῖς
848 1069 1077 1115 μεταξαρίοις
1106 1065 1130 1112 ἢ
1158 1071 1232 1103 τοῖς
1263 1067 1383 1103 ἄλλοις
1413 1067 1455 1102 ού
1487 1067 1599 1103 πλέον
1629 1068 1803 1114 καθαρὰν
1834 1067 1916 1112 δίχα
1939 1068 2178 1115 σφηκώματος
2201 1066 2224 1113 ἢ
2248 1067 2356 1113 ἄλλης

396 1114 610 1159 προσθήκης
637 1113 662 1156 ἢ
695 1114 822 1161 ῥύπου.
870 1114 916 1148 Εἰ
947 1111 990 1148 δέ
1017 1124 1071 1148 τις
1102 1112 1196 1160 πρὸς
1225 1111 1430 1158 βαρβάρους
1453 1113 1502 1157 μὴ
1523 1110 1578 1149 ὧν
1598 1113 1868 1160 κομμερκιάριος
1890 1114 2214 1162 πραγματεύσηταί
2234 1127 2272 1149 τι
2294 1116 2356 1149 καὶ

424 1160 552 1200 ε’ταξον
582 1160 724 1194 ἐκεῖθεν
754 1156 884 1206 ἀγάγῃ,
916 1155 1070 1193 δύναται
1101 1158 1218 1202 αὐτὴν
1249 1156 1491 1213 ἀφαιρεῖσθαι
1518 1158 1538 1192 ὁ
1561 1159 1842 1205 κομμερκιάριος,
1865 1162 1926 1194 καὶ
1948 1157 1968 1193 ὅ
1992 1157 2356 1215 πραγματευσάμενος

391 1174 583 1250 διημεύεται
602 1208 664 1240 καὶ
687 1203 858 1248 διηνεκῶς
882 1203 1087 1250 ἐξορίζεται.
1135 1205 1181 1238 Εἰ
1201 1201 1241 1238 δὲ
1263 1217 1283 1239 o
1305 1202 1576 1250 κομμερκιάριος
1598 1201 1624 1249 ἢ
1643 1204 1663 1239 ὃ
1685 1203 1900 1251 μεταξάριος
1921 1204 2012 1250 ὑπὲρ
2035 1217 2078 1240 το
2101 1205 2220 1252 ῥηθὲν
2239 1203 2357 1240 ποσὸν

397 1249 549 1298 πωλήσῃ
571 1251 595 1294 ἣ
619 1249 793 1298 ἀγοράσῃ,
817 1247 953 1294 ὁμοίως
975 1251 1197 1294 τιμωρεῖται.
2380 1251 2424 1285 20

264 1295 346 1343 Χρὴ
380 1293 420 1330 δὲ
450 1295 533 1331 τούς
559 1295 835 1342 πραγματευτὰς
863 1295 942 1329 τῶν
973 1294 1155 1329 τοιούτων
1175 1291 1302 1342 ἐγγύας
1326 1291 1471 1329 διδόναι
1494 1295 1539 1342 τῇ
1563 1293 1768 1340 πολιαρχίᾳ,
1800 1291 1849 1329 ὦς
1871 1291 1912 1328 οὗ
1933 1293 2096 1330 πωλοῦσι
2119 1293 2240 1340 κρύφα
2263 1292 2356 1329 ἀλλὰ

395 1339 552 1385 δημοσία
575 1341 698 1377 πᾶσαν
721 1338 768 1384 ἣν
790 1341 909 1383 ἔχουσι
933 1343 1204 1387 πραγματείαν·
1229 1341 1307 1375 ἐπεὶ
1330 1341 1587 1385 τιμωροῦνται.
1634 1340 1716 1388 Χρὴ
1749 1338 1789 1374 δὲ
1811 1338 1905 1374 κατὰ
1928 1341 2045 1374 ταῦτα
2067 1339 2281 1386 λογίζεσθαι
2302 1340 2358 1384 τῷ

396 1385 559 1431 δημοσίῳ
590 1385 659 1430 τὴν
687 1384 800 1431 τιμὴν
831 1385 968 1420 παντὸς
995 1385 1062 1419 τοῦ
1086 1383 1296 1431 ὁλοσηρίκου
1319 1384 1421 1431 παρὰ
1445 1385 1510 1419 τοῦ
1533 1383 1686 1430 κόμητος
1709 1386 1787 1420 τῶν
1811 1383 2054 1432 λαργιτιόνων
2075 1383 2357 1430 τοῦ-διδομένου

399 1430 485 1478 παρ’
511 1430 623 1466 αὐτοῦ
653 1431 709 1475 τῷ
740 1429 785 1473 δη
811 1434 912 1474 οσίῳ.
958 1428 996 1464 Ὁ
1018 1428 1059 1464 δὲ
1088 1428 1268 1477 ἀγοράσας
1289 1427 1382 1475 ὑπὲρ
1404 1430 1448 1465 τὸ
1472 1430 1615 1474 ταχθὲν
1637 1427 1926 1478 ἀναγκαζόμενος
1950 1428 2077 1465 δοῦναι
2099 1428 2357 1479 προσαγγέλλει

396 1478 451 1521 τῷ
476 1478 596 1524 πράτῃ
620 1479 680 1511 καὶ
701 1476 746 1511 τὸ
795 1475 926 1511 ιπλοῦν
949 1472 1195 1522 ἀναπράττει·
1220 1475 1350 1511 λοιπὸν
1372 1473 1441 1522 γὰρ
1464 1474 1484 1509 ὁ
1509 1475 1645 1522 πράτης
1663 1476 1711 1511 τὰ
1733 1474 1912 1519 λεχθέντα
1934 1478 2111 1511 πείσεται.
2381 1473 2424 1507 25

214 1567 367 1647 2351929}
405 1569 577 1613 Epitomen
607 1569 752 1603 servavit
781 1579 879 1602 anon.
909 1568 980 1602 cod.
1005 1567 1108 1601 Bodl.
1133 1568 1222 1601 3399
1244 1567 1312 1611 fol.
1337 1568 1392 1610 58,
1424 1579 1521 1612 quam
1551 1567 1602 1601 ed.
1629 1563 1815 1601 Zachariae
1846 1567 1960 1601 anecd.
1981 1567 2048 1602 263
2080 1567 2156 1602 adn.
2181 1567 2226 1602 46
2249 1574 2281 1601 et
2309 1567 2358 1601 ed.

129 1625 199 1647 που.
358 1639 364 1647 .

262 1758 288 1794 2
337 1756 489 1794 Omnino
516 1759 636 1793 autem
668 1766 790 1792 omnes
820 1759 918 1793 vetat
949 1755 1156 1792 constitutio
1189 1755 1233 1790 ob
1262 1756 1473 1792 occasiones
1502 1756 1669 1802 privatas
1695 1755 1867 1792 militibus
1890 1756 1944 1792 uti
1966 1759 2032 1792 aut
2053 1755 2166 1792 ullum
2189 1756 2359 1803 cuiquam

127 1814 197 1849 per
223 1813 285 1838 eos
316 1802 438 1838 dolum
465 1813 626 1849 parare;
658 1801 853 1838 scientibus
883 1801 947 1847 qui
974 1801 1045 1836 tate
1068 1800 1211 1846 aliquid
1229 1800 1357 1845 facere
1379 1807 1559 1836 conantur
1578 1811 1617 1836 se
1639 1801 1747 1836 etiam
1773 1801 1871 1837 omni
1893 1801 2036 1836 actione
2059 1811 2168 1847 quam
2189 1802 2273 1847 fere
2296 1801 2360 1838 lex

129 1849 154 1885 3
198 1848 251 1885 eis
273 1847 387 1884 dabat
409 1851 538 1883 contra
561 1846 740 1883 debitores
790 1846 945 1883 rivatum
967 1846 1018 1881 iri
1040 1846 1085 1882 ob
1109 1846 1227 1892 ipsum
1250 1845 1366 1881 solum
1390 1849 1571 1881 conatum.
1618 1844 1754 1882 Milites
1783 1850 1901 1881 autem
1926 1845 1976 1881 ad
1993 1846 2220 1882 exactionem
2236 1846 2359 1894 publi-

129 1903 255 1929 corum
278 1893 466 1940 delegatos
495 1892 594 1928 iubet
622 1894 753 1938 sportu
768 1892 800 1927 is
830 1890 1051 1938 accipiendis
1082 1891 1228 1926 omnino
1260 1890 1441 1926 abstinere
1468 1901 1513 1926 ac
1544 1889 1637 1926 nihil
1665 1890 1810 1926 omnino
1834 1901 1857 1926 a
1881 1901 2063 1942 quoquam
2086 1891 2264 1943 accipere,
2294 1891 2360 1927 sed

129 1938 155 1975 4
194 1938 364 1985 propriis
393 1940 580 1974 contentos
610 1946 688 1972 esse
716 1937 886 1974 annonis.
938 1934 1079 1972 Eorum
1110 1937 1229 1982 autem
1260 1946 1355 1981 quae
1385 1935 1484 1972 dicta
1514 1939 1598 1971 sunt
1628 1935 1786 1971 omnium
1818 1935 2019 1971 custodiam
2049 1939 2086 1972 et
2114 1936 2294 1983 episcopis
2324 1939 2359 1972 et

129 1983 404 2029 maqistratibus
426 1982 591 2018 locorum
614 1981 811 2017 committit.

263 2028 288 2064 5
334 2027 533 2064 Praeterea
563 2030 659 2063 vetat
696 2026 936 2072 maqistratus
966 2029 1001 2062 et
1031 2029 1171 2061 ceteros
1202 2035 1325 2061 omnes
1355 2024 1497 2060 domum
1528 2025 1632 2061 cuius
1658 2036 1741 2061 uam
1772 2025 1956 2062 destruere
1986 2025 2061 2060 nisi
2078 2028 2287 2071 propterea,
2319 2028 2361 2062 ut

129 2084 210 2109 cum
234 2073 363 2109 domus
385 2072 529 2109 domino
551 2074 699 2108 renovet
707 2072 763 2115 (‘?),
787 2071 840 2106 ita
864 2074 983 2107 tamen
1006 2073 1047 2106 ut
1070 2081 1161 2107 novo
1184 2081 1294 2117 opere
1316 2069 1411 2106 alius
1434 2081 1507 2106 non
1524 2071 1621 2116 offen
1647 2074 1731 2107 atur
1738 2083 1754 2113 ;
1776 2070 1810 2107 ei
1824 2070 1887 2117 qui
1902 2069 1971 2106 hoc
1985 2070 2079 2116 fecit
2093 2069 2220 2106 damni
2232 2069 2362 2106 domus

129 2118 275 2155 domino
304 2118 400 2154 illati
417 2128 493 2170 per
522 2117 674 2164 duplum
703 2116 968 2153 restitutionem
997 2119 1033 2152 et
1059 2126 1217 2162 poenam
1245 2115 1365 2152 decem
1397 2115 1572 2151 librarum
1603 2116 1687 2151 auri
1715 2115 1906 2163 imponens
1928 2119 1964 2152 et
1987 2115 2220 2163 imperatoris
2241 2115 2337 2152 iram
2345 2127 2362 2158 ,·

130 2163 186 2200 his
210 2162 443 2202 observandis
463 2166 499 2200 et
521 2173 546 2200 a
568 2161 843 2209 maqistratibus
865 2165 902 2198 et
923 2161 969 2199 ab
993 2161 1040 2197 iis
1063 2161 1127 2207 qui
1149 2160 1298 2208 publica
1321 2164 1493 2197 tractant.
1539 2160 1688 2208 Scripta
1710 2165 1767 2198 est
1789 2186 1799 2198 .
1813 2188 1822 2198 .
1837 2187 1847 2198 .

1023 2418 1125 2470 DE
1168 2350 1474 2470 MZTAXA.

268 2498 421 2546 Oportet
442 2503 624 2536 metaxam
648 2498 939 2535 commerciarios
962 2510 986 2535 a
1009 2498 1175 2535 barbaris
1198 2508 1314 2535 emere
1335 2498 1538 2546 quindecim
1558 2498 1687 2534 solidis
1712 2498 1841 2535 libram
1867 2501 1902 2535 et
1925 2509 2056 2535 rursus
2075 2498 2226 2536 vendere
2249 2500 2360 2534 meta-

130 2545 251 2581 xariis
279 2549 344 2581 aut
374 2546 503 2581 cetem's
532 2556 607 2581 non
634 2545 756 2592 pluris
785 2555 919 2591 puram
949 2544 1030 2580 sine
1058 2543 1287 2590 sphecomate
1316 2547 1382 2579 aut
1411 2544 1486 2580 alia
1517 2543 1720 2597 appendice
1750 2548 1816 2580 aut
1844 2544 2022 2581 sordibus.
2074 2543 2117 2580 Si
2139 2543 2220 2591 quis
2239 2545 2359 2579 autem

131 2591 195 2636 qui
226 2601 301 2626 non
324 2594 379 2626 est
401 2591 691 2626 commerciarius
714 2602 738 2626 a
761 2589 929 2626 barbaris
951 2593 1048 2625 emat
1071 2588 1160 2635 quid
1179 2593 1434 2635 metaxamque
1455 2588 1540 2625 inde
1562 2593 1745 2636 importet,
1763 2593 1889 2636 potest
1911 2600 1990 2626 eam
2013 2590 2165 2636 auferre
2188 2598 2359 2625 commer-

131 2636 267 2671 ciarius
289 2638 326 2671 et
347 2639 486 2682 emptor
510 2636 613 2672 bonis
635 2635 816 2682 ademptis
837 2635 875 2669 in
893 2645 966 2681 per
993 2638 1114 2671 etuum
1137 2634 1349 2681 expellitur.
1389 2633 1457 2670 Sin
1480 2637 1601 2671 autem
1617 2635 1910 2671 commerciarius
1924 2637 1989 2670 aut
2005 2636 2231 2671 metaxarius
2244 2643 2360 2680 supra

131 2681 264 2716 dictam
287 2681 527 2726 quantitatem
550 2680 683 2717 vendat
705 2683 854 2723 ematve,
876 2680 958 2715 simi
973 2681 1043 2716 iter
1065 2678 1280 2716 vindicatur.

269 2725 420 2771 Oportet
450 2729 570 2762 autem
602 2725 729 2761 talium
752 2726 999 2772 nepotiatores
1022 2724 1131 2761 vades
1155 2724 1245 2760 dare
1261 2724 1526 2771 praefecturae
1549 2724 1658 2767 urbis,
1682 2735 1721 2761 se
1743 2735 1817 2761 non
1841 2724 1934 2760 clam
1957 2723 2022 2761 sed
2041 2724 2185 2770 publice
2207 2722 2362 2760 vendere

132 2770 252 2805 omnia
286 2780 521 2816 quaecunque
548 2771 731 2812 vendunt,·
790 2770 967 2806 uniuntur
996 2770 1100 2806 enim.
1158 2768 1310 2816 Oportet
1338 2773 1457 2805 autem
1482 2769 1678 2806 secundum
1707 2769 1797 2805 haec
1822 2769 1904 2815 sisci
1934 2769 2139 2805 rationibus
2169 2767 2305 2814 inferri
2337 2777 2360 2803 a

131 2814 260 2851 comite
289 2815 524 2860 tarqitionum
558 2817 673 2851 omnis
704 2815 750 2851 Ιιο
766 2815 896 2851 oserici
923 2815 1082 2862 pretium
1107 2814 1207 2861 quod
1228 2814 1273 2850 ab
1296 2825 1339 2850 eo
1359 2814 1450 2860 fisco
1474 2815 1593 2851 datur.
1643 2814 1796 2862 Emptor
1818 2819 1937 2851 autem
1961 2814 2026 2860 qni
2046 2825 2161 2861 supra
2184 2815 2359 2849 statutum

131 2859 221 2896 dare
249 2864 396 2896 coactus
426 2863 480 2895 est
509 2860 606 2896 litem
629 2860 784 2897 intendit
807 2859 984 2897 venditori
1006 2863 1043 2896 et
1065 2859 1216 2907 duplum
1239 2860 1400 2906 reposcit
1406 2872 1421 2902 ;
1453 2863 1525 2896 tum
1545 2861 1639 2896 enim
1660 2860 1824 2897 venditor
1847 2870 1941 2906 quae
1959 2859 2056 2895 dicta
2079 2862 2164 2895 sunt
2179 2858 2357 2906 patietur.

180 3032 194 3064 1
222 3026 463 3073 προφεύσεσιν
487 3029 556 3061 cod.
572 3027 585 3070 11
604 3029 624 3061 2
647 3024 829 3070 μεθοδιὰν
851 3027 951 3072 οοᾱ.11
978 3029 998 3062 3
1023 3023 1068 3070 ἣν
1091 3024 1139 3061 ἂν
1162 3024 1211 3062 ὥς
1279 3030 1333 3063 vel
1355 3026 1540 3075 ἐπάγουσα
1564 3029 1772 3072 Heimbachfl
1798 3025 1822 3062 ά
1846 3026 2037 3062 ανάκτισιν
2060 3027 2132 3062 cod.
2149 3025 2162 3070 ΙΙ
2182 3027 2222 3061 12
2251 3027 2360 3060 eodem

131 3072 222 3109 εἰκὸς
243 3073 358 3116 Zach.]
383 3068 407 3115 ἢ
429 3069 632 3107 ἀνανεώσει
655 3083 713 3106 uos·
734 3074 803 3106 cod.
831 3071 844 3117 ΙΙ
877 3074 898 3106 4
923 3073 1015 3118 ἔγχει
1040 3075 1114 3106 ίσιν
1138 3075 1209 3107 cod.
1269 3077 1347 3118 sere
1372 3083 1510 3118 tempore
1531 3088 1593 3119 quo
1610 3087 1682 3108 nov.
1705 3075 1772 3109 ΟΧ
1779 3075 1812 3107 V
1841 3075 1951 3107 datam
1975 3085 2044 3106 esse
2058 3079 2153 3115 putat
2170 3069 2361 3106 Zachariae

130 3121 144 3164 B
166 3123 186 3156 5
217 3115 476 3164 σπορτούλλων
506 3119 577 3152 cod.
611 3116 626 3162 ΙΙ
657 3119 677 3151 6
701 3113 895 3159 σητῆσεσιν
922 3120 992 3152 cod.
1069 3120 1089 3152 9
1123 3118 1210 3152 loeus
1276 3118 1289 3164 11
1306 3121 1345 3154 16
1363 3119 1596 3164 σφικιόματος
1610 3120 1708 3153 Bodl.
1727 3119 1740 3162 [1
1759 3120 1801 3153 22
1818 3131 1861 3152 an
1876 3118 2012 3151 ἐπείτοι
2035 3118 2077 3150 εἳ
2094 3117 2107 3160 ΙΙ
2125 3117 2167 3150 23
2184 3112 2360 3162 ὁλοσηρή-

133 3173 325 3209 corruptus;
345 3161 598 3208 ἀγανακτῆσαι
623 3160 724 3197 Zach.
750 3163 791 3197 cl.
814 3158 1090 3206 ‘Euantiophane’
1117 3164 1150 3196 in
1173 3163 1210 3196 B
1278 3176 1341 3198 nov
1357 3165 1461 3199 Bodl.
1481 3165 1493 3208 ΙΙ
1509 3162 1760 3210 λαργητιόνων
1775 3164 1878 3197 Bodt.
1896 3163 1909 3207 ΙΙ
1927 3164 1969 3196 25
2017 3170 2086 3196 nter
2111 3174 2213 3195 annos
2239 3163 2305 3196 540
2330 3167 2362 3195 et

132 3211 156 3244 Ι
168 3211 234 3245 812
253 3209 320 3244 Hb.
346 3205 583 3253 ἇνερευνῆσαι
607 3208 758 3242 Skutsch.
808 3208 920 3241 Possis
943 3207 992 3252 (εἰ
1014 3206 1085 3252 μὴ)
1098 3219 1198 3251 προφ
1280 3211 1343 3243 547
1368 3210 1466 3253 quem
1492 3222 1512 3243 a
1527 3210 1710 3243 Iustiniana
1734 3209 1833 3242 latam
1850 3221 1918 3242 esee
1931 3209 2052 3251 probat
2067 3205 2254 3242 Zachariae
2269 3210 2360 3240 mlta.

132 3255 196 3288 τοῦ
220 3250 429 3289 άνανεῶσαι
451 3252 542 3296 μετὰ
556 3265 587 3287 τ.
602 3249 633 3286 δ.
651 3252 872 3330 ΙΙέγενομένης
886 3250 1001 3294 Zach.]
1017 3254 1210 3304 γενομέινου
1279 3255 1319 3288 de
1352 3254 1476 3289 l’acad.
1501 3255 1541 3288 de
1565 3255 1614 3288 St.
1639 3253 1856 3297 Pdtersbourq
1880 3253 1952 3287 VII
1962 3254 1983 3287 9
2007 3253 2123 3296 (1865)
2147 3265 2178 3286 n.
2196 3252 2227 3286 6.

134 3302 204 3334 cod.
245 3301 295 3343 Cf.
314 3312 385 3334 nov.
404 3300 502 3334 CLX
512 3299 543 3333 V
563 3300 576 3342 Ι]
603 3300 642 3333 11
689 3297 880 3333 πιτιθεῖσα
904 3299 1063 3341 supplevi,
1086 3298 1211 3342 ἐπάγει
