2476 3854
141 122 201 154 m·
227 117 523 155 nomem
549 121 801 155 Pnovmcns
1208 105 1294 153 783
2015 106 2093 151 Ed.
2112 107 2217 152 XIII
2247 109 2358 151 7-—9

141 219 212 265 τὴν
240 221 435 267 πρόνοιαν·
466 223 556 256 τέως
582 214 648 255 οὖν
669 220 737 256 τὸν
758 220 837 256 τῶν
857 218 1006 255 ναύλων
1028 216 1232 264 ἇποδέκτην
1253 217 1467 264 βουλόμεθα
1487 217 1540 263 μὴ
1562 216 1693 253 ἄδειαν
1713 221 1810 261 ἔχειν
1833 218 1949 254 πᾶσιν
1972 217 2103 253 ἑαυτὸν
2120 217 2359 261 ἐπεμβάλλειν

142 269 215 301 τοῖς
245 264 426 310 δημοσίοις
447 265 576 307 τέλεσι,
606 269 667 300 καὶ
689 268 764 300 τισὶ
785 266 855 310 μὲν
875 266 954 300 τῶν
975 263 1200 300 ὑπευθύνων
1224 262 1411 299 ἐνδιδόναι
1432 267 1494 298 καὶ
1516 264 1563 298 τά
1587 262 1790 307 καλούμενα
1814 260 2034 307 ένδοματικά
2056 263 2272 307 κομίζεσθαι
2298 266 2359 297 καὶ

142 311 318 346 ἐντεῦθεν
347 312 412 346 τοῦ
439 308 611 355 δημοσίου
634 311 825 356 ῥᾳθυμεῖν,
848 311 986 355 ἑτέρους
1008 308 1049 345 δὲ
1071 310 1171 356 παρὰ
1191 310 1235 345 τὸ
1258 309 1439 355 προσῆκον
1462 307 1693 354 εἰσπράττων
1714 310 1776 342 καὶ
1799 307 1925 344 πλεῖον
1945 307 2034 342 ἴσως
2055 307 2079 352 ἢ
2099 306 2276 353 πρότερον
2299 311 2359 341 καὶ

142 356 242 400 παρὰ
263 355 347 391 τοὺς
369 358 644 400 νενομισμένους
669 353 856 401 (καιρούς),
887 359 948 389 καί
971 355 1149 390 ἐντεῦθεν
1173 353 1374 399 λαμβάνειν
1396 351 1565 399 ἀφορμήν
1583 366 1625 388 τε
1646 356 1707 387 καὶ
1731 350 1847 399 ἀρχὴν
1869 354 1933 396 τῆς
1954 354 2020 387 τοῦ
2041 351 2253 399 πράγματος
2276 365 2357 398 συγ-

140 398 292 444 χύσεως,
321 400 366 436 τὸ
395 403 465 444 μὲν
494 398 745 447 ἀπαραίτητον
773 401 852 435 τῶν
881 398 1029 435 ναὺλων
1053 396 1109 434 ἀεὶ
1139 398 1430 446 προτεινόμενον,
1460 400 1515 443 τῷ
1544 396 1585 433 δὲ
1615 401 1862 445 συγκεχυμένῳ
1893 398 1962 442 τὴν
1991 398 2120 433 ἑαυτοῦ
2150 397 2357 443 θεραπείαν
2380 401 2400 433 5

141 445 334 490 θηρῶντα,
351 448 411 479 καὶ
433 442 731 491 ὑπερφρονοῦντα
752 447 820 489 μὲν
841 446 921 479 τῶν
942 446 1136 491 τραπεζῶν
1158 445 1224 480 τοῦ
1248 442 1479 490 δικαστηρίου
1500 444 1566 479 τοῦ
1589 444 1664 487 σοῦ,
1688 444 1822 488 ὁμοίως
1845 441 1886 477 δὲ
1904 441 2054 479 ἅπαντα
2075 440 2219 489 κέρδους
2250 441 2358 488 χάριν

141 487 200 536 ὕφ’
225 490 358 524 ἑαυτὸν
379 490 569 525 ποιεῖσθαι
590 488 804 525 σπεύδοντα.
1105 532 1263 570 CAPUT
1282 533 1368 570 vm

272 598 418 643 Ἐπειδὴ
452 603 578 635 τοίνυν
611 598 634 643 ἧ
662 600 709 643 σὴ
740 598 894 647 ὗπεροχὴ
925 602 1049 637 πάντα
1079 598 1271 648 ἀγρόπνως
1305 598 1528 644 διοικουμένη
1559 598 1723 642 ἐδίδαξεν
1754 598 1864 645 ἡμᾶς,
1894 596 1977 635 ὅσος
2006 598 2251 647 συλλογίζεται
2280 601 2359 635 τῶν

141 643 290 681 radim
318 646 442 680 κανὼν
470 643 491 679 ὅ
524 647 563 679 ἐκ
592 646 656 688 τῆς
680 643 946 691 Ἀλεξανδρέων
974 646 1239 693 χορηγούμενος,
1270 646 1319 680 εἰς
1344 644 1580 702 νομισμάτων
1610 643 1785 692 μυριάδας
1811 641 1920 688 ὀκτώ,
1950 644 2009 679 οἶα
2031 649 2092 679 καί
2110 647 2173 687 τῆς
2194 642 2278 680 εὗτυ
2299 647 2358 680 οὓς

142 694 383 735 σιτοπομπίας
404 690 454 724 εἰς
476 689 686 724 ὀκτακοσίας
707 689 883 736 μυριάδας
902 692 1098 735 συνιούσης,
1120 689 1331 736 βουλόμεθα
1353 701 1416 724 τας
1439 688 1538 724 οκτώ
1563 689 1696 725 ταύτας
1717 688 1891 736 μυριάδας
1911 690 1990 724 τῶν
2009 689 2246 735 νομισμάτων
2284 688 2357 725 ι’δο-
2385 692 2426 725 10

141 735 236 769 σθαι
265 736 319 778 τῷ
349 735 429 769 τῶν
455 733 603 769 ναύλων
633 733 816 781 ἀποδέκτῃ
846 737 885 769 ἐκ
915 737 994 770 τῶν
1023 734 1327 783 ὑποτεταγμένων
1351 736 1537 779 ἐπαρχιῶν
1559 738 1619 769 καὶ
1642 734 1787 770 πόλεων
1809 738 1870 768 καὶ
1891 737 2021 769 τόπων
2043 739 2104 769 καὶ
2126 735 2358 782 προσώπων·

142 778 203 814 διὰ
234 781 343 814 τοῦτο
403 779 441 826 ’ρ
471 780 511 813 ἐν
542 777 708 826 εὐπόροις
737 779 992 825 ἐποιησάμεθα
1019 780 1089 824 τὴν
1119 779 1292 823 τοιαύτην
1322 781 1488 826 ἐκταγήν,
1521 776 1615 814 ὥστε
1644 778 1758 824 μηδὲν
1787 779 1973 814 παντελῶς
2003 777 2095 825 μήτε
2116 780 2157 821 εξ
2179 777 2360 825 ἀναβολῆς

139 822 233 869 μήτε
261 824 302 865 ἐξ
331 823 369 859 έλ
410 829 522 870 ίψεως
551 826 614 868 τῆς
643 826 762 860 αἰσίας
791 828 1033 870 σιτοπομπίας
1058 825 1242 872 γενέσθαι.
1290 822 1311 859 ὁ
1341 827 1467 868 μέντοι
1491 824 1728 870 περίβλεπτος
1751 822 2003 868 αὖγουστάλιος
2025 828 2085 859 καὶ
2107 823 2129 868 ἦ
2155 826 2358 870 πειθομένη

141 869 242 910 τάξις
265 867 373 914 αὐτῷ,
406 868 498 904 κατὰ
517 873 607 914 μίαν
629 868 679 908 οἷς
700 870 839 915 εἴρηται
860 873 1032 915 γενομένη
1056 870 1264 916 συστροφήν
1286 882 1326 904 τε
1348 873 1409 904 καὶ
1431 871 1566 904 ἕνωσιν
1589 871 1628 904 ἔκ
1650 883 1691 904 τε
1713 870 1791 904 τῶν
1814 867 2132 915 αὖγουσταλιανών
2155 871 2194 904 ἔκ
2217 882 2258 905 τε
2278 871 2359 905 τῶν

143 918 334 960 προτέρων
361 913 548 957 δουκικῶν,
577 913 642 949 τὰς
671 911 874 960 εἰσπράξεις
901 914 1118 958 ποιήσονται
1140 917 1219 950 τιῦν
1241 914 1384 950 πόλεων
1405 918 1466 948 καὶ
1489 915 1568 949 τῶν
1590 914 1719 950 τόπων
1741 917 1800 948 καί
1822 916 1901 948 τῶν
1924 916 2136 961 προσώπων
2158 916 2236 950 τῶν
2258 913 2357 961 ἀφω·
2385 918 2425 951 15

142 962 323 1006 ρισμένων
352 960 392 994 &Se
421 973 463 994 τε
491 961 555 1002 τῆς
573 956 840 1007 Ἀλεξανδρέων
870 964 931 994 καὶ
954 961 1122 1005 ἑκατέρας
1142 958 1334 1007 Αἰγύπτου
1356 961 1410 1002 τῷ
1434 957 1615 1006 ἀποδέκτῃ
1638 960 1718 994 τῶν
1738 958 1896 1002 ναύλων,
1920 957 2054 1004 ὁμοίως
2075 963 2136 994 καὶ
2160 957 2271 995 αὐτοῦ
2294 960 2359 994 τοῦ

142 1005 225 1039 τῶν
253 1003 402 1039 ναύλων
434 1001 637 1040 ἀποδέκτου
666 1003 736 1048 τὴν
766 1004 939 1048 τοιαύτην
961 1005 1151 1050 εἴσπραξιν
1174 1008 1399 1049 ποιουμένου,
1434 1002 1488 1050 ἐφ’
1514 998 1544 1048 ᾧ
1566 1017 1606 1039 τε
1625 1005 1745 1048 οἰκείῳ
1768 1003 1935 1049 κινδύνῳ,
1950 1003 2019 1039 τόν
2040 1018 2081 1040 τε
2104 1000 2360 1051 αἰγουστάλιον

143 1048 192 1084 αἷς
213 1050 352 1097 εἴρηται
379 1047 447 1093 τήν
475 1062 516 1084 τε
547 1047 659 1084 αὐτοῦ
686 1049 794 1090 τάξιν
823 1051 940 1086 ταῖτα
969 1047 1138 1085 ἀπαιτεῖν
1167 1047 1244 1095 ἅμα
1274 1051 1328 1093 τῷ
1360 1047 1542 1098 ἀποδέκτῃ
1572 1051 1651 1084 τῶν
1679 1048 1844 1083 vailant·
1903 1049 1958 1105 515)
1987 1053 2048 1084 καὶ
2071 1048 2172 1094 αὐτῷ
2196 1048 2360 1085 κίνδυνος

143 1096 275 1138 ἐπέστη
300 1095 362 1138 τῆς
390 1094 534 1129 τούτων
564 1092 794 1140 εἰσπράξεως,
824 1092 919 1130 ὥστε
948 1093 1144 1140 ἀμέμπτως
1170 1099 1231 1130 καὶ
1264 1094 1434 1130 ἀπαιτεῖν
1456 1094 1500 1129 τὸ
1523 1098 1671 1143 χρυσίον
1692 1098 1752 1128 καὶ
1775 1092 1872 1130 ἐπιδι
1897 1108 1979 1129 οναι
2001 1096 2046 1143 τῇ
2070 1095 2234 1142 εἰρημένῃ
2257 1098 2359 1151 χρείᾳ

142 1142 204 1173 καὶ
235 1137 418 1184 διανέμειν
446 1143 521 1174 τοῖς
545 1138 754 1185 ναυκλήροις
780 1140 873 1175 κατὰ
902 1139 947 1175 τὸ
978 1143 1082 1187 μέχρι
1126 1140 1216 1186 νῦν)
1239 1140 1460 1184 εἰθισμένον,
1485 1139 1724 1174 συνανίοντος
1747 1142 1808 1173 καὶ
1830 1137 2163 1186 συγκινδυνεύοντος
2184 1143 2239 1183 τῷ
2259 1141 2360 1183 αυτῷ
2383 1142 2427 1175 20

142 1180 323 1232 άποδέκτῃ
346 1185 426 1219 τῶν
444 1183 591 1219 vastam
613 1184 705 1231 πρὸς
727 1180 878 1220 ἅπαντα
899 1186 964 1219 τοῦ
989 1189 1098 1232 περιβ
1132 1188 1230 1221 ’πτου
1254 1182 1515 1231 αὖγουσταλίου
1536 1186 1600 1229 τῆς
1622 1198 1662 1219 τε
1685 1185 1904 1229 πειθομένης
1927 1182 2026 1228 αὖτῷ
2050 1183 2186 1225 τάξεως
2207 1188 2267 1218 καὶ
2282 1186 2361 1219 τῶν

143 1227 414 1276 ἀνδρειοτάτων
442 1227 640 1276 ταγμάτων
668 1231 747 1264 τῶν
776 1232 817 1264 ἐν
846 1233 920 1265 τοῖς
949 1229 1075 1265 τόποις
1105 1230 1230 1265 ὄντων
1257 1230 1324 1264 σὺν
1353 1233 1428 1265 τοῖς
1459 1228 1584 1264 αι’-τῶν
1610 1230 1822 1284 τριβούνοις.
1870 1229 1928 1264 οἶα
1951 1231 2134 1274 προσῆκον
2158 1230 2197 1263 ἐκ
2220 1230 2360 1274 τρόπου

144 1274 281 1309 παντὸς
309 1273 379 1309 τὸν
406 1275 485 1309 τών
515 1274 663 1309 ναύλων
692 1273 998 1321 ἀποπληροῦσθαι
1028 1272 1138 1322 λόγον
1167 1278 1228 1310 καὶ
1251 1273 1426 1310 δίδοσθαι
1449 1276 1582 1310 τοῦτον
1604 1288 1659 1318 τῳ
1680 1272 1862 1322 ἀποδέκτῃ
1885 1278 1946 1308 καὶ
1969 1271 2014 1309 δι’
2041 1272 2153 1309 αὐτοῦ
2176 1275 2270 1309 κατὰ
2292 1274 2362 1309 τὸν

144 1317 372 1365 προσήκοντα
400 1323 461 1354 καὶ
491 1323 750 1365 νενομισμένον
780 1318 1002 1354 διοικεῖσθαι
1030 1333 1053 1355 τ
1076 1320 1171 1356 όπον
1200 1324 1261 1355 καὶ
1289 1321 1516 1365 παρέχεσθαι
1545 1324 1619 1355 τοῖς
1648 1319 1858 1366 ναυκλήροις
1888 1317 1979 1365 ὺπέρ
2009 1318 2124 1363 πάσης
2153 1320 2216 1363 τῆς
2244 1320 2362 1354 αἰσίας

143 1364 305 1418 ἐμβολῆς.
352 1367 414 1398 καὶ
444 1360 535 1408 αὕτη
557 1367 624 1409 μὲν
646 1364 774 1411 πρώτη
799 1368 945 1412 φροντὶς
968 1368 1029 1399 καὶ
1074 1369 1222 1409 ιοίκησις
1240 1365 1348 1412 ἑαυτῇ
1372 1367 1578 1410 συνημμένη
1601 1366 1804 1412 γενήσεται,
1827 1360 1852 1408 ἦ
1874 1377 1915 1399 τε
1935 1366 1998 1409 τῆς
2022 1365 2139 1399 αἰσίας
2162 1363 2314 1409 ἐμβολῆς
2334 1361 2358 1408 ἦ
2384 1366 2426 1399 25

143 1422 184 1444 τε
204 1422 283 1444 των
304 1408 462 1445 ναόλων.

1126 1454 1282 1491 CAPUT
1304 1454 1367 1491 lx.

276 1518 338 1556 Ἐν
360 1519 508 1567 δευτέρᾳ
531 1520 571 1556 δὲ
591 1521 693 1563 τάξει
713 1521 925 1567 βουλόμεθα
945 1520 1015 1565 τήν
1036 1535 1077 1557 τε
1099 1521 1167 1565 σὴν
1188 1519 1369 1567 ὑπεροχὴν
1391 1525 1451 1556 καὶ
1474 1522 1543 1557 τὸν
1566 1522 1660 1557 κατὰ
1682 1521 1811 1568 καιρὸν
1834 1520 1993 1567 ἄρχοντα
2016 1521 2151 1566 ταύτης
2172 1524 2238 1566 τῆς
2251 1519 2362 1568 ἀρχῆς

144 1568 206 1600 καὶ
233 1566 316 1601 τούς
346 1579 387 1601 τε
416 1570 654 1612 σκρινιαρίους
682 1570 743 1601 καὶ
773 1567 991 1613 τρακτευτὰς
1020 1565 1085 1602 δύο
1106 1580 1148 1601 τε
1169 1565 1375 1614 Αἰγύπτων
1397 1569 1459 1601 καὶ
1477 1565 1742 1614 Ἀλεξανδρείας
1766 1570 1936 1615 προνοεῖν
1956 1568 2021 1610 τῆς
2042 1567 2263 1613 εἰσπράξεως
2283 1568 2363 1602 τῶν

149 1610 333 1655 δημοσίων
355 1610 483 1657 φόρων
505 1613 584 1646 τῶν
606 1613 654 1647 εἰς
676 1613 850 1658 ἑκατέραν
873 1610 1060 1657 τράπεζαν
1082 1612 1348 1658 εἰσφερομένων
1369 1614 1435 1647 τοῦ
1460 1610 1690 1659 δικαστηρίου
1711 1613 1776 1655 τῆς
1797 1613 1861 1656 σῆς
1883 1609 2067 1657 ὑπεροχῆς,
2091 1613 2162 1656 τήν
2179 1626 2221 1648 τε
2242 1610 2362 1656 ἰδικὴν

143 1655 214 1699 τήν
242 1670 285 1690 τε
311 1656 468 1703 γενικήν,
500 1654 636 1700 δηλαδὴ
668 1657 708 1698 ἐξ
738 1659 888 1692 ἐκείνων
917 1658 995 1692 τῶν
1025 1656 1170 1693 πόλεων
1199 1661 1260 1691 καὶ
1287 1658 1368 1692 τῶν
1397 1655 1611 1703 προσώπων
1640 1661 1701 1691 καί
1730 1659 1809 1691 τῶν
1831 1656 1975 1692 τούτων
1997 1659 2182 1704 ἐγγυητῶν
2200 1661 2262 1692 καὶ
2283 1658 2362 1692 τών
2385 1659 2428 1692 3⁰

144 1701 274 1736 τόπων
295 1702 374 1736 τῶν
395 1703 444 1735 εἰς
466 1703 574 1736 τοῦτο
597 1702 639 1737 τὸ
659 1705 764 1749 μέρος
786 1700 1079 1749 ἀφορισθέντων,
1101 1699 1406 1749 ὑποτεταγμένων
1429 1706 1490 1736 καὶ
1513 1701 1640 1737 αὐτῶν
1661 1700 1749 1749 τῇδε
1771 1703 1817 1749 τῇ
1840 1702 1930 1745 θεία
1945 1702 2159 1746 νομοθεσία.
2194 1701 2239 1737 οὗ
2254 1700 2362 1736 δυνα-

145 1748 270 1790 μένων
299 1745 487 1781 παντελῶς
515 1743 600 1781 οὗδὲ
627 1748 691 1782 τοῦ
723 1746 964 1792 περιβλέπτου
996 1745 1251 1794 αὖγουσταλίου
1284 1744 1368 1781 οὐδὲ
1388 1748 1453 1790 τῆς
1475 1748 1698 1792 πειθομένης
1720 1745 1820 1790 αὐτῷ
1841 1745 1978 1788 τάξεως
1999 1744 2083 1782 οὐδὲ
2103 1748 2169 1782 τοῦ
2192 1745 2363 1794 θεοφιλε·

144 1790 279 1825 στάτου
303 1791 501 1826 ἐπισκόπου
522 1792 585 1835 τῆς
603 1789 868 1838 Ἀλεξανδρέων
890 1791 1000 1839 λόγον
1019 1794 1189 1838 παρέχειν
1210 1790 1233 1835 ἢ
1253 1792 1480 1838 ίξαιρεῖσθαι
1504 1794 1568 1836 τῆς
1590 1792 1810 1838 εἰσπράξεως
1832 1793 1894 1836 τῆς
1918 1790 2089 1837 δημοσίας
2103 1790 2207 1828 τινὰς
2228 1790 2252 1837 ἢ
2283 1794 2361 1826 ἐπι-

144 1838 335 1870 κοινωνεῖν
363 1833 457 1870 καθ’
487 1836 636 1871 οἷανοῦν
667 1838 788 1872 αἰτίαν
816 1838 862 1885 τῇ
884 1838 1051 1885 εἰρημένῃ
1074 1836 1259 1882 εἰσπράξει
1282 1838 1328 1883 τῇ
1352 1834 1533 1881 ἀνηκούση
1556 1840 1635 1872 ταῖς
1656 1839 1851 1883 τραπέζαις
1873 1838 1937 1881 τῆς
1959 1839 2023 1881 σῆς
2045 1835 2221 1883 ὑπεροχῆς
2243 1834 2267 1881 ἢ
2289 1839 2364 1872 τοῖς

144 1879 354 1926 προσώποις
382 1884 455 1915 τοῖς
486 1879 748 1928 ἀφωρισμένοις
772 1880 876 1930 αὐτῇ,
899 1882 996 1926 πλὴν
1018 1883 1052 1917 εἰ
1072 1882 1122 1927 μὴ
1143 1883 1318 1927 βοηθείας
1340 1884 1446 1918 ἕνεκα
1468 1874 1579 1918 τοῗιτο
1603 1881 1790 1926 αἰτήσειαν
1811 1882 1986 1930 γενέσθαι
2008 1882 2043 1917 οἱ
2065 1886 2280 1929 τρακτευταὶ
2302 1885 2362 1917 καὶ
2386 1884 2429 1917 35

145 2046 338 2083 naulorum
366 2047 568 2093 susceptori
596 2047 758 2084 volumus
787 2059 861 2084 non
888 2049 998 2084 licere
1026 2049 1191 2085 omnibus
1221 2059 1298 2084 sese
1321 2049 1519 2084 immiscere
1537 2048 1695 2095 publicis
1717 2047 1872 2091 tributis,
1894 2052 1930 2085 et
1952 2049 2139 2084 nonnullis
2160 2048 2363 2085 debitorum

145 2092 326 2128 remittere
355 2095 394 2128 et
422 2091 647 2128 endomatica
677 2104 772 2139 quae
801 2097 979 2129 vocantur
999 2093 1195 2141 percipere
1223 2094 1347 2140 itaque
1351 2093 1493 2174 discum
1516 2093 1719 2140 περίεργοι-ε,
1749 2093 1796 2129 ab
1818 2093 1905 2128 aliis
1925 2103 2011 2129 cero
2031 2097 2181 2140 praeter
2201 2094 2243 2129 id
2263 2094 2364 2140 quod

145 2136 311 2173 convenit
339 2137 404 2172 exi
428 2147 490 2172 ere
520 2141 556 2172 et
583 2137 670 2183 plus
698 2137 799 2184 forte
829 2148 938 2184 quam
969 2142 1077 2174 antea
1108 2143 1144 2174 et
1171 2145 1321 2184 praeter
1382 2138 1512 2184 qitima
1546 2143 1726 2184 tempora,
1758 2137 1913 2183 indeque
1934 2138 2158 2174 occasionem
2175 2142 2303 2185 petere
2324 2143 2361 2176 et

145 2182 286 2217 initium
309 2191 375 2217 con
398 2180 588 2216 undendae
610 2182 677 2224 rei,
699 2182 895 2218 naulorum
917 2183 1163 2219 necessitatem
1177 2194 1318 2230 semper
1330 2182 1593 2229 praetendenti,
1617 2193 1667 2218 ea:
1681 2182 1900 2228 confusione
1913 2192 2000 2219 vero
2015 2193 2120 2218 suum
2134 2183 2250 2229 ipsius
2264 2194 2359 2219 com-

145 2226 289 2262 modum
313 2237 356 2261 ca
385 2226 486 2268 tanti,
507 2229 542 2261 et
563 2236 706 2262 mensas
727 2227 780 2262 tui
803 2227 995 2263 tribunalis
1017 2227 1239 2274 despicienti,
1261 2227 1426 2263 similiter
1447 2237 1533 2263 vero
1557 2228 1679 2262 omnia
1702 2227 1799 2263 lucri
1812 2237 1924 2262 causa
1938 2227 2008 2262 sibi
2022 2228 2185 2264 subicere
2201 2229 2361 2264 conanti.

367 2298 377 2307 .
424 2269 602 2314 Quoniam
631 2272 746 2317 iqitur
772 2271 974 2307 sublimitas
1005 2276 1068 2308 tua
1099 2272 1293 2318 viqilanter
1322 2276 1451 2308 cuncta
1474 2271 1734 2307 administrans
1756 2282 1823 2307 nos
1845 2271 1999 2314 edocuit,
2033 2276 2192 2318 quantus
2214 2282 2361 2320 compu-

147 2319 243 2352 tetur
264 2317 457 2352 naulorum
490 2326 609 2351 canon
631 2326 682 2352 ex
703 2315 1035 2353 Alexandrinorum
1057 2317 1145 2353 urbe
1166 2317 1468 2358 subministratus,
1492 2316 1543 2352 ad
1564 2316 1751 2362 octoginta
1774 2316 1876 2351 milia
1898 2327 2104 2360 aureorum,
2128 2317 2236 2353 etiam
2256 2317 2362 2363 felici

142 2361 324 2407 frumenti
350 2361 520 2396 missione
548 2361 710 2407 octoqies
732 2365 883 2397 centena
905 2361 1005 2397 milia
1024 2371 1101 2397 com
1130 2361 1235 2406 lente,
1258 2361 1423 2397 volumus
1445 2361 1535 2397 haec
1555 2366 1637 2397 octo
1670 2361 1743 2397 'nta
1765 2361 1866 2397 milia
1890 2372 2084 2397 aureorum
2117 2361 2200 2397 dari
2231 2361 2362 2398 naulo-

144 2416 225 2441 rum
247 2406 451 2452 susceptori
472 2415 522 2441 ex
540 2406 709 2441 subiectis
725 2406 927 2452 provinciis
948 2410 984 2442 et
1006 2373 1155 2442 urbiffae'as
1176 2410 1212 2442 et
1233 2406 1322 2442 locis
1345 2410 1382 2442 et
1399 2407 1586 2452 personis:
1610 2406 1625 2440 i
1669 2416 1692 2440 o
1714 2406 1807 2441 enim
1831 2405 1927 2441 hanc
1940 2406 2202 2452 deleqationem
2218 2406 2362 2452 larqam

143 2451 310 2497 fecimus,
333 2461 380 2486 ne
396 2449 486 2496 quid
509 2450 654 2486 omnino
676 2461 793 2496 neque
814 2461 865 2486 ex
885 2450 1058 2487 dilatione
1077 2461 1194 2497 neque
1216 2461 1266 2487 ex
1289 2451 1434 2496 defectu
1455 2450 1579 2496 felicis
1599 2450 1778 2496 frumenti
1809 2451 1989 2486 missionis
2012 2451 2164 2487 accidat.
2209 2450 2359 2499 Specta-

145 2494 228 2531 bilis
249 2498 369 2531 autem
391 2494 602 2541 Augustalis
623 2498 660 2530 et
674 2494 774 2540 quod
788 2496 823 2531 ei
831 2499 943 2542 paret
956 2496 1131 2541 officium,
1147 2495 1197 2532 ad
1211 2506 1319 2531 unam
1335 2499 1375 2530 ut
1390 2495 1523 2531 dictum
1537 2499 1590 2531 est
1604 2506 1655 2531 ex
1669 2495 1937 2541 auqustalianis
1950 2499 1988 2531 et
2003 2497 2068 2542 qui
2081 2496 2190 2544 prius
2202 2496 2360 2541 fuerant

146 2540 312 2576 ducianis
341 2540 628 2575 coniunctionem
658 2544 694 2574 et
717 2540 965 2585 confusionem
987 2539 1185 2583 redactum,
1215 2540 1425 2576 exactiones
1446 2540 1589 2585 facient
1610 2550 1660 2576 ex
1682 2540 1829 2575 urbibus
1850 2545 1887 2576 et
1909 2540 1999 2576 locis
2020 2545 2055 2576 et
2075 2541 2244 2586 personis
2265 2541 2359 2577 dele-

145 2585 244 2631 qatis
273 2585 466 2620 naulorum
498 2583 701 2630 susceptori
733 2595 782 2620 ex
804 2584 1138 2620 Alexandrinorum
1163 2585 1252 2621 urbe
1273 2589 1310 2621 et
1331 2588 1487 2631 utraque
1508 2586 1689 2631 Aeqypto,
1712 2585 1877 2621 similiter
1895 2585 1975 2631 ipso
1999 2596 2144 2632 quoque
2165 2585 2359 2622 naulorum

145 2633 356 2675 susceptore
382 2627 476 2664 hanc
505 2628 732 2664 exactionem
759 2629 931 2674 faciente,
962 2633 1003 2665 ut
1024 2641 1096 2677 pro
1154 2631 1181 2665 'o
1204 2630 1368 2676 periculo
1392 2635 1427 2665 et
1449 2629 1662 2682 Auqustalis
1682 2630 1778 2666 sicut
1799 2629 1934 2665 dictum
1956 2637 2010 2666 est
2031 2634 2068 2666 et
2090 2631 2169 2666 eius
2192 2631 2358 2677 officium

146 2674 236 2709 haec
258 2675 386 2719 exigat
407 2684 482 2708 una
505 2683 584 2708 cum
608 2677 817 2720 susceptore
838 2674 1040 2710 naulorum.
1089 2641 1158 2710 gi
1175 2674 1251 2721 ipsi
1266 2685 1410 2720 quoque
1426 2674 1633 2721 periculum
1654 2674 1814 2710 imminet
1835 2673 1964 2710 horum
1987 2676 2202 2718 exactionis,
2226 2679 2268 2711 ut
2279 2676 2360 2711 sine

145 2716 423 2765 reprehensione
450 2728 580 2753 aurum
608 2718 738 2764 exiqat
766 2721 802 2753 et
830 2719 868 2754 in
899 2717 995 2754 hunc
1023 2730 1127 2755 usum
1157 2718 1342 2766 expendat
1370 2722 1407 2755 et
1436 2718 1670 2754 naviculariis
1700 2718 1895 2755 distribuat
1919 2719 2015 2755 sicut
2044 2719 2218 2756 hactenus
2247 2720 2359 2756 moris

144 2763 243 2808 fuit,·
272 2772 352 2798 cum
381 2762 504 2798 eodem
535 2762 727 2798 naulorum
756 2768 966 2816 susceptore
997 2763 1086 2800 haec
1113 2767 1313 2811 peraqente
1345 2767 1380 2798 et
1404 2764 1609 2811 periculum
1639 2763 1811 2799 subeunte
1841 2764 1880 2799 in
1911 2764 2075 2800 omnibus
2096 2764 2294 2812 Auqustali
2323 2768 2360 2800 et

146 2807 274 2852 officio
306 2807 406 2853 quod
435 2808 469 2842 ei
486 2812 595 2853 paret
616 2812 652 2842 et
672 2807 884 2852 fortissimis
907 2807 1114 2844 cohortibus
1130 2819 1204 2855 per
1226 2809 1306 2844 loca
1330 2809 1535 2844 constitutis
1557 2819 1638 2844 cum
1660 2809 1737 2843 suis
1762 2808 1924 2844 tribunis.
1974 2808 2124 2856 Oportet
2144 2811 2238 2846 enim
2262 2809 2361 2844 omni

145 2852 253 2887 modo
276 2851 469 2887 naulorum
491 2852 667 2887 rationem
690 2852 863 2898 compleri
884 2857 921 2889 et
944 2853 1043 2888 tradi
1063 2853 1267 2900 susceptori
1287 2856 1324 2888 et
1345 2854 1390 2889 ab
1414 2864 1456 2889 eo
1480 2853 1611 2888 iustum
1635 2856 1671 2888 et
1686 2852 1881 2898 leqitimum
1897 2854 1935 2889 in
1949 2854 2093 2889 modum
2109 2854 2359 2890 administrari

146 2900 183 2933 et
211 2896 446 2932 naviculariis
470 2897 658 2949 praestari
679 2907 755 2943 pro
781 2901 857 2932 tota
877 2898 981 2943 felici
1003 2898 1152 2934 embola.
1199 2897 1250 2933 Et
1272 2896 1361 2934 haec
1385 2898 1527 2944 quidem
1550 2898 1671 2944 prima
1694 2908 1784 2933 cura
1807 2899 1877 2934 erit
1894 2901 1930 2933 et
1951 2899 2216 2934 administratio
2238 2909 2356 2934 secum

147 2942 352 2984 coniuncta,
371 2941 494 2987 felicis
516 2940 674 2977 embolae
697 2945 733 2977 et
754 2942 958 2978 naulorum.

279 2985 341 3020 IX.
388 2985 554 3021 Secundo
589 2991 708 3021 autem
744 2985 822 3021 loco
852 2986 1015 3022 volumus
1043 2986 1296 3023 sublimitatem
1329 2990 1427 3022 tuam
1458 2990 1494 3022 et
1523 2986 1587 3032 qui
1617 2997 1762 3032 quoque
1792 2990 1952 3033 tempore
1981 2987 2077 3023 hunc
2106 2987 2356 3033 maqistratum

145 3035 449 3111 iiim-{5⁸25
470 3031 1191 3112 ammi?‚fflx‘z‘r‘zzzlezffffssxss
1209 3030 2358 3122 έῗιῧὲῗαῗεξΛέῖῗῗῗέῗέἷνῖᾜςξῖωεῖξξῆἒὲἷοῖἱμέἔέἕηαιεηὶ·

146 3120 331 3162 nimirum,
360 3130 410 3155 ex
440 3086 649 3156 urbibusqet
704 3120 843 3155 ersonis
874 3131 1068 3167 earumque
1094 3120 1367 3166 fideiussoribus
1390 3125 1427 3156 et
1449 3120 1540 3156 locis
1562 3120 1612 3156 ad
1634 3120 1729 3156 hanc
1744 3086 1909 3167 parterfaep
1914 3120 2109 3166 deputatis,
2132 3087 2301 3154 s'Zbiectis
2322 3120 2359 3169 εἰ
2377 3157 2386 3167 ,

146 3166 236 3210 ipsis
264 3164 347 3199 nuic
377 3175 506 3200 sacrae
534 3164 617 3210 leqi.
701 3175 741 3199 ec
762 3165 884 3212 possit
908 3168 1055 3201 omnino
1078 3176 1194 3212 neque
1215 3165 1424 3212 spectabilis
1446 3165 1661 3211 Auqustalis
1683 3176 1798 3210 neque
1820 3165 1984 3210 officium
2006 3164 2040 3200 ei
2053 3174 2190 3209 parens
2211 3173 2278 3198 nec
2298 3162 2356 3197 det

146 3209 410 3244 amantissimus
436 3211 558 3256 episco
586 3220 629 3244 us
651 3209 983 3246 Alexandrinorum
1014 3209 1120 3257 λόγον
1149 3210 1238 3246 dare
1268 3214 1334 3245 aut
1360 3210 1519 3246 eximere
1549 3209 1723 3256 quosdam
1754 3221 1777 3243 a
1807 3209 1952 3254 publica
1983 3209 2175 3243 exactione
2206 3210 2270 3243 aut
2293 3208 2356 3242 im-

147 3253 295 3288 miscere
324 3263 364 3288 se
391 3253 503 3289 ullam
534 3266 555 3289 0
612 3264 759 3289 causam
792 3254 876 3290 huic
898 3256 1085 3290 exactioni
1107 3255 1156 3290 ad
1178 3254 1406 3291 sublimitatis
1429 3259 1513 3290 tuac
1534 3265 1677 3290 mensas
1698 3253 1773 3289 sive
1790 3263 1971 3298 personas
1993 3252 2043 3288 ad
2064 3263 2142 3287 eam
2165 3251 2358 3299 deputatas

145 3297 352 3343 pertinenti,
382 3298 454 3332 nisi
484 3298 617 3333 auxilii
643 3300 766 3344 qratia
797 3299 864 3335 hoc
886 3305 927 3334 ut
945 3299 1014 3345 fiat
1036 3300 1207 3346 petierint
1232 3302 1448 3335 tractatores
1470 3303 1507 3335 et
1528 3301 1592 3345 qui
1615 3299 1731 3334 locum
1755 3308 1877 3333 eorum
1901 3297 1939 3331 in
1959 3297 2152 3343 provincia
2174 3296 2354 3343 supplent.

195 3465 215 3497 3
243 3465 367 3497 πλεῖον
388 3463 475 3497 ἴσως
492 3463 516 3506 ἢ
539 3464 721 3509 πρότερον
744 3467 861 3508 Kroll]
892 3465 1051 3501 πλείονες
1074 3464 1122 3501 οἷς
1144 3467 1219 3511 βιό-
1287 3467 1299 3511 ΙΙ
1323 3467 1366 3501 25
1390 3463 1481 3512 αὐτῇ
1507 3465 1694 3500 Zachariae
1716 3464 1799 3514 για-πίε
1823 3463 1836 3505 ΙΙ
1866 3465 1908 3497 28
1917 3462 2135 3515 ,Αἰγύπτων
2159 3460 2356 3514 ζαεήανίαε]

150 3519 257 3552 '‘⁸9⁰’‘
274 3509 324 3547 ᾹῙ,
342 3506 471 3542 πλεῖον
492 3507 516 3551 ἢ
537 3506 585 3543 ώς
607 3510 786 3554 πρότερον
803 3510 1017 3557 Zachariae!
1034 3515 1057 3546 4
1079 3509 1221 3556 καιρούς
1288 3508 1351 3544 ἀπ’
1379 3508 1553 3556 αἰγὺπτου
1567 3511 1609 3542 Μ
1620 3510 1632 3551 ΙΙ
1649 3510 1692 3559 29
1715 3520 1761 3549 τη
1784 3519 1825 3539 τε
1840 3505 1934 3559 ἰδικη
1951 3519 1996 3558 τη
2011 3519 2052 3540 τε
2069 3506 2256 3558 yonam-AI,
2274 3518 2356 3540 σοι-ι’.

152 3554 231 3586 add.
253 3550 440 3605 Zachariae
464 3554 478 3598 Ι
515 3556 553 3588 11
578 3554 790 3599 προσώπων
818 3556 1062 3601 Οεειιὸνῦςρεη]
1087 3555 1219 3601 προσό-
1291 3554 1477 3590 Zachariae
1504 3555 1516 3597 fl
1547 3555 1588 3606 {33
1620 3562 1682 3593 της
1708 3550 1903 3605 Ζαεξιαζιαε]
1934 3563 2013 3584 '¹⁰²¹'
2036 3551 2083 3583 Μ
2105 3551 2118 3594 Ι
2151 3562 2227 3603 ‘103⁸‘
2249 3548 2355 3592 δημθ·

153 3593 372 3675 3w3M218
395 3599 644 3687 ῳῆίὶἆὲῗνρῖἶ
659 3600 732 3678 Ιλῖθ
756 3600 841 3679 [5119
840 3602 935 3679 adda!
931 3602 1094 3680 Scrimyg
1110 3602 1123 3644 ss
1133 3612 1219 3680 Io'vv·
1289 3602 1383 3633 σίων
1408 3598 1593 3634 ΖαεΙιαι-ιαε
1624 3597 1637 3640 fl
1668 3597 1711 3630 35
1742 3607 1841 3628 αντω
1866 3595 1916 3637 Μ,
1941 3607 2023 3629 corr.
2049 3593 2234 3629 Zachariae

150 3654 210 3697 Ιιιιν
234 3652 420 3675 υνευοντος
584 3655 678 3678 αποκ
700 3656 809 3689 ηρουσ
843 3658 880 3678 αι
935 3671 944 3688 ,
960 3659 1041 3681 corr.
1087 3660 1130 3691 93⁴
1145 3659 1222 3680 aeus
