2476 3854
117 63 159 107 N
159 76 226 107 ov.
258 63 441 111 CXXIII
473 68 493 108 1

1185 62 1274 110 594

1953 80 2016 112 DE
2043 80 2250 115 mammes
2254 83 2354 116 uns*

1124 176 1280 212 CAPUT
1304 177 1333 211 I.

186 233 412 276 Θεσπίζομεν
435 235 571 274 τοίνυν,
606 229 729 265 ὁσάκις
752 226 798 266 ἂν
821 234 921 277 χρεία
952 233 1099 274 γένηται
1123 234 1199 267 ἐπί-

116 287 255 313 σκοπον
278 277 597 322 χειροτονηθῆναι,
618 276 702 310 τοὺς
721 275 905 320 κληρικοὺς
927 280 987 310 καὶ
1003 276 1085 311 τοὺς
1101 276 1199 322 πρώ-

115 333 196 356 τους
228 323 291 365 τῆς
321 321 477 361 πόλεως,
512 321 552 364 ἡς
574 320 693 365 μέλλει
725 317 745 354 ὁ
772 324 963 356 ἐπίσκοπος
990 325 1199 367 χειροτονεῖ·

116 367 225 406 σθαι,
252 369 323 419 ἐπιῇ
334 370 429 419 τρισὶ
454 363 656 421 προςαξποις
675 370 892 412 ψηφίσματα
917 370 1036 401 ποιεῖν
1060 380 1199 411 προκει-

1336 233 1523 269 Sancimus
1546 233 1663 278 igitur,
1699 234 1862 278 quotiens
1885 245 1976 279 opus
1999 235 2113 272 fuerit·
2136 237 2344 283 episcopum

1268 278 1444 320 ordinare,
1471 278 1619 315 clericos
1643 283 1687 315 et*
1701 279 1876 324 primates>
1895 280 2059 325 civitatis,
2084 281 2186 318 cuius
2200 282 2343 319 futurus

1268 328 1323 358 est
1351 324 1542 369 episcopus
1572 323 1744 368 ordinari,
1775 335 1858 360 mox
1886 324 1924 360 in
1954 325 2068 361 tribus
2098 327 2259 371 personis
2282 327 2343 363 de-

1268 371 1367 403 creta
1397 368 1517 404 facere
1546 370 1737 421 propositis
1764 371 2002 406 sacrosanctis
2028 371 2218 415 evangeliis
2248 372 2343 417 peri-

114 414 237 455 μένων
272 425 349 445 των
381 414 499 457 αγίων
534 410 754 466 ευριγγελίξον
789 410 947 454 κινδύνῳ
984 413 1061 446 τῶν
1092 410 1199 447 ἰδίων
1234 415 1253 447 5
1268 414 1348 448 culo
1368 423 1728 449 suarum'anlmarum
1745 414 1902 450 dicentes
1922 415 1960 450 in
1974 416 2062 461 ipsis
2077 415 2241 460 decretis,
2260 417 2344 462 quia

138 458 242 499 ιυχῶν
266 459 337 497 [καὶ
361 457 515 490 ἕκαστον
539 469 664 490 αυτων
687 457 844 499 ομνύναι
869 456 962 490 κατὰ
986 457 1063 491 τῶν
1079 458 1198 492 θείων

156 505 257 547 γίων,
282 503 342 534 καὶ
365 501 557 547 ἐγγράφειν
580 502 621 535 ἐν
644 498 774 543 αὐτοῖς]
807 500 975 547 λέγοντας
1006 503 1046 536 ἐν
1077 499 1198 537 αὐτοῖς

113 549 187 580 τοῖς
218 550 458 591 ψηφίσμασιν,
490 542 560 580 ὅτι·
580 545 663 580 οὔτε
686 544 746 580 διά
776 560 859 581 τινα
893 544 999 581 δόσιν
1029 546 1113 582 οὔτε
1136 546 1196 582 διὰ

113 588 312 633 ὑπόσχεσιν
343 588 367 634 ἢ
391 589 515 636 φιλίαν
545 587 569 634 ἢ
602 588 653 625 δι’
682 590 794 635 ἄλλην
817 589 923 626 οἱανὸ
935 591 1036 627 ’ποτε
1064 593 1195 636 αἰτίαν,

1267 469 1382 503 neque
1417 461 1566 503 propter
1599 460 1752 504 aliquam
1789 460 2015 496 donationem
2050 471 2163 505 neque
2198 467 2350 507 propter

1266 504 1534 548 promissionem
1557 507 1621 539 aut
1636 505 1838 540 amicitiam
1851 509 1914 540 aut
1928 506 2202 551 propter-aliam
2220 517 2342 551 quam-

1265 550 1351 584 libet
1374 559 1536 592 causam,
1572 549 1812 585 sed2scientes
1845 560 1909 585 eos·
1930 557 2049 586 rectae
2078 554 2114 586 et
2146 551 2344 587 catholicae

1265 593 1347 628 fidei
1378 596 1421 628 et
1444 594 1616 629 honestae
1646 595 1741 630 vitae
1771 605 1849 630 esse
1877 595 1952 640 (et)
1980 596 2117 631 litteras
2148 606 2254 632 nosse
2276 596 2344 632 hos

113 632 192 669 ἀλλ’
212 633 346 669 εἰδότες
370 633 498 670 αὐτοὺς
521 637 584 679 τῆς
607 633 723 682 ὀρθῆς
746 639 806 670 καὶ
822 637 920 671 uasto
944 639 1019 680 ικῆς
1040 642 1197 673 πίστεως
1212 640 1251 673 10
1265 639 1456 683 elegerunt,
1487 642 1523 673 et
1546 639 1630 684 quia
1652 649 1766 684 neque
1790 650 1935 675 uxorem
1963 651 2077 686 neque
2100 641 2191 678 filios
2216 641 2347 686 aliquis·

111 684 172 714 καὶ
196 681 326 734 σεμγοῦ
360 681 451 715 εἶναι
463 684 501 759 A&

485 739 500 759 ε

503 684 556 714 ιὀυ
589 684 660 723 [καὶ
684 682 774 727 ὑπὲρ
797 681 841 716 τὸ
865 681 1083 727 τριακοστὸν
1107 685 1195 725 ἔτος]

111 729 171 778 καὶ
201 739 398 780 γραμματα
430 726 461 759 εἰ
498 729 505 737 ’
1141 725 1159 736 ‘¹

503 739 564 760 ναι
598 725 745 761 τούτους
780 726 1005 768 ἐπελέξαντο,
1043 731 1102 762 καὶ
1138 742 1196 762 οτι

112 783 194 804 ουτε
223 784 384 817 γαμετην
414 769 499 804 οὔτε
530 769 663 806 παῖδάς
693 783 747 805 τις
777 771 817 812 ἐξ
846 769 970 806 αὐτῶν
995 774 1081 816 ἔχει,
1113 770 1197 807 οὐδὲ

111 814 300 859 παλλακὴν
315 812 338 858 ἢ
355 814 487 850 παῖδας
510 816 677 872 φυσικοὺς
700 816 941 871 γινώσκουσιν
965 814 1078 852 αὐτὸν
1096 820 1195 861 ἐσχη-

242 858 258 870 Ἀ

1265 694 1385 719 eorum
1408 683 1527 727 habet,
1559 694 1605 720 ne
1630 695 1675 720 ue
1699 685 1934 720 concubinam
1958 689 2022 721 aut
2044 686 2136 722 filios
2160 686 2342 722 naturales

1267 731 1489 772 cognoscunt
1510 739 1591 764 eum
1637 730 1780 765 abuisse
1803 732 1867 765 aut
1889 731 2030 772 habere,
2055 731 2118 766 sed
2138 734 2175 767 et
2194 732 2224 766 si
2242 731 2342 776 prius

1264 784 1411 809 uxorem
1447 774 1576 818 aliquis
1609 784 1654 810 ex
1684 774 1734 810 eis
1769 775 1912 819 habuit,
1949 779 1985 811 et
2017 775 2132 821 ipsam
2168 786 2276 812 unam
2307 779 2343 811 et

1292 824 1417 859 rimam
1441 826 1477 858 et
1495 833 1610 868 neque
1634 823 1775 858 viduam
1798 833 1912 868 neque
1935 834 2009 859 vrro
2026 824 2253 859 coniunctam
2276 833 2342 859 nec

110 863 210 894 κέναι
234 874 256 903 η
282 862 385 903 ἐχειν,
419 858 500 894 ἀλλ’
515 874 569 916 ’.ει1
587 865 647 895 καὶ
679 875 859 907 προτερον
888 862 1049 917 γἀμετήν
1080 863 1196 918 ussit}
1212 866 1248 898 15
1280 870 1401 913 egibus
1425 872 1488 904 aut
1511 868 1623 903 sacris
1648 868 1844 903 canonibus
1866 869 2107 912 interdictam:
2139 869 2203 904 sed
2226 878 2342 913 neque

111 903 236 940 αὐτῶν
268 908 363 948 ἔσχε,
399 909 459 939 καὶ
483 919 599 949 αυτην
629 910 720 951 μιάν
751 910 811 940 καὶ
839 920 991 953 πρωτην
1021 911 1082 942 καὶ
1113 907 1197 942 ουδὲ

110 950 224 993 χήραν
255 947 340 984 οὐδὲ
371 947 502 996 ἀνδρὸς
534 948 826 1006 ἇποζευχθεῖσαν
860 949 944 986 οὐδὲ
972 956 1046 987 τοῖς
1074 953 1197 997 νόμοις

110 993 194 1030 οὐδὲ
222 998 296 1030 τοῖς
327 995 431 1040 ἱεροῖς
467 995 619 1031 κανόσιν
651 1000 964 1044 απηγορευμεί]ην,·
1002 994 1087 1031 ἀλλ’
1114 996 1197 1032 οὐδὲ

109 1039 306 1084 βουλευτὴν
322 1039 346 1084 ἢ
361 1040 549 1095 ταξεωζτην
571 1043 704 1076 τοῦτον
721 1042 815 1096 εἶναι
834 1041 1086 1090 γινώσκουσιν,
1110 1041 1133 1086 ἢ
1148 1043 1194 1077 εἴ-

110 1099 193 1140 περἱ
210 1085 419 1133 βουλευτικῇ
456 1100 477 1129 η
509 1086 710 1142 ταξεωτιῗκῇ
741 1090 908 1123 υπέκειτο
938 1087 1038 1135 τύχῃ,
1073 1088 1196 1122 ἴσασιν
1209 1090 1251 1123 20

110 1128 223 1165 αὐτον
247 1133 287 1165 έν
308 1135 542 1176 μοναστηρίῳ
567 1129 638 1174 οὐχ.
653 1145 762 1175 ηττον
794 1131 990 1167 δεκαπέντε
1016 1134 1195 1168 ἐνιαυτῶν

109 1179 131 1212 1
177 1176 376 1221 μοναχικὸν
406 1180 490 1221 βίον
520 1176 766 1212 ἐκτελέσαντοι.
844 1180 904 1211 καὶ
920 1178 1036 1221 ,τοῦτο
1061 1175 1100 1211 δὲ
1122 1181 1196 1213 τοῖς

109 1226 317 1266 ψηφίσμασι
342 1219 398 1255 δεῖ
420 1222 651 1265 ἐντίθεσθαι,
673 1219 803 1268 ὅτιπερ
827 1222 891 1265 οὐχ
914 1223 1026 1266 ἡττον
1049 1221 1072 1266 ἢ
1095 1224 1193 1268 τριά-

109 1279 221 1300 κοντα
244 1270 355 1321 πέντε
376 1267 440 1322 τῆς
463 1261 601 1310 ἦλικίας
622 1267 806 1321 ἐνιαυτοὺς
836 1270 930 1310 ἔχειν
960 1268 1004 1303 τὸ
1031 1267 1195 1314 ἐπιλεγὲν

1266 914 1436 950 curialem
1468 916 1531 949 aut
1553 912 1742 948 officialem
1773 913 1869 948 hunc
1901 923 1979 948 esse
2007 917 2243 958 cognoscunt,
2277 917 2351 949 ευτ’

1265 961 1297 995 si
1321 959 1446 994 curiali
1476 958 1531 994 vel
1554 957 1700 994 officiali
1723 958 1885 993 subiacet
1905 958 2086 1000 fortunae,
2111 957 2231 994 sciunt
2260 968 2341 993 eum

1265 1005 1302 1040 in
1325 1003 1541 1040 monasterio
1572 1013 1644 1037 non
1667 1003 1781 1037 minus
1806 1002 2003 1047 quindecim
2035 1003 2136 1038 amris
2160 1002 2340 1040 monachi-

1266 1059 1344 1085 cam
1368 1048 1672 1085 conversationem
1696 1048 1870 1093 implesse.

1264 1185 1284 1219 1
1341 1183 1420 1218 Hoc
1455 1193 1595 1228 quoque
1630 1182 1782 1218 decretis
1816 1185 1958 1226 oportet
1991 1182 2115 1225 inseri,
2151 1182 2236 1228 quia.
2269 1193 2341 1218 non

1264 1228 1379 1263 minus
1409 1239 1513 1272 quam
1545 1228 1688 1271 triginta
1719 1227 1874 1271 quinque
1905 1227 2033 1263 aetatis
2064 1237 2178 1264 anuos
2209 1227 2342 1263 habere

1264 1273 1295 1309 si
1318 1283 1388 1318 qua
1413 1274 1552 1318 eligitur
1582 1273 1627 1308 ab
1660 1273 1711 1308 eis
1743 1274 1965 1315 cognoscunt
1993 1283 2199 1326 personam:
2234 1276 2275 1308 ut
2297 1283 2342 1308 ex

108 1308 199 1356 παρ’
219 1312 345 1346 αυτοῦν
361 1323 557 1367 προςωπον
570 1324 829 1358 γινωσκουσιν·
857 1314 917 1347 ἵνα
933 1314 972 1347 ἐκ
987 1314 1065 1347 τῶν
1081 1326 1195 1358 τριων
1208 1315 1249 1348 25
1263 1318 1372 1353 trium
1407 1328 1645 1363 personarum
1682 1327 1748 1362 pro
1783 1317 1910 1361 quibus
1947 1318 2035 1352 talla·
2068 1318 2211 1354 decreta
2243 1317 2342 1354 facta

108 1357 325 1402 προςοόπων,
357 1359 448 1403 υπὲρ
473 1371 528 1391 ων
551 1358 598 1392 τὰ
618 1359 773 1392 τοιαῦτα
796 1362 1014 1403 ψηφίσματα
1035 1361 1194 1404 γε’γονεν,

108 1399 133 1435 ὁ
152 1401 309 1446 βελτίων
337 1402 578 1449 χειροτονηθῇ
602 1401 646 1449 τῇ
671 1402 818 1449 ἐπιλογῇ
857 1406 917 1437 καὶ
947 1404 1001 1447 τῷ
1032 1401 1193 1447 κινδύνῳ

108 1449 173 1481 τοῦ
205 1449 503 1493 χειροτονοῦντος.
549 1448 617 1482 τὸν
642 1446 681 1481 δὲ
703 1447 900 1491 βουλευτὴν
923 1446 947 1492 ἢ
969 1448 1038 1483 τὸν
1059 1449 1194 1489 rageni-

107 1506 176 1535 την
190 1493 259 1527 τὸν
274 1490 334 1534 (ὠς
351 1493 502 1538 εἴρηται)
525 1495 585 1528 ἐπὶ
606 1491 803 1528 δεκαπέντε
821 1493 1007 1528 ἐνιαυτοὺς
1027 1495 1067 1527 ἐν
1082 1507 1193 1537 μονα-

1265 1365 1349 1399 sunt
1383 1363 1509 1399 melior
1544 1363 1728 1398 ordinetur
1770 1362 1945 1397 electione
1985 1365 2031 1398 et
2055 1363 2228 1407 pericuio·
2246 1362 2339 1398 ordi-

1264 1408 1394 1443 nantis.
1441 1408 1615 1443 Curia-lem
1633 1418 1715 1443 vero
1731 1407 1786 1442 vel
1798 1407 1992 1442 officialem
2008 1408 2080 1453 qui,
2096 1408 2190 1443 sicut
2208 1407 2340 1443 dictum

1264 1457 1329 1496 est,
1361 1453 1564 1498 quindecim>
1591 1453 1694 1488 annis
1723 1453 1759 1487 in
1783 1453 1997 1488 monasterio
2030 1457 2261 1488 conversatus
2287 1456 2342 1488 est

1265 1502 1300 1533 et
1322 1498 1367 1533 ad
1391 1499 1635 1544 episcopatum
1658 1500 1884 1543 provocatus,
1916 1498 2067 1533 liberum
2091 1497 2341 1543 esse-propria

109 1541 244 1582 στηρίῳ
280 1536 505 1585 διαγαγόντα
539 1541 599 1573 καὶ
637 1539 684 1572 εἰς
718 1539 922 1592 έπισκοπῂν
957 1539 1194 1583 προαχθέντα
1207 1541 1249 1574 30
1264 1542 1423 1587 fortuna,
1463 1545 1514 1579 ita
1548 1546 1670 1578 tamen·
1702 1545 1744 1578 ut
1777 1543 1951 1578 liberatus
1987 1553 2009 1577 a
2044 1543 2144 1578 curia
2179 1547 2340 1587 quartam

109 1582 303 1628 ἐλεύθερον
337 1583 430 1617 εἶναι
465 1585 528 1626 τῆς
562 1581 655 1618 ἰδίας
679 1583 804 1627 τύχης,
839 1581 937 1618 οὕτω
972 1587 1098 1628 μέντοι
1134 1585 1194 1618 ἵνα
1263 1592 1402 1633 partem
1437 1599 1524 1624 guae,
1548 1588 1772 1624 substantiae
1803 1587 1871 1622 sibi
1893 1587 2063 1630 retineat,
2096 1588 2249 1633 reliquis-
2265 1587 2341 1623 eim

108 1626 372 1673 ἐλευθερωθεὶς
394 1629 456 1671 τῆς
478 1627 609 1672 βουλῆς
629 1628 672 1663 τὰ
693 1632 869 1674 τέταρτον
891 1632 995 1674 μέρος
1017 1630 1081 1672 τῆς
1103 1627 1195 1663 ἰδίας
1263 1633 1371 1669 rebus
1417 1633 1612 1670 secundum
1657 1635 1816 1669 nostram
1857 1632 1967 1677 legem
2010 1632 2131 1669 curiae
2176 1635 2221 1669 et,
2252 1632 2340 1669 fisco

108 1677 314 1718 περιουσίας
328 1674 445 1716 ἑαυτῷ
466 1672 738 1722 παρακατάσχῃ,
756 1675 835 1709 τῶν
850 1672 1064 1709 ὑπολοίπων
1082 1671 1192 1708 αὐτοῦ

108 1716 339 1767 πραγμάτων
362 1718 454 1753 κατὰ
484 1719 553 1754 τὸν
575 1717 749 1764 ἡμέτερον
779 1716 896 1764 νόμον
920 1722 970 1766 τῇ
988 1718 1100 1766 βουλῇ
1131 1722 1192 1753 καὶ

176 1776 285 1819 capr]
306 1783 336 1810 et
358 1776 403 1810 II
409 1789 463 1819 pr.
490 1778 522 1812 in
546 1777 579 1812 L
595 1778 794 1819 omittuntur,
827 1789 934 1812 eorum
959 1778 1027 1811 loco
1051 1778 1174 1811 inserta
1196 1783 1270 1811 sunt
1293 1789 1362 1811 nov.
1382 1777 1526 1811 CXXX
1535 1776 1607 1809 VII
1609 1788 1668 1819 pm
1693 1783 1724 1811 et
1746 1789 1773 1810 c.
1801 1777 1885 1811 1-3
1900 1776 2339 1819 ¹(similiter-intB-ea1144!

108 1822 226 1864 exeipit
249 1822 395 1856 novellae
421 1821 648 1856 CXXXVII
668 1823 780 1864 capita
796 1823 840 1857 ,2⁸>
861 1823 906 1864 3).
1604 1849 1607 1852 Δ

242 1867 324 1909 3sq.
348 1868 553 1902 summarium
576 1867 660 1910 Am.-
677 1874 824 1911 repetunt
843 1867 1010 1911 paratitla
1030 1867 1107 1901 Aah.
1133 1867 1249 1905 2051.
1275 1885 1319 1891 -—
1343 1867 1559 1900 Summarium
1583 1879 1613 1900 v.
1639 1867 1769 1901 18—22
1795 1874 1882 1900 extat
1903 1862 1997 1900 Ῥοπ.
2019 1868 2080 1908 34,
2094 1874 2111 1900 2
2119 1891 2130 1909 ,
2160 1878 2192 1898 υ.
2206 1866 2345 1900 23-25

333 1908 426 1947 Ῥοπ.
440 1913 539 1953 41‚1;
574 1912 652 1947 Am.
674 1925 825 1947 summam
848 1925 880 1946 υ.
895 1914 1038 1948 18-22,
1065 1913 1246 1953 28-595,
1260 1919 1273 1946 1
1298 1919 1444 1954 repetunt
1465 1913 1629 1954 paratitlo
1653 1913 1726 1944 Ath.
1748 1912 1802 1950 8-§
1815 1919 1842 1945 2.
1870 1913 1911 1945 18
1931 1917 1948 1951 ξ
1964 1919 1987 1945 1.

242 1977 269 2012 1.
316 1977 510 2015 Sancimus
533 1978 659 2023 iyitur,
690 1983 730 2013 ut
746 1978 893 2024 ‘quoties
916 1978 1124 2030 episcopum
1155 1978 1274 2012 creari
1299 1988 1392 2023 opus
1414 1977 1479 2019 sit,
1511 1977 1635 2012 cleriei
1667 1981 1716 2011 et*
1723 1978 1907 2023 primores
1935 1977 2110 2018 civitatis,
2142 1978 2341 2025 cuiasepi-

107 2032 241 2069 scopus
265 2021 444 2058 creandus
467 2026 538 2065 est,
569 2021 614 2057 de
639 2022 753 2058 tribus
776 2033 951 2069 personis
981 2022 1126 2058 decreta
1155 2022 1303 2068 faciant
1330 2021 1532 2068 propositis
1563 2022 1701 2057 sanetis
1723 2021 1921 2067 evangeliis
1944 2021 2111 2075 periculo
2138 2022 2345 2058 animarum-

106 2078 256 2102 suarum
288 2071 336 2109 [et
366 2067 614 2113 unusquisque
644 2078 769 2103 eorum
797 2078 867 2114 per
896 2071 1026 2103 saneta
1055 2067 1242 2114 evanqelia
1274 2067 1388 2110 iuret,
1423 2070 1532 2113 atque
1562 2067 1600 2102 in
1631 2067 1678 2102 iis
1708 2066 1867 2110 scribat]‚
1903 2066 2061 2103 dicentes
2092 2067 2130 2102 in
2162 2066 2253 2113 ipsis
2282 2067 2342 2104 de-

108 2114 216 2147 cretis
246 2124 285 2148 se
315 2123 431 2158 neque
459 2115 616 2165 propter
647 2112 876 2158 larqitionem
908 2113 1019 2148 ullam
1050 2123 1166 2159 neque
1190 2116 1350 2159 propter
1377 2112 1654 2158 promissionem
1684 2115 1748 2147 aut
1776 2111 1970 2148 amicitiam
2001 2116 2065 2148 aut
2091 2111 2202 2147 aliam
2229 2112 2342 2148 ullam

108 2168 254 2192 causam
286 2169 349 2194 eos
371 2158 533 2204 eleqzsse‚
563 2157 629 2192 sed
658 2169 737 2193 cum
767 2159 885 2194 sciant
913 2168 977 2193 eos
997 2161 1119 2194 rectae
1149 2161 1183 2193 et
1207 2156 1408 2192 catholicae
1432 2156 1522 2203 fidei
1553 2161 1662 2203 atque
1693 2156 1865 2193 honestae
1893 2157 1988 2193 vitae
2010 2167 2087 2192 esse
2118 2160 2166 2199 [et
2182 2158 2343 2204 'triginta

109 2203 214 2237 annis
238 2204 406 2245 maiores]
439 2206 474 2238 et
505 2202 647 2238 litteras
670 2213 787 2245 nosse,
819 2207 855 2238 et
877 2214 992 2249 neque
1012 2213 1167 2238 uxorem
1197 2213 1313 2248 neque
1336 2201 1469 2238 liberos
1489 2213 1702 2249 quemquam
1725 2213 1776 2238 ex
1797 2202 1844 2237 iis
1866 2201 2009 2244 habere,
2040 2212 2155 2248 neque
2179 2201 2341 2238 concubi-

108 2259 191 2286 nam
221 2252 285 2284 aut
308 2247 440 2283 liberos
463 2247 651 2284 naturales
679 2259 718 2283 se
739 2248 833 2284 scire
856 2259 919 2284 eos
942 2245 1109 2285 habuisse
1139 2248 1195 2283 vel
1217 2247 1360 2289 habere,
1390 2247 1455 2283 sed
1476 2251 1512 2283 et
1533 2248 1566 2282 si
1589 2247 1672 2293 quis
1702 2258 1828 2283 eorum
1850 2247 1962 2294 prius
1988 2257 2144 2284 uxorem
2166 2245 2342 2290 habuerit,

108 2294 124 2328 i
148 2303 225 2328 sam
249 2303 392 2339 quoque
415 2303 525 2329 unam
547 2296 582 2328 et
595 2293 756 2339 primam
779 2303 846 2329 nec
869 2293 1013 2329 viduam
1037 2304 1152 2339 neque
1175 2304 1198 2328 a
1221 2293 1300 2329 viro
1323 2296 1532 2345 separatam
1555 2303 1621 2328 nec
1644 2292 1782 2338 leqae'bus
1807 2296 1872 2327 aut
1896 2292 2015 2328 sacris
2037 2292 2234 2328 canonibus
2253 2303 2341 2340 pro-

108 2305 279 2380 litonum
314 2349 379 2374 nec
402 2339 520 2384 maqis
542 2338 714 2374 curialem
738 2342 803 2374 aut
826 2338 1022 2384 officialem
1046 2349 1123 2374 esse
1146 2348 1224 2373 eum
1248 2348 1286 2373 se
1308 2348 1413 2379 scire,
1443 2341 1507 2373 aut
1529 2337 1704 2383 siquidem
1728 2337 1859 2373 curae'ali
1881 2337 1938 2374 vel
1959 2336 2122 2383 officiali
2137 2336 2343 2374 condicioni

110 2383 292 2419 obnoxius
312 2383 441 2429 fuerit,
471 2383 565 2418 scire
586 2394 625 2418 se
649 2394 728 2418 eum
753 2384 790 2418 in
813 2384 1034 2419 monasterio
1059 2394 1130 2418 non
1151 2383 1270 2418 minus
1293 2382 1494 2428 quindecim
1519 2383 1625 2417 annis
1648 2383 1757 2418 vitam
1779 2382 2014 2418 monasticam
2033 2382 2230 2429 pereqisse.

108 2430 131 2465 1
178 2428 260 2464 Hoc
283 2439 427 2474 quoque
458 2428 610 2464 decretis
642 2428 754 2464 inseri
785 2433 947 2475 oportet,
978 2429 1072 2465 scire
1094 2439 1158 2464 eos
1179 2438 1254 2463 non
1278 2428 1395 2463 minus
1427 2438 1535 2474 quam
1561 2428 1711 2474 triqinta
1734 2428 1895 2474 quinque
1916 2428 2048 2463 aetatis
2071 2426 2343 2463 annos-*habere

104 2483 301 2520 personam
330 2484 354 2508 a
384 2483 424 2509 se
451 2473 619 2509 electam:
654 2477 695 2508 ut
722 2483 773 2509 ex
805 2474 919 2509 tribus
941 2474 1131 2520 personis,
1165 2483 1238 2520 pro
1263 2473 1393 2519 quibus
1423 2472 1600 2508 eiusmodi
1630 2472 1776 2508 decreta
1796 2473 1903 2518 facta
1925 2475 2021 2515 sunt,
2053 2472 2343 2508 melior·ereetur

109 2519 283 2554 electione
313 2522 347 2553 et
375 2518 540 2564 periculo
573 2518 741 2554 creantis.
791 2517 948 2554 Curialis
979 2528 1063 2554 vero
1094 2517 1151 2554 vel
1181 2518 1356 2564 officialis
1387 2518 1451 2563 qui
1485 2517 1604 2560 (sicuti
1631 2517 1765 2553 dietum
1795 2520 1859 2560 est)
1887 2528 1963 2570 per
1993 2516 2195 2563 quindecim
2225 2528 2344 2553 annos

110 2564 147 2598 in
171 2563 390 2599 monasterio
416 2563 517 2609 deqit
546 2567 582 2599 et
613 2563 662 2598 ad
684 2563 934 2610 episcopatum
956 2567 1156 2610 provectas
1178 2566 1248 2606 est,
1280 2574 1304 2598 a
1332 2562 1541 2599 condicione
1570 2573 1638 2598 sua
1668 2562 1758 2599 liber
1779 2562 1846 2605 sit,
1880 2566 1934 2598 tta
1958 2565 2076 2598 tamen
2106 2566 2148 2598 ut
2171 2560 2344 2598 liberatus

110 2619 135 2643 a
158 2609 261 2642 curia
285 2611 451 2654 quartam
475 2612 623 2654 partem
654 2609 877 2644 substantiae
906 2619 995 2644 suae
1020 2608 1089 2643 sibi
1116 2608 1288 2649 retineat,
1321 2618 1401 2643 cum
1424 2608 1589 2654 reliquae
1618 2607 1696 2643 eius
1725 2618 1786 2643 res
1814 2607 2010 2643 secundum
2041 2606 2154 2653 leqem
2178 2611 2342 2643 nostram

1262 2689 1322 2719 que
1347 2677 1456 2710 curiae
1478 2677 1651 2709 servandis
1674 2677 1707 2709 in
1732 2677 1905 2709 donatione
1934 2676 1988 2709 vel
2010 2677 2044 2708 in
2067 2676 2265 2708 successione
2289 2686 2343 2708 cu-

158 2678 179 2708 4
196 2676 257 2708 ἐπὶ
273 2677 380 2718 τρισὶ]
397 2686 473 2707 mox
488 2676 525 2707 in
541 2675 649 2708 tribus
666 2675 708 2719 ςΙΙ
720 2678 967 2719 προκειμένων
983 2676 1061 2709 τῶν
1077 2672 1194 2722 ἁγίων

1262 2721 1357 2755 rialis
1377 2722 1504 2755 valent:
1530 2722 1572 2765 es.
1589 2733 1661 2754 nov.
1675 2720 1900 2754 LXXXVII
1911 2732 1967 2764 pr.
1988 2733 2024 2764 p.
2039 2720 2116 2762 423,
2130 2726 2184 2760 2ος
2213 2719 2263 2754 CI
2280 2731 2308 2754 e.
2321 2720 2342 2754 3

112 2716 330 2766 εὐαγγελίων
344 2720 372 2752 S
380 2732 399 2755 ς
408 2720 471 2753 Iul.
481 2721 570 2761 Aah]
589 2733 647 2753 om.
658 2721 703 2753 M
715 2720 728 2763 ΙΙ
744 2723 818 2764 639.
834 2723 893 2754 καὶ
906 2722 1061 2754 ἕκαστον
1074 2741 1115 2746 -
1129 2717 1192 2753 αὗ-

111 2768 185 2799 τοῖς
201 2767 233 2798 in
248 2765 293 2797 M
304 2766 498 2808 interpolata
515 2775 553 2798 ex
569 2778 638 2798 nov.
654 2766 875 2800 CXXXVII
886 2779 912 2801 c.
923 2768 944 2801 2
968 2779 1027 2800 om.
1038 2764 1193 2818 Scluld}
1257 2779 1294 2811 p.
1306 2768 1384 2808 490,
1398 2774 1426 2801 2.
1439 2773 1487 2805 3ss
1513 2778 1539 2799 c.
1552 2767 1575 2800 4
1594 2779 1629 2809 p.
1642 2767 1720 2808 492,
1733 2773 1763 2800 13
1778 2766 1821 2798 al.

113 2813 190 2853 7sq.
215 2808 383 2855 λέγοντας
406 2828 449 2833 -
472 2812 704 2854 ψηφίσμασιν
729 2823 788 2846 om.
803 2811 832 2844 S
858 2811 871 2854 11
900 2813 919 2845 8
944 2806 1004 2844 ὅτι
1026 2809 1122 2852 οὔτε]
1146 2820 1195 2844 ως

112 2851 154 2889 οὗ
170 2855 198 2888 S
212 2854 224 2899 11
243 2852 326 2887 οὔτε
339 2851 412 2895 διὰ]
430 2849 452 2895 ἢ
468 2855 495 2887 S
509 2857 564 2897 (of.
581 2857 627 2888 ad
637 2857 668 2897 ς)
687 2855 700 2900 ΙΙ
719 2857 757 2890 11
773 2857 833 2888 καὶ
848 2875 885 2879 —
901 2857 977 2889 ἔτος
995 2858 1028 2890 in
1042 2857 1085 2890 M
1099 2859 1195 2890 inter-

109 2901 227 2945 polata
242 2912 280 2932 ex
296 2912 367 2932 nov.
387 2900 602 2932 CXXXVII
613 2913 638 2932 c.
650 2902 669 2933 2
687 2913 743 2933 om.
756 2901 882 2936 Selul.
895 2903 950 2943 (cf
965 2902 1055 2945 infra
1072 2914 1100 2934 υ.
1112 2902 1167 2943 23)
1183 2899 1196 2945 11

112 2946 156 2980 ⁷13
182 2941 455 2985 *οὕτε-οὔτε]
479 2939 712 2977 οὐδὲ-οὐδὲ
737 2946 811 2978 MS
836 2945 848 2984 ΙΙ
874 2947 914 2979 15
939 2943 1120 2990 πρότερόν
1142 2956 1197 2979 τις

114 2990 153 3030 ἐξ
177 2987 300 3024 αὐτῶν
322 2987 481 3035 γαμετὴν
504 2989 584 3030 ἔσχε
601 2990 629 3022 S
645 2990 658 3032 11
682 2991 720 3023 17
743 2985 876 3033 ἀνδρὸς
893 2986 1196 3032 ἆποζευχθεῖσαν]

113 3036 194 3069 viro.
204 3035 418 3068 coniunctam
440 3046 459 3070 ς
474 3032 488 3077 ΙΙ
506 3036 546 3068 2ῖ
561 3033 831 3078 χειροτονηθείη
846 3036 874 3067 S
890 3035 903 3079 11
918 3032 1077 3078 κινδύνῳ
1091 3037 1136 3069 Μ
1141 3036 1170 3069 S
1177 3047 1197 3071 ς

114 3082 190 3122 lut]
215 3082 360 3124 κρίματι
384 3080 430 3112 M
437 3092 463 3112 s.
477 3091 507 3111 v.
529 3081 581 3117 (ex
600 3092 670 3112 nov.
685 3079 824 3112 CXXX
834 3080 935 3113 VIIc.
950 3082 994 3122 2),
1018 3082 1103 3124 vulo.
1123 3080 1135 3124 ΙΙ
1153 3082 1195 3114 32

112 3128 217 3171 μέρος
242 3138 299 3158 om.
314 3125 343 3158 S
365 3123 378 3168 ΙΙ
403 3125 444 3158 34
465 3123 593 3167 νόμον]
609 3125 679 3166 suit
696 3125 772 3157 Cod.
791 3126 840 3165 10,
855 3132 900 3165 35,
914 3132 946 3164 4;
968 3127 1010 3169 cs.
1028 3126 1106 3159 Cod.
1124 3128 1153 3166 1,
1167 3133 1195 3166 3,

116 3179 151 3205 52
167 3177 217 3213 §1‚
235 3170 322 3205 Νου.
333 3169 413 3206 Vll
432 3174 492 3211 §1‚
508 3170 621 3202 XXX
629 3169 776 3212 VIIIpr.
792 3174 845 3208 §2
878 3170 948 3203 Sed
961 3183 1000 3203 ea
1017 3172 1195 3204 constitutio

116 3225 264 3260 quartam
289 3217 489 3249 substantiae
511 3216 622 3248 curiae
645 3215 696 3247 vel
708 3215 798 3256 fiseo
822 3215 936 3258 offerri
955 3216 1035 3248 vult.
1078 3216 1197 3258 Itaque

113 3275 174 3306 pro
198 3262 375 3304 τέταρτον
398 3273 426 3294 υ.
440 3260 483 3294 32
500 3259 687 3293 Zachariae
710 3254 818 3302 ἥμισυ
841 3260 1016 3304 τέταρτον
1039 3262 1194 3294 correxit:

116 3319 178 3350 quo
203 3319 265 3340 non
291 3306 435 3339 dodrans
459 3305 750 3349 ({)·sz'9n1'ficatur,
781 3305 841 3337 sed
863 3312 926 3337 tres
950 3312 1063 3347 partes
1093 3312 1122 3338 et
1146 3306 1194 3338 di-

115 3352 311 3394 midia(341);
331 3363 523 3394 quamquam
539 3346 772 3395 ἐνναούγκιον
787 3349 932 3392 intellegi
945 3350 1084 3383 voluisse
1100 3351 1195 3382 etiam

115 3397 318 3430 Athanasius
348 3397 475 3429 videtur
503 3393 548 3428 τὸ
571 3391 856 3439 ἡμισυτέταρτον
884 3395 989 3437 μέρος
1019 3394 1081 3435 τῆς
1104 3391 1195 3427 ἰδίας

116 3437 348 3476 ὑποστάσεως
360 3442 529 3484 παρέχων
542 3439 586 3486 τῇ
598 3437 719 3485 βουλῇ.
749 3438 906 3477 Quartam
920 3440 949 3472 Ιι.
961 3440 981 3471 l.
997 3440 1062 3482 ipsi
1077 3440 1198 3473 curiali

116 3488 167 3520 vel
185 3487 327 3529 officiali
348 3487 497 3529 relinqui,
519 3498 626 3519 novem
651 3485 766 3518 uncias
786 3485 900 3518 euriae
921 3484 972 3517 vel
977 3485 1066 3525 fisco
1090 3485 1194 3517 vindi-

117 3533 190 3565 cari
210 3533 410 3565 consentiunt
431 3543 500 3564 cum
522 3530 598 3563 MS
605 3541 625 3566 ς
648 3531 871 3574 epitomatorem
894 3529 957 3562 Iul.
976 3529 1053 3562 Ath.
1074 3529 1194 3562 Theod.

117 3577 161 3609 Id
175 3578 278 3619 ipsum
294 3578 327 3610 in
345 3577 565 3609 constitutione
581 3577 751 3619 deperdita
766 3575 926 3609 sancitum
931 3576 1041 3618 suisne
1057 3575 1111 3607 υίτ
1127 3586 1195 3607 cre-

117 3622 208 3654 dam:
224 3623 353 3655 videtur
360 3622 470 3664 potius
487 3622 590 3664 ἱρείας
606 3621 746 3654 auctoris
763 3632 871 3654 errore
885 3626 1095 3664 praeceptum>
1106 3620 1196 3652 illius

117 3668 351 3701 constitutionis
371 3667 529 3710 confundi
549 3678 618 3700 cum
641 3667 684 3700 iis
707 3678 793 3710 quae
814 3666 860 3699 de
877 3677 986 3699 novem
1008 3665 1113 3699 unciis
1133 3665 1195 3698 uti·

1333 2857 1349 2890 1
1364 2857 1450 2888 rubr.
1475 2855 1525 2888 De
1550 2855 1784 2897 episcoporumv
1799 2853 2045 2887 consecratione
2071 2853 2104 2887 T
2122 2855 2154 2887 in
2171 2865 2272 2897 mary.
2289 2854 2343 2892 (ex

1262 2901 1340 2942 Iul.)
1358 2900 1370 2943 11
1387 2900 1504 2941 igitur]
1528 2899 1642 2941 itaque
1663 2899 1720 2943 Τ11
1738 2899 1760 2933 2
1778 2899 1927 2932 ordinari
1947 2900 2032 2941 vulq.
2050 2897 2063 2940 ΙΙ
2079 2897 2238 2939 primatos
2258 2898 2292 2931 T
2299 2897 2311 2918 ¹
2329 2896 2343 2941 11

1264 2946 1361 2978 cuius
1378 2945 1528 2978 ciuitatis
1548 2944 1604 2987 V-{l
1621 2946 1643 2978 4
1662 2943 1860 2987 praepositis
1882 2942 1939 2986 Τ11
1964 2943 1985 2976 6
2004 2942 2213 2975 donationem
2234 2951 2342 2984 neque

1273 2991 1412 3034 V-vuly.]
1436 2989 1649 3022 donationem
1672 2990 1733 3021 eut
1752 2989 1820 3022 ΒΤ
1829 2989 1873 3022 aL
1901 2987 1914 3031 11
1941 2989 2078 3030 proptor
2099 2987 2173 3029 (per
2193 2986 2260 3028 13¹)
2274 2986 2342 3019 ali-

1264 3045 1363 3077 quam
1387 3035 1636 3077 promissionem
1660 3033 1694 3066 R
1710 3034 1798 3077 vulq.
1825 3032 1838 3076 ΙΙ
1869 3034 1888 3065 7
1912 3041 2043 3064 causam
2067 3030 2265 3072 quamlibet·
2282 3031 2315 3065 V
2330 3030 2343 3076 ΙΙ

1265 3082 1284 3114 8
1309 3080 1430 3112 aientes
1454 3080 1506 3113 Τἰ
1531 3079 1544 3121 11
1564 3080 1584 3112 9
1611 3079 1784 3111 honestate
1807 3076 1855 3110 R¹
1885 3075 1898 3120 11

1265 3126 1341 3158 add.
1355 3125 1441 3168 vulq.
1465 3124 1477 3167 11
1506 3133 1621 3156 nossee
1642 3123 1675 3155 V
1692 3132 1791 3155 nosce
1816 3122 1863 3155 T¹
1889 3121 1902 3164 11

1263 3169 1359 3211 (alios
1373 3169 1438 3211 Εὖ)
1462 3168 1680 3211 RVT¹vu19.
1713 3166 1725 3211 11
1755 3168 1791 3201 11
1819 3165 1918 3198 habet
1932 3165 1994 3207 2⁷²]
2026 3166 2149 3198 habent
2172 3166 2206 3199 R
2215 3166 2342 3211 Vvuly.

1262 3214 1389 3247 113th¹
1405 3213 1419 3255 11
1435 3212 1654 3246 concuninam
1676 3211 1727 3244 1⁷¹
1741 3210 1755 3255 ΙΙ
1781 3211 1822 3245 12
1841 3211 1962 3243 haber·
1981 3211 2029 3244 Β)
2046 3210 2058 3255 ΙΙ
2075 3210 2132 3244 sed
2148 3213 2182 3243 et
2196 3211 2226 3244 si
2240 3212 2342 3256 nula]

1264 3262 1313 3292 set
1327 3258 1362 3291 si
1382 3258 1461 3292 VR²
1483 3259 1516 3290 et
1533 3258 1563 3290 si
1584 3255 1693 3299 R¹Tn
1716 3256 1870 3299 priuatus
1887 3256 1935 3289 R*
1951 3255 1963 3300 11
1992 3257 2031 3290 13
2049 3256 2203 3289 habuerit
2224 3255 2280 3300 V‘ss
2301 3258 2357 3291 14³

1263 3303 1346 3345 viro]
1365 3313 1438 3336 cum
1452 3302 1526 3335 uiro
1542 3302 1591 3335 T¹
1609 3302 1621 3344 11
1641 3303 1680 3335 15
1697 3302 1892 3342 canonibus]
1909 3301 2092 3334 canonibus
2107 3301 2163 3334 uel
2180 3301 2342 3334 constitu-

1262 3348 1412 3382 tionibus
1432 3347 1515 3381 V-T2
1543 3346 1840 3379 constitutionibus
1864 3346 1949 3379 ΚΤ*
1963 3347 2048 3389 vulq.
2074 3345 2087 3390 ΙΙ
2116 3348 2157 3380 16
2176 3345 2342 3379 malem

1264 3394 1312 3428 R·
1327 3392 1340 3437 11
1363 3395 1398 3427 17
1413 3391 1544 3433 curiali]
1564 3391 1666 3425 fiscali
1680 3392 1714 3424 R
1729 3391 1742 3434 fl
1760 3393 1846 3432 eum]
1863 3391 1949 3424 enim
1966 3391 2009 3424 T¹
2027 3391 2039 3434 ΙΙ
2058 3391 2342 3425 ismonaohioam

1264 3448 1393 3471 causam
1414 3437 1699 3470 conuersationem
1717 3436 1762 3470 T¹
1785 3436 1798 3480 11
1822 3438 1864 3470 22
1890 3436 2047 3470 detractis
2073 3436 2125 3469 T·
2142 3436 2161 3479 ’11
2185 3435 2287 3469 inseri
2316 3436 2352 3470 T-

1263 3484 1361 3527 ταῖς]
1392 3482 1512 3515 inferri
1535 3482 1611 3516 RV
1630 3482 1642 3526 ΙΙ
1670 3482 1712 3516 23
1736 3481 1834 3514 annis
1863 3482 1897 3515 V
1916 3481 1928 3524 11
1958 3481 2077 3514 habere
2100 3481 2207 3523 Beck]
2244 3480 2358 3514 habet·

1265 3529 1342 3562 libri
1355 3528 1368 3570 ΙΙ
1386 3529 1429 3561 24
1446 3528 1494 3560 eis
1510 3528 1642 3567 RTaL]
1666 3527 1714 3560 eis
1730 3526 1789 3569 qui
1810 3527 1929 3571 Vvulq.
1949 3526 1962 3570 11
1977 3527 2343 3568 cognom-nunu

1264 3583 1303 3606 ex
1327 3573 1376 3606 R¹
1397 3573 1410 3615 11
1438 3583 1612 3615 personam
1635 3573 1734 3616 only]
1770 3582 1927 3615 personas
1952 3572 2029 3605 libri
2052 3571 2065 3615 11
2091 3572 2141 3612 ut]
2173 3572 2232 3604 aut
2258 3571 2307 3604 T¹
2327 3569 2334 3614 1

1265 3619 1307 3652 25
1330 3621 1408 3650 suut
1431 3618 1518 3650 facta
1538 3618 1572 3651 V
1587 3618 1599 3661 11
1625 3618 1666 3651 27
1692 3627 1770 3650 vero
1795 3630 1853 3650 om.
1871 3617 1919 3650 T*
1938 3616 1952 3661 11
1975 3618 2017 3651 29
2036 3616 2308 3659 prouocatis·T-⁰
2327 3616 2334 3650 1

1264 3665 1307 3699 30
1331 3665 1381 3705 ut]
1405 3663 1433 3696 si
1456 3663 1490 3696 R
1510 3662 1523 3708 11
1547 3664 1676 3706 partem
1700 3664 1851 3705 quartam
1875 3661 1939 3707 Rn
1959 3663 2002 3698 31
2018 3660 2126 3695 *rebus
2145 3660 2281 3695 eius-V*

1927 3086 1993 3109 esse
2017 3075 2108 3109 uitae
2134 3076 2261 3120 Τ-υιιζᾳ.
2281 3075 2343 3120 {let

1933 3123 1973 3156 10
1996 3120 2118 3162 aliquis
2144 3120 2210 3162 1³2]
2235 3121 2342 3163 aliqui
