2592 3840
226 78 332 123 Nov.
364 80 565 123 LXXXV
594 84 631 123 4.
662 84 686 123 5

225 192 340 226 ταῦτα
370 192 439 238 γὰρ
472 192 583 237 ἑτέρῳ
617 195 690 227 τινὶ
719 190 996 233 κατασκευάζειν
1027 193 1171 237 ἐφίεμεν
1206 190 1300 235 πλὴν

225 238 302 271 τῶν
336 236 635 283 καταλεγομένων
669 238 709 270 έν
742 239 821 271 ταῖς
854 235 962 281 ἱεραῖς
1001 234 1107 280 ἡμῶν
1142 236 1300 283 φάβριξι.

225 282 340 326 μόνας
372 280 411 316 δὲ
439 283 611 328 γίνεσθαι
643 281 744 326 παρὰ
775 279 937 315 ἰδιωτῶν
969 284 1030 315 καὶ
1061 280 1222 316 ἰδιώταις
1245 294 1303 317 πι-

226 325 462 372 πράσκεσθαι
496 328 748 374 συγχωροῦμεν
778 330 954 372 μαχαίρας
982 325 1127 371 μικράς,
1162 326 1215 361 αἶς
1238 323 1301 362 οὔκ

227 371 275 406 ἄν
304 384 357 406 τις
386 374 434 406 εἰς
462 372 618 416 πολέμου
647 371 819 417 χρήσαιτο
842 375 974 417 χρείαν.
1034 372 1103 406 Τὸν
1134 369 1303 418 παρόντα

226 420 350 451 τοίνυν
386 418 530 463 γενικὸν
568 415 674 461 ἡμῶν
716 416 832 460 νόμον
874 413 896 460 ἦ
936 417 981 459 σὴ
1019 414 1173 463 ὑπεροχὴ
1212 418 1304 452 κατὰ

226 462 363 505 ταύτην
395 460 578 508 προθήσει
609 462 678 505 τὴν
708 459 881 506 βασιλίδα
910 459 1021 497 πόλιν
1052 466 1113 497 καὶ
1139 462 1213 507 μὴν
1242 466 1303 497 καὶ

226 508 318 541 κατὰ
350 507 410 541 τὰς
440 506 548 541 ἄλλας
572 506 692 542 πόλεις
714 508 777 550 τῆς
795 504 966 551 ἡμετέρας
990 506 1186 550 πολιτείας,
1215 504 1303 543 αἵςτε

226 552 366 587 πάντας
388 552 634 600 γινώσκοντας
657 552 704 587 τὰ
725 552 967 599 παραστάντα
988 550 1075 597 ἡμῖν
1097 554 1215 587 ταῦτα
1238 567 1302 599 φυ-

1294 76 1375 125 418

2217 93 2278 124 ΒΕ
2306 91 2441 125 Annis

1366 192 1543 228 instruere
1567 191 1715 228 sinimus
1743 195 1887 236 praeter
1918 202 1979 228 eos
2035 191 2073 228 ui
2100 191 2262 237 deputati
2290 193 2375 228 sunt
2402 191 2441 227 in

1371 237 1484 273 sacris
1519 237 1651 273 nostris
1685 236 1957 272 fabricensibus.
2043 237 2118 273 olos
2155 241 2273 272 autem
2306 236 2385 273 fleri
2418 246 2442 272 a

1372 282 1519 328 privatis
1549 286 1585 318 et
1613 282 1758 328 privatis
1788 282 1893 318 vendi
1920 282 2156 327 permittimus
2185 282 2346 318 cultellos
2377 281 2441 317 mi-

1370 337 1488 372 nores,
1520 327 1647 372 quibus
1672 327 1790 363 nullus
1815 327 1852 362 in
1875 327 2019 372 proeliis
2043 328 2166 363 utitur.
2214 326 2442 362 Praesentem

1340 373 1478 417 5igitur
1510 373 1707 417 generalem
1741 372 1853 417 legem
1887 375 1950 408 tua
1979 372 2151 408 celsitudo
2186 371 2223 407 in
2256 372 2326 408 hac
2358 382 2443 417 pro-

1371 423 1484 463 ponat
1513 418 1609 462 regia
1639 418 1783 454 civitate
1817 427 1883 453 nec
1913 427 1984 453 non
2013 421 2049 453 et
2080 427 2144 463 per
2164 417 2255 454 alias
2282 416 2444 453 civitaten

1371 466 1516 499 nostrae
1538 462 1768 508 reipublicae,
1792 467 1833 498 ut
1853 473 1975 499 omnes
1998 465 2231 509 agnoscentes
2254 471 2346 507 quae
2363 461 2443 508 pla·

1373 511 1524 544 cuerunt
1547 509 1651 546 nobis
1673 508 1762 544 haec
1786 509 1986 544 observent.

226 596 381 633 λάττειν.
1317 601 1357 634 10

1224 709 1381 745 CAPUT
1405 709 1449 746 V.

276 786 539 834 Παρεγγυήσεις
569 786 609 823 δὲ
631 792 704 823 τοῖς
727 788 916 833 μέλλουσιν
939 789 1135 834 ἐφεστάναι
1165 790 1210 836 τῇ
1234 802 1305 823 τοι·

225 833 314 879 αύτῃ
340 832 580 880 παραφυλακῇ
601 834 869 882 χαρτουλαρίοις
893 836 931 868 ἐκ
947 836 1012 869 τοῦ
1029 836 1213 882 εἰρημένου
1227 836 1305 868 τῶν

225 882 416 923 φαβρίκων
448 882 623 924 σκρινίου,
659 876 706 914 ὠς
738 880 777 920 ἐξ
807 877 971 925 ἀμελείας
1005 877 1046 914 οὗ
1078 880 1193 924 μόνον
1223 893 1305 925 χρη-

223 923 375 967 ματικὰς
398 921 670 967 ὑποστήσονται
694 924 833 968 ποινάς,
857 922 950 959 ἀλλὰ
974 925 1114 959 καὶτὰς
1137 926 1184 959 εἰς
1200 927 1304 969 σῶμα

224 973 396 1014 τιμωρίας
431 965 601 1015 ὑφέξουσι
643 973 704 1003 καὶ
738 972 801 1013 τῆς
836 974 1024 1015 στρατείας
1058 971 1332 1011 &nasaniam-aul

225 1014 314 1059 πρὸς
345 1015 397 1057 τῷ
431 1012 523 1058 μηδὲ
557 1011 645 1049 αὐτὸ
679 1015 721 1049 τὸ
754 1019 915 1060 σκρινίον
951 1018 1004 1050 ἔτι
1036 1015 1304 1062 συγχωρεῖσθαι

225 1057 315 1104 παρ’
332 1056 437 1104 ἡμῶν
458 1059 548 1105 πρὸς
563 1061 607 1094 τὸ
625 1061 769 1095 τοιοῦτο
793 1063 961 1106 παρεῖναι
978 1060 1194 1106 φρόντισμα,
1220 1057 1301 1094 ἀλλ’

225 1106 356 1148 ἑτέροις
380 1106 626 1150 ἐπιτραπῆναι
648 1106 718 1149 τὴν
740 1107 818 1140 τῶν
842 1109 1034 1152 φαβρίκων
1058 1105 1274 1150 ἐπιμέλειαν.

282 1147 561 1203 <Ἐπίλογος.>
621 1151 669 1185 Τὰ
699 1155 824 1185 τοίνυν
855 1151 1097 1206 παρασταντα
1128 1149 1214 1195 ἡμῖν
1246 1154 1305 1184 καὶ

1429 788 1689 824 Denuntiamus
1723 792 1841 824 autem
1880 789 2010 824 futuris
2044 798 2212 834 praeesse
2244 787 2446 825 huiusmodi

1374 833 1556 869 custodiae
1581 833 1782 870 cartulariis
1803 844 1847 869 ex
1866 837 2059 870 memorato
2081 833 2335 871 fabricensium
2359 834 2445 870 scri-

1373 878 1448 921 nio,
1480 878 1564 924 quia
1588 889 1632 914 ex
1655 879 1876 924 neglegentia.
1901 890 1974 914 non
1997 879 2113 914 solum
2135 879 2362 924 pecuniarias
2385 889 2445 915 su·

1373 923 1558 959 stinebunt
1590 934 1744 969 poenas,
1781 924 1844 959 sed
1874 924 1981 959 etiam
2016 924 2054 959 in
2085 934 2235 968 corpore
2269 923 2447 971 supplicia

1341 973 1359 1005 5
1371 969 1556 1014 patientur
1579 972 1616 1004 et
1637 969 1762 1004 militia
1786 969 1937 1014 cadunt,
1969 970 2115 1015 insuper
2134 979 2201 1005 nec
2223 970 2340 1015 ipsum
2358 969 2446 1006 scri-

1371 1015 1470 1049 nium
1500 1014 1650 1050 ulterius
1678 1014 1835 1058 permitti
1867 1024 1890 1049 a
1912 1015 2015 1050 nobis
2038 1015 2075 1049 in
2098 1013 2300 1050 huiusmodi
2322 1014 2448 1052 adesse

1373 1059 1622 1103 sollicitudine,
1647 1060 1710 1095 sed
1733 1059 1813 1095 aliis
1833 1060 2005 1096 committi
2028 1059 2285 1095 fabricensium
2312 1069 2446 1096 curam.

1429 1149 1700 1195 (Epilogus.)
1754 1150 1853 1194 Quae
1887 1149 1995 1195 igitur
2028 1150 2240 1196 placuerunt
2266 1149 2376 1187 nobis
2412 1152 2449 1186 et

226 1193 286 1229 διὰ
309 1193 417 1230 τοῦδε
439 1208 504 1229 του
523 1195 637 1240 νόμου
662 1194 864 1241 δηλούμενα
887 1210 908 1239 η
933 1208 978 1239 ση
1004 1197 1158 1241 υπεροχὴ
1188 1199 1249 1230 καὶ
1272 1195 1308 1230 οἱ
1320 1198 1361 1231 20
1373 1205 1437 1240 per
1460 1196 1554 1230 hanc
1583 1196 1694 1240 legem
1719 1195 1900 1230 declarata
1923 1198 2007 1231 sunt
2034 1197 2100 1230 tua
2123 1194 2296 1231 celsitudo
2327 1199 2364 1231 et
2387 1194 2449 1240 qui

224 1240 315 1284 μετά
347 1252 387 1274 σε
415 1240 484 1284 τὴν
516 1238 630 1286 ἀρχὴν
654 1241 793 1282 ἕξοντες
823 1243 915 1287 ἔργῳ
947 1244 1006 1275 καὶ
1031 1245 1160 1286 πέρατι
1190 1254 1306 1287 παρα-

225 1285 353 1320 δοῦναι
377 1285 655 1329 σπευσάτωσαν,
687 1284 936 1333 ἀγανάκτησιν
960 1283 1136 1334 ἡμετέραν
1160 1290 1220 1320 καὶ
1244 1285 1306 1320 αὗ-

225 1334 281 1365 τοὶ
306 1329 478 1373 δεδιότες,
511 1333 541 1365 εἰ
564 1332 613 1377 μὴ
638 1332 786 1379 πρᾶγμα
810 1328 909 1366 οὕτω
933 1330 1107 1366 λυσιτελὲς
1138 1333 1182 1378 τῇ
1207 1331 1306 1366 πολι-

223 1380 304 1419 τείᾳ
324 1375 529 1422 φυλάξαιεν.
584 1377 667 1412 Dat.
682 1388 745 1413 vu.
761 1378 797 1412 k.
813 1377 880 1412 Iul.
896 1376 1121 1412 Chalcedone
1138 1377 1222 1422 imp.
1245 1377 1303 1412 dn.

224 1421 412 1457 Iustiniani
432 1433 491 1467 pp.
512 1423 555 1458 A.
577 1432 670 1458 anno
683 1422 782 1458 XIII.
800 1422 940 1468 Apione
957 1434 989 1458 v.
1005 1433 1035 1457 c.
1053 1432 1150 1458 cons.

1373 1244 1457 1285 post
1485 1243 1521 1275 te
1550 1240 1588 1275 in
1613 1241 1792 1286 cingulum
1821 1240 1954 1276 fuerint
1984 1240 2085 1285 operi
2112 1241 2333 1286 terminoque
2363 1250 2448 1277 con-

1374 1285 1516 1321 tradere
1538 1284 1718 1329 festinent,
1741 1285 2018 1330 indignationem
2041 1289 2200 1321 nostram
2223 1286 2260 1321 et
2282 1286 2353 1331 ipsi
2373 1295 2448 1322 me-

1375 1335 1527 1376 tuentes,
1551 1331 1621 1367 nisi
1644 1341 1719 1367 rem
1742 1332 1792 1366 sic
1816 1331 1939 1367 utilem
1963 1330 2182 1376 reipublicae
2203 1330 2448 1368 custodierint

1426 1376 1510 1412 Dat.
1534 1387 1599 1412 vn.
1626 1377 1697 1412 kal.
1722 1376 1788 1412 Iul.
1815 1376 2040 1412 Chalcedone
2066 1375 2149 1421 imp.
2176 1375 2236 1412 dn.
2259 1375 2450 1414 Iustiniani

1275 1425 1320 1464 [α.
1337 1424 1414 1464 539]
1479 1432 1541 1467 pp.
1561 1422 1604 1457 A.
1631 1432 1726 1458 anno
1745 1421 1844 1457 ΧΠΙ.
1871 1420 2010 1466 Apione
2033 1433 2064 1457 v.
2091 1432 2121 1457 c.
2147 1431 2246 1458 cons.

225 1580 291 1616 ulli
318 1580 494 1626 conficere
519 1580 763 1626 permittimus
789 1583 938 1626 praeter
961 1589 1023 1614 eos
1053 1579 1117 1625 qui
1139 1580 1178 1614 in
1201 1580 1318 1615 sacris
1340 1579 1478 1615 nostris
1499 1578 1654 1624 fabricis
1677 1583 1917 1615 recensentur.
1965 1579 2072 1615 Solos
2094 1582 2214 1615 autem
2241 1589 2266 1614 a
2290 1578 2450 1624 privatis

225 1625 354 1670 confici
376 1630 412 1661 et
432 1626 587 1671 privatis
610 1624 717 1661 vendi
731 1626 895 1671 patimur
919 1624 1093 1668 cultellos,
1126 1625 1256 1671 quihus
1285 1635 1388 1660 nemo
1417 1624 1531 1670 facile
1564 1623 1614 1660 ad
1642 1623 1726 1660 belli
1757 1635 1869 1670 opera
1899 1628 2033 1660 utatur.
2079 1623 2312 1660 Praesentem
2334 1624 2349 1658 i
2374 1623 2450 1660 itur

224 1671 429 1717 qeneralem
453 1670 567 1715 leqem
591 1674 754 1705 nostram
779 1674 841 1705 tua
863 1669 1065 1705 sublimitas
1095 1670 1134 1705 in
1158 1669 1226 1705 hac
1248 1670 1353 1716 rqu'a
1376 1670 1463 1705 urbe
1485 1679 1551 1704 nec
1574 1679 1648 1704 non
1671 1669 1710 1704 in
1734 1670 1861 1705 ceteris
1883 1669 2104 1716 reipublicae
2127 1673 2276 1706 nostrae
2301 1679 2347 1704 ur
2369 1668 2454 1718 ihm.

218 1721 416 1763 proponet,
439 1720 480 1750 ut
502 1726 624 1750 omnes
647 1720 870 1761 coqnoscant
894 1725 988 1760 quae
1011 1714 1116 1750 nobis
1165 1715 1357 1750 tacuerunt
1380 1725 1493 1760 eaque
1517 1714 1737 1750 custodiant.

359 1761 403 1797 V.
452 1759 692 1796 Denuntiabis
721 1770 807 1796 vero
830 1760 877 1794 iis
907 1760 971 1806 qui
992 1759 1128 1796 eiusmo
1155 1761 1168 1794 i
1192 1760 1377 1796 custodiae
1393 1764 1598 1806 praeerunt
1627 1759 1862 1795 chartulariis
1890 1771 1941 1796 ex
1969 1759 2199 1806 fabricarum
2221 1759 2371 1802 scrinio,
2405 1758 2451 1796 de

225 1817 298 1853 quo
322 1806 493 1848 diximus,
524 1816 586 1841 eos
606 1816 655 1841 ea:
678 1805 906 1856 rieqlcqeiitia
936 1815 1010 1840 non
1032 1805 1150 1840 solum
1169 1806 1403 1851 pecuniarias
1420 1815 1564 1851 poenas
1582 1805 1776 1847 subituros,
1808 1805 1873 1841 sed
1900 1805 2008 1840 etiam
2036 1805 2245 1852 corporalia
2267 1803 2450 1852 supplicia

223 1863 400 1899 passuros
420 1862 497 1887 esse
515 1855 551 1886 et
573 1851 704 1885 militia
725 1854 910 1896 privatum
927 1850 986 1890 iri,
1009 1854 1266 1902 praeterquam
1290 1850 1390 1896 quod
1412 1861 1457 1886 ne
1471 1850 1544 1896 ipsi
1563 1849 1706 1896 quidem
1724 1850 1859 1885 scrinio
1881 1850 2038 1897 amplius
2054 1850 2290 1897 permittetur
2305 1861 2328 1885 a
2347 1848 2450 1885 nobis

226 1897 275 1932 ad
297 1896 471 1932 eiusmodi
494 1906 619 1931 curam
643 1895 823 1937 accedere,
847 1894 911 1930 sed
934 1895 1018 1930 aliis
1041 1900 1281 1931 commutetur
1303 1895 1532 1940 fabricarum
1556 1895 1708 1931 curatio.

361 1941 600 1988 Epiloqus.
651 1939 753 1983 Quae
775 1940 889 1986 iqitur
911 1939 1016 1975 nobis
1031 1940 1253 1987 placuerunt
1275 1947 1311 1977 et
1335 1951 1395 1986 ¹er
1410 1940 1504 1976 hanc
1527 1940 1560 1976 le
1586 1951 1639 1976 em
1662 1940 1898 1976 declarantur
1922 1945 1983 1975 tua
2006 1939 2206 1976 sublimitas
2226 1944 2262 1976 et
2285 1939 2348 1986 qui
2361 1942 2450 1986 post

225 1991 258 2023 te
282 1987 536 2033 maqistratum
559 1986 701 2032 qesturi
721 1990 818 2028 sunt,
850 1985 900 2020 ad
922 1996 1014 2032 opus
1035 1990 1070 2021 et
1092 1985 1258 2037 effectum
1281 1999 1304 2021 a
1331 1986 1462 2022 ducere
1483 1990 1542 2021 stu
1568 1989 1664 2028 eant,
1688 1985 1975 2032 indignationem
1996 1989 2160 2021 nostram
2182 1988 2218 2023 et
2241 1985 2316 2032 ipsi
2333 1984 2449 2027 veriti,

224 2032 296 2068 nisi
318 2030 394 2068 re‘m
417 2031 509 2068 adeo
535 2031 658 2067 utilem
680 2030 902 2077 reipublicae
922 2029 1166 2066 custodierant.

270 2195 289 2226 5
314 2190 361 2224 εἰς
380 2188 537 2234 πολέμου
560 2188 733 2234 χρήσαιτο
754 2191 889 2233 χρείαν]
914 2189 950 2221 in
970 2187 1107 2231 proeliis
1126 2188 1235 2221 utitur
1260 2201 1279 2225 ς
1293 2188 1306 2232 11

225 2238 244 2270 6
269 2233 374 2279 ἡμῶν
398 2247 457 2269 om.
478 2248 498 2272 ς
523 2235 536 2273 ΙΙ
565 2232 586 2278 ἡ·
613 2234 658 2278 σὴ
681 2232 836 2279 ὑπεροχὴ
861 2247 919 2268 om.
942 2235 972 2267 L
1003 2234 1016 2275 11
1048 2236 1066 2267 7
1091 2232 1306 2277 προςθήσεις

225 2283 255 2315 L
271 2281 284 2326 11
305 2284 341 2316 11
370 2279 636 2327 παρεγγυὴσεις]
662 2280 895 2313 denuntiamus
919 2292 938 2316 ς
956 2279 1029 2323 1113
1054 2281 1224 2323 φαβρίων
1248 2280 1278 2312 L
1295 2278 1307 2323 11

225 2329 265 2361 21
293 2323 540 2371 παραδιδόναι
565 2327 596 2360 L
625 2325 637 2366 ΙΙ
669 2327 712 2360 24
735 2328 857 2360 subscr.
884 2338 942 2358 om.
969 2324 1013 2357 M
1033 2332 1063 2357 et
1085 2324 1168 2359 Iul..
1201 2326 1309 2367 recepi

225 2366 263 2406 εΞι
280 2384 314 2410 ςς
341 2370 475 2418 ἐγράφη
500 2370 570 2416 πρὸ
597 2369 624 2407 ς’
642 2367 836 2404 καλάνδων
858 2366 935 2404 ’[ου.
959 2367 1143 2413 βασιλείας
1163 2364 1307 2403 Ἰουστι-

224 2418 352 2452 νιανοῦ
368 2416 411 2450 τὸ
430 2416 474 2462 ιγ’
494 2414 666 2450 ὑπατείας
684 2412 859 2450 Ἀπίωνος
883 2412 952 2449 ἰνδ.
976 2412 1011 2448 δ’
1038 2416 1137 2457 (corr.
1151 2413 1206 2459 β’)
1230 2415 1306 2448 Ath.

225 2461 442 2507 έξεφωνήθη
475 2464 562 2506 μηνὶ
591 2462 716 2503 ἰουνίῳ
743 2461 804 2503 τῆς
835 2459 1019 2504 βασιλείας
1047 2462 1120 2494 ἔτει
1144 2458 1188 2506 ιγ’
1214 2456 1307 2494 ὑπα-

224 2511 302 2550 τείᾳ
324 2505 486 2542 Ἀπίονος
512 2509 544 2541 Τ
543 2509 634 2541 heod.

272 2600 288 2631 1
312 2598 460 2630 instuere
480 2597 530 2629 Β*
562 2595 738 2629 instituere
761 2595 823 2640 ΤΕ
853 2595 981 2628 sinimis
1004 2595 1051 2628 T¹
1075 2594 1216 2627 siminus
1240 2593 1274 2626 R

227 2642 285 2684 qui
306 2642 468 2685 deputati]
494 2642 630 2683 quidem
655 2641 741 2683 §tati
764 2653 786 2673 υ
804 2640 817 2685 11
832 2643 911 2673 sunt
935 2653 993 2673 om.
1012 2641 1085 2673 Tvz
1103 2640 1152 2681 112
1176 2640 1235 2672 aut
1257 2652 1274 2671 z
1305 2640 1310 2683 1

226 2687 311 2727 fieri]
335 2687 407 2720 fieri
433 2692 464 2720 et
488 2686 589 2719 uendi
615 2688 693 2720 libri
717 2687 730 2728 11
761 2687 780 2719 3
806 2689 839 2719 et
862 2685 1002 2728 privatis
1027 2698 1085 2718 om.
1108 2685 1181 2725 Ru,
1205 2683 1307 2716 uendi

229 2733 290 2765 del.
306 2732 355 2765 12³
372 2731 385 2775 11
401 2734 422 2766 4
439 2732 571 2774 quibus]
597 2742 679 2773 qnos
698 2731 731 2764 T
749 2741 831 2772 quas
846 2744 862 2763 z
886 2741 951 2772 quo
968 2744 988 2762 v
1007 2729 1019 2773 11
1045 2731 1063 2762 5
1086 2729 1191 2771 legem
1207 2739 1307 2771 gene-

228 2776 330 2810 ralem
354 2790 391 2810 vz
405 2777 418 2822 11
445 2779 507 2810 hoc
530 2790 568 2810 vz
586 2776 599 2821 11
620 2780 803 2819 praeponat
824 2775 881 2819 Vn
906 2777 926 2809 6
952 2779 983 2808 et
1007 2787 1065 2808 om.
1079 2774 1186 2818 R¹2u
1210 2776 1228 2808 7
1253 2784 1306 2807 co·

1373 2191 1568 2230 gnoscentes
1591 2189 1642 2228 R;
1681 2188 1815 2234 lecentes
1839 2207 1885 2213 —
1909 2190 1930 2223 8
1949 2188 2126 2223 obseruent
2150 2190 2183 2223 in
2206 2202 2274 2224 rae.
2297 2202 2360 2226 scr.
2389 2189 2425 2224 V

1375 2235 1396 2268 8
1409 2234 1472 2267 hoc
1483 2248 1500 2268 z
1514 2235 1527 2278 11
1547 2237 1562 2268 1
1571 2236 1587 2269 1
1602 2234 1880 2268 denunciauimus
1893 2246 1926 2273 ες
1949 2235 2008 2278 leq.
2022 2234 2270 2268 Denuntiabis?
2284 2233 2298 2280 11
2316 2234 2439 2268 futuris

1374 2278 1484 2313 futuri
1507 2290 1622 2312 sumus
1643 2293 1664 2312 υ
1681 2280 1694 2324 11
1722 2281 1762 2314 12
1788 2279 1976 2312 custodiant
1996 2280 2028 2312 R
2045 2279 2057 2323 11
2074 2282 2199 2314 metato
2221 2293 2243 2313 v
2287 2278 2452 2313 fabricen-

1375 2324 1459 2357 tium
1485 2325 1518 2358 T
1533 2326 1591 2366 (id.
1609 2325 1690 2369 17)ss
1719 2326 1760 2360 13
1784 2335 1851 2358 non
1875 2324 1996 2366 solum]
2019 2335 2079 2358 nec
2103 2335 2171 2359 non
2194 2338 2231 2359 vz
2286 2327 2329 2361 14
2352 2324 2453 2359 etiam

1376 2383 1434 2403 οηι.
1450 2370 1483 2403 R
1507 2369 1520 2414 11
1546 2372 1587 2405 15
1610 2370 1705 2403 milia
1727 2383 1747 2403 v
1776 2369 1789 2414 11
1817 2370 1941 2403 cadunt
1971 2371 2055 2412 sz]
2091 2370 2211 2403 cadant
2235 2371 2297 2404 ΤΒ
2333 2369 2453 2404 cadent

1375 2416 1463 2459 vuly.
1488 2415 1501 2459 11
1532 2417 1572 2450 16
1596 2416 1751 2458 ulterius]
1786 2418 1918 2448 utentes
1937 2415 2080 2448 ulterius
2103 2428 2148 2450 υτ
2174 2415 2187 2460 11
2215 2425 2363 2458 praeesse
2386 2414 2452 2449 sol—

1375 2460 1587 2494 licitudinem
1611 2462 1645 2495 T
1657 2461 1670 2505 11
1698 2463 1736 2495 17
1762 2460 1845 2494 alias
1870 2461 1903 2494 R
1918 2460 1935 2504 11-
1956 2460 2178 2494 committenti
2201 2464 2236 2494 2⁶
2257 2459 2264 2506 1
2289 2470 2370 2494 eura
2394 2461 2452 2503 Tz,

1377 2519 1437 2539 om.
1450 2519 1471 2539 υ
1492 2505 1506 2547 11
1533 2507 1575 2541 20
1599 2506 1705 2548 legem
1731 2519 1789 2540 om.
1802 2519 1824 2539 υ
1849 2505 1862 2551 11
1886 2505 2052 2539 declarata
2074 2507 2164 2547 sunt]
2188 2506 2247 2539 deo
2261 2507 2370 2540 aretas
2390 2504 2455 2552 711

1378 2554 1411 2584 et
1434 2564 1526 2585 om.v
1555 2550 1568 2596 11
1596 2553 1635 2585 21
1662 2554 1739 2595 post
1762 2553 1805 2592 te]
1837 2554 1952 2595 postea
1977 2552 2011 2585 T
2029 2553 2041 2593 11
2068 2551 2104 2583 in
2129 2563 2188 2585 om.
2205 2551 2296 2585 R¹T
2316 2551 2330 2595 11
2357 2550 2453 2593 cign-

1376 2596 1447 2630 lum
1473 2597 1506 2630 T
1537 2597 1673 2639 cingulo
1696 2597 1784 2640 vulg.
1810 2595 1824 2641 11
1850 2596 1954 2630 fuerit
1975 2597 2009 2630 T
2029 2597 2041 2639 11
2065 2597 2169 2639 operi]
2192 2596 2335 2639 tempori
2357 2596 2408 2630 Β*
2440 2595 2454 2641 fl

1376 2641 1506 2675 tradere
1526 2641 1583 2686 711
1600 2643 1643 2676 22
1659 2642 1838 2675 festinetur
1855 2642 1908 2675 T⁰
1930 2641 2065 2674 festinet
2084 2640 2176 2676 T'vz
2193 2642 2264 2682 1123
2281 2641 2340 2683 sic]
2365 2640 2453 2675 siout

1384 2687 1435 2720 1⁷²
1452 2686 1565 2731 nutile
1584 2687 1623 2729 V,
1642 2699 1701 2721 om.
1716 2687 1764 2720 R¹
1781 2686 1794 2738 11
1818 2688 1862 2721 24
1872 2689 1993 2721 subscr.
2020 2686 2085 2719 dat.
2106 2697 2168 2719 vu.
2192 2686 2258 2719 kal.
2282 2685 2360 2720 iulii
2383 2685 2450 2719 oal-

1376 2732 1499 2764 cedone
1521 2732 1618 2774 impr.
1644 2732 1755 2765 donno
1779 2732 1964 2766 iustiniano
1986 2741 2042 2775 pp.
2063 2741 2094 2765 a.
2114 2741 2202 2765 anno
2217 2730 2308 2765 XIII
2331 2730 2451 2775 apione

1376 2777 1451 2810 uice
1475 2777 1610 2810 consule
1629 2777 1668 2820 V,
1693 2790 1751 2811 om.
1766 2778 1835 2811 rell.
