2476 3854
1192 87 1278 137 '7⁰9
1977 89 2087 133 Nov.
2117 87 2284 131 CXLIV
2318 91 2337 131 l

108 105 433 139 nnsfflssm'ls

1185 264 1278 307 ιΤίΔ

860 349 1040 403 ΠΕΡΙ
1086 348 1585 404 ΣΑΜΑΡΕΙΤῼΝ.

555 436 807 486 Αῦτοκράτωρ
827 438 1016 476 Ἰουστῖνος
1038 438 1212 485 Διομήδει
1235 439 1384 486 ἐπάρχῳ
1407 440 1487 474 τῶν
1510 438 1620 485 ἱερῶν
1643 440 1891 485 πραιτωρίων.

239 519 545 566 (Προοίμιον.)
596 519 667 563 Τὴν
693 519 807 564 ἀσεβῆ
829 521 909 554 τῶν
932 520 1173 564 Σαμαρειτῶν
1204 519 1247 552 αἵ
1281 530 1342 553 σιν
1370 522 1431 552 καὶ
1460 519 1529 562 τὴν
1560 516 1768 564 παράλογον
1797 515 1942 552 τούτων
1962 520 2102 562 μανίαν
2125 514 2296 552 πολλάκις
2316 512 2340 551 ὅ

106 579 148 600 τε
176 566 240 608 τῆς
270 564 438 608 εὐσεβοῦς
467 563 599 608 λήξεως
626 564 734 608 ἡμῶν
756 565 879 610 πατὴρ
902 568 963 599 καὶ
986 561 1084 608 ἡμεῖς
1108 561 1210 598 acroi
1257 562 1296 597 ιὰ
1320 562 1457 598 σπουδῖ
1461 575 1477 597 ς
1500 563 1667 618 ἐθέμεθα
1691 562 1779 608 πρὶς
1801 562 1845 597 τὸ
1870 562 2019 597 κάλλιον
2038 566 2257 609 μεταγαγεῖν
2279 564 2339 596 καὶ

105 610 172 645 τὰς
199 606 323 644 αὐτῶν
354 607 599 655 ἐλευθερώσω
630 608 746 655 ψυχὰς
767 611 832 653 τῆς
855 609 1115 656 ἐπικρατούσης
1137 606 1249 644 αὐτὰς
1271 608 1400 643 νόσου·
1437 605 1513 643 ἀλλ’
1539 621 1604 642 ουκ
1628 609 1825 651 ἰσχύσαμεν
1848 609 1910 642 ἐπὶ
1931 612 2005 642 τοῖς
2029 607 2171 642 πολλοῖς
2190 604 2338 642 τούτων

105 653 150 688 τὰ
181 652 478 697 ἐσπουδασμένον
503 654 591 699 ἡμῖν
613 654 707 689 κατὰ
730 655 774 689 τὸ
799 653 914 690 πάλαι
938 654 1164 698 πράξασθαι.
1211 653 1434 701 κεχωρήκασι
1456 654 1524 708 γὰρ
1547 655 1596 687 εἰς
1617 652 1796 687 τοσοῦτόν
1819 664 1915 687 τινες
1937 651 2061 687 αὐτῶν
2082 657 2222 698 μανίας,
2253 650 2340 687 ῶςτε

107 697 152 742 δὴ
177 701 238 733 καὶ
265 700 330 734 τοῦ
362 698 613 744 σωτηριιύδους
641 701 810 742 τυχόντες
835 704 1089 744 βαπτίσματος
1117 698 1230 734 πάλιν
1261 698 1476 742 ἐπανῆλθον
1506 696 1602 733 όθεν
1632 697 1790 741 ἐξῆλθον
1813 699 1935 740 κακοῦ,
1959 701 2052 743 (καὶ)
2075 696 2192 733 ταῦτα
2215 701 2340 742 Σαμα-

105 747 238 789 ρείταις
266 745 444 788 τιμῶντές
474 758 514 779 τε
544 748 604 779 καὶ
633 745 835 780 λυττῶντες
864 743 1141 790 διηλέγχθησαν.
1187 742 1289 784 ἔδοξε
1318 748 1444 778 τοίνυν
1468 741 1556 788 ἡμῖν
1586 740 1710 789 ὄρθῶς
1732 746 1828 786 ἔχειν
1849 743 1918 777 τὸν
1941 742 2055 779 πάλαι
2078 747 2138 777 καὶ
2162 744 2341 789 πρότερον

105 785 183 824 κατὶ
209 785 334 824 αὐτῶν
356 789 517 824 τεθέντα
539 788 639 836 παρὰ
662 791 728 825 τοῦ
750 788 923 835 ἡμετέρου
946 790 1084 835 πατρὸς
1105 788 1222 834 νόμον
1245 785 1546 824 ἀνανεώσασθαι.

1126 902 1284 938 CAPUT
1302 902 1333 937 Ι.

241 984 317 1016 Καὶ
339 979 400 1015 διὰ
423 967 533 1016 τοῦτο
556 983 794 1026 θεσπίζομεν,
824 982 875 1026 μὴ
896 980 1129 1027 κληρονομεῖν
1151 978 1282 1016 αὖτοὺς
1303 982 1342 1015 ἑκ
1364 978 1559 1023 διαθηκῶν
1581 978 1604 1024 ἢ
1627 981 1771 1015 τούτων
1791 985 1909 1026 χωρίς,
1940 980 2031 1025 μηδὲ
2054 985 2228 1027 πρεσβεῖα
2251 981 2341 1024 λαμ-

105 1023 234 1070 βάνιιν
252 1024 276 1068 ἢ
295 1026 389 1060 κατὰ
414 1025 548 1071 δωρεᾶς
569 1025 711 1073 τρόπον
730 1028 947 1071 κομίζεσθαι
970 1029 1138 1072 πρᾶγμα·
1162 1024 1255 1060 ἀλλὰ
1276 1025 1369 1071 μηδὲ
1391 1027 1484 1061 κατὰ
1506 1026 1577 1069 τὴν
1599 1026 1639 1066 ἐξ
1662 1023 1863 1061 ἆδιαθέτου
1886 1026 2013 1070 κλῆσιν
2037 1026 2225 1070 διαδόχους
2248 1029 2341 1069 ἔχειν

106 1073 164 1104 Σα
256 1075 334 1105 ίτας
362 1069 387 1114 ἢ
417 1067 511 1106 ὅλως
541 1071 750 1115 αἱρετικούς,
778 1070 870 1116 μηδὲ
898 1074 1220 1117 σχηματιζομένους
1246 1074 1315 1115 μὲν
1335 1072 1404 1115 τὴν
1423 1069 1545 1116 ὄρθην
1562 1072 1641 1105 τῶν
1663 1073 1900 1118 Χριστιανῶν
1922 1071 2183 1118 προςδέχεσθαι
2203 1076 2342 1114 πίστιν,

107 1119 185 1150 ταῖς
230 1118 248 1150 ε’
270 1113 461 1159 ἀληθείαις
482 1113 547 1159 οῦχ
569 1114 668 1152 οὕτω
692 1119 917 1163 φρονοῦντας
939 1115 963 1160 ἢ
985 1115 1215 1162 πράττοντας
1235 1116 1283 1151 τὰ
1303 1118 1420 1160 ταύτη
1441 1120 1703 1160 συμβαίνοντα,
1723 1114 1817 1160 μηδὲ
1836 1117 1911 1161 μὴν
1927 1116 2107 1161 διαθήκας
2123 1119 2194 1161 [εἰς]
2212 1114 2342 1151 αὐτοὺς

105 1157 261 1207 γράφειν
291 1159 316 1204 ἢ
343 1160 481 1218 ληγάτα
511 1161 803 1206 καταλιμπάνειν
831 1160 856 1205 ἢ
885 1160 1099 1208 δωρεῖσθαι,
1129 1161 1228 1206 πλὴν
1258 1163 1290 1196 εἰ
1313 1162 1363 1206 μὴ
1395 1153 1595 1206 ’ὅρθόδοξοι
1623 1161 1695 1195 εἶεν
1717 1165 1777 1195 καὶ
1800 1166 1923 1197 πίστει
1946 1167 2005 1196 καὶ
2029 1165 2143 1209 ἔργοις
2165 1162 2202 1196 οἱ
2222 1163 2341 1196 ταῦτα

106 1205 317 1260 ληψόμενοι.
364 1220 396 1240 ει
416 1205 488 1252 γὰρ
508 1205 631 1251 μηδεὶς
652 1208 796 1242 τούτων
818 1208 883 1250 εἴη,
908 1209 963 1251 τῷ
987 1206 1173 1252 ἷερωτάτῳ
1197 1211 1350 1251 ταμιείῳ
1372 1207 1437 1242 τὰς
1459 1203 1604 1241 τούτων
1626 1211 1831 1253 περιουσίας
1853 1207 1944 1248 μετὰ
1968 1207 2137 1251 τελευτὴν
2153 1207 2343 1253 προςήκειν

103 1249 305 1295 κελευομεν.
351 1247 440 1286 ῶςῐε
470 1255 532 1285 καὶ
563 1249 583 1286 ὁ
614 1252 744 1298 πρώην
774 1251 1027 1298 φιλοτιμηθεὶς
1055 1252 1196 1287 τούτοις
1222 1252 1324 1298 παρὰ
1354 1254 1420 1287 τοῦ
1449 1250 1624 1297 ἡμετέρου
1655 1252 1794 1298 πατρὸς
1821 1253 1921 1287 θεῖος
1949 1254 2062 1288 τύπος
2091 1253 2204 1296 νόμου
2234 1252 2342 1292 τάξιν

107 1296 260 1340 ἐπέχων,
289 1294 409 1331 διδοὺς
436 1293 556 1332 αὖτοῖς
586 1296 817 1342 κληρονομεῖν
846 1311 887 1332 τε
912 1300 973 1331 καὶ
995 1296 1301 1343 κληρονομεῖσθαι
1323 1301 1384 1332 καὶ
1404 1297 1587 1341 τιμᾶσθαι
1608 1296 1772 1343 ληγάτοις
1795 1297 1818 1340 ἢ
1840 1297 2131 1342 καταλιμπάνειν
2154 1300 2341 1343 πρεσβεῖα,

107 1339 275 1384 σχολάσει
299 1341 343 1375 τὸ
371 1341 504 1376 λοιπὸν
533 1345 595 1376 καὶ
624 1342 806 1383 καθάπαξ
834 1342 937 1385 ἰσχὺν
966 1339 1138 1385 οὗδεμίαν
1166 1342 1247 1383 ἕξει.
1293 1343 1358 1386 τῆς
1385 1343 1456 1389 γὰρ
1479 1344 1519 1376 ἐκ
1542 1340 1673 1376 τούτου
1697 1341 1982 1387 φιλανθρωπίας
2005 1341 2173 1384 άναξίους
2194 1341 2342 1377 ἑαυτοὺς

106 1381 361 1427 ἇποδείξαντες
390 1386 484 1420 εἶναι
512 1386 549 1421 οἱ
576 1386 625 1422 τὰ
648 1388 888 1433 Σαμαρειτῶν
916 1387 1133 1432 μαινόμενοι
1160 1385 1226 1430 οὔχ
1255 1389 1379 1433 ἕτερον
1409 1385 1431 1431 ἢ
1462 1388 1557 1434 σφᾶς
1586 1384 1718 1422 αὖτοὺς
1745 1389 2025 1434 ἐπιμέμψονται,
2048 1387 2343 1433 ἅλλοτριοῦμενοι

105 1431 175 1475 μὲν
197 1431 261 1474 τῆς
279 1431 318 1464 ἐκ
340 1433 405 1466 τοῦ
425 1430 580 1486 μεγάλου
600 1432 692 1466 θεοῦ
714 1436 776 1466 καὶ
797 1433 959 1476 σωτῆρος
981 1429 1086 1476 ἡμῶν
1098 1430 1214 1475 Ἰησοῦ
1229 1434 1390 1477 Χριστοῦ
1414 1432 1707 1487 φιλανθρωπίας,
1730 1434 1967 1468 ἐκπίπτοντες
1982 1432 2022 1467 δὲ
2044 1435 2198 1468 καὶτῶν
2213 1430 2343 1478 πρώην

108 1471 228 1510 αὐτοῖς
257 1477 298 1509 ἐκ
326 1478 390 1519 τῆς
417 1480 590 1522 ημετέρας
619 1474 807 1511 δοθεισῶν
827 1476 1012 1521 βασιλείας
1033 1476 1251 1522 φιλοτιμιῶν
1273 1478 1365 1523 πρὸς
1386 1492 1430 1513 το
1455 1479 1518 1522 τῆς
1539 1474 1726 1522 ἀμείνονος
1742 1478 1920 1525 γενέσθαι
1943 1479 2097 1524 γνώμης,
2120 1476 2162 1513 οὗ
2184 1478 2259 1524 μὴν
2282 1478 2344 1512 ἵνα

106 1523 209 1566 μέχρι
231 1520 371 1555 παντὸς
393 1523 455 1556 ἐπὶ
477 1523 541 1565 τῆς
559 1523 688 1557 οἰκείας
711 1520 934 1568 διαμείναιεν
955 1521 1175 1563 κακοδοξίας.

75 1644 85 1654 ,
242 1612 329 1646 Νου.
350 1612 509 1646 CXLIV
524 1613 646 1647 Iustini
667 1613 793 1647 Graece
823 1621 943 1647 tantun
970 1621 1059 1647 extat
1087 1615 1122 1648 in
1144 1613 1190 1647 Μ
1216 1614 1264 1656 (s.
1287 1615 1353 1647 413
1386 1614 1470 1647 inter
1500 1614 1648 1647 novellas
1670 1614 1794 1648 Iustini
1822 1615 1948 1657 quinta)
1972 1622 2005 1648 et
2027 1616 2070 1657 L,
2094 1628 2121 1648 c.
2148 1617 2179 1649 1.
2204 1616 2225 1648 2
2249 1616 2282 1648 in
2310 1615 2344 1647 Β

112 1659 142 1698 1,
156 1664 183 1698 1,
198 1664 236 1691 5⁸
259 1658 327 1698 [52;
352 1658 394 1700 ‹ss
411 1657 600 1691 Zachariae
624 1659 732 1692 Beitr.
754 1672 783 1692 z.
807 1658 898 1692 Krit.
922 1671 952 1692 u.
970 1659 1084 1692 Besae.
1110 1659 1169 1692 der
1182 1659 1372 1699 Basiliken,
1397 1659 1449 1693 St.
1465 1660 1607 1692 Petersb.
1627 1660 1725 1702 1877,
1740 1672 1777 1703 p.
1793 1661 1828 1694 4.
1852 1660 1920 1700 14].
1942 1679 1989 1685 -
2012 1661 2106 1705 Epic.
2124 1661 2247 1694 Theod.
2267 1661 2343 1700 144,

107 1703 229 1735 Λίλαια.
247 1703 280 1743 3,
295 1709 312 1736 3
335 1701 423 1741 (inde
451 1702 534 1735 Col!-
559 1710 659 1737 const.
680 1703 756 1737 eccl.
771 1703 837 1737 III
845 1704 878 1744 3,
892 1706 934 1743 3),
958 1704 1119 1737 Balsama
1142 1705 1189 1737 ad
1209 1703 1343 1738 Nomoe.
1358 1703 1515 1737 XIVtit.
1531 1705 1565 1746 4,
1584 1712 1611 1737 ¹1.

174 1759 203 1780 c.
219 1747 244 1780 Ι
262 1754 293 1779 et
313 1746 360 1780 II
372 1759 428 1790 pr.
453 1759 492 1780 et
514 1747 552 1780 Β
571 1749 668 1782 habet
690 1747 870 1782 Nomou-‘¹⁸
884 1749 946 1782 XI
952 1749 1040 1782 Vtit.
1063 1750 1115 1789 10,
1130 1756 1159 1789 8,
1183 1750 1388 1782 summarium
1411 1749 1546 1783 Nouoc-
1561 1750 1623 1783 XI
1628 1750 1718 1784 Vtit.
1742 1751 1785 1785 ib.
1804 1762 1842 1794 p.
1860 1751 1925 1784 586
1950 1750 2058 1784 Pitm.

173 1803 193 1825 c
217 1792 241 1825 1
261 1793 304 1826 in.
327 1792 386 1834 (-—
400 1792 442 1826 13
467 1786 562 1826 ὅλως
584 1790 795 1837 αἷρετικούς)
819 1795 916 1827 habet
937 1792 990 1827 B!
1003 1796 1035 1836 1,
1050 1801 1076 1835 1,
1093 1801 1128 1828 53
1153 1794 1287 1837 reliquis
1310 1795 1446 1828 omissis.

1142 1947 1311 1986 CXLIV.
1568 2004 1571 2006 Ι

951 2027 1055 2078 DE
1094 2026 1504 2080 SAMARITIS.

643 2115 853 2164 Imperator
874 2116 1041 2154 Iustinus
1062 2116 1230 2154 Diomedi
1248 2117 1442 2164 praefecto
1463 2126 1573 2152 sacro
1593 2117 1796 2163 praetorio.

243 2194 507 2240 Praefatio.
552 2192 710 2240 Impiam
749 2194 1017 2231 Samaritarum
1051 2195 1218 2232 haeresin
1253 2199 1288 2231 et
1322 2195 1420 2231 omni
1451 2195 1597 2231 ratione
1629 2200 1810 2232 carentem
1845 2207 1969 2232 eorum
2003 2197 2185 2233 vesaniam
2218 2208 2344 2244 saepe·

108 2250 258 2275 numero
291 2244 363 2274 tam
388 2240 477 2292 piae
504 2240 698 2275 memorIae
722 2251 860 2286 parens
889 2244 1014 2276 noster
1041 2251 1150 2286 quam
1180 2251 1250 2276 nos
1276 2241 1352 2286 ipsi
1378 2250 1527 2286 operam
1556 2239 1719 2276 dedimus
1746 2245 1788 2276 ut
1810 2241 1860 2276 ad
1879 2242 2030 2277 meliora
2046 2242 2343 2288 perduceremus,

108 2295 301 2330 eorumque
331 2295 471 2319 anemos
501 2296 525 2319 a
555 2284 680 2320 morbo
710 2295 783 2330 quo
812 2285 1017 2321 detinentur
1046 2286 1296 2322 liberaremus:
1325 2296 1441 2331 neque
1618 2285 1657 2320 in
1684 2285 1870 2332 plerisque
1899 2297 2024 2322 eorum
2052 2286 2093 2321 id
2119 2287 2220 2333 quod
2240 2288 2344 2324 nobis

108 2328 229 2365 studio
258 2330 337 2374 suit
366 2329 561 2364 secundum
592 2334 744 2365 veterem
769 2340 873 2365 usum
900 2331 1077 2376 perficere
1107 2330 1295 2365 valuimus.
1340 2330 1437 2365 Nam
1464 2329 1632 2365 nonnulli
1656 2341 1707 2366 ea:
1732 2331 1779 2365 iis
1809 2330 1860 2366 ad
1890 2336 2027 2366 tantam
2052 2333 2234 2367 vesaniam
2251 2344 2343 2379 pro-

108 2374 227 2420 gressi
255 2377 359 2415 sunt,
391 2378 433 2409 ut
462 2373 519 2409 vel
539 2373 695 2409 salutari
717 2375 932 2420 baptismate
954 2375 1147 2421 impetrato
1170 2374 1289 2410 denuo
1313 2374 1364 2410 ad
1384 2374 1424 2409 id
1445 2374 1579 2409 malum
1602 2374 1698 2410 unde
1718 2374 1957 2412 discesserant
1978 2376 2140 2412 redirent
2161 2381 2197 2412 et
2219 2377 2343 2413 eadem

109 2429 189 2454 cum
216 2418 410 2454 Samaritis
437 2418 622 2453 honorare
651 2424 688 2454 et
714 2419 837 2454 eodem
865 2420 998 2465 furore
1026 2420 1092 2466 aqi
1120 2421 1415 2466 comperirentur.
1462 2418 1596 2465 Itaque
1616 2431 1696 2467 par
1720 2431 1798 2455 esse
1828 2420 1933 2456 nobis
1961 2421 2075 2457 m‘sum
2105 2426 2160 2457 est
2191 2427 2343 2458 veterem

108 2463 208 2498 illam
231 2467 267 2498 et
288 2475 312 2499 a
325 2467 438 2510 patre
459 2467 584 2499 nostro
608 2463 781 2499 adversus
802 2475 866 2500 eos
882 2465 993 2510 prius
1015 2464 1127 2500 latam
1150 2465 1264 2510 leqem
1286 2475 1472 2500 renovare.

242 2508 270 2543 Ι.
318 2510 372 2543 Ac
388 2512 597 2559 propterea
626 2510 820 2550 sancimus,
851 2514 892 2544 ut
922 2508 1070 2545 heredes
1100 2520 1175 2545 non
1203 2509 1297 2554 fiant
1324 2520 1374 2545 ex
1403 2509 1624 2544 testamentis
1650 2508 1708 2544 vel
1727 2509 1807 2544 sine
1827 2508 1896 2552 hus,
1919 2520 1990 2545 neu
2014 2510 2137 2555 leqata
2159 2510 2346 2556 accipiant

109 2556 175 2588 aut
204 2553 414 2588 donationis
443 2552 551 2588 modo
581 2564 641 2588 res
663 2553 872 2599 adquirant,
899 2554 965 2589 sed
985 2561 1027 2589 ut
1048 2565 1094 2590 ne
1116 2553 1162 2589 ab
1185 2554 1355 2590 intestato
1379 2554 1521 2600 quidem
1543 2557 1692 2589 vocatos
1713 2564 1939 2590 successores
1960 2553 2117 2590 habeant
2139 2553 2345 2590 Samarilas

110 2597 166 2633 vel
188 2598 333 2633 omnino
357 2596 569 2639 haereticos,
592 2602 658 2633 aut
679 2609 742 2633 eos
762 2599 828 2644 qm·
847 2599 1016 2634 simulent
1037 2599 1179 2650 quidem
1201 2610 1241 2634 se
1263 2604 1398 2634 rectam
1423 2598 1707 2634 Christianorum
1726 2598 1836 2643 fidem
1860 2600 2041 2645 amplecti,
2063 2611 2105 2635 re
2123 2611 2207 2635 vera
2223 2606 2344 2636 autem

109 2653 183 2677 non
205 2642 260 2678 ita
281 2643 440 2678 sentiant
462 2653 579 2688 neque
600 2641 684 2678 huic
707 2647 949 2679 consentanea
970 2644 1127 2688 faciant,
1150 2654 1237 2680 neve
1259 2645 1377 2690 maqis
1401 2647 1612 2679 testamenta
1619 2643 1708 2723 ffsi
1729 2644 1891 2679 scribant
1912 2649 1978 2680 aut
2001 2644 2122 2689 leqata
2135 2644 2360 2690 relinquant

109 2692 175 2722 aut
197 2687 344 2729 donent,
366 2687 439 2722 nisi
461 2686 660 2723 orthodoxi
682 2688 756 2723 sint
778 2692 815 2724 et
832 2688 907 2732 fide
929 2694 963 2723 et
985 2688 1102 2734 factis
1124 2689 1188 2734 qm·
1209 2699 1254 2723 ea
1276 2689 1464 2735 accepturi
1484 2693 1581 2724 sunt.
1657 2699 1716 2723 am
1737 2689 1771 2723 si
1788 2699 1891 2724 nemo
1914 2689 2044 2724 horum
2065 2689 2125 2732 sit,
2146 2689 2197 2725 ad
2216 2701 2343 2725 sacra-

110 2732 283 2767 tissimum
306 2733 488 2767 aerarium
513 2732 606 2767 bona
625 2743 754 2769 ,eorum
772 2740 858 2779 post
880 2737 1031 2768 mortem
1052 2734 1237 2779 pertinere
1258 2733 1426 2769 iubemus.
1472 2732 1606 2779 Itaque
1627 2734 1735 2769 etiam
1759 2744 1854 2779 quae
1876 2734 1961 2768 olim
1984 2734 2030 2769 iis
2052 2745 2076 2769 a
2088 2739 2202 2781 patre
2217 2741 2344 2770 nostro

106 2777 286 2822 praestita
309 2781 364 2811 est
384 2787 492 2811 sacra
514 2776 642 2822 forma
665 2777 757 2823 leqis
779 2778 889 2813 vicem
912 2777 1087 2822 obtinens,
1109 2789 1204 2824 quae
1227 2778 1273 2813 iis
1295 2778 1458 2815 concedit
1479 2778 1712 2814 hereditatem
1735 2778 1839 2813 adire
1852 2784 1888 2814 et
1903 2779 2147 2814 transmittere
2160 2784 2195 2815 et
2215 2780 2346 2826 quatis

109 2820 285 2856 honorari
316 2821 373 2856 vel
390 2821 511 2867 quata
533 2821 751 2868 relinquere,
781 2823 819 2857 in
836 2826 1029 2869 posterum
1051 2822 1216 2865 cessabit,
1246 2834 1363 2869 neque
1384 2834 1541 2870 prorsus
1563 2823 1676 2858 ullam
1698 2824 1767 2859 vim
1791 2822 1945 2859 habebit.
1993 2823 2079 2859 Cum
2102 2825 2196 2859 enim
2219 2824 2345 2860 huma-

109 2865 223 2901 nitate
243 2866 322 2901 eius
344 2865 436 2911 leqis
457 2877 497 2902 se
520 2866 535 2900 i
558 2867 592 2901 si
613 2866 786 2913 indiqnos
808 2867 1031 2903 ostenderint
1052 2869 1119 2914 qui
1139 2866 1404 2903 Samaritarum
1427 2868 1575 2904 vesania
1598 2868 1798 2913 aqitantur.
1821 2879 1895 2903 non
1917 2868 2029 2904 alium
2053 2880 2160 2915 quam
2182 2880 2222 2905 se
2244 2870 2346 2915 ipsos

108 2909 339 2952 accusabunt,
362 2910 427 2956 qui
443 2912 510 2956 qui
531 2922 587 2946 em
610 2915 646 2947 et
669 2923 694 2946 a
715 2911 904 2948 clementia
926 2913 1051 2958 maqni
1073 2912 1132 2947 dei
1153 2917 1188 2947 et
1210 2914 1408 2949 servatoris
1422 2913 1539 2948 nostri
1553 2910 1639 2948 Iesu
1656 2911 1788 2948 Christi
1801 2913 2004 2949 alienentur
2017 2919 2052 2949 et
2070 2914 2346 2950 liberalitatibus

103 2955 295 3006 priventur
318 2955 404 2990 olim
421 2956 519 3007 ipsis
540 2956 586 2991 ab
609 2956 762 3002 imperio
785 2962 912 2993 nostro
936 2956 1016 2993 ideo
1040 2957 1229 2999 concessis,
1253 2962 1295 2993 ut
1316 2957 1366 2993 ad
1383 2958 1564 2994 meliorem
1578 2962 1729 2994 mentem
1745 2957 1906 3001 redeant,
1930 2969 1995 2995 nec
2013 2970 2096 2995 vero
2111 2964 2151 2994 ut
2161 2965 2344 3005 perpetuo

108 3011 147 3035 nn
162 3011 340 3046 perversa
364 3011 536 3046 opimone
557 3011 626 3036 sua
643 3006 885 3047 perseverent.

1261 3150 1369 3182 hiatus
1398 3157 1447 3183 est
1471 3150 1494 3182 4
1516 3151 1596 3192 fere
1617 3151 1692 3190 titt)
1717 3150 1764 3183 Μ
1785 3149 1799 3192 Ι
1830 3151 1870 3183 13
1893 3150 1960 3191 μὲν
1985 3149 2066 3188 LB]
2091 3161 2149 3180 om.
2175 3148 2221 3180 Μ
2237 3147 2345 3193 Alli-ss

1263 3196 1304 3227 14
1326 3191 1551 3237 πράττοντος
1577 3193 1634 3234 LE
1658 3192 1705 3227 τά
1732 3193 1778 3227 τὰ
1802 3191 1917 3235 ταίτη
1941 3195 2011 3233 (sic)
2037 3194 2067 3225 L
2090 3190 2136 3225 τὰ
2161 3188 2250 3238 αὐτῇ
2274 3194 2343 3227 Νο-

155 3146 176 3179 3
200 3145 296 3179 inser.
319 3158 379 3179 om.
404 3147 435 3179 L
457 3143 702 3191 Αὐτοκράτωρ
722 3142 974 3181 'laumas-«avos
986 3148 1060 3180 Ath.
1078 3143 1116 3182 ‘0
1130 3145 1193 3180 αὖ·

109 3188 171 3222 τὸς
193 3188 360 3232 βασιλεὺς
382 3192 418 3230 (i.
434 3203 460 3224 e.
475 3193 634 3233 Iustinus)
650 3192 696 3224 M
704 3190 717 3233 Ι
735 3190 882 3235 ἐπάρχῳ
900 3194 1017 3233 (ΑιΙι.)]
1042 3189 1192 3237 ὑπάρχω

112 3233 180 3276 Mfl
197 3235 218 3267 4
239 3234 367 3267 τούτου
382 3235 432 3268 L¹
446 3236 460 3278 Ι
476 3237 498 3269 6
522 3231 615 3269 αὐτὰ
634 3237 664 3269 L
683 3235 697 3280 Ι
712 3238 730 3269 ’ἰ
757 3236 876 3269 *κατὰ
897 3236 940 3270 τὸ
957 3235 1084 3278 πάλαι]
1099 3236 1192 3271 κατὰ

110 3278 218 3310 τοῦτο
240 3276 354 3311 πάλαι
376 3280 409 3312 L
443 3282 503 3312 καὶ
524 3282 593 3313 τὸν
614 3278 659 3313 τὸ
679 3278 795 3314 πάλαι
818 3282 866 3314 Μ
893 3284 954 3314 καὶ
983 3285 1056 3315 τοῖς
1078 3281 1193 3316 πάλαι

111 3335 179 3355 cum
204 3323 421 3366 Hombequio
443 3325 531 3367 vulq.
558 3325 572 3368 Ι
599 3321 695 3358 ὥστε
719 3326 779 3366 Μ]
807 3321 866 3359 ὅτι
886 3328 916 3360 L
944 3327 957 3371 Ι
987 3329 1007 3361 8
1035 3330 1096 3360 καὶ
1114 3330 1191 3361 add.

112 3367 301 3400 Zachariae
317 3366 330 3410 Ι
345 3368 462 3400 ταῦτα
484 3369 558 3402 ML
582 3382 664 3403 corr.
683 3370 877 3404 Haloander
891 3372 906 3413 11
922 3373 943 3405 9
967 3385 1007 3405 τε
1029 3374 1090 3405 καὶ
1113 3371 1191 3406 λυτ·

111 3412 246 3444 τῶντες
268 3412 311 3451 L]
342 3413 403 3444 καὶ
432 3410 619 3446 ἐλαττονες
646 3414 719 3454 (sic)
742 3414 787 3446 Μ
807 3414 821 3457 Ι
849 3412 1110 3462 διελέγχθησαν
1135 3419 1166 3450 L
1181 3418 1193 3461 ΙΙ

115 3458 156 3489 10
179 3453 256 3489 κατ’
282 3451 395 3489 αὗτὸν
411 3456 592 3498 τεχθέντα
607 3458 639 3490 L
654 3458 668 3500 Ι
684 3457 823 3500 πατρὸς
838 3472 877 3492 ez·
891 3473 974 3493 corr.
991 3463 1019 3494 L
1035 3463 1049 3505 Ι
1066 3462 1191 3504 νόμον]

111 3500 228 3543 μόνον
242 3501 310 3553 -L¹.
355 3502 419 3534 Est
445 3503 522 3535 Cod.
542 3505 613 3543 1,5‚
631 3509 660 3535 Π
685 3502 699 3544 Ι
726 3505 762 3536 11
792 3504 1017 3554 9εσπίζομεν
1037 3506 1086 3549 μὴ
1111 3506 1192 3548 κλη-

112 3543 843 3633 ⁰23:AE.²35“3321{{632,⁸1r53³w1
864 3550 1194 3641 santerna]

72 3676 79 3688 ι
114 3631 299 3675 διαδόχους
333 3634 426 3675 ἔχειν
456 3635 524 3667 LB
546 3636 634 3675 ΔΜ]
670 3630 880 3677 ἇδιαδόχους
913 3639 1001 3679 (ante
1035 3641 1095 3673 hoc
1122 3654 1192 3674 voc.

1260 3238 1384 3271 moe-‘m
1417 3238 1464 3271 τὰ
1496 3235 1604 3280 αὐτῆς
1627 3241 1678 3272 13⁶
1710 3239 1827 3272 ταῦτα
1852 3239 1899 3271 Μ
1917 3239 1930 3280 ΙΙ
1959 3237 2008 3270 εἰς
2033 3238 2095 3270 deL
2122 3237 2344 3280 Haloanderu

1260 3279 1372 3316 αὐτας
1397 3284 1474 3327 [1⁸8
1495 3287 1535 3318 15
1558 3287 1682 3318 πίστοι
1707 3283 1766 3326 Lu
1788 3282 1826 3316 οἱ
1846 3282 1962 3316 ταῦτα
1987 3282 2168 3326 LB„A110.]
2192 3295 2251 3314 om.
2277 3281 2344 3326 ΜΙΙ

1264 3330 1305 3362 ¹6
1327 3327 1380 3369 εἴη
1404 3329 1462 3369 τῷ
1483 3328 1570 3369 (εἶεν
1591 3342 1651 3362 om.
1674 3328 1728 3369 τῷ
1752 3329 1816 3367 L0)
1841 3327 1910 3360 LB
1934 3327 2024 3366 Aeta-J
2048 3327 2070 3367 ἡ
2094 3326 2148 3358 τῶ
2174 3326 2221 3358 Μ
2239 3326 2252 3369 Ι
2281 3339 2345 3359 τα-

1258 3375 1349 3417 μείῳ
1375 3373 1445 3406 LB
1467 3374 1573 3414 Ath.ss
1596 3376 1633 3407 17
1659 3369 1965 3416 παρὰ-πατρὸς
1988 3384 2047 3403 om.
2064 3370 2127 3414 ΒΕ
2146 3369 2259 3404 τύπος
2283 3385 2346 3406 om.

1261 3419 1323 3451 L‘.
1354 3420 1418 3452 Est
1439 3432 1511 3451 nov.
1534 3419 1694 3452 CXXIX
1717 3420 1729 3457 ΙΙ
1755 3418 1796 3450 18
1824 3411 1951 3448 αὖτοὺς
1972 3415 2161 3458 Noniae-¹¹¹}
2184 3412 2345 3459 λεγάτοις

1261 3462 1444 3508 Nomoe.¹¹⁸{{
1458 3466 1499 3498 19
1515 3461 1681 3504 σχολάσοι
1698 3461 1744 3493 τὰ
1760 3458 1889 3493 λοιπὸν
1906 3460 1950 3492 Μ
1958 3460 1970 3501 Ι
1981 3461 2042 3492 καὶ
2058 3473 2117 3493 om.
2135 3460 2182 3492 Μ
2188 3461 2201 3503 Ι
2213 3462 2251 3494 21
2268 3462 2346 3503 τοῦ]

1260 3508 1324 3549 τῆς
1346 3508 1535 3551 Nomen-fl
1557 3505 1712 3552 μεγάλου
1734 3518 1792 3538 om.
1818 3505 1850 3537 L
1872 3504 1886 3547 Ι
1910 3506 1972 3536 καὶ
2000 3505 2162 3549 σωτῆρος
2182 3518 2241 3537 om.
2266 3506 2319 3539 B‘
2333 3506 2347 3551 ss

1262 3553 1422 3597 Χριστοῦ
1446 3566 1506 3586 om.
1532 3550 1710 3592 Nomai-st·
1729 3551 1772 3583 22
1796 3550 1835 3581 ἐκ
1857 3549 1921 3590 τῆς
1943 3545 2114 3592 ἧμετέρας
2137 3546 2259 3583 αὐτοῖς
2272 3551 2344 3584 Νο-

1261 3597 1412 3635 moe-⁶¹¹¹!
1441 3599 1482 3631 23
1506 3598 1608 3639 μέχρι
1631 3594 1695 3627 τοῦ
1719 3592 1858 3627 παντὸς
1880 3594 2072 3637 Νοιιιοσ.”“Ι
2096 3590 2345 3637 *διαμείνοιεν

1262 3642 1374 3674 MLB
1397 3638 1598 3684 διαμένοιεν
1621 3652 1688 3672 cum
1713 3638 1896 3682 Scrimyero
1919 3639 2008 3682 vulq.

2366 794 2408 826 10

2367 1165 2408 1198 15
