2476 3854
144 89 183 130 N
186 103 251 132 ov.
277 88 389 132 CXL
423 92 440 131 1

144 200 240 234 ἔνθα
273 200 320 234 τὰ
349 202 414 244 τῆς
444 204 679 245 μικροψυχίας
708 200 756 234 εἰς
786 199 962 234 τοσοῦτον
997 197 1149 245 ἆρθείη,
1184 198 1233 235 (ὃς

143 248 203 279 καὶ
241 248 343 290 μῖσος
381 244 620 280 ἀδιάλλακτον
658 245 872 291 ἐγγενέσθαι
910 247 983 279 τοῖς
1018 246 1231 280 συνοικοῦσι.

143 290 186 324 τὸ
216 293 284 335 μὲν
315 285 381 324 οὖν
410 290 571 326 παλαιὸν
602 289 686 332 ἐξῆν
716 287 916 324 ἀκινδύνως
945 289 1028 324 τοὺς
1050 290 1232 325 τοιούτους

145 333 206 370 ἀπ’
233 335 400 379 ἀλλήλων
423 336 647 378 χωρίζεσθαι
671 335 764 369 κατὰ
788 335 914 378 κοινὴν
936 335 1086 381 γνώμην
1109 349 1148 370 τε
1172 339 1232 369 καὶ

144 385 351 415 συναίνεσιν
371 383 479 415 τοῦτο
496 379 732 424 πράττοντας,
757 377 846 414 ὦςτε
861 383 922 413 καὶ
939 379 1070 424 νόμους
1085 381 1231 415 κεῖσθαι

144 425 296 460 πολλοῖς
327 428 435 459 mosaco
467 424 633 471 λέγοντάς
664 438 704 459 τε
730 429 789 458 καὶ
811 424 1034 470 διορίζοντας
1057 429 1117 460 καὶ
1137 427 1232 461 bona

143 472 257 514 gratia
281 471 349 513 τὴν
374 468 471 504 οὕτω
496 471 696 515 προϊοῦσαν
721 469 824 504 λύσιν
846 472 924 505 τῶν
947 470 1077 517 γάμων
1101 472 1145 518 τῇ
1162 483 1231 506 πα-

144 521 233 560 τρίῳ
275 514 472 549 καλοῦντας
511 517 628 570 φωνῇ,
677 513 829 561 ὕστερον
868 514 908 549 δὲ
946 517 998 558 τῷ
1031 518 1091 559 τῆς
1127 516 1232 550 θείας

144 561 276 603 λήξεως
295 563 477 616 γενομένῳ
502 561 608 604 ημῶν
631 564 744 605 πατρὶ
767 558 932 604 εἰσεβείᾳ
955 574 995 594 τε
1011 565 1070 595 καὶ
1090 573 1230 607 σωφρο-

1212 86 1297 133 702

1798 105 1859 135 UT
1887 104 2038 137 Possm·
2067 107 2129 136 EX
2159 106 2384 140 CONSENSU

1300 199 1374 235 illic
1405 201 1466 235 ubi
1489 201 1764 246 pusillanimitas
1788 201 1826 238 in
1848 205 1989 239 tantum
2012 204 2170 250 erigitur,
2194 206 2246 240 ita
2268 209 2309 241 ut
2330 207 2384 242 in-

1300 245 1487 290 placabilis
1521 247 1651 282 horror
1689 247 1753 283 fiat
1790 249 1998 293 coniugibus
2035 260 2109 285 una
2146 251 2384 288 manentibus.

1300 291 1508 342 antiquitus
1540 292 1680 336 quidem
1710 292 1845 329 licebat
1867 294 1944 329 siue
1964 294 2124 340 periculo
2147 295 2238 331 tales
2261 296 2307 332 ab
2330 297 2385 331 in-

1301 345 1411 371 v1cem
1443 337 1604 381 separari
1635 338 1831 373 secundum
1862 349 2083 375 communem
2109 340 2327 377 voluntatem
2350 344 2387 377 et

1267 384 1286 415 5
1302 390 1515 416 eonsensum
1538 382 1606 417 hoc
1631 385 1786 427 agentes,
1811 383 1862 420 sic
1886 387 1926 419 ut
1946 388 1983 420 et
1998 385 2174 430 plurimae
2189 390 2275 422 tunc
2290 386 2386 431 leges

1299 430 1465 461 extarent
1495 427 1563 462 hoc
1595 427 1753 464 dicentes
1785 432 1822 463 et
1851 429 1904 465 bo
1919 439 1974 465 na
2005 430 2160 474 gratia
2184 431 2237 466 sic
2259 440 2384 476 proee-

1301 471 1441 506 dentem
1465 472 1676 508 solutionem
1699 474 1904 518 nuptiarum
1929 477 2045 520 patria
2067 476 2264 511 vocitantes
2288 486 2385 512 voce.

1300 516 1433 551 Postea
1464 527 1546 552 vero
1577 517 1678 554 divae
1708 519 1899 555 memoriae
1929 525 2052 556 nostro
2076 521 2171 565 patri
2195 521 2327 566 pietate
2350 525 2387 556 et

1301 562 1536 606 temperantia
1569 573 1691 599 omnes
1718 564 1932 610 ubicumque
1955 565 2147 610 aliquando
2171 566 2385 611 imperantes

144 608 234 653 σύνῃ
266 617 348 639 τους·
380 604 530 640 πώποτε
560 605 860 661 ρεβασιλευκότας
890 603 1056 641 ἅπαντας
1077 604 1230 652 ineptia·
1248 610 1287 642 10
1301 607 1485 642 excedenti
1514 607 1626 643 visum
1657 612 1729 650 est,
1757 610 1818 654 qui
1849 610 1896 645 ad
1920 621 2020 646 suam
2045 611 2166 646 utilem
2190 615 2226 647 et
2249 611 2387 647 firmam

144 651 302 693 λοιιένῳ,
340 651 430 695 πρὸς
464 651 531 693 τὴν
566 652 694 685 εαυτοῦ
728 652 883 695 χρηστήν
918 665 958 685 τε
989 655 1050 685 καὶ
1076 655 1232 696 βεβαίαν

144 694 398 741 ἀποβλέψαντι
422 699 651 742 προαίρεσιν,
681 692 722 729 ού
745 697 819 739 μὴν
842 698 905 739 τῆς
928 697 1006 730 τῶν
1029 695 1150 732 ἄλλων
1170 710 1232 731 τα·

143 741 329 786 λαιπώρου
366 753 406 775 τε
440 744 500 774 καὶ
533 741 757 786 μικροψύχου
793 742 937 788 γνώμης
973 745 1231 786 στοχασαμένῳ

142 790 342 840 γέγραπται
379 785 488 841 νόμος
528 787 657 832 εἴργων
695 786 788 820 κατὰ
828 791 1037 822 συναίνεσιν
1077 787 1232 821 λύεσθαι

1300 652 1495 704 respiciens
1520 653 1748 693 voluntatem,
1778 665 1851 690 non
1875 658 1994 691 autem
2017 656 2176 692 miserias
2199 656 2385 702 pusillani-

1301 702 1434 732 mitatis
1459 698 1651 742 coniciens,
1676 700 1787 742 legem
1813 701 1964 736 sancivit
1986 702 2180 746 prohibens
2205 712 2285 737 cum
2302 712 2386 738 con-

1301 752 1408 795 sensu
1445 742 1608 794 coniugia
1643 744 1745 788 solvi;
1782 745 1877 789 quod
1911 756 1977 781 nos
2009 757 2149 791 quoque
2180 747 2384 783 volebamus

1301 798 1404 822 n1m1s
1434 790 1595 832 optinere
1627 789 1664 824 in
1688 789 1757 824 hoc
1780 790 1872 834 ipso.
1919 791 2068 826 Plurimi
2089 795 2208 827 autem
2231 802 2298 828 nos
2321 792 2385 828 ad-

142 843 224 865 τους
255 841 406 877 γαμους·
447 845 492 864 ον
515 829 751 886 ἦρουλόμεθα
775 834 833 865 καὶ
858 830 956 875 ἡμεῖς
979 830 1123 878 σφόδρα
1147 832 1421 877 upa-15iernnt
1450 834 1543 868 inter
1573 842 1612 869 se
1641 834 1842 878 coniugium
1872 835 2058 871 horrentes
2081 840 2118 871 et
2139 837 2386 873 abominantes

142 880 218 910 τεῒν
249 880 308 910 καὶ
343 880 465 920 μένειν
500 879 544 922 ἐφ
601 878 742 910 ἑαυτοῦ.
790 876 915 911 πολλοὶ
952 875 992 911 δὲ
1025 877 1232 923 προςῆλθον

142 920 230 966 ἡμῖν
253 922 321 956 τὸν
345 921 434 967 πρὸς
458 918 627 965 ἀλλήλους
650 922 765 969 γάμον
787 924 978 966 μισοῦντές
1001 937 1040 957 τε
1064 926 1124 956 καὶ
1146 920 1231 958 ἄπο-

143 966 403 1013 στρεφόμενοι,
435 966 608 1011 πολέμους
637 981 678 1001 τε
706 970 764 1001 καὶ
788 968 902 1011 μάχας
925 969 1014 1002 οἴκοι
1039 967 1099 1001 διὰ
1123 969 1231 1002 τοῦτο

142 1016 351 1067 γενομένους
377 1010 585 1057 αἰτιώμενοι
609 1014 728 1055 (τοῦτο
748 1009 837 1057 ὅπερ
861 1012 944 1047 λίαν
966 1012 1155 1049 ἐπώδυνον
1173 1016 1233 1047 καὶ

144 1057 260 1092 ἄλλως
293 1057 450 1102 ανιαρὸν
481 1058 697 1101 καθέστηκε)
731 1056 890 1092 διαλύειν
921 1071 959 1094 τε
987 1061 1121 1101 τρῦτον
1152 1056 1232 1092 δεό-
1247 1062 1287 1094 20
1302 1059 1426 1094 timore
1457 1060 1525 1095 hoc
1557 1059 1615 1094 lex
1647 1061 1756 1096 dabat
1785 1060 1905 1096 facere
1935 1062 2046 1106 ipsos.

142 1117 263 1147 μενοι,
299 1100 369 1137 κᾶν
405 1104 520 1138 αἰτίας
555 1100 619 1137 οὔκ
654 1103 749 1146 εἶχον
770 1102 903 1150 λέγειν,
936 1104 974 1141 ἐξ
998 1103 1052 1138 ὡν
1076 1101 1231 1138 videsne?

144 1146 253 1192 νόμος
277 1147 396 1182 ἐδίδου
419 1150 527 1182 τοῦτο
551 1151 669 1183 ποιεῖν
693 1146 822 1183 αὐτοῖς.
862 1148 931 1192 τὴν
955 1147 995 1183 δὲ
1015 1153 1096 1195 περὶ
1116 1151 1233 1184 ταῦτα

145 1195 288 1228 τούτων
320 1193 524 1237 ἐπιθυμίαν
552 1207 591 1227 τε
623 1196 683 1227 καὶ
715 1192 878 1238 σπουδὴν
909 1196 973 1228 ἐπί
995 1208 1078 1229 τινα
1100 1193 1233 1239 χρόνον

145 1236 445 1283 ἅνεβαλλόμεθα,
478 1241 568 1273 ποτὲ
597 1241 664 1283 μὲν
695 1241 959 1285 παραινοῦντες
989 1241 1079 1275 ποτὲ
1110 1238 1150 1274 δὲ
1172 1242 1233 1273 καὶ

1301 882 1338 912 et
1360 878 1498 923 proelia
1521 878 1788 924 discordiasque
1810 883 1959 925 propter
1981 881 2050 916 hoc
2074 881 2168 917 domi
2183 881 2387 927 contingere

1302 927 1511 959 accusantes
1534 925 1617 966 (hoc
1641 926 1737 969 quod
1759 924 1862 961 valde
1886 925 2114 961 doloriferum
2129 929 2167 962 et
2180 926 2283 962 triste
2299 937 2385 963 con-

1302 969 1419 1012 sistit),
1443 968 1637 1005 dissolvere
1660 972 1809 1014 propter
1827 971 1896 1006 hoc
1918 975 2107 1016 precantes
2132 972 2296 1013 conubia,
2330 972 2386 1007 vel

1301 1014 1332 1048 si
1355 1014 1563 1050 occasiones
1595 1025 1667 1050 non
1698 1015 1902 1051 habuerunt
1932 1016 2068 1059 dicere,
2126 1027 2165 1052 er
2196 1027 2285 1061 quas
2309 1016 2387 1053 sine

2128 1061 2281 1097 esideria
2303 1071 2386 1098 vero

1301 1107 1338 1139 et
1360 1105 1515 1140 studium
1539 1114 1661 1140 eorum
1685 1116 1751 1150 pro
1776 1105 1844 1141 hac
1867 1116 1907 1141 re
1929 1106 1965 1141 in
1984 1106 2166 1151 aliquanto
2183 1107 2386 1143 distulimus

1301 1151 1472 1195 tempore,
1497 1150 1688 1195 aliquando
1709 1150 1851 1195 quidem
1877 1153 2061 1188 monentes
2085 1152 2278 1205 aliquando
2302 1162 2387 1189 vero

1301 1195 1477 1231 minantes
1502 1196 1683 1241 quiescere
1707 1206 1767 1232 eos
1791 1196 1837 1232 ab
1861 1196 2106 1233 inrationabili
2125 1207 2222 1233 circa
2235 1196 2386 1233 invicem

1301 1240 1451 1276 horrore
1485 1246 1521 1276 et
1555 1241 1602 1276 ad
1638 1241 1906 1277 unanimitatem
1937 1252 2130 1288 properare
2162 1247 2198 1279 et
2228 1242 2386 1279 melioris

145 1282 378 1319 ἀπειλοῦντες
415 1283 634 1319 παύσασθαι
673 1297 737 1319 του
777 1282 855 1319 κατ’
897 1282 1064 1328 ἀλλήλων
1101 1281 1232 1331 ἀλόγου
1247 1287 1288 1319 25
1302 1286 1379 1321 fieri
1402 1286 1606 1322 voluntatis.
1656 1287 1859 1330 Agebamus
1882 1296 1964 1322 vero
1988 1288 2070 1332 plus
2088 1288 2194 1323 nihil:
2219 1287 2386 1340 quoniam

143 1334 266 1374 μίσους
301 1329 392 1374 πρὸς
431 1326 607 1373 ὁμόνοιάν
642 1343 682 1363 τε
707 1333 838 1375 χωρεῖν
868 1332 928 1364 καὶ
958 1331 1020 1373 τῆς
1050 1329 1233 1365 καλλίονος

143 1375 316 1421 γίνεσθαι
370 1374 421 1408 νώ
450 1386 497 1417 ης.
546 1375 772 1419 ἐπράττομεν
804 1374 845 1409 δὲ
875 1374 985 1410 πλέον
1008 1373 1124 1418 οἷ’δέν,
1155 1377 1233 1410 ἐπεὶ

146 1419 312 1455 δύςκολον
337 1387 527 1460 glastingai
551 1422 632 1454 τοὺς
656 1417 757 1461 ἅπαξ
780 1418 961 1466 ἀλογίστῳ
982 1418 1102 1455 πάθέι
1117 1433 1158 1455 τε
1173 1423 1233 1453 καὶ

144 1470 240 1507 μίσει
264 1468 550 1511 κεκρατημένους.
587 1467 700 1500 ἐνίους
740 1465 784 1510 ἀρ
799 1465 944 1500 τούτων
958 1469 1158 1511 συμβέβηκε
1172 1468 1233 1499 καὶ

1302 1335 1408 1374 [vero]
1438 1331 1583 1366 difficile
1614 1334 1670 1366 est
1699 1331 1876 1368 inmutare
1907 1333 2016 1368 semel
2046 1332 2210 1368 detentos
2241 1333 2387 1369 inratio-

1301 1377 1412 1411 nabili
1441 1376 1610 1422 passione
1641 1382 1677 1412 et
1699 1377 1858 1413 horrore.
1906 1378 2074 1413 Forsitan
2097 1378 2190 1414 enim
2215 1378 2388 1421 contingit

1300 1421 1379 1457 istis
1411 1424 1448 1457 et
1480 1421 1629 1457 insidias
1653 1422 1798 1466 adgredi
1821 1422 1867 1458 ad
1890 1422 2039 1459 invicem
2063 1427 2100 1458 et
2121 1423 2266 1459 venenis
2289 1423 2386 1459 aliis-

1302 1477 1370 1512 que
1400 1467 1447 1502 ad
1475 1470 1625 1503 mortem
1657 1467 1841 1511 agentibus
1872 1468 1943 1510 uti,
1973 1468 2026 1503 ita
2057 1470 2099 1504 ut
2129 1479 2195 1504 nec
2217 1468 2311 1504 filios
2335 1467 2387 1504 eis

146 1511 236 1557 πρὸς
259 1510 450 1556 ἐπιβουλὰς
467 1511 628 1555 χωρῆσαι
648 1525 692 1544 κα
749 1508 925 1554 ἀλλήλων,
950 1509 1174 1567 ᾂηλητηρίοις
1193 1523 1233 1545 τε
1246 1513 1288 1546 30
1301 1513 1417 1548 factos
1448 1513 1565 1548 valere
1596 1513 1642 1549 ad
1674 1522 1783 1548 unam
1812 1512 2031 1559 similemque
2054 1513 2145 1549 tales
2167 1514 2387 1550 voluntatem

145 1561 209 1590 καί
229 1569 327 1590 τισιν
355 1554 474 1590 ἅλλοις
497 1557 545 1590 εἰς
568 1553 739 1590 θάνατον
758 1555 883 1603 ἄγουσι
898 1557 1119 1601 χρησασθαι,
1144 1553 1232 1591 clim
1300 1557 1497 1593 inmiscere.

144 1600 235 1645 μηδὲ
265 1599 395 1635 παῖδας
429 1597 547 1635 αἰτοῖς
574 1605 784 1648 γενομένους
815 1601 985 1637 πολλάκις
1017 1601 1154 1644 ἰσχύειν
1185 1602 1234 1636 εἰς

145 1651 234 1691 μίαν
256 1650 316 1681 καὶ
339 1647 408 1690 τὴν
430 1643 546 1689 αὐτὴν
568 1644 716 1681 τούτους
736 1646 888 1693 γνώμην
910 1645 1120 1683 συνάπτειν.

197 1805 318 1838 Ταῦτα
348 1807 474 1839 τοίνυν
508 1801 681 1850 ἀλλότρια
714 1805 792 1839 τῶν
825 1804 1011 1851 ἡμετέρων
1040 1804 1133 1839 εἶναι
1161 1808 1234 1852 κρί-

1347 1804 1447 1840 Haec
1469 1804 1576 1849 igitur
1599 1805 1715 1841 aliena
1738 1805 1870 1842 nostris
1893 1805 2092 1843 iudicantes
2115 1805 2336 1852 temporibus
2350 1806 2388 1842 in

146 1861 274 1893 ναντεέ
295 1848 440 1894 χρόνων
462 1850 523 1884 ἐπὶ
547 1849 615 1883 τὸν
638 1849 807 1898 παρόντα
830 1851 935 1885 θεῖον
951 1848 1092 1895 εἴδομεν
1107 1850 1234 1905 νόμον,
1249 1854 1290 1886 35
1304 1850 1483 1895 praesenti
1506 1859 1645 1886 sacram
1669 1851 1918 1887 constituimus
1941 1851 2064 1896 legem,
2091 1861 2163 1905 per·
2177 1861 2282 1897 quam
2306 1861 2389 1887 san-

147 1892 191 1928 δι’
223 1895 265 1928 οὑ
297 1896 522 1939 ᾶεσπίζομεν
553 1895 685 1935 ἐξεῖναι
715 1896 808 1930 κατὰ
838 1896 881 1930 τὸ
913 1895 1074 1931 παλαιὸν
1104 1907 1169 1930 τας
1196 1897 1235 1929 ἐκ

146 1942 383 1974 συναινέσεως
407 1938 584 1974 διαλύσεις
603 1942 666 1974 ἐπὶ
688 1942 766 1975 τῶν
782 1939 913 1987 γάμων
928 1941 1127 1986 ποιεῖσθαι,
1151 1954 1234 1986 κρατ

1304 1896 1415 1931 cimus
1447 1895 1554 1930 licere
1582 1899 1623 1931 ut
1653 1897 1850 1942 antiquitus
1879 1907 2056 1932 consensu
2083 1907 2272 1941 coniugum
2295 1897 2390 1933 solu-

1304 1941 1421 1976 tiones
1455 1940 1662 1985 nuptiarum
1697 1941 1793 1986 fieri,
1826 1942 1945 1986 <non>
1980 1942 2077 1978 ultra
2110 1951 2193 1978 vero
2228 1942 2388 1988 optinere

283 2044 310 2064 e.
327 2031 352 2065 I
366 2044 420 2075 pr.
447 2032 686 2075 (Θεσπίζομεν
711 2030 844 2071 ἐξεῖναι
869 2057 993 2066 ......
994 2032 1008 2075 )
1032 2033 1111 2066 citat
1132 2032 1232 2066 schol.
1258 2032 1308 2065 Β*
1332 2033 1369 2064 Γ
1387 2033 1418 2073 4,
1436 2040 1452 2065 5
1475 2045 1508 2076 p.
1529 2033 1593 2066 156
1617 2033 1720 2066 Zach.

145 2169 255 2201 aucta
284 2168 356 2208 est,
384 2167 425 2201 ut
454 2165 511 2201 vel
540 2164 623 2200 odio
654 2164 877 2212 implacabili
907 2165 1079 2212 eoniuqes
1107 2165 1362 2201 imbuerentur.
1408 2165 1527 2211 Atque
1557 2165 1758 2211 antiquitus
1789 2165 1931 2211 quidem
1965 2165 2095 2201 licebat
2124 2165 2203 2201 sine
2219 2164 2388 2212 periculo

145 2210 321 2247 eiusmodi
350 2211 521 2255 coniuqes
548 2211 643 2245 inter
673 2221 711 2246 se
742 2211 930 2257 separari,
959 2213 1022 2257 qui
1052 2211 1233 2246 communi
1253 2210 1438 2246 voluntate
1461 2214 1495 2246 ct
1518 2221 1696 2246 consensu
1729 2209 1799 2245 hoc
1821 2213 1990 2256 aqerent,
2023 2211 2076 2246 ita
2099 2214 2140 2246 ut
2161 2210 2268 2246 etiam
2292 2210 2389 2256 lcqes

144 2256 280 2291 multae
317 2255 414 2291 latae
448 2256 522 2291 sint
559 2266 653 2301 quae
684 2255 753 2291 hoc
780 2256 939 2292 dicerent
968 2260 1004 2292 et
1035 2256 1310 2300 constituerent,
1340 2266 1384 2290 ac
1415 2255 1626 2302 nuptiarum
1656 2255 1873 2292 solutionem
1903 2255 1958 2291 ita
1985 2255 2238 2302 procedentem
2269 2254 2388 2290 bona

144 2301 305 2347 qratia
322 2301 452 2347 patria
477 2300 602 2347 linqua
626 2305 807 2336 vocarent.
856 2300 989 2337 Postea
1013 2306 1132 2337 autem
1155 2312 1178 2336 a
1198 2305 1308 2348 patre
1330 2304 1456 2336 nostro
1480 2300 1623 2336 divinae
1646 2300 1859 2343 memoriae,
1892 2300 1956 2346 qui
1986 2299 2125 2346 pietate
2148 2303 2184 2336 et
2205 2300 2390 2347 sapientia

146 2357 269 2382 omnes
292 2347 355 2392 qui
378 2356 548 2391 umquam
571 2346 773 2382 extiterunt
796 2346 1047 2392 imperatores,
1070 2347 1266 2393 superavit,
1290 2356 1369 2381 cum
1393 2345 1443 2380 ad
1465 2346 1596 2382 bonum
1619 2356 1723 2380 suum
1747 2349 1781 2380 et
1799 2345 1945 2390 firmum
1969 2344 2158 2381 eonsilium
2181 2345 2388 2391 respiceret,

145 2402 211 2426 nec
233 2402 317 2427 vero
342 2391 391 2426 ad
414 2396 613 2426 ceterorum
637 2391 802 2426 miseram
826 2396 862 2426 et
884 2392 1064 2436 infirmam
1088 2391 1308 2427 voluntatem
1330 2390 1532 2427 intenderet
1553 2390 1729 2432 animum,
1761 2390 1824 2426 lex
1845 2391 1985 2437 scripta
2008 2394 2080 2433 est,
2109 2400 2204 2436 quae
2226 2393 2322 2426 vetat
2344 2401 2389 2425 ne

145 2447 196 2472 ex
227 2447 404 2471 consensu
436 2437 586 2483 nuptiae
616 2435 825 2471 solvantur:
859 2448 969 2482 quam
998 2447 1066 2472 nos
1095 2447 1240 2482 quoque
1271 2446 1380 2482 quam
1409 2436 1566 2471 maxime
1598 2435 1775 2471 voluimus
1807 2435 1928 2471 valere
1958 2439 1994 2470 et
2021 2435 2058 2471 in
2081 2445 2150 2470 sua
2173 2435 2208 2472 vi
2232 2445 2390 2471 manere.

155 2481 285 2517 Verum
305 2481 407 2516 multi
430 2492 498 2516 nos
521 2481 691 2516 adierunt
713 2482 777 2527 qui
799 2482 1065 2517 matrimonium
1089 2483 1184 2517 inter
1206 2492 1245 2517 se
1263 2484 1490 2516 contractum
1510 2492 1621 2527 aeyre
1641 2481 1786 2525 ferrent
1800 2484 1837 2516 et
1851 2484 2118 2523 aversarentur,
2142 2484 2179 2516 et
2187 2483 2390 2526 propterea

145 2526 274 2574 bellum
299 2530 335 2562 et
350 2526 499 2572 proelia
522 2526 620 2561 domi
642 2530 744 2562 ortas
767 2537 844 2562 esse
867 2531 1063 2573 arquerent
1085 2526 1138 2570 (id
1160 2526 1259 2572 quod
1281 2525 1385 2562 valde
1414 2526 1516 2561 triste
1538 2530 1647 2572 atque
1670 2524 1761 2561 adeo
1785 2525 2031 2571 importunum
2053 2527 2131 2568 est),
2165 2530 2276 2571 utque
2298 2524 2391 2560 illud

146 2572 346 2607 solveretur
369 2576 554 2618 roqarent,
579 2572 648 2607 etsi
670 2582 811 2614 causas,
835 2583 885 2608 ex
909 2572 1039 2618 quibus
1061 2573 1207 2618 impune
1230 2571 1270 2606 id
1291 2571 1337 2606 iis
1358 2572 1486 2617 faeere
1506 2571 1568 2606 Iex
1583 2570 1802 2614 concederet,
1827 2570 1964 2616 afferre
1987 2580 2060 2605 non
2068 2574 2232 2617 possent.
2271 2571 2391 2616 Atque

144 2616 291 2651 illorum
315 2627 359 2651 ea
381 2616 426 2651 de
448 2628 488 2652 re
512 2616 728 2652 desiderium
760 2622 796 2652 et
825 2617 981 2653 studium
1039 2628 1079 2653 er
1109 2615 1262 2663 aliquod
1293 2620 1432 2663 tempus
1454 2615 1671 2657 distulimus,
1703 2615 1808 2650 modo
1832 2615 2019 2651 hortantes
2042 2614 2149 2650 modo
2172 2613 2391 2657 minitantes,

144 2665 187 2696 ut
214 2661 258 2695 ab
289 2662 416 2696 insano
447 2662 548 2707 quod
577 2663 672 2697 inter
702 2672 742 2696 se
772 2661 946 2698 haberent
973 2628 1057 2698 odio
1090 2661 1303 2697 desisterent
1330 2668 1365 2697 et
1395 2660 1446 2696 ad
1475 2660 1706 2707 concordiam
1729 2659 1890 2696 redirent
1912 2664 1948 2696 et
1970 2659 2152 2696 meliorem
2175 2659 2389 2695 sententiam

146 2706 455 2751 amplecterentur.
504 2708 551 2742 At
574 2706 666 2741 nihil
685 2707 922 2753 profecimus,
948 2708 1119 2754 quoniam
1143 2707 1298 2752 difficile
1320 2711 1376 2742 est
1398 2707 1594 2742 conciliare
1617 2715 1680 2741 eos
1712 2706 1778 2751 qui
1798 2704 1909 2741 semel
1938 2706 2066 2740 insano
2089 2704 2224 2751 affectu
2248 2707 2284 2740 et
2307 2704 2391 2740 odic

147 2755 322 2786 tenentur.
373 2750 531 2797 Contiqit
554 2752 668 2793 enim,
695 2756 736 2787 ut
759 2753 929 2788 nonnulli
949 2764 999 2788 ex
1021 2753 1067 2788 iis
1089 2752 1198 2788 etiam
1222 2752 1272 2787 ad
1293 2755 1436 2787 mutuas
1459 2750 1611 2786 insidias
1626 2750 1844 2796 prodirent,
1875 2754 1912 2785 et
1941 2750 2086 2786 venenis
2108 2749 2262 2796 aliisque
2283 2748 2392 2785 rebus

146 2806 241 2841 quae
272 2799 421 2831 mortem
454 2797 612 2841 afferunt
645 2800 850 2832 uterentur:
881 2802 922 2834 ut
952 2809 997 2834 ne
1029 2797 1134 2834 liberi
1161 2797 1303 2843 quidem
1333 2797 1436 2842 forte
1468 2797 1513 2832 iis
1542 2795 1620 2831 nati
1652 2796 1690 2830 in
1712 2805 1821 2830 unam
1846 2794 2066 2841 eandemque
2088 2794 2308 2830 voluntatem
2331 2804 2392 2830 eos

146 2840 341 2876 conciliare
364 2841 534 2876 valerent.

282 2885 312 2920 1.
364 2885 464 2921 Haec
495 2887 610 2931 iqitur
641 2897 720 2921 cum
752 2898 776 2922 a
808 2887 1028 2934 temporibus
1057 2887 1193 2923 nostris
1223 2886 1344 2922 aliena
1375 2894 1452 2922 esse
1482 2885 1742 2927 indicaremus,
1776 2884 1826 2920 ad
1852 2887 2082 2931 praesentem
2113 2893 2256 2919 sacram
2279 2883 2392 2929 leqem

146 2931 304 2965 animum
330 2930 558 2973 attendimus,
578 2941 651 2977 per
674 2943 781 2977 quam
804 2934 996 2977 satiamus,
1020 2937 1061 2967 ut
1083 2931 1279 2968 seeundum
1297 2931 1497 2978 pristinum
1519 2931 1578 2966 ius
1599 2930 1912 2966 matrimoniorum
1933 2929 2135 2964 solutiones
2149 2939 2199 2964 ex
2215 2938 2391 2964 consensu

1349 3068 1369 3100 2
1401 3077 1496 3099 orror
1529 3066 1597 3099 cod.
1626 3064 1638 3109 ΙΙ
1669 3066 1687 3099 8
1721 3064 1882 3097 diuinae?
1914 3076 1952 3096 m.
1981 3065 1995 3097 1
2026 3064 2096 3096 cod.
2125 3062 2139 3101 ΙΙ
2167 3063 2273 3096 nostri
2301 3064 2391 3107 patri

1301 3111 1424 3154 pietate
1457 3113 1490 3144 et
1513 3109 1732 3153 temperantia
1752 3122 1817 3152 pr.,
1853 3108 1958 3141 nostri
1981 3108 2086 3150 patris
2109 3108 2229 3150 pietati
2252 3111 2286 3142 et
2308 3112 2391 3142 tem-

1302 3155 1474 3200 perantiae
1491 3168 1573 3189 corr.
1591 3156 1661 3188 eod.
1678 3154 1690 3198 ΙΙ
1713 3156 1752 3188 10
1777 3153 1959 3194 excedenti]
1983 3153 2126 3186 excede·
2141 3166 2157 3183 α
2172 3166 2188 3183 ι
2215 3167 2254 3187 m.
2282 3155 2311 3195 1,
2335 3164 2391 3187 ex·

1302 3202 1416 3234 cedere
1440 3213 1479 3234 m.
1504 3201 1524 3234 2
1549 3200 1618 3234 cod.
1645 3198 1658 3243 ΙΙ
1689 3198 1870 3231 utilitatem
1899 3201 1988 3238 coast,
2019 3211 2102 3231 corr.
2128 3197 2278 3232 Miraeus
2305 3198 2318 3242 ΙΙ
2349 3200 2390 3233 12

192 3069 211 3100 5
244 3062 339 3100 ὥστε
369 3068 429 3099 καὶ
460 3061 590 3108 νόμους
618 3065 762 3098 κεῖσθαι
786 3064 948 3107 πολλοὺς]
973 3066 1020 3098 sie
1043 3069 1081 3099 ut
1105 3069 1136 3099 et
1160 3066 1235 3110 plu-

146 3113 248 3145 rimae
281 3115 388 3145 tunc
419 3112 507 3154 leges
538 3114 688 3143 extarent
712 3111 794 3144 lutv
822 3112 857 3152 (ι’.
883 3125 909 3144 e.
934 3109 1086 3145 πολλοὺς
1109 3110 1236 3155 (τότε)

146 3158 254 3191 τοῦτο
265 3157 294 3199 ‘?)
318 3157 330 3202 ΙΙ
350 3159 370 3190 6
394 3169 434 3190 τε
458 3158 518 3189 καὶ
542 3153 766 3198 διορίζοντας
781 3167 837 3188 om.
855 3156 939 3189 latr
963 3157 975 3199 ΙΙ
992 3158 1085 3199 βονα
1099 3157 1235 3208 γράτια

146 3204 193 3236 M
212 3203 223 3246 ΙΙ
253 3204 293 3237 12
318 3203 381 3244 τῆς
400 3222 440 3226 -
463 3202 735 3244 στοχασαμένῳ]
767 3200 915 3233 miserias
948 3201 1236 3244 pusillanimitatis

146 3249 315 3280 coniciens
338 3249 421 3281 Iam
444 3248 456 3287 11
478 3250 519 3281 14
544 3245 662 3289 νόμος]
685 3259 754 3279 nor.
778 3246 923 3279 CXVII
935 3259 961 3279 c.
979 3248 998 3280 8
1015 3259 1057 3280 ss.
1075 3246 1087 3288 11
1109 3250 1149 3281 15
1175 3242 1232 3287 ὃν]

146 3294 234 3335 quod
259 3295 292 3335 (i.
308 3306 333 3326 e.
350 3289 409 3335 5¹⁶2)
433 3293 517 3325 IuLv
540 3292 553 3335 ΙΙ
574 3294 613 3326 16
627 3293 686 3323 καὶ
709 3292 832 3334 μένειν
849 3302 905 3323 cm.
920 3291 1004 3324 Iutv
1026 3291 1038 3333 ΙΙ
1058 3294 1099 3325 20
1117 3289 1234 3324 ἄλλως

146 3350 203 3371 om.
239 3339 322 3372 lum
357 3339 369 3381 ΙΙ
405 3334 568 3370 διαλύειν
603 3349 642 3370 τε
677 3337 808 3370 τοῦτον
844 3332 1020 3378 δεόμενοι]
1057 3337 1234 3369 dissolvere

144 3386 280 3426 propter
300 3384 362 3416 hoc
385 3385 558 3426 precantes
584 3381 727 3415 conubia
751 3382 833 3414 Iutv
857 3383 868 3423 n
897 3383 939 3414 24
970 3378 1234 3424 ἀνεβαλόμεθα

145 3430 197 3469 ΑΙ,
222 3442 303 3462 corr.
330 3429 495 3471 Serimyer
520 3428 532 3471 ΙΙ
557 3429 598 3462 29
623 3428 735 3460 ἐνίους
757 3425 828 3472 γὰρ
848 3425 991 3459 τούτων
1020 3428 1232 3469 συμβέβηκε]

145 3474 285 3506 forsitan
310 3474 399 3505 enim
416 3473 584 3514 contingit
599 3473 672 3505 istis
688 3473 770 3506 IulJ’
793 3471 806 3515 ΙΙ
825 3473 867 3506 32
885 3466 1054 3505 πολλάκις
1070 3485 1127 3504 om.
1145 3472 1233 3504 lum

145 3519 155 3561 l}
169 3520 210 3552 33
234 3517 392 3559 τούτους]
416 3518 498 3550 tales
522 3520 556 3559 (i.
577 3531 602 3551 e.
627 3518 710 3551 τοὺς
729 3513 944 3554 τοιούτουςῗ)
969 3517 1052 3550 Iul?
1078 3518 1148 3557 1135
1174 3516 1234 3550 ἐπὶ

144 3560 211 3596 τόν
225 3562 394 3607 παρόντα
409 3563 512 3596 θἐῖον
525 3560 668 3606 εἴδομεν
683 3561 800 3605 νόμον
811 3563 868 3605 (esi
887 3562 961 3602 192,
974 3570 1002 3596 8.
1016 3562 1111 3595 n.CL
1124 3562 1233 3602 Vc.1)]

145 3608 179 3640 in
214 3609 379 3651 praesenti
410 3619 535 3640 sacram
561 3607 795 3641 constituimus
819 3607 923 3649 legem
949 3607 1032 3639 late
1055 3606 1067 3649 [Ι
1093 3603 1234 3649 εἴδομεν

148 3654 322 3697 Scrimyer]
343 3652 477 3696 ἴδωμεν
502 3655 543 3686 M
559 3653 571 3697 ΙΙ
588 3655 628 3687 37
655 3654 716 3685 ἐπὶ
738 3666 794 3686 οιιι.
822 3653 903 3685 IutJ’

1302 3244 1474 3278 *sancivit
1503 3244 1695 3288 prohibens]
1726 3243 1855 3277 sancire
1885 3243 2006 3286 prohib
2022 3256 2038 3273 ο
2055 3256 2072 3273 ιι
2090 3256 2107 3274 α
2134 3256 2172 3276 m.
2200 3245 2235 3286 1,
2263 3243 2391 3278 sancire

1302 3289 1478 3334 prohibuit
1495 3303 1533 3322 m.
1552 3291 1571 3323 2
1591 3291 1672 3330 cod„
1695 3290 1821 3322 sancire
1846 3299 1912 3330 qua
1935 3288 2110 3332 prohibuit
2127 3288 2292 3332 Pithoeus,
2314 3297 2389 3322 san-

1302 3335 1369 3368 cire
1393 3334 1622 3378 prohibentem
1647 3335 1737 3368 nialit
1760 3334 1854 3368 Kroll
1869 3336 1880 3375 η
1900 3343 2204 3367 concumconcensu
2223 3346 2278 3378 pr.
2299 3332 2392 3378 cortu

1304 3382 1346 3415 15
1372 3379 1623 3412 hnbominantcs
1647 3380 1745 3422 0001.ss
1768 3381 1807 3413 16
1832 3378 1958 3422 proelia
1983 3391 2041 3412 om.
2063 3391 2116 3422 pr.
2142 3380 2211 3412 cod.
2231 3381 2244 3422 ΙΙ
2264 3380 2302 3414 18
2327 3379 2387 3422 leq.

1301 3422 1381 3469 (et)
1404 3424 1607 3457 dissolvere?
1627 3424 1639 3468 ΙΙ
1658 3426 1697 3458 19
1723 3426 1815 3466 quas]
1841 3434 1907 3466 qua
1926 3437 1979 3468 pr.
2005 3425 2074 3457 cod.
2101 3422 2113 3467 ΙΙ
2135 3425 2177 3458 20
2203 3424 2276 3465 hoc]
2301 3421 2389 3466 quod

1305 3468 1517 3513 σοιί.11ἰρεοε]
1543 3473 1575 3502 et
1600 3470 1687 3512 ipsos
1713 3471 1794 3510 cod„
1819 3469 1900 3512 ipsis
1924 3470 1995 3502 edd.
2019 3469 2032 3512 11
2059 3468 2266 3501 Desiderium
2289 3467 2388 3511 edd}

1305 3516 1347 3548 24
1372 3525 1485 3548 orrore
1509 3516 1578 3548 cod.
1602 3515 1614 3558 ΙΙ
1640 3516 1681 3548 26
1706 3517 1811 3548 *vero
1834 3514 1952 3548 seclusi
1971 3515 1983 3556 ΙΙ
2010 3515 2051 3548 27
2076 3514 2240 3557 passione]
2263 3522 2388 3556 posses-

1302 3559 1395 3592 sione
1419 3562 1489 3592 cod.
1518 3560 1530 3603 ΙΙ
1559 3561 1602 3593 30
1634 3559 1824 3593 uoluntates
1847 3561 1917 3593 eod.
1946 3559 1959 3603 ΙΙ
1987 3560 2031 3593 36
2064 3557 2294 3592 consensuales
2317 3557 2387 3592 eod.

1303 3606 1359 3646 (an
1384 3615 1544 3638 consensu
1568 3604 1677 3638 tales?
1703 3606 1820 3647 Κνοζί)
1838 3603 1850 3647 ΙΙ
1868 3605 1909 3638 37
1936 3615 2004 3637 non
2028 3617 2086 3638 om.
2111 3604 2181 3638 cod.
