2476 3854
122 94 229 138 Nov.
246 94 363 139 CXX
393 97 431 138 8.
460 99 485 139 9
1193 93 1276 140 588

121 204 170 261 τὸ,
189 203 343 251 ἀζήμιον
365 209 439 241 τοῖς
459 203 622 253 εὖαγέσιν
646 205 753 240 οἴκοις
776 206 815 239 ἐκ
837 206 917 241 τῶν
932 207 1067 242 ἐκείνου
1091 219 1204 256 πραγ-

1963 112 2023 143 DE
2050 112 2353 148 ALmNA'motm

1274 211 1384 244 tatem
1408 208 1667 246 venerabilibus
1691 209 1855 246 domibus
1885 209 1930 247 de
1953 211 2111 248 eiusdem
2133 213 2241 251 rebus
2263 213 2355 258 fieri,

119 264 251 295 ματων
274 254 485 306 περιποιεῖν,
516 251 565 295 μὴ
591 249 790 294 δυναμένου
817 249 909 296 μηδὲ
932 253 1099 287 ἐνταῦθα
1122 257 1205 299 περὶ
1271 264 1344 289 non
1369 253 1508 291 valente
1531 265 1645 300 neque
1668 254 1726 291 hic
1750 256 1795 292 de
1814 257 2068 301 cmponematis
2092 257 2225 303 aliquid
2246 268 2352 304 prae-

123 297 390 342 ἑμπονηματων
413 311 449 331 τι
473 296 705 341 προτιθέναι.

1276 298 1430 335 tendere.

1121 411 1282 448 CAPUT
1305 411 1369 447 IX.

172 479 252 511 Ταῖς
275 475 316 510 δὲ
333 473 554 523 ἁγιωτάταις
578 475 776 520 ἐκκλησίαις
790 474 963 521 Ὀδησσοῦ
981 481 1042 513 καὶ
1061 479 1205 535 ,Τόμεως

1342 479 1593 515 sanctissimas
1617 489 1700 516 vero
1725 480 1897 517 ecclesias
1922 480 2050 518 Odessi
2073 485 2109 517 et
2132 482 2285 518 Tomeos
2305 482 2356 518 ci·

121 523 199 556 τῶν
215 520 360 557 πόλεων
385 523 627 577 ἐπιτρέπομεν
650 523 808 578 exameta
833 521 1031 576 πράγματα
1049 529 1205 581 ακίνητα
1241 527 1260 559 5
1275 525 1423 561 vitatum
1438 524 1679 570 praecipimus
1695 526 1853 562 alienare
1867 535 1926 562 res
1942 526 2140 563 immobiles
2157 538 2223 573 pro
2241 527 2356 572 capti-

120 566 210 611 ὑπὲρ
240 568 301 609 τῆς
331 567 409 600 τῶν
431 564 674 609 αιχμαλιότων
706 580 951 614 αναρρυσεως,
983 568 1080 613 πλὴν
1104 571 1134 604 εἰ
1155 583 1205 615 μη

121 614 181 647 ἐπὶ
204 612 318 658 ταύτῃ
342 613 386 658 τῇ
412 611 545 657 αἱρέσει
569 613 708 656 κτήσεις
731 615 825 648 τινὲς
856 610 981 649 αύταῖς
1004 613 1204 659 ἐδόθησαν,

122 654 183 703 ἐφ’
210 657 238 699 ᾧ
264 656 357 691 κατὰ
377 655 516 701 μηδένα
535 654 675 702 τρόπον
698 655 833 693 ταύτας
857 660 1097 695 ἐκποιεῖσθαι.
1145 663 1204 694 καὶ

120 704 227 736 τοῦτο
251 699 291 735 δὲ
314 704 578 758 συγχωροῦμεν,
604 699 693 737 ὦςτε
713 703 782 747 τὴν
797 703 891 738 κατὰ
914 704 983 748 τὴν
1005 706 1082 739 τῶν
1104 702 1204 751 Ἰερο-

1275 580 1398 605 vorum
1420 569 1672 615 redemptione,
1702 571 1772 607 nisi
1794 570 1861 607 sub
1884 571 1954 607 hac
1979 572 2189 609 condicione
2239 582 2355 609 osses·

1274 616 1392 650 siones
1409 614 1518 659 aliqui
1534 615 1585 650 eis
1602 615 1788 659 dederunt,
1809 619 1851 651 ut
1868 617 1967 653 nullo
1983 617 2088 653 modo
2106 619 2170 654 has
2223 618 2354 654 ienent.

1274 660 1324 695 Et
1339 661 1408 695 hoc
1423 663 1543 695 autem
1559 660 1797 704 concedimus,
1812 664 1854 696 ut
1865 661 2190 708 Hierosolymorum
2207 662 2354 699 sanctis-

1275 705 1364 740 sima
1384 705 1536 740 ecclesia
1554 705 1735 741 licentiam
1758 706 1892 742 habeat
1910 707 2035 744 domos
2057 711 2300 754 competentes
2323 707 2356 743 ei

121 746 330 800 σολυμιτᾱίνκ
361 761 571 802 αγιξυτατην
608 747 797 791 ἐκκλησίαν
833 747 970 786 όῖδειανκ
996 752 1089 794 ἔχειν
1124 751 1205 785 τοὺς
1221 753 1261 785 10
1276 753 1311 786 et
1333 750 1472 796 positas
1503 750 1542 785 in
1565 750 1686 786 eadem
1711 754 1838 787 sancta
1861 751 2004 788 civitate
2026 754 2193 795 vendere,
2223 763 2295 788 11011
2317 753 2355 788 in

120 794 234 826 οἱκους
269 803 352 826 τους
388 806 478 839 αυτῃ
511 792 751 838 προςήκοντας
784 797 844 829 καὶ
875 797 1054 839 κειμένους
1088 797 1128 831 ἐν
1159 797 1204 839 τῆ

122 834 212 884 αὐτῇ
245 835 332 884 ἁγία
360 836 464 872 πόλει
489 838 709 883 πιπράσκειν
738 839 788 884 μὴ
819 836 882 875 ἐπ’
909 839 1076 875 ἐλάττονι
1100 831 1204 886 ‘umf-

119 896 207 926 ματι
237 880 330 928 ἢπερ
360 884 398 916 ἐκ
429 884 506 917 τῶν
536 884 703 918 ἐνοικίων
733 883 858 919 αὐτῶν
886 886 947 919 ἐπὶ
977 885 1205 929 πεντήκοντα

120 927 305 961 ἐνιαυτοὺς
329 928 542 974 συνάγεται,
566 925 654 962 ὥςτε
673 931 712 962 ἐκ
728 931 790 973 τῆς
806 929 949 965 τούτων
971 934 1075 976 τιμῆς
1093 930 1205 974 ἄλλην

1274 796 1400 831 minori
1433 795 1547 840 pretio
1582 806 1688 840 quam
1718 796 1762 831 de
1785 797 2017 842 pensionibus
2042 798 2093 833 eis
2120 799 2157 834 in
2180 797 2264 843 quin
2290 808 2354 833 ua-

1273 842 1373 885 ginta
1390 840 1494 875 annis
1511 840 1699 884 colligitur,
1720 843 1762 876 ut
1777 851 1822 876 ex
1838 851 1961 878 earum
1976 843 2092 888 pretio
2108 843 2198 879 alios
2216 853 2256 878 re
2294 847 2354 877 tus

1274 887 1436 922 meliores
1470 889 1574 921 emat.
1623 885 1661 921 Si
1691 895 1773 922 vero
1805 886 1950 932 quidam
1986 887 2132 923 cuilibet
2162 887 2356 924 venerabili

1275 932 1395 967 domui
1426 931 1499 966 sive
1530 930 1567 965 in
1597 931 1667 966 hac
1697 930 1796 975 regia
1826 930 1970 967 civitate
2001 933 2075 968 sive
2104 933 2142 968 in
2164 932 2355 978 provinciis

120 971 297 1018 πρόςοὸον
319 972 492 1007 καλλίονα
515 969 706 1009 ὠνεῖσθαι.
752 975 799 1008 Εἰ
820 973 862 1010 δέ
881 986 976 1010 τινες
1002 974 1205 1020 οἱῳδήποτε
1221 979 1260 1012 15
1274 977 1414 1022 positae
1437 976 1574 1012 steriles
1604 978 1848 1021 possessiones
1869 976 2078 1013 donaverint
2102 981 2167 1014 aut
2189 977 2353 1014 vendide-

120 1015 241 1065 εὐαγεῖ
270 1018 356 1062 οἴκῳ
386 1018 458 1052 εἴτε
489 1019 530 1052 ἐν
562 1020 605 1066 τῇ
628 1018 792 1064 βασιλίδι
823 1019 929 1055 πόλει
959 1021 1032 1056 εἴτε
1063 1024 1103 1056 έν
1129 1024 1206 1056 ταῖς

120 1065 306 1108 ἐπαρχίαις
325 1066 478 1108 κειμένῳ
495 1060 654 1110 ἀπόρους
673 1063 811 1108 κτήσεις
830 1063 1071 1114 δωρήσωνται
1091 1064 1114 1111 ἢ
1130 1080 1205 1102 πω-

120 1108 280 1152 λήσωσιν
303 1105 326 1152 ἢ
351 1107 448 1152 ἄλλῳ
473 1109 601 1154 τρόπῳ
625 1109 867 1156 παράσχωσιν
897 1110 923 1154 ἢ
946 1110 1205 1158 καταλείψωσι,

119 1153 305 1198 κελεύομεν
329 1151 421 1198 ὑπὲρ
453 1156 531 1189 τῶν
554 1156 734 1190 τοιούτων
766 1157 995 1212 πραγμάτων
1013 1155 1205 1212 (μηδεμίαν

1274 1023 1348 1057 rint
1380 1024 1445 1057 aut
1479 1021 1548 1057 alio
1583 1021 1688 1057 modo
1723 1022 1966 1057 concesserint
1998 1025 2063 1058 aut
2092 1022 2354 1068 dereliquerint,

1273 1067 1437 1103 iubemus
1460 1077 1524 1111 pro
1541 1067 1674 1102 talibus
1690 1067 1798 1102 rebus
1818 1067 1952 1102 nullam
1967 1067 2159 1104 laesionem
2179 1067 2356 1104 sustinere

1275 1112 1510 1148 venerabilem
1534 1111 1678 1147 domum
1701 1111 1738 1147 in
1756 1122 1863 1157 quam
1885 1112 2090 1148 huiusmodi
2108 1113 2355 1159 possessiones

1274 1160 1527 1203 pervenerunt,
1560 1160 1625 1192 aut
1654 1156 1831 1192 fiscalium
1854 1157 1996 1195 nomine
2027 1160 2092 1194 aut
2119 1157 2267 1194 alterius
2291 1168 2354 1194 cu·

119 1197 263 1243 βλάβην
286 1197 482 1243 ὑπομένειν
505 1199 574 1235 τὸν
597 1198 706 1247 εὐαγῆ
731 1201 840 1245 οἷκον,
865 1203 913 1237 εἰς
935 1215 981 1236 ον
1003 1215 1026 1245 η
1053 1202 1205 1246 τοιαύτη
1219 1204 1260 1236 20
1273 1204 1418 1239 iuslibet
1449 1212 1581 1238 causae
1603 1202 1719 1246 gratia
1741 1203 1985 1248 praegravari,
2017 1203 2081 1240 sed
2104 1213 2208 1240 omne
2230 1202 2355 1240 huius·

119 1246 241 1288 κτῆσις
265 1244 476 1289 περιῆλθεν,
500 1244 524 1289 ἢ
547 1243 733 1291 δημοσίων
755 1243 913 1292 ὀνόματι
936 1245 959 1303 ᾗ
984 1246 1092 1292 ἄλλης
1114 1247 1205 1282 otas·
1273 1248 1370 1284 modi
1400 1258 1490 1284 onus
1522 1248 1561 1283 in
1591 1247 1718 1283 dantes
1755 1250 1792 1283 et
1822 1257 1944 1283 eorum
1977 1248 2128 1286 heredes
2160 1258 2355 1291 recurrere,

121 1288 256 1333 δήποτε
281 1290 397 1324 αἰτίας
418 1291 523 1335 χάριν
545 1291 793 1336 βαρύνεσθαι,
824 1288 907 1327 ἀλλ’
933 1290 1037 1328 α’παν
1063 1292 1107 1328 τὸ
1131 1306 1206 1328 τοι·
1273 1294 1522 1329 necessitatem
1563 1292 1777 1328 habentibus
1813 1293 1972 1339 recipere
2010 1293 2115 1330 datas
2152 1293 2355 1330 huiusmodi

119 1336 204 1369 οὖτο
228 1335 339 1381 βάρος
370 1336 417 1370 εἰς
441 1334 524 1370 τούς
548 1334 752 1371 δεδωκότας
782 1340 842 1371 καὶ
869 1337 951 1372 τοὺς
978 1335 1102 1372 αὐτῶν
1125 1337 1205 1382 κλη-
1273 1340 1518 1384 possessiones
1552 1340 1588 1372 et
1610 1338 1798 1374 restituere
1822 1337 1866 1374 de
1889 1349 1954 1384 pro
1982 1339 2036 1375 ria.
2057 1339 2230 1375 facultate
2249 1349 2355 1376 vene-

119 1378 293 1459 ἕονόμους
325 1381 531 1424 ἐπανιέναι,
569 1378 877 1427 ἀναγκαζομένους
911 1380 1110 1427 ἀναλαβεῖν
1144 1384 1206 1418 τὰς
1273 1385 1378 1420 rabili
1401 1383 1522 1420 domui
1546 1393 1649 1418 omne
1680 1383 1848 1419 damnum
1880 1394 1949 1430 quo
2002 1394 2047 1420 ex
2070 1384 2274 1421 huiusmodi
2295 1394 2355 1421 00-

143 1424 312 1471 εδομένας
341 1425 511 1461 τοιαύτας
535 1426 673 1470 κτήσεις
703 1431 762 1461 καὶ
792 1424 1054 1463 ἀποκαθιστᾶν
1082 1430 1120 1463 ἐκ
1143 1430 1206 1472 τῆς
1218 1430 1260 1463 25
1274 1430 1418 1465 casione
1449 1430 1483 1465 ei
1514 1428 1711 1472 contigerit.
1760 1428 1797 1463 Si
1826 1439 1908 1464 vero
1940 1431 1978 1465 et
2007 1429 2092 1466 talis
2124 1429 2227 1466 dolus
2253 1429 2293 1466 in
2315 1437 2356 1465 re

120 1470 213 1505 ἰδίας
245 1475 450 1517 περιουσίας
483 1472 540 1526 τῷ
570 1468 692 1518 stays?
722 1472 809 1517 οἴκῳ
842 1474 968 1509 πᾶσαν
999 1475 1132 1519 ζημίαν
1166 1476 1205 1508 ἐκ
1274 1475 1489 1511 subsecutus
1514 1477 1578 1516 est,
1603 1477 1644 1508 ut
1666 1473 1808 1519 aliquae
1831 1475 2006 1519 pecuniae
2028 1485 2095 1520 pro
2115 1475 2185 1512 hoc
2209 1483 2355 1511 venera-

119 1516 286 1559 τοιαύτης
311 1517 427 1551 αἰτίας
451 1519 551 1560 amc?
571 1521 854 1562 συμβαίνουσαν.
902 1520 933 1553 εἰ
957 1517 1070 1553 δὲκαὶ
1088 1520 1205 1554 τοιοῦ-
1276 1520 1337 1556 bili
1368 1520 1488 1556 domui
1523 1519 1706 1562 darentur,
1743 1522 1780 1554 et
1809 1529 1870 1555 eas
1904 1519 2068 1556 iubemus
2102 1520 2141 1556 in
2170 1519 2354 1566 proprium

119 1573 178 1596 τος
202 1560 305 1596 δόλος
321 1563 361 1595 ἐν
377 1562 430 1604 τῷ
449 1561 634 1608 πράγματι
657 1562 1010 1611 παρακολουθήσειε,
1035 1561 1125 1599 ὥςτε
1144 1567 1207 1598 καί
1272 1566 1413 1601 lucrum
1436 1564 1672 1601 venerabilem
1696 1564 1840 1599 domum
1863 1565 2007 1609 habere,
2030 1565 2170 1602 steriles
2193 1575 2275 1602 Vero
2295 1574 2354 1601 res

118 1620 203 1641 τινα
224 1606 391 1651 χρήματα
423 1604 513 1652 ὑπὲρ
537 1605 668 1642 τούτου
699 1609 752 1652 τῷ
778 1605 898 1656 εὗαγεῖ
920 1610 1006 1654 οἴκῳ
1032 1607 1203 1665 δοθῆναι,
1274 1611 1307 1647 ei
1331 1611 1392 1656 qui
1416 1611 1515 1647 dedit
1538 1612 1573 1645 et
1596 1609 1787 1645 heredibus
1811 1610 1887 1647 eius
1912 1611 2008 1648 omni
2026 1610 2132 1647 modo
2156 1610 2308 1648 restitui.

119 1655 311 1686 καὶταῦτα
335 1650 523 1706 κελεύομεν
546 1653 594 1687 εἰς
614 1651 708 1688 ἴδιον
732 1652 852 1699 κέρδος
873 1651 988 1689 αὐτὸν
1010 1654 1079 1689 τὸν
1094 1656 1202 1701 ευαγῆ
1218 1657 1259 1690 30

119 1697 218 1732 οἷκον
242 1699 348 1742 ἔχειν,
371 1698 419 1731 τὰ
443 1711 566 1743 απορα
591 1695 632 1732 δὲ
654 1698 849 1746 πράγματα
870 1701 923 1734 τῶ
945 1698 1121 1735 δεδωκότι
1144 1702 1206 1734 καὶ

118 1746 192 1777 τοῖς
215 1739 327 1777 αὐτοῦ
348 1742 579 1788 κληρονόμοις
603 1747 715 1778 παντὶ
738 1744 866 1790 τρόπῳ
892 1733 1203 1789 άποκαταστῆναι.

119 1790 140 1824 1
187 1788 284 1832 Πρὸς
307 1788 448 1822 τούτοις
478 1787 679 1833 κελεύομεν,
712 1786 800 1824 ὥςτε
831 1788 921 1833 μηδε
951 1795 1011 1825 ιάν
1041 1787 1205 1837 ἀνάγκην
1273 1793 1296 1827 1
1341 1790 1400 1825 Ad
1423 1790 1514 1827 haec
1536 1791 1718 1836 iubemus,
1749 1794 1791 1826 ut
1813 1790 1912 1826 nulla
1943 1790 2139 1827 neceSSItaS
2169 1790 2353 1828 sanctissi-

117 1836 196 1867 ταῖς
227 1830 450 1880 ἁγιωτάταις
485 1832 685 1878 ἐκκλησίαις
720 1833 750 1878 ἢ
774 1837 848 1869 τοῖς
883 1835 906 1869 ἅ
929 1835 1002 1871 lois·
1037 1832 1203 1883 εὒαγέσιν
1270 1836 1337 1871 mis
1359 1836 1519 1872 ecclesiis
1542 1837 1699 1873 velaliis
1717 1835 1979 1872 venerabilibus
1997 1835 2088 1873 locis
2106 1839 2181 1873 tam
2201 1836 2240 1872 in
2258 1835 2356 1881 regia

186 1938 211 1958 c.
226 1925 287 1959 IX
291 1938 345 1969 pr.
367 1938 395 1959 v.
410 1925 523 1959 8—14
546 1906 698 1959 summam
721 1927 819 1960 habet
845 1928 926 1963 Coll.
940 1922 982 1962 87
1000 1940 1072 1971 cap.
1088 1928 1128 1961 16
1152 1928 1240 1970 (inde
1264 1939 1341 1970 app.
1367 1927 1501 1961 Nomoc.
1518 1939 1591 1971 cap.
1609 1928 1672 1969 14).
1698 1946 1743 1951 ——
1764 1940 1796 1962 υ.
1812 1928 1946 1962 15-32
1969 1929 2089 1962 excitat
2110 1928 2245 1963 Nomoe.
2259 1927 2361 1962 XIV

118 1973 165 2049 tlt}
178 1971 211 2058 ξ’,
226 1971 693 2058 123,1·545(31,78IF)};2‘71·’).C²SCNPSQ
707 1971 871 2006 Nomoc.m
892 1974 949 2012 ib.;
974 1974 1180 2007 summarium
1197 1979 1286 2006 extat
1301 1974 1334 2006 in
1354 1973 1505 2017 Epitome
1521 1973 1555 2015 8,
1568 1980 1586 2008 8
1605 1985 1642 2017 p.
1657 1973 1723 2007 330
1737 1973 1859 2015 -Zaclu,
1885 1973 2050 2045 *Theodori
2063 1985 2184 2008 summa
2200 1974 2355 2018 repetitur

118 2132 225 2166 tatem
251 2128 514 2164 venerabilibus
537 2128 702 2165 domibus
733 2139 783 2165 ex
806 2128 904 2165 illius
926 2127 1034 2164 rebus
1060 2128 1294 2175 praestandi,
1325 2132 1366 2164 ut
1396 2140 1442 2166 ne
1474 2132 1549 2165 tum
1580 2129 1722 2176 quidem
1755 2129 1800 2166 de
1821 2129 2129 2166 meliorationibus
2157 2129 2354 2177 quidquam

142 2186 185 2210 ro
215 2185 323 2210 onere
373 2175 472 2210 ossii.

110 2187 139 2222 p
184 2186 210 2222 p
250 2219 315 2255 IX.
343 2186 608 2255 pSanctissimis
631 2222 751 2255 autem
774 2219 934 2255 ecclesiis
960 2218 1086 2256 Odessi
1109 2222 1144 2256 et
1168 2219 1327 2256 Tomidis
1350 2219 1535 2256 civitatum
1552 2220 1799 2267 permittimus
1821 2231 1882 2256 res
1903 2219 2101 2256 immobiles
2122 2219 2285 2259 alienare
2305 2221 2356 2259 ad

116 2266 343 2313 captivorum
373 2264 672 2311 redemptionem,
704 2264 775 2300 nisi
798 2275 892 2311 quae
920 2265 1026 2311 forte
1047 2266 1296 2312 possessiones
1325 2276 1370 2301 ea
1393 2265 1605 2301 condicione
1628 2266 1674 2301 iis
1695 2265 1803 2302 datae
1825 2268 1929 2308 sunt,
1961 2276 2007 2301 ne
2029 2265 2105 2301 ullo
2131 2265 2239 2302 modo
2266 2265 2354 2304 alie-

116 2315 257 2347 nentur.
306 2309 388 2346 Hoc
411 2321 555 2362 quoque
578 2309 817 2352 concedimus,
850 2314 891 2345 ut
912 2310 1141 2346 sanctissima
1165 2310 1504 2357 Hierosolymitana
1527 2310 1678 2347 ecclesia
1697 2311 1915 2357 facultatem
1941 2309 2073 2347 habeat
2095 2310 2223 2347 domas
2244 2311 2296 2347 ad
2314 2322 2356 2348 se

109 2358 335 2403 pertinentes
358 2359 393 2391 et
415 2366 453 2390 in
477 2355 600 2391 eadem
623 2361 753 2391 sancta
777 2355 921 2391 civitate
944 2356 1037 2391 sitas
1059 2355 1250 2399 vendendi,
1282 2367 1358 2391 non
1381 2356 1521 2392 minore
1543 2360 1662 2392 tamen
1683 2357 1803 2403 pretio
1827 2366 1936 2403 quam
1960 2360 2134 2402 quantum
2157 2366 2208 2393 ex
2230 2367 2355 2393 earum

113 2401 347 2448 pensionibus
364 2412 436 2448 per
459 2401 727 2447 quinquaqinta
751 2411 869 2436 annos
891 2400 1089 2447 colliqitur,
1119 2404 1161 2437 ut
1183 2412 1234 2438 ex
1254 2412 1380 2438 earum
1396 2402 1522 2448 pretio
1554 2401 1666 2437 alium
1688 2401 1843 2438 reditum
1866 2401 2049 2437 meliorem
2072 2405 2178 2438 emat.
2226 2399 2270 2437 Si
2290 2402 2356 2448 qui

116 2452 234 2482 autem
258 2446 469 2492 cuicumque
492 2445 687 2482 venerabili
717 2445 799 2481 loco
830 2447 904 2482 sive
934 2446 973 2481 in
995 2446 1099 2493 reqia
1123 2446 1267 2483 civitate
1297 2447 1373 2483 sive
1402 2448 1441 2482 in
1460 2447 1661 2493 provinciis
1691 2447 1762 2483 sito
1793 2446 1935 2483 steriles
1957 2447 2211 2494 possessiones
2240 2446 2354 2483 dona·

116 2493 232 2527 verint
255 2492 311 2527 vel
334 2491 559 2527 vendiderint
583 2491 639 2527 vel
661 2491 734 2526 alio
758 2490 866 2527 modo
887 2492 1141 2538 praestiterint
1163 2491 1220 2528 vel
1241 2492 1465 2538 reliquerint,
1488 2492 1650 2528 iubemus
1667 2502 1742 2538 pro
1766 2491 1942 2528 eiusmodi
1964 2491 2071 2527 rebus
2093 2491 2232 2527 nullum
2254 2491 2354 2528 dam-

115 2548 201 2572 num
223 2538 344 2573 subire
367 2536 603 2572 venerabilem
628 2535 773 2571 domum
804 2536 853 2571 ad
902 2547 985 2572 uam
1010 2537 1094 2572 talis
1108 2538 1297 2584 possessio
1313 2537 1502 2584 pervenit,
1535 2542 1599 2573 aut
1624 2539 1839 2574 tributorum
1868 2536 2095 2584 publicorum
2123 2536 2270 2573 nomine
2298 2537 2356 2574 vel

116 2583 159 2618 ob
184 2582 292 2617 aliam
317 2581 429 2616 ullam
453 2592 600 2617 causam
623 2582 792 2628 qravari,
823 2547 898 2617 sed(
910 2582 1087 2618 eiusmodi
1110 2593 1203 2618 onus
1226 2593 1328 2618 omne
1359 2582 1409 2618 ad
1440 2592 1503 2618 cos
1534 2582 1598 2629 qui
1621 2581 1799 2618 dederunt
1827 2592 2023 2629 eorumque
2052 2581 2201 2618 heredes
2222 2581 2354 2627 redire,

116 2627 179 2673 qui
198 2631 380 2672 coqantur
402 2627 563 2672 recipere
588 2626 744 2662 traditas
766 2627 944 2663 eiusmodi
960 2628 1214 2673 possessiones
1237 2632 1271 2664 et
1290 2629 1482 2664 restituere
1504 2639 1554 2664 ex
1576 2638 1644 2663 sua
1658 2627 1861 2663 substantia
1885 2626 2080 2664 venerabili
2102 2626 2229 2663 domui
2249 2637 2355 2664 omne

116 2672 304 2713 damnum,
337 2672 436 2717 quod
458 2682 508 2708 ex
532 2672 599 2707 tali
626 2682 738 2707 causa
760 2673 794 2708 ei
817 2673 980 2718 contiqit.
1027 2671 1167 2716 Quodsi
1190 2673 1298 2708 etiam
1321 2672 1498 2709 eiusmodi
1519 2672 1626 2708 dolus
1653 2683 1698 2709 ea
1729 2673 1767 2708 in
1797 2683 1839 2708 re
1862 2673 2120 2715 intercesserit,
2152 2676 2194 2708 ut
2207 2683 2285 2719 pro
2308 2683 2352 2709 eo

143 2717 291 2753 eeuniae
315 2717 492 2762 quaedam
517 2717 712 2753 venerabili
741 2717 863 2753 domui
893 2717 1002 2754 datae
1024 2719 1117 2761 sint,
1149 2718 1309 2754 iubemus
1339 2717 1408 2754 lias
1431 2728 1575 2765 quoque
1604 2718 1643 2753 in
1673 2719 1866 2765 proprium
1898 2717 2037 2753 lucrum
2064 2717 2182 2764 ipsam
2205 2727 2353 2754 venera-

110 2729 221 2798 bilem
246 2762 388 2796 domum
412 2761 554 2804 habere,
579 2773 636 2798 res
659 2773 743 2798 vero
768 2763 910 2799 steriles
934 2763 968 2798 ei
990 2764 1054 2810 qui
1077 2763 1175 2799 dedit
1198 2764 1346 2809 eiusque
1370 2763 1563 2800 heredibus
1586 2763 1751 2799 omnibus
1773 2762 1890 2798 modis
1913 2763 2065 2799 restitui.

116 2810 139 2844 1
185 2806 382 2842 Praeterea
414 2807 573 2842 iubemus
604 2808 738 2842 nullam
763 2808 1010 2843 necessitatem
1042 2809 1278 2844 sanctissimis
1308 2809 1468 2845 ecclesiis
1499 2809 1555 2845 vel
1576 2809 1705 2844 ceteris
1725 2807 1987 2845 venerabilibus
2009 2807 2098 2844 loeis
2128 2808 2226 2845 etin
2248 2806 2354 2854 reqia

1269 2924 1424 2958 ras.2vv.
1445 2922 1456 2965 ΙΙ
1481 2925 1500 2957 5
1518 2933 1579 2966 pro
1598 2922 1813 2965 redenptione
1834 2923 2046 2965 captiuorum
2061 2922 2096 2955 R
2123 2931 2183 2964 per
2201 2920 2352 2964 captiuo-

1269 2979 1345 3001 rum
1357 2968 1618 3010 redemptionem
1635 2969 1668 3001 T
1684 2979 1745 3010 pro
1758 2968 1968 3010 captiuorum
1985 2965 2155 3009 ereptione
2168 2966 2352 3009 (ereptione

1278 3013 1327 3047 V²
1341 3015 1373 3046 in
1386 3015 1467 3054 ras.)
1494 3013 1527 3047 V
1539 3012 1551 3057 ΙΙ
1568 3015 1585 3047 7
1604 3012 1728 3054 aliquis
1745 3013 1792 3045 eis
1808 3012 1936 3045 dederit
1949 3010 2007 3056 ΤΗ
2031 3012 2051 3046 8
2072 3012 2118 3043 At
2138 3009 2196 3055 V}
2211 3011 2351 3045 sanetis-

1268 3058 1350 3091 sime
1373 3057 1508 3091 ecclesie
1530 3058 1580 3091 V*
1599 3056 1611 3102 ΙΙ
1635 3059 1656 3092 9
1679 3057 1849 3091 licentiam
1870 3056 1991 3090 habeat
2015 3068 2074 3090 om.
2091 3055 2180 3089 RT¹
2199 3054 2212 3100 ΙΙ
2236 3056 2352 3091 domus

1269 3103 1347 3136 ΕΤ
1370 3102 1384 3146 ΙΙ
1412 3104 1600 3146 competens
1624 3103 1656 3135 R
1684 3101 1698 3147 ΙΙ
1728 3104 1769 3138 10
1795 3101 1919 3143 eadem]
1955 3100 2066 3134 eadem
2089 3100 2227 3143 regione
2252 3101 2305 3135 T⁰
2336 3101 2349 3146 ss

1269 3148 1477 3180 sanctissima
1489 3147 1556 3180 ΕΤ
1571 3146 1583 3190 Ι]
1597 3146 1634 3179 in
1648 3159 1706 3181 om.
1716 3147 1750 3180 R
1761 3148 1847 3191 vulq.
1865 3145 1877 3191 ΙΙ
1898 3148 1938 3181 11
1953 3147 2000 3179 eis
2014 3146 2117 3188 RV’J
2142 3146 2213 3178 eius
2227 3147 2350 3190 Tvuly.

1271 3206 1310 3223 ο·
1334 3192 1384 3226 1⁷¹
1403 3192 1415 3235 Ι]
1434 3193 1476 3226 12
1495 3191 1578 3224 alios
1599 3191 1643 3233 V]
1669 3204 1727 3224 om.
1745 3192 1903 3235 RTvulq.
1921 3190 1934 3235 Ι]
1950 3190 2104 3225 meliores
2122 3190 2272 3224 redditus
2288 3191 2322 3226 T
2338 3189 2352 3237 ss

1271 3239 1311 3272 13
1337 3239 1423 3270 emat
1441 3237 1542 3279 vala]
1568 3238 1678 3269 emant
1700 3238 1779 3271 libri
1795 3236 1808 3280 Ι]
1832 3239 1919 3270 rubr.
1941 3237 1977 3270 Si
1993 3247 2044 3270 res
2060 3235 2184 3270 sterilis
2201 3239 2260 3270 aut
2273 3247 2351 3280 pos-

1268 3282 1371 3315 sessio
1391 3282 1488 3314 detur
1505 3281 1650 3314 ecclesiis
1674 3281 1771 3314 detur
1787 3280 1917 3316 eclesiis
1937 3282 2011 3324 (sie)
2023 3282 2055 3315 R
2069 3283 2101 3316 in
2114 3294 2216 3326 marq.
2265 3281 2350 3315 ciui-

1268 3327 1357 3360 libus
1375 3327 1426 3359 Τι
1451 3336 1489 3358 ex
1509 3326 1641 3359 ciuibus
1660 3326 1713 3360 T²
1727 3327 1739 3370 ΙΙ
1762 3328 1801 3361 15
1812 3340 1859 3370 sq.
1885 3326 2061 3360 donaucrit
2083 3328 2142 3359 aut
2162 3337 2226 3359 uen
2253 3326 2352 3360 'derit

1269 3380 1299 3406 et
1314 3372 1513 3404 concesserit
1535 3371 1592 3415 '1'ss
1612 3372 1654 3405 16
1670 3371 1934 3414 derelinquerint
1945 3372 1994 3405 R¹
2005 3371 2082 3406 VT¹
2110 3371 2350 3414 derelinquerit

1270 3415 1353 3461 T²11
1379 3418 1419 3451 18
1445 3427 1510 3459 qua
1534 3417 1603 3450 ΒΤ
1627 3416 1639 3460 ΙΙ
1672 3418 1711 3452 19
1732 3416 1870 3450 alterius
1894 3430 1952 3450 om.
1970 3417 2019 3451 13¹
2047 3416 2060 3462 Ι]
2090 3417 2132 3452 20
2157 3426 2258 3450 causa
2290 3415 2352 3461 Vn

1254 3463 1309 3497 ’21
1335 3463 1473 3494 heorum
1495 3461 1572 3506 T¹fl
1591 3472 1723 3495 recurre
1747 3463 1797 3496 Β*
1812 3461 1824 3505 ΙΙ
1844 3464 1885 3496 24
1911 3462 2000 3505 quod
2024 3475 2082 3496 om.
2105 3460 2211 3506 1⁷R¹u
2238 3463 2280 3496 25
2306 3462 2349 3503 ei]

1268 3506 1357 3549 quod
1373 3507 1403 3539 ei
1426 3507 1458 3540 V
1473 3517 1557 3548 quae
1577 3507 1607 3540 ei
1625 3507 1673 3540 13¹
1728 3508 1909 3550 continget.
1931 3508 1985 3541 sin
2006 3507 2063 3551 Vl!
2080 3507 2116 3540 in
2133 3508 2181 3548 re]
2199 3508 2234 3539 in
2251 3509 2283 3540 te
2298 3505 2350 3540 T¹

1268 3553 1341 3585 iure
1373 3553 1404 3585 V
1426 3551 1438 3596 ss
1470 3553 1512 3586 26
1538 3554 1586 3594 ut]
1612 3554 1671 3586 aut
1695 3553 1728 3586 T
1737 3552 1748 3573 ¹
1777 3551 1790 3596 Ι]
1817 3553 1962 3595 aliquem
1989 3553 2038 3587 Τι
2072 3550 2240 3594 quaelibet
2264 3551 2315 3585 Τ*

1267 3597 1426 3630 darentur
1441 3596 1628 3630 uenerabili
1644 3597 1756 3631 domui
1776 3599 1807 3631 Τ
1822 3597 1834 3642 ΙΙ
1851 3600 1890 3632 27
1909 3599 1957 3631 eis
1976 3598 2028 3631 Tss
2044 3597 2057 3641 ΙΙ
2082 3597 2123 3631 28
2140 3607 2193 3630 res
2212 3608 2270 3630 οηι.
2286 3596 2319 3630 Τ

1268 3644 1310 3677 29
1328 3644 1360 3675 et
1377 3642 1412 3674 in
1429 3642 1606 3676 heredibus
1620 3643 1667 3676 13¹
1686 3642 1699 3688 Ι]
1715 3644 1806 3676 omni
1821 3643 1918 3677 modo
1939 3643 1984 3685 V]
2005 3641 2140 3676 omnino
2152 3641 2314 3686 RTvuly.

1269 3690 1312 3723 34
1335 3688 1388 3722 vel
1409 3687 1485 3722 aliis
1510 3701 1567 3722 om.
1590 3688 1625 3723 V

170 2923 189 2955 2
206 2922 419 2966 περιποιεῖν]
437 2920 508 2953 fieri
524 2932 544 2958 ς
562 2920 574 2965 ΙΙ
590 2923 684 2966 περὶ]
732 2918 796 2962 ηδε
815 2924 898 2965 περὶ
919 2923 954 2955 Β
977 2922 990 2966 ΙΙ
1016 2924 1037 2957 3
1054 2933 1200 2966 προστι-

116 2966 229 3000 θέναι
246 2969 308 3000 (οὐ.
318 2969 349 3007 1.,
363 2966 399 2999 Β
411 2965 423 3010 ΙΙ
436 2968 457 2999 4
470 2962 510 2998 δὲ
522 2978 580 2999 om.
590 2967 622 2999 L
634 2966 645 3010 ΙΙ
658 2934 830 3008 Ὀδησσοῦ
846 2968 922 3008 (Iul.
933 2969 974 3011 qs.
985 2968 1029 3010 ς)]
1043 2963 1201 3001 ὅδύσσου

117 3009 285 3053 (ὀδυσσοῢ
298 3012 348 3054 Β)
361 3011 507 3045 MLBG
516 3012 636 3044 Tlaeeod.
650 3013 804 3050 (Μυσίας
815 3012 905 3054 Am.)
922 3012 935 3056 ΙΙ
953 3015 971 3046 7
994 3014 1201 3057 προαιρέσει

117 3059 160 3091 M
175 3059 187 3098 ΙΙ
204 3059 224 3091 9
245 3055 314 3100 τὴν
328 3053 422 3101 κατὰ
438 3054 507 3099 τὴν
527 3057 584 3097 Μ]
608 3055 679 3098 τὴν
701 3055 794 3089 κατὰ
812 3057 843 3089 L
867 3055 960 3090 κατὰ
977 3056 1045 3099 τὴν
1063 3059 1108 3099 Β,
1132 3056 1201 3100 τὴν

121 3105 149 3137 C
155 3105 199 3143 (ς)
204 3104 352 3147 fortasse
365 3103 480 3135 rectius
496 3100 508 3145 ΙΙ
530 3102 570 3135 13
583 3100 682 3144 εἴπερ
700 3103 728 3135 C
747 3096 839 3146 ὅπερ
853 3103 883 3134 L
899 3102 911 3145 ΙΙ
933 3104 973 3137 16
987 3103 1027 3135 ἐν
1039 3102 1083 3148 τῇ
1123 3113 1200 3136 ασι-

118 3145 201 3189 λίδι]
227 3149 264 3181 in
279 3148 341 3180 hae
357 3147 449 3189 regia
470 3146 517 3191 ςΙΙ
538 3149 577 3181 17
597 3143 837 3190 δωρήσωνται
851 3147 1058 3188 Haloander]
1107 3145 1199 3192 ωρή-

117 3205 245 3227 σονται
269 3193 414 3226 MLBC
434 3191 447 3236 ΙΙ
475 3188 698 3234 πωλήσωσιν
723 3199 751 3224 ει
778 3192 817 3226 18
842 3190 1089 3237 καταλείψωσι
1109 3193 1153 3234 L,
1176 3193 1205 3226 C'

117 3253 145 3271 v.
156 3242 189 3281 l.‚
202 3239 376 3279 Nomocffl]
402 3234 636 3280 πωλήσουσιν
653 3244 681 3269 et
696 3233 955 3281 καταλείψουσι
969 3238 1056 3278 ΜΒ,
1074 3238 1104 3271 Ο
1112 3250 1141 3271 v.
1151 3241 1171 3272 1.
1191 3236 1202 3282 ΙΙ

119 3287 160 3318 20
186 3280 207 3326 ἡ
231 3281 380 3325 τοιαύτη
405 3283 528 3325 κτῆσις
542 3279 752 3325 περιῆλθεν]
778 3282 969 3314 huiusmodi
984 3282 1202 3324 possessiones

116 3331 340 3372 pervenerunt
359 3339 379 3365 ς
395 3327 408 3372 fl
426 3329 467 3363 21
488 3324 554 3370 ἤδη
576 3325 737 3371 δημοσίῳ
757 3327 809 3360 B⁶
832 3330 844 3370 ΙΙ
870 3328 912 3361 22
937 3323 1028 3360 ἀλλὰ
1046 3327 1123 3361 πᾶν
1140 3327 1206 3360 LC'

118 3376 278 3408 Nomac.m
302 3374 315 3418 u
343 3375 387 3408 24
411 3369 722 3419 ἀναγκαζομένους
744 3391 788 3396 --
813 3373 854 3406 25
879 3370 1020 3414 κτήσεις
1044 3385 1101 3405 om.
1131 3373 1163 3405 B
1191 3371 1201 3415 ΙΙ

118 3417 319 3463 ἀπολαβεῖν
337 3420 366 3453 G
373 3432 401 3452 v.
413 3422 432 3453 1.
451 3419 463 3462 ΙΙ
490 3420 532 3453 26
557 3419 596 3451 ἐκ
620 3417 683 3460 τῆς
704 3415 873 3459 τοιαύτης
892 3417 1097 3451 LNomoc.''¹
1121 3416 1134 3460 n
1158 3418 1200 3451 28

118 3462 457 3509 *παρακολουθῆσαι
475 3465 553 3498 libri
566 3463 578 3508 ΙΙ
597 3464 657 3496 καὶ
674 3473 762 3499 oms
779 3462 791 3505 1]
808 3464 850 3496 29
865 3459 1008 3495 τούτων
1019 3462 1178 3496 Νοηιοε.”ι
1189 3462 1201 3506 ΙΙ

120 3512 160 3544 30
186 3506 300 3543 αὐτὸν
323 3523 380 3542 om.
403 3510 431 3543 C
449 3509 461 3552 ΙΙ
489 3510 532 3543 32
552 3510 625 3541 τοῖς
648 3505 880 3552 κληρονόμοις
903 3502 1013 3540 αὐτοῦ
1043 3508 1071 3541 G

168 3602 181 3633 l
206 3599 325 3632 eisdem
352 3600 385 3633 T
398 3598 410 3643 ΙΙ
428 3601 449 3632 4
473 3599 590 3632 Odessi
607 3600 639 3632 et
654 3598 807 3639 Tomeos]
831 3607 944 3630 omnes
957 3607 1015 3629 seu
1032 3597 1117 3638 (cius
1138 3597 1199 3639 V1)

119 3655 293 3687 yconomos
317 3647 502 3683 (economos
517 3645 578 3685 T1)
613 3644 768 3688 VTvulq.
796 3652 855 3676 seu
873 3652 1049 3686 yconomos
1068 3642 1118 3677 13¹
1142 3653 1199 3676 scu

120 3694 153 3721 ot
176 3692 290 3722 toneos
313 3689 363 3722 13²
378 3688 390 3733 Ι]
409 3689 585 3723 ciuitatum
608 3707 653 3714 —
678 3690 698 3723 8
717 3687 991 3731 gerosolimorum
1013 3701 1074 3722 scr.
1094 3687 1145 3721 Β*
1166 3690 1198 3722 in
