2592 3840
249 103 360 146 Nov.
389 102 530 145 XLVI
561 104 679 145 1-3
710 115 775 157 ep.

254 211 375 257 νόμον,
406 211 447 246 οὐ
478 210 690 256 δυναμένων
721 212 836 246 τινῶν
867 208 1042 245 πλάττειν
1065 209 1241 255 δημόσιον
1262 209 1328 258 ὅφ-

253 257 347 301 λημα
367 261 427 291 καὶ
448 254 561 292 οὕτως
581 259 642 292 ἐπὶ
666 255 726 292 τὰς
744 254 942 298 ἐκποιήσεις
965 256 1044 290 τῶν
1060 252 1242 300 ἀκινήτων
1260 269 1328 300 χω·

254 306 338 349 ρεῖν.
386 300 447 337 διὰ
477 304 582 337 τοῦτο
611 300 678 349 γὰρ
709 304 769 335 καὶ
799 299 868 344 τὴν
895 302 959 335 τοῦ
989 298 1153 348 δεκρέτον
1183 305 1330 345 ποίησιν

255 350 513 394 ἐπετρέψαμεν,
546 348 605 381 ἵνα
629 350 688 381 καὶ
715 348 758 380 τὸ
783 343 957 401 δημόσιον
988 345 1132 400 ὄφλημα
1153 348 1329 394 μαρτυρῆ-

1274 95 1444 156 ‚282

1946 111 2007 143 DE
2035 110 2476 146 Eccnmsmssscsnuu

1397 212 1528 255 legem:
1564 222 1638 248 non
1659 210 1866 257 potentibus
1895 210 2074 256 aliquibus
2177 219 2238 248 ere
2267 211 2390 248 fiscale
2411 211 2476 248 de·

1397 256 1511 292 bitum
1543 260 1580 293 et
1609 257 1661 293 ita
1691 257 1738 294 ad
1768 256 2000 293 alienationes
2027 255 2260 292 immobilium
2291 256 2476 300 accedere.

1397 301 1482 338 Ideo
1511 301 1606 338 enim
1637 304 1674 338 et
1704 301 1839 338 decreti
1868 301 2063 338 factionem
2092 301 2331 347 permisimus,
2366 305 2409 338 ut
2439 303 2477 338 et

1398 347 1521 383 fiscale
1549 346 1706 383 debitum
1739 346 1942 383 testimonio
1971 346 2151 392 pandatur
2184 349 2221 382 et
2254 356 2299 383 ex
2312 346 2478 398 ‚quantis

254 406 326 434 ται,
358 396 418 426 καὶ
448 395 486 427 ἐκ
518 390 646 427 πόσων
669 390 806 425 κάτεισι
829 403 972 445 χρονων
1000 393 1059 425 καὶ
1082 403 1183 426 οπως
1206 389 1269 426 οὐκ
1293 394 1331 427 ἐκ
1365 395 1386 427 5
1400 391 1585 428 descendit
1607 392 1826 438 temporibus
1849 393 1887 428 et
1909 391 2076 437 quoniam
2099 402 2171 427 non
2193 391 2355 436 pecuniis
2378 390 2476 427 Bolu-

255 436 450 483 χρημάτων
469 436 594 480 ἐλύθη,
619 433 696 470 ἀλλ’
716 437 764 470 εἰς
784 432 943 482 ἀναγκην
964 435 1180 479 ἐκποιήσεως
1199 431 1330 480 ἦλθεν·

255 482 355 517 ὅπως
382 480 428 516 ἂν
459 482 505 517 τὰ
535 483 596 524 τῆς
627 479 800 524 ἀληθείας
834 481 1073 523 πανταχόθεν
1103 485 1331 529 μαρτυροῖτο,

255 526 408 562 πάντων
431 529 491 562 ἐπὶ
510 527 588 561 τῶν
607 528 725 561 θείων
748 524 967 573 εὐαγγελίων
991 530 1262 573 πραττομένων,
1287 528 1331 562 εἱ-

255 571 375 608 δότων
398 574 475 607 τῶν
496 586 537 606 τε
561 571 772 606 ἐπισκόπων
798 573 876 606 τῶν
899 584 937 605 τε
960 570 1138 618 κληρικῶν
1161 576 1221 606 καὶ
1245 573 1333 620 πρός

1399 440 1475 472 tum
1505 441 1570 481 est,
1604 437 1668 473 sed
1697 438 1736 473 in
1765 436 2013 473 necessitatem
2044 436 2268 472 alienationis
2300 435 2406 480 venit,
2436 437 2480 471 nt

1399 482 1530 518 veritas
1553 482 1709 527 undique
1731 485 1929 527 protestata
1949 481 2007 524 sit,
2031 481 2196 517 omnibus
2219 490 2339 517 coram
2362 480 2477 516 sacris

1402 527 1592 570 evangeliis
1611 527 1778 571 agendis:
1805 526 2002 563 scientibus
2025 528 2063 562 et
2080 526 2256 571 episcopis
2281 529 2318 561 et
2337 525 2479 562 clericis

1401 574 1438 607 et
1460 572 1539 607 aliis
1563 573 1736 615 omnibus,
1768 572 1853 616 quia
1884 572 1971 607 deus
2002 571 2169 616 respiciet
2193 579 2285 614 quae
2307 573 2480 615 geruntur

254 631 294 665 ys
318 619 395 652 τῶν
419 616 539 671 ἄλλων
563 613 749 658 ἁπάντων,
783 613 831 650 ὠς
854 615 941 650 θεὸς
965 615 1142 662 ἐπόψεται
1168 616 1214 651 τὰ
1261 617 1331 652 ινό-
1350 619 1388 651 10
1403 617 1448 651 ab
1473 617 1535 659 eis,
1560 619 1597 651 et
1619 617 1650 652 si
1673 616 1758 662 quid
1779 616 1916 669 egerint
1937 626 2003 661 per
2023 615 2143 652 dolum
2166 619 2229 651 aut
2251 615 2393 651 lucrum
2415 617 2480 650 aut

253 676 345 707 μενα
375 676 449 708 παρ
491 660 625 703 αὐτῶν,
657 665 716 695 καὶ
740 662 776 695 εἴ
800 674 836 694 τι
860 660 1036 705 πράξαιεν
1066 661 1156 696 κατὰ
1181 660 1222 696 δὸ
1267 677 1288 696 ν
1312 662 1333 705 ἢ

254 706 375 754 κέρδος
394 704 415 750 ἢ
429 706 602 751 μηχανήν,
626 708 734 741 τοῦτο
757 708 797 740 ἐν
817 707 1059 741 ταῖς-ἑαυτῶν
1081 705 1334 753 ἀπολήψονται

258 755 383 801 ψυχαῖς
407 754 539 794 ζῶντές
561 765 602 786 τε
625 754 685 786 καὶ
709 750 955 786 τελευτῶντες.

1402 661 1718 704 machinationem,
1748 662 1818 697 hoc
1848 673 1885 697 m
1916 661 1991 698 suis
2013 661 2187 707 recipient
2216 660 2405 702 animabus
2426 659 2480 696 vi-

1403 708 1526 742 ventes
1549 716 1593 742 ac
1616 707 1815 743 morientes.

1252 841 1409 878 CAPUT
1431 841 1477 877 ΙΙ.

308 900 353 934 Εἰ
376 901 443 943 μὲν
466 891 530 933 οὖν
554 896 699 941 ἰδιώτης
725 909 779 932 τις
802 896 821 933 ὃ
852 897 1030 942 ειλόμενος
1051 899 1115 942 εἴη,
1148 895 1333 932 δύνασθαι

1447 898 1483 933 Si
1507 907 1590 933 vero
1614 897 1776 943 privatus
1800 897 1847 933 ali
1873 897 1928 933 uis
1953 897 2107 933 creditor
2129 896 2256 941 fuerit,
2313 895 2403 933 ossit
2425 904 2480 931 se·

254 944 345 980 κατὰ
376 943 417 978 τὸ
447 954 514 989 pro
540 944 658 979 soluto
683 944 800 988 σχῆμα
846 941 1022 988 αμβάνειν
1045 941 1230 997 ἀκινήτρυς
1253 941 1332 986 κτή-
1351 946 1387 978 15
1404 943 1559 979 cundum
1583 953 1649 988 pro
1673 943 1791 979 soluto
1817 953 1856 978 sc
1884 952 1964 978 ema
1986 943 2150 995 accipere
2175 942 2282 977 immo
2304 940 2373 977 'iles
2395 950 2480 986 pos—

255 1001 335 1032 σεις,
353 989 546 1024 κάνταῦθα
565 987 731 1035 δεκρέτου
749 991 939 1035 γινομένου
959 992 1019 1022 καὶ
1035 1000 1125 1035 προς
1144 1002 1187 1023 το
1202 991 1334 1036 μέτρον

254 1036 332 1069 τῶν
358 1037 435 1069 ταῖς
455 1032 644 1077 ἀληθείαις
667 1031 912 1080 ὀφειλομένων
937 1036 1253 1081 προςκυρουμένων
1275 1031 1334 1067 αύ-

253 1083 326 1115 τοῖς
350 1080 427 1114 τῶν
450 1078 627 1123 κτήσεων·
652 1080 683 1113 εἰ
707 1077 747 1113 δὲ
770 1077 914 1124 ὄφλημα
938 1077 1111 1124 δημόσιον
1134 1079 1198 1122 εἴη,
1231 1077 1334 1113 δυνα-

253 1129 377 1169 μένων
394 1121 518 1159 αὐτῶν
534 1125 582 1159 εἰς
598 1126 785 1168 ἐκποίησιν
804 1122 989 1167 ἀκινήτων
1010 1126 1141 1170 χωρεῖν
1158 1123 1250 1158 κατὰ
1269 1123 1336 1167 τὴν

1403 988 1590 1032 sessiones,
1609 988 1667 1023 hic
1685 998 1826 1033 quoque
1842 988 1984 1023 decreto
2001 987 2164 1024 faciendo
2184 990 2220 1023 et
2235 996 2301 1032 pro
2315 995 2483 1021 mensura

1403 1044 1567 1070 verorum
1598 1033 1799 1069 debitorum
1834 1033 2058 1077 assignandis
2093 1033 2142 1068 eis
2177 1030 2481 1077 possessionibus3

1405 1079 1435 1114 si
1459 1088 1542 1114 vero
1567 1078 1724 1114 debitum
1747 1078 1869 1114 fiscale
1891 1078 2008 1122 fuerit,
2033 1077 2237 1124 potentibus
2261 1076 2312 1112 eis
2331 1076 2378 1112 ad
2395 1075 2482 1111 alie-

1405 1124 1585 1159 nationem
1623 1124 1854 1159 immobilium
1889 1123 2061 1159 accedere
2099 1122 2293 1159 secundum
2327 1120 2482 1167 priorem

254 1170 468 1217 ἔμπροσθεν
498 1168 762 1224 παρατήρησιν,
795 1165 882 1204 ὦςτε
911 1167 1025 1213 μηδὲν
1056 1168 1217 1215 έλλεῖψαι
1248 1169 1338 1214 μήτε
1352 1173 1393 1204 20
1407 1169 1706 1211 observationem,
1737 1171 1779 1204 ut
1809 1168 1896 1204 nihil
1928 1168 2022 1206 desit
2052 1177 2167 1214 neque
2189 1166 2398 1205 subtilitatis
2419 1174 2482 1202 ne-

254 1217 315 1260 τῆς
337 1213 518 1262 ἀκριβείας
540 1228 630 1260 μήτε
655 1227 716 1258 της
738 1215 856 1258 κοινῆς
880 1213 1102 1250 λυσιτελείας.

1405 1224 1474 1260 que
1496 1215 1691 1250 communis
1714 1213 1892 1250 utilitatis.

1246 1304 1402 1341 CAPUT
1424 1305 1489 1341 111.

305 1362 451 1398 Τούτων
468 1361 508 1398 δὲ
530 1362 708 1398 ἁπάντων
729 1360 797 1405 τὴν
814 1359 1023 1408 ἄγιωτάτην
1038 1359 1196 1406 μεγάλην
1217 1360 1336 1404 ἐκκλη-

254 1413 341 1443 σίαν
374 1409 436 1451 τῆς
469 1406 678 1453 εὐδαίμονος
712 1406 842 1450 ταύτης
873 1404 1011 1442 πόλεως
1045 1410 1105 1450 καὶ
1140 1405 1208 1450 τὴν
1231 1404 1337 1450 αὐτῆς

255 1451 456 1499 περιοικίδα
485 1457 546 1487 καὶ
577 1453 658 1488 τοὺς
689 1450 891 1505 εὖκτηρίους
921 1453 1035 1487 οἴκους
1065 1451 1120 1487 ὥν
1150 1449 1241 1496 αύτὴ
1269 1451 1337 1495 τὴν

1457 1360 1523 1396 His
1545 1362 1664 1396 autem
1688 1360 1863 1397 universis
1886 1359 2147 1397 sanctissimam
2177 1358 2347 1395 maiorem
2369 1357 2482 1395 e‘ccle-

1407 1406 1496 1441 siam
1527 1406 1640 1442 felicis
1672 1406 1778 1442 huius
1811 1406 1909 1442 urbis
1940 1409 1976 1442 et
2006 1406 2082 1441 eius
2107 1403 2262 1440 confinia
2291 1407 2328 1440 et
2350 1403 2482 1440 oratio-

1405 1462 1491 1486 num
1523 1451 1644 1487 domos
1677 1462 1826 1496 quarum
1856 1452 1936 1496 ipsa
1976 1461 2099 1487 curam
2130 1449 2288 1496 suscepit
2319 1448 2482 1486 omnibus

255 1496 432 1554 φροντίδα
456 1496 692 1533 ἀναδέδεκται
716 1509 830 1532 πασιν
849 1497 1058 1546 ἐξαιροῦμεν
1078 1495 1234 1551 τρόποις,
1258 1499 1337 1531 τῶν
1350 1499 1390 1530 25
1407 1497 1608 1542 excepimus
1640 1497 1770 1539 modis,
1802 1507 1892 1542 quae
1920 1497 1990 1532 iam
2021 1495 2065 1532 de
2092 1495 2162 1531 hoo
2185 1494 2324 1536 sancita
2354 1496 2439 1530 sunt
2460 1503 2484 1529 a

254 1532 321 1588 ήδη
352 1547 435 1590 περὶ
470 1542 598 1578 τούτινυ
631 1542 980 1587 νενομοθετημένων
1014 1540 1105 1589 παρ’
1136 1543 1241 1587 ημῶν
1276 1544 1336 1577 ἐπὶ

255 1591 315 1632 τῆς
346 1589 474 1623 οἰκείας
503 1587 691 1634 μενόντων
720 1586 847 1630 ἰσχύος.
894 1588 941 1622 Εἰ
964 1586 1005 1622 δὲ
1034 1591 1097 1621 καί
1118 1601 1204 1622 τινα
1226 1600 1334 1631 μονα-

255 1632 384 1680 στήρια
408 1633 474 1669 ὑπ’
502 1631 614 1677 αὐτὴν
637 1633 704 1677 τὴν
729 1629 936 1680 ἇγιωτάτην
965 1631 1122 1680 μεγάλην
1146 1631 1336 1675 ἐκκλησίαν

255 1680 319 1723 εἴη,
349 1677 433 1714 οὐδὲ
455 1680 571 1713 ταῦτα
602 1675 673 1713 ὑπὸ
697 1676 763 1713 τὸν
787 1677 954 1724 παρόντα
980 1676 1188 1722 ποιούμεθα
1211 1677 1334 1722 νόμον,

1405 1542 1508 1577 nobis
1532 1542 1569 1577 in
1593 1551 1659 1577 sua
1681 1542 1811 1578 virtute
1835 1542 2058 1577 durantibus.
2099 1541 2137 1576 Si
2160 1542 2280 1575 autem
2303 1539 2344 1576 et'
2363 1538 2483 1584 aliqua

1405 1587 1622 1622 monasteria
1656 1587 1722 1622 sub
1755 1587 1878 1623 eadem
1909 1585 2134 1623 sanctissima
2167 1585 2300 1621 maiore
2333 1584 2484 1621 ecclesia

1405 1635 1507 1674 sunt,
1538 1642 1605 1667 nec
1630 1642 1670 1667 ea
1694 1632 1760 1668 sub
1785 1635 2010 1678 praesentem
2038 1631 2186 1666 facimus
2209 1631 2340 1676 legem,
2371 1629 2483 1665 forin-

1405 1687 1509 1712 secus
1533 1677 1722 1722 provinciis
1754 1688 1831 1713 eam
1856 1678 2112 1714 constituentes
2135 1676 2267 1720 solum,
2296 1675 2334 1711 in
2354 1674 2483 1722 quibus

254 1728 333 1759 ταῖς
350 1724 423 1765 ἔξω
438 1723 569 1778 χαξραις
587 1721 926 1767 αὖτὸν·έφιστάντες
944 1721 1070 1767 μόνον,
1092 1725 1131 1757 ἐν
1146 1722 1204 1776 ιαἶς
1223 1721 1336 1766 πολλή
1350 1725 1390 1757 30
1404 1722 1519 1758 multa
1550 1722 1722 1767 quaedam
1753 1725 1809 1758 est
1839 1723 1962 1768 inopia
1994 1721 2243 1768 pecuniarum,
2281 1729 2348 1773 per
2377 1730 2483 1765 quam

255 1774 308 1804 τίς
339 1771 439 1804 ἐστιν
468 1772 602 1817 απορία
632 1768 837 1815 χρημάτων,
869 1765 961 1802 καθ’
989 1765 1033 1811 ἢν
1067 1768 1107 1802 αἱ
1135 1765 1337 1815 αγιώταται

256 1814 438 1858 ἐκκλησίαι
471 1813 576 1848 λῦσαι
610 1811 669 1848 διὰ
691 1810 885 1861 χρημάτων
916 1814 962 1847 τά
985 1811 1176 1858 ὀφλήματα
1203 1809 1266 1847 οὐκ
1291 1810 1337 1847 ἂν

256 1858 458 1902 δυνηθεῖεν.
1263 1900 1268 1902 μ

295 1903 607 1960 <1Ἐπίῇογοεχ
635 1902 683 1938 ‘H
711 1906 853 1958 τοίνυνκ
870 1900 1104 1957 σὴἿῦπεροχὴ
1142 1901 1187 1937 τὰ
1223 1916 1339 1960 παρα-

1406 1768 1653 1847 sanctissimae
1665 1768 1858 1847 tecelesiae
1894 1768 2029 1804 solvere
2063 1777 2128 1812 per
2160 1776 2332 1812 pecunias
2364 1764 2484 1803 debita

1406 1823 1478 1848 non
1502 1822 1546 1848 va
1563 1822 1663 1848 uerm
1682 1839 1690 1847 .

1451 1903 1500 1949 <E
1509 1903 1598 1948 pilo
1606 1914 1628 1948 g
1636 1914 1659 1938 u
1667 1903 1714 1948 s.)
1751 1903 1831 1938 Tua
1848 1902 1956 1947 igitur
1973 1902 2145 1939 celsitudo
2164 1911 2254 1948 quae
2269 1901 2482 1948 placuerunt

255 1962 395 2006 σταντα
415 1953 499 1994 ημῖν
517 1961 745 2005 γινωσκουσα
768 1961 859 1982 κατα
879 1961 987 1983 τουτο
1007 1950 1173 1995 προὶέναι
1193 1947 1256 1982 τὰς
1277 1951 1337 1983 επὶ
1351 1951 1391 1982 35
1407 1948 1510 1984 nobis
1533 1958 1752 1993 cognoscens
1773 1948 1970 1984 secundum
1993 1948 2062 1984 hoc
2082 1946 2278 1993 procedere
2298 1956 2407 1992 super
2426 1955 2483 1982 88-

255 1998 329 2030 τοῖς
354 1998 458 2043 ιεροῖς
481 2007 690 2042 πραγμασιν
715 1991 910 2037 ἐκποιήσεις
934 1993 1257 2046 παραφυλαττέτω.

300 2041 384 2076 Dat.
395 2052 457 2075 xv.
471 2041 507 2075 k.
522 2040 620 2085 Sept.
635 2040 703 2075 ΟΡ.
718 2043 800 2084 post
813 2049 912 2075 cons.
923 2039 1087 2075 Behsarii
1101 2049 1132 2074 v.
1144 2050 1174 2074 c.
1201 2042 1246 2080 [a.
1258 2041 1335 2080 536]

2170 1992 2252 2028 Dat.
2277 2002 2386 2028 xvnr.
2408 1990 2483 2036 kal.

2343 2040 2387 2080 [a.
2405 2038 2484 2080 537]

1406 1994 1475 2029 cris
1499 1994 1607 2029 rebus
1632 1993 1866 2029 alienationes
1892 1993 2083 2029 custodiat.

1407 2038 1504 2084 Sept.
1527 2038 1596 2074 ΟΡ.
1617 2049 1653 2084 p.
1669 2049 1699 2074 c.
1720 2038 1884 2074 Belisarii
1904 2050 1935 2073 v.
1951 2049 1982 2074 c.
1998 2048 2094 2074 anno
2108 2037 2276 2073 secundo.

239 2142 343 2173 esse,
368 2141 455 2166 neve
470 2130 661 2176 quisquam
677 2129 818 2175 finqere
869 2128 1023 2164 ublicum
1051 2127 1205 2164 debitum
1238 2131 1347 2174 atque
1370 2128 1423 2164 ita
1443 2128 1493 2164 ael
1512 2128 1752 2164 alienationes
1774 2139 1895 2164 rerum
1913 2127 2145 2163 immobilium
2158 2125 2341 2174 proqredi
2350 2125 2482 2173 possit.

256 2175 345 2212 Ideo
370 2176 462 2211 enim
486 2175 593 2211 etiam
619 2174 800 2210 decretum
850 2174 904 2210 eri
927 2174 1106 2215 iussimm,
1124 2178 1169 2208 ut
1191 2173 1308 2219 ipsum
1330 2172 1515 2219 publicum
1539 2172 1694 2209 debitum
1721 2173 1922 2209 testimonio
1942 2171 2132 2225 probetur,
2156 2176 2257 2207 etex
2272 2175 2363 2216 quot
2378 2170 2485 2206 annis

256 2220 451 2257 descendat
480 2224 514 2256 et
537 2224 716 2265 quatenus
744 2230 817 2254 non
840 2230 890 2255 ex
912 2219 1069 2265 pecunia
1097 2218 1255 2254 solutum
1278 2218 1338 2260 sit,
1368 2218 1433 2253 sed
1462 2218 1501 2253 in
1532 2218 1778 2254 necessitatem
1810 2218 2042 2254 alienationis
2072 2217 2226 2253 venerit:
2255 2226 2328 2262 quo
2352 2216 2485 2252 veritas

256 2266 415 2312 undique
447 2270 579 2301 testata
610 2265 669 2307 sit,
701 2275 781 2300 cum
813 2264 935 2300 omnia
966 2275 1090 2299 coram
1119 2263 1258 2299 sanctis
1288 2274 1377 2299 evan
1404 2262 1486 2298 eliis
1511 2268 1744 2316 peraqantur
1773 2264 1892 2315 sciant
1915 2274 1961 2312 ue
1991 2267 2026 2299 et
2049 2261 2211 2309 episcopi
2240 2266 2274 2297 et
2298 2260 2419 2297 clerici
2449 2265 2485 2297 et

249 2317 446 2358 praeterea
470 2311 579 2347 ceteri
604 2321 737 2352 omnes,
769 2309 874 2346 deum
904 2310 1024 2345 omnia
1048 2320 1142 2361 quae
1173 2308 1219 2360 ab
1247 2309 1339 2355 ipsis

1365 2275 1461 2354 fiqam
1482 2319 1660 2350 visurum,
1692 2319 1737 2344 ac
1759 2319 1790 2344 st
1815 2309 1879 2362 qui
1926 2319 2001 2355 per
2023 2307 2147 2343 dolum
2175 2305 2231 2343 vel
2253 2306 2486 2353 cupiditatem

256 2357 312 2394 vel
335 2356 635 2392 machinationem
659 2355 808 2402 eqerint,
842 2354 911 2390 boc
933 2366 972 2391 se
995 2355 1033 2397 in
1056 2365 1132 2389 suis
1156 2354 1346 2389 animabus
1367 2358 1578 2400 recepturos
1601 2365 1678 2390 esse
1701 2357 1775 2390 tam
1798 2357 1954 2391 viventes
1976 2363 2085 2401 quam
2107 2353 2306 2388 morientes.

390 2402 436 2436 II.
492 2400 534 2436 Si
557 2401 620 2447 qui
643 2401 758 2452 iqitur
781 2400 954 2448 privatus
982 2400 1030 2435 sit
1054 2399 1113 2435 cui
1136 2399 1295 2441 debetur,
1326 2399 1359 2434 is
1374 2400 1519 2446 poterit
1549 2399 1653 2435 titulo
1681 2410 1754 2446 pro
1783 2398 1904 2436 soluto
1933 2399 2098 2446 accipere
2117 2395 2316 2433 immobiles
2337 2406 2485 2443 posses-

255 2448 396 2483 siones:
420 2451 461 2482 ut
485 2451 602 2482 tamen
627 2446 685 2481 luc
708 2456 852 2498 quoque
875 2445 1057 2482 decretum
1077 2445 1148 2490 siat
1170 2448 1204 2480 et
1227 2444 1422 2479 secundum
1445 2444 1589 2480 modum
1613 2455 1738 2480 eorum
1760 2455 1854 2492 quae
1876 2456 1918 2480 re
1935 2455 2022 2481 vera
2045 2442 2218 2479 debentur
2239 2442 2485 2488 possessiones

258 2493 302 2527 iis
335 2492 563 2527 addicantur.

310 2538 316 2543 ⁵
615 2491 690 2543 „Sin
723 2491 878 2542 debitum
912 2490 1097 2543 publicum
1127 2490 1186 2532 sit,
1223 2490 1273 2524 acl
1291 2489 1556 2542 'alienationem
1591 2489 1821 2542 immobilium
1849 2489 2066 2542 procedere·

254 2548 416 2583 priorem
441 2538 737 2578 observationem,
762 2540 813 2571 ita
837 2539 877 2572 ut
900 2535 992 2571 nihil
1015 2546 1131 2587 neque
1153 2546 1176 2570 a
1198 2534 1397 2571 subtilitate
1420 2545 1536 2580 neque
1559 2546 1582 2570 a
1607 2545 1784 2570 communi
1809 2534 1966 2571 utilitate
1989 2534 2064 2570 desi

2113 2491 2259 2524 oterunt
2291 2486 2485 2523 secundum

2131 2537 2222 2568 etur.

394 2582 458 2617 111.
505 2582 559 2617 Ab
585 2581 641 2616 lzis
665 2592 749 2617 vero
774 2581 937 2617 omnibus
960 2587 1223 2616 sanctisszmam
1247 2591 1416 2626 maqnam
1437 2579 1623 2616 ecclesiam
1643 2580 1766 2626 felicis
1786 2579 1894 2616 liuius
1915 2579 2015 2615 urbis
2037 2582 2071 2615 et
2090 2588 2219 2625 ayrum
2241 2576 2277 2613 ci
2299 2576 2486 2612 circumia-

258 2631 393 2662 centem
418 2630 452 2662 et
481 2627 645 2661 oratoria
676 2637 830 2672 quorum
861 2626 943 2672 insa
973 2636 1098 2662 curam
1128 2626 1287 2672 suscepit
1319 2624 1483 2661 omnibus
1511 2625 1628 2660 modis
1658 2625 1872 2672 excipimus,
1896 2629 2052 2677 atquae
2074 2623 2147 2659 iam
2177 2622 2222 2659 de
2244 2621 2314 2658 hoc
2337 2632 2360 2657 a
2383 2620 2486 2657 nobis

258 2673 401 2706 sancita
424 2675 508 2706 sunt
532 2672 568 2706 in
592 2682 658 2706 suo
686 2672 817 2706 robore
840 2675 1018 2706 maneant.

1072 2669 1210 2713 Quodsi
1241 2681 1335 2723 quae
1361 2670 1469 2706 etiam
1500 2671 1721 2706 monasteria
1752 2671 1824 2717 ipsi
1854 2669 2102 2706 sanctissimae
2131 2678 2286 2714 maynae
2316 2665 2486 2703 ecclesiae

258 2717 449 2763 supposita
479 2716 568 2757 sint,
600 2727 644 2751 ne
675 2715 765 2751 haec
794 2716 937 2762 quidem
965 2716 1152 2762 praesenti
1182 2716 1253 2762 leqi
1276 2715 1480 2757 subicimus,
1513 2716 1579 2761 qui
1600 2726 1679 2751 eam
1706 2716 1804 2762 foris
1831 2716 1912 2751 sitis
1932 2714 2133 2763 provinciis
2162 2712 2252 2749 solis
2273 2715 2486 2754 statuamus,

259 2761 298 2796 in
321 2761 450 2813 quibus
472 2772 607 2806 maqna
630 2765 683 2797 est
696 2761 877 2807 pecuniae
896 2761 1035 2808 inopia,
1060 2760 1104 2796 ob
1126 2771 1235 2807 quam
1250 2761 1499 2797 sanctissimae
1520 2761 1692 2797 ecclesiae
1715 2760 1835 2797 debita
1856 2771 1925 2797 sua
1947 2760 2087 2807 solvere
2107 2769 2176 2807 per
2192 2757 2389 2804 pecuniam
2411 2765 2487 2792 non

257 2807 372 2851 facile
393 2806 545 2852 possint.

397 2850 484 2897 Epi
492 2851 505 2885 l
513 2861 634 2896 equs.
689 2850 766 2885 Tua
797 2851 910 2897 iqitur
938 2850 1139 2886 sublimitas
1168 2862 1262 2896 quae
1292 2851 1396 2887 nobis
1419 2851 1644 2898 placuerunt
1675 2861 1896 2898 coqnoscens
1926 2854 1966 2886 ut
1995 2849 2191 2886 secundum
2219 2858 2264 2884 ea
2279 2845 2488 2895 procedant
2540 2859 2542 2861 ·

259 2907 448 2933 sacrarum
471 2906 591 2931 rerum
616 2895 854 2931 alienationes
876 2900 1011 2931 caveat.

304 2989 326 3021 4
349 2987 582 3031 μαρτυρεῖται
607 2987 671 3019 Ma
691 2986 769 3019 Gon.
786 2987 826 3020 87
841 2998 912 3028 cap.
943 2985 956 3028 11
985 2988 1002 3018 7
1028 2981 1127 3019 ὅπως
1151 3004 1194 3010 -
1221 2987 1261 3020 13
1285 2998 1338 3019 τε-

261 3030 454 3066 λευτῶντες
478 3044 536 3064 om.
557 3031 637 3065 Coit.
653 3032 693 3065 87
708 3043 781 3074 cap.
806 3030 818 3073 11
852 3032 871 3064 9
896 3028 984 3075 πρός
1005 3042 1045 3076 γε
1069 3043 1127 3064 om.
1141 3042 1161 3067 ς
1178 3029 1191 3074 11
1218 3033 1258 3065 14
1282 3028 1339 3064 δύ-

259 3090 369 3111 ναται
396 3076 476 3110 Call.
492 3077 533 3110 87
548 3089 620 3119 cap.
640 3075 652 3119 11
676 3078 715 3110 15
736 3073 778 3108 τὸ
798 3072 1028 3119 προκόλουτο,
1053 3088 1077 3108 s.
1092 3089 1118 3108 v.
1144 3072 1222 3117 ἦτοι
1246 3088 1338 3109 κατα

260 3119 424 3156 διάλυσιν
438 3121 485 3155 Μ
502 3118 542 3155 τὸ
563 3132 623 3164 pro
637 3118 784 3153 σολουτὸ
810 3121 888 3154 Coll.
903 3121 944 3154 87
959 3133 1030 3163 cap.
1052 3117 1265 3166 (ποροσόλου
1295 3119 1338 3155 τὸ

262 3181 337 3212 app.
359 3167 506 3208 Nomoc.)
536 3166 548 3210 11
582 3168 618 3199 17
636 3178 684 3208 sq.
710 3166 1033 3210 npooxvqovpic'vwv
1058 3184 1098 3187 —
1125 3163 1338 3208 δυναμένων

261 3226 318 3246 om.
338 3212 417 3246 Coll.
432 3213 473 3246 87
487 3224 559 3256 cap.
575 3210 588 3255 11
614 3212 656 3245 19
675 3207 772 3252 αὐτῷ
796 3223 872 3253 app.
886 3210 1018 3243 Nomoc.
1038 3209 1049 3251 ΙΙ
1066 3208 1155 3242 κατὰ
1170 3229 1209 3234 —
1225 3212 1262 3243 21
1283 3208 1336 3244 λυ-

261 3255 431 3292 σιτελείας
455 3269 512 3291 om.
532 3256 612 3291 Con.
627 3258 668 3290 87
682 3268 754 3298 cap.
781 3256 793 3298 11
818 3256 860 3288 20
873 3268 922 3298 sq.
948 3251 1064 3297 *μηδὲ
1087 3274 1129 3278 —
1153 3251 1243 3298 μηδὲ
1269 3255 1314 3288 M
1325 3252 1338 3299 11

261 3305 303 3337 22
335 3301 480 3336 Τούτων
503 3321 546 3327 -
570 3298 648 3344 τὴν]
672 3297 901 3344 Ἐξαιροῦμεν
924 3296 963 3332 δὲ
986 3296 1114 3332 τούτου
1138 3300 1202 3332 τοῦ
1227 3298 1337 3342 νόμου

260 3346 327 3390 τήν
339 3360 379 3381 τε
398 3348 478 3382 Coll.
490 3348 531 3382 87
545 3359 618 3390 cap.
639 3345 652 3391 11
676 3347 718 3379 23
731 3345 793 3386 τῆς
803 3364 849 3369 -
862 3342 1000 3378 πόλεως
1014 3358 1072 3378 οηι.
1090 3345 1170 3377 Coll.
1183 3345 1223 3378 87
1239 3357 1309 3387 cap.
1327 3345 1330 3390 1

261 3396 304 3427 24
329 3389 419 3435 αὗτῆ
437 3391 482 3426 Μ
504 3387 594 3434 αὕτη
618 3404 695 3436 app.
710 3391 854 3429 Nemea,
883 3390 964 3423 Coll.
983 3391 1022 3423 87
1042 3402 1113 3432 cap.
1135 3390 1205 3421 cod.
1224 3402 1303 3422 unus
1326 3391 1331 3433 1

261 3440 303 3472 25
325 3446 400 3482 post
421 3433 656 3471 ἀναδέδεκται
685 3431 947 3478 (ἀναδέδεικται
976 3447 1052 3478 αρρ.
1075 3434 1222 3472 Nomoc.)
1255 3447 1337 3476 quae

260 3490 435 3527 sequuntur
449 3496 505 3517 om.
522 3484 601 3517 Colt.
612 3483 653 3517 87
663 3494 733 3525 cap.
752 3480 765 3524 11
783 3481 825 3514 26
838 3475 926 3523 παρ’
942 3478 1059 3523 ἡμῶν]
1082 3491 1151 3512 nov.
1169 3478 1241 3511 VII
1249 3491 1275 3511 c.
1289 3481 1303 3511 1
1326 3478 1338 3522 11

261 3530 301 3561 27
329 3528 439 3562 οἰκίας
464 3529 510 3562 Μ
533 3528 545 3572 11
573 3530 613 3563 37
639 3538 699 3560 xv,
725 3527 757 3558 k.
782 3536 847 3569 sep.
868 3525 934 3558 ΟΡ.
952 3524 1009 3577 M]
1035 3534 1137 3556 xvm.
1160 3522 1226 3555 kal.
1246 3523 1336 3566 Sept.

264 3573 327 3605 ΟΡ.
352 3585 370 3609 ς
401 3574 433 3606 k.
456 3575 536 3616 sept.
553 3573 675 3607 Iul.P¹'‘⁰
698 3574 770 3614 (om.
788 3569 881 3612 laist)
904 3582 976 3649 προ
1001 3565 1258 3619 ιδ’καλανδῷν
1273 3570 1336 3601 Σε-

264 3621 463 3663 πτεμβρίου
477 3620 551 3652 Αιίι.
575 3621 664 3661 μηνὶ
683 3618 913 3662 σεπτεμβρίῳ
930 3616 940 3627 ’
959 3616 1050 3649 heod.
1066 3614 1078 3656 11
1096 3615 1169 3656 post
1190 3612 1336 3646 bilisario

1406 2985 1474 3030 τὴν
1497 2983 1675 3022 ὖπατείαν
1687 2962 1900 3030 Βελισαρίου
1914 2985 1991 3019 Am.
2007 2985 2128 3019 Theod.
2151 2994 2203 3027 pc.
2223 2982 2368 3017 bilisarii
2378 2975 2486 3018 Iam

1408 3033 1450 3067 al.
1473 3035 1574 3075 (cons.
1597 3031 1745 3066 belisarii
1764 3030 1847 3066 Iul.⁶
1882 3030 2031 3063 bilisario
2044 3030 2158 3071 1u1.¹');
2182 3039 2272 3062 anno
2290 3027 2327 3062 11
2341 3039 2380 3062 ea:
2397 3027 2486 3071 ew)

1408 3079 1486 3112 add.
1501 3079 1587 3122 vulq.
1602 3086 1631 3111 et
1646 3078 1834 3111 Zachariae

1463 3167 1482 3200 2
1506 3166 1723 3200 alienationes
1746 3166 1788 3198 ad
1818 3165 1853 3198 V
1874 3163 1887 3209 11
1923 3167 1942 3199 3
1968 3165 2076 3198 etiam·
2090 3163 2214 3197 decreti
2235 3162 2297 3205 R’,
2321 3174 2379 3197 om.
2397 3162 2443 3196 3¹
2472 3161 2486 3203 fl

1406 3213 1426 3245 4
1445 3211 1633 3244 testimonia
1647 3211 1697 3245 R}
1721 3211 1851 3244 testimo
1872 3210 1922 3243 V¹
1939 3210 1952 3254 11
1975 3211 1996 3244 6
2016 3210 2066 3250 ut]
2091 3210 2125 3242 et
2138 3208 2196 3252 Τ11
2218 3210 2238 3243 8
2258 3210 2292 3242 et
2310 3204 2484 3253 episcopis]

1406 3259 1520 3334 ettiom.
1534 3257 1568 3290 R
1582 3257 1595 3301 11
1621 3258 1641 3290 9
1666 3256 1819 3290 omnibus
1837 3254 1914 3288 aliis
1941 3255 1974 3288 R
1992 3254 2005 3299 11
2019 3255 2246 3296 geruntuntur
2267 3251 2326 3301 Vll
2350 3254 2391 3287 1⁰
2410 3250 2486 3294 quin

1530 3303 1570 3335 12
1595 3312 1632 3334 ac
1671 3302 1749 3334 etR

1406 3358 1464 3378 om.
1480 3300 1609 3391 lntvuly.
1627 3303 1700 3390 11117
1721 3300 1912 3386 *viirorumJ
1936 3354 2018 3378 uero
2038 3354 2152 3377 eorum
2174 3344 2252 3376 libri
2265 3342 2278 3386 11
2301 3343 2339 3377 18
2359 3342 2387 3375 si
2403 3348 2484 3375 uero

1406 3390 1554 3423 debitum
1578 3402 1657 3424 uero
1678 3390 1728 3435 V}
1751 3389 1939 3434 petentibus
1951 3389 2001 3423 13³
2018 3388 2032 3431 11
2051 3389 2090 3423 19
2114 3387 2347 3429 immobilium]
2373 3394 2484 3421 rerum

1406 3436 1483 3468 add.
1498 3436 1532 3467 R
1550 3435 1562 3478 11
1578 3437 1620 3470 22
1640 3438 1699 3468 aut
1749 3437 1760 3456 ¹
1778 3435 1790 3477 11
1806 3437 1849 3470 24
1868 3435 1973 3478 ipsam
1987 3434 2034 3468 Β*
2051 3433 2064 3477 11
2090 3435 2132 3468 25
2158 3432 2339 3476 excipimus
2361 3430 2447 3476 vulq.
2470 3427 2484 3476 11

1406 3480 1448 3512 26
1473 3479 1509 3511 in
1535 3493 1592 3513 om.
1616 3482 1647 3514 V
1659 3481 1671 3525 11
1688 3482 1747 3514 aut
1760 3481 1809 3514 13¹
1827 3480 1840 3525 11
1856 3481 1899 3514 28
1917 3481 1997 3513 sunt
2019 3491 2078 3513 om.
2100 3479 2150 3512 V¹
2173 3478 2241 3510 sint
2257 3478 2341 3522 vulq.
2358 3475 2372 3521 11
2389 3484 2482 3519 pras-

1405 3526 1496 3556 sente
1521 3525 1658 3558 facimus
1680 3526 1753 3568 lege
1786 3524 1833 3558 V⁶
1862 3526 1875 3568 11
1903 3526 1946 3559 29
1971 3535 2041 3558 eam
2066 3536 2124 3557 om.
2148 3523 2199 3557 Β*
2226 3521 2240 3567 11
2275 3523 2313 3556 31
2340 3531 2400 3565 per
2422 3531 2482 3554 om.

1406 3568 1514 3601 R¹V¹
1531 3568 1544 3613 11
1570 3570 1697 3604 debitas
1719 3570 1812 3604 RV¹
1828 3570 1840 3613 11
1871 3572 1913 3605 35
1938 3570 2001 3603 hoo
2025 3568 2146 3603 om.R¹
2171 3567 2185 3611 11

261 3672 283 3705 p
298 3673 348 3695 uc.
360 3664 432 3703 (sic)
446 3674 549 3696 conss.
565 3664 615 3705 M,
636 3662 807 3696 Bilisiario
822 3672 874 3695 uc.
888 3671 976 3694 anno
988 3659 1131 3696 secundo
1144 3659 1226 3701 ς(Τ)
1249 3657 1338 3700 μετὰ
1370 3684 1373 3701 ,
1406 3658 1479 3690 uice
1503 3659 1628 3692 consul.
1659 3661 1696 3702 V,
1721 3673 1779 3693 om.
1793 3660 1863 3693 rell.

1817 3302 1857 3334 15
1881 3310 1988 3333 scema
1999 3298 2069 3333 ΒΤ
2088 3299 2203 3331 choma
2223 3298 2257 3332 V
2274 3297 2287 3343 11
2317 3298 2357 3333 16
2382 3298 2415 3330 et
2435 3295 2484 3338 V]
2532 3327 2534 3329 .
2583 3295 2592 3299 ‘⁷

2214 3569 2256 3602 36
2268 3568 2390 3601 subscr.
2414 3564 2480 3598 dat.

1404 3622 1509 3647 xvm.
1532 3613 1598 3647 kal.
1617 3618 1699 3659 sept.
1717 3615 1781 3648 ΟΡ.
1807 3615 1879 3648 bili.
1905 3615 1977 3649 uin.
2001 3625 2079 3647 ann.
2100 3613 2148 3647 sd.
2171 3612 2210 3657 T,
2235 3612 2301 3646 dat.
2317 3607 2481 3645 bilisiario
2543 3633 2555 3649 .

2540 3606 2558 3620 δ

2539 3649 2553 3667 s

2538 3668 2555 3688 γ

2536 3715 2557 3758 ³.

2534 3759 2542 3771 A

2534 3774 2558 3840 i
2590 3828 2592 3840 2
