2592 3840
218 105 325 151 Nov.
354 106 495 150 XVIII
523 119 586 162 pr.
619 108 638 147 1

216 215 306 253 ἀλλὰ
327 220 387 252 καὶ
418 215 501 262 ἡμῖν
523 215 589 261 ἤδη
612 218 690 251 τῶν
713 213 782 260 πρὸ
806 209 909 257 ἡμῶν
933 208 1208 264 αὐτοκρατόρων
1233 206 1288 243 οὐ·

218 261 319 297 δενὸς
349 261 513 297 ἐλάττους
544 259 831 305 καταβέβληνται
863 259 945 303 περὶ
972 267 1099 309 τουτου
1132 254 1288 309 νομοθε-

219 312 304 342 σίαι.
358 307 425 342 Τὸν
449 306 488 341 δὲ
514 306 604 342 θεὸν
627 306 830 340 ἐννοοῦντες
852 300 917 342 ἀεί,
938 303 996 335 καὶ
1020 310 1120 334 οπως
1142 313 1188 334 αν
1210 312 1288 352 αρε-

218 357 301 387 oroi
317 366 356 387 τε
381 349 478 395 αὐτῷ
495 351 717 398 φαινοίμεθα
734 351 795 382 καί
813 360 849 381 τι
866 347 943 380 τῶν
963 347 1010 379 εἰς
1026 342 1114 389 ἡμᾶς
1129 341 1288 398 ἀγαθῶν

218 398 319 438 ἄξιον
342 397 494 443 πράττοι
563 423 572 437 ,
607 391 820 441 πειρώμεθά
841 405 878 425 τι
907 390 1209 437 προςεξευρίσκειν
1230 391 1288 423 αεὶ

218 444 262 485 τῆ
292 441 396 488 φύσει
419 456 459 476 τε
482 440 683 475 ακόλουθον
714 441 772 472 καὶ
804 435 848 471 τὰ
872 434 1039 481 πρόσθεν
1062 432 1286 481 ἐπανορθού-

218 480 336 531 μενον.
384 485 557 520 Πολλάκις
587 489 710 519 τοίνυν
740 485 799 517 καὶ
833 479 959 515 ἄλλοτε
994 476 1286 523 τεθαυμάκαμεν,

218 530 312 566 ἀνθ’
339 528 423 566 ὅτου
454 535 525 566 τοῖς
551 534 707 577 γνησίοις
737 530 796 561 καὶ
823 524 1023 572 εὐγνώμοσι
1053 527 1205 577 τέκνοις,
1236 522 1287 557 οἷς

218 580 335 619 ἔχουσι
358 579 461 624 χάριν
489 575 525 610 οἱ
544 578 673 622 γονεῖς,
705 571 746 607 τὸ
770 568 1145 625 καταλιμπανόμενον,
1176 566 1195 603 ὃ
1219 566 1286 611 ἤδη

1292 95 1368 143 128

1862 109 1922 141 DE
1948 106 2140 141 'mmm
2167 107 2226 142 m·
2253 108 2435 144 smnssn

1356 210 1427 244 iam
1450 219 1523 244 non
1547 207 1666 253 aliquo
1690 207 1849 253 priorum
1875 207 2079 254 principum
2101 208 2218 245 minus
2239 208 2432 255 legissatio·

1355 264 1420 289 nes
1443 253 1607 298 prolatae
1630 257 1726 289 sunt.
1759 251 1876 288 Deum
1895 263 1978 289 vero
2003 253 2270 290 considerantes
2293 263 2434 301 semper

1357 302 1393 334 et
1416 301 1590 342 quatenus
1622 298 1656 333 ei
1682 297 1805 343 placiti
1834 297 2019 334 videamur
2041 301 2078 334 et
2102 297 2237 352 aliquid
2258 299 2435 335 bonorum

1357 343 1500 387 dignum
1522 343 1560 378 in
1588 342 1693 378 nobis
1715 351 1873 387 agamuS,
1899 342 2045 378 nitimur
2067 343 2203 388 aliquid
2228 343 2435 380 adinvenire

1324 391 1343 423 5
1357 398 1495 441 semper
1517 390 1555 423 et
1577 390 1728 423 naturae
1753 397 1975 432 consequens
1997 391 2035 424 et
2058 387 2155 442 quod
2177 388 2291 434 possit
2312 389 2435 434 priora

1358 442 1544 477 corrigere.
1591 431 1814 477 Frequenter
1841 432 1949 477 igitur
1971 437 2008 468 et
2030 433 2102 468 aha
2131 433 2209 469 vice
2230 433 2350 469 mirati
2370 444 2432 470 su·

1355 488 1449 521 mus,
1486 477 1662 523 quomodo
1697 477 1861 520 legitimis
1893 481 1929 513 et
1960 477 2131 514 benivolis
2163 478 2267 523 filiis,
2302 478 2432 524 quibus

1355 526 1465 567 agunt
1494 522 1628 567 gratias
1660 526 1827 566 parentes
1860 523 2059 568 quibusque
2096 523 2192 568 quod
2222 523 2312 560 telin
2336 524 2434 559 uitur

1355 568 1425 603 iam
1458 568 1564 603 etiam
1588 567 1745 603 debitum
1768 571 1915 610 vocant,
1947 568 2062 604 solum
2091 568 2285 604 triuncium
2331 567 2432 604 efini·

218 625 277 655 καὶ
303 625 402 666 χρέος
424 620 580 661 καλοῦσι,
602 619 715 664 μόνον
728 629 936 670 κτριουγιὶιιον
960 614 1160 668 ωρισαν-ἐξ
1183 611 1342 667 away-10
1356 616 1461 647 erunt
1485 623 1528 647 ex
1552 612 1767 648 necessitate
1790 612 2005 658 derelinqui,
2034 613 2209 659 reliquum
2233 623 2316 650 vero
2338 613 2434 649 iacet

219 678 279 709 κης
309 665 665 710 καταλιμπάνεσθαι,
699 676 742 696 το
777 660 903 695 λοιπον
935 658 976 694 δὲ
1006 661 1046 694 ἐν
1077 673 1122 708 τῃ
1158 671 1286 706 γνωμῃ

218 713 296 746 τῶν
318 714 454 758 γονέων
480 708 678 749 ἀπόκειται,
702 709 760 741 καὶ
784 705 960 752 λήψονται
982 707 1055 760 μὲν,
1078 707 1138 738 καὶ
1166 716 1286 751 συγγε-

219 760 290 790 νεῖς
320 753 474 791 ἅπαντες
504 757 563 788 καὶ
590 754 629 787 οῗ
652 766 691 799 γε
719 751 864 792 ἔξωθεν
887 753 947 784 καὶ
971 764 1039 795 μετ
1082 748 1287 794 ἐλευθερίας

1354 658 1391 693 iu
1422 658 1605 693 voluntate
1635 661 1842 702 parentum,
1874 659 1912 693 et
1944 658 2090 704 capiunt
2120 658 2260 704 quidem
2293 658 2434 704 cognati

1356 704 1475 738 omnia
1499 704 1535 738 et
1558 702 1718 738 extranei
1746 702 1802 739 vel
1826 713 1907 738 cum
1930 703 2096 739 libertate
2118 704 2221 747 servi,
2251 703 2316 739 filii
2337 713 2433 746 vero,

1355 748 1439 783 licet
1460 748 1561 783 multi
1594 747 1808 790 consistant,
1839 747 1978 784 etiamsi
2007 748 2095 784 nihil
2127 748 2338 784 offenderint
2367 758 2432 794 pa-

218 802 361 841 οῖκέται,
393 800 428 834 οἱ
450 797 573 834 παῖδες
597 796 644 839 δέ,
676 799 707 831 εἰ
730 799 788 830 καὶ
812 795 939 830 πολλοὶ
961 792 1232 838 καθεστήκοιεν,
1257 793 1288 827 εἰ
1355 796 1493 837 rentes,
1532 792 1800 828 confunduntur
1831 796 1867 827 et
1896 793 2091 829 triuncium
2121 793 2277 830 divident
2305 793 2433 835 solum,

218 849 275 880 καὶ
298 844 410 890 μηδὲν
424 841 670 891 προςκροῦοιεν
684 845 756 876 τοῖς
773 843 927 887 γονεῦσι,
951 838 1209 875 καταιὸοὗνται
1228 841 1288 872 καὶ
1304 841 1342 873 15
1356 839 1411 873 vel
1442 838 1472 873 si
1495 838 1616 873 decem
1639 838 1733 874 forte
1756 841 1819 873 aut
1842 838 1993 882 amplius
2016 838 2169 882 fuerint,
2194 842 2233 876 et
2257 847 2434 885 pauperes

218 890 258 924 τὸ
283 890 480 936 τριούγκιον
502 887 749 933 διαιρήσονται
771 885 895 930 μόνον,
925 883 993 920 κᾶν
1017 886 1049 919 εἰ
1072 883 1158 919 δέκα
1181 882 1289 926 τυχὸν
1357 885 1463 919 erunt
1486 883 1549 919 filii
1573 883 1684 919 donec
1706 883 1859 920 vixerint
1881 889 2003 929 patres
2024 883 2156 920 idonei.

218 933 284 968 κᾶν
307 936 339 968 εἰ
361 934 499 968 πλείους
521 934 602 974 εἶεν,
634 935 693 966 καὶ
717 934 866 975 πένητες
893 933 1040 965 ἔσονται
1065 928 1188 966 παῖδες
1220 941 1289 967 πα-

218 979 298 1026 τρὸς
323 982 388 1014 ἕως
410 981 472 1022 ἔζη
496 977 743 1013 πλουτοῦντος.

1218 1041 1372 1078 CAPUT
1395 1041 1424 1076 Ι.

267 1116 382 1148 Tus-m
406 1112 494 1158 ἡμᾶς
517 1115 677 1157 ἐκίνησεν
701 1112 965 1160 ἐπανορθῶσαι
989 1110 1054 1146 τὸν
1078 1109 1202 1155 νόμον,
1225 1113 1285 1144 καὶ
1397 1108 1498 1144 Haec
1523 1119 1589 1145 nos
1611 1111 1797 1145 moverunt
1828 1107 2005 1153 corrigere
2030 1107 2162 1152 legem,
2194 1110 2230 1143 et
2259 1118 2333 1144 non
2356 1117 2433 1144 enin

215 1159 262 1203 μὴ
290 1157 462 1203 περιιδεῖν
485 1157 595 1193 αὐτὸν
617 1161 718 1203 μέχρι
752 1156 887 1192 παντὸς
918 1157 1166 1202 ἐρυθριῶντα,
1197 1152 1284 1189 ἀλλὰ
1299 1157 1340 1189 20
1354 1154 1538 1199 despicere
1560 1164 1700 1199 semper
1723 1154 2005 1195 erubescentem,
2027 1153 2165 1198 talique
2186 1152 2293 1190 modo
2317 1153 2432 1190 deter-

215 1201 365 1247 τοιουτῳ
386 1202 540 1251 διορίσαι
559 1203 602 1238 τὸ
620 1205 767 1250 πρᾶγμα
786 1201 929 1259 τρόπῳ·
957 1198 1054 1243 ὥςτε,
1078 1201 1109 1234 εἰ
1125 1203 1192 1245 μὲν
1208 1198 1284 1235 ἑνός
1353 1200 1488 1236 minare
1511 1210 1676 1243 causam,
1705 1201 1764 1243 ut,
1796 1199 1826 1234 Si
1849 1198 1992 1244 quidem
2019 1198 2126 1234 unius
2150 1202 2207 1234 est
2235 1197 2303 1234 filii.
2331 1202 2436 1244 pater

215 1252 290 1283 ἐστι
314 1247 441 1283 παιδὸς
476 1248 594 1295 πατὴρ
624 1245 646 1292 ἢ
669 1247 785 1294 μήτηρ
813 1262 834 1291 η
859 1245 958 1281 δυοῖν
982 1245 1004 1290 ἢ
1027 1247 1141 1293 τριῶν
1164 1245 1186 1289 ἢ
1208 1259 1285 1280 τεσ-
1353 1247 1417 1280 aut
1438 1248 1552 1280 mater
1581 1249 1644 1280 aut
1666 1244 1818 1280 duorum
1840 1243 1896 1279 vel
1925 1243 2035 1279 trium
2057 1244 2113 1279 vel
2136 1246 2325 1289 quattuor,
2360 1253 2435 1280 non

216 1294 346 1336 σάρων,
383 1293 432 1338 μὴ
461 1293 663 1341 τριοίιγκιον
696 1291 813 1327 αὐτοῖς
844 1290 1128 1336 καταλιμπάνειν
1161 1290 1284 1336 μόνον,
1353 1291 1547 1326 triuncium
1574 1290 1626 1326 eis
1650 1290 1802 1335 relinqui
1833 1289 1964 1333 solum,
1997 1288 2061 1324 sed
2092 1289 2237 1325 tertiam
2266 1288 2436 1336 propriae

215 1337 301 1373 ἀλλὰ
335 1337 402 1383 τὴν
435 1344 562 1386 τρίτην
597 1340 657 1381 τῆς
687 1338 813 1372 ἑαυτοῦ
846 1340 1067 1383 περιουσίας,
1099 1339 1286 1370 τουτέστιν
1353 1336 1594 1379 substantiae,
1626 1335 1695 1371 hoc
1725 1339 1779 1370 est
1802 1334 1928 1370 uncias
1952 1336 2141 1380 quattuor,
2174 1338 2212 1370 et
2238 1333 2333 1370 hanc
2355 1343 2434 1371 esse

216 1382 355 1431 οὖγκιάς
373 1387 558 1429 τέσσαρας,
583 1387 641 1417 καὶ
661 1385 767 1417 τοῦτο
791 1383 883 1416 εἶναι
904 1381 945 1416 τὸ
967 1380 1205 1435 διωρισμένον
1228 1384 1285 1425 με’·
1300 1383 1339 1415 25
1355 1380 1535 1416 definitam
1558 1390 1761 1417 mensuram
1782 1390 1895 1425 usque
1919 1378 1966 1415 ad
2017 1379 2215 1415 raedictum
2236 1389 2432 1416 nnmerum.

215 1443 303 1475 τρον
332 1427 412 1477 ἄχρι
443 1431 505 1463 τοῦ
537 1429 713 1475 ῥηθέντος
742 1425 910 1473 ἀριθμοῦ.
957 1428 989 1461 εἰ
1021 1425 1061 1461 δὲ
1087 1429 1177 1473 υπὲρ
1206 1425 1287 1460 τοὺς
1355 1426 1393 1461 Si
1415 1436 1499 1462 vero
1527 1426 1624 1462 ultra
1653 1429 1825 1470 quattuor
1858 1425 2027 1462 habuerit
2059 1423 2171 1469 filios,
2203 1423 2355 1460 mediam
2382 1422 2434 1460 eis

215 1477 390 1521 τέσσαρας
411 1476 483 1516 ἔχει
507 1472 652 1515 παῖδας,
683 1473 751 1517 τὴν
774 1470 939 1516 ἡμίσειαν
962 1473 1023 1515 τῆς
1051 1470 1165 1516 πάσης
1190 1485 1286 1527 περι·
1355 1471 1466 1507 totius
1494 1471 1719 1507 substantiae
1741 1470 1894 1516 relinqui
1915 1473 2066 1515 partem,
2090 1471 2133 1505 ut
2155 1469 2365 1515 sexuncium
2387 1469 2435 1507 sit

216 1523 335 1553 ουσίας
358 1516 477 1554 αὐτοῖς
500 1515 842 1561 καταλιμπάνεσθαι
864 1521 1005 1564 μοῖραν,
1032 1514 1120 1552 ὦςτε
1143 1518 1286 1564 ἑξαονγ-
1356 1517 1499 1552 omnino
1524 1516 1620 1562 quod
1652 1515 1819 1557 debetur,
1852 1515 2001 1559 singulis
2030 1524 2076 1550 ex
2103 1524 2218 1560 aequo
2241 1513 2435 1560 quadrian-

217 1578 294 1598 κιον
313 1564 404 1598 εἶναι
428 1561 572 1599 πάντως
594 1563 636 1598 τὸ
660 1561 902 1609 ὀφειλόμενον.
935 1561 1082 1597 ἑκάστου
1106 1560 1187 1597 κατ’
1208 1562 1287 1596 ἴσον
1356 1562 1449 1597 cium
1473 1562 1528 1597 vel
1552 1562 1759 1597 sexuncium
1785 1559 2020 1602 dividendum,
2045 1563 2082 1596 et
2103 1559 2173 1596 hoc
2192 1569 2266 1596 non
2289 1559 2356 1596 snb
2378 1559 2434 1595 in-

217 1610 258 1643 τὸ
281 1607 533 1663 τετραούγῖκιον
556 1608 663 1650 τυχὸν
686 1605 708 1651 ἢ
731 1608 773 1642 τὸ
799 1608 1006 1663 ἑξαούγκιον
1031 1606 1286 1663 διαιρουμένου,
1300 1610 1342 1642 30
1355 1607 1451 1642 iusta
1483 1607 1752 1642 circumstantia
1785 1615 1903 1642 rerum
1935 1605 2074 1646 (forsan
2107 1605 2201 1641 enim
2234 1604 2343 1641 etiam
2377 1604 2435 1640 hic

217 1658 275 1688 καὶ
295 1656 400 1688 τοῦτο
423 1668 484 1688 ουκ
509 1656 548 1688 ἐν
570 1652 682 1696 ἀδίκῳ
707 1665 912 1700 περιστασει
936 1665 1160 1701 πραγματων
1185 1651 1287 1695 (εἰκὸς
1353 1652 1416 1687 alii
1443 1652 1654 1687 iniustitiam
1677 1651 1875 1697 patiuntur,
1909 1650 1988 1686 aliis
2012 1649 2154 1695 quidem
2183 1649 2332 1686 meliora
2353 1648 2434 1686 alii!

1090 1699 1105 1706 ”
1354 1707 1438 1733 vero
1469 1697 1655 1733 deteriora
1677 1695 1988 1742 percipientibus),
2025 1694 2090 1731 sed
2122 1695 2216 1740 quod
2247 1693 2435 1739 contigerit

1355 1752 1642 1788 unumquemque
1672 1752 1735 1788 per
1765 1741 1883 1777 omnia
1914 1750 1957 1776 ae
1981 1751 2068 1776 uum
2093 1749 2173 1776 esse
2202 1739 2241 1775 In
2263 1739 2434 1794 qualitate

1354 1791 1391 1823 et
1418 1787 1456 1823 in
1485 1788 1700 1833 quantitate,
1738 1787 1812 1823 sive
1841 1785 1921 1831 quis
1951 1785 1960 1794 '
1990 1785 2038 1821 ud
2064 1785 2297 1821 institutionis
2329 1784 2434 1827 modo

216 1699 261 1746 γὰ
306 1697 497 1733 κάνταῦθα
522 1698 604 1733 τοὺς
629 1697 752 1744 ἄλλους
782 1696 865 1732 ἆὸικ
890 1698 1022 1742 θῆναι,
1052 1711 1131 1732 τιον
1152 1700 1220 1742 μὲν
1242 1696 1288 1731 τὰ

240 1713 402 1786 ainana,
433 1746 510 1778 τῶν
541 1742 581 1777 δὲ
609 1744 654 1778 τὰ
687 1748 829 1788 χείρονα
865 1712 1159 1788 ἵαμβανόντωνν
1196 1741 1286 1777 ἀλλὰ

217 1791 324 1823 τοῦτο
348 1787 391 1832 δὴ
416 1789 456 1823 τὸ
480 1787 673 1833 ἐπιβάλλον
702 1787 840 1832 ἑκάστῳ
870 1786 930 1822 διὰ
961 1787 1113 1823 πάντων
1136 1789 1215 1823 ἴσον
1241 1787 1285 1821 εἵ-

219 1848 278 1867 ναι
305 1835 345 1867 ἐν
362 1833 536 1877 ’ποιότητί
555 1848 595 1868 τε
618 1837 677 1867 καὶ
702 1831 893 1877 ποσότητι,
918 1834 988 1867 εἴτε
1011 1845 1065 1868 τις
1084 1831 1170 1867 αὐτὸ
1195 1831 1288 1867 κατὰ
1301 1836 1341 1867 35
1355 1832 1428 1886 sive
1451 1843 1516 1878 per
1543 1833 1649 1886 legati
1672 1832 1786 1877 (idem'
1801 1833 1857 1867 est
1879 1831 1998 1866 dicere
2021 1834 2057 1866 et
2078 1829 2353 1872 fideicommissi)
2377 1839 2433 1864 re-

216 1878 354 1925 τρὸπον
385 1880 582 1913 ἐνστάσεως
612 1880 682 1913 εἴτε
713 1877 804 1913 κατὰ
835 1882 1044 1926 πρεσβείου,
1079 1875 1215 1913 ταῦτὸν
1247 1876 1287 1912 δὲ

216 1926 316 1958 ἔστιν
339 1924 452 1958 εἰπεῖν
482 1928 540 1958 καὶ
568 1922 876 1977 φιδεϊκομμίσσου,
909 1922 1171 1968 καταλιμπάνει
1201 1923 1288 1971 πρό.

218 1981 340 2014 φασιν.
373 1968 522 2015 πάρεστι
538 1983 605 2016 γαρ
630 1967 727 2012 αὐτῷ
752 1968 794 2003 τὸ
819 1967 957 2011 λοιπόν,
982 1966 1215 2016 ὀκταούγκιον
1232 1982 1288 2002 τυ-

1355 1878 1495 1923 linquat
1518 1887 1752 1915 occasionem.
1799 1875 1941 1912 Licebit
1964 1875 2057 1911 enim
2080 1875 2113 1911 ei
2135 1875 2310 1922 reliquum
2333 1878 2433 1911 octo·

262 2073 334 2105 cap.
355 2061 385 2101 I,
409 2062 447 2094 21
475 2060 711 2104 (θεσπίζομεν
734 2060 765 2093 εἰ
784 2061 851 2103 μὲν
873 2058 968 2094 ἑνὸς.
984 2086 991 2093 .
1081 2063 1092 2102 )
1114 2080 1157 2085 -
1175 2060 1235 2094 IV
1256 2066 1366 2094 extant
1385 2059 1422 2092 B
1443 2060 1498 2100 41,
1512 2065 1540 2100 4,
1553 2065 1570 2092 2
1594 2058 1638 2101 (I,
1650 2059 1691 2093 21
1717 2056 1943 2101 θεσπίζομεν
1961 2055 1993 2090 εἰ
2009 2056 2288 2102 μὲν...χωρεῖν
2309 2057 2433 2099 129,4;

219 2106 286 2139 ΙΙΙ.
318 2106 380 2139 IV
395 2105 459 2138 τοῦ
478 2107 630 2149 νομίμου
654 2103 694 2138 δὲ
716 2104 844 2139 τούτου
864 2107 986 2151 μέρους
1014 2107 1091 2148 129,
1110 2108 1151 2140 35
1178 2132 1185 2140 .
1200 2131 1207 2138 .
1224 2131 1231 2138 .
1248 2131 1255 2138 .
1279 2106 1441 2151 γνησίων
1466 2106 1548 2144 130,
1567 2105 1607 2137 31
1642 2103 1693 2136 Β·
1711 2115 1747 2147 p.
1766 2105 1828 2136 661
1856 2103 1986 2143 ΖαοΙι.).
2010 2121 2055 2127 -
2078 2114 2151 2146 cap.
2174 2102 2201 2135 I
2218 2107 2434 2147 arqumentum

219 2153 410 2184 adumbrant
433 2150 610 2184 Proclu'ron
635 2152 687 2192 32,
708 2158 737 2189 1;
763 2151 967 2195 Epanaqoye
991 2153 1044 2192 34,
1069 2159 1093 2184 1.

217 2274 290 2298 non
315 2263 431 2298 minus
453 2274 561 2309 quam
584 2262 628 2298 ab
651 2262 726 2298 ullo
751 2275 874 2299 eorum
899 2263 962 2310 qui
985 2274 1053 2298 nos
1075 2266 1345 2299 antecesserunt
1366 2262 1629 2309 imperatorum
1650 2260 1695 2297 de
1712 2272 1755 2297 ea
1775 2271 1817 2296 re
1832 2259 2052 2307 propositae
2074 2262 2161 2295 sunt
2182 2257 2433 2338 legislationes.

2235 2313 2249 2338 ι

218 2308 310 2343 Dum
334 2314 452 2359 autem
475 2308 578 2343 deum
600 2319 740 2355 semper
769 2310 949 2344 intuemur
979 2314 1087 2360 atque
1116 2307 1295 2355 quomodo
1326 2311 1363 2343 et
1388 2307 1539 2354 probati
1569 2307 1603 2342 ei
1628 2306 1814 2343 videamur
1839 2309 1876 2341 et
1903 2315 2056 2351 aqamus
2084 2302 2189 2355 quod·
2360 2347 2369 2356 .

217 2353 395 2404 beneficus
417 2365 455 2388 tn
478 2364 545 2388 nos
568 2353 730 2396 collatis,
744 2365 894 2406 ‘sernper
917 2353 1239 2406 aliquid-reperire
1261 2354 1412 2432 insubrer
1437 2351 1649 2395 annitimur,
1680 2350 1780 2403 quod
1802 2354 1837 2386 et
1859 2354 2015 2386 naturae
2038 2351 2229 2385 conveniat
2250 2351 2286 2384 et
2300 2358 2435 2395 priora

218 2404 386 2443 comrqat.
433 2399 550 2444 Atque
572 2410 679 2444 saepe
702 2403 809 2434 ettam
833 2399 927 2434 altas
949 2403 1069 2434 mirati
1100 2409 1239 2441 sumus,
1270 2409 1332 2444 qui

218 2443 347 2477 nabent
365 2449 548 2489 parentes,
569 2443 608 2477 id
627 2443 727 2495 quod
748 2444 1021 2490 relinquendum
1043 2448 1097 2479 est
1124 2443 1237 2489 (quod
1260 2442 1403 2495 quidem
1428 2443 1536 2478 etiam

2248 2313 2361 2349 qnam
2387 2303 2438 2340 sit

1382 2397 1430 2433 sit
1452 2408 1519 2433 cur
1542 2397 1612 2477 lis

1617 2397 1713 2450 times
1735 2400 1772 2432 et
1801 2395 1919 2442 qratis
1946 2393 2088 2436 liberis,
2117 2392 2249 2440 quibus
2277 2393 2436 2446 qratiam

1585 2441 1715 2477 ebitum
1739 2442 1886 2483 vocant)
1909 2438 2149 2486 quadrantem
2171 2437 2289 2474 solum
2311 2437 2436 2484 defim-

218 2488 332 2522 verint
362 2489 424 2533 qui
454 2498 656 2523 necessario
685 2489 931 2535 relinquatur,
971 2489 1147 2535 reliquum
1177 2499 1261 2524 vero
1292 2499 1331 2523 tn
1363 2487 1516 2523 arbitrio
1530 2492 1739 2567 bparentum
1769 2485 1928 2533 positum
1958 2484 2009 2520 sit
2042 2484 2152 2536 idque
2186 2482 2372 2535 accipiant
2401 2486 2438 2518 et

1551 2543 1571 2567 e

218 2533 363 2622 echomai
387 2532 528 2583 quidem
553 2543 673 2568 omnes
692 2538 726 2568 et
745 2535 913 2569 eoetranei
937 2539 972 2569 et
990 2535 1087 2569 servi
1109 2534 1272 2569 libertate
1294 2532 1479 2575 honorati,
1502 2532 1528 2567 li

1571 2532 1606 2567 ri
1626 2542 1723 2574 vero,
1748 2530 1912 2578 quamvis
1933 2528 2038 2565 multi
2054 2532 2140 2571 smt,
2164 2538 2328 2574 quamvis
2346 2526 2438 2563 nim

219 2588 249 2627 ο.
271 2576 436 2612 'cuderunt
457 2582 644 2622 parentes,
674 2579 919 2629 reprimantur
942 2583 977 2615 et
1000 2578 1238 2625 quadrantem
1260 2578 1378 2614 solum
1400 2578 1497 2613 inter
1518 2588 1558 2613 se
1580 2576 1763 2619 dividant,
1795 2575 1879 2612 lieet
1908 2573 2027 2610 decem
2046 2574 2213 2619 fortasse
2234 2572 2292 2609 vel
2304 2571 2437 2620 plures

218 2625 299 2662 sunt,
324 2632 368 2655 ac
386 2633 568 2701 ραῆυενες
588 2623 709 2667 futuri
733 2624 806 2658 sint
829 2623 931 2659 liberi
953 2625 1084 2670 patris,
1108 2623 1192 2658 dum
1215 2623 1364 2665 vivebat,
1390 2622 1521 2659 divitis.

353 2666 381 2701 1.
467 2677 530 2701 aee
553 2677 619 2701 nos
643 2672 845 2711 moverunt,
876 2673 917 2703 ut
937 2668 1049 2715 leqem
1074 2669 1336 2714 corriperemus
1359 2679 1475 2714 neque
1496 2667 1535 2703 in
1557 2671 1774 2714 perpetuum
1797 2677 1876 2702 eam
1898 2665 2096 2701 sineremus
2117 2662 2345 2706 erubescere,
2371 2661 2438 2698 sed

221 2710 284 2745 tali
308 2710 412 2745 moclo
440 2722 513 2746 rem
538 2711 873 2748 determinaremus:
906 2718 947 2748 ut
977 2715 1009 2748 si
1032 2714 1112 2759 quis
1135 2714 1242 2748 maius
1264 2714 1311 2748 sit
1334 2713 1389 2749 vel
1418 2712 1573 2749 duorum
1596 2712 1653 2749 vel
1676 2711 1783 2748 trium
1812 2710 1868 2747 vel
1897 2714 2074 2757 quattuor
2103 2707 2299 2744 liberorum
2326 2711 2435 2754 pater

219 2760 283 2790 aut
310 2760 435 2796 mater,
467 2767 540 2790 non
568 2756 804 2800 quadrantem
834 2757 949 2793 solum
980 2759 1027 2792 iis
1058 2758 1258 2803 relinquat,
1288 2758 1353 2793 sed
1376 2759 1518 2794 tertiam
1548 2756 1726 2793 bonorum
1750 2756 1866 2804 ipsius
1887 2759 2055 2803 partem,
2084 2752 2154 2789 hoc
2175 2757 2231 2789 est

1281 2814 1360 2838 uem
1383 2803 1544 2839 diximus
1567 2812 1762 2838 numerum.
1810 2800 1877 2836 Sin
1897 2811 1982 2836 vero
2005 2799 2096 2846 plus
2108 2801 2300 2879 ἰυατωον
2327 2795 2436 2833 habet

219 2801 361 2841 uncias,
385 2811 451 2880 “J

435 2856 446 2879 ι

219 2845 266 2880 [ὁ
455 2812 498 2836 uc
520 2811 686 2835 mensura
709 2801 857 2846 definita
878 2803 926 2837 sit
948 2813 1061 2848 usque
1083 2803 1132 2837 ad
1153 2814 1232 2838 eum

233 2857 243 2879 ι
267 2857 368 2886 eros,

450 2845 559 2879 madia
591 2857 684 2891 pars
721 2847 831 2882 totius
865 2847 1087 2883 substantiae
1124 2848 1170 2882 iis
1206 2851 1454 2893 reznquatur,
1491 2851 1534 2883 ut
1567 2847 1727 2883 semissis
1764 2846 1814 2882 sit
1850 2845 1995 2881 omnino
2034 2854 2106 2891 quo

2259 2755 2435 2799 quattuor

2169 2842 2327 2879 debetur.
2381 2842 2434 2879 Ac

218 2890 352 2935 sinquli
382 2901 431 2925 ex
466 2901 582 2935 aequo
620 2891 779 2925 trientem
808 2893 909 2937 sorte
942 2892 997 2928 vel
1030 2892 1208 2928 semissem
1241 2893 1474 2939 partiantur;
1510 2892 1550 2928 id
1575 2904 1619 2928 ue
1653 2903 1727 2927 non
1753 2902 1825 2939 per
1853 2891 2025 2926 iniustam
2061 2899 2182 2924 rerum
2211 2886 2434 2923 constitutio-

218 2947 295 2970 nem
331 2939 427 2977 (nam
463 2934 515 2970 ita
551 2946 695 2980 quoque
729 2936 863 2971 iniuria
896 2937 1056 2988 reliquos
1091 2938 1196 2982 affici
1224 2949 1300 2984 par
1339 2942 1410 2980 est,
1445 2938 1478 2973 si
1517 2949 1540 2972 a
1557 2938 1584 2972 ii
1621 2937 1774 2973 meliora
1805 2935 1871 2971 alii
1905 2934 2088 2971 deteriora
2123 2933 2338 2985 accipiant&
2371 2930 2437 2968 sed

262 3143 279 3174 7
306 3138 455 3173 ἇλλοστε
469 3139 529 3172 ΙΙΙιι
547 3138 559 3181 11
582 3140 618 3171 12
643 3141 778 3184 γονίων
792 3138 821 3171 L
838 3139 851 3181 11
873 3142 909 3171 13
934 3134 1079 3173 ἅπαντα
1099 3141 1290 3174 ῙῙιιΙοαηᾱεν

217 3200 284 3220 rum
306 3198 325 3221 ς
343 3185 355 3229 11
382 3188 420 3218 15
446 3186 505 3216 καὶ
524 3180 649 3226 μηδὲνΙ
676 3185 733 3214 καὶ
759 3196 815 3216 om.
843 3184 887 3216 L*
905 3183 917 3227 11
936 3182 1192 3218 καταιδοῦνται
1218 3187 1289 3218 Ha—

218 3233 352 3265 leander
375 3243 442 3263 cum
468 3231 498 3269 ς]
531 3225 775 3260 καθεδοῦνται
800 3229 831 3261 L
867 3226 1131 3262 καθευδοῦνται
1158 3230 1216 3270 M‚·
1248 3243 1289 3262 an

219 3278 279 3321 leq.
304 3272 610 3325 uastclofivtaa?jl
647 3274 686 3305 w
711 3274 791 3317 περὶ
815 3273 878 3304 τοῦ
904 3271 1089 3316 φαλκιδίου
1113 3276 1199 3307 rubr.
1220 3275 1290 3307 ML

218 3325 249 3355 in
263 3335 323 3365 my.
340 3320 353 3364 11
373 3322 414 3354 20
435 3318 673 3365 έρυθρυωντα
687 3318 733 3350 M
744 3316 757 3361 11
773 3319 813 3350 24
836 3320 1049 3361 περιουσίας]
1068 3315 1195 3363 μερίδα
1213 3320 1289 3351 add.

219 3367 266 3399 B'
284 3367 351 3407 1127
378 3366 448 3406 ἔχει
469 3362 570 3403 ΜΒἺ
595 3363 669 3403 ἔχοι
694 3363 746 3398 Le
771 3363 887 3402 ἔχουσι
915 3362 1035 3405 131129
1061 3362 1209 3395 ἑκάστου
1236 3364 1290 3404 Μ]

217 3408 355 3453 ἑκάστῳ
381 3410 472 3445 ΕΒς
488 3409 500 3453 11
526 3410 567 3442 30
592 3405 634 3440 τὸ
659 3420 717 3441 om.
743 3407 789 3439 L¹
813 3406 825 3450 11
853 3404 959 3447 τυχὸν
984 3420 1041 3439 om.
1069 3419 1087 3442 ς
1106 3407 1118 3450 11
1139 3404 1290 3452 διαιρου-

216 3458 323 3499 μένου
346 3456 403 3496 M]
426 3451 677 3498 διαιρούμενον
695 3451 764 3485 LB
824 3453 861 3485 31
886 3449 979 3484 οικὸς
1004 3452 1050 3483 L¹
1082 3452 1095 3494 11
1122 3454 1162 3484 32
1177 3466 1223 3495 sq.
1247 3450 1292 3485 τὰ

217 3499 328 3541 -τὰ]
349 3495 599 3532 κατά-κατά
620 3498 667 3530 B⁸
683 3496 695 3541 11
714 3494 756 3531 34
806 3494 837 3538 ὴ]
863 3493 919 3529 δεῖ
941 3495 988 3529 L²
1005 3496 1017 3539 11
1035 3498 1076 3529 35
1102 3493 1202 3529 αὐτῶ
1228 3498 1257 3529 L
1279 3495 1292 3541 Ι

219 3548 260 3579 36
274 3559 320 3588 sq.
343 3541 477 3578 ταύτὸν
496 3563 538 3567 -
585 3539 759 3585 ιὸεικομμ.
780 3554 838 3575 om.
868 3541 922 3583 ΒΙ
958 3542 998 3575 37
1025 3538 1291 3585 φιδεικομίσσυυ

220 3591 264 3623 Μ
282 3587 527 3633 φιδεικομίσου
551 3555 678 3652 Ξ1138
701 3582 799 3630 αὐτῷ
825 3599 883 3620 om.
952 3585 965 3630 11
987 3583 1029 3618 τὸ
1054 3599 1110 3618 om.
1135 3586 1186 3618 B!
1199 3586 1211 3630 11
1235 3598 1290 3618 τυ-

221 3632 294 3676 χὸν]
320 3632 446 3668 λοιπὸν
470 3634 545 3672 (del.
570 3634 631 3675 L)
656 3633 687 3665 L

217 2980 257 3016 id
277 2979 546 3060 (quod-cuique
580 2980 748 3031 competit
778 2992 846 3026 per
881 2993 1000 3033 omma
1035 2982 1185 3033 aequale
1219 2983 1267 3017 sit
1297 2986 1333 3017 et
1361 2983 1400 3017 in
1430 2982 1675 3036 qualitate-et
1704 2982 1743 3017 in
1771 2981 1995 3034 quantitate,
2024 2979 2099 3015 sive
2133 2988 2216 3024 qun·
2247 2975 2342 3029 illuri
2362 2986 2436 3028 per:

254 3037 275 3061 o
303 3037 358 3060 um
390 3029 642 3065 institutzoms,
680 3035 753 3060 szve
782 3026 890 3071 leqatz
923 3038 986 3061 seu
1019 3026 1119 3072 quod
1154 3026 1245 3062 idem
1283 3027 1377 3062 valet
1405 3027 1669 3073 fideicommissi
1706 3037 1852 3063 nomme
1890 3025 2087 3071 relinquat.

2148 3021 2252 3059 Licet
2279 3031 2375 3059 emm
2402 3031 2434 3057 et

1407 3144 1420 3175 1
1447 3141 1668 3183 legislationis
1686 3139 1874 3185 prolatione
1889 3138 2013 3183 prolati
2029 3139 2108 3176 sunt
2122 3134 2253 3179 RVT'
2267 3136 2288 3169 2
2310 3143 2438 3177 semper

1358 3186 1605 3219 considerantes
1627 3187 1662 3220 R
1690 3187 1703 3231 u
1730 3189 1751 3222 5
1774 3189 1915 3219 natutae
1939 3183 2068 3226 aliquid
2090 3190 2292 3223 consequens
2311 3178 2347 3214 V
2404 3184 2438 3212 et

1358 3232 1414 3264 vul
1437 3232 1458 3271 .]
1496 3242 1533 3264 eo
1568 3232 1674 3265 RVT

1363 3245 1557 3318 lsypaupes
1584 3277 1613 3308 R
1642 3276 1655 3320 11
1685 3230 1727 3311 iii
1763 3275 1879 3317 donee]
1915 3274 1972 3308 sed
1991 3273 2095 3307 donec
2115 3269 2183 3315 V}
2210 3269 2314 3313 patris
2333 3267 2438 3302 donec

1360 3320 1481 3352 vixerit
1504 3320 1615 3352 idonei
1639 3321 1725 3366 vulq.
1746 3321 1760 3365 11
1786 3322 1827 3355 19
1850 3322 1939 3354 rubr.
1963 3319 2014 3352 De
2035 3316 2186 3360 legitima
2207 3314 2340 3358 portinss
2362 3312 2436 3356 (δίο)

1360 3364 1474 3396 liberis
1491 3374 1510 3396 a
1527 3365 1721 3406 parentibus
1739 3364 1959 3408 relinquenda
1972 3364 2006 3398 R
2017 3375 2079 3407 my.
2094 3362 2108 3405 11
2126 3362 2168 3396 22
2191 3359 2243 3393 vel
2264 3358 2435 3402 quattuor]

1361 3411 1393 3440 et
1414 3410 1572 3450 quattuor
1588 3409 1643 3454 Vn
1663 3413 1704 3445 23
1722 3410 1861 3453 reliquis
1877 3410 1926 3444 V¹
1943 3408 1956 3454 11
1974 3409 2018 3442 24
2039 3408 2115 3448 hoc]
2136 3406 2218 3438 haee
2237 3405 2293 3448 Vfl
2311 3405 2355 3438 26
2377 3403 2438 3436 hs·

1359 3453 1495 3485 buerint
1514 3453 1549 3486 V
1571 3453 1583 3498 n
1611 3456 1652 3488 27
1677 3455 1881 3488 substantiae
1908 3454 2012 3487 totius
2031 3452 2067 3487 V
2081 3450 2096 3496 1
2122 3451 2165 3485 29
2188 3449 2249 3484 sub
2269 3449 2360 3482 insta
2379 3446 2436 3490 (aL

1359 3497 1419 3530 sub
1444 3498 1568 3530 iniusta
1592 3500 1642 3532 122
1665 3503 1742 3544 my.)
1764 3501 1843 3534 RV
1866 3499 1880 3544 11
1903 3501 1946 3534 3ο
1970 3498 2070 3531 etiam
2095 3509 2153 3530 ω..
2175 3494 2242 3539 71
2267 3494 2348 3527 hino
2369 3492 2404 3526 R
2424 3490 2438 3537 ΙΙ

1361 3544 1399 3575 31
1427 3542 1643 3583 patianturR
1658 3544 1671 3588 11
1690 3547 1732 3578 32
1758 3545 1858 3586 quod]
1884 3544 1943 3586 qui
1959 3542 2009 3578 V'
2032 3554 2091 3576 om.
2113 3539 2191 3586 1⁷¹1!
2209 3541 2252 3574 33
2276 3539 2312 3572 in
2336 3546 2435 3580 equa-

1359 3586 1454 3618 litate
1475 3587 1508 3619 V
1522 3587 1534 3629 11
1553 3589 1594 3621 34
1619 3590 1652 3620 et
1676 3602 1734 3622 om.
1757 3590 1795 3630 V,
1819 3590 1855 3621 in
1880 3602 1939 3622 om.
1963 3588 2048 3631 vulq.
2067 3586 2140 3630 135
2163 3583 2356 3626 relinquant
2375 3579 2437 3627 V!

1361 3632 1402 3664 36
1427 3630 1590 3708 ειιίωΊονη.
1612 3632 1670 3676 Vn
1685 3634 1906 3666 oct-niniam
1927 3633 1979 3667 V¹
2002 3630 2227 3670 octouintium
2245 3627 2299 3664 V²
2320 3628 2436 3662 octau-

1361 3686 1495 3707 uncium

1750 3233 1786 3266 11
1825 3229 1961 3273 quidem
1992 3228 2092 3272 vulq.]
2128 3225 2263 3268 quidam
2290 3224 2324 3258 R
2425 3223 2438 3268 11
2491 3228 2494 3233 “
