2476 3854
185 71 294 115 Nov.
313 70 430 116 CXV
458 74 497 115 4.
528 73 554 112 5

183 182 261 216 τῶν
283 179 495 227 ἐπιτρόπων
518 183 578 214 καὶ
601 180 678 214 τῶν
701 177 824 213 ἄλλων
847 176 1066 225 κεφαλαίων,
1090 175 1260 223 καθάπερ

183 225 356 272 ἀνωτέρω
380 226 534 271 εἴρηται,
558 225 625 266 τὴν
641 222 740 259 ἰδίαν
762 222 924 267 ἐχόντων
948 221 1060 266 ἰσχύν.
1108 223 1144 257 εἴ
1162 237 1198 257 τι
1221 220 1262 257 δὲ

189 270 203 280 ”
224 274 306 317 περὶ
325 269 479 317 ληγὰτου
503 268 524 313 ἢ
547 267 841 315 φιδεϊκομμίσσου
869 265 893 311 ἢ
916 266 1136 314 ἐλευθεριῶν
1159 265 1181 311 ἢ
1201 267 1262 302 α”λ-

237 330 259 351 ν
279 314 506 358 οἱωνδήποτε
528 312 735 360 κεφαλαίων
759 315 799 347 ἐν
819 311 939 348 ἄλλοις
957 311 1081 358 νόμοις
1095 308 1260 359 εὑρεθείη

180 362 296 408 ταύτῃ
320 362 364 407 τῇ
390 358 552 400 διατάξει
582 360 762 400 ἐναντίον,
794 359 902 402 τοῇτο
925 360 1070 403 κρατεῖν
1092 354 1178 392 κατ’
1204 355 1260 392 οὐ·

182 403 269 440 Sem
291 404 503 450 βουλόμεθα
525 401 676 448 τρόπον.
716 406 790 437 Καὶ
814 403 923 437 αὗται
944 404 1012 447 μὲν
1027 403 1091 445 τῆς
1113 402 1259 438 exhere-

181 450 341 487 dationoc
365 446 386 492 ἢ
411 449 679 495 praeteritionoe
702 447 743 482 αἱ
763 451 888 483 ποιναὶ
912 448 956 482 τό
979 461 1020 494 γε
1041 448 1089 482 εἰς
1111 448 1176 482 τὰς
1197 449 1261 491 τῆς

181 493 388 539 ἀχαριστίας
428 494 543 529 αἰτίας
580 493 674 528 κατὰ
712 493 791 528 τῶν
826 494 1023 548 εἰρημένων
1057 492 1261 539 προςιόπων

182 537 481 593 διετυπώθησαν·
518 538 554 573 εἴ
572 550 666 573 τινες
698 535 737 572 δὲ
761 538 799 579 ἐξ
823 539 948 572 αυτῶν
978 538 1027 572 εἰς
1057 536 1160 585 ἐγκλή
1215 551 1260 572 τα

1246 62 1332 112 546

1764 77 1827 112 m*
1854 77 1948 110 011ss
1975 78 2036 109 DE
2063 76 2406 116 mettamensi,

1327 187 1407 213 rum
1439 175 1643 214 dationibus
1677 185 1743 212 seu
1775 175 1855 212 aliis
1889 175 2072 221 capitulis,
2110 176 2206 213 sicut
2239 177 2404 231 superius

1330 221 1465 257 dietum
1489 225 1560 266 est,
1592 231 1693 259 suam
1724 221 1966 257 obtinentibus
1997 220 2212 258 firmitatem.
2258 221 2297 258 Si
2343 221 2405 259 uid

1331 271 1449 302 autem
1476 269 1542 302 aut
1571 277 1636 312 pro
1659 266 1783 311 legatis
1813 267 1887 302 sivo
1910 265 2190 302 fideicommissis
2212 271 2276 304 aut
2311 267 2321 276 ‘
2348 278 2404 304 er-

1330 312 1464 347 tatibus
1488 314 1551 346 aut
1575 311 1789 358 quibuslibet
1813 310 1892 347 aliis
1917 311 2082 364 capitulis
2104 311 2142 347 in
2163 311 2244 348 aliis
2267 311 2404 357 legibus

1298 357 1510 392 5inventum
1539 356 1647 391 fuerit
1676 356 1762 391 huic
1793 355 2039 392 constitutioni
2070 356 2303 400 eontrarium,
2335 357 2405 397 hoc

1329 401 1427 437 nullo
1459 401 1562 437 modo
1592 401 1754 437 volumus
1784 400 1957 436 obtinere.
2003 401 2055 436 Et
2083 401 2151 437 hae
2182 401 2323 445 quidem
2344 411 2404 439 ex-

1329 445 1568 482 heredationis
1599 450 1664 482 aut
1692 445 1956 491 praeteritionis
1991 456 2129 491 poenae
2159 450 2331 491 quantum
2358 446 2407 487 ad

1328 490 1589 535 ingratitudinis
1615 501 1742 528 causas
1767 495 1894 527 contra
1913 491 2116 536 praedictas
2138 501 2311 545 personas
2331 495 2405 528 sta-

1329 536 1484 572 tuendae
1507 540 1609 580 sunt3
1644 536 1675 573 si
1704 546 1795 582 quae
1826 539 1945 572 autem
1977 546 2021 572 ex
2051 536 2106 572 his
2135 540 2230 572 mter
2259 536 2407 574 crimina

180 588 443 637 ἀναφέρονται,
473 583 556 619 τοὺς
582 584 725 618 τούτων
750 582 954 636 πράκτορας
981 585 1041 617 καὶ
1064 582 1129 618 τοὶς
1152 576 1261 618 aliae
1277 586 1316 618 10
1330 584 1552 626 reputantur,
1584 592 1705 617 earum
1729 585 1896 619 auctores
1925 581 2031 617 etiam
2053 581 2144 619 alius
2164 591 2303 627 poem
2324 591 2406 619 sen-

179 642 373 675 υπομενειν
396 628 526 665 ποινὰς
548 629 612 664 τὰς
635 631 708 664 τοῖς
728 638 850 673 νομοις
873 626 1120 675 διωρισμένας.

1330 626 1424 663 tiant
1444 626 1581 671 legibus
1605 626 1780 664 definitas.

1179 716 1335 754 CAPUT
1359 715 1403 753 V.

255 776 374 808 Ταῦτα
402 772 443 808 δὲ
470 771 757 818 ὃιετυπώσαμιν,
789 774 850 808 ἵνα
876 776 937 808 καὶ
959 771 1042 808 τοὺς
1063 777 1179 820 γονεῖς
1201 776 1261 807 καὶ
1395 772 1496 807 Haec
1519 776 1639 808 autem
1662 772 1917 818 disposuimus,
1941 776 1982 808 ut
2004 776 2040 808 et
2063 774 2230 818 parentes
2252 775 2290 809 et
2311 771 2406 810 finos

179 819 262 855 τοὺς
276 817 408 855 παῖδας
422 816 499 855 ἀπὸ
516 820 578 862 τῆς
593 820 671 853 τῶν
686 817 880 862 διαθηκῶν
904 814 1040 864 ὕβρεως
1063 816 1260 864 ἐλευθερῶ·
1329 828 1351 853 a
1374 820 1668 853 testamentorum
1691 817 1822 853 iniuria
1845 817 1978 853 liberos
2000 817 2200 853 reddamus.
2241 817 2406 854 ceterum

179 877 312 909 σωμεν.
358 865 389 898 εἰ
413 862 455 898 δέ
474 875 569 899 τινες
600 863 663 907 xla]
709 863 815 908 νόμοι
843 861 1099 908 ὄνομασθεῖεν,
1128 861 1200 898 κᾶν
1230 864 1261 897 εἰ
1329 863 1361 898 si
1384 863 1444 907 qui
1466 862 1614 898 heredes
1638 862 1774 898 fuerint
1792 862 1983 905 nominati,
2004 863 2145 898 etiamsi
2167 863 2275 900 certis
2296 864 2406 900 rebus

180 911 297 958 ῥητοῖς
313 908 387 955 πρά
412 920 524 952 μασιν
543 905 653 956 ἀρκεσ
687 910 771 952 ἢνοι
790 909 1061 953 πρυςταχθεῖεν,
1087 911 1126 943 ἐν
1141 906 1259 952 τούτῳ
1276 912 1315 943 15
1328 908 1417 943 iussi
1439 907 1574 943 fuerint
1597 918 1675 944 esse
1697 907 1873 950 contenti,
1903 908 1940 942 in
1963 907 2033 943 hoc
2056 911 2306 944 testamentum
2327 909 2404 954 qui-

179 956 248 999 τὴν
277 956 345 999 μὲν
399 952 560 998 ιαθήκην
593 954 642 998 μὴ
674 951 950 999 ἀνατρέπεσθαι
981 953 1260 1000 προςτάττομεν,
1329 952 1408 988 dem
1439 952 1642 988 nullatenus
1675 953 1764 989 solvi
1793 952 2053 998 praecipimus,
2088 952 2257 998 quiequid
2287 959 2406 989 autem

180 996 271 1045 ὅπερ
294 997 330 1034 δ’
357 997 405 1033 ἄν
428 997 632 1035 ὑπέλαττον
656 996 776 1033 αὐτοῖς
797 1000 860 1042 τῆς
883 1000 921 1032 ἐκ
941 999 1019 1033 τῶν
1033 996 1161 1043 νόμων
1183 1003 1260 1043 μοί-
1330 998 1447 1033 minus
1482 997 1532 1033 eis
1566 998 1721 1042 legitima.
1754 997 1918 1043 portione
1950 997 2114 1033 relictum
2144 1001 2215 1041 est,
2250 998 2321 1034 hoc
2350 1009 2405 1034 se·

180 1056 243 1091 ρας
266 1044 513 1091 καταλειφθῇ,
545 1045 654 1078 τοῦτο
685 1044 778 1078 κατὰ
807 1044 889 1078 τοὺς
919 1042 1046 1078 ἄλλους
1074 1041 1178 1088 ἡμῶν
1201 1044 1259 1078 νό-
1331 1043 1484 1078 cundum
1515 1043 1604 1078 alias
1629 1047 1771 1079 nostras
1799 1043 1894 1086 leges
1923 1043 1969 1077 ab
1993 1042 2184 1078 heredibus
2207 1043 2405 1089 adimpleri.

178 1101 263 1134 μους
286 1089 386 1135 παρὰ
410 1091 487 1124 τῶν
502 1087 739 1135 κληρονόμων
762 1085 1079 1134 ἀποπληροῦσθαι.
1114 1094 1179 1134 μία
1195 1090 1261 1135 γάρ
1328 1088 1415 1123 Sola
1438 1088 1530 1123 enim
1553 1092 1609 1124 est
1631 1091 1776 1124 nostrae
1799 1087 2002 1123 serenitatis
2031 1087 2182 1123 intentio
2205 1098 2229 1124 a
2250 1089 2406 1134 parenti-

180 1137 258 1169 ἐστι
282 1135 344 1178 τῆς
367 1132 537 1180 ἡμετέρας
559 1133 801 1180 γαληνότητος
824 1137 971 1179 φροντὶς
994 1134 1037 1168 τὸ
1062 1134 1131 1178 τὴν
1155 1130 1261 1179 ὕβριν
1276 1135 1317 1168 20
1331 1133 1397 1168 bus
1420 1136 1457 1168 et
1479 1133 1600 1170 liberis
1623 1133 1790 1169 iniuriam
1811 1132 2072 1178 praeteritionis
2102 1137 2140 1168 et
2161 1133 2406 1169 exheredatio-

179 1181 242 1223 τῆς
265 1180 535 1224 praeteritionoe
557 1182 618 1213 καὶ
642 1178 931 1214 exheredationem
952 1180 1031 1213 τῶν
1045 1182 1184 1224 γονέων
1201 1182 1262 1213 καὶ
1330 1178 1385 1213 nis
1416 1178 1569 1214 auferre.
1618 1178 1852 1215 Considerate
1881 1187 2034 1222 namque
2066 1177 2199 1213 debent
2228 1182 2406 1224 parentes,

179 1226 257 1259 τῶν
281 1222 428 1260 παίδων
451 1222 602 1259 ἀνελεῖν.
649 1227 798 1259 σκοπεῖν
816 1224 886 1271 γὰρ
909 1221 1117 1269 ὀφείλουσιν
1145 1223 1182 1258 οἱ
1202 1237 1260 1270 γο-
1331 1223 1415 1268 quia
1438 1228 1473 1259 et
1495 1223 1564 1268 ipsi
1584 1223 1648 1259 filii
1670 1223 1816 1260 fuerunt
1845 1226 1882 1258 et
1903 1223 2026 1258 eadem
2057 1233 2080 1258 a
2102 1223 2176 1259 suis
2199 1223 2406 1269 parentibus

179 1273 269 1314 νεῖς,
293 1266 355 1304 ὅτι
374 1273 435 1304 καὶ
452 1266 554 1304 αὐτοὶ
571 1267 695 1304 παῖδες
713 1269 885 1316 γεγόνασι
908 1269 1029 1303 καὶτὰ
1048 1266 1140 1303 αὐτὰ
1161 1269 1261 1314 παρὰ
1330 1272 1571 1313 speraverunt,
1604 1271 1641 1304 et
1663 1269 1824 1305 similiter
1856 1268 1915 1312 qui
1944 1278 2038 1303 nuno
2070 1267 2135 1303 filii
2163 1273 2249 1304 sunt
2276 1268 2408 1305 debent

178 1316 257 1350 τῶν
281 1316 424 1349 οἰκείων
454 1317 595 1361 γονέων
625 1312 814 1359 ἐσχήκασι,
847 1317 908 1348 καὶ
938 1313 1198 1359 παραπλησίως
1227 1313 1263 1348 οἱ
1329 1313 1474 1349 studere
1497 1319 1684 1358 parentum
1706 1314 1842 1350 animos
1867 1322 2006 1355 sanare,
2031 1312 2114 1357 quia
2135 1317 2173 1348 et
2189 1313 2262 1359 ipsi
2278 1324 2407 1359 paren-

179 1361 246 1395 νῦν
262 1358 363 1395 ὄντες
386 1359 458 1394 υἱοὶ
473 1358 694 1402 σπουδάζειν
716 1359 799 1394 τούς
823 1361 900 1394 τῶν
914 1362 1054 1405 γονέων
1077 1358 1262 1406 λογισμοὺς
1275 1361 1318 1395 25
1330 1362 1386 1393 tes
1415 1358 1493 1394 fieri
1523 1360 1727 1395 desiderant
1757 1363 1793 1394 et
1820 1369 1843 1394 a
1865 1358 1940 1393 suis
1964 1361 2091 1403 optant
2119 1357 2202 1394 filiis
2225 1359 2406 1395 honorari.

178 1402 412 1451 θεραπεύειν,
437 1403 561 1448 ἐπειδὴ
581 1408 641 1438 καὶ
659 1403 762 1439 αὐτοὶ
784 1408 898 1451 γονεῖς
922 1405 1144 1447 ἐπιθυμοῦσι
1166 1407 1261 1450 γενέ·
1333 1403 1431 1440 Unde
1455 1408 1491 1439 et
1514 1409 1656 1440 constat
1679 1405 1727 1440 ad
1745 1404 1931 1447 utriusque
1954 1403 2067 1448 partis
2091 1404 2279 1440 uti-litatem
2297 1407 2408 1450 atque

179 1451 274 1484 σθαι
297 1453 357 1484 καὶ
378 1447 450 1484 ὑπὸ
468 1451 545 1484 τῶν
563 1448 668 1484 ἰδίων
692 1449 857 1492 εὔχονται
880 1450 1086 1494 τιμηθῆναι
1105 1447 1259 1485 παίδων.
1330 1449 1505 1484 cautelam
1535 1455 1758 1494 praesentem
1788 1450 1900 1494 legem
1930 1447 2043 1484 fuisse
2064 1450 2252 1493 prolatam.
2293 1449 2408 1503 Quam

180 1490 275 1529 ὅθεν
299 1493 410 1539 δῆλον
433 1495 659 1538 καθέστηκεν
682 1496 730 1529 εἰς
752 1495 821 1538 τὴν
839 1496 917 1529 τῶν
933 1491 1150 1540 ἀμφοτέρων
1170 1491 1260 1540 ὥφέ-
1329 1504 1374 1528 θΧ
1397 1493 1465 1530 hac
1497 1495 1686 1531 occasione
1715 1494 2008 1540 promulgandam
2039 1503 2120 1529 esse
2278 1505 2406 1532 mus.

179 1539 280 1575 λειαν
303 1544 363 1574 καὶ
385 1538 588 1586 ἀσφάλειαν
611 1540 680 1574 τὸν
704 1539 873 1583 παρόντα
897 1537 1037 1585 ἀφορᾶν
1062 1539 1190 1583 νόμον·
1216 1536 1262 1573 ὃν
1330 1539 1372 1573 In
1395 1539 1514 1584 aliquo
1538 1545 1658 1575 autem
1681 1540 1822 1585 negotio
1846 1540 2086 1584 disceptantes
2107 1539 2306 1576 invenimus
2322 1540 2406 1576 Pul·

179 1583 221 1619 οὐ
243 1589 350 1632 χωρὶς
370 1586 504 1628 αἰτίας,
538 1581 629 1619 ἀλλὰ
654 1584 868 1631 προφάσεως
914 1588 1080 1628 ενομένης
1103 1582 1261 1619 συνείδο·
1274 1586 1317 1619 30
1330 1584 1486 1620 cheriam
1508 1589 1647 1629 gratam
1671 1586 1812 1631 quidem
1834 1584 1943 1619 filiam
1971 1594 1994 1619 a
2017 1594 2083 1619 sua
2104 1585 2275 1628 genitrice
2296 1584 2409 1622 fuisse

178 1644 246 1675 μεν
269 1633 507 1676 προενεγκεῖν.
554 1627 705 1676 εὕρομεν
724 1630 791 1676 γὰρ
807 1634 885 1664 Που
907 1634 1030 1675 χερίαν
1050 1627 1262 1674 εὐχάριστον
1329 1629 1479 1672 dictam,
1511 1630 1762 1667 exheredatam
1792 1632 1913 1666 autem
1944 1631 2158 1665 testamento
2191 1629 2409 1667 nominatam

177 1677 246 1720 μὲν
265 1675 452 1722 θυγατέρα
475 1675 576 1722 παρὰ
599 1676 662 1719 τῆς
685 1673 777 1710 ἰδίας
797 1675 934 1721 »μητρὸς
957 1674 1159 1717 λεχθεῖσαν,
1185 1671 1260 1710 ἀπὸ
1329 1677 1402 1710 tam
1424 1675 1463 1710 in
1486 1676 1646 1721 paternis
1678 1687 1784 1721 quam
1806 1676 1845 1712 in
1866 1674 2038 1711 maternis
2065 1673 2310 1712 fucultetibus.
2356 1675 2408 1713 Et

179 1720 416 1765 κληρονόμων
452 1718 491 1754 δὲ
527 1721 620 1755 κατὰ
655 1720 724 1764 τὴν
757 1717 943 1764 διαθήκην
978 1717 1263 1764 ὀνομασθεῖσαν,

179 1767 288 1800 τοῦτο
317 1768 384 1811 μὲν
413 1767 474 1800 ἐπὶ
504 1768 578 1800 τοῖς
608 1764 793 1813 πατρῴοις
824 1767 932 1799 τοῦτο
957 1763 997 1799 δὲ
1017 1769 1078 1799 καὶ
1106 1767 1167 1801 ἐπὶ
1191 1768 1264 1799 τοῖς

248 1847 275 1868 c.
297 1835 331 1868 V
352 1836 393 1868 14
416 1833 462 1867 Et
485 1830 528 1867 δέ
548 1844 642 1867 τινες
664 1853 708 1857 -
733 1835 774 1868 23
801 1829 940 1867 ἀνελεῖν
965 1841 1053 1867 extat
1076 1834 1111 1867 B
1135 1835 1189 1877 41,
1206 1841 1264 1875 5‚2
1289 1845 1315 1866 c.
1340 1834 1439 1867 schol.
1465 1853 1508 1858 —
1532 1835 1666 1868 Summa
1688 1835 1765 1869 Ath.
1790 1841 1944 1878 repetitur
1969 1847 2002 1868 m
2019 1835 2191 1878 paratinis
2213 1835 2290 1868 Atta.
2304 1835 2326 1869 9
2345 1839 2361 1874 5
2377 1842 2406 1877 8,

179 1891 301 1913 summa
326 1880 490 1913 Theodori
513 1880 546 1912 in
567 1875 637 1911 ΒΣ.
667 1902 672 1905 -

179 1959 214 1992 et
235 1960 355 2004 cetera
379 1966 422 1991 ca
449 1955 521 1998 ita,
548 1957 642 1991 sicut
671 1967 786 2002 supra
815 1955 949 1992 dictum
973 1959 1046 1998 est,
1074 1955 1143 1990 vim
1172 1966 1276 1990 suam
1305 1955 1472 1991 habeant.
1521 1955 1563 1991 Si
1586 1955 1675 2001 quid
1704 1959 1823 1999 autem
1854 1955 1910 1991 vel
1931 1955 1976 1990 de
1999 1955 2120 2007 ἱεροῖο
2153 1955 2211 1992 υεί
2223 1955 2406 2008 fideicom-

175 2001 288 2037 -misso
313 2000 370 2037 v'el
391 2000 417 2036 cz·
440 2000 615 2036 ertatibus
638 2001 696 2037 vel
716 2001 799 2036 aliis
822 2001 905 2036 ullis
929 2000 1107 2047 capitibus
1130 2001 1167 2035 in
1192 2001 1275 2035 aliis
1298 1999 1438 2047 legibus
1460 2001 1667 2047 reperiatur
1690 2000 1775 2036 huic
1797 2000 2041 2036 constitutioni
2065 2006 2309 2044 ceutronum,
2341 2001 2408 2038 hoc

179 2046 280 2082 nullo
303 2046 410 2081 modo
435 2046 555 2081 valere
578 2046 750 2082 volumus.
796 2046 915 2092 Atque
937 2045 1006 2082 hae
1036 2046 1179 2091 quidem
1206 2044 1502 2081 exheredationis
1532 2047 1588 2082 vel
1606 2046 1879 2092 praeteritionis
1902 2055 2049 2092 poenae
2077 2049 2253 2092 quantum
2280 2046 2331 2082 ad
2350 2046 2407 2082 in-

178 2091 417 2138 qratitudinis
439 2102 570 2126 causas
592 2090 765 2127 adversus
780 2091 995 2137 praedictas
1043 2100 1194 2125 ersonas
1216 2094 1377 2126 statutae
1391 2096 1477 2126 sunt
1486 2103 1501 2132 ;
1523 2092 1556 2126 si
1573 2101 1668 2137 quae
1684 2097 1805 2126 autem
1819 2101 1869 2127 ex
1883 2091 1932 2126 iis
1950 2089 2001 2126 ad
2014 2090 2167 2126 crimina
2183 2091 2408 2136 reseruntur,

179 2147 303 2173 corum
327 2141 492 2172 auctores
515 2140 654 2171 ceteras
676 2147 820 2188 quoque
837 2147 983 2182 poenas
1006 2102 1144 2182 {gqibus
1166 2134 1335 2180 definitas
1356 2137 1516 2171 subeant.

313 2181 357 2218 V.
407 2180 509 2216 Haec
533 2192 615 2217 vero
639 2181 899 2223 constituimus,
930 2187 971 2216 ut
993 2185 1029 2216 et
1049 2183 1222 2226 parentes
1252 2184 1289 2216 et
1311 2179 1444 2216 liberos
1466 2192 1491 2216 a
1515 2184 1804 2216 testamentorum
1834 2179 1970 2215 trituria
1993 2179 2234 2216 liberaremus.
2282 2179 2326 2216 Si
2347 2182 2411 2228 qui

179 2230 299 2262 autem
322 2225 470 2262 heredes
490 2226 668 2261 nominati
689 2226 773 2268 sint,
797 2226 937 2262 etiamsi
960 2226 1069 2262 certis
1091 2226 1198 2261 rebus
1219 2226 1380 2261 contenti
1399 2236 1477 2262 esse
1498 2225 1701 2267 iubeantur,
1722 2226 1764 2260 in
1787 2223 1857 2259 hoc
1880 2225 2022 2270 quidem
2045 2235 2134 2260 casu
2160 2229 2409 2262 testamentum

178 2282 253 2308 non
274 2271 433 2307 rescindi
447 2271 710 2317 praecipimus,
740 2271 806 2307 sed
827 2271 860 2307 si
906 2270 971 2307 uid
1000 2271 1045 2306 iis
1076 2271 1193 2306 minus
1225 2270 1385 2315 teqitima
1409 2274 1521 2317 parte
1547 2270 1711 2306 relictum
1733 2270 1799 2311 sit,
1832 2268 1901 2305 hoc
1924 2269 2120 2306 secundum
2151 2274 2290 2306 ceteras
2312 2270 2410 2319 teqes

178 2321 325 2352 nostras
355 2316 400 2352 ab
424 2315 614 2352 heredibus
637 2316 811 2362 suppleri.
865 2282 942 2352 ἴδια
965 2317 1058 2352 enim
1089 2320 1143 2351 est
1172 2316 1377 2352 serenitatis
1407 2322 1555 2351 nostrae
1585 2325 1691 2357 cura,
1722 2318 1763 2350 ut
1789 2314 1959 2350 iniuriam
1985 2314 2264 2367 praeteritionis
2285 2320 2323 2352 et
2343 2326 2409 2353 ex-

178 2361 422 2398 heredatiom's
441 2366 635 2408 parentum
658 2367 695 2397 et
718 2362 911 2397 liberorum
937 2361 1116 2397 tollamus.
1165 2359 1308 2396 Etenim
1331 2361 1564 2396 considerare
1583 2359 1712 2396 debent
1728 2365 1903 2406 parentes
1924 2370 1965 2395 se
1986 2370 2088 2406 ipsos
2110 2371 2182 2406 quo
2210 2371 2255 2396 ue
2277 2359 2411 2398 liberos

175 2407 294 2453 fuisse
317 2412 427 2453 atque
450 2406 573 2442 eadem
597 2418 621 2442 a
635 2406 854 2452 parentibus
876 2406 953 2442 suis
976 2417 1052 2442 esse
1072 2410 1293 2447 consecutos,
1316 2410 1354 2442 et
1368 2406 1535 2442 similiter
1558 2405 1663 2441 liberi
1685 2405 1749 2451 qui
1768 2414 1864 2440 nunc
1887 2408 1972 2452 sunt
1990 2415 2012 2452 ο
2042 2415 2140 2440 eram
2187 2415 2252 2440 are
2270 2405 2409 2446 debent,

178 2456 219 2487 ut
236 2457 434 2497 parentum
455 2462 605 2487 suorum
629 2451 768 2487 animos
788 2452 967 2497 foveant,.
989 2451 1160 2496 quoniam
1183 2455 1219 2486 et
1239 2450 1310 2497 ipsi
1331 2457 1502 2497 parentes
1522 2450 1605 2493 fieri
1627 2450 1777 2496 cupiunt
1805 2454 1915 2495 atque
1937 2461 1961 2484 a
1985 2449 2011 2484 ti
2034 2450 2106 2485 eris
2135 2450 2212 2485 suis
2234 2449 2412 2488 honorans

178 2502 370 2542 exoptant.
422 2495 522 2532 Uinde
544 2496 643 2531 mani
664 2501 778 2533 estam
799 2501 855 2532 est
877 2497 926 2532 ad
948 2502 1185 2542 utrorumque
1207 2495 1398 2532 utilitatem
1421 2500 1457 2531 et
1474 2496 1703 2531 securitatem
1724 2499 1889 2541 spectare
1905 2498 2134 2541 praesentem
2155 2494 2278 2541 leym,
2352 2507 2411 2532 am

179 2552 254 2576 non
276 2543 353 2577 sine
376 2552 507 2583 causa,
538 2541 603 2576 sed
650 2546 714 2577 ata
738 2542 926 2577 occasione
946 2541 1122 2588 proferre
1144 2541 1258 2576 visum
1281 2545 1345 2576 est.
1394 2540 1637 2587 Comperimus
1659 2540 1753 2575 enim
1778 2538 2006 2575 Putchmam
2028 2539 2111 2575 licet
2131 2544 2276 2586 qratoem
2346 2541 2410 2576 'am

179 2597 203 2620 a
224 2592 338 2622 matre
360 2598 429 2621 sua
452 2586 585 2622 dictam
618 2591 736 2622 tamen
755 2586 970 2622 exheredem
998 2587 1036 2621 in
1061 2590 1270 2622 testamento
1302 2586 1520 2621 nominatam
1553 2596 1628 2621 esse
1658 2589 1730 2620 tam
1756 2589 1996 2630 paternorum
2027 2595 2135 2631 quam
2164 2590 2410 2622 maternorum

1330 2659 1435 2706 ὅθεν]
1455 2665 1541 2698 unde
1558 2668 1591 2698 et
1607 2676 1626 2701 ς
1641 2664 1653 2708 ΙΙ
1673 2666 1715 2699 29
1734 2660 1879 2709 ἀφορᾶν
1893 2662 2023 2706 νόμον·
2048 2658 2105 2704 ὃν]
2121 2660 2248 2706 νόμον,
2269 2657 2329 2696 ὅτι
2343 2658 2410 2709 ἀφ-

1329 2710 1473 2754 ορῶντα
1487 2711 1521 2744 A
1537 2709 1657 2753 (legem
1674 2709 1775 2743 fuisse
1791 2709 1971 2752 prolatam:
1993 2718 2092 2750 quam
2112 2711 2143 2750 ς)
2159 2709 2171 2750 ΙΙ
2190 2709 2234 2742 30
2245 2705 2288 2741 οὐ
2304 2710 2410 2754 χωρὶς

1330 2774 1373 2779 -
1387 2757 1427 2789 31
1442 2750 1592 2799 εὕρομεν
1606 2753 1688 2801 γὰρ]
1713 2765 1752 2788 ex
1770 2755 1832 2788 hac
1851 2754 2022 2787 oooasione
2045 2753 2321 2796 promulgandam
2340 2763 2411 2788 esse

1328 2801 1564 2843 perspeximus.
1613 2801 1655 2832 In
1679 2799 1792 2841 aliquo
1816 2801 1927 2832 autem
1954 2799 2091 2840 negotio
2114 2798 2335 2841 disceptantes
2356 2798 2410 2832 in·

1329 2845 1479 2878 venimus
1504 2856 1523 2881 ς
1548 2845 1560 2889 Ι]
1583 2846 1770 2891 γινομένης
1792 2845 1887 2878 MaA
1914 2844 1926 2885 ΙΙ
1957 2845 1994 2878 31
2023 2841 2069 2884 ιζ’
2087 2856 2189 2887 mar-9.
2206 2844 2239 2877 A
2262 2842 2278 2887 Ι
2302 2839 2410 2877 πολιο-

1330 2891 1515 2934 σχερίανῑ,
1530 2890 1543 2934 11
1563 2891 1605 2924 32
1618 2889 1730 2934 παρὰ]
1745 2885 1816 2923 ὑπὸ
1826 2890 1858 2923 A
1873 2888 1886 2931 ΙΙ
1904 2886 2170 2933 ἀποκληρόμων
2181 2887 2294 2930 (εἰε)Δ
2316 2882 2409 2922 dud·

1329 2933 1459 2979 κληρον
1479 2935 1544 2978 Ep.
1560 2934 1574 2979 ΙΙ
1591 2936 1634 2969 33
1659 2933 1764 2975 κατὰ]
1788 2933 1836 2967 εἰς
1858 2934 1890 2966 A
1939 2944 1942 2946 ’

250 2666 265 2697 1
291 2663 369 2697 τῶν
393 2663 619 2709 ἐπιτρόπων]
654 2667 713 2698 καὶ
744 2665 821 2699 τῶν
852 2666 938 2699 ἐπιτ
961 2663 1065 2699 ὀπων
1088 2665 1121 2699 L
1149 2665 1162 2709 ΙΙ
1190 2666 1262 2705 καὶ]

181 2719 241 2742 seu
263 2720 284 2745 ς
310 2710 322 2752 ΙΙ
351 2710 371 2742 2
394 2709 497 2750 ἰσχὺν
521 2709 680 2752 ἐχόντων
702 2712 734 2744 A
760 2711 772 2754 ΙΙ
801 2709 837 2743 εἴ
854 2723 891 2743 τι
916 2707 966 2751 δε]
1003 2709 1074 2743 εἴτε
1097 2712 1128 2744 A
1153 2711 1166 2754 ΙΙ
1196 2712 1215 2744 3
1239 2707 1263 2753 ἢ

181 2766 239 2787 om.
264 2753 368 2787 APr.
385 2754 451 2797 Ep.
480 2755 492 2798 ss
523 2753 566 2798 λη
590 2752 679 2789 ἀτου
703 2752 726 2798 ἢ
749 2752 1021 2809 φιδεικομμίσου
1046 2755 1078 2788 L
1115 2753 1263 2801 λεγάτου

189 2794 204 2806 ’“
226 2794 479 2843 φιδικομίσσου
494 2800 540 2833 Μ
586 2798 714 2845 εγάτου
738 2799 808 2833 είτε
832 2803 913 2844 περὶ
938 2797 1216 2845 φιδικομμίσσου
1233 2802 1262 2834 Δ

180 2810 330 2888 Lycisco
362 2840 385 2885 ἢ
411 2846 533 2877 πίστει
556 2847 628 2877 τινὶ
657 2840 747 2890 παρ’
774 2840 884 2878 αὐτοῦ
917 2842 1091 2878 δοθέντος
1114 2846 1172 2879 Pr.
1196 2847 1261 2889 Ep.

180 2887 300 2930 legatis
323 2888 393 2920 sive
416 2888 676 2923 fideicommissis
699 2901 719 2926 ς
747 2890 760 2933 ΙΙ
789 2892 811 2924 4
835 2891 875 2923 έν
899 2903 957 2923 om.
983 2891 1042 2924 Pr.
1072 2890 1084 2933 ll
1115 2892 1134 2924 5
1159 2891 1263 2924 ἐναν-

180 2935 260 2966 τίον
282 2932 327 2974 τῆ
350 2929 514 2972 διατάξει
536 2934 568 2967 Α
597 2933 610 2977 ΙΙ
638 2935 657 2967 6
681 2934 744 2976 τῆς
767 2933 1037 2974 έξὴετεᾱοιίοιιοε
1063 2938 1100 2975 (s.
1121 2948 1149 2969 v.
1174 2930 1263 2969 ἀπο-

181 2975 410 3022 κληροσύνης)
439 2973 460 3020 ἢ
493 2979 774 3023 πραετεριῐίυηοε
804 2983 841 3019 (s.
866 2992 895 3012 v.
929 2977 1193 3023 ἀμνημοσύνης)
1224 2980 1271 3014 Μ

181 3022 244 3064 τῆς
261 3021 532 3062 ἐξηοτθᾱεῐίοιιοε
551 3019 574 3064 ἢ
593 3023 847 3066 praeteritionos
865 3025 897 3057 L
925 3022 1222 3068 ᾰχνερεδατίωνος
1240 3020 1263 3067 ἢ

181 3069 496 3111 πραιτωρετίωνος
511 3069 542 3101 A
565 3068 643 3100 τῶν
659 3063 878 3112 ἀποκλήρων
895 3069 950 3101 Pr.
966 3070 1030 3112 Ep.
1049 3070 1061 3112 ΙΙ
1088 3072 1104 3101 7
1124 3066 1164 3102 αἱ
1186 3081 1263 3103 ποι-

180 3114 254 3153 ναὶ]
280 3111 393 3145 αἰτίαι
409 3114 468 3145 καὶ
484 3114 611 3147 ποιναὶ
622 3114 654 3146 A
673 3114 684 3153 ΙΙ
701 3110 742 3145 τό
759 3125 799 3157 γε
815 3132 853 3137 -
870 3115 889 3147 8
904 3113 1032 3154 αἰτίας]
1057 3111 1099 3146 τό
1116 3126 1156 3159 γε
1176 3106 1264 3155 ἧκον

180 3156 308 3236 issi
322 3157 383 3244 τις
406 3153 614 3235 {siff
631 3155 867 3235 ‚tester
884 3157 896 3200 ¹¹
917 3157 1201 3246 etism
1224 3160 1263 3237 23

182 3247 213 3280 L
229 3246 243 3289 ΙΙ
259 3245 342 3280 τοὺς
354 3249 481 3293 γονεῖς]
505 3215 594 3281 τούξ
612 3260 671 3280 om.
683 3247 716 3280 A
734 3245 747 3290 ΙΙ
765 3249 806 3281 15
822 3247 863 3279 ἐν
888 3260 945 3280 om.
963 3248 997 3280 B
1014 3247 1027 3291 ΙΙ
1048 3249 1085 3280 17
1108 3217 1264 3281 s’tavffov

181 3292 283 3325 APr.
297 3293 362 3335 Ep.
379 3293 391 3334 ΙΙ
408 3293 487 3326 ’τῶν
510 3287 625 3335 νόμον
650 3291 694 3324 Μ
725 3291 791 3324 τοῦ
815 3289 925 3332 νόμου
950 3290 1009 3330 Au
1038 3293 1077 3325 18
1102 3291 1263 3326 καταλει-

181 3335 295 3381 φθείη
311 3338 412 3370 ΑΡν.
427 3338 491 3381 Ep.
510 3336 522 3375 ΙΙ
544 3338 583 3372 19
599 3331 906 3380 ἀναπληροῦσθαι
921 3337 986 3379 Ep.
1005 3336 1018 3379 Ι
1043 3338 1085 3370 20
1106 3340 1263 3381 φροντὶς]

181 3376 203 3423 ἦ
228 3383 374 3426 φροντὶς
398 3382 462 3426 Bu
488 3380 545 3423 τὸ]
567 3380 632 3415 τοῦ
656 3381 757 3424 LBu
782 3382 822 3416 21
848 3380 1102 3423 praeteritionos
1125 3384 1185 3414 καὶ
1208 3381 1262 3421 ἐξ·

183 3427 415 3460 heredationos
423 3428 455 3460 L
472 3426 733 3469 praeteretionos
745 3428 807 3459 καὶ
820 3423 1088 3465 §Everedationos
1100 3426 1148 3459 M
1157 3438 1261 3470 πραι-

183 3474 401 3515 τωριτίωνος
415 3475 476 3505 καὶ
491 3468 788 3516 ἐξνερεδατίωνος
802 3472 835 3504 A
857 3465 1109 3513 ἀμνημοσύνης
1124 3472 1184 3503 καὶ
1201 3470 1262 3512 τῆς

182 3510 431 3561 ἀποκηρύξεως
454 3517 488 3549 Β
522 3512 806 3561 ἀποκληρώσεως
829 3515 887 3549 Pr.
900 3516 965 3559 Ep.
992 3515 1005 3559 ΙΙ
1032 3518 1092 3548 καὶ
1117 3512 1262 3548 παίδων

182 3559 241 3604 Au
261 3562 303 3595 25
328 3558 547 3602 σπουδάζειν
561 3562 605 3595 Μ
623 3561 758 3603 (debent
779 3560 910 3595 studere
930 3562 975 3603 ς)]
998 3557 1262 3602 σπουδάζουσιν
1330 3573 1387 3594 om.
1402 3559 1451 3592 Β*
1469 3559 1482 3603 ΙΙ
1504 3558 1743 3602 pulcher-imam
1759 3559 1793 3593 T
1810 3559 2070 3601 pulcherrimam
2090 3559 2167 3600 RV,
2190 3572 2272 3593 corr.
2286 3559 2373 3602 vulq-
2394 3556 2410 3603 ΙΙ

183 3605 215 3637 L
229 3604 285 3637 Pr.
304 3607 404 3649 (quod
418 3619 481 3639 non
498 3614 582 3640 recte
595 3608 716 3650 probat
727 3606 927 3649 Zachariae)
949 3603 1193 3640 σπουδάσουσι
1208 3606 1237 3638 A
1249 3605 1261 3647 ss
1330 3606 1373 3639 30
1386 3604 1519 3647 quidem
1533 3603 1648 3647 filiam]
1666 3604 1770 3638 filiam
1782 3603 1918 3646 quidam
1935 3604 1989 3647 Vll
2008 3606 2048 3639 31
2064 3604 2189 3638 dictum
2203 3604 2250 3638 R·
2265 3603 2280 3649 ΙΙ
2297 3606 2408 3637 autom

185 3650 225 3682 27
241 3646 515 3692 δοξασθῆναιᾼ
532 3650 546 3696 Ι]
561 3647 719 3694 παίδων]
745 3663 827 3695 quae
841 3658 1016 3695 sequuntur
1032 3663 1091 3685 σοι.
1103 3650 1163 3684 Pr.
1179 3649 1194 3687 11
1218 3650 1260 3686 28
1330 3652 1525 3684 testamento
1548 3651 1755 3684 nominatam
1774 3663 1831 3684 om.
1855 3649 1913 3694 Vss
1928 3650 2144 3690 nominatam]
2169 3649 2264 3683 in·
2290 3648 2344 3684 2²⁸

1377 3025 1396 3057 3
1421 3025 1531 3056 autem
1553 3023 1601 3055 V²
1621 3025 1655 3056 in
1673 3035 1739 3056 ras.
1757 3022 1771 3064 ΙΙ
1788 3024 1807 3056 5
1832 3024 1947 3054 eontra
1973 3021 2006 3053 Τ
2013 3021 2023 3041 ¹
2040 3020 2053 3064 ΙΙ
2071 3021 2092 3054 6
2115 3022 2149 3053 et
2173 3033 2231 3054 om.
2251 3019 2303 3054 2⁷¹
2319 3019 2332 3064 Ι
2349 3020 2409 3053 hee

1329 3067 1455 3101 RVT2
1478 3069 1558 3100 haee
1584 3067 1636 3100 Τι
1652 3067 1665 3110 ΙΙ
1682 3064 1948 3100 exheredationis
1971 3075 2068 3098 eausa
2091 3067 2150 3098 aut
2176 3065 2209 3098 T
2221 3064 2234 3108 ΙΙ
2250 3066 2271 3100 8
2295 3064 2408 3107 ingra-

1331 3112 1492 3145 titudines
1513 3112 1566 3145 1⁷⁰
1584 3111 1598 3155 ΙΙ
1612 3115 1729 3144 eontra
1744 3123 1803 3144 om.
1821 3110 1853 3143 V
1866 3109 1878 3153 ΙΙ
1894 3111 1915 3144 9
1930 3120 1968 3142 ex
1986 3122 2044 3143 om.
2060 3109 2111 3143 T¹
2128 3110 2141 3154 ΙΙ
2157 3109 2205 3142 eis
2219 3110 2251 3143 T
2262 3108 2277 3155 ss
2295 3111 2335 3144 10
2355 3121 2410 3143 eo-

1330 3168 1406 3191 rum
1419 3157 1453 3190 Τ
1455 3160 1473 3178 ‘²
1490 3156 1503 3199 ΙΙ
1518 3158 1644 3189 autores
1665 3168 1703 3189 ez·
1718 3156 1958 3197 Hamburqensi
1975 3155 2204 3198 osenbrsaqyen
2222 3154 2235 3197 ΙΙ
2251 3165 2410 3197 personas

1333 3200 1479 3246 T¹u,12
1503 3200 1708 3242 disponimus
1730 3202 1789 3233 aut
1812 3202 1845 3231 et
1870 3198 1921 3233 T¹
1937 3198 1949 3243 ΙΙ
1975 3200 2016 3233 13
2041 3201 2072 3240 a]
2097 3203 2129 3232 et
2152 3200 2185 3232 B
2203 3199 2216 3244 ss
2242 3202 2283 3234 14
2301 3201 2409 3234 nomi-

1330 3247 1402 3279 nati
1427 3265 1467 3270 -
1496 3247 1536 3280 15
1557 3245 1683 3278 fuerint
1703 3258 1762 3278 om.
1778 3244 1836 3285 1²¹,
1859 3245 1907 3277 bis
1930 3257 1991 3277 scr.
2010 3243 2056 3277 R'
2076 3243 2090 3288 ΙΙ
2105 3244 2166 3277 etsi
2189 3245 2222 3278 V
2241 3244 2343 3283 etiam,
2362 3244 2411 3280 sio

1330 3291 1378 3325 R¹
1396 3291 1408 3334 ΙΙ
1424 3290 1523 3324 rebus
1547 3303 1605 3323 om.
1620 3290 1653 3323 T
1664 3290 1678 3333 ΙΙ
1698 3291 1737 3325 15
1763 3289 1944 3332 contempti
1960 3290 2029 3322 ΒΤ
2041 3289 2054 3332 ΙΙ
2071 3289 2106 3322 in
2126 3290 2190 3322 hoc
2214 3300 2291 3324 oasu
2310 3292 2408 3325 testa-

1329 3339 1477 3369 mentum
1501 3337 1709 3374 (testamento
1724 3334 1787 3375 T‘)
1820 3334 1871 3366 V*
1883 3335 1915 3367 T
1946 3337 2410 3370 οεαοοοιοαοοιευιωθῠῦῐῐῦὶ

1340 3381 1388 3413 V¹
1407 3380 1420 3424 ΙΙ
1435 3379 1566 3422 quidem
1594 3393 1651 3414 om.
1674 3379 1730 3423 Vll
1749 3380 1790 3415 16
1813 3379 1920 3412 solum
1946 3379 1996 3413 Τ1
2012 3378 2024 3423 ΙΙ
2046 3382 2084 3415 1Ί
2110 3381 2221 3413 minus
2244 3381 2292 3413 eis
2307 3381 2408 3421 vulo-1

1330 3425 1439 3458 minus
1460 3425 1490 3457 ei
1511 3425 1573 3458 VT
1592 3425 1622 3457 ei
1642 3425 1752 3458 minus
1770 3424 1803 3457 R
1820 3423 1833 3466 ΙΙ
1851 3425 1893 3458 22
1915 3424 2048 3457 eandem
2067 3426 2099 3458 R
2117 3425 2130 3468 ΙΙ
2148 3426 2189 3458 23
2203 3424 2335 3459 studere
2352 3424 2409 3458 de-

1329 3470 1410 3503 bent
1433 3470 1465 3503 R
1482 3470 1495 3513 ΙΙ
1513 3471 1556 3504 24
1580 3470 1659 3511 quia
1684 3470 1818 3511 Vvulq.]
1843 3469 1901 3510 qui
1926 3470 2018 3512 ltTu
2037 3471 2078 3504 28
2103 3469 2330 3513 prospeximus
2349 3469 2410 3512 VB

1331 3516 1373 3549 29
1397 3516 1517 3555 autem]
1543 3514 1633 3547 enim
1656 3514 1750 3548 Beck
1766 3514 1779 3558 ΙΙ
1803 3514 1949 3555 negotio]
1975 3525 2052 3548 casu
2077 3514 2162 3548 RT¹
2189 3514 2201 3559 Ι]
2222 3513 2409 3548 invenimu-
