2476 3854
110 103 171 134 υτ·
198 102 377 135 mamus
404 102 613 135 ‘mmmm
1197 86 1274 136 731
2016 88 2125 133 Nov.
2156 88 2264 133 CLV
2283 102 2347 146 pr.

1184 248 1278 292 iffi

108 324 287 379 ΠΕΡΙ
322 325 467 379 ΤΟΥ
512 324 680 378 ΔΕΙΝ
717 324 859 377 ΤΑΣ
901 322 1758 447 ΜΗΞὲἷὲἳΣΣΜῩΟΙΙΙξΚΕΙΣΘΑΙ
1802 321 2346 377 ΕΠΙΤΡΟΠΙΚΟΙΣ

601 469 855 517 Αὐτοκράτωρ
875 469 1126 507 ’lover-marck
1144 469 1354 518 Αὔγουστος
1376 470 1581 517 Βελισαρίῳ
1605 471 1854 518 (στρατηγῷ).

239 538 536 586 (Προοίμιον.)
581 535 775 594 ’ἱκετηρίαν
806 539 966 573 ἀνέτεινε
990 537 1136 583 Μάρθα
1166 535 1188 582 ἡ
1218 537 1457 583 λαμπροτάτη
1486 539 1540 582 τῷ
1570 536 1733 583 ἡμετέρῳ
1765 538 1888 584 κράτει
1917 539 2165 583 περιέχουσαν,
2189 538 2344 583 Σεργίου
2391 541 2412 573 5

107 585 173 620 τοῦ
205 586 268 627 τῆς
288 583 581 630 μεγαλοπρεποῦς
612 595 752 628 μνημης
774 585 838 618 τοῦ
863 582 972 627 aluric
992 585 1185 630 γενομένου
1208 584 1344 628 πατρὸς
1366 583 1656 627 τετελευτηκότος
1678 582 1970 630 καταλειφθῆναι
1991 584 2058 626 μὲν
2080 580 2194 625 αὐτὴν
2216 580 2345 629 κομιδῇ

107 632 197 664 νέαν
218 629 287 672 τὴν
310 628 463 672 ἠλικίαν,
495 628 564 671 τὴν
587 630 625 664 δὲ
648 629 760 673 αὐτῆς
782 627 1000 671 κηδεμονίαν
1031 626 1210 663 ὑπελθεῖν
1231 625 1439 669 Λῦξενῐίαν
1462 627 1532 671 τὴν
1553 627 1814 673 λαμπροτάτην
1837 626 1947 672 αὐτῆς
1966 629 2116 672 μητέρα,
2139 628 2344 672 καταθεμέ-

106 687 175 717 νην
202 676 271 719 μὲν
304 676 344 708 ἐν
367 670 624 718 ὑπομνήμασιν
646 670 695 709 ὦς
716 672 758 708 οὗ
782 688 810 710 π
853 672 1031 717 ςομιλὴσει
1054 671 1230 719 δευτέροις
1250 672 1389 719 γάμοις,
1421 677 1481 707 καὶ
1505 674 1573 707 τὸν
1596 671 1687 719 ὑπὲρ
1709 673 1840 708 τούτου
1863 671 2104 719 διωρισμένον
2127 676 2200 707 τοῖς
2220 669 2345 728 ἡμετέ-

107 731 181 764 ροις
209 720 332 763 νόμοις
363 715 471 764 ὅρκον
499 722 780 764 παρασχομένην
834 717 1072 762 ιοικήσασθαι
1101 718 1149 753 τὰ
1181 722 1395 765 πράγματα,
1424 717 1567 752 τούτων
1599 716 1639 752 δὲ
1668 715 1752 763 παρ’
1779 715 1889 762 αὐτῆς
1916 720 2195 764 πεπραγμένων,
2226 729 2344 772 ωςπερ

107 761 195 798 οὐδέ
213 775 311 798 τινος
329 760 435 809 ὅρκου
453 761 538 810 παρ’
565 761 675 807 αὐτῆς
699 762 892 808 δεδομένου
914 767 975 798 καὶ
999 761 1109 798 εὖκατ
1162 762 1315 810 ρονὴτου
1337 763 1401 807 τῆς
1423 762 1742 807 καταλελειμμένης
1762 761 1990 809 ὑπαρχούσης
2008 766 2223 807 περιουσίας,
2247 776 2342 797 κατα
2370 768 2411 800 10

107 809 176 863 τὴν
199 805 260 844 ὑπ’
287 807 396 853 αὐτῆς
418 811 615 856 γενομένην
639 809 857 855 ἀπογραφὴν
878 807 1005 854 μέτριά
1027 822 1113 843 τινα
1158 807 1366 853 ηλωθῆναι·
1388 809 1480 852 μετὰ
1506 806 1546 842 δὲ
1568 810 1686 843 ταῦτα
1714 806 1833 855 γάμον
1862 807 2013 842 ἑλέσθαι
2044 806 2214 854 δεύτερον
2242 805 2344 852 κηδε·

105 867 203 899 μονα
226 856 368 899 Πέτρον
400 851 490 901 αὐτῇ
522 853 831 899 προβαλλομένην,
860 858 921 888 καὶ
943 856 983 888 ἐκ
1006 855 1072 888 τοῦ
1098 851 1262 900 δευτέρου
1285 857 1507 888 συνοικεσίου
1532 851 1599 887 δύο
1621 855 1689 897 μὲν
1712 855 1899 897 ἐσχηκέναι
1919 851 2062 896 παῖδας,
2085 851 2150 895 οὐχ
2172 851 2282 899 ὑγιῶς
2304 851 2345 887 δὲ

106 899 199 955 πρὸς
228 896 346 941 αὐτὴν
376 901 566 942 ἐσχηκυῖαν
594 899 664 934 τὸν
691 902 759 944 μὲν
789 898 1024 934 καταστάντα
1048 896 1133 943 παρ’
1159 895 1269 943 αὐτῆς
1291 900 1493 944 ἐπίτροπον
1515 900 1576 941 τῆς
1600 896 1809 942 διοικήσεως
1831 896 2036 941 ἀποστῆσαι
2060 899 2126 932 τοῦ
2149 896 2343 942 τριςκαιδε-

107 957 220 979 κατου
242 943 345 989 μόλις
368 940 477 987 αὐτῆς
500 943 836 989 ἐπιλαμβανομένης
855 945 1034 984 ἐνιαυτοῦ,
1066 943 1217 978 πείθειν
1244 941 1284 978 δὲ
1306 941 1486 988 κηδεμόνα
1509 945 1573 987 τῆς
1596 941 1761 989 δευτέρας
1783 941 1920 987 ἡλικίας
1943 944 2098 985 αἰτῆσαι,
2122 945 2182 977 καὶ
2205 956 2343 988 παραυ-

107 993 191 1024 τίκα
219 989 369 1024 πείθειν
400 987 579 1023 διαλύσεις
610 1001 654 1023 συ
699 987 815 1036 ράψαι
845 987 934 1034 πρὸς
964 988 1077 1032 αὐτὴν
1099 991 1160 1022 καὶ
1183 992 1296 1023 παντὶ
1321 987 1415 1035 λόγῳ
1440 987 1531 1023 δυνα
1572 991 1580 1000 ’
1601 1002 1631 1032 ῳ
1654 988 1749 1023 κατὰ
1768 989 1897 1033 νόμους
1921 984 2116 1033 ἁρμόττειν
2140 984 2233 1034 αὐτῇ
2256 1000 2343 1034 προ·
2368 992 2411 1026 15

108 1035 217 1079 φάσει
238 1035 317 1068 τῶν
339 1035 400 1077 τῆς
423 1034 620 1079 ἐπιτροπῆς
641 1003 825 1080 ἄζησμῶν
847 1033 940 1068 κατὰ
963 1033 1028 1068 τὰς
1050 1033 1220 1068 τοιαύτας
1242 1031 1505 1074 ἀποτάξασθαι
1548 1033 1713 1076 ιαλῦσεις,
1737 1035 1779 1068 ἐν
1797 1034 1948 1068 κοιτῶνί
1960 1046 2001 1067 τε
2016 1026 2130 1067 οὖσαν
2144 1034 2345 1080 τηνικαῦτα

107 1083 169 1114 καὶ
191 1081 271 1113 τῶν
293 1081 557 1124 πραττομένων
579 1076 687 1114 οἰδὲν
710 1082 972 1124 ἐπισταμένην·
994 1076 1079 1113 οὐδὲ
1099 1077 1170 1125 γάρ
1193 1077 1273 1113 οἷόν
1295 1092 1336 1113 τε
1358 1075 1405 1123 ἧν
1427 1078 1497 1121 τὴν
1520 1077 1605 1124 παρ’
1631 1074 1721 1126 αὗτῇ
1745 1079 1993 1113 καθεστῶσαν
2015 1081 2077 1111 καὶ
2099 1078 2190 1123 πρὸς
2212 1075 2345 1116 οὐδένα

108 1125 225 1159 εἰπεῖν
248 1137 285 1158 τι
308 1122 512 1167 δυναμένην
535 1127 618 1168 περὶ
642 1125 721 1159 τῶν
744 1121 822 1158 κατ’
848 1123 958 1167 αὐτῆς
978 1127 1192 1170 γινομένων,
1223 1126 1284 1158 καὶ
1307 1124 1340 1157 εἰ
1361 1125 1424 1167 τῆς
1446 1125 1695 1170 ἐπιγινομένης
1719 1120 1808 1170 αὐτῇ
1829 1122 1965 1179 βλάβης
1987 1119 2184 1170 ᾐσθάνετο,
2207 1123 2347 1169 πρᾶξαί

107 1183 145 1203 τι
175 1169 253 1203 τῶν
284 1167 499 1212 δυναμένων
529 1169 690 1203 κωλῦσαι
722 1169 767 1204 τὰ
799 1167 891 1214 πρὸς
920 1169 990 1212 τὴν
1021 1165 1130 1213 αἰτῆς
1159 1167 1356 1214 ἐπιβουλὴν
1382 1168 1634 1213 μελετώμενα·
1672 1170 1740 1203 τοῦ
1769 1169 1809 1203 δὲ
1837 1181 1970 1213 χρονου
2004 1167 2344 1211 παρασκευάσαντος

108 1212 223 1257 αὐτὴν
246 1217 306 1248 καὶ
328 1214 372 1248 τὸ
400 1213 603 1257 μελετηθέν
630 1212 707 1249 κατ’
734 1211 842 1258 αὐτῆς
871 1214 1092 1254 αἰσθέσθαι,
1124 1213 1213 1260 πρὸς
1242 1215 1310 1257 μὲν
1339 1214 1409 1258 τὴν
1437 1217 1574 1260 μητέρα
1601 1217 1676 1248 τισὶ
1705 1214 1914 1259 χρήσασθαι
1943 1212 2222 1258 παρακλήσεσιν,
2254 1209 2345 1248 diste
2366 1217 2409 1250 20

106 1256 234 1303 μηδενὶ
253 1259 332 1293 τῶν
350 1256 428 1293 κατ’
452 1254 562 1302 αὐτῆς
584 1259 832 1306 πραχθέντων
854 1255 1147 1304 άποχρὴσασθαι,
1179 1259 1226 1293 τὰ
1251 1257 1291 1293 δὲ
1313 1262 1502 1304 πρέποντα
1524 1262 1632 1304 μητρὶ
1655 1262 1738 1304 περὶ
1760 1255 1878 1301 αὗτὴν
1900 1256 2169 1302 ἐπιδείξασθαι,
2191 1261 2251 1293 καὶ
2274 1258 2344 1301 τὴν

107 1305 185 1338 τῶν
216 1301 404 1350 πατρῴων
436 1300 528 1350 αὐτῇ
561 1304 790 1351 πραγμάτων
815 1302 1115 1339 ἀποκατάστασιν
1146 1302 1394 1348 ποιήσασθαι,
1421 1304 1525 1339 καθὰ
1555 1305 1610 1347 τῷ
1641 1303 1747 1349 νόμῳ
1778 1302 1891 1338 δοκεῖ·
1926 1303 1997 1346 τὴν
2027 1303 2067 1337 δὲ
2100 1307 2175 1338 τοῖς
2209 1305 2248 1337 ἐκ
2278 1304 2344 1338 τοῦ

107 1347 274 1395 δευτέρου
302 1348 419 1395 γάμου
445 1352 649 1396 γενομένοις
679 1352 808 1384 παισὶν
838 1348 972 1392 ἑαυτὴν
998 1346 1087 1393 ὅλην
1110 1347 1289 1384 ἐκδοῦσαν
1311 1347 1396 1383 σι’-δέ
1418 1350 1500 1384 *mim
1522 1349 1706 1384 τοιούτους
1728 1349 1944 1393 προςίεσθαι
1968 1347 2104 1394 λόγους,
2126 1347 2344 1383 τούναντίον

106 1395 175 1438 μὲν
202 1389 268 1428 οὖν
296 1397 358 1428 καὶ
390 1393 459 1437 τὴν
490 1394 602 1429 θείαν
631 1392 735 1439 ἡμῶν
764 1393 1006 1439 προΐσχεσθαι
1036 1394 1272 1439 νομοθεσίαν,
1302 1397 1536 1439 περιέχουσαν
1556 1393 1607 1439 μὴ
1624 1392 1812 1428 δύνασθαι
1834 1391 1910 1428 κατ’
1937 1389 2047 1437 αὖτῆς
2068 1396 2143 1428 τοῖς
2165 1395 2229 1436 τῆς
2251 1391 2342 1428 ἇπο-

107 1439 363 1474 καταστάσεως
384 1436 597 1484 χρήσασθαι
620 1437 780 1482 δικαίοις,
803 1437 910 1473 οὐδὲν
930 1441 998 1483 μὲν
1021 1440 1189 1474 τοιοῦτον
1211 1443 1296 1484 περὶ
1317 1442 1396 1474 τῶν
1416 1442 1585 1486 μητέρων
1607 1440 1684 1474 τῶν
1708 1436 1990 1483 ἀναδεξαμένων
2011 1438 2083 1482 τὴν
2104 1441 2182 1473 τῶν
2197 1439 2341 1473 οἰκείων
2365 1442 2408 1475 25

107 1481 255 1519 παίδων
274 1482 492 1528 κηδεμονίαν
515 1487 575 1518 καὶ
600 1482 782 1531 δευτέρους
804 1481 1073 1527 ἀσπαζομένων
1093 1484 1226 1532 γάμους
1248 1486 1510 1528 θεσπίζουσαν,
1534 1483 1591 1519 ἐπ’
1615 1483 1735 1519 ἄλλοις
1758 1482 1801 1519 δέ
1819 1497 1917 1519 τισιν
1935 1480 2034 1529 ὅροις
2055 1497 2097 1518 τε
2106 1486 2179 1526 ·καὶ
2193 1483 2343 1529 τρόποις

107 1531 208 1574 παρὰ
238 1530 301 1572 τῆς
330 1527 502 1574 ἡμετέρας
532 1526 712 1573 εὐσεβείας
741 1530 1031 1575 ἐκφωνηθεῖσαν.
1078 1533 1139 1564 καὶ
1168 1527 1229 1564 διὰ
1250 1531 1360 1564 τοῦτο
1382 1529 1452 1573 τὴν
1475 1529 1659 1574 ἱκετηρίαν
1680 1527 1769 1574 ἡμῖν
1793 1527 1987 1570 ἀνέτεινεν,
2011 1525 2069 1575 ἐφ’
2092 1527 2165 1572 ᾧτε
2188 1532 2249 1563 καὶ
2270 1529 2343 1572 τὴν

108 1571 276 1608 διάνοιαν
297 1576 361 1617 τῆς
385 1574 488 1608 θείας
506 1575 727 1618 νομοθεσίας
750 1575 847 1620 σαφῆ
871 1587 912 1609 τε
934 1578 994 1608 καὶ
1017 1569 1335 1620 άναμφιςβήτητον
1357 1576 1595 1618 καταστῆσαι,
1618 1577 1679 1609 καὶ
1699 1575 1750 1620 μὴ
1773 1578 1847 1610 τοῖς
1869 1573 1960 1622 αὐτῇ
1977 1577 2238 1619 περιεχομένοις
2253 1573 2345 1609 α’πο-

107 1621 296 1666 χριυμένην
319 1617 529 1660 Αὖξεντίαν
546 1619 614 1662 τὴν
636 1619 745 1663 αὐτῆς
766 1622 902 1664 μητέρα
924 1620 972 1654 τὰ
995 1619 1290 1666 καταλειφθέντα
1311 1621 1350 1654 ἐκ
1371 1621 1436 1655 τοῦ
1452 1620 1592 1665 πατρὸς
1607 1619 1804 1667 πράγματα
1819 1617 1941 1664 κέρδος
1955 1620 2087 1654 οἰκεῖον
2101 1619 2343 1663 ποιήσασθαι.

242 1710 327 1745 Non.
349 1710 452 1744 CLV
472 1710 598 1745 Graece
622 1717 741 1744 tantum
764 1717 852 1744 extat
874 1712 908 1744 in
931 1711 1017 1751 ML,
1030 1712 1103 1754 suit
1125 1712 1160 1745 in
1183 1710 1221 1744 B
1244 1712 1299 1753 37,
1315 1718 1360 1754 12,
1375 1717 1402 1744 2
1424 1729 1472 1736 —
1494 1711 1585 1755 Epit.
1614 1711 1735 1745 Tloeod.
1758 1712 1833 1753 155,
1856 1711 1978 1745 Atlaan.
1998 1712 2051 1752 13,
2066 1718 2084 1745 3
2108 1711 2199 1753 (inde
2216 1711 2343 1755 passim

110 1762 275 1790 eontracta
299 1756 392 1800 apud
411 1756 518 1789 Anon-
539 1755 760 1790 Bodleianum
783 1757 826 1790 27
847 1768 883 1800 p.
900 1756 966 1790 222
989 1756 1119 1799 ΖαεῘι.).

290 1999 377 2050 ΠΤ
415 1999 702 2062 MATRE'S
748 1999 1064 2052 TUTE'LAE
1104 1933 1543 2053 RJZ‘ONJBUS
1590 2000 1954 2053 OBNOXIAE'
1994 2001 2171 2053 SINT.

575 2077 783 2126 Imperator
806 2077 1034 2115 lastinianus
1056 2081 1242 2127 Λυρκείας
1261 2080 1445 2116 Belisario
1468 2079 1659 2126 (maqistro
1682 2079 1862 2125 militum).

243 2145 504 2192 Praefatio.
552 2146 862 2193 Supplicationem
885 2146 1034 2183 Martha
1062 2148 1203 2192 femina
1226 2148 1428 2183 clarissima
1450 2148 1633 2184 maiestati
1655 2151 1804 2184 nostrae
1827 2147 1958 2184 obtulit
1979 2158 2054 2194 qua
2076 2148 2341 2192 continebatur,

109 2191 239 2238 Serqio
266 2191 483 2238 maqnificae
510 2192 704 2227 memoriae
723 2196 832 2238 patre
852 2202 919 2228 suo
940 2191 1115 2238 defuncto
1136 2193 1254 2239 ipsam
1278 2192 1422 2239 quidem
1444 2197 1567 2229 tenera
1590 2192 1782 2228 admodum
1806 2197 1927 2229 aetate
1948 2194 2112 2229 relictam
2134 2204 2224 2235 esse,
2249 2197 2341 2230 tute·

108 2237 181 2272 lam
209 2241 328 2273 autem
357 2247 460 2272 suam
479 2237 700 2272 Auxentium
727 2237 904 2282 seminam
934 2236 1170 2272 clarissimam
1193 2241 1342 2273 matrem
1363 2248 1468 2273 suam
1490 2238 1691 2283 suscepisse
1713 2238 1904 2273 testatione
1926 2238 1965 2272 in
1988 2239 2080 2273 actis
2102 2238 2270 2285 deposita
2292 2239 2344 2274 ad

107 2281 285 2317 secundas
305 2292 345 2318 se
367 2281 517 2328 nuptias
539 2292 613 2317 non
633 2288 832 2324 venturam,
856 2284 891 2316 ct
907 2283 1089 2328 praestito
1112 2282 1348 2318 iureiurando
1371 2282 1511 2328 quibus
1532 2283 1670 2318 nostris
1690 2293 1735 2318 ea
1757 2282 1802 2317 de
1823 2293 1865 2318 re
1887 2284 2083 2319 constituto
2106 2294 2166 2319 res
2188 2283 2342 2318 admini-

107 2331 260 2369 strasse,
301 2326 358 2362 Ju‘s
397 2330 515 2362 autem
547 2327 593 2362 ab
625 2337 669 2362 ea
691 2327 819 2372 qestis,
854 2327 961 2372 quasi
991 2337 1107 2372 neque
1135 2326 1387 2362 iusiurandum
1415 2327 1529 2362 ullum
1559 2327 1605 2363 ab
1635 2338 1680 2362 ea
1702 2328 1922 2374 praestitum
1952 2333 2046 2363 esset
2075 2332 2111 2363 et
2139 2328 2342 2364 substantia

107 2372 235 2408 relicta
258 2371 339 2407 vilis
367 2376 477 2417 atque
505 2371 764 2407 contemnenda
793 2375 903 2414 esset,
934 2382 1056 2418 pauca
1087 2372 1266 2418 quaedam
1294 2373 1333 2407 in
1361 2372 1565 2408 inventario
1588 2372 1634 2408 ab
1657 2383 1701 2407 ea
1730 2373 1899 2417 confecto
1930 2377 2058 2408 notata
2088 2383 2166 2408 esse
2173 2387 2186 2415 ,·
2213 2377 2342 2425 postea

106 2427 192 2453 vero
214 2416 393 2452 secundas
414 2427 494 2452 eam
518 2417 667 2462 nuptias
688 2416 895 2463 amplexam
919 2427 996 2452 esse
1020 2421 1138 2452 tutore
1158 2417 1227 2452 sibi
1250 2416 1362 2452 Petro
1383 2416 1585 2463 designato,
1616 2422 1726 2462 atque
1747 2416 1841 2452 duos
1859 2427 1910 2453 ea:
1931 2417 2088 2453 secundo
2110 2418 2341 2454 matrimonio

107 2461 275 2497 habuisse
297 2461 441 2503 liberos,
463 2461 560 2496 unde
582 2472 663 2497 cum
680 2471 816 2507 parum
839 2460 927 2496 bene
949 2460 1122 2497 adversus
1141 2472 1182 2497 se
1204 2461 1339 2507 affecta
1361 2467 1464 2503 esset,
1489 2466 1643 2497 tutorem
1666 2461 1712 2497 ab
1735 2472 1779 2497 ea
1801 2463 2003 2498 institutum
2037 2462 2081 2498 ab
2112 2462 2341 2498 administra-

108 2507 207 2543 tione
235 2506 442 2548 removisse,
472 2516 553 2542 cum
584 2507 665 2552 ipsa
698 2506 764 2541 vix
795 2506 938 2541 tertium
969 2505 1143 2542 decimum
1174 2517 1309 2541 annum
1339 2507 1506 2552 inqressa
1535 2510 1627 2542 esset
1658 2507 1797 2552 sibique
1854 2507 2051 2543 ersuasisse
2072 2512 2114 2542 ut
2135 2513 2342 2544 curatorem

106 2551 286 2588 secundae
315 2554 447 2587 aetatis
470 2555 630 2597 peteret,
659 2550 744 2586 item
773 2550 857 2586 ilico
883 2553 1112 2596 persuasisse
1139 2556 1180 2587 ut
1204 2551 1413 2597 pactionem
1445 2562 1526 2587 cum
1558 2551 1641 2598 ipsa
1671 2552 1815 2586 conseri
1836 2556 1913 2587 eret
1943 2557 2054 2598 atque
2085 2553 2184 2588 omni
2203 2553 2344 2588 actioni

107 2607 202 2642 quae
223 2595 419 2632 secundum
442 2595 539 2642 teqes
559 2595 691 2631 tutelae
712 2596 896 2631 rationum
919 2596 1060 2631 nomine
1079 2596 1148 2631 sibi
1170 2600 1370 2642 competere
1386 2601 1516 2642 posset
1534 2607 1605 2643 per
1629 2596 1734 2631 talem
1751 2597 1962 2642 pactionem
1984 2598 2222 2640 renuntiaret,
2251 2601 2340 2633 tam·

107 2641 178 2677 etsi
196 2642 303 2677 etiam
328 2646 402 2676 tum
425 2641 464 2676 in
487 2640 652 2677 cubiculo
675 2644 767 2675 esset
788 2651 855 2676 nec
877 2641 1070 2686 quicquam
1084 2640 1309 2687 intelleqeret
1322 2652 1449 2677 eorum
1463 2651 1557 2687 quae
1570 2644 1804 2687 gererentur.-
1828 2652 1944 2686 neque
1960 2642 2053 2677 enim
2067 2642 2155 2686 fieri
2164 2642 2339 2689 potuisse,

107 2690 150 2721 ut
178 2696 273 2731 quae
303 2685 405 2732 apud
431 2685 531 2720 illam
562 2689 724 2720 maneret
752 2695 819 2720 nec
849 2685 1017 2731 cuiquam
1047 2686 1191 2721 verbum
1219 2686 1347 2731 facere
1372 2690 1498 2733 posset
1529 2685 1574 2721 de
1604 2686 1650 2721 iis
1679 2696 1775 2732 quae
1796 2685 1971 2722 adversus
1992 2687 2110 2733 ipsam
2133 2692 2341 2733 afferentur,

107 2730 248 2766 etiamsi
277 2729 446 2765 damn-um
477 2730 546 2766 sibi
575 2730 712 2775 inferri
738 2730 917 2772 seruisset,
976 2731 1143 2776 uicquam
1167 2741 1290 2766 eorum
1311 2731 1457 2776 faceret
1480 2741 1573 2776 quae
1590 2729 1785 2777 prohibere
1804 2735 1957 2777 possent
1978 2732 2132 2767 consilia
2155 2732 2206 2768 ad
2227 2733 2342 2779 ipsius

108 2774 261 2810 insidias
291 2775 456 2821 aqitata;
484 2786 563 2811 cum
593 2779 712 2810 autem
744 2780 884 2820 tempus
913 2785 934 2809 e
951 2775 1079 2819 ficeret
1110 2778 1149 2810 ut
1173 2775 1245 2810 iam
1268 2786 1362 2822 quae
1384 2775 1558 2812 adversus
1579 2786 1619 2811 se
1640 2775 1782 2822 aqitata
1805 2780 1924 2812 essent
1944 2777 2111 2820 sentiret,
2138 2787 2178 2812 se
2199 2777 2341 2823 quidem

108 2819 414 2855 admonitionibus
436 2830 538 2855 usam
561 2830 638 2856 esse
660 2819 762 2865 apud
779 2823 942 2862 matrem,
972 2830 1018 2855 ne
1037 2819 1083 2855 iis
1131 2830 1198 2856 uae
1221 2823 1348 2856 contra
1370 2831 1409 2856 se
1431 2824 1515 2856 acta
1538 2826 1656 2856 essent
1679 2820 1900 2864 abuteretur,
1923 2820 1990 2856 sed
2010 2825 2051 2857 ut
2097 2833 2168 2858 uae
2189 2826 2341 2858 matrem

107 2864 276 2900 decerent
303 2875 394 2910 erqa
419 2875 458 2900 se
475 2869 695 2911 praestaret,
717 2868 827 2910 atque
844 2869 1086 2910 paternorum
1133 2875 1285 2900 cnorum
1308 2865 1377 2901 sibi
1399 2865 1660 2901 restitutionem
1705 2870 1825 2902 acet-et
1847 2866 2058 2912 quemadmo
2085 2878 2143 2901 um
2168 2866 2240 2913 leqi
2255 2867 2340 2913 pla-

109 2914 224 2951 ceret;
254 2908 354 2944 illam
386 2920 470 2945 vero
501 2909 622 2945 liberis
651 2919 701 2944 ex
729 2909 886 2944 secundo
915 2909 1145 2944 matrimonio
1175 2911 1274 2945 natis
1304 2914 1416 2946 totam
1439 2909 1595 2946 deditam
1619 2921 1643 2945 n
1685 2910 1719 2945 lo
1735 2914 1852 2957 pacto
1873 2911 2050 2947 eiusmodi
2070 2912 2254 2947 orationes
2275 2911 2341 2945 ad-

107 2954 256 2997 misisse,
288 2954 375 2999 quin
406 2965 427 2989 e
457 2954 640 2989 contrario
672 2964 813 2989 sacram
838 2957 997 2989 nostram
1018 2954 1266 3000 praetendisse
1289 2954 1415 3000 leqem,
1439 2965 1512 3000 qua
1535 2955 1767 2990 contineatur
1786 2966 1861 2991 non
1879 2966 1991 3002 posse
2014 2967 2052 2992 se
2074 2961 2201 2992 contra
2223 2956 2341 3002 ipsam

107 2998 344 3034 restitutionis
365 2998 444 3035 iure
467 3000 539 3034 uti:
562 3009 781 3045 quamquam
801 3009 845 3034 ea
869 2998 932 3034 lea:
954 2998 1049 3033 nim
1067 2998 1241 3034 eiusmodi
1262 3000 1406 3035 sanciat
1435 3000 1480 3035 de
1500 2999 1676 3035 matribus
1694 3011 1789 3045 quae
1808 3000 2003 3036 liberorum
2021 3012 2170 3036 suorum
2195 3000 2340 3035 tutelam

107 3044 349 3090 suscepissent
371 3048 406 3079 et
428 3043 606 3079 secundas
628 3055 677 3079 nu
706 3044 777 3079 tias
797 3044 1111 3090 amplecterentur,
1133 3043 1199 3079 sed
1216 3044 1301 3079 aliis
1323 3044 1368 3080 de
1392 3045 1551 3080 terminis
1573 3049 1609 3080 et
1631 3045 1748 3080 modis
1770 3056 1794 3080 a
1809 3046 1946 3091 pietate
1959 3050 2086 3081 nostra
2092 3045 2341 3092 pronuntiata

107 3089 166 3122 sit.
212 3090 331 3134 Atque
349 3093 551 3135 propterea
574 3099 641 3135 sup
685 3089 876 3124 icationem
900 3089 1005 3124 nobis
1028 3088 1167 3131 obtulit,
1199 3100 1271 3134 quo
1302 3094 1338 3126 et
1361 3089 1548 3125 consilium
1570 3099 1701 3126 sacrae
1733 3089 1824 3136 leqis
1846 3090 2078 3136 manifestum
2102 3095 2211 3135 atque
2232 3094 2343 3124 extra

109 3131 366 3183 dubitationem
388 3134 553 3179 positum
584 3099 830 3175 rectem-emus,
862 3144 949 3169 neve
979 3133 1025 3168 iis
1055 3144 1149 3179 quae
1179 3133 1303 3170 eadem
1334 3134 1565 3170 continentur
1596 3135 1747 3171 abutens
1770 3135 1955 3171 Aua-entia
1985 3139 2100 3170 mater
2129 3144 2197 3169 sua
2227 3143 2286 3169 res
2316 3144 2341 3168 a

108 3181 216 3222 patre
233 3177 378 3213 relictas
400 3179 439 3213 in
454 3179 650 3225 proprium
674 3178 812 3214 lucrum
838 3183 1070 3214 converteret.

157 3322 178 3354 2
207 3323 293 3354 rubr.
317 3323 407 3364 Περὶ
438 3321 505 3355 τοῦ
533 3319 719 3356 δύνασθαι
739 3322 822 3356 τοὺς
846 3321 977 3358 παῖδας
1000 3322 1091 3357 κατὰ
1113 3324 1191 3357 τῶν
1222 3325 1226 3351 !
1259 3324 1262 3360 ἶ
1286 3320 1474 3367 διδομένου
1495 3324 1556 3367 Lfl
1577 3326 1617 3359 12
1642 3321 1919 3368 προβαλομένην
1934 3321 1994 3366 L'
2016 3324 2056 3356 14
2081 3320 2343 3366 ἐπιλαβομένης

112 3363 429 3406 ἐπιτροπευόντων
452 3363 578 3400 αὐτῶν
599 3369 739 3411 γονέων
761 3367 867 3408 (κατὰ
883 3370 962 3402 τῶν
978 3369 1192 3412 ἐπιτρόπων
1223 3357 1226 3388 ³
1261 3369 1292 3402 L
1310 3371 1322 3407 ΙΙ
1345 3367 1494 3403 πείθειν
1518 3370 1726 3409 Haloander]
1751 3367 1874 3401 πείθει
1899 3368 1970 3400 ML
1988 3368 2005 3421 ι
2025 3367 2176 3409 ζητῆσαι
2200 3368 2250 3401 L⁶
2267 3368 2280 3410 Ι
2299 3371 2339 3402 15

111 3407 237 3442 αι”τῶν
260 3412 367 3451 index)
385 3407 717 3445 ἀποκαθίστασθαι
739 3414 816 3445 ΔιΙι.
844 3413 858 3456 Ι
887 3411 964 3447 δεῖν
983 3434 1028 3438 -
1048 3412 1191 3447 ὑποκεῖ-
1223 3406 1227 3437 3
1260 3413 1407 3448 πείθειν
1424 3415 1631 3454 Haloander]
1653 3412 1777 3446 πείθει
1802 3413 1873 3445 ML
1919 3407 2033 3454 αὐτην
2049 3413 2121 3445 ML
2146 3413 2200 3456 (cll
2218 3415 2295 3454 732,
2308 3415 2341 3455 8)

112 3453 216 3494 σθαι]
251 3450 470 3488 ὑποκεῖσθαι
498 3453 562 3489 τὰς
583 3457 738 3501 μητέρας
765 3457 884 3490 Theod.
915 3457 928 3501 fl
956 3461 977 3492 4
999 3458 1191 3503 στρατηγῷ
1258 3460 1271 3502 fl
1295 3461 1334 3492 17
1360 3461 1420 3491 καὶ
1440 3461 1446 3499 Ι
1467 3461 1527 3491 καὶ
1543 3458 1633 3503 πρὸς
1648 3459 1679 3490 L
1708 3459 1721 3500 Ι
1752 3458 1792 3490 18
1816 3456 1922 3489 εἶκαὶ
1940 3470 2008 3490 cum
2032 3458 2230 3490 Haloandro
2251 3459 2340 3500 vulq.

113 3500 231 3532 addidi
254 3512 292 3532 ea:
316 3500 391 3532 Aeh.
409 3499 422 3539 Ι
440 3503 459 3534 5
484 3497 656 3540 ἀνέτεινε]
680 3497 865 3534 ἀνέτεινεν
888 3498 976 3545 ἡμῖν
996 3506 1048 3536 cit.
1071 3505 1103 3536 Τ
1101 3505 1192 3536 heod.
1260 3502 1371 3546 malefl
1391 3505 1433 3537 20
1457 3500 1596 3542 ταύτην
1614 3503 1644 3534 L
1660 3504 1672 3543 Ι]
1692 3499 1944 3534 αἰσθάνεσθαι
1961 3502 1992 3534 L
2010 3500 2023 3541 Ι
2039 3503 2079 3535 21
2105 3499 2342 3542 ἐνδείξασθαι

112 3544 122 3585 ᾗ,
140 3545 161 3577 6
183 3545 372 3588 γινομένου
395 3545 427 3577 L
456 3543 470 3588 Ι
504 3547 523 3578 7
557 3544 826 3588 καταθεμένην]
858 3548 918 3578 καὶ
937 3548 1194 3591 καταθεμένην
1262 3549 1292 3581 L
1310 3549 1323 3591 ΙΙ
1341 3550 1383 3581 23
1407 3546 1607 3591 προΐεσθαι
1633 3546 1691 3589 Lu
1718 3547 1760 3579 24
1785 3548 1844 3578 καὶ
1868 3559 1926 3579 om.
1952 3558 2020 3579 cum
2045 3547 2231 3590 Scrimqero
2253 3549 2342 3591 vulq-

114 3590 233 3621 mavult
258 3589 446 3622 Zachariae
466 3602 638 3632 perperam
656 3589 668 3632 Π
686 3591 707 3623 8
730 3589 1016 3634 *exoccupationi
1038 3594 1112 3626 ML
1136 3594 1192 3646 (cf.
1262 3595 1343 3625 male
1358 3592 1372 3635 Ι
1390 3592 1627 3634 νομοθεσίαν]
1656 3591 1733 3623 Cod.
1752 3591 1783 3630 2,
1800 3598 1842 3630 41,
1860 3598 1876 3624 2
1900 3591 1913 3634 Ι
1940 3592 1983 3625 25
2006 3590 2167 3634 χρῆσθαι
2190 3592 2222 3625 L
2238 3590 2252 3636 Ι
2267 3604 2341 3626 τοι·

114 3634 191 3673 732,
209 3635 238 3675 6)
254 3633 267 3677 fl
285 3635 306 3667 9
327 3632 460 3675 νόμοις]
489 3634 567 3668 cod.
582 3636 614 3675 5,
628 3641 673 3675 35,
687 3642 704 3667 ‘2
721 3634 734 3677 Ε
763 3636 803 3668 10
818 3643 968 3679 praestat
989 3635 1074 3670 οὔτε
1096 3647 1196 3671 τινος
1262 3636 1383 3671 οὗτων
1409 3637 1465 3669 Μ’*
1483 3636 1496 3679 ss
1512 3636 1654 3669 οἰκείων
1677 3648 1737 3669 om.
1761 3635 1811 3668 L‘·

1997 3692 2069 3726 92*
