2592 3840
266 84 307 126 N
308 97 374 127 ov.
395 83 513 128 XCII
545 90 564 128 1

266 195 469 239 ποιήσαιτο,
516 190 612 229 οὕτω
641 194 710 240 γὰρ
740 191 847 229 οὐδὲν
878 196 931 230 ἔτι
962 199 1040 230 ταῖς
1071 193 1219 241 δωρεαῖς
1241 198 1343 243 ἐγκα-

266 240 442 283 λέσουσιν,
463 243 603 283 ἔχοντες
625 241 693 284 μὲν
717 241 776 274 ἐπὶ
797 239 898 287 πάσῃ
920 242 966 287 τῇ
990 238 1096 283 οὐσίᾳ
1118 242 1183 275 τοῦ
1207 242 1344 287 πατρὸς

266 285 309 321 τὸ
346 283 420 320 ἀπὸ
455 287 534 320 τῶν
567 282 705 329 νόμων,
742 285 834 319 κατὰ
865 287 1040 320 τοσοῦτον
1077 284 1116 319 δὲ
1148 283 1342 331 αὐξομένου

266 330 395 365 τούτου
418 332 482 365 τοῦ
506 333 647 375 μέτρου,
671 327 765 363 καθ’
787 326 877 364 ὅσον
902 334 961 364 καὶ
984 331 1029 364 τὰ
1055 332 1251 379 πράγματα
1274 332 1343 374 εἶχε

265 378 330 410 τοῦ
347 375 484 421 πατρὸς
504 378 591 420 πρὶν
614 377 691 409 ταῖς
708 372 857 420 δωρεαῖς
880 375 1129 420 ἑξαντληθείη.
1172 373 1215 411 οὗ
1236 374 1342 411 δυνα-

265 424 387 464 μένων
407 422 484 455 τῶν
502 423 579 454 ταῖς
595 417 743 465 δωρεαῖς
761 423 1011 465 τετιμημένων
1031 420 1177 456 παίδων
1191 422 1343 467 φάσκειν

265 463 456 510 ἀρκεῖσθαι
485 467 552 509 μὲν
581 468 658 499 ταῖς
681 461 843 511 ἀμέτροις
866 466 1014 500 ταύταις
1038 464 1200 512 δωρεαῖς,
1226 465 1343 501 δοκεῖν

266 509 305 544 δὲ
319 509 551 556 ἀφίστασθαι
566 510 631 544 τοῦ
649 510 820 556 πατρῴου
836 510 975 555 κλήρου,
999 508 1078 546 ἄλλ’
1100 509 1163 546 οὐκ
1187 509 1342 559 ἀναγκα-

266 558 429 599 ζομένων
444 558 520 599 μέν,
538 556 569 610 εἰ
584 552 779 610 ᾂρκοῦνται
793 558 871 590 ταῖς
888 554 1051 601 δωρεαῖς,
1075 555 1342 600 καταδέχεσθαι

1330 82 1414 130 458

1835 98 1896 130 DE
1923 99 2129 132 munusls
2156 98 2482 132 DONA'I'IONIBUS

1411 195 1616 240 honoravit,
1639 195 1784 232 faceret.
1831 196 1892 233 Sic
1914 197 2008 233 enim
2030 197 2119 233 nihil
2139 197 2287 235 ulterius
2308 198 2347 235 in
2370 198 2480 235 dona-

1412 240 1568 276 tionibus
1592 242 1845 285 querebantur,
1868 242 2040 278 habentes
2062 242 2201 288 quidem
2223 243 2260 279 in
2278 244 2375 280 omni
2397 243 2480 280 sub-

1412 285 1545 321 stantia
1567 287 1681 330 patris
1712 287 1806 332 quod
1828 287 2022 331 legitimum
2045 291 2110 330 est,
2140 288 2178 324 in
2200 291 2339 324 tantum
2361 293 2481 325 autem

1411 334 1519 366 aucta
1539 331 1753 375 quantitate,
1787 337 1958 377 quantum
1986 332 2113 369 habuit
2140 333 2340 370 substantia
2391 334 2480 370 atris

1379 381 1398 412 5
1411 379 1601 419 antequam
1635 377 1885 413 donationibus
1922 377 2187 422 exhauriretur-3
2226 389 2299 415 non
2332 390 2353 414 v
2389 379 2479 414 enti-

1410 421 1478 455 bus
1501 420 1583 456 filiis
1630 421 1667 457 ui
1690 421 1942 459 donationibus
1962 423 2127 458 honorati
2145 427 2229 459 sunt
2251 423 2370 460 dicere
2393 433 2480 459 con-

1410 469 1528 501 tentos
1552 466 1610 511 qui
1637 477 1691 502 em
1714 476 1793 503 esse
1813 468 1980 504 inmensis
2003 468 2060 504 bis
2081 468 2344 512 donationibus,
2367 468 2480 505 videri

1410 514 1529 546 autem
1559 511 1739 548 abstinere
1769 516 1918 558 paterna
1947 513 2154 555 hereditate,
2186 513 2250 549 sed
2279 523 2394 559 neque
2418 523 2479 550 co-

1409 556 1532 600 gendis
1556 556 1712 601 quidem,
1737 558 1769 593 si
1792 559 1951 594 contenti
1973 562 2057 594 sunt
2081 558 2342 603 donationibus,
2365 558 2480 595 susci·

265 615 332 634 τον
363 600 503 654 κλῆρον,
534 613 693 647 αναγκην
725 599 765 634 δὲ
793 600 956 644 ἐχόντων
986 603 1077 636 πᾶσι
1100 601 1250 648 τρόποις
1280 604 1342 636 ἐπ-
1358 606 1397 638 10
1410 610 1493 646 pere
1528 601 1779 645 hereditatem,
1820 604 2069 639 necessitatem
2108 606 2229 639 autem
2266 603 2480 640 habentibus

266 658 417 680 ανισουν
451 648 524 680 τοῖς
554 642 719 691 ἀδελφοῖς
752 645 795 680 τὸ
833 646 1007 681 ἐντεῦθεν
1042 645 1214 694 διαφέρον
1248 643 1338 681 καθ’

264 688 354 725 ὅσον
369 690 559 736 εἰρήκαμεν
577 694 720 736 μέτρον,
744 687 832 725 ὥςτε
851 691 900 735 μὴ
919 691 1074 726 ἔλαττον
1098 690 1227 727 αὐτοὺς
1250 694 1343 735 ἔχειν

263 736 306 770 τὸ
332 738 370 769 ἐκ
397 737 476 770 τῶν
498 735 626 780 νόμων
650 733 769 770 αὐτοῖς
792 733 1028 782 ὀφειλόμενον
1060 735 1121 771 διὰ
1151 738 1220 781 τὴν
1242 751 1341 784 γενο-

262 784 376 826 μένην
399 783 460 816 ἐπὶ
483 784 562 815 ταῖς
585 779 733 827 δωρεαῖς
756 778 946 837 ductetur:
971 778 1063 817 ὅπου
1085 796 1126 830 γε
1146 783 1263 824 ἔξεστι
1286 784 1339 826 τῷ

1410 646 1576 681 omnibus
1598 646 1712 682 modis
1736 648 1913 693 complere
1934 649 2107 684 fratribus
2139 649 2235 693 quod
2257 649 2340 685 hinc
2364 648 2482 684 differt

1411 691 1604 726 secundum
1627 702 1732 737 quam
1748 693 1954 738 scripsimus
1975 703 2193 736 mensuram,
2216 698 2257 729 ut
2271 704 2345 730 non
2362 693 2480 729 minus

1410 736 1462 771 illi
1496 736 1652 772 habeant
1686 737 1781 783 quod
1815 748 1859 773 ex
1893 739 2027 784 legibus
2063 739 2114 774 eis
2148 739 2298 775 debetur
2333 742 2481 785 propter

1410 781 1543 817 factam
1580 781 1615 817 in
1651 782 1901 819 donationibus
1940 783 2218 820 inmensitatem:
2259 784 2343 820 dum
2374 783 2482 820 liceat

264 830 376 871 πατρὶ
398 829 527 881 με’)τριξι
551 827 776 872 φρονήσαντι
799 830 881 874 περὶ
904 840 972 870 την
997 839 1122 862 πασαν
1143 828 1256 875 γονὴν
1282 832 1341 862 καὶ
1357 830 1396 863 15
1410 826 1505 871 patri
1523 827 1752 863 mediocriter
1771 828 1924 873 sapienti
1949 829 2045 865 circa
2068 839 2206 865 omnem
2223 829 2358 875 prolem
2373 828 2481 865 etiam

262 875 335 905 τοῖς
359 884 434 916 παρ
474 873 584 905 αυτοῦ
608 870 747 915 μᾶλλον
770 868 1021 919 ἀγαπωμένοις
1050 874 1278 919 χαρίσασθαί
1304 886 1341 908 τι

264 916 374 952 πλέον
406 919 465 950 καὶ
495 917 546 961 μὴ
575 917 658 951 τοὺς
688 916 834 952 λοιποὺς
861 915 993 953 παῖδας
1016 916 1077 952 διὰ
1100 920 1162 962 τῆς
1183 919 1231 953 εἰς
1254 920 1341 952 ἐκεί-

263 974 344 996 νους
378 965 570 1008 γενομένης
605 959 775 1016 ᾆμετρίας
804 960 946 1016 βλάψαι
982 966 1043 997 καὶ
1077 962 1145 998 τὸν
1172 961 1341 1009 ἡμέτερον

1410 872 1466 907 his
1497 872 1558 917 qui
1581 873 1628 907 ab
1652 882 1695 908 eo
1717 872 1839 917 potius
1862 873 2056 918 diliguntur
2085 873 2220 910 donare
2249 874 2383 920 aliquid
2405 884 2479 910 am-

1436 918 1515 960 lius,
1545 920 1580 953 et
1603 928 1675 953 non
1700 921 1836 953 ceteros
1859 918 1953 955 filios
1974 928 2040 964 per
2060 918 2322 955 inmensitatem
2342 919 2381 955 in
2398 918 2479 955 illos

1425 968 1542 997 actam
1560 962 1700 998 laedere
1725 966 1760 999 et
1782 966 1941 999 nostram
1963 963 2217 1000 transcendere
2238 964 2479 1000 intentionem.

263 1009 474 1053 παραβῆναι
503 1019 652 1042 σκοπον.
700 1011 761 1041 καὶ
790 1021 899 1042 τουτο
930 1009 1070 1055 ἐγένετο
1097 1010 1165 1052 μὲν
1192 1007 1279 1053 ἡμῖν
1303 1009 1341 1049 ἐξ
1410 1008 1459 1042 Et
1491 1007 1560 1043 hoc
1593 1008 1733 1053 quidem
1755 1011 1879 1044 nostra
1902 1009 1949 1044 ab
1971 1009 2070 1045 initio
2093 1009 2260 1053 cogitatio
2280 1012 2350 1053 est,
2380 1008 2479 1045 diffe-

263 1050 370 1098 ἆρχῆς
401 1051 592 1097 ἐνθύμιον,
629 1049 920 1107 ἀναβαλλόμενοι
953 1051 993 1087 δὲ
1015 1050 1104 1088 αὗτὸ
1130 1053 1258 1098 πρώην
1282 1057 1340 1087 καὶ
1355 1056 1395 1088 20
1410 1057 1527 1088 rentes
1563 1057 1681 1089 autem
1714 1053 1801 1089 illud
1835 1053 1968 1089 dudum
2007 1058 2042 1089 et
2075 1053 2310 1090 humanarum
2344 1054 2482 1107 essperti

262 1100 340 1132 τῶν
369 1095 626 1144 ἀνθρωπίνων
649 1111 866 1143 πειρωμενοι
890 1100 1027 1145 ψυχῶν,
1058 1097 1252 1144 ἐπειδήπερ
1275 1100 1341 1133 ἑω-

263 1145 382 1189 ρῶμεν
414 1141 543 1178 αὐτοὺς
576 1144 624 1177 εἰς
656 1143 719 1178 τὰς
750 1143 919 1178 τοιαύτας
954 1145 1201 1190 προςπαθείας
1232 1143 1340 1185 ἐξολι-

262 1186 486 1223 σθαίνοντάς
522 1202 561 1223 τε
595 1192 656 1222 καὶ
686 1192 1008 1235 καταφερομένους,
1045 1187 1104 1223 διὰ
1135 1190 1243 1224 τοῦτο
1274 1191 1342 1224 νῦν

263 1233 474 1280 προςθήκην
501 1235 627 1277 ἐκείνῳ
657 1235 710 1277 τῷ
735 1234 838 1278 νόμῳ
869 1233 1007 1277 ταύτην
1034 1234 1250 1279 ποιούμεθα.

1410 1098 2028 1179 animgrunli,bq}ioniamvidebalmus
2047 1108 2108 1179 eois
2127 1099 2166 1135 in
2180 1098 2382 1136 huiusmodi
2395 1109 2480 1144 pas-

1409 1154 1635 1234 {ignem
1648 1147 1801 1234 afflig
1812 1147 2077 1226 ”1533323131‘232
2093 1154 2163 1188 θ’θ’
2179 1146 2372 1190 Ρ’“Ρ“”“
2383 1154 2481 1180 ”¹²⁰⁰

261 1282 282 1316 1
334 1281 454 1334 Ταῦτα
485 1282 615 1334 μέντοι,
638 1281 759 1334 φαμὲν
789 1283 871 1327 περὶ
893 1278 1048 1335 παίδων
1074 1283 1341 1335 κεχαρισμένων
1354 1282 1396 1315 25
1409 1281 1429 1315 l
1476 1279 1575 1315 Haec
1599 1279 1722 1323 itaque
1746 1278 1895 1314 dicimus
1926 1279 1970 1315 de
1999 1278 2083 1315 filiis
2112 1279 2222 1324 gratis
2244 1279 2480 1316 existentibus

262 1324 386 1359 ὄντων
410 1328 544 1367 αυτοῖς,
575 1338 617 1359 ου
639 1339 713 1369 μην
743 1328 825 1370 περὶ
855 1338 934 1360 των
957 1339 1186 1371 αγνωμονων
1209 1329 1268 1359 καὶ
1291 1325 1342 1360 οἷς

262 1368 282 1403 ὁ
307 1370 429 1415 πατὴρ
453 1368 599 1405 δικαίαν
628 1383 669 1404 τε
698 1373 757 1403 καὶ
778 1370 934 1415 νόμιμον
959 1367 1172 1416 ἀχαριστίαν
1204 1370 1339 1417 ἐπάγει.

261 1417 301 1471 εἰ(
314 1416 384 1469 yde
409 1417 517 1470 τοῦτο
549 1411 663 1449 οὕτως
686 1417 768 1457 ἑζκον
791 1419 919 1472 φανείη
950 1419 1010 1471 καὶ
1034 1413 1341 1470 ἀποδειχθείησαν

1409 1324 1471 1366 eis,
1496 1335 1568 1359 non
1589 1324 1633 1360 de
1650 1324 1798 1368 ingratis
1821 1329 1858 1360 et
1903 1324 2009 1360 uibus
2031 1329 2135 1370 pater
2155 1325 2285 1360 iustam
2308 1327 2345 1361 et
2365 1324 2479 1370 legiti-

1409 1380 1502 1404 mam
1526 1369 1814 1414 ingratitudinem
1838 1369 1875 1405 in
1893 1374 1957 1405 ert.
2003 1369 2096 1405 Nam
2127 1370 2158 1405 si
2181 1369 2250 1405 boc
2281 1369 2332 1405 ita
2353 1379 2393 1405 se
2415 1370 2479 1406 ha·

1410 1415 1493 1450 bere
1524 1414 1732 1466 apparuerit
1763 1418 1800 1450 et
1828 1415 2073 1460 approbentur
2102 1414 2367 1459 ingratitudinis
2394 1425 2479 1451 cau·

261 1475 299 1494 αι
319 1472 381 1504 της
411 1465 619 1506 αχαριστίας
650 1461 780 1499 αἰτίαι,
811 1465 906 1495 ἐστω
929 1474 975 1494 τα
1007 1462 1084 1495 τῶν
1107 1474 1235 1506 νομων
1262 1462 1341 1496 τῶν
1409 1470 1487 1500 sae,
1521 1466 1591 1495 Sint
1614 1470 1658 1495 ea
1681 1469 1774 1504 quae
1797 1460 1874 1504 lego
1905 1459 1949 1496 de
1970 1460 2118 1505 ingratis
2141 1460 2260 1505 posita
2282 1462 2368 1497 sunt
2388 1464 2479 1503 rata,

262 1508 322 1560 {nl
353 1509 426 1540 τοῖς
456 1502 658 1551 ἀχαρίστοις
687 1508 863 1549 κειμένων
885 1504 1006 1552 κύρια,
1038 1503 1144 1541 οὐδὲν
1174 1508 1214 1540 ἐκ
1235 1505 1338 1550 τῆςδε
1354 1509 1394 1541 30
1408 1505 1495 1540 nihil
1518 1505 1588 1541 hac
1611 1509 1734 1541 nostra
1756 1505 1978 1550 legislatione
2000 1505 2202 1541 minuenda.

260 1552 365 1595 ημῶν
387 1552 450 1593 τῆς
472 1551 691 1595 νομοθεσίας
713 1550 964 1595 ἐλαττούμενοι.

316 1593 409 1642 (Έπ
419 1600 434 1629 ί
440 1595 487 1630 λο
495 1596 597 1643 yos.)
658 1595 707 1630 Τοὶ
737 1600 863 1630 τοίνυν
893 1595 1134 1640 παραστάντα
1162 1593 1249 1641 ἡμῖν
1279 1599 1338 1630 καὶ

261 1639 322 1676 διὰ
358 1639 463 1675 τοῦδε
498 1639 697 1685 δηλούμενα
732 1643 796 1675 τοῦ
827 1642 931 1675 θείου
962 1638 1066 1685 ἡμῶν
1097 1640 1210 1685 νόμου
1241 1639 1263 1684 ἡ
1292 1641 1338 1685 σὴ

261 1685 415 1732 ὑπεροχὴ
441 1688 534 1734 ἔργῳ
564 1690 624 1720 καὶ
648 1690 778 1730 πέρατι
801 1684 1030 1732 παραδοῦναι
1054 1683 1258 1721 σπευσάτω.

1450 1595 1719 1641 (Epilogus.)
1763 1595 1862 1640 Quae
1877 1595 1985 1640 igitur
2006 1595 2217 1640 placuerunt
2238 1594 2343 1631 nobis
2365 1596 2402 1631 et
2415 1605 2480 1641 per

1406 1641 1500 1675 hanc
1525 1651 1663 1676 sacram
1687 1642 1847 1676 nostram
1870 1640 2053 1676 declarata
2075 1645 2160 1677 sunt
2178 1641 2302 1685 legem,
2324 1644 2390 1676 tua
2409 1641 2479 1676 cei-

1407 1686 1525 1721 situdo
1550 1686 1650 1731 operi
1672 1686 1882 1730 effectuique
1906 1685 2048 1721 tradere
2067 1685 2222 1723 festinet.

316 1733 400 1768 Dat.
424 1742 474 1767 v1.
499 1732 546 1767 id.
574 1732 652 1766 Oct.
682 1731 769 1778 (GP.
795 1731 879 1777 imp.
904 1731 963 1767 dn.
987 1731 1176 1767 Iustiniani
1205 1742 1265 1777 pp.
1290 1733 1334 1767 A.
1350 1734 1391 1766 35
1453 1732 1533 1767 Dat.
1557 1741 1608 1766 vr.
1633 1731 1715 1767 idus
1739 1731 1868 1767 Octob.
1895 1745 1980 1763 n·-

259 1788 353 1813 anno
370 1777 468 1812 XIII.
492 1777 634 1822 Apione
656 1788 686 1812 v.
713 1787 744 1812 c.
770 1777 887 1822 cons.)

259 1879 338 1904 eam
363 1866 565 1902 honoratos
588 1865 786 1918 conferret.
835 1864 895 1901 Ita
918 1865 1011 1902 enim
1029 1876 1106 1907 non
1129 1865 1285 1911 amplius
1309 1864 1525 1900 donationes
1547 1865 1772 1908 incusabant,
1796 1876 1876 1901 cum
1895 1869 1933 1901 et
1949 1875 2001 1901 ex
2019 1864 2118 1900 omni
2136 1863 2339 1900 substantia

1311 1780 1356 1819 [a.
1371 1779 1449 1819 539]

2358 1866 2480 1911 patris

259 1913 415 1949 babeant
437 1911 537 1964 quod
559 1911 591 1947 le
632 1916 753 1946 timum
777 1915 831 1946 cst
852 1915 890 1947 et
910 1911 943 1946 is
965 1910 1091 1946 modus
1112 1911 1151 1946 in
1175 1914 1313 1945 tantum
1336 1914 1465 1945 auctus
1487 1910 1546 1953 sit,
1570 1914 1744 1956 quantum
1767 1910 1971 1946 substantia
1991 1910 2112 1958 patris
2134 1908 2260 1946 habuit
2285 1914 2479 1956 antequam

258 1957 516 1994 donationibus
538 1967 587 1993 ex
613 1957 806 1991 auriretur.
854 1955 951 1992 Neve
982 1957 1089 1992 liceat
1117 1956 1240 1991 liberis
1262 1954 1517 1990 donationibus
1545 1954 1736 1991 honoratis
1757 1955 1876 1992 dicere
1905 1966 1944 1992 se
1966 1959 2155 1991 contentos
2181 1965 2260 1990 esse
2280 1954 2480 1991 immodicis

258 2004 332 2039 illis
355 2001 625 2044 donationibus,
656 2001 773 2037 videri
793 2005 912 2037 autem
936 2012 960 2036 a
977 2005 1139 2048 paterna
1163 2000 1362 2036 hereditate
1385 1999 1575 2040 abstinere,
1597 2000 1662 2035 sed
1683 2011 1728 2036 ne
1751 2004 1930 2047 coquntur
1951 2000 2009 2036 illi
2031 1998 2191 2046 quidem,
2220 2000 2256 2036 si
2275 1999 2478 2036 donationi-

258 2048 324 2084 bus
347 2047 508 2084 contenti
529 2048 622 2089 sint,
653 2046 885 2082 hereditatem
909 2045 1022 2089 adire,
1053 2046 1216 2082 omnibus
1246 2056 1331 2082 vero
1361 2044 1478 2081 modis
1506 2056 1648 2081 necesse
1679 2045 1835 2082 babeant
1855 2045 2038 2092 fratribus
2066 2044 2106 2079 id
2127 2044 2228 2091 quod
2247 2044 2333 2081 inde
2355 2044 2393 2081 di
2424 2048 2480 2082 ert

374 2105 408 2128 m

258 2093 375 2175 {³2⁶3an
405 2150 429 2174 u
445 2143 504 2174 tra
528 2136 671 2173 modum
694 2137 839 2182 factas:
873 2147 953 2172 cum
985 2137 1093 2172 liceat

458 2104 541 2128 uam
564 2091 725 2128 diximus
748 2102 951 2127 mensuram
975 2102 1196 2138 exaequare,
1229 2101 1274 2126 ne
1304 2090 1351 2125 iis
1382 2090 1483 2137 quod
1511 2101 1562 2126 ex
1583 2090 1723 2137 leqibus
1752 2090 1900 2126 debetur
1927 2090 2162 2126 imminuatur
2187 2094 2343 2137 propter
2412 2101 2476 2126 na-

1150 2136 1226 2172 atri
1254 2135 1375 2171 animo
1398 2135 1586 2171 moderato
1618 2146 1707 2181 erqa
1730 2137 1933 2172 universam
1959 2135 2101 2183 prolem
2125 2133 2258 2187 affecto
2290 2138 2327 2171 et
2347 2135 2394 2171 iis
2398 2146 2478 2216 ἕω

2422 2191 2478 2217 tce

257 2184 374 2231 maqis
397 2183 441 2219 ab
465 2183 546 2230 ipso
570 2182 774 2229 diliquntur
797 2182 953 2229 amplius
977 2178 1092 2228 aliqui
1142 2180 1274 2227 larqiri
1296 2191 1413 2227 neque
1434 2181 1502 2216 reli
1528 2191 1595 2216 uos
1618 2180 1750 2217 liberos
1765 2192 1839 2228 per
1861 2180 2093 2231 donationem
2122 2190 2162 2215 m
2184 2179 2268 2232 illos
2289 2179 2397 2232 immo

255 2231 398 2275 factam
422 2228 565 2265 laedere
587 2231 823 2273 nostrumque
846 2228 1102 2263 circumvenire
1130 2225 1371 2278 propositum.
1419 2224 1468 2261 Et
1516 2235 1559 2261 oc
1586 2226 1728 2272 quidem
1752 2226 1856 2262 nobis
1878 2225 1923 2262 ab
1943 2225 2046 2261 initio
2070 2235 2109 2260 in
2131 2235 2252 2260 ammo
2273 2225 2369 2271 fuit,
2399 2236 2480 2262 cum

257 2280 376 2310 autem
400 2273 439 2310 id
453 2273 565 2321 prius
596 2272 825 2319 differremus
855 2277 891 2308 et
919 2271 1102 2307 hominum
1133 2282 1274 2307 ammos
1307 2275 1374 2307 tem
1405 2268 1577 2313 tarentus,
1609 2272 1779 2317 quoniam
1807 2282 1870 2308 eos
1900 2271 1950 2307 ad
1970 2269 2147 2307 eiusmodi

238 2323 276 2360 ,1
323 2324 434 2366 atque
456 2319 599 2371 deferri
618 2318 840 2360 videbamus,
867 2321 1066 2370 propterea
1090 2327 1187 2352 nunc
1210 2315 1305 2352 hanc
1332 2316 1388 2352 ili
1415 2316 1487 2369 lcqi
1513 2316 1747 2353 adiectionem
1771 2317 1940 2363 facimus.

2174 2269 2330 2315 affectus
2362 2270 2482 2307 delabi

2031 2314 2134 2351 Haec
2155 2318 2272 2351 tamen
2295 2315 2340 2351 de
2360 2315 2481 2353 liberis

257 2364 407 2401 dicimus
431 2375 493 2411 qui
517 2364 617 2410 orati
638 2368 723 2398 sunt
747 2374 837 2409 crya
860 2374 971 2410 ipsos,
1002 2373 1117 2408 neque
1141 2372 1226 2398 vero
1250 2361 1294 2397 de
1316 2362 1474 2408 inqratzs
1503 2366 1539 2397 et
1562 2361 1692 2408 quibus
1707 2368 1819 2409 pater
1841 2362 1972 2398 iustam
2003 2366 2038 2397 et
2069 2360 2262 2406 leqitimam
2286 2360 2479 2407 ingratitu-

256 2412 374 2446 dinem
397 2409 572 2445 attribuit.
620 2407 715 2444 Nam
743 2408 776 2443 si
804 2407 875 2444 lzoc
905 2408 958 2443 ita
988 2419 1028 2444 se
1051 2407 1183 2443 babere
1207 2418 1229 2442 a
1255 2407 1425 2454 paruerit
1452 2411 1489 2442 et
1518 2417 1652 2442 causae
1674 2406 1948 2453 inqratitudinis
1971 2405 2153 2453 probatae
2174 2405 2259 2448 sint,
2289 2404 2409 2452 quum
2435 2405 2481 2443 de

256 2456 413 2502 infiatis
436 2455 593 2491 latarum
610 2457 813 2500 praecepta
835 2457 921 2489 rata
943 2453 1017 2489 sint
1047 2464 1134 2489 neve
1156 2463 1206 2488 ex
1255 2463 1299 2487 ac
1323 2451 1401 2499 leye
1425 2456 1553 2487 nostra
1575 2452 1650 2488 ullo
1675 2451 1782 2488 modo
1805 2452 2073 2488 imminuantur.

392 2499 457 2546 Ep
468 2500 483 2535 i
488 2499 502 2534 l
509 2510 530 2534 o
538 2510 633 2545 qus.
680 2497 781 2541 Quae
812 2498 923 2545 iqitur
953 2499 1058 2534 nobis
1082 2498 1306 2544 placuerunt
1340 2501 1376 2533 et
1398 2508 1472 2544 per
1502 2496 1597 2532 banc
1627 2507 1770 2533 sacram
1801 2497 1914 2543 leqem
1948 2500 2110 2532 nostram
2145 2494 2380 2532 declarantur
2417 2500 2480 2532 tua

256 2545 457 2581 sublimitas
477 2545 527 2579 ad
546 2555 639 2591 opus
662 2544 899 2589 effectumque
923 2543 1103 2579 adducere
1124 2542 1278 2578 studeat.

306 2638 318 2669 1
339 2634 420 2681 γὰρ]
442 2633 488 2680 γὰ
533 2631 580 2667 ἂν
598 2634 713 2666 ΡνοοΙι.
728 2639 822 2673 auct„
846 2632 916 2678 γὰρ
933 2631 1078 2678 γεγονὸς
1091 2633 1125 2666 Ε
1148 2645 1201 2665 an.
1215 2639 1312 2665 aucta
1324 2630 1336 2676 ss

257 2677 341 2714 οὐδὲ
361 2681 405 2713 Β*
418 2693 446 2713 υ.
462 2646 514 2722 Αἵ,
529 2679 594 2719 ἔτι]
616 2678 676 2712 ἐπὶ
689 2678 725 2710 Β
742 2678 884 2711 ulterius
900 2678 937 2711 in
954 2690 973 2714 ς
989 2678 1001 2721 ΙΙ
1018 2679 1096 2710 ταῖς
1136 2679 1262 2721 ωρεαῖς
1275 2689 1333 2710 om.

258 2727 374 2759 Proch.
387 2738 418 2758 υ.
434 2726 453 2757 l.
473 2724 486 2768 ΙΙ
507 2721 720 2769 ἐγκαλοῦσιν
741 2723 855 2756 Prock.
871 2736 899 2756 v.
911 2725 959 2765 Lu
986 2724 1005 2756 3
1028 2719 1272 2764 αὐξανομένου
1285 2722 1334 2755 Β*

258 2772 419 2804 Prot-hm.
435 2770 454 2802 I.
476 2769 567 2812 Epir.
597 2764 845 2811 (ἆντεξομένου
868 2768 991 2811 Εραη.)
1019 2767 1032 2811 ΙΙ
1059 2769 1081 2802 4
1105 2766 1235 2800 τούτου
1258 2766 1333 2806 τοῦ]

257 2816 321 2849 τοῦ
346 2812 511 2848 τοιούτου
524 2814 647 2857 Epan.,
671 2811 797 2845 τούτου
822 2826 879 2846 om.
898 2814 945 2846 Β*
954 2826 985 2845 υ.
998 2814 1030 2850 l..
1053 2813 1169 2846 Procli.
1182 2819 1278 2851 auct.‚
1293 2810 1335 2854 ςΙΙ

256 2863 398 2906 μέτρου]
422 2861 546 2903 μέρους
563 2858 605 2891 Μ
614 2872 638 2890 s.
650 2871 677 2891 v.
704 2858 716 2899 ΙΙ
741 2860 801 2890 καὶ
825 2871 883 2891 οηι.
898 2870 918 2894 ς
935 2858 947 2900 ΙΙ
968 2857 1064 2899 εἶχον
1077 2858 1206 2898 ΡνοοΙι.,
1224 2857 1334 2900 Epan-

259 2915 356 2940 ουσία
370 2906 383 2950 ΙΙ
402 2908 421 2938 5
439 2901 645 2948 ἐξαντληθῇ
667 2903 712 2935 13⁸
736 2904 824 2946 Epir.
843 2903 855 2945 ΙΙ
873 2905 893 2937 6
916 2905 1004 2943 ταῖς]
1029 2903 1090 2935 ἐπὶ
1110 2904 1188 2935 ταῖς
1209 2902 1334 2942 Proca,

258 2953 368 2996 Epan.
383 2958 479 2984 aucta
503 2949 515 2992 11
542 2951 559 2981 ‘1
585 2944 750 2992 ἅμέτραις
778 2948 825 2980 L⁰
849 2948 861 2991 ΙΙ
886 2949 906 2981 8
930 2945 1129 2993 ἀφικέσθαι
1154 2947 1204 2980 L‘²
1223 2950 1235 2987 ΙΙ
1257 2942 1334 2987 οὐκ]

257 3007 366 3039 neque
389 3008 409 3032 ς
431 2995 444 3034 11
471 2996 490 3028 9
513 2994 592 3037 μὲν]
616 2990 770 3036 μόνωνῖ)
796 2994 846 3025 L⁰
870 2992 883 3035 ΙΙ
912 2994 954 3027 12
978 2990 1177 3037 εἰρήκαμεν]
1201 2991 1335 3034 scripsi-

257 3053 331 3075 mus
354 3053 375 3078 ς
388 3042 401 3086 ΙΙ
420 3035 540 3073 αὐτοῖς
562 3040 633 3079 (οηι.
652 3039 691 3071 13
707 3034 835 3079 αὐτοῖς)
851 3038 941 3081 Epic.
958 3038 970 3080 ΙΙ
992 3040 1032 3071 13
1048 3037 1126 3070 τῶν
1145 3050 1203 3070 om.
1218 3036 1335 3069 Proch.

258 3089 367 3131 Epan.
398 3085 412 3130 fl
442 3087 483 3120 14
506 3081 598 3117 ὅπου
619 3095 659 3128 γε
681 3102 725 3107 --
750 3084 792 3116 24
816 3080 1022 3125 ποιούμεθα
1046 3095 1106 3115 om.
1121 3083 1180 3122 13⁸,
1214 3083 1254 3115 19
1277 3083 1337 3114 καὶ

257 3133 366 3167 τοῦτο
378 3150 423 3156 —-
435 3132 479 3165 24
490 3127 698 3171 ποιούμεθα
721 3140 779 3161 om.
796 3128 911 3161 Proch.
927 3128 1037 3170 Epan.
1057 3127 1070 3170 ΙΙ
1088 3128 1128 3161 21
1154 3126 1337 3170 έωροῦμεν

259 3180 290 3212 L
306 3178 318 3218 ΙΙ
338 3179 380 3212 26
397 3174 520 3210 ὄντων
537 3170 658 3207 αὐτοῖς
671 3173 919 3213 ΜΕΒΡνοσΙι.,
935 3173 1043 3216 Εραη.
1059 3173 1165 3211 aucta]
1191 3173 1263 3204 τοῖς
1277 3183 1335 3216 yo-

258 3223 383 3258 νεῦσιν
407 3223 528 3266 Εραη.,
553 3232 612 3252 οηι.
627 3219 717 3261 Epit.
736 3218 748 3255 ΙΙ
767 3219 808 3251 28
833 3217 913 3259 ἔχον
937 3219 1078 3261 φανείη]
1103 3216 1199 3262 φανῇ
1225 3217 1333 3259 Epan.

259 3277 356 3303 aucta
371 3271 383 3311 n
403 3269 446 3302 29
462 3265 508 3300 τὰ
521 3265 599 3298 τῶν
611 3261 738 3307 νόμων
749 3282 792 3287 -
807 3264 850 3296 30
862 3264 1036 3303 κειμένων
1048 3264 1205 3304 (κείμενα
1219 3261 1334 3294 ΡνοεΙι.

259 3329 287 3348 v.
303 3316 349 3355 l.)]
374 3323 412 3346 ea
429 3322 512 3355 quae
528 3310 601 3352 lege
627 3328 669 3334 —-
692 3309 801 3352 posita
818 3311 897 3341 sunt
914 3319 933 3343 ς
949 3309 960 3348 ΙΙ
984 3307 1062 3340 τῶν
1078 3307 1150 3347 ἐπὶ]
1174 3305 1251 3339 τῶν
1276 3319 1333 3338 om.

259 3361 290 3393 L
308 3360 320 3403 ΙΙ
338 3361 379 3394 30
400 3354 518 3398 οὐδὲν]
538 3353 652 3399 μηδὲν
669 3354 717 3387 Β’
739 3355 810 3394 (om.
826 3354 874 3386 B²
886 3366 914 3386 υ.
930 3354 964 3395 Ι.)
982 3352 994 3394 n
1010 3353 1048 3384 έκ
1067 3352 1130 3393 τῆς
1148 3348 1254 3404 ἡμῶν
1277 3362 1335 3383 νο-

258 3404 434 3447 μοθεσίας
448 3403 498 3437 B!
511 3403 523 3446 ΙΙ
541 3402 583 3434 33
602 3397 660 3433 διὰ
682 3395 789 3432 τοῦδε
809 3395 1010 3440 δηλούμενα
1028 3396 1131 3430 θείου
1151 3396 1254 3439 ημῶν
1275 3394 1335 3428 νό-

258 3463 326 3493 μου
351 3451 399 3483 Μ
427 3446 487 3482 διά
518 3443 624 3480 τοῦδε
653 3444 717 3478 τοῦ
751 3443 854 3477 θείου
886 3440 1085 3486 δηλούμενα
1116 3439 1229 3493 νόμου
1262 3441 1290 3474 L
1324 3439 1336 3485 ΙΙ

260 3498 302 3529 35
326 3498 447 3529 subscr.
469 3507 527 3527 om.
548 3493 603 3529 M:
629 3490 695 3523 dat.
708 3499 757 3524 VI.
782 3489 856 3522 idua
880 3487 994 3522 Octob.
1016 3499 1052 3527 53
1077 3487 1107 3520 d.
1126 3496 1174 3520 VI.
1199 3486 1245 3519 ld.
1270 3488 1334 3518 oct.

260 3542 327 3573 ind.
342 3550 367 3575 v
387 3542 490 3581 (immo
510 3541 565 3577 111)
586 3538 665 3579 imp.
686 3536 748 3568 Iul.
764 3536 833 3569 cod.
853 3535 1050 3569 coloniensis
1073 3532 1140 3566 dat.
1159 3531 1204 3564 id.
1228 3531 1333 3583 octob.

261 3586 375 3620 indict.
390 3595 453 3620 vn.
475 3594 575 3616 mens.
595 3582 693 3615 Mart.
712 3581 799 3614 lut.w
817 3582 888 3623 (om.
904 3579 967 3613 Iul.
983 3579 1075 3612 codd.
1089 3578 1174 3619 cett.)
1199 3577 1335 3622 έγραφη

1404 2629 1432 2668 ς’
1447 2628 1538 2664 ἰδῶν
1551 2627 1784 2676 Ὀκτωβρίων
1802 2629 1985 2675 βασιλείας
1997 2626 2252 2664 Ἰουστινιανοῦ
2267 2626 2312 2662 τὸ
2329 2626 2374 2674 ιγ’
2387 2625 2479 2662 ὑπα-

1402 2679 1498 2710 τείας
1519 2673 1694 2711 Ἀπίωνος
1715 2678 1791 2711 Ath.
1826 2674 2044 2722 ἐξεφωνήθη
2065 2677 2151 2719 μηνὶ
2173 2670 2365 2718 ὄκτωβρίφ
2386 2670 2478 2708 ὑπα-

1402 2724 1482 2764 τείᾳ
1502 2717 1662 2756 Ἀπίονος
1686 2722 1807 2755 Theod-

1452 2858 1467 2889 1
1493 2855 1710 2888 honor-auexit
1726 2852 1803 2898 R²u
1821 2852 1945 2886 faciens
1962 2852 2015 2886 T¹
2032 2851 2046 2896 Ι]
2066 2852 2166 2893 nibil]
2196 2845 2220 2885 ἷι
2239 2851 2288 2886 V·
2311 2862 2380 2886 non
2401 2851 2450 2885 1⁷³
2466 2850 2480 2897 ΙΙ

1405 2902 1425 2935 2
1442 2900 1691 2942 quaerebantur
1712 2899 1840 2940 RVTn
1859 2897 2056 2938 *habentesl
2079 2897 2224 2931 babeant
2239 2896 2273 2930 R
2296 2896 2420 2930 babent
2434 2897 2479 2931 T*

1404 2957 1478 2979 cum
1502 2944 1627 2977 habent
1647 2944 1682 2978 V
1697 2944 1756 2986 qui
1780 2942 1904 2976 habent
1928 2942 1979 2977 T?
1988 2943 2076 2985 vuly.
2107 2940 2121 2987 ΙΙ
2149 2941 2283 2983 quidem
2305 2942 2367 2975 del.
2393 2941 2446 2976 Τ*
2474 2940 2480 2987 Ι

1404 2991 1516 3024 omnia
1536 2989 1584 3023 V¹
1603 2989 1651 3031 113
1676 2988 1808 3030 quidem
1832 2988 1880 3020 Β*
1900 2987 1913 3029 ΙΙ
1937 2989 1957 3020 5
1981 2987 2190 3020 exam-iretur
2212 2987 2392 3028 (exarietur
2413 2987 2464 3020 V’

1404 3034 1533 3078 RVTu
1552 3035 1572 3068 6
1590 3036 1794 3076 contemptos
1808 3032 1914 3066 RVT
1926 3031 1939 3075 ΙΙ
1956 3033 1975 3064 ’1
1997 3031 2141 3073 quidem]
2166 3042 2201 3065 se
2217 3031 2351 3074 quidem
2369 3032 2454 3076 cuiq.
2473 3030 2480 3077 Ι

1405 3091 1471 3113 esse
1494 3080 1532 3112 in
1554 3079 1714 3111 inmensis
1732 3078 1764 3111 T
1777 3078 1790 3121 ΙΙ
1806 3079 1826 3112 9
1845 3076 2133 3119 contemptiRVfl
2155 3079 2192 3111 11
2219 3076 2320 3119 quod]
2344 3076 2477 3119 quidem

1404 3125 1499 3159 R¹T¹
1517 3124 1607 3166 quod
1623 3126 1672 3157 est
1690 3123 1761 3165 V¹15
1777 3122 1854 3155 huic
1868 3122 1947 3163 RV,
1968 3121 2023 3154 uel
2039 3121 2094 3154 hic
2112 3122 2190 3156 3²3.
2201 3120 2254 3166 17.ss
2267 3122 2309 3155 al.
2323 3121 2413 3165 quod
2423 3122 2477 3156 his

1404 3170 1494 3203 deest
1505 3171 1602 3213 yloss.
1620 3169 1682 3202 Te.
1694 3181 1726 3202 υ.
1745 3166 1760 3220 {1
1775 3169 1817 3202 13
1830 3166 1954 3200 habent
1975 3167 2022 3200 V*
2041 3165 2054 3211 ΙΙ
2069 3167 2169 3209 quod]
2185 3177 2283 3209 quam
2304 3167 2354 3201 1⁷⁸
2365 3168 2477 3209 (quam

1405 3214 1493 3258 quod
1516 3214 1615 3257 vuly.)
1632 3213 1644 3256 ΙΙ
1672 3215 1715 3247 14
1738 3212 1816 3246 hcet
1840 3211 1916 3255 1³²1!
1937 3213 1976 3246 15
1999 3212 2149 3255 sapiente
2174 3212 2250 3254 12¹1!
2277 3213 2318 3247 16
2341 3211 2478 3255 aliquod

1405 3261 1436 3294 R
1451 3259 1465 3303 ΙΙ
1485 3261 1525 3293 17
1543 3260 1649 3291 certos
1669 3258 1724 3302 ΤΙΙ
1741 3258 1776 3290 in
1797 3271 1856 3291 om.
1872 3257 1921 3290 ΕΙ
1937 3255 1952 3309 fl
1968 3256 2030 3289 illo
2055 3257 2128 3301 V'ss
2152 3259 2191 3291 19
2212 3258 2274 3290 hoc
2294 3257 2372 3299 VT]
2395 3257 2477 3290 haec

1404 3305 1437 3338 R
1449 3305 1537 3348 vuly.
1554 3302 1570 3368 l}
1592 3306 1721 3336 nostras
1740 3303 1834 3336 V²T
1848 3301 1860 3347 ΙΙ
1883 3302 1968 3334 intio
1993 3302 2034 3335 Τι
2051 3302 2064 3346 ΙΙ
2089 3302 2250 3344 cogitatio
2269 3303 2328 3344 est]
2352 3301 2476 3344 cogita—

1403 3350 1495 3383 tione
1516 3349 1546 3382 V
1597 3348 1832 3391 cogitationem
1854 3347 1902 3380 R²
1934 3347 2151 3389 cogitationes
2174 3349 2206 3381 T
2213 3348 2223 3368 ¹
2241 3346 2255 3392 ΙΙ
2276 3349 2315 3382 21
2342 3357 2396 3380 ens
2414 3346 2477 3390 711

1403 3395 1440 3428 in
1461 3394 1649 3427 huiusmodi
1670 3394 1803 3437 Vvul9.]
1829 3393 2018 3425 huiusmodi
2036 3393 2071 3425 in
2090 3393 2157 3426 ΕΤ
2168 3392 2181 3437 ΙΙ
2198 3393 2240 3427 23
2265 3394 2475 3426 aucmentum

1412 3440 1468 3483 Vn
1485 3439 1557 3481 lege
1585 3438 1733 3473 RV¹T¹
1748 3438 1760 3482 ΙΙ
1778 3439 1840 3471 hac
1866 3437 1965 3471 R¹T¹
1985 3438 1996 3478 ΙΙ
2013 3439 2055 3472 26
2079 3437 2131 3478 del
2155 3439 2196 3470 de
2218 3440 2252 3470 et
2274 3437 2311 3479 V,
2335 3433 2475 3515 cangi!

1405 3486 1445 3518 27
1465 3485 1530 3517 sert
1547 3485 1587 3517 T¹
1607 3484 1620 3528 ΙΙ
1637 3486 1680 3519 29
1704 3484 1776 3527 lege
1802 3483 1882 3523 ΒΤ]
1907 3483 1943 3515 ἰιι
1967 3482 2039 3524 lege
2061 3483 2185 3527 Vvuly.
2201 3482 2214 3526 ss
2231 3484 2273 3517 30
2293 3484 2354 3515 bac
2369 3482 2405 3515 ni

1410 3530 1458 3574 ΤΗ
1471 3531 1513 3564 32
1526 3529 1642 3571 igitur]
1657 3530 1705 3562 ita
1718 3530 1750 3563 T
1761 3529 1774 3573 ΙΙ
1793 3529 1834 3563 33
1847 3531 1994 3561 nostram
2008 3541 2066 3562 om.
2077 3529 2108 3562 R
2125 3527 2138 3572 Ι
2154 3530 2198 3562 35
2211 3530 2331 3562 subscr.
2345 3527 2411 3560 dat.
2425 3535 2473 3560 vx.

1405 3575 1480 3609 idus
1505 3575 1613 3608 octub.
1637 3576 1674 3618 V,
1698 3588 1755 3609 ουι.
1769 3582 1839 3609 ceu.
