2476 3854
148 48 257 93 Nov.
279 48 479 93 CXXVII
508 46 546 92 ’1.
578 51 603 91 2

146 160 321 204 μίξεσθαι
344 160 375 195 εἰ
393 162 531 206 περιῆν.
579 160 695 202 ταῦτα
721 157 759 193 δὲ
784 159 1010 203 θεσπίζομεν
1033 162 1116 204 περὶ
1140 161 1223 193 ἐκεί-

147 218 226 239 νων
249 206 326 240 τῶν
349 202 631 252 ἀδελφοπαίδων
655 203 709 238 ὡν
733 200 753 237 ὁ
772 203 894 249 πατὴρ
918 204 956 244 ἐξ
979 203 1146 249 ἑκατέρου
1169 217 1227 251 yo-

146 252 236 284 νέως
259 251 461 294 συνήπτετο
493 251 546 292 τῷ
571 248 842 291 τελευτήσαντι,
876 251 936 282 καὶ
959 244 1085 283 ἁπλῶς
1115 249 1229 285 εἰπεῖν

147 296 229 330 οἵαν
261 294 380 330 αὐτοῖς
412 293 620 339 δεδώκαμεν
649 293 756 334 τάξιν
791 290 854 328 ὅτε
883 293 976 338 μετὰ
1007 292 1136 338 μόνων
1167 307 1228 329 κα-

147 339 296 374 λοῦνται
314 342 391 374 τῶν
409 337 589 385 ἀδελφῶν,
612 338 751 382 ταύτην
769 335 899 372 αὐτοὺς
922 339 1017 381 ἔχειν
1040 337 1228 383 κελεύομεν

146 388 205 418 καὶ
229 382 291 419 ὅτε
312 384 403 429 μετὰ
425 385 502 419 τῶν
525 382 697 429 ἀδελφῶν
719 383 915 418 καλοῦνται
943 384 1020 418 τῶν
1045 380 1229 419 ἀνιόντων

145 431 239 464 τινες
263 430 351 474 πρὸς
374 429 441 463 τὸν
466 428 604 474 κλῆρον.

1220 44 1306 93 634

1667 62 1729 94 ΠΤ
1755 60 1945 94 FRATRIS
1971 62 2081 95 FILII
2108 61 2369 96 succuum

1294 168 1525 240 ῗὲἕέἕέῗέιῑῗὲ
1550 159 2371 252 {iiiiiipaieieix*iissoqiinssissssitediuiniff

1296 250 1403 285 batur
1419 249 1598 303 detuncto,
1618 252 1655 286 et
1669 251 1832 286 absolute
1851 250 1907 286 dic
1925 251 2055 287 endum
2071 261 2177 297 quem
2192 252 2243 288 eis
2258 218 2371 296 degi>-

1295 304 1374 330 mus
1405 295 1565 330 ordinem
1595 296 1736 339 quando
1768 305 1849 331 cum
1879 305 1919 332 so
1936 295 1965 332 ‘s
1994 300 2167 332 vocantur
2189 296 2372 338 fratribus,

1264 338 1447 376 5eundem
1477 349 1539 376 eos
1567 339 1701 376 habere
1722 340 1885 376 iubemus
1914 344 1951 376 et
1978 341 2119 386 quando
2149 351 2230 377 cum
2252 340 2372 377 fratri·

1295 385 1363 421 bus
1393 388 1567 421 vocantur
1601 385 1870 422 ascendentium
1900 385 2009 440 aliqui
2044 386 2091 422 ad
2120 386 2371 423 hereditatem:

1295 429 1365 482 hoc
1387 430 1554 483 iubentes·
1582 438 1627 483 ei}
1648 430 1810 467 kalendis
1834 431 2010 467 Ianuar-lis
2039 432 2237 477 praesentis
2259 429 2372 467 unde-

1297 484 1408 511 cimae
1430 475 1647 512 mdictioms.

1147 608 1302 645 CAPUT
1327 609 1371 644 ΙΙ.

212 683 368 720 Κάκεῖνό
392 698 432 732 γε
454 686 527 730 μὴν
551 684 656 741 ᾅξιον
685 684 976 741 ἐπανορᾷώσεώς
1005 698 1103 722 τινος
1135 687 1227 722 εἶναι

1354 685 1448 722 Illud
1470 697 1610 733 quoque
1630 687 1772 732 dignum
1797 687 2018 725 correctione
2042 688 2162 733 aliqua
2183 697 2262 724 esse
2280 686 2372 723 iudi-

144 735 375 786 νομίζοντες,
396 733 501 784 μέρος
524 743 614 765 αυτο
643 731 708 765 τοῦ
733 742 916 776 παροντος
938 731 1146 777 ποιούμεθα
1166 731 1226 767 νό-
1242 735 1283 767 10
1297 735 1440 775 cantes,
1475 735 1615 778 partem
1648 733 1717 768 hoc
1752 733 1951 778 praesentis
1986 733 2136 770 facimus
2169 733 2269 777 legis.
2315 732 2374 767 Ex

143 789 220 821 μου.
269 776 308 817 ἐξ
331 786 442 819 αυτης
470 775 536 821 γὰρ
560 777 623 819 τῆς
655 777 732 810 τῶν
756 773 983 823 πραγμάτων
1006 775 1227 822 εὑρίσκοντες

144 824 269 867 πείρας
303 817 502 867 ἀναγκαῖον
540 821 632 855 εἶναι
672 824 749 855 ταῖς
783 821 926 867 γυναιξὶ
964 825 1228 868 πραττομένων

145 864 420 911 ὑπομνημάτων
443 866 507 900 τὰς
531 866 602 912 πρὸ
627 867 705 900 τῶν
727 865 858 913 γάμων
881 864 1014 913 δωρεὰς
1039 869 1227 913 ἐμφανίζε-

143 912 253 954 σθαι,
284 912 344 946 ἵνα
375 908 445 945 κᾶν
468 911 499 944 εἰ
522 913 600 945 τῶν
624 911 880 956 πρωτοτύπων
911 911 1145 967 συμβολαίων
1173 915 1227 947 ἐκ·

1295 777 1374 822 ipso
1391 777 1484 813 enim
1500 787 1619 813 rerum
1634 777 1853 814 invenientes
1873 779 2112 823 experimento
2131 778 2374 814 necessarium

1297 832 1375 858 esse
1403 821 1611 858 mulieribus
1641 823 1732 858 actis
1766 825 2074 859 monumentorum
2109 822 2373 866 antenuptiales

1296 867 1506 904 donationes
1540 867 1730 909 insinuari,
1770 869 1811 903 ut
1843 868 1899 904 vel
1932 868 1964 904 si
1995 868 2208 914 principalia
2241 868 2372 903 instru-

1295 915 1416 948 menta
1438 915 1603 957 pereant,
1637 912 1733 958 quod
1754 912 1860 948 facile
1883 915 1952 955 est,
1984 923 2049 958 per
2071 915 2299 949 monumenta
2322 912 2374 948 eis

143 960 300 998 πέσοιεν,
334 957 518 1010 πρόχειροι
550 954 610 989 διὰ
628 968 719 1011 ,των
742 956 1018 1001 ὑπομνηματων
1043 954 1166 992 αὐταῖς
1190 957 1230 991 αἱ
1244 961 1282 993 15
1296 958 1511 993 matrimonii
1542 958 1707 1003 probatio
1731 960 1889 1000 maneat,
1921 959 2101 994 sancimus
2126 957 2373 994 necessitatem

143 1005 225 1048 περὶ
265 1003 330 1036 τοῦ
364 1013 482 1047 γαμου
523 1012 711 1036 συστασεις
751 998 959 1047 ὑπάρχοιεν,
1002 1003 1228 1047 θεσπίζομεν

144 1044 307 1093 ἀνάγκην
338 1047 431 1088 ἔχειν
455 1045 537 1080 τοὺς
561 1043 695 1093 ἄνδρας
719 1043 849 1081 αὐτοὺς
879 1045 902 1091 ἢ
932 1050 994 1082 καὶ
1024 1047 1108 1082 τοὺς
1137 1046 1228 1094 ’ὑπὲρ

143 1090 269 1126 αὐτῶν
301 1093 372 1136 πρὸ
397 1088 514 1146 γάμου
546 1090 626 1135 ἦτοι
658 1089 719 1125 διὰ
743 1091 861 1138 γάμον
893 1090 1027 1137 δωρεὰς
1050 1093 1226 1140 καταγρά-

143 1148 294 1183 φοντας,
326 1137 392 1191 έᾲν
416 1150 443 1182 φ
472 1138 615 1181 χρυσῶν
638 1133 840 1191 ὑπερβαίνῃ
872 1139 1078 1191 ποσότητα,
1115 1139 1226 1184 ἐμφα-

1296 1004 1429 1039 habere
1452 1003 1546 1039 viros
1570 1003 1669 1048 ipsos
1692 1006 1756 1038 aut
1779 1004 1886 1038 etiam
1910 1003 1971 1048 qui
1994 1013 2059 1049 pro
2075 1003 2127 1039 eis
2148 1002 2373 1048 antenuptia-

1295 1048 1348 1084 les
1372 1057 1436 1083 seu
1459 1050 1607 1094 propter
1623 1048 1767 1093 nuptias
1792 1048 2002 1084 donationes
2027 1049 2199 1093 scribunt,
2221 1047 2253 1084 si
2271 1047 2374 1100 quin-

1295 1095 1481 1138 gentorum
1516 1092 1710 1129 solidorum
1745 1094 1967 1130 transcendit
2001 1094 2252 1138 quantitatem,
2287 1093 2374 1128 msi-

1296 1148 1407 1174 nuare
1438 1148 1515 1174 eam
1539 1138 1576 1173 in
1599 1138 1691 1174 actis
1715 1141 2022 1174 monumentorum
2053 1139 2091 1174 in
2114 1138 2213 1184 regia
2235 1138 2375 1183 quidem

143 1184 258 1224 νίζειν
289 1194 427 1224 ταυτην
459 1184 722 1226 πραττομένων
758 1194 1032 1226 υπομνηματων
1069 1184 1129 1218 ἐπὶ
1160 1185 1228 1228 μὲν
1241 1185 1283 1218 20
1297 1183 1437 1220 civitate
1461 1183 1558 1228 apud
1581 1183 1789 1228 magistrum
1813 1193 1958 1226 census,
1982 1184 2021 1219 in
2043 1183 2234 1229 provinciis
2257 1186 2376 1219 autem

143 1229 205 1270 ’τῆς
227 1224 415 1272 βασιλίδος
446 1225 585 1262 πόλεως
614 1226 714 1272 παρὰ
746 1228 799 1270 τῷ
823 1231 1012 1274 μαγίστρῳ
1044 1229 1121 1263 τῶν
1144 1229 1226 1272 κήν-

143 1285 230 1315 σων,
256 1274 295 1306 ἐν
321 1270 361 1306 δὲ
384 1275 461 1306 ταῖς
484 1273 669 1318 ἐπαρχίαις
692 1272 790 1317 παρὰ
813 1274 868 1315 τῷ
899 1274 962 1317 τῆς
985 1272 1124 1308 πόλεως
1147 1275 1226 1308 ἑκά-

143 1329 226 1360 στης
250 1315 380 1360 tudina»
405 1315 428 1360 ἢ
453 1315 541 1362 παρ’
556 1316 606 1351 οἷς
630 1313 723 1351 ὅλως
746 1316 792 1351 τὰ
814 1318 965 1352 τοιαῦτα
988 1315 1227 1363 ὑπομνήματα

144 1364 390 1397 συνίστασθαι
424 1361 587 1396 δύναται.
635 1363 666 1396 εἰ
690 1360 730 1396 δὲ
751 1362 801 1407 μὴ
821 1364 1059 1408 ἐμφανίσουσι
1081 1361 1227 1406 ταύτας,

1296 1229 1394 1274 apud
1430 1229 1583 1265 civitatis
1618 1229 1898 1273 uniuscuiusque
1932 1228 2154 1265 defensorem
2188 1230 2253 1264 aut
2280 1227 2377 1273 apud

1297 1284 1385 1319 quos
1420 1274 1564 1310 omnino
1598 1273 1686 1309 talia
1718 1273 1932 1310 documenta
1966 1273 2094 1309 confici
2127 1276 2290 1319 possunt.
2338 1271 2377 1308 Si

1297 1329 1380 1355 vero
1403 1330 1476 1355 non
1498 1319 1682 1355 insinuent
1703 1328 1776 1362 eas,
1808 1322 1979 1364 quantum
2003 1318 2142 1364 quidem
2168 1319 2215 1355 ad
2237 1320 2376 1363 partem

1296 1364 1452 1400 mulieris
1482 1364 1587 1400 etiam
1612 1364 1664 1400 sio
1687 1374 1748 1399 eas
1773 1365 1890 1400 valere
1913 1364 2091 1407 iubemus,
2122 1366 2159 1400 et
2182 1364 2213 1399 si
2235 1366 2377 1408 tempus

143 1405 231 1442 ὅσον
253 1409 321 1451 μὲν
346 1407 433 1453 πρὸς
462 1407 505 1441 τὸ
529 1410 633 1453 μέρος
664 1409 725 1451 τῆς
747 1408 914 1454 γυναικὸς
944 1411 1004 1442 καὶ
1027 1405 1142 1443 οὕτως
1166 1406 1226 1442 αὗ·
1242 1410 1283 1443 25
1297 1410 1360 1444 fiat
1390 1410 1586 1445 exactionis
1618 1409 1819 1445 donationis
1851 1412 1916 1444 aut
1946 1410 2058 1455 partis
2089 1409 2182 1451 eius,
2213 1418 2286 1444 non
2311 1418 2332 1444 0

143 1455 207 1486 τὰς
236 1453 425 1498 ἐρρῶσθαι
455 1451 655 1497 κελεύομεν,
687 1454 746 1486 καὶ
778 1453 810 1487 εἰ
840 1453 961 1498 καιρὸς
991 1457 1139 1500 γένηται
1168 1455 1228 1497 τῆς

144 1496 374 1541 ἀπαιτήσεως
397 1498 459 1541 τῆς
482 1496 620 1543 δωρεᾶς
642 1495 666 1540 ἢ
689 1500 748 1531 καὶ
770 1500 897 1544 μέρους
921 1494 1039 1543 αὐτῆς,
1063 1498 1112 1543 μὴ
1130 1495 1228 1533 ἀντι-

143 1543 289 1577 κεῖσθαι
311 1545 357 1590 τῇ
380 1546 523 1589 γυναικὶ
546 1543 589 1576 τὸ
612 1542 663 1587 μὴ
688 1543 964 1600 ἐμφανισθῆναι
987 1544 1055 1588 τὴν
1075 1542 1226 1599 δωρεάν.

143 1589 174 1621 εἰ
206 1585 246 1621 δὲ
278 1588 326 1622 τὰ
361 1589 438 1622 τῶν
469 1586 665 1633 προικῴων
701 1599 882 1643 συμφωνα
917 1592 977 1622 καὶ
1013 1589 1053 1623 αἱ
1084 1602 1228 1624 τουτων

1297 1455 1382 1500 poni
1404 1455 1543 1491 mulieri
1574 1464 1646 1490 non
1668 1454 1781 1490 fuisse
1809 1454 2026 1489 insinuatam
2054 1453 2290 1490 donationem.
2333 1418 2377 1488 gi

1297 1509 1378 1535 vero
1414 1500 1584 1536 dotalium
1620 1504 1727 1544 pacta
1770 1503 1807 1535 et
1841 1500 1968 1535 horum
2001 1501 2147 1535 eventus
2182 1498 2279 1543 parti
2311 1498 2376 1534 viri

1298 1546 1496 1582 concedant
1529 1546 1750 1581 exactionem
1784 1544 1876 1580 dotis
1910 1546 1974 1580 aut
2006 1545 2113 1580 etiam
2140 1544 2256 1597 partis
2288 1543 2375 1586 eius,

1298 1591 1430 1626 nullam
1455 1601 1536 1627 eum
1558 1591 1690 1626 habere
1714 1590 1876 1626 iubemus
1900 1590 2095 1633 actionem,
2119 1599 2151 1626 ει
2172 1599 2245 1625 non
2266 1588 2375 1624 dona-

144 1630 342 1677 ἀποβάσεις
374 1634 426 1688 τῶ
449 1636 549 1680 μέρει
581 1634 646 1667 τοῦ
679 1629 811 1686 ἅνᾷρος
843 1631 896 1676 δῷ
929 1635 998 1678 τὴν
1029 1634 1228 1677 ἀπαίτησιν
1241 1636 1285 1670 30

143 1679 206 1721 τῆς
221 1677 368 1723 προικὸς
391 1691 413 1721 η
434 1680 495 1711 καὶ
509 1680 635 1723 μέρους
656 1675 775 1721 αὗτης,
800 1675 973 1721 οὗδεμίαν
997 1676 1111 1714 αὐτὸν
1135 1682 1229 1723 ἔχειν

143 1721 333 1767 κελεύομεν
366 1720 530 1769 ἀγωγήν,
570 1722 636 1757 ἐὰν
669 1723 718 1767 μὴ
754 1721 824 1766 τὴν
861 1721 1003 1770 δωρεὰν
1038 1725 1229 1771 ἐνεφάνισε

209 1837 237 1860 c.
262 1825 306 1858 II
326 1820 438 1866 (Ἀλλ’
467 1821 591 1867 ἐπειδὴ
617 1823 655 1864 ἐξ
678 1820 787 1867 αὐτῆς
810 1825 872 1868 τῆς
895 1825 974 1860 τῶν
998 1822 1226 1872 πραγμάτων
1240 1853 1247 1859 .

143 1871 280 1913 indeque
303 1871 410 1903 eodem
437 1870 505 1903 loco
529 1871 563 1903 in
587 1870 619 1903 L
633 1872 667 1913 f.
688 1872 759 1904 149.

1263 1853 1427 1860 ........
1429 1828 1442 1870 )
1462 1835 1540 1871 post
1562 1840 1635 1862 nov.
1656 1828 1779 1861 CXIX
1801 1839 1826 1861 c.
1845 1828 1862 1862 1
1890 1828 2040 1861 insertum
2063 1833 2151 1860 extat
2174 1826 2207 1859 in
2232 1825 2269 1859 B
2289 1827 2343 1868 29,
2359 1833 2377 1860 4

211 1928 238 1949 c.
262 1915 311 1949 II.
336 1915 401 1948 III
419 1916 594 1949 summaria
614 1923 766 1957 praestat
787 1916 974 1961 Anonymus
993 1916 1197 1951 Bodleianus
1220 1930 1246 1951 c.
1260 1919 1438 1951 445-447
1465 1919 1555 1962 apud
1578 1918 1766 1951 Zachariae
1788 1913 1920 1950 Ἀνέκδ.
1943 1917 2069 1960 ρ.210,
2093 1915 2272 1950 Athanasii
2291 1928 2377 1950 cum-

142 1973 225 1995 mam
248 1967 395 2008 repetunt
412 1961 577 2004 paratitla
599 1960 676 1995 Aeh.
695 1962 736 1995 10
755 1965 816 2000 §9-

143 2107 359 2150 accepturus
382 2106 462 2139 erat
484 2103 518 2139 si
540 2103 682 2140 viveret.
729 2103 833 2139 Haec
857 2108 976 2141 autem
999 2103 1044 2140 de
1065 2104 1139 2140 illis
1160 2104 1297 2151 fratris
1324 2104 1446 2141 liberis
1468 2103 1650 2140 sancimus
1673 2114 1826 2151 quorum
1846 2107 1956 2151 pater
1977 2114 2028 2140 ex
2049 2106 2205 2150 utroque
2221 2106 2378 2150 parente

143 2150 357 2185 coniunctus
381 2152 462 2184 erat
484 2148 680 2195 defuncto;
714 2154 750 2185 et
772 2153 813 2185 ut
834 2150 1044 2197 simpliciter
1067 2150 1248 2192 dicamus,
1280 2160 1384 2196 quem
1408 2149 1454 2186 iis
1476 2149 1639 2185 dedimus
1660 2149 1822 2186 ordinem
1851 2148 1999 2196 quando
2029 2160 2110 2185 eum
2135 2148 2225 2184 solis
2245 2149 2376 2194 fratri-

143 2194 209 2230 bus
230 2198 417 2275 vocanttun
449 2193 545 2229 bunc
567 2205 631 2230 eos
653 2194 785 2231 habere
808 2194 972 2231 volumus
994 2195 1102 2231 etiam
1125 2195 1273 2242 quando
1305 2206 1384 2230 cum
1405 2194 1589 2241 fratribus
1611 2194 1728 2241 aliqui
1753 2205 1803 2231 eae
1827 2193 2101 2231 ascendentibus
2127 2193 2177 2230 ad
2198 2192 2376 2230 heredita-

144 2244 213 2276 tem
237 2250 351 2276 vocan
368 2250 424 2275 ur.

278 2285 325 2319 11.
382 2284 514 2320 Verum
538 2284 631 2320 illud
652 2296 797 2331 quoque
819 2295 900 2321 cum
915 2285 1140 2322 correctione
1163 2285 1289 2332 aliqua
1312 2285 1462 2332 diqnum
1484 2284 1693 2327 iudicemus,
1715 2288 1857 2332 partem
1879 2283 2084 2331 praesentis
2102 2283 2192 2329 leqis
2206 2282 2375 2328 facimus.

143 2329 207 2366 Ex
228 2330 309 2376 ipsa
333 2329 426 2365 enim
449 2340 569 2365 rerum
593 2331 820 2377 experientia
843 2330 959 2366 edocti
982 2341 1125 2367 necesse
1147 2341 1222 2367 esse
1245 2330 1454 2366 mulieribus
1476 2329 1691 2366 donationes
1722 2335 1806 2366 ante
1828 2330 1977 2376 nuptias
2000 2329 2092 2364 actis
2114 2327 2377 2364 intervenienti-

143 2375 209 2411 bus
244 2375 441 2418 insinuari,
481 2379 521 2410 ut
556 2375 663 2411 etiam
698 2376 731 2410 si
765 2377 1004 2412 instrumenta
1037 2375 1260 2423 principalia
1294 2377 1481 2419 amittant,
1514 2386 1586 2422 per
1619 2380 1703 2411 acta
1733 2375 1972 2422 probationes
2005 2372 2226 2410 matrimonii
2259 2372 2306 2408 iis
2338 2372 2378 2408 in

139 2425 315 2467 promptu
337 2421 427 2462 sint,
459 2421 641 2456 sancimus
662 2424 704 2456 ut
726 2421 797 2466 ipsi
820 2421 889 2456 viri
912 2421 968 2457 vel
989 2422 1055 2467 qui
1067 2432 1143 2468 pro
1166 2421 1213 2456 iis
1235 2426 1319 2457 ante
1341 2421 1490 2467 nuptias
1519 2421 1594 2457 sive
1614 2426 1769 2466 propter
1793 2420 1941 2466 nuptias
1963 2419 2176 2454 donationes
2204 2417 2376 2460 scribunt,

142 2466 175 2500 si
197 2465 347 2500 donatio
371 2466 650 2512 quingentorum
678 2465 878 2501 solidorum
902 2466 1142 2512 quantitatem
1165 2466 1336 2508 excedat,
1369 2476 1512 2502 necesse
1535 2465 1692 2502 habeant
1721 2476 1799 2501 eam
1823 2465 1915 2501 actis
1938 2464 2124 2500 insinuare
2147 2473 2216 2499 con
2244 2461 2379 2498 ciendis

144 2512 182 2545 in
212 2511 316 2557 reqia
347 2510 490 2556 quidem
514 2511 658 2546 civitate
681 2510 783 2557 apud
803 2512 1018 2556 maqistrum
1042 2521 1181 2554 census,
1213 2512 1252 2546 in
1275 2512 1482 2558 provinciis
1510 2515 1630 2546 autem
1654 2510 1756 2557 apud
1776 2509 1933 2546 civitatis
1955 2509 2127 2554 cuiusque
2150 2508 2194 2544 de
2216 2517 2378 2544 ensorem

144 2555 201 2590 vel
221 2555 322 2601 apud
345 2566 437 2600 quos
460 2555 605 2591 omnino
631 2555 720 2591 talia
743 2560 974 2592 monumenta
997 2556 1126 2602 confici
1142 2560 1310 2604 possunt.
1357 2556 1495 2599 Quodsi
1514 2567 1577 2592 eas
1596 2567 1669 2591 non
1687 2555 1958 2597 insinuaverint,
1983 2558 2156 2634 quantum
2172 2552 2222 2588 ad
2231 2555 2377 2605 partem

143 2600 304 2635 mulieris
335 2601 388 2635 sic
412 2611 554 2645 quoque
578 2611 641 2636 eas
663 2600 805 2636 validas
827 2612 903 2638 esse
926 2601 1098 2643 iubemus,
1128 2605 1165 2637 et
1185 2601 1219 2637 si
1242 2602 1385 2637 occasio
1415 2602 1462 2637 sit
1484 2601 1687 2647 exiqendae
1711 2600 1918 2636 donationis
1942 2610 1982 2636 ve
2018 2599 2126 2634 etiam
2143 2603 2268 2645 partis
2288 2607 2377 2642 etus,

143 2655 218 2679 non
249 2656 270 2679 0
294 2646 388 2690 poni
417 2645 558 2680 mulieri
588 2645 809 2681 insinuatam
839 2657 914 2682 non
945 2657 1022 2683 esse
1054 2646 1294 2683 donationem.
1343 2646 1385 2682 Si
1414 2657 1500 2682 vero
1531 2650 1643 2693 pacta
1674 2645 1812 2681 dotalia
1846 2654 2042 2690 eorumque
2073 2647 2216 2679 eventus
2246 2642 2378 2678 marito

144 2699 255 2725 conce
281 2694 345 2724 ant
366 2691 593 2725 exactionem
624 2690 719 2726 dotis
748 2691 805 2727 vel
826 2691 935 2729 etiam
955 2692 1078 2739 partis
1099 2692 1194 2735 eius,
1224 2691 1386 2729 iubemus
1415 2691 1553 2728 nullam
1576 2701 1655 2727 eum
1676 2692 1854 2727 actionem
1877 2689 2025 2732 babere,
2055 2687 2127 2724 nisi
2151 2687 2379 2724 donationem

1352 2851 1372 2884 2
1388 2860 1428 2883 ex
1444 2851 1586 2892 utroque
1602 2851 1697 2892 pater
1710 2849 1743 2881 R
1759 2847 1772 2887 ΙΙ
1789 2848 1808 2881 3
1835 2846 2038 2880 *dicendum
2054 2856 2150 2888 quem
2167 2845 2215 2878 eis
2229 2844 2379 2878 dedimus

1294 2895 1377 2937 (sim.
1391 2896 1510 2937 Beck)]
1535 2893 1676 2927 dicimus
1699 2894 1775 2926 libri
1793 2894 1839 2934 (in
1859 2892 1894 2926 V
1899 2899 1975 2936 post
1990 2890 2131 2924 dicimus
2147 2901 2268 2924 rasura
2285 2889 2344 2931 est)
2366 2886 2379 2934 ΙΙ

1296 2942 1316 2974 6
1332 2939 1579 2973 ascendentium
1595 2938 1702 2980 aliqui
1719 2938 1763 2979 V]
1788 2936 1895 2979 aliqui
1918 2935 2167 2969 ascendentium
2184 2933 2342 2976 RTvulq.
2367 2939 2379 2975 ΙΙ

1296 2988 1313 3019 7
1339 2984 1515 3018 ieiunariis
1536 2983 1600 3027 Vn
1627 2984 1646 3017 8
1670 2982 1847 3015 inditionis
1871 2981 1978 3015 RVT
1995 2980 2008 3025 ΙΙ
2038 2982 2058 3015 9
2072 2981 2159 3013 rubr.
2183 2978 2220 3011 Si
2241 2978 2379 3021 propter

1295 3031 1430 3073 nuptias
1447 3029 1582 3062 donatio
1598 3028 1700 3070 gestis
1716 3027 1871 3060 intimata
1884 3025 1988 3058 suerit
2003 3025 2077 3059 Tin
2090 3037 2191 3067 mar-9.
2201 3026 2254 3065 (ex
2265 3021 2379 3074 1¹⁴¹·)‚ii

148 3073 190 3107 B‘
210 3071 222 3116 ΙΙ
243 3074 282 3106 ¹3
306 3070 372 3106 ’τὰς
392 3071 471 3106 '5⁶3¹‘
494 3084 565 3116 προ
590 3085 668 3106 των
691 3071 864 3116 (πρώτων
887 3074 954 3117 ΒΓ)
980 3075 1015 3108 Β
1032 3075 1045 3118 ΙΙ
1073 3078 1114 3110 15
1138 3075 1226 3119 πρό·
1298 3078 1337 3109 10
1351 3075 1532 3108 sanotimus
1552 3072 1602 3118 Vl}
1620 3074 1660 3107 11
1675 3071 1898 3115 experimento
1913 3069 2123 3102 inuenientes
2138 3067 2193 3112 ΤΙΙ
2215 3068 2255 3103 12
2271 3068 2378 3112 hactus

143 3129 252 3162 χειροι
271 3118 354 3159 BL]
386 3115 579 3163 πρόχειρον
603 3118 650 3151 Μ
678 3118 766 3159 quod
791 3118 888 3151 facile
911 3122 962 3152 est
985 3131 1004 3156 ς
1029 3122 1040 3163 ΙΙ
1067 3116 1226 3164 ὑπομνη-
1303 3118 1373 3164 17²1
1402 3120 1441 3153 13
1455 3121 1494 3151 ut
1506 3117 1623 3152 om.R¹
1641 3116 1654 3160 ΙΙ
1682 3119 1722 3150 ¹4
1734 3116 1834 3158 quod]
1851 3114 1970 3157 quodsi
1985 3114 2031 3147 13¹
2044 3112 2056 3159 ΙΙ
2069 3113 2185 3146 eiusR
2202 3112 2214 3157 11
2234 3114 2275 3147 16
2287 3113 2377 3147 uisos

142 3162 286 3206 μάτων]
343 3175 402 3197 uae
425 3171 599 3207 sequuntur
624 3164 738 3196 desunt
761 3165 793 3196 in
814 3164 863 3196 Βι
887 3166 1037 3206 pluribus
1051 3167 1151 3207 soliis
1176 3179 1228 3199 ex·
1305 3164 1352 3198 V¹
1377 3166 1509 3208 lautem
1536 3163 1569 3196 T
1577 3162 1587 3182 ¹
1604 3161 1617 3207 ΙΙ
1635 3161 1693 3203 qui
1710 3161 1810 3194 etiam
1832 3159 1888 3204 Tu
1906 3158 2152 3201 antenuptiales
2167 3168 2224 3191 seu
2242 3158 2378 3201 proptor

143 3210 220 3242 cisis
245 3208 257 3251 [Ι
281 3220 319 3241 αι
348 3209 431 3253 περὶ
458 3206 541 3241 τοὺς
561 3205 694 3254 γάμους
723 3207 912 3242 συστάσεις
938 3205 1134 3252 ὑπάρχοιεν
1158 3211 1227 3244 BL
1295 3209 1430 3252 nuptias
1453 3209 1498 3250 V]
1522 3209 1599 3241 ante
1616 3206 1751 3248 nuptias
1769 3206 1802 3239 T
1826 3203 2072 3247 antenuptiales
2095 3204 2181 3248 vulq.
2214 3205 2292 3236 ante
2311 3202 2344 3236 R
2365 3200 2379 3246 Ι

142 3253 349 3286 matrimonii
372 3253 524 3297 probatio
547 3256 679 3286 maneat
702 3265 722 3289 ς
738 3253 750 3296 ΙΙ
779 3255 817 3287 17
844 3255 902 3285 καὶ
928 3266 986 3287 om.
1001 3255 1051 3287 La
1068 3256 1080 3298 ΙΙ
1101 3256 1141 3289 18
1167 3252 1227 3287 διὰ
1297 3257 1339 3288 20
1364 3253 1537 3287 ciuitatem
1556 3251 1614 3295 Vl!
1631 3252 1669 3285 21
1697 3251 1882 3286 defensores
1897 3250 1966 3284 ΒΤ
1983 3249 1995 3288 ΙΙ
2015 3250 2058 3283 22
2081 3249 2134 3282 sin
2159 3246 2283 3293 31124
2306 3255 2376 3280 eam

142 3297 272 3343 γάμων
287 3299 320 3332 Β
337 3299 350 3343 ΙΙ
371 3300 410 3332 19
430 3296 504 3343 χρυ
519 3300 590 3341 (sic)
604 3298 648 3331 M
660 3297 672 3343 ΙΙ
692 3299 736 3332 24
757 3298 1009 3343 ἐμφανίσωσιν
1023 3300 1058 3332 Β
1074 3301 1086 3342 ΙΙ
1106 3301 1148 3333 26
1169 3302 1228 3332 καὶ
1301 3300 1332 3332 'I'
1351 3297 1364 3342 ΙΙ
1392 3299 1434 3333 25
1465 3300 1525 3330 aut
1549 3297 1656 3337 Beck]
1693 3298 1725 3328 et
1758 3296 1835 3329 libri
1841 3308 1848 3334 ς
1885 3297 1944 3328 aut
1975 3295 2073 3327 etiam
2102 3295 2248 3327 Osenbril
2270 3304 2331 3336 qen

144 3343 174 3375 εἰ
197 3342 318 3388 καιρὸς
341 3343 427 3385 uvi]
451 3345 602 3378 disertius
627 3345 849 3387 epitomatores
874 3341 940 3376 έὰν
963 3346 1040 3376 ταῖς
1062 3343 1228 3388 γυναιξὶν
1295 3343 1383 3387 parti
1407 3342 1457 3376 12²
1482 3343 1495 3386 fl
1526 3343 1569 3376 26
1593 3340 1790 3374 mulieribus
1815 3341 1846 3373 Τ
1871 3339 1883 3385 ΙΙ
1906 3340 2018 3381 fuisse]
2042 3338 2143 3372 fuisse
2166 3349 2200 3371 se
2260 3337 2271 3358 ¹
2296 3335 2309 3380 ΙΙ
2334 3337 2354 3370 2

143 3385 283 3432 ἁρμόσῃ
314 3385 335 3422 ὁ
369 3399 459 3422 casos
484 3389 606 3423 Theod.
652 3389 711 3421 καὶ
742 3383 935 3431 ἀπαιτήσει
966 3387 1103 3431 ταύτην
1133 3387 1226 3421 κατὰ
1297 3387 1482 3421 concedunt
1508 3388 1540 3421 T
1570 3386 1763 3419 concederet
1786 3385 1835 3419 R¹
1875 3385 2094 3419 concederent
2119 3382 2167 3417 [ζ’
2196 3382 2209 3426 ΙΙ
2235 3383 2376 3416 exactio·

143 3431 225 3466 τοὺς
246 3424 373 3467 κῖἱσους
387 3435 463 3468 Ath.
489 3437 522 3467 et
540 3434 614 3467 ideo
631 3433 847 3466 matrimonio
867 3433 978 3467 soluto
999 3433 1132 3466 mulieri
1153 3434 1227 3475 qui·
1297 3443 1371 3466 nem
1389 3433 1632 3477 Oseubrz't‘qyen]
1652 3431 1817 3464 actionem
1835 3431 1911 3465 libri
1926 3430 1938 3473 ΙΙ
1956 3431 1998 3465 29
2014 3430 2044 3464 si
2059 3430 2140 3469 non]
2162 3428 2232 3461 sine
2244 3421 2378 3472 R¹T¹11

145 3478 219 3511 dem
242 3481 319 3512 ante
342 3480 477 3522 nuptias
501 3479 637 3512 donatio
661 3478 730 3512 sive
753 3489 792 3512 ex
813 3480 885 3511 toto
908 3478 976 3511 sive
1000 3487 1038 3511 ex
1059 3480 1153 3521 parte
1177 3489 1226 3511 se·
1298 3477 1476 3511 donatione
1505 3478 1536 3511 T

144 3523 288 3556 cundum
313 3525 403 3566 quod
429 3535 522 3557 casus
553 3524 671 3557 tulerit
695 3548 704 3557 .
719 3548 751 3558 ..
775 3525 941 3567 competat
964 3524 1027 3558 Iul.
1057 3523 1070 3567 ΙΙ
1100 3525 1139 3557 27
1165 3523 1228 3565 τῆς

145 3565 291 3612 δωρεᾶς]
316 3567 402 3613 ὑμῖν
426 3566 559 3614 δωρεᾶς
585 3570 625 3602 Μ
643 3568 656 3614 ΙΙ
680 3571 741 3603 καὶ
764 3569 925 3612 om.L(c)
943 3568 955 3613 ΙΙ
977 3570 1082 3614 μέρος
1104 3569 1135 3601 L
1151 3567 1164 3612 ΙΙ
1183 3569 1222 3602 31

142 3615 278 3657 μέρους]
311 3615 349 3647 ἐκ
371 3616 496 3662 μέρους
520 3615 590 3648 BL

212 2849 232 2881 5
256 2845 406 2889 ταύτην]
430 2847 568 2880 eundem
591 2849 626 2890 (ι’.
642 2861 667 2882 ε.
691 2847 760 2891 τὴν
780 2846 931 2891 αἶ’τὴνῖ)
956 2862 975 2886 ς
990 2851 1050 2884 Iul.
1075 2849 1086 2895 ΙΙ
1114 2853 1132 2885 7
1158 2849 1227 2884 τὸν

142 2889 287 2936 κλῆρον]
323 2892 385 2925 hoc
414 2892 567 2926 iubentes
600 2903 639 2925 ex
670 2894 822 2926 kalendis
849 2895 1016 2927 Ianuariis
1044 2896 1227 2939 praesentis

143 2937 338 2970 undecimae
357 2936 554 2970 indictionis
579 2940 654 2972 add.
680 2950 717 2977 ςς
756 2937 883 2972 τούτου
907 2939 1126 2984 κρατοῦντος
1149 2936 1223 2974 ἀπὸ

142 2979 336 3015 καλανδῶν
358 2977 588 3026 Ἰανουαρίων
611 2983 673 3024 τῆς
697 2981 743 3015 ια’
759 2983 1000 3028 ἐπινεμήσεως
1012 2986 1088 3019 Aua.
1103 2988 1227 3027 (carent

145 3029 362 3061 additamento
385 3028 450 3061 Iul.
478 3028 613 3081 Theoti.)
626 3027 650 3079 J}
678 3030 714 3061 11
741 3027 809 3073 γὰρ
833 3042 891 3064 om.
906 3030 938 3063 L
963 3030 975 3073 ΙΙ
999 3026 1227 3075 εὑρίσκονται
