<?xml version="1.0" encoding="UTF-8"?>
<!DOCTYPE html PUBLIC "-//W3C//DTD XHTML 1.0 Transitional//EN"
    "http://www.w3.org/TR/xhtml1/DTD/xhtml1-transitional.dtd">
<html xmlns="http://www.w3.org/1999/xhtml" xml:lang="en" lang="en">
 <head>
  <title>
</title>
<meta http-equiv="Content-Type" content="text/html;charset=utf-8" />
  <meta name='ocr-system' content='tesseract 3.04.00' />
  <meta name='ocr-capabilities' content='ocr_page ocr_carea ocr_par ocr_line ocrx_word'/>
</head>
<body>
  <div class='ocr_page' id='page_1' title='image "./corpusjuriscivil00krueuoft_0628.png"; bbox 0 0 2476 3854; ppageno 0'>
   <div class='ocr_carea' id='block_1_1' title="bbox 128 73 2351 125">
    <p class='ocr_par' dir='ltr' id='par_1_1' title="bbox 128 73 2351 125">
     <span class='ocr_line' id='line_1_1' title="bbox 128 73 2351 125; baseline 0.002 -4"><span class='ocrx_word' id='word_1_1' title='bbox 128 78 238 122; x_wconf 85' lang='lat' dir='ltr'>Nov.</span> <span class='ocrx_word' id='word_1_2' title='bbox 264 77 442 121; x_wconf 81' lang='lat' dir='ltr'>CXXIII</span> <span class='ocrx_word' id='word_1_3' title='bbox 473 81 512 122; x_wconf 89' lang='grc'>9.</span> <span class='ocrx_word' id='word_1_4' title='bbox 546 82 597 122; x_wconf 89' lang='grc'>10</span> <span class='ocrx_word' id='word_1_5' title='bbox 1203 73 1287 122; x_wconf 82' lang='grc'>602</span> <span class='ocrx_word' id='word_1_6' title='bbox 1964 91 2026 123; x_wconf 74' lang='lat' dir='ltr'>nn</span> <span class='ocrx_word' id='word_1_7' title='bbox 2053 90 2351 125; x_wconf 66' lang='lat' dir='ltr'>smcnssms</span> 
     </span>
    </p>
   </div>
   <div class='ocr_carea' id='block_1_2' title="bbox 122 184 2353 1130">
    <p class='ocr_par' dir='ltr' id='par_1_2' title="bbox 122 184 2353 1040">
     <span class='ocr_line' id='line_1_2' title="bbox 127 184 2351 234; baseline 0.002 -12"><span class='ocrx_word' id='word_1_8' title='bbox 127 199 259 224; x_wconf 85' lang='grc' dir='ltr'><strong><em>σκοπος</em></strong></span> <span class='ocrx_word' id='word_1_9' title='bbox 281 186 494 232; x_wconf 82' lang='grc' dir='ltr'><strong><em>οἱουδὴποτε</em></strong></span> <span class='ocrx_word' id='word_1_10' title='bbox 518 184 633 223; x_wconf 83' lang='grc' dir='ltr'><strong><em>τόπου</em></strong></span> <span class='ocrx_word' id='word_1_11' title='bbox 659 184 895 231; x_wconf 66' lang='grc' dir='ltr'><strong><em>ἀποδημήσω,</em></strong></span> <span class='ocrx_word' id='word_1_12' title='bbox 925 187 984 232; x_wconf 84' lang='grc' dir='ltr'>μὴ,</span> <span class='ocrx_word' id='word_1_13' title='bbox 999 186 1109 222; x_wconf 82' lang='grc' dir='ltr'><strong><em>πλέον</em></strong></span> <span class='ocrx_word' id='word_1_14' title='bbox 1131 187 1210 223; x_wconf 79' lang='grc' dir='ltr'><strong><em>ἑνὸς</em></strong></span> <span class='ocrx_word' id='word_1_15' title='bbox 1278 197 1346 232; x_wconf 89' lang='lat' dir='ltr'>que</span> <span class='ocrx_word' id='word_1_16' title='bbox 1380 188 1451 223; x_wconf 90' lang='lat' dir='ltr'>loci</span> <span class='ocrx_word' id='word_1_17' title='bbox 1479 187 1663 232; x_wconf 82' lang='lat' dir='ltr'>profectus</span> <span class='ocrx_word' id='word_1_18' title='bbox 1696 188 1822 234; x_wconf 84' lang='lat' dir='ltr'>fuerit,</span> <span class='ocrx_word' id='word_1_19' title='bbox 1857 198 1930 224; x_wconf 92' lang='lat' dir='ltr'>non</span> <span class='ocrx_word' id='word_1_20' title='bbox 1963 189 2115 234; x_wconf 84' lang='lat' dir='ltr'>amplius</span> <span class='ocrx_word' id='word_1_21' title='bbox 2150 200 2223 226; x_wconf 89' lang='lat' dir='ltr'>uno</span> <span class='ocrx_word' id='word_1_22' title='bbox 2256 200 2351 226; x_wconf 88' lang='lat' dir='ltr'>anno</span> 
     </span>
     <span class='ocr_line' id='line_1_3' title="bbox 127 231 2350 279; baseline 0.001 -12"><span class='ocrx_word' id='word_1_23' title='bbox 127 235 293 268; x_wconf 75' lang='grc' dir='ltr'><strong><em>ἐνιαυτοῦ</em></strong></span> <span class='ocrx_word' id='word_1_24' title='bbox 324 234 392 277; x_wconf 76' lang='grc' dir='ltr'>τὴν</span> <span class='ocrx_word' id='word_1_25' title='bbox 416 232 512 267; x_wconf 82' lang='grc' dir='ltr'><strong><em>ἰδίαν</em></strong></span> <span class='ocrx_word' id='word_1_26' title='bbox 543 232 847 276; x_wconf 83' lang='grc' dir='ltr'><strong><em>καταλιμπανέτω</em></strong></span> <span class='ocrx_word' id='word_1_27' title='bbox 879 231 1079 276; x_wconf 86' lang='grc' dir='ltr'><strong><em>ἐκκλησίαν.</em></strong></span> <span class='ocrx_word' id='word_1_28' title='bbox 1126 233 1208 267; x_wconf 78' lang='grc' dir='ltr'><strong><em>τοὺς</em></strong></span> <span class='ocrx_word' id='word_1_29' title='bbox 1275 243 1376 269; x_wconf 88' lang='lat' dir='ltr'>suam</span> <span class='ocrx_word' id='word_1_30' title='bbox 1407 233 1582 278; x_wconf 85' lang='lat' dir='ltr'>relinquat</span> <span class='ocrx_word' id='word_1_31' title='bbox 1611 233 1809 269; x_wconf 86' lang='lat' dir='ltr'>ecclesiam.</span> <span class='ocrx_word' id='word_1_32' title='bbox 1856 233 2056 279; x_wconf 88' lang='lat' dir='ltr'>Episcopos</span> <span class='ocrx_word' id='word_1_33' title='bbox 2084 237 2202 270; x_wconf 87' lang='lat' dir='ltr'>autem</span> <span class='ocrx_word' id='word_1_34' title='bbox 2233 235 2270 270; x_wconf 92' lang='lat' dir='ltr'>in</span> <span class='ocrx_word' id='word_1_35' title='bbox 2293 245 2350 271; x_wconf 85' lang='lat' dir='ltr'>re·</span> 
     </span>
     <span class='ocr_line' id='line_1_4' title="bbox 127 274 2353 323; baseline 0 -10"><span class='ocrx_word' id='word_1_36' title='bbox 127 277 168 313; x_wconf 82' lang='grc' dir='ltr'>δὲ</span> <span class='ocrx_word' id='word_1_37' title='bbox 182 277 400 313; x_wconf 74' lang='grc' dir='ltr'><strong><em>ἐπισκόπους</em></strong></span> <span class='ocrx_word' id='word_1_38' title='bbox 423 277 504 312; x_wconf 77' lang='grc' dir='ltr'><strong><em>τοὺς</em></strong></span> <span class='ocrx_word' id='word_1_39' title='bbox 518 277 611 310; x_wconf 85' lang='grc' dir='ltr'><strong><em>κατὰ</em></strong></span> <span class='ocrx_word' id='word_1_40' title='bbox 628 277 696 319; x_wconf 85' lang='grc' dir='ltr'>τὴν</span> <span class='ocrx_word' id='word_1_41' title='bbox 712 274 885 320; x_wconf 80' lang='grc' dir='ltr'><em>βασιλίδα</em></span> <span class='ocrx_word' id='word_1_42' title='bbox 901 277 1021 319; x_wconf 85' lang='grc' dir='ltr'><strong><em>πόλιν,</em></strong></span> <span class='ocrx_word' id='word_1_43' title='bbox 1045 275 1094 311; x_wconf 75' lang='grc' dir='ltr'>ὦς</span> <span class='ocrx_word' id='word_1_44' title='bbox 1117 276 1208 323; x_wconf 83' lang='grc' dir='ltr'><strong><em>εἴρη-</em></strong></span> <span class='ocrx_word' id='word_1_45' title='bbox 1276 279 1368 322; x_wconf 84' lang='lat' dir='ltr'><strong>giam</strong></span> <span class='ocrx_word' id='word_1_46' title='bbox 1391 277 1569 313; x_wconf 82' lang='lat' dir='ltr'>civitatem</span> <span class='ocrx_word' id='word_1_47' title='bbox 1588 278 1694 321; x_wconf 89' lang='lat' dir='ltr'>(sicut</span> <span class='ocrx_word' id='word_1_48' title='bbox 1710 279 1844 314; x_wconf 86' lang='lat' dir='ltr'>dictum</span> <span class='ocrx_word' id='word_1_49' title='bbox 1860 280 1927 322; x_wconf 85' lang='lat' dir='ltr'>est)</span> <span class='ocrx_word' id='word_1_50' title='bbox 1947 279 2139 323; x_wconf 85' lang='lat' dir='ltr'>venientes,</span> <span class='ocrx_word' id='word_1_51' title='bbox 2163 278 2353 315; x_wconf 85' lang='lat' dir='ltr'>cuiuslibet</span> 
     </span>
     <span class='ocr_line' id='line_1_5' title="bbox 126 320 2352 378; baseline 0 -20"><span class='ocrx_word' id='word_1_52' title='bbox 126 336 203 366; x_wconf 84' lang='grc' dir='ltr'><strong><em>ται,</em></strong></span> <span class='ocrx_word' id='word_1_53' title='bbox 227 325 544 370; x_wconf 70' lang='grc' dir='ltr'><strong><em>παραγινομένους,</em></strong></span> <span class='ocrx_word' id='word_1_54' title='bbox 568 320 781 365; x_wconf 82' lang='grc' dir='ltr'><strong><em>οἱαςὸήποτε</em></strong></span> <span class='ocrx_word' id='word_1_55' title='bbox 803 321 876 356; x_wconf 82' lang='grc' dir='ltr'><strong><em>εἶεν</em></strong></span> <span class='ocrx_word' id='word_1_56' title='bbox 895 320 1111 378; x_wconf 59' lang='grc' dir='ltr'><strong><em>διοικήσεως,</em></strong></span> <span class='ocrx_word' id='word_1_57' title='bbox 1135 321 1207 369; x_wconf 88' lang='grc' dir='ltr'>πρὸ</span> <span class='ocrx_word' id='word_1_58' title='bbox 1276 323 1411 357; x_wconf 83' lang='lat' dir='ltr'>fuerint</span> <span class='ocrx_word' id='word_1_59' title='bbox 1442 322 1609 366; x_wconf 86' lang='lat' dir='ltr'>diocesis,</span> <span class='ocrx_word' id='word_1_60' title='bbox 1641 333 1730 368; x_wconf 81' lang='lat' dir='ltr'>prae</span> <span class='ocrx_word' id='word_1_61' title='bbox 1760 323 1924 359; x_wconf 87' lang='lat' dir='ltr'>omnibus</span> <span class='ocrx_word' id='word_1_62' title='bbox 1953 323 2007 359; x_wconf 89' lang='lat' dir='ltr'>ire</span> <span class='ocrx_word' id='word_1_63' title='bbox 2035 323 2082 359; x_wconf 83' lang='lat' dir='ltr'>ad</span> <span class='ocrx_word' id='word_1_64' title='bbox 2110 323 2352 360; x_wconf 83' lang='lat' dir='ltr'>beatissimum</span> 
     </span>
     <span class='ocr_line' id='line_1_6' title="bbox 127 364 2353 414; baseline 0 -12"><span class='ocrx_word' id='word_1_65' title='bbox 127 367 282 403; x_wconf 82' lang='grc' dir='ltr'><strong><em>πάντων</em></strong></span> <span class='ocrx_word' id='word_1_66' title='bbox 299 364 445 402; x_wconf 79' lang='grc' dir='ltr'><strong><em>ἀπιέναι</em></strong></span> <span class='ocrx_word' id='word_1_67' title='bbox 469 365 559 410; x_wconf 83' lang='grc' dir='ltr'><strong><em>πρὸς</em></strong></span> <span class='ocrx_word' id='word_1_68' title='bbox 581 366 649 400; x_wconf 87' lang='grc' dir='ltr'>τὸν</span> <span class='ocrx_word' id='word_1_69' title='bbox 671 364 954 412; x_wconf 76' lang='grc' dir='ltr'><strong><em>μακαριώτατον</em></strong></span> <span class='ocrx_word' id='word_1_70' title='bbox 984 370 1208 412; x_wconf 82' lang='grc' dir='ltr'><strong><em>αρχιεπίσκο-</em></strong></span> <span class='ocrx_word' id='word_1_71' title='bbox 1244 370 1263 403; x_wconf 83' lang='grc'><strong>5</strong></span> <span class='ocrx_word' id='word_1_72' title='bbox 1277 367 1586 412; x_wconf 83' lang='lat' dir='ltr'>archiepiscopum</span> <span class='ocrx_word' id='word_1_73' title='bbox 1605 368 1962 413; x_wconf 80' lang='lat' dir='ltr'>constantinopoleos</span> <span class='ocrx_word' id='word_1_74' title='bbox 1986 370 2023 404; x_wconf 89' lang='lat' dir='ltr'>et</span> <span class='ocrx_word' id='word_1_75' title='bbox 2044 368 2293 414; x_wconf 82' lang='lat' dir='ltr'>patriarcham,</span> <span class='ocrx_word' id='word_1_76' title='bbox 2316 371 2353 404; x_wconf 85' lang='lat' dir='ltr'>et</span> 
     </span>
     <span class='ocr_line' id='line_1_7' title="bbox 126 408 2351 457; baseline 0.001 -11"><span class='ocrx_word' id='word_1_77' title='bbox 126 426 198 447; x_wconf 88' lang='grc' dir='ltr'>πον</span> <span class='ocrx_word' id='word_1_78' title='bbox 224 409 648 446; x_wconf 83' lang='grc' dir='ltr'><strong><em>Κωνσταντινουπόλεως</em></strong></span> <span class='ocrx_word' id='word_1_79' title='bbox 672 414 732 444; x_wconf 80' lang='grc' dir='ltr'>καὶ</span> <span class='ocrx_word' id='word_1_80' title='bbox 751 411 989 457; x_wconf 81' lang='grc' dir='ltr'><strong><em>πατριάρχην,</em></strong></span> <span class='ocrx_word' id='word_1_81' title='bbox 1014 414 1074 445; x_wconf 85' lang='grc' dir='ltr'>καὶ</span> <span class='ocrx_word' id='word_1_82' title='bbox 1094 408 1209 446; x_wconf 69' lang='grc' dir='ltr'><strong><em>οὕτως</em></strong></span> <span class='ocrx_word' id='word_1_83' title='bbox 1275 412 1328 447; x_wconf 81' lang='lat' dir='ltr'>ita</span> <span class='ocrx_word' id='word_1_84' title='bbox 1362 421 1428 457; x_wconf 88' lang='lat' dir='ltr'>per</span> <span class='ocrx_word' id='word_1_85' title='bbox 1462 421 1543 448; x_wconf 85' lang='lat' dir='ltr'>eum</span> <span class='ocrx_word' id='word_1_86' title='bbox 1582 412 1629 447; x_wconf 75' lang='lat' dir='ltr'>ad</span> <span class='ocrx_word' id='word_1_87' title='bbox 1663 415 1821 448; x_wconf 81' lang='lat' dir='ltr'>nostram</span> <span class='ocrx_word' id='word_1_88' title='bbox 1862 413 2009 448; x_wconf 83' lang='lat' dir='ltr'>introire</span> <span class='ocrx_word' id='word_1_89' title='bbox 2050 413 2351 457; x_wconf 74' lang='lat' dir='ltr'><strong>tranquillitatem.</strong></span> 
     </span>
     <span class='ocr_line' id='line_1_8' title="bbox 127 452 2353 503; baseline 0.001 -12"><span class='ocrx_word' id='word_1_90' title='bbox 127 456 178 491; x_wconf 78' lang='grc' dir='ltr'>δι’</span> <span class='ocrx_word' id='word_1_91' title='bbox 206 454 317 490; x_wconf 67' lang='grc' dir='ltr'><strong><em>αὐτοῦ</em></strong></span> <span class='ocrx_word' id='word_1_92' title='bbox 354 455 444 500; x_wconf 84' lang='grc' dir='ltr'><strong><em>πρὸς</em></strong></span> <span class='ocrx_word' id='word_1_93' title='bbox 477 455 546 498; x_wconf 87' lang='grc' dir='ltr'>τὴν</span> <span class='ocrx_word' id='word_1_94' title='bbox 581 452 757 501; x_wconf 77' lang='grc' dir='ltr'><strong><em>ἡμετέραν</em></strong></span> <span class='ocrx_word' id='word_1_95' title='bbox 792 457 935 490; x_wconf 83' lang='grc' dir='ltr'><strong><em>εἰςιέναι</em></strong></span> <span class='ocrx_word' id='word_1_96' title='bbox 967 455 1206 502; x_wconf 79' lang='grc' dir='ltr'><strong><em>γαληνότητα.</em></strong></span> <span class='ocrx_word' id='word_1_97' title='bbox 1277 457 1377 492; x_wconf 83' lang='lat' dir='ltr'>Citra</span> <span class='ocrx_word' id='word_1_98' title='bbox 1405 459 1525 492; x_wconf 88' lang='lat' dir='ltr'>autem</span> <span class='ocrx_word' id='word_1_99' title='bbox 1554 457 1647 492; x_wconf 84' lang='lat' dir='ltr'>hanc</span> <span class='ocrx_word' id='word_1_100' title='bbox 1683 461 1842 494; x_wconf 85' lang='lat' dir='ltr'>nostram</span> <span class='ocrx_word' id='word_1_101' title='bbox 1876 457 2141 503; x_wconf 80' lang='lat' dir='ltr'>dispositionem</span> <span class='ocrx_word' id='word_1_102' title='bbox 2175 462 2239 493; x_wconf 86' lang='lat' dir='ltr'>aut</span> <span class='ocrx_word' id='word_1_103' title='bbox 2268 468 2353 503; x_wconf 82' lang='lat' dir='ltr'>pro·</span> 
     </span>
     <span class='ocr_line' id='line_1_9' title="bbox 126 498 2352 548; baseline 0.001 -12"><span class='ocrx_word' id='word_1_104' title='bbox 126 505 199 536; x_wconf 85' lang='grc' dir='ltr'><strong><em>τοῖς</em></strong></span> <span class='ocrx_word' id='word_1_105' title='bbox 223 499 263 535; x_wconf 77' lang='grc' dir='ltr'>δὲ</span> <span class='ocrx_word' id='word_1_106' title='bbox 285 501 384 545; x_wconf 84' lang='grc' dir='ltr'><strong><em>παρὰ</em></strong></span> <span class='ocrx_word' id='word_1_107' title='bbox 409 500 546 543; x_wconf 84' lang='grc' dir='ltr'><strong><em>ταύτην</em></strong></span> <span class='ocrx_word' id='word_1_108' title='bbox 570 499 675 544; x_wconf 78' lang='grc' dir='ltr'><strong><em>ἡμῶν</em></strong></span> <span class='ocrx_word' id='word_1_109' title='bbox 691 501 759 543; x_wconf 83' lang='grc' dir='ltr'>τὴν</span> <span class='ocrx_word' id='word_1_110' title='bbox 776 498 1005 536; x_wconf 78' lang='grc' dir='ltr'><strong><em>διατύπωσιν</em></strong></span> <span class='ocrx_word' id='word_1_111' title='bbox 1028 499 1051 544; x_wconf 88' lang='grc' dir='ltr'><em>ἢ</em></span> <span class='ocrx_word' id='word_1_112' title='bbox 1073 499 1207 544; x_wconf 80' lang='grc' dir='ltr'><strong><em>ἇποδη-</em></strong></span> <span class='ocrx_word' id='word_1_113' title='bbox 1275 501 1517 537; x_wconf 80' lang='lat' dir='ltr'>ficiscentibus</span> <span class='ocrx_word' id='word_1_114' title='bbox 1550 506 1614 537; x_wconf 82' lang='lat' dir='ltr'>aut</span> <span class='ocrx_word' id='word_1_115' title='bbox 1644 502 1738 538; x_wconf 76' lang='lat' dir='ltr'>ultra</span> <span class='ocrx_word' id='word_1_116' title='bbox 1768 502 1950 538; x_wconf 82' lang='lat' dir='ltr'>definitum</span> <span class='ocrx_word' id='word_1_117' title='bbox 1979 502 2084 538; x_wconf 85' lang='lat' dir='ltr'>unius</span> <span class='ocrx_word' id='word_1_118' title='bbox 2107 503 2191 538; x_wconf 73' lang='lat' dir='ltr'>anni</span> <span class='ocrx_word' id='word_1_119' title='bbox 2213 505 2352 548; x_wconf 82' lang='lat' dir='ltr'>tempus</span> 
     </span>
     <span class='ocr_line' id='line_1_10' title="bbox 124 543 2353 594; baseline 0.001 -15"><span class='ocrx_word' id='word_1_120' title='bbox 124 548 255 591; x_wconf 78' lang='grc' dir='ltr'><strong><em>μοῦσιν</em></strong></span> <span class='ocrx_word' id='word_1_121' title='bbox 278 544 301 588; x_wconf 83' lang='grc' dir='ltr'><em>ἢ</em></span> <span class='ocrx_word' id='word_1_122' title='bbox 322 544 413 589; x_wconf 80' lang='grc' dir='ltr'><strong><em>ὑπὲρ</em></strong></span> <span class='ocrx_word' id='word_1_123' title='bbox 445 544 514 579; x_wconf 86' lang='grc' dir='ltr'>τὸν</span> <span class='ocrx_word' id='word_1_124' title='bbox 545 543 748 589; x_wconf 82' lang='grc' dir='ltr'><strong><em>ώρισμένον</em></strong></span> <span class='ocrx_word' id='word_1_125' title='bbox 783 546 847 580; x_wconf 82' lang='grc' dir='ltr'>τοῦ</span> <span class='ocrx_word' id='word_1_126' title='bbox 881 547 1046 581; x_wconf 81' lang='grc' dir='ltr'><strong><em>ἐνιαυτοῦ</em></strong></span> <span class='ocrx_word' id='word_1_127' title='bbox 1075 546 1208 594; x_wconf 80' lang='grc' dir='ltr'><strong><em>χρόνον</em></strong></span> <span class='ocrx_word' id='word_1_128' title='bbox 1277 549 1377 581; x_wconf 82' lang='lat' dir='ltr'>extra</span> <span class='ocrx_word' id='word_1_129' title='bbox 1397 556 1497 581; x_wconf 89' lang='lat' dir='ltr'>suam</span> <span class='ocrx_word' id='word_1_130' title='bbox 1513 547 1699 582; x_wconf 87' lang='lat' dir='ltr'>ecclesiam</span> <span class='ocrx_word' id='word_1_131' title='bbox 1723 547 1936 582; x_wconf 80' lang='lat' dir='ltr'>facientibus</span> <span class='ocrx_word' id='word_1_132' title='bbox 1957 547 2108 592; x_wconf 85' lang='lat' dir='ltr'>primum</span> <span class='ocrx_word' id='word_1_133' title='bbox 2125 547 2264 591; x_wconf 89' lang='lat' dir='ltr'>quidem</span> <span class='ocrx_word' id='word_1_134' title='bbox 2280 557 2353 583; x_wconf 92' lang='lat' dir='ltr'>non</span> 
     </span>
     <span class='ocr_line' id='line_1_11' title="bbox 126 588 2351 637; baseline 0.001 -13"><span class='ocrx_word' id='word_1_135' title='bbox 126 591 202 631; x_wconf 78' lang='grc' dir='ltr'>ἔξω</span> <span class='ocrx_word' id='word_1_136' title='bbox 218 591 280 633; x_wconf 82' lang='grc' dir='ltr'>τῆς</span> <span class='ocrx_word' id='word_1_137' title='bbox 296 588 389 624; x_wconf 83' lang='grc' dir='ltr'><strong><em>ἰδίας</em></strong></span> <span class='ocrx_word' id='word_1_138' title='bbox 412 588 596 632; x_wconf 81' lang='grc' dir='ltr'><strong><em>ἐκκλησίας</em></strong></span> <span class='ocrx_word' id='word_1_139' title='bbox 619 591 764 624; x_wconf 81' lang='grc' dir='ltr'><strong><em>ποιοῦσι</em></strong></span> <span class='ocrx_word' id='word_1_140' title='bbox 788 591 937 635; x_wconf 84' lang='grc' dir='ltr'><strong><em>πρῶτον</em></strong></span> <span class='ocrx_word' id='word_1_141' title='bbox 954 593 1022 635; x_wconf 77' lang='grc' dir='ltr'>μὲν</span> <span class='ocrx_word' id='word_1_142' title='bbox 1040 591 1089 635; x_wconf 82' lang='grc' dir='ltr'><strong><em>μὴ</em></strong></span> <span class='ocrx_word' id='word_1_143' title='bbox 1105 603 1206 634; x_wconf 84' lang='grc' dir='ltr'><strong><em>χοοη-</em></strong></span> <span class='ocrx_word' id='word_1_144' title='bbox 1223 593 1263 626; x_wconf 86' lang='grc'>10</span> <span class='ocrx_word' id='word_1_145' title='bbox 1275 591 1467 626; x_wconf 87' lang='lat' dir='ltr'>ministrari</span> <span class='ocrx_word' id='word_1_146' title='bbox 1492 591 1537 627; x_wconf 91' lang='lat' dir='ltr'>ab</span> <span class='ocrx_word' id='word_1_147' title='bbox 1558 592 1761 627; x_wconf 89' lang='lat' dir='ltr'>oeconomis</span> <span class='ocrx_word' id='word_1_148' title='bbox 1785 602 1850 637; x_wconf 90' lang='lat' dir='ltr'>pro</span> <span class='ocrx_word' id='word_1_149' title='bbox 1878 592 1951 627; x_wconf 86' lang='lat' dir='ltr'>riae</span> <span class='ocrx_word' id='word_1_150' title='bbox 1973 592 2145 627; x_wconf 84' lang='lat' dir='ltr'>ecclesiae</span> <span class='ocrx_word' id='word_1_151' title='bbox 2164 601 2351 637; x_wconf 84' lang='lat' dir='ltr'>expensas,</span> 
     </span>
     <span class='ocr_line' id='line_1_12' title="bbox 124 622 2352 682; baseline 0.001 -13"><span class='ocrx_word' id='word_1_152' title='bbox 124 636 273 682; x_wconf 60' lang='lat' dir='ltr'>yslo-9111</span> <span class='ocrx_word' id='word_1_153' title='bbox 296 634 396 680; x_wconf 86' lang='grc' dir='ltr'><strong><em>παρὰ</em></strong></span> <span class='ocrx_word' id='word_1_154' title='bbox 420 635 497 669; x_wconf 78' lang='grc' dir='ltr'>τῶν</span> <span class='ocrx_word' id='word_1_155' title='bbox 514 634 718 679; x_wconf 84' lang='grc' dir='ltr'><strong><em>οἰκονόμων</em></strong></span> <span class='ocrx_word' id='word_1_156' title='bbox 741 636 805 678; x_wconf 85' lang='grc' dir='ltr'>τῆς</span> <span class='ocrx_word' id='word_1_157' title='bbox 828 633 920 669; x_wconf 85' lang='grc' dir='ltr'><strong><em>ἰδίας</em></strong></span> <span class='ocrx_word' id='word_1_158' title='bbox 944 635 1125 679; x_wconf 78' lang='grc' dir='ltr'><strong><em>ἐκκλησίας</em></strong></span> <span class='ocrx_word' id='word_1_159' title='bbox 1146 622 1207 671; x_wconf 66' lang='grc' dir='ltr'>δα·</span> <span class='ocrx_word' id='word_1_160' title='bbox 1276 636 1403 672; x_wconf 87' lang='lat' dir='ltr'>deinde</span> <span class='ocrx_word' id='word_1_161' title='bbox 1437 636 1619 672; x_wconf 85' lang='lat' dir='ltr'>admoneri</span> <span class='ocrx_word' id='word_1_162' title='bbox 1652 646 1714 672; x_wconf 87' lang='lat' dir='ltr'>eos</span> <span class='ocrx_word' id='word_1_163' title='bbox 1756 646 1820 681; x_wconf 88' lang='lat' dir='ltr'>per</span> <span class='ocrx_word' id='word_1_164' title='bbox 1868 637 1990 673; x_wconf 82' lang='lat' dir='ltr'>&#39;tteras</span> <span class='ocrx_word' id='word_1_165' title='bbox 2025 636 2248 672; x_wconf 79' lang='lat' dir='ltr'>sacerdotum</span> <span class='ocrx_word' id='word_1_166' title='bbox 2285 636 2352 672; x_wconf 86' lang='lat' dir='ltr'>sub</span> 
     </span>
     <span class='ocr_line' id='line_1_13' title="bbox 125 677 2352 727; baseline 0.001 -13"><span class='ocrx_word' id='word_1_167' title='bbox 125 681 259 723; x_wconf 84' lang='grc' dir='ltr'><strong><em>πάνας,</em></strong></span> <span class='ocrx_word' id='word_1_168' title='bbox 283 681 410 715; x_wconf 78' lang='grc' dir='ltr'><strong><em>ἔπειτα</em></strong></span> <span class='ocrx_word' id='word_1_169' title='bbox 434 677 474 712; x_wconf 75' lang='grc' dir='ltr'>δὲ</span> <span class='ocrx_word' id='word_1_170' title='bbox 496 677 839 723; x_wconf 78' lang='grc' dir='ltr'><strong><em>ὑπομιμνήσκεσθαι</em></strong></span> <span class='ocrx_word' id='word_1_171' title='bbox 863 677 991 715; x_wconf 70' lang='grc' dir='ltr'><strong><em>αὐτοὺς</em></strong></span> <span class='ocrx_word' id='word_1_172' title='bbox 1013 680 1073 715; x_wconf 85' lang='grc' dir='ltr'>διὰ</span> <span class='ocrx_word' id='word_1_173' title='bbox 1095 693 1207 727; x_wconf 76' lang='grc' dir='ltr'><strong><em>γραμ-</em></strong></span> <span class='ocrx_word' id='word_1_174' title='bbox 1277 681 1405 726; x_wconf 88' lang='lat' dir='ltr'>quibus</span> <span class='ocrx_word' id='word_1_175' title='bbox 1429 683 1550 725; x_wconf 86' lang='lat' dir='ltr'>agunt,</span> <span class='ocrx_word' id='word_1_176' title='bbox 1574 684 1614 716; x_wconf 90' lang='lat' dir='ltr'>ut</span> <span class='ocrx_word' id='word_1_177' title='bbox 1628 684 1853 717; x_wconf 77' lang='lat' dir='ltr'>revertantur</span> <span class='ocrx_word' id='word_1_178' title='bbox 1875 682 1921 717; x_wconf 76' lang='lat' dir='ltr'>ad</span> <span class='ocrx_word' id='word_1_179' title='bbox 1941 691 2025 717; x_wconf 74' lang='lat' dir='ltr'>suas</span> <span class='ocrx_word' id='word_1_180' title='bbox 2048 681 2229 724; x_wconf 79' lang='lat' dir='ltr'>ecclesias,</span> <span class='ocrx_word' id='word_1_181' title='bbox 2254 681 2352 716; x_wconf 81' lang='lat' dir='ltr'>diffe-</span> 
     </span>
     <span class='ocr_line' id='line_1_14' title="bbox 123 721 2352 769; baseline 0.002 -11"><span class='ocrx_word' id='word_1_182' title='bbox 123 725 253 769; x_wconf 80' lang='grc' dir='ltr'><strong><em>μάτων</em></strong></span> <span class='ocrx_word' id='word_1_183' title='bbox 277 726 355 759; x_wconf 85' lang='grc' dir='ltr'>τῶν</span> <span class='ocrx_word' id='word_1_184' title='bbox 379 724 504 769; x_wconf 79' lang='grc' dir='ltr'><strong><em>ἱερέων</em></strong></span> <span class='ocrx_word' id='word_1_185' title='bbox 527 721 591 769; x_wconf 78' lang='grc' dir='ltr'>ὑφ’</span> <span class='ocrx_word' id='word_1_186' title='bbox 610 722 670 758; x_wconf 69' lang='grc' dir='ltr'>οὓς</span> <span class='ocrx_word' id='word_1_187' title='bbox 684 723 861 767; x_wconf 78' lang='grc' dir='ltr'><strong><em>τελοῦσιν,</em></strong></span> <span class='ocrx_word' id='word_1_188' title='bbox 885 721 973 760; x_wconf 62' lang='lat' dir='ltr'>dim</span> <span class='ocrx_word' id='word_1_189' title='bbox 989 725 1208 760; x_wconf 75' lang='grc' dir='ltr'><strong><em>ἐπανελθεῖν</em></strong></span> <span class='ocrx_word' id='word_1_190' title='bbox 1275 730 1393 762; x_wconf 87' lang='lat' dir='ltr'>rentes</span> <span class='ocrx_word' id='word_1_191' title='bbox 1427 730 1545 761; x_wconf 84' lang='lat' dir='ltr'>autem</span> <span class='ocrx_word' id='word_1_192' title='bbox 1574 726 1702 762; x_wconf 89' lang='lat' dir='ltr'>reverti</span> <span class='ocrx_word' id='word_1_193' title='bbox 1731 726 1927 762; x_wconf 88' lang='lat' dir='ltr'>secundum</span> <span class='ocrx_word' id='word_1_194' title='bbox 1957 729 2100 762; x_wconf 85' lang='lat' dir='ltr'>sanctas</span> <span class='ocrx_word' id='word_1_195' title='bbox 2133 726 2273 762; x_wconf 85' lang='lat' dir='ltr'>evocari</span> <span class='ocrx_word' id='word_1_196' title='bbox 2295 734 2352 761; x_wconf 86' lang='lat' dir='ltr'>re-</span> 
     </span>
     <span class='ocr_line' id='line_1_15' title="bbox 124 767 2352 817; baseline 0.001 -14"><span class='ocrx_word' id='word_1_197' title='bbox 124 771 171 804; x_wconf 84' lang='grc' dir='ltr'>εἰς</span> <span class='ocrx_word' id='word_1_198' title='bbox 191 769 255 804; x_wconf 84' lang='grc' dir='ltr'>τὰς</span> <span class='ocrx_word' id='word_1_199' title='bbox 271 767 363 803; x_wconf 81' lang='grc' dir='ltr'><strong><em>ἰδίας</em></strong></span> <span class='ocrx_word' id='word_1_200' title='bbox 379 768 577 812; x_wconf 84' lang='grc' dir='ltr'><strong><em>ἐκκλησίας,</em></strong></span> <span class='ocrx_word' id='word_1_201' title='bbox 602 767 906 814; x_wconf 76' lang='grc' dir='ltr'><strong><em>ὑπερτιθεμένους</em></strong></span> <span class='ocrx_word' id='word_1_202' title='bbox 926 767 966 804; x_wconf 77' lang='grc' dir='ltr'>δὲ</span> <span class='ocrx_word' id='word_1_203' title='bbox 980 768 1207 817; x_wconf 80' lang='grc' dir='ltr'><strong><em>ὑποστρέψαι</em></strong></span> <span class='ocrx_word' id='word_1_204' title='bbox 1275 771 1388 815; x_wconf 87' lang='lat' dir='ltr'>gulas.</span> <span class='ocrx_word' id='word_1_205' title='bbox 1435 771 1487 806; x_wconf 89' lang='lat' dir='ltr'>Et</span> <span class='ocrx_word' id='word_1_206' title='bbox 1515 771 1584 806; x_wconf 88' lang='lat' dir='ltr'>nisi</span> <span class='ocrx_word' id='word_1_207' title='bbox 1614 771 1710 806; x_wconf 84' lang='lat' dir='ltr'>intra</span> <span class='ocrx_word' id='word_1_208' title='bbox 1740 770 1922 807; x_wconf 87' lang='lat' dir='ltr'>definitum</span> <span class='ocrx_word' id='word_1_209' title='bbox 1957 781 1979 806; x_wconf 89' lang='lat' dir='ltr'>a</span> <span class='ocrx_word' id='word_1_210' title='bbox 2007 771 2119 807; x_wconf 84' lang='lat' dir='ltr'>sacris</span> <span class='ocrx_word' id='word_1_211' title='bbox 2154 769 2352 807; x_wconf 87' lang='lat' dir='ltr'>canonibus</span> 
     </span>
     <span class='ocr_line' id='line_1_16' title="bbox 123 812 2353 861; baseline 0.001 -13"><span class='ocrx_word' id='word_1_212' title='bbox 123 815 216 849; x_wconf 85' lang='grc' dir='ltr'><strong><em>κατὰ</em></strong></span> <span class='ocrx_word' id='word_1_213' title='bbox 239 814 322 849; x_wconf 70' lang='grc' dir='ltr'><strong><em>τοὺς</em></strong></span> <span class='ocrx_word' id='word_1_214' title='bbox 346 813 458 859; x_wconf 71' lang='grc' dir='ltr'><strong><em>ἱεροὺς</em></strong></span> <span class='ocrx_word' id='word_1_215' title='bbox 481 812 675 848; x_wconf 74' lang='grc' dir='ltr'><strong><em>καλεῖσθαι</em></strong></span> <span class='ocrx_word' id='word_1_216' title='bbox 697 815 863 849; x_wconf 84' lang='grc' dir='ltr'><strong><em>κανόνας.</em></strong></span> <span class='ocrx_word' id='word_1_217' title='bbox 898 817 959 848; x_wconf 83' lang='grc' dir='ltr'>καὶ</span> <span class='ocrx_word' id='word_1_218' title='bbox 979 816 1011 849; x_wconf 79' lang='grc' dir='ltr'><strong><em>εἰ</em></strong></span> <span class='ocrx_word' id='word_1_219' title='bbox 1032 815 1081 860; x_wconf 90' lang='grc' dir='ltr'><strong><em>μὴ</em></strong></span> <span class='ocrx_word' id='word_1_220' title='bbox 1106 815 1208 849; x_wconf 82' lang='grc' dir='ltr'><strong><em>ἐντὸς</em></strong></span> <span class='ocrx_word' id='word_1_221' title='bbox 1224 818 1262 849; x_wconf 84' lang='grc'>15</span> <span class='ocrx_word' id='word_1_222' title='bbox 1275 819 1414 861; x_wconf 88' lang='lat' dir='ltr'>tempus</span> <span class='ocrx_word' id='word_1_223' title='bbox 1438 819 1662 851; x_wconf 85' lang='lat' dir='ltr'>revertantur</span> <span class='ocrx_word' id='word_1_224' title='bbox 1690 815 1737 851; x_wconf 81' lang='lat' dir='ltr'>ad</span> <span class='ocrx_word' id='word_1_225' title='bbox 1759 826 1843 851; x_wconf 88' lang='lat' dir='ltr'>suas</span> <span class='ocrx_word' id='word_1_226' title='bbox 1867 815 2054 858; x_wconf 86' lang='lat' dir='ltr'>ecclesias,</span> <span class='ocrx_word' id='word_1_227' title='bbox 2086 815 2186 861; x_wconf 87' lang='lat' dir='ltr'>ipsos</span> <span class='ocrx_word' id='word_1_228' title='bbox 2210 815 2353 860; x_wconf 84' lang='lat' dir='ltr'>quidem</span> 
     </span>
     <span class='ocr_line' id='line_1_17' title="bbox 123 855 2351 906; baseline 0.001 -13"><span class='ocrx_word' id='word_1_229' title='bbox 123 861 188 893; x_wconf 79' lang='grc' dir='ltr'>τοῦ</span> <span class='ocrx_word' id='word_1_230' title='bbox 206 855 416 904; x_wconf 85' lang='grc' dir='ltr'><strong><em>ὁριζομένου</em></strong></span> <span class='ocrx_word' id='word_1_231' title='bbox 439 858 539 904; x_wconf 86' lang='grc' dir='ltr'><strong><em>παρὰ</em></strong></span> <span class='ocrx_word' id='word_1_232' title='bbox 563 860 640 893; x_wconf 81' lang='grc' dir='ltr'>τῶν</span> <span class='ocrx_word' id='word_1_233' title='bbox 657 858 783 904; x_wconf 84' lang='grc' dir='ltr'><strong><em>ἱερέων</em></strong></span> <span class='ocrx_word' id='word_1_234' title='bbox 805 858 938 904; x_wconf 85' lang='grc' dir='ltr'><strong><em>χρόνου</em></strong></span> <span class='ocrx_word' id='word_1_235' title='bbox 960 857 1206 906; x_wconf 77' lang='grc' dir='ltr'><strong><em>ὑποστρέψου-</em></strong></span> <span class='ocrx_word' id='word_1_236' title='bbox 1275 861 1485 906; x_wconf 86' lang='lat' dir='ltr'>episcopatu</span> <span class='ocrx_word' id='word_1_237' title='bbox 1508 860 1657 905; x_wconf 86' lang='lat' dir='ltr'>expelli,</span> <span class='ocrx_word' id='word_1_238' title='bbox 1679 861 1769 896; x_wconf 86' lang='lat' dir='ltr'>alios</span> <span class='ocrx_word' id='word_1_239' title='bbox 1784 864 1904 895; x_wconf 87' lang='lat' dir='ltr'>autem</span> <span class='ocrx_word' id='word_1_240' title='bbox 1922 870 1988 905; x_wconf 89' lang='lat' dir='ltr'>pro</span> <span class='ocrx_word' id='word_1_241' title='bbox 2006 861 2057 895; x_wconf 83' lang='lat' dir='ltr'>eis</span> <span class='ocrx_word' id='word_1_242' title='bbox 2071 860 2234 896; x_wconf 83' lang='lat' dir='ltr'>meliores</span> <span class='ocrx_word' id='word_1_243' title='bbox 2258 859 2351 896; x_wconf 86' lang='lat' dir='ltr'>ordi-</span> 
     </span>
     <span class='ocr_line' id='line_1_18' title="bbox 123 901 2352 950; baseline 0 -12"><span class='ocrx_word' id='word_1_244' title='bbox 123 917 182 938; x_wconf 81' lang='grc' dir='ltr'>σιν</span> <span class='ocrx_word' id='word_1_245' title='bbox 206 906 255 939; x_wconf 82' lang='grc' dir='ltr'>εἰς</span> <span class='ocrx_word' id='word_1_246' title='bbox 277 904 343 939; x_wconf 82' lang='grc' dir='ltr'>τὰς</span> <span class='ocrx_word' id='word_1_247' title='bbox 365 901 458 938; x_wconf 84' lang='grc' dir='ltr'><strong><em>ἰδίας</em></strong></span> <span class='ocrx_word' id='word_1_248' title='bbox 481 902 562 937; x_wconf 88' lang='grc' dir='ltr'><strong><em>ἐκκλ</em></strong></span> <span class='ocrx_word' id='word_1_249' title='bbox 587 907 682 948; x_wconf 84' lang='grc' dir='ltr'><strong><em>σίας,</em></strong></span> <span class='ocrx_word' id='word_1_250' title='bbox 708 901 834 938; x_wconf 76' lang='grc' dir='ltr'><strong><em>αὐτοὺς</em></strong></span> <span class='ocrx_word' id='word_1_251' title='bbox 849 905 917 949; x_wconf 77' lang='grc' dir='ltr'>μὲν</span> <span class='ocrx_word' id='word_1_252' title='bbox 933 905 995 939; x_wconf 78' lang='grc' dir='ltr'>τ”ς</span> <span class='ocrx_word' id='word_1_253' title='bbox 1011 906 1207 948; x_wconf 79' lang='grc' dir='ltr'><strong><em>ἐπισκοπῆς</em></strong></span> <span class='ocrx_word' id='word_1_254' title='bbox 1275 906 1353 941; x_wconf 85' lang='lat' dir='ltr'>nari</span> <span class='ocrx_word' id='word_1_255' title='bbox 1377 905 1573 941; x_wconf 86' lang='lat' dir='ltr'>secundum</span> <span class='ocrx_word' id='word_1_256' title='bbox 1595 906 1794 950; x_wconf 86' lang='lat' dir='ltr'>praesentis</span> <span class='ocrx_word' id='word_1_257' title='bbox 1817 906 1904 949; x_wconf 86' lang='lat' dir='ltr'>legis</span> <span class='ocrx_word' id='word_1_258' title='bbox 1919 905 2095 941; x_wconf 84' lang='lat' dir='ltr'>virtutem.</span> <span class='ocrx_word' id='word_1_259' title='bbox 2141 904 2222 941; x_wconf 87' lang='lat' dir='ltr'>Hoc</span> <span class='ocrx_word' id='word_1_260' title='bbox 2235 905 2352 950; x_wconf 86' lang='lat' dir='ltr'>ipsum</span> 
     </span>
     <span class='ocr_line' id='line_1_19' title="bbox 123 946 2352 996; baseline 0.001 -14"><span class='ocrx_word' id='word_1_261' title='bbox 123 949 370 991; x_wconf 72' lang='grc' dir='ltr'><strong><em>ἐξωθεῖσθαι,</em></strong></span> <span class='ocrx_word' id='word_1_262' title='bbox 398 949 537 994; x_wconf 82' lang='grc' dir='ltr'><strong><em>ἑτέρους</em></strong></span> <span class='ocrx_word' id='word_1_263' title='bbox 584 950 602 982; x_wconf 76' lang='grc' dir='ltr'><em>ὲ</em></span> <span class='ocrx_word' id='word_1_264' title='bbox 624 946 711 983; x_wconf 78' lang='grc' dir='ltr'><strong><em>ἀντ’</em></strong></span> <span class='ocrx_word' id='word_1_265' title='bbox 739 946 864 984; x_wconf 81' lang='grc' dir='ltr'><strong><em>αὐτῶν</em></strong></span> <span class='ocrx_word' id='word_1_266' title='bbox 887 948 955 984; x_wconf 86' lang='grc' dir='ltr'>καλ</span> <span class='ocrx_word' id='word_1_267' title='bbox 977 953 1074 984; x_wconf 85' lang='grc' dir='ltr'><strong><em>ίονας</em></strong></span> <span class='ocrx_word' id='word_1_268' title='bbox 1096 962 1206 996; x_wconf 84' lang='grc' dir='ltr'><strong><em>χειρο-</em></strong></span> <span class='ocrx_word' id='word_1_269' title='bbox 1274 954 1312 986; x_wconf 83' lang='lat' dir='ltr'>et</span> <span class='ocrx_word' id='word_1_270' title='bbox 1333 960 1441 995; x_wconf 86' lang='lat' dir='ltr'>super</span> <span class='ocrx_word' id='word_1_271' title='bbox 1465 950 1602 986; x_wconf 85' lang='lat' dir='ltr'>clericis</span> <span class='ocrx_word' id='word_1_272' title='bbox 1622 951 1823 994; x_wconf 83' lang='lat' dir='ltr'>valiturum,</span> <span class='ocrx_word' id='word_1_273' title='bbox 1847 949 2100 996; x_wconf 84' lang='lat' dir='ltr'>cuiuscumque</span> <span class='ocrx_word' id='word_1_274' title='bbox 2122 949 2258 987; x_wconf 77' lang='lat' dir='ltr'>ordinis</span> <span class='ocrx_word' id='word_1_275' title='bbox 2275 949 2352 986; x_wconf 83' lang='lat' dir='ltr'>fue-</span> 
     </span>
     <span class='ocr_line' id='line_1_20' title="bbox 122 991 1652 1040; baseline 0.003 -12"><span class='ocrx_word' id='word_1_276' title='bbox 122 994 314 1029; x_wconf 74' lang='grc' dir='ltr'><strong><em>τονεῖσθαι</em></strong></span> <span class='ocrx_word' id='word_1_277' title='bbox 349 992 443 1028; x_wconf 81' lang='grc' dir='ltr'><strong><em>κατὰ</em></strong></span> <span class='ocrx_word' id='word_1_278' title='bbox 479 994 547 1036; x_wconf 87' lang='grc' dir='ltr'>τὴν</span> <span class='ocrx_word' id='word_1_279' title='bbox 581 994 646 1028; x_wconf 80' lang='grc' dir='ltr'>τοῦ</span> <span class='ocrx_word' id='word_1_280' title='bbox 677 991 860 1040; x_wconf 79' lang='grc' dir='ltr'><strong><em>παρόντος</em></strong></span> <span class='ocrx_word' id='word_1_281' title='bbox 892 993 1006 1040; x_wconf 87' lang='grc' dir='ltr'><strong><em>νόμου</em></strong></span> <span class='ocrx_word' id='word_1_282' title='bbox 1040 992 1205 1039; x_wconf 75' lang='grc' dir='ltr'><strong><em>δύναμιν.</em></strong></span> <span class='ocrx_word' id='word_1_283' title='bbox 1274 996 1348 1032; x_wconf 84' lang='lat' dir='ltr'>rint</span> <span class='ocrx_word' id='word_1_284' title='bbox 1370 998 1436 1031; x_wconf 83' lang='lat' dir='ltr'>aut</span> <span class='ocrx_word' id='word_1_285' title='bbox 1456 995 1652 1033; x_wconf 84' lang='lat' dir='ltr'>ministerii.</span> 
     </span>
    </p>

    <p class='ocr_par' dir='ltr' id='par_1_3' title="bbox 122 1036 1263 1086">
     <span class='ocr_line' id='line_1_21' title="bbox 122 1036 1263 1086; baseline 0.002 -14"><span class='ocrx_word' id='word_1_286' title='bbox 122 1039 252 1074; x_wconf 85' lang='grc' dir='ltr'><strong><em>τούτου</em></strong></span> <span class='ocrx_word' id='word_1_287' title='bbox 277 1036 389 1073; x_wconf 80' lang='grc' dir='ltr'><strong><em>αὐτοῦ</em></strong></span> <span class='ocrx_word' id='word_1_288' title='bbox 413 1041 474 1072; x_wconf 80' lang='grc' dir='ltr'>καὶ</span> <span class='ocrx_word' id='word_1_289' title='bbox 497 1040 559 1074; x_wconf 76' lang='grc' dir='ltr'><strong><em>ἐπὶ</em></strong></span> <span class='ocrx_word' id='word_1_290' title='bbox 582 1040 654 1074; x_wconf 78' lang='grc' dir='ltr'><strong><em>τοῖς</em></strong></span> <span class='ocrx_word' id='word_1_291' title='bbox 672 1038 845 1083; x_wconf 84' lang='grc' dir='ltr'><strong><em>κληρικοῖς</em></strong></span> <span class='ocrx_word' id='word_1_292' title='bbox 864 1040 1091 1086; x_wconf 75' lang='grc' dir='ltr'><strong><em>κρατοῦντος,</em></strong></span> <span class='ocrx_word' id='word_1_293' title='bbox 1113 1039 1206 1075; x_wconf 82' lang='grc' dir='ltr'><strong><em>οἱον-</em></strong></span> <span class='ocrx_word' id='word_1_294' title='bbox 1219 1040 1263 1074; x_wconf 88' lang='grc'>20</span> 
     </span>
    </p>

    <p class='ocr_par' dir='ltr' id='par_1_4' title="bbox 123 1081 798 1130">
     <span class='ocr_line' id='line_1_22' title="bbox 123 1081 798 1130; baseline 0.001 -12"><span class='ocrx_word' id='word_1_295' title='bbox 123 1083 258 1128; x_wconf 79' lang='grc' dir='ltr'><strong><em>δήποτε</em></strong></span> <span class='ocrx_word' id='word_1_296' title='bbox 281 1084 434 1129; x_wconf 79' lang='grc' dir='ltr'><strong><em>βαθμοῦ</em></strong></span> <span class='ocrx_word' id='word_1_297' title='bbox 459 1083 531 1118; x_wconf 80' lang='grc' dir='ltr'><strong><em>εἶεν</em></strong></span> <span class='ocrx_word' id='word_1_298' title='bbox 549 1081 573 1127; x_wconf 84' lang='grc' dir='ltr'><em>ἢ</em></span> <span class='ocrx_word' id='word_1_299' title='bbox 596 1082 798 1130; x_wconf 77' lang='grc' dir='ltr'><strong><em>ὑπηρεσίας.</em></strong></span> 
     </span>
    </p>
   </div>
   <div class='ocr_carea' id='block_1_3' title="bbox 1129 1196 1357 1234">
    <p class='ocr_par' dir='ltr' id='par_1_5' title="bbox 1129 1196 1357 1234">
     <span class='ocr_line' id='line_1_23' title="bbox 1129 1196 1357 1234; baseline -0.004 -1"><span class='ocrx_word' id='word_1_300' title='bbox 1129 1196 1288 1234; x_wconf 80' lang='lat' dir='ltr'>CAPUT</span> <span class='ocrx_word' id='word_1_301' title='bbox 1311 1196 1357 1233; x_wconf 90' lang='lat' dir='ltr'>X.</span> 
     </span>
    </p>
   </div>
   <div class='ocr_carea' id='block_1_4' title="bbox 121 1258 2355 1850">
    <p class='ocr_par' dir='ltr' id='par_1_6' title="bbox 121 1258 2355 1758">
     <span class='ocr_line' id='line_1_24' title="bbox 183 1258 2353 1307; baseline 0.001 -11"><span class='ocrx_word' id='word_1_302' title='bbox 183 1258 261 1296; x_wconf 81' lang='grc' dir='ltr'>Ἵνα</span> <span class='ocrx_word' id='word_1_303' title='bbox 284 1259 325 1295; x_wconf 70' lang='grc' dir='ltr'>δὲ</span> <span class='ocrx_word' id='word_1_304' title='bbox 346 1263 449 1297; x_wconf 88' lang='grc' dir='ltr'><strong><em>πᾶσα</em></strong></span> <span class='ocrx_word' id='word_1_305' title='bbox 479 1259 502 1305; x_wconf 84' lang='grc' dir='ltr'><em>ἦ</em></span> <span class='ocrx_word' id='word_1_306' title='bbox 526 1261 800 1307; x_wconf 83' lang='grc' dir='ltr'><strong><em>ἐκκλησιαστικὴ</em></strong></span> <span class='ocrx_word' id='word_1_307' title='bbox 833 1262 1052 1298; x_wconf 79' lang='grc' dir='ltr'><strong><em>κατάστασις</em></strong></span> <span class='ocrx_word' id='word_1_308' title='bbox 1079 1266 1140 1298; x_wconf 78' lang='grc' dir='ltr'>καὶ</span> <span class='ocrx_word' id='word_1_309' title='bbox 1169 1263 1206 1298; x_wconf 81' lang='grc' dir='ltr'>οἱ</span> <span class='ocrx_word' id='word_1_310' title='bbox 1339 1263 1388 1300; x_wconf 86' lang='lat' dir='ltr'>Ut</span> <span class='ocrx_word' id='word_1_311' title='bbox 1417 1266 1537 1300; x_wconf 83' lang='lat' dir='ltr'>autem</span> <span class='ocrx_word' id='word_1_312' title='bbox 1568 1262 1682 1300; x_wconf 86' lang='lat' dir='ltr'>omnis</span> <span class='ocrx_word' id='word_1_313' title='bbox 1715 1262 1977 1300; x_wconf 86' lang='lat' dir='ltr'>ecclesiasticus</span> <span class='ocrx_word' id='word_1_314' title='bbox 2009 1265 2124 1299; x_wconf 87' lang='lat' dir='ltr'>status</span> <span class='ocrx_word' id='word_1_315' title='bbox 2158 1264 2196 1299; x_wconf 88' lang='lat' dir='ltr'>et</span> <span class='ocrx_word' id='word_1_316' title='bbox 2226 1271 2353 1300; x_wconf 83' lang='lat' dir='ltr'>sacras</span> 
     </span>
     <span class='ocr_line' id='line_1_25' title="bbox 121 1305 2351 1354; baseline 0.001 -14"><span class='ocrx_word' id='word_1_317' title='bbox 121 1307 220 1341; x_wconf 73' lang='grc' dir='ltr'><strong><em>θεῖοι</em></strong></span> <span class='ocrx_word' id='word_1_318' title='bbox 249 1305 399 1341; x_wconf 77' lang='grc' dir='ltr'><strong><em>κανόνες</em></strong></span> <span class='ocrx_word' id='word_1_319' title='bbox 428 1307 603 1352; x_wconf 74' lang='grc' dir='ltr'><strong><em>ἐπιμελῶς</em></strong></span> <span class='ocrx_word' id='word_1_320' title='bbox 633 1305 890 1353; x_wconf 79' lang='grc' dir='ltr'><strong><em>φυλάττοιντο,</em></strong></span> <span class='ocrx_word' id='word_1_321' title='bbox 921 1307 1110 1352; x_wconf 76' lang='grc' dir='ltr'><strong><em>κελεύομεν</em></strong></span> <span class='ocrx_word' id='word_1_322' title='bbox 1138 1310 1205 1343; x_wconf 75' lang='grc' dir='ltr'>ἕνα</span> <span class='ocrx_word' id='word_1_323' title='bbox 1271 1309 1415 1354; x_wconf 74' lang='lat' dir='ltr'>regulae</span> <span class='ocrx_word' id='word_1_324' title='bbox 1437 1309 1624 1354; x_wconf 74' lang='lat' dir='ltr'>diligenter</span> <span class='ocrx_word' id='word_1_325' title='bbox 1648 1309 1906 1351; x_wconf 75' lang='lat' dir='ltr'>custodiantur,</span> <span class='ocrx_word' id='word_1_326' title='bbox 1931 1309 2094 1344; x_wconf 81' lang='lat' dir='ltr'>iubemus</span> <span class='ocrx_word' id='word_1_327' title='bbox 2118 1318 2351 1354; x_wconf 85' lang='lat' dir='ltr'>unumquem-</span> 
     </span>
     <span class='ocr_line' id='line_1_26' title="bbox 122 1349 2352 1399; baseline 0.002 -14"><span class='ocrx_word' id='word_1_328' title='bbox 122 1354 276 1387; x_wconf 81' lang='grc' dir='ltr'><strong><em>ἕκαστον</em></strong></span> <span class='ocrx_word' id='word_1_329' title='bbox 297 1351 579 1398; x_wconf 81' lang='grc' dir='ltr'><strong><em>μακαριώτατον</em></strong></span> <span class='ocrx_word' id='word_1_330' title='bbox 594 1349 878 1399; x_wconf 83' lang='grc' dir='ltr'><strong><em>ἆρχιεπίσκοπον</em></strong></span> <span class='ocrx_word' id='word_1_331' title='bbox 901 1357 961 1388; x_wconf 81' lang='grc' dir='ltr'>καὶ</span> <span class='ocrx_word' id='word_1_332' title='bbox 977 1353 1204 1399; x_wconf 83' lang='grc' dir='ltr'><strong><em>πατριάρχην</em></strong></span> <span class='ocrx_word' id='word_1_333' title='bbox 1271 1364 1340 1399; x_wconf 84' lang='lat' dir='ltr'>que</span> <span class='ocrx_word' id='word_1_334' title='bbox 1364 1355 1506 1390; x_wconf 79' lang='lat' dir='ltr'>beatum</span> <span class='ocrx_word' id='word_1_335' title='bbox 1526 1354 1832 1399; x_wconf 82' lang='lat' dir='ltr'>archiepiscopum</span> <span class='ocrx_word' id='word_1_336' title='bbox 1855 1357 1892 1389; x_wconf 85' lang='lat' dir='ltr'>et</span> <span class='ocrx_word' id='word_1_337' title='bbox 1906 1353 2148 1399; x_wconf 69' lang='lat' dir='ltr'>patriarcham</span> <span class='ocrx_word' id='word_1_338' title='bbox 2170 1354 2208 1389; x_wconf 85' lang='lat' dir='ltr'>et</span> <span class='ocrx_word' id='word_1_339' title='bbox 2222 1354 2352 1389; x_wconf 77' lang='lat' dir='ltr'>metro-</span> 
     </span>
     <span class='ocr_line' id='line_1_27' title="bbox 122 1395 2353 1444; baseline 0.001 -14"><span class='ocrx_word' id='word_1_340' title='bbox 122 1400 181 1431; x_wconf 78' lang='grc' dir='ltr'>καὶ</span> <span class='ocrx_word' id='word_1_341' title='bbox 214 1396 483 1443; x_wconf 85' lang='grc' dir='ltr'><strong><em>μητροπολίτην</em></strong></span> <span class='ocrx_word' id='word_1_342' title='bbox 516 1397 599 1432; x_wconf 81' lang='grc' dir='ltr'><strong><em>τοὺς</em></strong></span> <span class='ocrx_word' id='word_1_343' title='bbox 627 1395 849 1433; x_wconf 83' lang='grc' dir='ltr'><strong><em>ὁσιωτάτους</em></strong></span> <span class='ocrx_word' id='word_1_344' title='bbox 878 1399 1096 1434; x_wconf 80' lang='grc' dir='ltr'><strong><em>ἐπισκόπους</em></strong></span> <span class='ocrx_word' id='word_1_345' title='bbox 1123 1399 1204 1433; x_wconf 81' lang='grc' dir='ltr'><strong><em>τοὺς</em></strong></span> <span class='ocrx_word' id='word_1_346' title='bbox 1216 1402 1258 1435; x_wconf 83' lang='grc'>25</span> <span class='ocrx_word' id='word_1_347' title='bbox 1272 1399 1420 1444; x_wconf 85' lang='lat' dir='ltr'>politam</span> <span class='ocrx_word' id='word_1_348' title='bbox 1443 1399 1688 1435; x_wconf 85' lang='lat' dir='ltr'>sanctissimos</span> <span class='ocrx_word' id='word_1_349' title='bbox 1711 1399 1900 1444; x_wconf 85' lang='lat' dir='ltr'>episcopos</span> <span class='ocrx_word' id='word_1_350' title='bbox 1927 1399 1995 1434; x_wconf 89' lang='lat' dir='ltr'>sub</span> <span class='ocrx_word' id='word_1_351' title='bbox 2018 1408 2058 1434; x_wconf 87' lang='lat' dir='ltr'>se</span> <span class='ocrx_word' id='word_1_352' title='bbox 2082 1398 2294 1435; x_wconf 88' lang='lat' dir='ltr'>constitutos</span> <span class='ocrx_word' id='word_1_353' title='bbox 2315 1398 2353 1433; x_wconf 91' lang='lat' dir='ltr'>in</span> 
     </span>
     <span class='ocr_line' id='line_1_28' title="bbox 123 1439 2353 1495; baseline 0.002 -20"><span class='ocrx_word' id='word_1_354' title='bbox 123 1439 189 1478; x_wconf 82' lang='grc' dir='ltr'><strong><em>ὑπ’</em></strong></span> <span class='ocrx_word' id='word_1_355' title='bbox 209 1440 339 1476; x_wconf 79' lang='grc' dir='ltr'><strong><em>αὐτοὺς</em></strong></span> <span class='ocrx_word' id='word_1_356' title='bbox 360 1441 553 1477; x_wconf 80' lang='grc' dir='ltr'><strong><em>τελοῦντας</em></strong></span> <span class='ocrx_word' id='word_1_357' title='bbox 575 1443 668 1477; x_wconf 83' lang='grc' dir='ltr'><strong><em>κατὰ</em></strong></span> <span class='ocrx_word' id='word_1_358' title='bbox 688 1443 757 1487; x_wconf 86' lang='grc' dir='ltr'>τὴν</span> <span class='ocrx_word' id='word_1_359' title='bbox 773 1441 888 1487; x_wconf 78' lang='grc' dir='ltr'><strong><em>αὐτὴν</em></strong></span> <span class='ocrx_word' id='word_1_360' title='bbox 905 1445 1080 1489; x_wconf 80' lang='grc' dir='ltr'><strong><em>ἐπαρχίαν</em></strong></span> <span class='ocrx_word' id='word_1_361' title='bbox 1103 1441 1205 1484; x_wconf 76' lang='grc' dir='ltr'><strong><em>ἅπαξ</em></strong></span> <span class='ocrx_word' id='word_1_362' title='bbox 1271 1445 1395 1480; x_wconf 84' lang='lat' dir='ltr'>eadem</span> <span class='ocrx_word' id='word_1_363' title='bbox 1431 1444 1618 1490; x_wconf 86' lang='lat' dir='ltr'>provincia</span> <span class='ocrx_word' id='word_1_364' title='bbox 1652 1445 1759 1480; x_wconf 86' lang='lat' dir='ltr'>semel</span> <span class='ocrx_word' id='word_1_365' title='bbox 1799 1445 1863 1479; x_wconf 87' lang='lat' dir='ltr'>aut</span> <span class='ocrx_word' id='word_1_366' title='bbox 1897 1443 2054 1479; x_wconf 90' lang='lat' dir='ltr'>secundo</span> <span class='ocrx_word' id='word_1_367' title='bbox 2095 1452 2161 1489; x_wconf 87' lang='lat' dir='ltr'>per</span> <span class='ocrx_word' id='word_1_368' title='bbox 2194 1443 2353 1495; x_wconf 73' lang='lat' dir='ltr'>singulos</span> 
     </span>
     <span class='ocr_line' id='line_1_29' title="bbox 122 1484 2355 1535; baseline 0.001 -14"><span class='ocrx_word' id='word_1_369' title='bbox 122 1485 145 1530; x_wconf 83' lang='grc' dir='ltr'><em>ἢ</em></span> <span class='ocrx_word' id='word_1_370' title='bbox 167 1485 221 1521; x_wconf 78' lang='grc' dir='ltr'><strong><em>δὶς</em></strong></span> <span class='ocrx_word' id='word_1_371' title='bbox 243 1484 334 1521; x_wconf 75' lang='grc' dir='ltr'><strong><em>καθ’</em></strong></span> <span class='ocrx_word' id='word_1_372' title='bbox 359 1489 512 1521; x_wconf 78' lang='grc' dir='ltr'><strong><em>ἕκαστον</em></strong></span> <span class='ocrx_word' id='word_1_373' title='bbox 543 1489 620 1522; x_wconf 76' lang='grc' dir='ltr'><strong><em>ἔτος</em></strong></span> <span class='ocrx_word' id='word_1_374' title='bbox 644 1487 735 1534; x_wconf 85' lang='grc' dir='ltr'><strong><em>πρὸς</em></strong></span> <span class='ocrx_word' id='word_1_375' title='bbox 757 1488 890 1523; x_wconf 79' lang='grc' dir='ltr'><strong><em>ἑαυτὸν</em></strong></span> <span class='ocrx_word' id='word_1_376' title='bbox 913 1488 1112 1535; x_wconf 74' lang='grc' dir='ltr'><strong><em>συγκαλεῖν,</em></strong></span> <span class='ocrx_word' id='word_1_377' title='bbox 1143 1493 1203 1523; x_wconf 75' lang='grc' dir='ltr'>καὶ</span> <span class='ocrx_word' id='word_1_378' title='bbox 1271 1499 1385 1525; x_wconf 81' lang='lat' dir='ltr'>annos</span> <span class='ocrx_word' id='word_1_379' title='bbox 1417 1489 1463 1525; x_wconf 85' lang='lat' dir='ltr'>ad</span> <span class='ocrx_word' id='word_1_380' title='bbox 1495 1499 1533 1525; x_wconf 85' lang='lat' dir='ltr'>se</span> <span class='ocrx_word' id='word_1_381' title='bbox 1565 1498 1780 1531; x_wconf 86' lang='lat' dir='ltr'>convocare,</span> <span class='ocrx_word' id='word_1_382' title='bbox 1812 1492 1849 1524; x_wconf 89' lang='lat' dir='ltr'>et</span> <span class='ocrx_word' id='word_1_383' title='bbox 1871 1498 1993 1525; x_wconf 85' lang='lat' dir='ltr'>omnes</span> <span class='ocrx_word' id='word_1_384' title='bbox 2025 1498 2153 1524; x_wconf 78' lang='lat' dir='ltr'>causas</span> <span class='ocrx_word' id='word_1_385' title='bbox 2176 1487 2355 1524; x_wconf 77' lang='lat' dir='ltr'>subtiliter</span> 
     </span>
     <span class='ocr_line' id='line_1_30' title="bbox 122 1529 2354 1580; baseline 0 -13"><span class='ocrx_word' id='word_1_386' title='bbox 122 1530 238 1567; x_wconf 81' lang='grc' dir='ltr'><strong><em>πάσας</em></strong></span> <span class='ocrx_word' id='word_1_387' title='bbox 268 1532 333 1566; x_wconf 82' lang='grc' dir='ltr'>τὰς</span> <span class='ocrx_word' id='word_1_388' title='bbox 365 1533 480 1566; x_wconf 82' lang='grc' dir='ltr'><strong><em>αἰτίας</em></strong></span> <span class='ocrx_word' id='word_1_389' title='bbox 509 1529 669 1579; x_wconf 80' lang='grc' dir='ltr'><strong><em>ἀκριβῶς</em></strong></span> <span class='ocrx_word' id='word_1_390' title='bbox 699 1533 879 1576; x_wconf 78' lang='grc' dir='ltr'><strong><em>ἐξετάζειν</em></strong></span> <span class='ocrx_word' id='word_1_391' title='bbox 905 1530 1048 1568; x_wconf 73' lang='grc' dir='ltr'><strong><em>ἅςτινας</em></strong></span> <span class='ocrx_word' id='word_1_392' title='bbox 1070 1533 1107 1567; x_wconf 86' lang='grc' dir='ltr'>οἱ</span> <span class='ocrx_word' id='word_1_393' title='bbox 1127 1535 1203 1568; x_wconf 90' lang='grc' dir='ltr'><strong><em>ἐπί-</em></strong></span> <span class='ocrx_word' id='word_1_394' title='bbox 1272 1535 1484 1577; x_wconf 84' lang='lat' dir='ltr'>examinare,</span> <span class='ocrx_word' id='word_1_395' title='bbox 1510 1544 1599 1579; x_wconf 85' lang='lat' dir='ltr'>quas</span> <span class='ocrx_word' id='word_1_396' title='bbox 1623 1534 1781 1580; x_wconf 87' lang='lat' dir='ltr'>episcopi</span> <span class='ocrx_word' id='word_1_397' title='bbox 1808 1537 1873 1569; x_wconf 86' lang='lat' dir='ltr'>aut</span> <span class='ocrx_word' id='word_1_398' title='bbox 1892 1533 2011 1569; x_wconf 86' lang='lat' dir='ltr'>clerici</span> <span class='ocrx_word' id='word_1_399' title='bbox 2033 1535 2098 1570; x_wconf 86' lang='lat' dir='ltr'>aut</span> <span class='ocrx_word' id='word_1_400' title='bbox 2119 1533 2286 1568; x_wconf 83' lang='lat' dir='ltr'>monachi</span> <span class='ocrx_word' id='word_1_401' title='bbox 2307 1532 2354 1568; x_wconf 83' lang='lat' dir='ltr'>ad</span> 
     </span>
     <span class='ocr_line' id='line_1_31' title="bbox 122 1575 2353 1625; baseline 0.001 -14"><span class='ocrx_word' id='word_1_402' title='bbox 122 1589 253 1611; x_wconf 86' lang='grc' dir='ltr'><strong><em>σκοποι</em></strong></span> <span class='ocrx_word' id='word_1_403' title='bbox 283 1576 307 1620; x_wconf 87' lang='grc' dir='ltr'><em>ἢ</em></span> <span class='ocrx_word' id='word_1_404' title='bbox 337 1576 495 1623; x_wconf 81' lang='grc' dir='ltr'><strong><em>κληρικοὶ</em></strong></span> <span class='ocrx_word' id='word_1_405' title='bbox 525 1575 547 1620; x_wconf 84' lang='grc' dir='ltr'>ἣ</span> <span class='ocrx_word' id='word_1_406' title='bbox 572 1581 723 1622; x_wconf 84' lang='grc' dir='ltr'><strong><em>μοναχοὶ</em></strong></span> <span class='ocrx_word' id='word_1_407' title='bbox 754 1578 844 1624; x_wconf 81' lang='grc' dir='ltr'><strong><em>πρὸς</em></strong></span> <span class='ocrx_word' id='word_1_408' title='bbox 874 1575 1046 1622; x_wconf 75' lang='grc' dir='ltr'><strong><em>ἀλλήλους</em></strong></span> <span class='ocrx_word' id='word_1_409' title='bbox 1074 1580 1203 1621; x_wconf 78' lang='grc' dir='ltr'><strong><em>ἔχουσι,</em></strong></span> <span class='ocrx_word' id='word_1_410' title='bbox 1271 1579 1421 1615; x_wconf 85' lang='lat' dir='ltr'>invicem</span> <span class='ocrx_word' id='word_1_411' title='bbox 1456 1580 1608 1622; x_wconf 84' lang='lat' dir='ltr'>habent,</span> <span class='ocrx_word' id='word_1_412' title='bbox 1644 1589 1776 1625; x_wconf 83' lang='lat' dir='ltr'>easque</span> <span class='ocrx_word' id='word_1_413' title='bbox 1811 1578 2018 1624; x_wconf 81' lang='lat' dir='ltr'>disponere,</span> <span class='ocrx_word' id='word_1_414' title='bbox 2050 1582 2087 1613; x_wconf 85' lang='lat' dir='ltr'>et</span> <span class='ocrx_word' id='word_1_415' title='bbox 2120 1587 2229 1623; x_wconf 83' lang='lat' dir='ltr'>super</span> <span class='ocrx_word' id='word_1_416' title='bbox 2263 1578 2353 1614; x_wconf 74' lang='lat' dir='ltr'>haec</span> 
     </span>
     <span class='ocr_line' id='line_1_32' title="bbox 122 1620 2353 1670; baseline 0.002 -15"><span class='ocrx_word' id='word_1_417' title='bbox 122 1625 183 1656; x_wconf 85' lang='grc' dir='ltr'>καὶ</span> <span class='ocrx_word' id='word_1_418' title='bbox 201 1622 335 1669; x_wconf 82' lang='grc' dir='ltr'><strong><em>ταύτας</em></strong></span> <span class='ocrx_word' id='word_1_419' title='bbox 358 1620 570 1656; x_wconf 70' lang='grc' dir='ltr'><strong><em>διατιθέναι</em></strong></span> <span class='ocrx_word' id='word_1_420' title='bbox 593 1623 685 1657; x_wconf 78' lang='grc' dir='ltr'><strong><em>κατὰ</em></strong></span> <span class='ocrx_word' id='word_1_421' title='bbox 709 1623 792 1657; x_wconf 83' lang='grc' dir='ltr'><strong><em>τοὺς</em></strong></span> <span class='ocrx_word' id='word_1_422' title='bbox 811 1623 1120 1667; x_wconf 80' lang='grc' dir='ltr'><strong><em>ἐκκλησιαστικοὺς</em></strong></span> <span class='ocrx_word' id='word_1_423' title='bbox 1142 1637 1203 1658; x_wconf 78' lang='grc' dir='ltr'>κα·</span> <span class='ocrx_word' id='word_1_424' title='bbox 1217 1626 1259 1659; x_wconf 87' lang='grc'>30</span> <span class='ocrx_word' id='word_1_425' title='bbox 1272 1624 1442 1670; x_wconf 82' lang='lat' dir='ltr'>quicquid</span> <span class='ocrx_word' id='word_1_426' title='bbox 1472 1627 1573 1660; x_wconf 76' lang='lat' dir='ltr'>extra</span> <span class='ocrx_word' id='word_1_427' title='bbox 1603 1625 1747 1670; x_wconf 77' lang='lat' dir='ltr'>regulas</span> <span class='ocrx_word' id='word_1_428' title='bbox 1769 1633 1793 1660; x_wconf 79' lang='lat' dir='ltr'>a</span> <span class='ocrx_word' id='word_1_429' title='bbox 1816 1633 2038 1669; x_wconf 79' lang='lat' dir='ltr'>quacumque</span> <span class='ocrx_word' id='word_1_430' title='bbox 2064 1632 2219 1668; x_wconf 72' lang='lat' dir='ltr'>persona</span> <span class='ocrx_word' id='word_1_431' title='bbox 2240 1622 2353 1659; x_wconf 80' lang='lat' dir='ltr'>delin-</span> 
     </span>
     <span class='ocr_line' id='line_1_33' title="bbox 122 1664 1608 1715; baseline 0.003 -14"><span class='ocrx_word' id='word_1_432' title='bbox 122 1666 248 1708; x_wconf 85' lang='grc' dir='ltr'><strong><em>νόνας,</em></strong></span> <span class='ocrx_word' id='word_1_433' title='bbox 273 1670 334 1700; x_wconf 78' lang='grc' dir='ltr'>καὶ</span> <span class='ocrx_word' id='word_1_434' title='bbox 357 1667 447 1711; x_wconf 84' lang='grc' dir='ltr'><strong><em>πρὸς</em></strong></span> <span class='ocrx_word' id='word_1_435' title='bbox 469 1664 612 1702; x_wconf 81' lang='grc' dir='ltr'><strong><em>τούτοις</em></strong></span> <span class='ocrx_word' id='word_1_436' title='bbox 638 1668 674 1701; x_wconf 84' lang='grc' dir='ltr'><strong><em>εἴ</em></strong></span> <span class='ocrx_word' id='word_1_437' title='bbox 691 1682 728 1702; x_wconf 89' lang='grc' dir='ltr'>τι</span> <span class='ocrx_word' id='word_1_438' title='bbox 751 1668 851 1715; x_wconf 83' lang='grc' dir='ltr'><strong><em>παρὰ</em></strong></span> <span class='ocrx_word' id='word_1_439' title='bbox 881 1668 964 1702; x_wconf 78' lang='grc' dir='ltr'><strong><em>τοὺς</em></strong></span> <span class='ocrx_word' id='word_1_440' title='bbox 987 1667 1143 1703; x_wconf 87' lang='grc' dir='ltr'><strong><em>κανόνας</em></strong></span> <span class='ocrx_word' id='word_1_441' title='bbox 1166 1669 1205 1709; x_wconf 79' lang='grc' dir='ltr'>ἐξ</span> <span class='ocrx_word' id='word_1_442' title='bbox 1272 1669 1393 1714; x_wconf 88' lang='lat' dir='ltr'>quitur</span> <span class='ocrx_word' id='word_1_443' title='bbox 1417 1669 1608 1705; x_wconf 78' lang='lat' dir='ltr'>emendari,</span> 
     </span>
     <span class='ocr_line' id='line_1_34' title="bbox 122 1709 1082 1758; baseline 0.002 -12"><span class='ocrx_word' id='word_1_444' title='bbox 122 1710 335 1754; x_wconf 79' lang='grc' dir='ltr'><strong><em>οἱουδήποτε</em></strong></span> <span class='ocrx_word' id='word_1_445' title='bbox 365 1709 558 1757; x_wconf 84' lang='grc' dir='ltr'><strong><em>προςώπου</em></strong></span> <span class='ocrx_word' id='word_1_446' title='bbox 587 1709 792 1758; x_wconf 78' lang='grc' dir='ltr'><strong><em>ἡμάρτηται</em></strong></span> <span class='ocrx_word' id='word_1_447' title='bbox 823 1711 1082 1758; x_wconf 70' lang='grc' dir='ltr'><strong><em>διορθοῦσθαι.</em></strong></span> 
     </span>
    </p>

    <p class='ocr_par' dir='ltr' id='par_1_7' title="bbox 122 1754 2353 1850">
     <span class='ocr_line' id='line_1_35' title="bbox 122 1754 2352 1804; baseline 0 -10"><span class='ocrx_word' id='word_1_448' title='bbox 122 1760 146 1794; x_wconf 94' lang='grc'>1</span> <span class='ocrx_word' id='word_1_449' title='bbox 190 1755 477 1803; x_wconf 81' lang='grc' dir='ltr'><strong><em>Ἀπαγορεύομεν</em></strong></span> <span class='ocrx_word' id='word_1_450' title='bbox 506 1754 547 1790; x_wconf 80' lang='grc' dir='ltr'>δὲ</span> <span class='ocrx_word' id='word_1_451' title='bbox 577 1760 650 1791; x_wconf 89' lang='grc' dir='ltr'><strong><em>τοῖς</em></strong></span> <span class='ocrx_word' id='word_1_452' title='bbox 673 1755 890 1792; x_wconf 81' lang='grc' dir='ltr'><strong><em>ὁσιωτάτοις</em></strong></span> <span class='ocrx_word' id='word_1_453' title='bbox 912 1757 1123 1793; x_wconf 74' lang='grc' dir='ltr'><strong><em>ἐπισκόποις</em></strong></span> <span class='ocrx_word' id='word_1_454' title='bbox 1145 1761 1204 1792; x_wconf 78' lang='grc' dir='ltr'>καὶ</span> <span class='ocrx_word' id='word_1_455' title='bbox 1272 1761 1295 1796; x_wconf 86' lang='grc'>1</span> <span class='ocrx_word' id='word_1_456' title='bbox 1341 1759 1590 1795; x_wconf 87' lang='lat' dir='ltr'>Interdicimus</span> <span class='ocrx_word' id='word_1_457' title='bbox 1607 1761 1727 1794; x_wconf 78' lang='lat' dir='ltr'>autem</span> <span class='ocrx_word' id='word_1_458' title='bbox 1742 1756 1977 1793; x_wconf 75' lang='lat' dir='ltr'>sanctissimis</span> <span class='ocrx_word' id='word_1_459' title='bbox 2001 1756 2179 1802; x_wconf 84' lang='lat' dir='ltr'>episcopis</span> <span class='ocrx_word' id='word_1_460' title='bbox 2199 1760 2235 1793; x_wconf 88' lang='lat' dir='ltr'>et</span> <span class='ocrx_word' id='word_1_461' title='bbox 2253 1767 2352 1804; x_wconf 83' lang='lat' dir='ltr'>pres-</span> 
     </span>
     <span class='ocr_line' id='line_1_36' title="bbox 122 1799 2353 1850; baseline 0.001 -13"><span class='ocrx_word' id='word_1_462' title='bbox 122 1805 378 1848; x_wconf 78' lang='grc' dir='ltr'><strong><em>πρεσβυτέροις</em></strong></span> <span class='ocrx_word' id='word_1_463' title='bbox 392 1804 454 1835; x_wconf 79' lang='grc' dir='ltr'>καὶ</span> <span class='ocrx_word' id='word_1_464' title='bbox 470 1799 651 1837; x_wconf 79' lang='grc' dir='ltr'><strong><em>διακόνοις</em></strong></span> <span class='ocrx_word' id='word_1_465' title='bbox 673 1806 734 1836; x_wconf 79' lang='grc' dir='ltr'>καὶ</span> <span class='ocrx_word' id='word_1_466' title='bbox 757 1799 1010 1838; x_wconf 79' lang='grc' dir='ltr'><strong><em>ὑποδιακόνοις</em></strong></span> <span class='ocrx_word' id='word_1_467' title='bbox 1032 1806 1093 1838; x_wconf 79' lang='grc' dir='ltr'>καὶ</span> <span class='ocrx_word' id='word_1_468' title='bbox 1115 1800 1204 1838; x_wconf 80' lang='grc' dir='ltr'><strong><em>ἄνα·</em></strong></span> <span class='ocrx_word' id='word_1_469' title='bbox 1272 1804 1407 1850; x_wconf 83' lang='lat' dir='ltr'>byteris</span> <span class='ocrx_word' id='word_1_470' title='bbox 1437 1807 1474 1840; x_wconf 83' lang='lat' dir='ltr'>et</span> <span class='ocrx_word' id='word_1_471' title='bbox 1497 1803 1705 1840; x_wconf 81' lang='lat' dir='ltr'>diaconibus</span> <span class='ocrx_word' id='word_1_472' title='bbox 1736 1805 1772 1839; x_wconf 83' lang='lat' dir='ltr'>et</span> <span class='ocrx_word' id='word_1_473' title='bbox 1796 1802 2075 1839; x_wconf 73' lang='lat' dir='ltr'>subdiaconibus</span> <span class='ocrx_word' id='word_1_474' title='bbox 2099 1806 2137 1838; x_wconf 80' lang='lat' dir='ltr'>et</span> <span class='ocrx_word' id='word_1_475' title='bbox 2157 1802 2353 1840; x_wconf 79' lang='lat' dir='ltr'>lectoribus</span> 
     </span>
    </p>
   </div>
   <div class='ocr_carea' id='block_1_5' title="bbox 121 1892 2355 2117">
    <p class='ocr_par' dir='ltr' id='par_1_8' title="bbox 121 1892 2355 2117">
     <span class='ocr_line' id='line_1_37' title="bbox 190 1892 2354 1938; baseline 0.002 -13"><span class='ocrx_word' id='word_1_476' title='bbox 190 1904 218 1925; x_wconf 87' lang='lat' dir='ltr'>c.</span> <span class='ocrx_word' id='word_1_477' title='bbox 234 1892 278 1925; x_wconf 93' lang='lat' dir='ltr'><em>X</em></span> <span class='ocrx_word' id='word_1_478' title='bbox 292 1905 346 1935; x_wconf 87' lang='lat' dir='ltr'>pr.</span> <span class='ocrx_word' id='word_1_479' title='bbox 370 1893 428 1934; x_wconf 90' lang='lat'>(—</span> <span class='ocrx_word' id='word_1_480' title='bbox 451 1893 508 1935; x_wconf 86' lang='lat'>32)</span> <span class='ocrx_word' id='word_1_481' title='bbox 532 1905 591 1926; x_wconf 88' lang='lat' dir='ltr'>om.</span> <span class='ocrx_word' id='word_1_482' title='bbox 610 1894 699 1927; x_wconf 72' lang='lat' dir='ltr'>Bet</span> <span class='ocrx_word' id='word_1_483' title='bbox 720 1894 771 1936; x_wconf 87' lang='lat' dir='ltr'>L,</span> <span class='ocrx_word' id='word_1_484' title='bbox 795 1895 829 1927; x_wconf 82' lang='lat' dir='ltr'>in</span> <span class='ocrx_word' id='word_1_485' title='bbox 852 1895 970 1937; x_wconf 82' lang='lat' dir='ltr'>quibus</span> <span class='ocrx_word' id='word_1_486' title='bbox 988 1907 1052 1938; x_wconf 86' lang='lat' dir='ltr'>pro</span> <span class='ocrx_word' id='word_1_487' title='bbox 1075 1895 1137 1928; x_wconf 76' lang='lat' dir='ltr'>hac</span> <span class='ocrx_word' id='word_1_488' title='bbox 1154 1895 1324 1938; x_wconf 81' lang='lat' dir='ltr'>particula</span> <span class='ocrx_word' id='word_1_489' title='bbox 1346 1896 1529 1929; x_wconf 83' lang='lat' dir='ltr'>inseruntur</span> <span class='ocrx_word' id='word_1_490' title='bbox 1551 1907 1624 1928; x_wconf 84' lang='lat' dir='ltr'>nov.</span> <span class='ocrx_word' id='word_1_491' title='bbox 1644 1893 1863 1928; x_wconf 83' lang='lat' dir='ltr'><strong><em>CXXXVII</em></strong></span> <span class='ocrx_word' id='word_1_492' title='bbox 1881 1906 1908 1927; x_wconf 85' lang='lat' dir='ltr'>c.</span> <span class='ocrx_word' id='word_1_493' title='bbox 1930 1894 2046 1928; x_wconf 83' lang='lat'><strong>4—6.</strong></span> <span class='ocrx_word' id='word_1_494' title='bbox 2093 1893 2122 1926; x_wconf 84' lang='lat' dir='ltr'><strong><em>S</em></strong></span> <span class='ocrx_word' id='word_1_495' title='bbox 2142 1906 2267 1937; x_wconf 80' lang='lat' dir='ltr'>quoque</span> <span class='ocrx_word' id='word_1_496' title='bbox 2290 1907 2354 1929; x_wconf 83' lang='lat' dir='ltr'>non</span> 
     </span>
     <span class='ocr_line' id='line_1_38' title="bbox 123 1937 2352 1983; baseline 0.003 -14"><span class='ocrx_word' id='word_1_497' title='bbox 123 1938 220 1970; x_wconf 74' lang='lat' dir='ltr'>habet</span> <span class='ocrx_word' id='word_1_498' title='bbox 243 1938 310 1970; x_wconf 86' lang='lat' dir='ltr'>nisi</span> <span class='ocrx_word' id='word_1_499' title='bbox 329 1937 351 1980; x_wconf 67' lang='grc' dir='ltr'><strong>ξ</strong></span> <span class='ocrx_word' id='word_1_500' title='bbox 368 1939 382 1971; x_wconf 93' lang='grc'>1</span> <span class='ocrx_word' id='word_1_501' title='bbox 402 1950 432 1971; x_wconf 89' lang='grc' dir='ltr'>υ.</span> <span class='ocrx_word' id='word_1_502' title='bbox 446 1939 618 1980; x_wconf 84' lang='grc'>33-603,</span> <span class='ocrx_word' id='word_1_503' title='bbox 632 1946 647 1972; x_wconf 85' lang='lat'><strong>7</strong></span> <span class='ocrx_word' id='word_1_504' title='bbox 665 1939 753 1980; x_wconf 80' lang='lat' dir='ltr'>(inde</span> <span class='ocrx_word' id='word_1_505' title='bbox 769 1939 901 1973; x_wconf 87' lang='lat' dir='ltr'>Nomoc.</span> <span class='ocrx_word' id='word_1_506' title='bbox 914 1940 947 1972; x_wconf 89' lang='lat' dir='ltr'><em>L</em></span> <span class='ocrx_word' id='word_1_507' title='bbox 965 1941 1011 1973; x_wconf 87' lang='lat' dir='ltr'>tit.</span> <span class='ocrx_word' id='word_1_508' title='bbox 1026 1941 1069 1974; x_wconf 82' lang='lat'>28</span> <span class='ocrx_word' id='word_1_509' title='bbox 1082 1952 1118 1982; x_wconf 87' lang='lat' dir='ltr'>p.</span> <span class='ocrx_word' id='word_1_510' title='bbox 1131 1941 1198 1974; x_wconf 88' lang='grc'>635</span> <span class='ocrx_word' id='word_1_511' title='bbox 1216 1940 1331 1982; x_wconf 86' lang='lat' dir='ltr'>Voell.)</span> <span class='ocrx_word' id='word_1_512' title='bbox 1354 1948 1384 1973; x_wconf 80' lang='lat' dir='ltr'>et</span> <span class='ocrx_word' id='word_1_513' title='bbox 1406 1939 1428 1983; x_wconf 65' lang='grc' dir='ltr'><strong>ξ</strong></span> <span class='ocrx_word' id='word_1_514' title='bbox 1442 1941 1462 1974; x_wconf 97' lang='grc'>2</span> <span class='ocrx_word' id='word_1_515' title='bbox 1479 1940 1567 1981; x_wconf 86' lang='lat' dir='ltr'>(inde</span> <span class='ocrx_word' id='word_1_516' title='bbox 1577 1939 1754 1982; x_wconf 75' lang='lat' dir='ltr'>Appendix</span> <span class='ocrx_word' id='word_1_517' title='bbox 1764 1939 1897 1973; x_wconf 87' lang='lat' dir='ltr'>Nomoc.</span> <span class='ocrx_word' id='word_1_518' title='bbox 1908 1939 1940 1971; x_wconf 87' lang='lat' dir='ltr'><em>L</em></span> <span class='ocrx_word' id='word_1_519' title='bbox 1957 1940 2004 1972; x_wconf 85' lang='lat' dir='ltr'>tit.</span> <span class='ocrx_word' id='word_1_520' title='bbox 2020 1949 2093 1982; x_wconf 86' lang='lat' dir='ltr'>cap.</span> <span class='ocrx_word' id='word_1_521' title='bbox 2107 1939 2181 1972; x_wconf 83' lang='lat' dir='ltr'>eccl.</span> <span class='ocrx_word' id='word_1_522' title='bbox 2195 1941 2216 1974; x_wconf 80' lang='lat'>5</span> <span class='ocrx_word' id='word_1_523' title='bbox 2238 1952 2273 1983; x_wconf 86' lang='lat' dir='ltr'>p.</span> <span class='ocrx_word' id='word_1_524' title='bbox 2286 1941 2352 1975; x_wconf 81' lang='lat'>662</span> 
     </span>
     <span class='ocr_line' id='line_1_39' title="bbox 132 1982 2355 2028; baseline 0.002 -13"><span class='ocrx_word' id='word_1_525' title='bbox 132 1982 257 2023; x_wconf 86' lang='lat' dir='ltr'>Voell.).</span> <span class='ocrx_word' id='word_1_526' title='bbox 306 1982 362 2015; x_wconf 74' lang='lat' dir='ltr'>Ex</span> <span class='ocrx_word' id='word_1_527' title='bbox 382 1983 417 2015; x_wconf 91' lang='lat' dir='ltr'><em>B</em></span> <span class='ocrx_word' id='word_1_528' title='bbox 441 1983 462 2024; x_wconf 65' lang='grc' dir='ltr'><strong>ξ</strong></span> <span class='ocrx_word' id='word_1_529' title='bbox 482 1985 496 2016; x_wconf 88' lang='lat'>1</span> <span class='ocrx_word' id='word_1_530' title='bbox 516 1985 559 2024; x_wconf 87' lang='lat' dir='ltr'>(v.</span> <span class='ocrx_word' id='word_1_531' title='bbox 573 1985 778 2026; x_wconf 80' lang='lat'>33—603,4</span> <span class='ocrx_word' id='word_1_532' title='bbox 802 1984 1087 2028; x_wconf 74' lang='grc' dir='ltr'><strong><em>παραγίνεσθαι)</em></strong></span> <span class='ocrx_word' id='word_1_533' title='bbox 1110 1987 1224 2028; x_wconf 84' lang='lat' dir='ltr'>repetit</span> <span class='ocrx_word' id='word_1_534' title='bbox 1249 1986 1296 2017; x_wconf 74' lang='grc' dir='ltr'>Β*</span> <span class='ocrx_word' id='word_1_535' title='bbox 1329 1987 1360 2017; x_wconf 89' lang='grc' dir='ltr'><em>Τ</em></span> <span class='ocrx_word' id='word_1_536' title='bbox 1378 1986 1398 2019; x_wconf 87' lang='grc'>2</span> <span class='ocrx_word' id='word_1_537' title='bbox 1419 1998 1454 2028; x_wconf 85' lang='lat' dir='ltr'>p.</span> <span class='ocrx_word' id='word_1_538' title='bbox 1475 1986 1539 2019; x_wconf 84' lang='lat'>611</span> <span class='ocrx_word' id='word_1_539' title='bbox 1562 1984 1666 2018; x_wconf 74' lang='lat' dir='ltr'>Zach.</span> <span class='ocrx_word' id='word_1_540' title='bbox 1689 1999 1739 2009; x_wconf 91' lang='lat'>—·</span> <span class='ocrx_word' id='word_1_541' title='bbox 1758 1984 1973 2017; x_wconf 83' lang='lat' dir='ltr'>Summarium</span> <span class='ocrx_word' id='word_1_542' title='bbox 1993 1984 2118 2027; x_wconf 70' lang='lat' dir='ltr'>prioris</span> <span class='ocrx_word' id='word_1_543' title='bbox 2135 1991 2246 2026; x_wconf 75' lang='lat' dir='ltr'>parm</span> <span class='ocrx_word' id='word_1_544' title='bbox 2266 1993 2355 2019; x_wconf 69' lang='lat' dir='ltr'>extat</span> 
     </span>
     <span class='ocr_line' id='line_1_40' title="bbox 122 2027 2352 2073; baseline 0.001 -12"><span class='ocrx_word' id='word_1_545' title='bbox 122 2027 256 2061; x_wconf 81' lang='lat' dir='ltr'>Nomoc.</span> <span class='ocrx_word' id='word_1_546' title='bbox 269 2027 333 2061; x_wconf 92' lang='lat' dir='ltr'>XI</span> <span class='ocrx_word' id='word_1_547' title='bbox 339 2027 424 2061; x_wconf 86' lang='lat' dir='ltr'>Vtit.</span> <span class='ocrx_word' id='word_1_548' title='bbox 441 2029 471 2069; x_wconf 88' lang='lat'>8,</span> <span class='ocrx_word' id='word_1_549' title='bbox 484 2035 501 2061; x_wconf 89' lang='lat'>8</span> <span class='ocrx_word' id='word_1_550' title='bbox 527 2029 724 2062; x_wconf 82' lang='lat' dir='ltr'>coniunctum</span> <span class='ocrx_word' id='word_1_551' title='bbox 749 2041 817 2062; x_wconf 81' lang='lat' dir='ltr'>cum</span> <span class='ocrx_word' id='word_1_552' title='bbox 842 2037 1027 2073; x_wconf 80' lang='lat' dir='ltr'>aryumento</span> <span class='ocrx_word' id='word_1_553' title='bbox 1051 2043 1122 2063; x_wconf 88' lang='lat' dir='ltr'>nov.</span> <span class='ocrx_word' id='word_1_554' title='bbox 1141 2029 1359 2063; x_wconf 86' lang='lat' dir='ltr'><strong><em>CXXXVII</em></strong></span> <span class='ocrx_word' id='word_1_555' title='bbox 1380 2042 1405 2062; x_wconf 84' lang='lat' dir='ltr'>c.</span> <span class='ocrx_word' id='word_1_556' title='bbox 1428 2031 1522 2073; x_wconf 68' lang='lat'><em>4⁸11„</em></span> <span class='ocrx_word' id='word_1_557' title='bbox 1547 2029 1682 2063; x_wconf 81' lang='lat' dir='ltr'>alterius</span> <span class='ocrx_word' id='word_1_558' title='bbox 1699 2030 1810 2072; x_wconf 81' lang='lat' dir='ltr'>partis</span> <span class='ocrx_word' id='word_1_559' title='bbox 1830 2030 1872 2062; x_wconf 87' lang='lat' dir='ltr'>ib.</span> <span class='ocrx_word' id='word_1_560' title='bbox 1886 2029 1919 2071; x_wconf 79' lang='lat'>9,</span> <span class='ocrx_word' id='word_1_561' title='bbox 1932 2035 1966 2063; x_wconf 81' lang='lat'>2¹1</span> <span class='ocrx_word' id='word_1_562' title='bbox 1988 2040 2023 2072; x_wconf 87' lang='lat' dir='ltr'>p.</span> <span class='ocrx_word' id='word_1_563' title='bbox 2038 2029 2104 2062; x_wconf 83' lang='lat'>559</span> <span class='ocrx_word' id='word_1_564' title='bbox 2130 2028 2242 2070; x_wconf 61' lang='lat' dir='ltr'>Pierag</span> <span class='ocrx_word' id='word_1_565' title='bbox 2273 2030 2352 2064; x_wconf 77' lang='lat' dir='ltr'>Atb.</span> 
     </span>
     <span class='ocr_line' id='line_1_41' title="bbox 121 2073 1082 2117; baseline 0.002 -12"><span class='ocrx_word' id='word_1_566' title='bbox 121 2084 272 2105; x_wconf 83' lang='lat' dir='ltr'>summam</span> <span class='ocrx_word' id='word_1_567' title='bbox 292 2084 346 2115; x_wconf 84' lang='lat' dir='ltr'>pr.</span> <span class='ocrx_word' id='word_1_568' title='bbox 371 2074 485 2115; x_wconf 84' lang='lat' dir='ltr'>repetit</span> <span class='ocrx_word' id='word_1_569' title='bbox 507 2073 640 2107; x_wconf 87' lang='lat' dir='ltr'>Nomoc.</span> <span class='ocrx_word' id='word_1_570' title='bbox 657 2074 690 2106; x_wconf 90' lang='lat' dir='ltr'><em>L</em></span> <span class='ocrx_word' id='word_1_571' title='bbox 714 2075 760 2107; x_wconf 86' lang='lat' dir='ltr'>tit.</span> <span class='ocrx_word' id='word_1_572' title='bbox 778 2075 822 2108; x_wconf 83' lang='lat'>49</span> <span class='ocrx_word' id='word_1_573' title='bbox 842 2086 879 2117; x_wconf 88' lang='lat' dir='ltr'>p.</span> <span class='ocrx_word' id='word_1_574' title='bbox 894 2075 960 2109; x_wconf 81' lang='lat'>659</span> <span class='ocrx_word' id='word_1_575' title='bbox 982 2075 1082 2108; x_wconf 81' lang='lat' dir='ltr'>Voell.</span> 
     </span>
    </p>
   </div>
   <div class='ocr_carea' id='block_1_6' title="bbox 119 2205 2355 2881">
    <p class='ocr_par' dir='ltr' id='par_1_9' title="bbox 119 2205 2355 2611">
     <span class='ocr_line' id='line_1_42' title="bbox 119 2205 2355 2252; baseline 0.001 -12"><span class='ocrx_word' id='word_1_576' title='bbox 119 2206 240 2252; x_wconf 84' lang='lat' dir='ltr'>fectus</span> <span class='ocrx_word' id='word_1_577' title='bbox 262 2205 327 2247; x_wconf 84' lang='lat' dir='ltr'>sit,</span> <span class='ocrx_word' id='word_1_578' title='bbox 356 2215 432 2240; x_wconf 85' lang='lat' dir='ltr'>non</span> <span class='ocrx_word' id='word_1_579' title='bbox 455 2205 613 2251; x_wconf 83' lang='lat' dir='ltr'>amplius</span> <span class='ocrx_word' id='word_1_580' title='bbox 640 2217 713 2241; x_wconf 88' lang='lat' dir='ltr'>uno</span> <span class='ocrx_word' id='word_1_581' title='bbox 745 2217 843 2241; x_wconf 85' lang='lat' dir='ltr'>anno</span> <span class='ocrx_word' id='word_1_582' title='bbox 873 2207 1059 2242; x_wconf 82' lang='lat' dir='ltr'>ecclesiam</span> <span class='ocrx_word' id='word_1_583' title='bbox 1089 2217 1191 2242; x_wconf 87' lang='lat' dir='ltr'>suam</span> <span class='ocrx_word' id='word_1_584' title='bbox 1223 2207 1417 2252; x_wconf 83' lang='lat' dir='ltr'>relinquat.</span> <span class='ocrx_word' id='word_1_585' title='bbox 1465 2205 1640 2252; x_wconf 80' lang='lat' dir='ltr'>Episcopi</span> <span class='ocrx_word' id='word_1_586' title='bbox 1662 2211 1781 2241; x_wconf 87' lang='lat' dir='ltr'>autem</span> <span class='ocrx_word' id='word_1_587' title='bbox 1813 2206 1877 2251; x_wconf 87' lang='lat' dir='ltr'>qui</span> <span class='ocrx_word' id='word_1_588' title='bbox 1899 2206 1938 2240; x_wconf 86' lang='lat' dir='ltr'>in</span> <span class='ocrx_word' id='word_1_589' title='bbox 1960 2206 2100 2252; x_wconf 83' lang='lat' dir='ltr'>reqiam</span> <span class='ocrx_word' id='word_1_590' title='bbox 2124 2205 2266 2250; x_wconf 81' lang='lat' dir='ltr'>urbem,</span> <span class='ocrx_word' id='word_1_591' title='bbox 2297 2207 2355 2242; x_wconf 88' lang='lat' dir='ltr'>uti</span> 
     </span>
     <span class='ocr_line' id='line_1_43' title="bbox 121 2249 2354 2297; baseline 0 -12"><span class='ocrx_word' id='word_1_592' title='bbox 121 2250 256 2286; x_wconf 84' lang='lat' dir='ltr'>dictum</span> <span class='ocrx_word' id='word_1_593' title='bbox 279 2253 344 2293; x_wconf 85' lang='lat' dir='ltr'>est,</span> <span class='ocrx_word' id='word_1_594' title='bbox 367 2250 525 2292; x_wconf 86' lang='lat' dir='ltr'>veniunt,</span> <span class='ocrx_word' id='word_1_595' title='bbox 549 2251 805 2297; x_wconf 85' lang='lat' dir='ltr'>cuiuscumque</span> <span class='ocrx_word' id='word_1_596' title='bbox 826 2252 900 2288; x_wconf 87' lang='lat' dir='ltr'>sint</span> <span class='ocrx_word' id='word_1_597' title='bbox 924 2251 1141 2294; x_wconf 84' lang='lat' dir='ltr'>dioeceseos,</span> <span class='ocrx_word' id='word_1_598' title='bbox 1169 2254 1252 2287; x_wconf 90' lang='lat' dir='ltr'>ante</span> <span class='ocrx_word' id='word_1_599' title='bbox 1275 2252 1395 2287; x_wconf 85' lang='lat' dir='ltr'>omnia</span> <span class='ocrx_word' id='word_1_600' title='bbox 1420 2250 1660 2286; x_wconf 83' lang='lat' dir='ltr'>beatissimum</span> <span class='ocrx_word' id='word_1_601' title='bbox 1682 2249 1996 2297; x_wconf 78' lang='lat' dir='ltr'>archiepiscopum</span> <span class='ocrx_word' id='word_1_602' title='bbox 2021 2249 2354 2297; x_wconf 76' lang='lat' dir='ltr'>Constantinopolis</span> 
     </span>
     <span class='ocr_line' id='line_1_44' title="bbox 121 2294 2355 2343; baseline 0 -12"><span class='ocrx_word' id='word_1_603' title='bbox 121 2300 156 2331; x_wconf 89' lang='lat' dir='ltr'>et</span> <span class='ocrx_word' id='word_1_604' title='bbox 173 2294 428 2342; x_wconf 69' lang='lat' dir='ltr'>patriarcham</span> <span class='ocrx_word' id='word_1_605' title='bbox 452 2294 602 2338; x_wconf 85' lang='lat' dir='ltr'>adeant,</span> <span class='ocrx_word' id='word_1_606' title='bbox 632 2300 672 2331; x_wconf 88' lang='lat' dir='ltr'>al</span> <span class='ocrx_word' id='word_1_607' title='bbox 698 2307 743 2331; x_wconf 89' lang='lat' dir='ltr'>ue</span> <span class='ocrx_word' id='word_1_608' title='bbox 765 2296 819 2331; x_wconf 87' lang='lat' dir='ltr'>ita</span> <span class='ocrx_word' id='word_1_609' title='bbox 844 2307 916 2343; x_wconf 85' lang='lat' dir='ltr'>per</span> <span class='ocrx_word' id='word_1_610' title='bbox 939 2308 1018 2332; x_wconf 88' lang='lat' dir='ltr'>eum</span> <span class='ocrx_word' id='word_1_611' title='bbox 1049 2297 1100 2332; x_wconf 86' lang='lat' dir='ltr'>ad</span> <span class='ocrx_word' id='word_1_612' title='bbox 1120 2296 1349 2332; x_wconf 78' lang='lat' dir='ltr'>serenitatem</span> <span class='ocrx_word' id='word_1_613' title='bbox 1372 2300 1534 2332; x_wconf 87' lang='lat' dir='ltr'>nostram</span> <span class='ocrx_word' id='word_1_614' title='bbox 1557 2295 1821 2342; x_wconf 80' lang='lat' dir='ltr'>inqrediantur.</span> <span class='ocrx_word' id='word_1_615' title='bbox 1868 2295 1940 2338; x_wconf 81' lang='lat' dir='ltr'>Qui</span> <span class='ocrx_word' id='word_1_616' title='bbox 1959 2298 2078 2331; x_wconf 85' lang='lat' dir='ltr'>autem</span> <span class='ocrx_word' id='word_1_617' title='bbox 2107 2299 2238 2331; x_wconf 82' lang='lat' dir='ltr'>contra</span> <span class='ocrx_word' id='word_1_618' title='bbox 2259 2294 2355 2332; x_wconf 74' lang='lat' dir='ltr'>lianc</span> 
     </span>
     <span class='ocr_line' id='line_1_45' title="bbox 122 2339 2353 2387; baseline 0 -12"><span class='ocrx_word' id='word_1_619' title='bbox 122 2340 413 2376; x_wconf 87' lang='lat' dir='ltr'>constitutionem</span> <span class='ocrx_word' id='word_1_620' title='bbox 437 2344 601 2375; x_wconf 89' lang='lat' dir='ltr'>nostram</span> <span class='ocrx_word' id='word_1_621' title='bbox 631 2351 674 2377; x_wconf 86' lang='lat' dir='ltr'>ve</span> <span class='ocrx_word' id='word_1_622' title='bbox 708 2341 994 2387; x_wconf 83' lang='lat' dir='ltr'>proficiscuntur</span> <span class='ocrx_word' id='word_1_623' title='bbox 1022 2341 1079 2377; x_wconf 83' lang='lat' dir='ltr'>vel</span> <span class='ocrx_word' id='word_1_624' title='bbox 1101 2341 1199 2377; x_wconf 84' lang='lat' dir='ltr'>ultra</span> <span class='ocrx_word' id='word_1_625' title='bbox 1231 2341 1416 2385; x_wconf 79' lang='lat' dir='ltr'>definitum</span> <span class='ocrx_word' id='word_1_626' title='bbox 1448 2341 1537 2376; x_wconf 89' lang='lat' dir='ltr'>anni</span> <span class='ocrx_word' id='word_1_627' title='bbox 1571 2344 1711 2386; x_wconf 86' lang='lat' dir='ltr'>tempus</span> <span class='ocrx_word' id='word_1_628' title='bbox 1740 2343 1849 2376; x_wconf 79' lang='lat' dir='ltr'>extra</span> <span class='ocrx_word' id='word_1_629' title='bbox 1872 2340 2057 2376; x_wconf 87' lang='lat' dir='ltr'>ecclesiam</span> <span class='ocrx_word' id='word_1_630' title='bbox 2080 2350 2183 2375; x_wconf 84' lang='lat' dir='ltr'>suam</span> <span class='ocrx_word' id='word_1_631' title='bbox 2205 2339 2353 2386; x_wconf 64' lang='lat' dir='ltr'>clepunt,</span> 
     </span>
     <span class='ocr_line' id='line_1_46' title="bbox 120 2384 2354 2432; baseline 0.001 -13"><span class='ocrx_word' id='word_1_632' title='bbox 120 2385 168 2420; x_wconf 83' lang='lat' dir='ltr'>iis</span> <span class='ocrx_word' id='word_1_633' title='bbox 187 2386 344 2431; x_wconf 87' lang='lat' dir='ltr'>primum</span> <span class='ocrx_word' id='word_1_634' title='bbox 369 2384 510 2431; x_wconf 86' lang='lat' dir='ltr'>quidem</span> <span class='ocrx_word' id='word_1_635' title='bbox 533 2385 717 2432; x_wconf 83' lang='lat' dir='ltr'>impensae</span> <span class='ocrx_word' id='word_1_636' title='bbox 739 2386 785 2421; x_wconf 83' lang='lat' dir='ltr'>ab</span> <span class='ocrx_word' id='word_1_637' title='bbox 810 2386 1013 2422; x_wconf 90' lang='lat' dir='ltr'>oeconomis</span> <span class='ocrx_word' id='word_1_638' title='bbox 1043 2386 1212 2422; x_wconf 82' lang='lat' dir='ltr'>ecclesiae</span> <span class='ocrx_word' id='word_1_639' title='bbox 1240 2396 1329 2422; x_wconf 85' lang='lat' dir='ltr'>suae</span> <span class='ocrx_word' id='word_1_640' title='bbox 1359 2397 1404 2421; x_wconf 87' lang='lat' dir='ltr'>ne</span> <span class='ocrx_word' id='word_1_641' title='bbox 1426 2385 1685 2428; x_wconf 79' lang='lat' dir='ltr'>ministrentur,</span> <span class='ocrx_word' id='word_1_642' title='bbox 1719 2384 1847 2420; x_wconf 83' lang='lat' dir='ltr'>deinde</span> <span class='ocrx_word' id='word_1_643' title='bbox 1877 2385 1950 2431; x_wconf 84' lang='lat' dir='ltr'>ipsi</span> <span class='ocrx_word' id='word_1_644' title='bbox 2005 2395 2046 2420; x_wconf 88' lang='lat' dir='ltr'>er</span> <span class='ocrx_word' id='word_1_645' title='bbox 2069 2384 2210 2420; x_wconf 78' lang='lat' dir='ltr'>litteras</span> <span class='ocrx_word' id='word_1_646' title='bbox 2234 2395 2354 2421; x_wconf 86' lang='lat' dir='ltr'>sacer-</span> 
     </span>
     <span class='ocr_line' id='line_1_47' title="bbox 122 2397 2354 2476; baseline -0 -10"><span class='ocrx_word' id='word_1_647' title='bbox 122 2430 247 2466; x_wconf 83' lang='lat' dir='ltr'>dotum</span> <span class='ocrx_word' id='word_1_648' title='bbox 270 2429 400 2475; x_wconf 86' lang='lat' dir='ltr'>quibus</span> <span class='ocrx_word' id='word_1_649' title='bbox 421 2430 574 2466; x_wconf 84' lang='lat' dir='ltr'>subiecti</span> <span class='ocrx_word' id='word_1_650' title='bbox 594 2435 680 2466; x_wconf 88' lang='lat' dir='ltr'>sunt</span> <span class='ocrx_word' id='word_1_651' title='bbox 701 2430 976 2473; x_wconf 86' lang='lat' dir='ltr'>admoneantur,</span> <span class='ocrx_word' id='word_1_652' title='bbox 1000 2434 1041 2465; x_wconf 86' lang='lat' dir='ltr'>ut</span> <span class='ocrx_word' id='word_1_653' title='bbox 1063 2431 1113 2466; x_wconf 86' lang='lat' dir='ltr'>ad</span> <span class='ocrx_word' id='word_1_654' title='bbox 1135 2431 1305 2467; x_wconf 84' lang='lat' dir='ltr'>ecclesias</span> <span class='ocrx_word' id='word_1_655' title='bbox 1327 2441 1414 2466; x_wconf 87' lang='lat' dir='ltr'>suas</span> <span class='ocrx_word' id='word_1_656' title='bbox 1436 2430 1611 2472; x_wconf 84' lang='lat' dir='ltr'>redeant;</span> <span class='ocrx_word' id='word_1_657' title='bbox 1645 2429 1776 2476; x_wconf 87' lang='lat' dir='ltr'>quodsi</span> <span class='ocrx_word' id='word_1_658' title='bbox 1798 2431 1933 2466; x_wconf 86' lang='lat' dir='ltr'>reverti</span> <span class='ocrx_word' id='word_1_659' title='bbox 1952 2397 2136 2476; x_wconf 44' lang='lat' dir='ltr'>differant,</span> <span class='ocrx_word' id='word_1_660' title='bbox 2159 2429 2354 2465; x_wconf 82' lang='lat' dir='ltr'>secundum</span> 
     </span>
     <span class='ocr_line' id='line_1_48' title="bbox 121 2474 2355 2527; baseline 0.001 -18"><span class='ocrx_word' id='word_1_661' title='bbox 121 2484 249 2510; x_wconf 86' lang='lat' dir='ltr'>sacros</span> <span class='ocrx_word' id='word_1_662' title='bbox 272 2485 431 2510; x_wconf 86' lang='lat' dir='ltr'>canones</span> <span class='ocrx_word' id='word_1_663' title='bbox 453 2478 634 2511; x_wconf 81' lang='lat' dir='ltr'>vocentur.</span> <span class='ocrx_word' id='word_1_664' title='bbox 685 2474 735 2511; x_wconf 86' lang='lat' dir='ltr'>Et</span> <span class='ocrx_word' id='word_1_665' title='bbox 756 2476 827 2511; x_wconf 81' lang='lat' dir='ltr'>nisi</span> <span class='ocrx_word' id='word_1_666' title='bbox 849 2477 948 2511; x_wconf 86' lang='lat' dir='ltr'>intra</span> <span class='ocrx_word' id='word_1_667' title='bbox 974 2480 1113 2527; x_wconf 83' lang='lat' dir='ltr'>tempus</span> <span class='ocrx_word' id='word_1_668' title='bbox 1135 2487 1158 2511; x_wconf 90' lang='lat' dir='ltr'>a</span> <span class='ocrx_word' id='word_1_669' title='bbox 1181 2475 1430 2512; x_wconf 83' lang='lat' dir='ltr'>sacerdotibus</span> <span class='ocrx_word' id='word_1_670' title='bbox 1451 2475 1637 2520; x_wconf 82' lang='lat' dir='ltr'>definitum</span> <span class='ocrx_word' id='word_1_671' title='bbox 1659 2474 1709 2510; x_wconf 86' lang='lat' dir='ltr'>ad</span> <span class='ocrx_word' id='word_1_672' title='bbox 1730 2474 1901 2511; x_wconf 86' lang='lat' dir='ltr'>ecclesias</span> <span class='ocrx_word' id='word_1_673' title='bbox 1922 2484 2008 2510; x_wconf 86' lang='lat' dir='ltr'>suas</span> <span class='ocrx_word' id='word_1_674' title='bbox 2030 2474 2254 2516; x_wconf 61' lang='lat' dir='ltr'>reverterent,</span> <span class='ocrx_word' id='word_1_675' title='bbox 2281 2474 2355 2521; x_wconf 82' lang='lat' dir='ltr'>ipsi</span> 
     </span>
     <span class='ocr_line' id='line_1_49' title="bbox 123 2518 2351 2567; baseline 0 -13"><span class='ocrx_word' id='word_1_676' title='bbox 123 2520 265 2565; x_wconf 85' lang='lat' dir='ltr'>quidem</span> <span class='ocrx_word' id='word_1_677' title='bbox 288 2520 502 2566; x_wconf 83' lang='lat' dir='ltr'>episcopatu</span> <span class='ocrx_word' id='word_1_678' title='bbox 526 2519 762 2566; x_wconf 81' lang='lat' dir='ltr'>repellantur,</span> <span class='ocrx_word' id='word_1_679' title='bbox 795 2520 860 2556; x_wconf 84' lang='lat' dir='ltr'>alii</span> <span class='ocrx_word' id='word_1_680' title='bbox 882 2525 1002 2556; x_wconf 86' lang='lat' dir='ltr'>autem</span> <span class='ocrx_word' id='word_1_681' title='bbox 1032 2531 1196 2567; x_wconf 75' lang='lat' dir='ltr'>ipsorum</span> <span class='ocrx_word' id='word_1_682' title='bbox 1228 2520 1308 2556; x_wconf 86' lang='lat' dir='ltr'>loco</span> <span class='ocrx_word' id='word_1_683' title='bbox 1333 2520 1500 2556; x_wconf 84' lang='lat' dir='ltr'>meliores</span> <span class='ocrx_word' id='word_1_684' title='bbox 1522 2518 1718 2555; x_wconf 86' lang='lat' dir='ltr'>secundum</span> <span class='ocrx_word' id='word_1_685' title='bbox 1740 2519 1810 2555; x_wconf 86' lang='lat' dir='ltr'>vim</span> <span class='ocrx_word' id='word_1_686' title='bbox 1825 2519 2033 2566; x_wconf 83' lang='lat' dir='ltr'>praesentis</span> <span class='ocrx_word' id='word_1_687' title='bbox 2063 2518 2153 2566; x_wconf 80' lang='lat' dir='ltr'>leqis</span> <span class='ocrx_word' id='word_1_688' title='bbox 2175 2525 2351 2555; x_wconf 83' lang='lat' dir='ltr'>creentur.</span> 
     </span>
     <span class='ocr_line' id='line_1_50' title="bbox 123 2564 1790 2611; baseline 0.001 -13"><span class='ocrx_word' id='word_1_689' title='bbox 123 2565 241 2610; x_wconf 80' lang='lat' dir='ltr'>Atque</span> <span class='ocrx_word' id='word_1_690' title='bbox 264 2564 331 2599; x_wconf 80' lang='grc' dir='ltr'><strong><em>Ῐιοο</em></strong></span> <span class='ocrx_word' id='word_1_691' title='bbox 353 2564 446 2599; x_wconf 83' lang='lat' dir='ltr'>idem</span> <span class='ocrx_word' id='word_1_692' title='bbox 469 2564 578 2600; x_wconf 88' lang='lat' dir='ltr'>etiam</span> <span class='ocrx_word' id='word_1_693' title='bbox 600 2565 639 2599; x_wconf 87' lang='lat' dir='ltr'>in</span> <span class='ocrx_word' id='word_1_694' title='bbox 663 2565 805 2601; x_wconf 79' lang='lat' dir='ltr'>clericis</span> <span class='ocrx_word' id='word_1_695' title='bbox 827 2566 958 2608; x_wconf 88' lang='lat' dir='ltr'>valeat,</span> <span class='ocrx_word' id='word_1_696' title='bbox 981 2566 1235 2611; x_wconf 83' lang='lat' dir='ltr'>cuiuscumque</span> <span class='ocrx_word' id='word_1_697' title='bbox 1257 2565 1398 2611; x_wconf 75' lang='lat' dir='ltr'>yradus</span> <span class='ocrx_word' id='word_1_698' title='bbox 1419 2565 1492 2600; x_wconf 84' lang='lat' dir='ltr'>sint</span> <span class='ocrx_word' id='word_1_699' title='bbox 1514 2565 1571 2600; x_wconf 81' lang='lat' dir='ltr'>vel</span> <span class='ocrx_word' id='word_1_700' title='bbox 1591 2564 1790 2599; x_wconf 85' lang='lat' dir='ltr'>ministerii.</span> 
     </span>
    </p>

    <p class='ocr_par' dir='ltr' id='par_1_10' title="bbox 123 2607 2355 2881">
     <span class='ocr_line' id='line_1_51' title="bbox 257 2607 2354 2656; baseline 0 -13"><span class='ocrx_word' id='word_1_701' title='bbox 257 2609 302 2644; x_wconf 93' lang='lat' dir='ltr'>X.</span> <span class='ocrx_word' id='word_1_702' title='bbox 356 2608 399 2644; x_wconf 85' lang='lat' dir='ltr'>Ut</span> <span class='ocrx_word' id='word_1_703' title='bbox 422 2613 541 2644; x_wconf 89' lang='lat' dir='ltr'>autem</span> <span class='ocrx_word' id='word_1_704' title='bbox 572 2611 687 2646; x_wconf 89' lang='lat' dir='ltr'>omnis</span> <span class='ocrx_word' id='word_1_705' title='bbox 714 2610 978 2646; x_wconf 87' lang='lat' dir='ltr'>ecclesiasticus</span> <span class='ocrx_word' id='word_1_706' title='bbox 1007 2614 1124 2646; x_wconf 86' lang='lat' dir='ltr'>status</span> <span class='ocrx_word' id='word_1_707' title='bbox 1153 2611 1322 2656; x_wconf 80' lang='lat' dir='ltr'>sacrique</span> <span class='ocrx_word' id='word_1_708' title='bbox 1353 2620 1511 2646; x_wconf 87' lang='lat' dir='ltr'>canones</span> <span class='ocrx_word' id='word_1_709' title='bbox 1533 2609 1725 2656; x_wconf 80' lang='lat' dir='ltr'>diliqenter</span> <span class='ocrx_word' id='word_1_710' title='bbox 1747 2607 2011 2651; x_wconf 81' lang='lat' dir='ltr'>custodiantur,</span> <span class='ocrx_word' id='word_1_711' title='bbox 2046 2607 2206 2645; x_wconf 85' lang='lat' dir='ltr'>iubemus</span> <span class='ocrx_word' id='word_1_712' title='bbox 2227 2619 2354 2644; x_wconf 87' lang='lat' dir='ltr'>unum·</span> 
     </span>
     <span class='ocr_line' id='line_1_52' title="bbox 124 2653 2352 2705; baseline 0.001 -17"><span class='ocrx_word' id='word_1_713' title='bbox 124 2664 300 2705; x_wconf 85' lang='lat' dir='ltr'>quemque</span> <span class='ocrx_word' id='word_1_714' title='bbox 323 2653 564 2690; x_wconf 83' lang='lat' dir='ltr'>beatissimum</span> <span class='ocrx_word' id='word_1_715' title='bbox 587 2654 812 2701; x_wconf 78' lang='lat' dir='ltr'>archiepisco</span> <span class='ocrx_word' id='word_1_716' title='bbox 842 2666 900 2690; x_wconf 91' lang='lat' dir='ltr'>um</span> <span class='ocrx_word' id='word_1_717' title='bbox 930 2659 966 2691; x_wconf 86' lang='lat' dir='ltr'>et</span> <span class='ocrx_word' id='word_1_718' title='bbox 987 2655 1240 2702; x_wconf 76' lang='lat' dir='ltr'>patriarcham</span> <span class='ocrx_word' id='word_1_719' title='bbox 1270 2659 1306 2691; x_wconf 90' lang='lat' dir='ltr'>et</span> <span class='ocrx_word' id='word_1_720' title='bbox 1329 2653 1647 2701; x_wconf 85' lang='lat' dir='ltr'>metropolitanum</span> <span class='ocrx_word' id='word_1_721' title='bbox 1677 2654 1925 2689; x_wconf 85' lang='lat' dir='ltr'>sanctissimos</span> <span class='ocrx_word' id='word_1_722' title='bbox 1953 2653 2145 2700; x_wconf 84' lang='lat' dir='ltr'>episcopos</span> <span class='ocrx_word' id='word_1_723' title='bbox 2173 2653 2243 2690; x_wconf 86' lang='lat' dir='ltr'>sibi</span> <span class='ocrx_word' id='word_1_724' title='bbox 2269 2654 2352 2690; x_wconf 80' lang='lat' dir='ltr'>sub-</span> 
     </span>
     <span class='ocr_line' id='line_1_53' title="bbox 123 2698 2355 2752; baseline -0 -18"><span class='ocrx_word' id='word_1_725' title='bbox 123 2702 234 2734; x_wconf 79' lang='lat' dir='ltr'>iectos</span> <span class='ocrx_word' id='word_1_726' title='bbox 265 2699 303 2733; x_wconf 84' lang='lat' dir='ltr'>in</span> <span class='ocrx_word' id='word_1_727' title='bbox 334 2698 456 2734; x_wconf 87' lang='lat' dir='ltr'>eadem</span> <span class='ocrx_word' id='word_1_728' title='bbox 485 2700 676 2744; x_wconf 83' lang='lat' dir='ltr'>provincia</span> <span class='ocrx_word' id='word_1_729' title='bbox 704 2711 798 2736; x_wconf 90' lang='lat' dir='ltr'>seme</span> <span class='ocrx_word' id='word_1_730' title='bbox 844 2703 909 2736; x_wconf 86' lang='lat' dir='ltr'>aut</span> <span class='ocrx_word' id='word_1_731' title='bbox 939 2701 994 2735; x_wconf 86' lang='lat' dir='ltr'>bis</span> <span class='ocrx_word' id='word_1_732' title='bbox 1050 2711 1090 2735; x_wconf 91' lang='lat' dir='ltr'>er</span> <span class='ocrx_word' id='word_1_733' title='bbox 1117 2700 1283 2747; x_wconf 76' lang='lat' dir='ltr'>sinqulos</span> <span class='ocrx_word' id='word_1_734' title='bbox 1313 2710 1430 2735; x_wconf 89' lang='lat' dir='ltr'>annos</span> <span class='ocrx_word' id='word_1_735' title='bbox 1457 2698 1559 2752; x_wconf 79' lang='lat' dir='ltr'>apud</span> <span class='ocrx_word' id='word_1_736' title='bbox 1579 2709 1618 2735; x_wconf 88' lang='lat' dir='ltr'>se</span> <span class='ocrx_word' id='word_1_737' title='bbox 1642 2706 1858 2741; x_wconf 82' lang='lat' dir='ltr'>convocare,</span> <span class='ocrx_word' id='word_1_738' title='bbox 1890 2702 1926 2734; x_wconf 86' lang='lat' dir='ltr'>et</span> <span class='ocrx_word' id='word_1_739' title='bbox 1949 2708 2071 2734; x_wconf 87' lang='lat' dir='ltr'>omnes</span> <span class='ocrx_word' id='word_1_740' title='bbox 2100 2707 2232 2734; x_wconf 84' lang='lat' dir='ltr'>causas</span> <span class='ocrx_word' id='word_1_741' title='bbox 2261 2708 2355 2745; x_wconf 79' lang='lat' dir='ltr'>quas</span> 
     </span>
     <span class='ocr_line' id='line_1_54' title="bbox 123 2742 2355 2790; baseline 0 -12"><span class='ocrx_word' id='word_1_742' title='bbox 123 2743 288 2789; x_wconf 81' lang='lat' dir='ltr'>episcopi</span> <span class='ocrx_word' id='word_1_743' title='bbox 317 2742 373 2778; x_wconf 85' lang='lat' dir='ltr'>vel</span> <span class='ocrx_word' id='word_1_744' title='bbox 396 2743 518 2779; x_wconf 85' lang='lat' dir='ltr'>clerici</span> <span class='ocrx_word' id='word_1_745' title='bbox 550 2743 606 2780; x_wconf 88' lang='lat' dir='ltr'>vel</span> <span class='ocrx_word' id='word_1_746' title='bbox 627 2745 794 2780; x_wconf 77' lang='lat' dir='ltr'>monachi</span> <span class='ocrx_word' id='word_1_747' title='bbox 822 2745 917 2781; x_wconf 88' lang='lat' dir='ltr'>inter</span> <span class='ocrx_word' id='word_1_748' title='bbox 944 2756 983 2781; x_wconf 90' lang='lat' dir='ltr'>se</span> <span class='ocrx_word' id='word_1_749' title='bbox 1024 2745 1144 2781; x_wconf 75' lang='lat' dir='ltr'>tabent</span> <span class='ocrx_word' id='word_1_750' title='bbox 1166 2748 1339 2781; x_wconf 87' lang='lat' dir='ltr'>accurate</span> <span class='ocrx_word' id='word_1_751' title='bbox 1360 2754 1591 2787; x_wconf 79' lang='lat' dir='ltr'>examinare,</span> <span class='ocrx_word' id='word_1_752' title='bbox 1623 2754 1756 2789; x_wconf 87' lang='lat' dir='ltr'>easque</span> <span class='ocrx_word' id='word_1_753' title='bbox 1783 2753 1998 2790; x_wconf 87' lang='lat' dir='ltr'>componere</span> <span class='ocrx_word' id='word_1_754' title='bbox 2027 2742 2221 2779; x_wconf 82' lang='lat' dir='ltr'>secundum</span> <span class='ocrx_word' id='word_1_755' title='bbox 2243 2742 2355 2780; x_wconf 81' lang='lat' dir='ltr'>eccle-</span> 
     </span>
     <span class='ocr_line' id='line_1_55' title="bbox 123 2787 2354 2841; baseline 0.001 -20"><span class='ocrx_word' id='word_1_756' title='bbox 123 2788 291 2822; x_wconf 76' lang='lat' dir='ltr'>siasticos</span> <span class='ocrx_word' id='word_1_757' title='bbox 315 2797 483 2831; x_wconf 78' lang='lat' dir='ltr'>canoncS,</span> <span class='ocrx_word' id='word_1_758' title='bbox 514 2798 559 2823; x_wconf 87' lang='lat' dir='ltr'>ac</span> <span class='ocrx_word' id='word_1_759' title='bbox 575 2793 771 2835; x_wconf 84' lang='lat' dir='ltr'>praeterea</span> <span class='ocrx_word' id='word_1_760' title='bbox 794 2790 829 2825; x_wconf 83' lang='lat' dir='ltr'>si</span> <span class='ocrx_word' id='word_1_761' title='bbox 849 2789 938 2836; x_wconf 83' lang='lat' dir='ltr'>quid</span> <span class='ocrx_word' id='word_1_762' title='bbox 967 2795 1095 2825; x_wconf 84' lang='lat' dir='ltr'>contra</span> <span class='ocrx_word' id='word_1_763' title='bbox 1127 2800 1286 2826; x_wconf 87' lang='lat' dir='ltr'>canones</span> <span class='ocrx_word' id='word_1_764' title='bbox 1308 2801 1332 2825; x_wconf 89' lang='lat' dir='ltr'>a</span> <span class='ocrx_word' id='word_1_765' title='bbox 1356 2789 1609 2841; x_wconf 86' lang='lat' dir='ltr'>qualicumque</span> <span class='ocrx_word' id='word_1_766' title='bbox 1634 2799 1797 2835; x_wconf 83' lang='lat' dir='ltr'>persona</span> <span class='ocrx_word' id='word_1_767' title='bbox 1828 2788 2053 2824; x_wconf 88' lang='lat' dir='ltr'>commissum</span> <span class='ocrx_word' id='word_1_768' title='bbox 2075 2790 2130 2824; x_wconf 89' lang='lat' dir='ltr'>est</span> <span class='ocrx_word' id='word_1_769' title='bbox 2151 2787 2354 2825; x_wconf 82' lang='lat' dir='ltr'>emendare.</span> 
     </span>
     <span class='ocr_line' id='line_1_56' title="bbox 123 2831 2355 2881; baseline -0 -11"><span class='ocrx_word' id='word_1_770' title='bbox 123 2835 147 2870; x_wconf 93' lang='lat'>1</span> <span class='ocrx_word' id='word_1_771' title='bbox 194 2831 447 2868; x_wconf 82' lang='lat' dir='ltr'>Interdicimus</span> <span class='ocrx_word' id='word_1_772' title='bbox 479 2836 599 2869; x_wconf 89' lang='lat' dir='ltr'>autem</span> <span class='ocrx_word' id='word_1_773' title='bbox 632 2835 867 2870; x_wconf 85' lang='lat' dir='ltr'>sanctissimis</span> <span class='ocrx_word' id='word_1_774' title='bbox 901 2835 1085 2881; x_wconf 86' lang='lat' dir='ltr'>episcopis</span> <span class='ocrx_word' id='word_1_775' title='bbox 1118 2838 1154 2871; x_wconf 84' lang='lat' dir='ltr'>et</span> <span class='ocrx_word' id='word_1_776' title='bbox 1181 2834 1409 2881; x_wconf 80' lang='lat' dir='ltr'>presbyteris</span> <span class='ocrx_word' id='word_1_777' title='bbox 1443 2837 1478 2870; x_wconf 87' lang='lat' dir='ltr'>et</span> <span class='ocrx_word' id='word_1_778' title='bbox 1507 2834 1672 2869; x_wconf 80' lang='lat' dir='ltr'>diaconis</span> <span class='ocrx_word' id='word_1_779' title='bbox 1705 2836 1741 2870; x_wconf 83' lang='lat' dir='ltr'>et</span> <span class='ocrx_word' id='word_1_780' title='bbox 1767 2832 1998 2869; x_wconf 84' lang='lat' dir='ltr'>subdiaconis</span> <span class='ocrx_word' id='word_1_781' title='bbox 2027 2835 2064 2868; x_wconf 86' lang='lat' dir='ltr'>et</span> <span class='ocrx_word' id='word_1_782' title='bbox 2093 2831 2289 2869; x_wconf 83' lang='lat' dir='ltr'>lectoribus</span> <span class='ocrx_word' id='word_1_783' title='bbox 2317 2835 2355 2869; x_wconf 82' lang='lat' dir='ltr'>et</span> 
     </span>
    </p>
   </div>
   <div class='ocr_carea' id='block_1_7' title="bbox 120 2962 2353 3672">
    <p class='ocr_par' dir='ltr' id='par_1_11' title="bbox 120 2962 2353 3671">
     <span class='ocr_line' id='line_1_57' title="bbox 190 2962 2353 3012; baseline -0.001 -11"><span class='ocrx_word' id='word_1_784' title='bbox 190 2970 205 3001; x_wconf 90' lang='lat'>1</span> <span class='ocrx_word' id='word_1_785' title='bbox 233 2962 459 3008; x_wconf 84' lang='grc' dir='ltr'><strong><em>οἱοσδήποτε,</em></strong></span> <span class='ocrx_word' id='word_1_786' title='bbox 484 2979 542 2999; x_wconf 83' lang='lat' dir='ltr'>om.</span> <span class='ocrx_word' id='word_1_787' title='bbox 567 2963 682 3000; x_wconf 81' lang='grc' dir='ltr'><strong><em>τόπου</em></strong></span> <span class='ocrx_word' id='word_1_788' title='bbox 706 2969 816 3010; x_wconf 85' lang='lat' dir='ltr'>Epan.</span> <span class='ocrx_word' id='word_1_789' title='bbox 843 2968 856 3011; x_wconf 89' lang='grc' dir='ltr'>ΙΙ</span> <span class='ocrx_word' id='word_1_790' title='bbox 879 2965 1096 3012; x_wconf 80' lang='grc' dir='ltr'><strong><em>ἀποδημήση</em></strong></span> <span class='ocrx_word' id='word_1_791' title='bbox 1121 2967 1173 3002; x_wconf 74' lang='grc' dir='ltr'>ΒΓ</span> <span class='ocrx_word' id='word_1_792' title='bbox 1200 2970 1205 3011; x_wconf 87' lang='grc' dir='ltr'>Ι</span> <span class='ocrx_word' id='word_1_793' title='bbox 1231 2974 1233 2978; x_wconf 90' lang='grc'><strong>’</strong></span> <span class='ocrx_word' id='word_1_794' title='bbox 1343 2969 1360 3002; x_wconf 95' lang='grc'>1</span> <span class='ocrx_word' id='word_1_795' title='bbox 1385 2966 1458 3000; x_wconf 87' lang='lat' dir='ltr'>loco</span> <span class='ocrx_word' id='word_1_796' title='bbox 1481 2966 1556 3011; x_wconf 66' lang='lat' dir='ltr'>mu</span> <span class='ocrx_word' id='word_1_797' title='bbox 1581 2968 1601 3001; x_wconf 88' lang='lat'>2</span> <span class='ocrx_word' id='word_1_798' title='bbox 1625 2966 1830 3008; x_wconf 84' lang='lat' dir='ltr'>relinqueret</span> <span class='ocrx_word' id='word_1_799' title='bbox 1851 2964 1970 3008; x_wconf 74' lang='lat' dir='ltr'><em>RT¹11</em></span> <span class='ocrx_word' id='word_1_800' title='bbox 1991 2966 2050 2997; x_wconf 76' lang='lat' dir='ltr'>aut</span> <span class='ocrx_word' id='word_1_801' title='bbox 2071 2964 2120 2998; x_wconf 79' lang='lat'>1⁷¹</span> <span class='ocrx_word' id='word_1_802' title='bbox 2143 2964 2156 3007; x_wconf 84' lang='grc' dir='ltr'>ΙΙ</span> <span class='ocrx_word' id='word_1_803' title='bbox 2180 2966 2203 2999; x_wconf 84' lang='grc'>4</span> <span class='ocrx_word' id='word_1_804' title='bbox 2226 2963 2353 2999; x_wconf 82' lang='lat' dir='ltr'>fuerint</span> 
     </span>
     <span class='ocr_line' id='line_1_58' title="bbox 125 3008 2352 3057; baseline -0.002 -9"><span class='ocrx_word' id='word_1_805' title='bbox 125 3014 145 3048; x_wconf 89' lang='lat'>2</span> <span class='ocrx_word' id='word_1_806' title='bbox 167 3010 480 3055; x_wconf 80' lang='grc' dir='ltr'><strong><em>καταλαμβανέτω</em></strong></span> <span class='ocrx_word' id='word_1_807' title='bbox 493 3010 646 3045; x_wconf 71' lang='lat' dir='ltr'>Numae-‘²¹</span> <span class='ocrx_word' id='word_1_808' title='bbox 662 3011 675 3055; x_wconf 84' lang='grc' dir='ltr'>ΙΙ</span> <span class='ocrx_word' id='word_1_809' title='bbox 693 3013 715 3045; x_wconf 87' lang='grc'>4</span> <span class='ocrx_word' id='word_1_810' title='bbox 736 3015 1044 3057; x_wconf 80' lang='grc' dir='ltr'><strong><em>παραγενομένους</em></strong></span> <span class='ocrx_word' id='word_1_811' title='bbox 1082 3015 1170 3057; x_wconf 70' lang='lat' dir='ltr'>&#39;pam</span> <span class='ocrx_word' id='word_1_812' title='bbox 1199 3014 1205 3057; x_wconf 87' lang='grc' dir='ltr'>Ι</span> <span class='ocrx_word' id='word_1_813' title='bbox 1273 3013 1372 3055; x_wconf 65' lang='grc' dir='ltr'><strong><em>ναῖς]</em></strong></span> <span class='ocrx_word' id='word_1_814' title='bbox 1397 3011 1499 3045; x_wconf 84' lang='lat' dir='ltr'>fuerit</span> <span class='ocrx_word' id='word_1_815' title='bbox 1516 3012 1594 3045; x_wconf 81' lang='lat' dir='ltr'>libri</span> <span class='ocrx_word' id='word_1_816' title='bbox 1609 3012 1620 3052; x_wconf 86' lang='grc' dir='ltr'>ΙΙ</span> <span class='ocrx_word' id='word_1_817' title='bbox 1637 3013 1657 3045; x_wconf 82' lang='lat'>5</span> <span class='ocrx_word' id='word_1_818' title='bbox 1673 3013 1706 3044; x_wconf 82' lang='lat' dir='ltr'>et</span> <span class='ocrx_word' id='word_1_819' title='bbox 1720 3011 1953 3053; x_wconf 79' lang='lat' dir='ltr'>patriarcham]</span> <span class='ocrx_word' id='word_1_820' title='bbox 1978 3011 2011 3041; x_wconf 87' lang='lat' dir='ltr'>et</span> <span class='ocrx_word' id='word_1_821' title='bbox 2033 3021 2094 3041; x_wconf 87' lang='lat' dir='ltr'>om.</span> <span class='ocrx_word' id='word_1_822' title='bbox 2107 3009 2158 3042; x_wconf 87' lang='lat' dir='ltr'>T¹</span> <span class='ocrx_word' id='word_1_823' title='bbox 2175 3008 2188 3052; x_wconf 82' lang='grc' dir='ltr'>ΙΙ</span> <span class='ocrx_word' id='word_1_824' title='bbox 2206 3011 2224 3042; x_wconf 82' lang='grc'>’1</span> <span class='ocrx_word' id='word_1_825' title='bbox 2241 3012 2352 3043; x_wconf 79' lang='lat' dir='ltr'>autem</span> 
     </span>
     <span class='ocr_line' id='line_1_59' title="bbox 125 3052 2348 3101; baseline -0.002 -10"><span class='ocrx_word' id='word_1_826' title='bbox 125 3061 145 3093; x_wconf 88' lang='grc'>8</span> <span class='ocrx_word' id='word_1_827' title='bbox 168 3055 238 3100; x_wconf 85' lang='grc' dir='ltr'>τὴν</span> <span class='ocrx_word' id='word_1_828' title='bbox 262 3070 320 3090; x_wconf 85' lang='lat' dir='ltr'>om.</span> <span class='ocrx_word' id='word_1_829' title='bbox 347 3057 378 3090; x_wconf 90' lang='lat' dir='ltr'><em>L</em></span> <span class='ocrx_word' id='word_1_830' title='bbox 402 3059 415 3100; x_wconf 78' lang='grc' dir='ltr'>ΙΙ</span> <span class='ocrx_word' id='word_1_831' title='bbox 436 3052 459 3098; x_wconf 88' lang='grc' dir='ltr'><em>ἢ</em></span> <span class='ocrx_word' id='word_1_832' title='bbox 484 3068 542 3089; x_wconf 86' lang='lat' dir='ltr'>om.</span> <span class='ocrx_word' id='word_1_833' title='bbox 567 3056 678 3099; x_wconf 86' lang='lat' dir='ltr'>Epan.</span> <span class='ocrx_word' id='word_1_834' title='bbox 703 3056 763 3090; x_wconf 84' lang='lat' dir='ltr'>Iul.</span> <span class='ocrx_word' id='word_1_835' title='bbox 791 3058 803 3100; x_wconf 88' lang='grc' dir='ltr'>ΙΙ</span> <span class='ocrx_word' id='word_1_836' title='bbox 831 3060 871 3091; x_wconf 88' lang='grc'>10</span> <span class='ocrx_word' id='word_1_837' title='bbox 895 3059 1038 3091; x_wconf 76' lang='grc' dir='ltr'><strong><em>ποιοῦσι</em></strong></span> <span class='ocrx_word' id='word_1_838' title='bbox 1062 3059 1083 3092; x_wconf 82' lang='grc' dir='ltr'>ι’.</span> <span class='ocrx_word' id='word_1_839' title='bbox 1098 3071 1124 3093; x_wconf 82' lang='grc' dir='ltr'><strong><em>ε.</em></strong></span> <span class='ocrx_word' id='word_1_840' title='bbox 1150 3058 1205 3090; x_wconf 80' lang='lat' dir='ltr'>de-</span> <span class='ocrx_word' id='word_1_841' title='bbox 1275 3058 1308 3090; x_wconf 91' lang='lat' dir='ltr'><em>T</em></span> <span class='ocrx_word' id='word_1_842' title='bbox 1316 3058 1414 3101; x_wconf 57' lang='lat' dir='ltr'>vulq]</span> <span class='ocrx_word' id='word_1_843' title='bbox 1439 3055 1587 3089; x_wconf 81' lang='lat' dir='ltr'>om.RV</span> <span class='ocrx_word' id='word_1_844' title='bbox 1606 3054 1619 3100; x_wconf 80' lang='grc' dir='ltr'>ΙΙ</span> <span class='ocrx_word' id='word_1_845' title='bbox 1648 3057 1718 3096; x_wconf 85' lang='lat' dir='ltr'>aut]</span> <span class='ocrx_word' id='word_1_846' title='bbox 1743 3056 1776 3088; x_wconf 85' lang='lat' dir='ltr'>et</span> <span class='ocrx_word' id='word_1_847' title='bbox 1799 3057 1859 3087; x_wconf 81' lang='lat' dir='ltr'>aut</span> <span class='ocrx_word' id='word_1_848' title='bbox 1878 3053 1911 3087; x_wconf 89' lang='lat' dir='ltr'><strong><em>V</em></strong></span> <span class='ocrx_word' id='word_1_849' title='bbox 1933 3052 1946 3096; x_wconf 76' lang='grc' dir='ltr'>ΙΙ</span> <span class='ocrx_word' id='word_1_850' title='bbox 1979 3055 2019 3088; x_wconf 90' lang='grc'>10</span> <span class='ocrx_word' id='word_1_851' title='bbox 2040 3053 2168 3096; x_wconf 85' lang='lat' dir='ltr'>yconiis</span> <span class='ocrx_word' id='word_1_852' title='bbox 2194 3054 2227 3087; x_wconf 87' lang='lat' dir='ltr'><em>T</em></span> <span class='ocrx_word' id='word_1_853' title='bbox 2235 3053 2246 3074; x_wconf 85' lang='lat'>¹</span> <span class='ocrx_word' id='word_1_854' title='bbox 2271 3054 2284 3099; x_wconf 84' lang='grc' dir='ltr'>ΙΙ</span> <span class='ocrx_word' id='word_1_855' title='bbox 2311 3057 2348 3090; x_wconf 89' lang='grc'>11</span> 
     </span>
     <span class='ocr_line' id='line_1_60' title="bbox 123 3097 2353 3154; baseline -0.002 -18"><span class='ocrx_word' id='word_1_856' title='bbox 123 3102 282 3146; x_wconf 83' lang='lat' dir='ltr'>gentibus</span> <span class='ocrx_word' id='word_1_857' title='bbox 306 3102 395 3143; x_wconf 81' lang='lat' dir='ltr'>(IuL,</span> <span class='ocrx_word' id='word_1_858' title='bbox 420 3103 462 3142; x_wconf 68' lang='lat' dir='ltr'>cf:</span> <span class='ocrx_word' id='word_1_859' title='bbox 485 3102 630 3154; x_wconf 75' lang='lat' dir='ltr'>exempla</span> <span class='ocrx_word' id='word_1_860' title='bbox 654 3113 676 3134; x_wconf 87' lang='lat' dir='ltr'>a</span> <span class='ocrx_word' id='word_1_861' title='bbox 703 3102 739 3134; x_wconf 83' lang='lat'>0.</span> <span class='ocrx_word' id='word_1_862' title='bbox 764 3103 803 3135; x_wconf 85' lang='lat' dir='ltr'>de</span> <span class='ocrx_word' id='word_1_863' title='bbox 827 3102 921 3135; x_wconf 88' lang='lat' dir='ltr'>Boor</span> <span class='ocrx_word' id='word_1_864' title='bbox 944 3103 1077 3137; x_wconf 85' lang='lat' dir='ltr'>collecta</span> <span class='ocrx_word' id='word_1_865' title='bbox 1103 3104 1206 3137; x_wconf 84' lang='grc' dir='ltr'><strong><em>ΤΙιεο-</em></strong></span> <span class='ocrx_word' id='word_1_866' title='bbox 1273 3102 1448 3135; x_wconf 78' lang='lat' dir='ltr'>admonere</span> <span class='ocrx_word' id='word_1_867' title='bbox 1473 3101 1557 3140; x_wconf 80' lang='lat' dir='ltr'>libri,</span> <span class='ocrx_word' id='word_1_868' title='bbox 1576 3112 1659 3133; x_wconf 83' lang='lat' dir='ltr'>corr.</span> <span class='ocrx_word' id='word_1_869' title='bbox 1675 3100 1767 3133; x_wconf 85' lang='lat' dir='ltr'>Beck</span> <span class='ocrx_word' id='word_1_870' title='bbox 1785 3097 1798 3142; x_wconf 88' lang='grc' dir='ltr'>ΙΙ</span> <span class='ocrx_word' id='word_1_871' title='bbox 1812 3099 1882 3141; x_wconf 85' lang='lat' dir='ltr'>per]</span> <span class='ocrx_word' id='word_1_872' title='bbox 1907 3098 1966 3149; x_wconf 70' lang='lat' dir='ltr'>qui</span> <span class='ocrx_word' id='word_1_873' title='bbox 1986 3098 2039 3131; x_wconf 60' lang='lat' dir='ltr'>Vt·</span> <span class='ocrx_word' id='word_1_874' title='bbox 2055 3097 2067 3141; x_wconf 94' lang='grc' dir='ltr'>ΙΙ</span> <span class='ocrx_word' id='word_1_875' title='bbox 2084 3098 2157 3140; x_wconf 85' lang='lat' dir='ltr'>sub]</span> <span class='ocrx_word' id='word_1_876' title='bbox 2180 3109 2241 3150; x_wconf 81' lang='lat' dir='ltr'>pro</span> <span class='ocrx_word' id='word_1_877' title='bbox 2267 3100 2300 3132; x_wconf 88' lang='lat' dir='ltr'><em>T</em></span> <span class='ocrx_word' id='word_1_878' title='bbox 2307 3099 2319 3120; x_wconf 82' lang='lat'><em>¹</em></span> <span class='ocrx_word' id='word_1_879' title='bbox 2340 3098 2353 3145; x_wconf 76' lang='lat' dir='ltr'>ss</span> 
     </span>
     <span class='ocr_line' id='line_1_61' title="bbox 120 3138 2350 3192; baseline -0.002 -10"><span class='ocrx_word' id='word_1_880' title='bbox 120 3150 243 3192; x_wconf 76' lang='lat' dir='ltr'>phanis</span> <span class='ocrx_word' id='word_1_881' title='bbox 252 3148 390 3190; x_wconf 81' lang='lat' dir='ltr'>p.767)]</span> <span class='ocrx_word' id='word_1_882' title='bbox 415 3138 606 3190; x_wconf 69' lang='grc' dir='ltr'><strong><em>διατριβην</em></strong></span> <span class='ocrx_word' id='word_1_883' title='bbox 619 3146 696 3178; x_wconf 83' lang='lat' dir='ltr'>add.</span> <span class='ocrx_word' id='word_1_884' title='bbox 711 3158 779 3179; x_wconf 83' lang='lat' dir='ltr'>cum</span> <span class='ocrx_word' id='word_1_885' title='bbox 795 3147 989 3180; x_wconf 85' lang='lat' dir='ltr'>Haloandro</span> <span class='ocrx_word' id='word_1_886' title='bbox 1001 3149 1087 3191; x_wconf 77' lang='lat' dir='ltr'>vuly.</span> <span class='ocrx_word' id='word_1_887' title='bbox 1100 3146 1198 3190; x_wconf 72' lang='grc' dir='ltr'>(ΒΓΗ</span> <span class='ocrx_word' id='word_1_888' title='bbox 1277 3148 1318 3181; x_wconf 90' lang='grc'>12</span> <span class='ocrx_word' id='word_1_889' title='bbox 1341 3155 1439 3188; x_wconf 83' lang='lat' dir='ltr'>agere</span> <span class='ocrx_word' id='word_1_890' title='bbox 1455 3145 1504 3178; x_wconf 86' lang='lat' dir='ltr'>R¹</span> <span class='ocrx_word' id='word_1_891' title='bbox 1519 3144 1532 3189; x_wconf 84' lang='grc' dir='ltr'>ΙΙ</span> <span class='ocrx_word' id='word_1_892' title='bbox 1554 3146 1594 3178; x_wconf 88' lang='grc'>13</span> <span class='ocrx_word' id='word_1_893' title='bbox 1614 3143 1795 3177; x_wconf 85' lang='lat' dir='ltr'>secundum</span> <span class='ocrx_word' id='word_1_894' title='bbox 1811 3146 1938 3176; x_wconf 72' lang='lat' dir='ltr'>reuerti</span> <span class='ocrx_word' id='word_1_895' title='bbox 1958 3142 2010 3176; x_wconf 80' lang='lat' dir='ltr'>V⁰</span> <span class='ocrx_word' id='word_1_896' title='bbox 2057 3153 2190 3176; x_wconf 76' lang='lat' dir='ltr'>euocari</span> <span class='ocrx_word' id='word_1_897' title='bbox 2212 3144 2350 3187; x_wconf 84' lang='lat' dir='ltr'>V(Iul.)]</span> 
     </span>
     <span class='ocr_line' id='line_1_62' title="bbox 123 3187 2352 3237; baseline -0.001 -12"><span class='ocrx_word' id='word_1_898' title='bbox 123 3192 184 3237; x_wconf 83' lang='grc' dir='ltr'>μὴ]</span> <span class='ocrx_word' id='word_1_899' title='bbox 209 3190 398 3234; x_wconf 80' lang='grc' dir='ltr'><strong><em>κελεύομεν</em></strong></span> <span class='ocrx_word' id='word_1_900' title='bbox 412 3190 461 3234; x_wconf 88' lang='grc' dir='ltr'><strong><em>μὴ</em></strong></span> <span class='ocrx_word' id='word_1_901' title='bbox 475 3190 527 3224; x_wconf 75' lang='grc' dir='ltr'>ΒΓ</span> <span class='ocrx_word' id='word_1_902' title='bbox 547 3190 714 3223; x_wconf 79' lang='lat' dir='ltr'>sancimus</span> <span class='ocrx_word' id='word_1_903' title='bbox 730 3201 795 3223; x_wconf 91' lang='lat' dir='ltr'>non</span> <span class='ocrx_word' id='word_1_904' title='bbox 813 3191 876 3224; x_wconf 89' lang='lat' dir='ltr'>Iul.</span> <span class='ocrx_word' id='word_1_905' title='bbox 894 3190 906 3233; x_wconf 85' lang='grc' dir='ltr'>ΙΙ</span> <span class='ocrx_word' id='word_1_906' title='bbox 927 3193 967 3225; x_wconf 87' lang='grc'>13</span> <span class='ocrx_word' id='word_1_907' title='bbox 985 3187 1045 3236; x_wconf 80' lang='grc' dir='ltr'>ἐφ’</span> <span class='ocrx_word' id='word_1_908' title='bbox 1064 3190 1116 3225; x_wconf 88' lang='grc' dir='ltr'>οἷς</span> <span class='ocrx_word' id='word_1_909' title='bbox 1131 3193 1198 3236; x_wconf 69' lang='lat'>13⁰1</span> <span class='ocrx_word' id='word_1_910' title='bbox 1274 3189 1424 3224; x_wconf 81' lang='lat' dir='ltr'>reuocari</span> <span class='ocrx_word' id='word_1_911' title='bbox 1448 3190 1611 3232; x_wconf 78' lang='lat' dir='ltr'>RTvuly.</span> <span class='ocrx_word' id='word_1_912' title='bbox 1641 3188 1654 3231; x_wconf 84' lang='grc' dir='ltr'>[Ι</span> <span class='ocrx_word' id='word_1_913' title='bbox 1681 3190 1723 3222; x_wconf 86' lang='grc'>14</span> <span class='ocrx_word' id='word_1_914' title='bbox 1745 3189 1834 3220; x_wconf 85' lang='lat' dir='ltr'>inter</span> <span class='ocrx_word' id='word_1_915' title='bbox 1861 3187 1911 3220; x_wconf 87' lang='lat' dir='ltr'>T¹</span> <span class='ocrx_word' id='word_1_916' title='bbox 1928 3187 1940 3231; x_wconf 83' lang='grc' dir='ltr'>ΙΙ</span> <span class='ocrx_word' id='word_1_917' title='bbox 1963 3187 2005 3220; x_wconf 84' lang='lat' dir='ltr'>ad</span> <span class='ocrx_word' id='word_1_918' title='bbox 2078 3187 2091 3231; x_wconf 84' lang='grc' dir='ltr'>ΙΙ</span> <span class='ocrx_word' id='word_1_919' title='bbox 2117 3189 2157 3223; x_wconf 86' lang='grc'>16</span> <span class='ocrx_word' id='word_1_920' title='bbox 2182 3188 2352 3233; x_wconf 79' lang='lat' dir='ltr'>episcopa-</span> 
     </span>
     <span class='ocr_line' id='line_1_63' title="bbox 126 3231 2353 3280; baseline -0.001 -10"><span class='ocrx_word' id='word_1_921' title='bbox 126 3241 169 3273; x_wconf 83' lang='grc'>14</span> <span class='ocrx_word' id='word_1_922' title='bbox 191 3235 489 3280; x_wconf 74' lang='grc' dir='ltr'><strong><em>ὑπερτιθεμένοις</em></strong></span> <span class='ocrx_word' id='word_1_923' title='bbox 511 3236 563 3269; x_wconf 60' lang='lat' dir='ltr'>B*</span> <span class='ocrx_word' id='word_1_924' title='bbox 590 3235 603 3278; x_wconf 90' lang='grc' dir='ltr'>ΙΙ</span> <span class='ocrx_word' id='word_1_925' title='bbox 634 3236 674 3270; x_wconf 87' lang='grc'>16</span> <span class='ocrx_word' id='word_1_926' title='bbox 698 3231 887 3279; x_wconf 83' lang='grc' dir='ltr'><strong><em>ὁρισμένου</em></strong></span> <span class='ocrx_word' id='word_1_927' title='bbox 912 3235 1066 3269; x_wconf 59' lang='grc' dir='ltr'>Νοηιοεέι</span> <span class='ocrx_word' id='word_1_928' title='bbox 1087 3237 1165 3270; x_wconf 79' lang='grc' dir='ltr'><strong><em>ΔιΙι.</em></strong></span> <span class='ocrx_word' id='word_1_929' title='bbox 1194 3237 1205 3273; x_wconf 98' lang='grc' dir='ltr'>ΙΙ</span> <span class='ocrx_word' id='word_1_930' title='bbox 1273 3238 1344 3268; x_wconf 82' lang='lat' dir='ltr'>tum</span> <span class='ocrx_word' id='word_1_931' title='bbox 1363 3235 1413 3268; x_wconf 85' lang='lat' dir='ltr'>T²</span> <span class='ocrx_word' id='word_1_932' title='bbox 1429 3234 1442 3276; x_wconf 82' lang='grc' dir='ltr'>ΙΙ</span> <span class='ocrx_word' id='word_1_933' title='bbox 1459 3233 1581 3276; x_wconf 86' lang='lat' dir='ltr'>depelli</span> <span class='ocrx_word' id='word_1_934' title='bbox 1607 3234 1638 3267; x_wconf 88' lang='lat' dir='ltr'><em>T</em></span> <span class='ocrx_word' id='word_1_935' title='bbox 1652 3233 1665 3277; x_wconf 82' lang='grc' dir='ltr'>ΙΙ</span> <span class='ocrx_word' id='word_1_936' title='bbox 1681 3232 1832 3265; x_wconf 85' lang='lat' dir='ltr'>meliores</span> <span class='ocrx_word' id='word_1_937' title='bbox 1855 3242 1915 3274; x_wconf 90' lang='lat' dir='ltr'>pro</span> <span class='ocrx_word' id='word_1_938' title='bbox 1940 3233 1986 3265; x_wconf 82' lang='lat' dir='ltr'>eis</span> <span class='ocrx_word' id='word_1_939' title='bbox 2011 3233 2043 3266; x_wconf 92' lang='lat' dir='ltr'><em>T</em></span> <span class='ocrx_word' id='word_1_940' title='bbox 2054 3233 2066 3275; x_wconf 71' lang='lat' dir='ltr'>ss</span> <span class='ocrx_word' id='word_1_941' title='bbox 2087 3235 2126 3267; x_wconf 81' lang='lat'>17</span> <span class='ocrx_word' id='word_1_942' title='bbox 2148 3233 2219 3275; x_wconf 77' lang='lat' dir='ltr'>ipso</span> <span class='ocrx_word' id='word_1_943' title='bbox 2238 3234 2353 3279; x_wconf 60' lang='lat' dir='ltr'>vulp-u</span> 
     </span>
     <span class='ocr_line' id='line_1_64' title="bbox 124 3276 2352 3327; baseline -0.002 -11"><span class='ocrx_word' id='word_1_944' title='bbox 124 3281 223 3327; x_wconf 87' lang='grc' dir='ltr'><strong><em>παρὰ</em></strong></span> <span class='ocrx_word' id='word_1_945' title='bbox 240 3282 318 3315; x_wconf 82' lang='grc' dir='ltr'>τῶν</span> <span class='ocrx_word' id='word_1_946' title='bbox 335 3280 460 3326; x_wconf 80' lang='grc' dir='ltr'><strong><em>ἱερέων</em></strong></span> <span class='ocrx_word' id='word_1_947' title='bbox 473 3278 602 3324; x_wconf 87' lang='grc' dir='ltr'><strong><em>χρόνου</em></strong></span> <span class='ocrx_word' id='word_1_948' title='bbox 616 3280 687 3314; x_wconf 83' lang='lat' dir='ltr'>ML</span> <span class='ocrx_word' id='word_1_949' title='bbox 698 3280 849 3314; x_wconf 67' lang='lat' dir='ltr'>Nomos.d</span> <span class='ocrx_word' id='word_1_950' title='bbox 864 3280 941 3321; x_wconf 68' lang='lat' dir='ltr'>lut]</span> <span class='ocrx_word' id='word_1_951' title='bbox 960 3281 1090 3323; x_wconf 86' lang='grc' dir='ltr'><strong><em>χρόνον</em></strong></span> <span class='ocrx_word' id='word_1_952' title='bbox 1105 3279 1205 3325; x_wconf 82' lang='grc' dir='ltr'><strong><em>παρὰ</em></strong></span> <span class='ocrx_word' id='word_1_953' title='bbox 1276 3282 1315 3314; x_wconf 89' lang='grc'>18</span> <span class='ocrx_word' id='word_1_954' title='bbox 1340 3279 1485 3312; x_wconf 82' lang='lat' dir='ltr'>valituro</span> <span class='ocrx_word' id='word_1_955' title='bbox 1504 3279 1592 3321; x_wconf 79' lang='lat' dir='ltr'>vulq.</span> <span class='ocrx_word' id='word_1_956' title='bbox 1615 3279 1627 3319; x_wconf 75' lang='grc'>11</span> <span class='ocrx_word' id='word_1_957' title='bbox 1658 3277 1817 3319; x_wconf 86' lang='lat' dir='ltr'>cuiusque</span> <span class='ocrx_word' id='word_1_958' title='bbox 1844 3278 1874 3309; x_wconf 72' lang='lat' dir='ltr'><em>R</em></span> <span class='ocrx_word' id='word_1_959' title='bbox 1902 3277 1915 3320; x_wconf 82' lang='grc' dir='ltr'>ΙΙ</span> <span class='ocrx_word' id='word_1_960' title='bbox 1944 3276 2069 3310; x_wconf 83' lang='lat' dir='ltr'>ordinis</span> <span class='ocrx_word' id='word_1_961' title='bbox 2091 3279 2151 3310; x_wconf 87' lang='lat' dir='ltr'>aut</span> <span class='ocrx_word' id='word_1_962' title='bbox 2173 3278 2352 3312; x_wconf 82' lang='lat' dir='ltr'>ministerii</span> 
     </span>
     <span class='ocr_line' id='line_1_65' title="bbox 123 3322 2351 3372; baseline -0.002 -11"><span class='ocrx_word' id='word_1_963' title='bbox 123 3328 201 3361; x_wconf 78' lang='grc' dir='ltr'>τῶν</span> <span class='ocrx_word' id='word_1_964' title='bbox 216 3326 342 3372; x_wconf 81' lang='grc' dir='ltr'><strong><em>ἱερέων</em></strong></span> <span class='ocrx_word' id='word_1_965' title='bbox 355 3327 390 3360; x_wconf 90' lang='grc' dir='ltr'><em>Β</em></span> <span class='ocrx_word' id='word_1_966' title='bbox 414 3337 434 3359; x_wconf 86' lang='lat' dir='ltr'>a</span> <span class='ocrx_word' id='word_1_967' title='bbox 456 3326 558 3359; x_wconf 84' lang='lat' dir='ltr'>saeris</span> <span class='ocrx_word' id='word_1_968' title='bbox 581 3325 764 3358; x_wconf 83' lang='lat' dir='ltr'>canonibus</span> <span class='ocrx_word' id='word_1_969' title='bbox 787 3327 822 3368; x_wconf 84' lang='grc' dir='ltr'><strong><em>(ι’.</em></strong></span> <span class='ocrx_word' id='word_1_970' title='bbox 837 3337 863 3358; x_wconf 84' lang='grc' dir='ltr'><strong><em>ε.</em></strong></span> <span class='ocrx_word' id='word_1_971' title='bbox 888 3324 988 3370; x_wconf 86' lang='grc' dir='ltr'><strong><em>παρὰ</em></strong></span> <span class='ocrx_word' id='word_1_972' title='bbox 1004 3326 1081 3359; x_wconf 84' lang='grc' dir='ltr'>τῶν</span> <span class='ocrx_word' id='word_1_973' title='bbox 1097 3323 1205 3369; x_wconf 80' lang='grc' dir='ltr'><strong><em>ἱερῶν</em></strong></span> <span class='ocrx_word' id='word_1_974' title='bbox 1273 3324 1399 3357; x_wconf 82' lang='lat' dir='ltr'>fuerint</span> <span class='ocrx_word' id='word_1_975' title='bbox 1425 3322 1479 3366; x_wconf 83' lang='grc' dir='ltr'>ΤΙΙ</span> <span class='ocrx_word' id='word_1_976' title='bbox 1500 3324 1541 3356; x_wconf 88' lang='grc'>22</span> <span class='ocrx_word' id='word_1_977' title='bbox 1557 3324 1644 3356; x_wconf 84' lang='lat' dir='ltr'>rubr.</span> <span class='ocrx_word' id='word_1_978' title='bbox 1671 3323 1719 3355; x_wconf 86' lang='lat' dir='ltr'>De</span> <span class='ocrx_word' id='word_1_979' title='bbox 1737 3323 1966 3365; x_wconf 78' lang='lat' dir='ltr'>episcoporum</span> <span class='ocrx_word' id='word_1_980' title='bbox 1986 3322 2138 3355; x_wconf 79' lang='lat' dir='ltr'>conciliis</span> <span class='ocrx_word' id='word_1_981' title='bbox 2161 3333 2219 3365; x_wconf 87' lang='lat' dir='ltr'>per</span> <span class='ocrx_word' id='word_1_982' title='bbox 2235 3323 2351 3365; x_wconf 85' lang='lat' dir='ltr'>singu-</span> 
     </span>
     <span class='ocr_line' id='line_1_66' title="bbox 124 3365 2350 3414; baseline -0.004 -8"><span class='ocrx_word' id='word_1_983' title='bbox 124 3370 306 3414; x_wconf 86' lang='grc' dir='ltr'><strong><em>κανόνων)</em></strong></span> <span class='ocrx_word' id='word_1_984' title='bbox 330 3374 460 3414; x_wconf 84' lang='lat' dir='ltr'>tempus</span> <span class='ocrx_word' id='word_1_985' title='bbox 483 3370 532 3414; x_wconf 70' lang='grc' dir='ltr'>ςΙὶ</span> <span class='ocrx_word' id='word_1_986' title='bbox 560 3371 600 3404; x_wconf 86' lang='grc'>18</span> <span class='ocrx_word' id='word_1_987' title='bbox 623 3365 709 3404; x_wconf 83' lang='grc' dir='ltr'><strong><em>ἀντ’</em></strong></span> <span class='ocrx_word' id='word_1_988' title='bbox 736 3367 861 3404; x_wconf 77' lang='grc' dir='ltr'><strong><em>αὐτῶν</em></strong></span> <span class='ocrx_word' id='word_1_989' title='bbox 885 3382 943 3403; x_wconf 84' lang='lat' dir='ltr'>om.</span> <span class='ocrx_word' id='word_1_990' title='bbox 957 3370 1010 3402; x_wconf 68' lang='grc' dir='ltr'>ΒΥ</span> <span class='ocrx_word' id='word_1_991' title='bbox 1028 3369 1040 3410; x_wconf 88' lang='grc' dir='ltr'>ΙΙ</span> <span class='ocrx_word' id='word_1_992' title='bbox 1066 3368 1205 3404; x_wconf 81' lang='grc' dir='ltr'><strong><em>καλλίο-</em></strong></span> <span class='ocrx_word' id='word_1_993' title='bbox 1272 3370 1322 3402; x_wconf 90' lang='lat' dir='ltr'>los</span> <span class='ocrx_word' id='word_1_994' title='bbox 1345 3378 1450 3401; x_wconf 85' lang='lat' dir='ltr'>annos</span> <span class='ocrx_word' id='word_1_995' title='bbox 1470 3368 1630 3400; x_wconf 80' lang='lat' dir='ltr'>faciendis</span> <span class='ocrx_word' id='word_1_996' title='bbox 1656 3367 1734 3401; x_wconf 83' lang='lat' dir='ltr'>Tin</span> <span class='ocrx_word' id='word_1_997' title='bbox 1750 3379 1855 3410; x_wconf 76' lang='lat' dir='ltr'>marq.</span> <span class='ocrx_word' id='word_1_998' title='bbox 1872 3369 1924 3407; x_wconf 76' lang='lat' dir='ltr'>(ex</span> <span class='ocrx_word' id='word_1_999' title='bbox 1939 3368 2016 3408; x_wconf 82' lang='lat' dir='ltr'>Iul.)</span> <span class='ocrx_word' id='word_1_1000' title='bbox 2032 3367 2044 3410; x_wconf 80' lang='grc' dir='ltr'>ΙΙ</span> <span class='ocrx_word' id='word_1_1001' title='bbox 2063 3370 2186 3409; x_wconf 78' lang='lat' dir='ltr'>autem]</span> <span class='ocrx_word' id='word_1_1002' title='bbox 2212 3380 2251 3399; x_wconf 71' lang='lat' dir='ltr'>n</span> <span class='ocrx_word' id='word_1_1003' title='bbox 2271 3368 2305 3402; x_wconf 88' lang='grc' dir='ltr'><em>Τ</em></span> <span class='ocrx_word' id='word_1_1004' title='bbox 2313 3368 2322 3389; x_wconf 82' lang='lat'><em>¹</em></span> <span class='ocrx_word' id='word_1_1005' title='bbox 2344 3366 2350 3413; x_wconf 77' lang='grc' dir='ltr'>Ι</span> 
     </span>
     <span class='ocr_line' id='line_1_67' title="bbox 124 3410 2327 3460; baseline -0.001 -11"><span class='ocrx_word' id='word_1_1006' title='bbox 124 3420 199 3458; x_wconf 80' lang='grc' dir='ltr'><strong><em>νας]</em></strong></span> <span class='ocrx_word' id='word_1_1007' title='bbox 223 3413 388 3460; x_wconf 80' lang='grc' dir='ltr'><strong><em>ἀμείνους</em></strong></span> <span class='ocrx_word' id='word_1_1008' title='bbox 411 3417 521 3460; x_wconf 82' lang='lat' dir='ltr'>Epan.</span> <span class='ocrx_word' id='word_1_1009' title='bbox 539 3416 552 3458; x_wconf 84' lang='grc' dir='ltr'>ΙΙ</span> <span class='ocrx_word' id='word_1_1010' title='bbox 581 3417 621 3449; x_wconf 86' lang='grc'>19</span> <span class='ocrx_word' id='word_1_1011' title='bbox 645 3414 758 3459; x_wconf 83' lang='grc' dir='ltr'><strong><em>νόμον</em></strong></span> <span class='ocrx_word' id='word_1_1012' title='bbox 782 3428 840 3449; x_wconf 89' lang='lat' dir='ltr'>om.</span> <span class='ocrx_word' id='word_1_1013' title='bbox 855 3412 1008 3448; x_wconf 61' lang='lat' dir='ltr'>Nomocfl</span> <span class='ocrx_word' id='word_1_1014' title='bbox 1035 3415 1047 3457; x_wconf 83' lang='grc' dir='ltr'>ΙΙ</span> <span class='ocrx_word' id='word_1_1015' title='bbox 1073 3416 1115 3448; x_wconf 90' lang='grc'>20</span> <span class='ocrx_word' id='word_1_1016' title='bbox 1139 3415 1204 3448; x_wconf 82' lang='grc' dir='ltr'>τοῦ</span> <span class='ocrx_word' id='word_1_1017' title='bbox 1271 3424 1364 3447; x_wconf 80' lang='lat' dir='ltr'>sacro</span> <span class='ocrx_word' id='word_1_1018' title='bbox 1388 3413 1420 3446; x_wconf 82' lang='lat' dir='ltr'><em>R</em></span> <span class='ocrx_word' id='word_1_1019' title='bbox 1438 3412 1450 3455; x_wconf 83' lang='grc' dir='ltr'>ΙΙ</span> <span class='ocrx_word' id='word_1_1020' title='bbox 1476 3413 1517 3445; x_wconf 87' lang='grc'>23</span> <span class='ocrx_word' id='word_1_1021' title='bbox 1543 3412 1746 3445; x_wconf 79' lang='lat' dir='ltr'>custodiatur</span> <span class='ocrx_word' id='word_1_1022' title='bbox 1767 3410 1818 3445; x_wconf 78' lang='lat' dir='ltr'>V⁸</span> <span class='ocrx_word' id='word_1_1023' title='bbox 1834 3411 1846 3455; x_wconf 87' lang='grc' dir='ltr'>ΙΙ</span> <span class='ocrx_word' id='word_1_1024' title='bbox 1869 3412 1913 3445; x_wconf 85' lang='grc'>24</span> <span class='ocrx_word' id='word_1_1025' title='bbox 1932 3413 2179 3454; x_wconf 81' lang='lat' dir='ltr'>metropolitani</span> <span class='ocrx_word' id='word_1_1026' title='bbox 2204 3413 2250 3446; x_wconf 85' lang='lat' dir='ltr'>R&#39;</span> <span class='ocrx_word' id='word_1_1027' title='bbox 2268 3412 2282 3456; x_wconf 76' lang='grc' dir='ltr'>ΙΙ</span> <span class='ocrx_word' id='word_1_1028' title='bbox 2307 3414 2327 3447; x_wconf 84' lang='grc'>2</span> 
     </span>
     <span class='ocr_line' id='line_1_68' title="bbox 126 3455 2351 3505; baseline -0.002 -10"><span class='ocrx_word' id='word_1_1029' title='bbox 126 3460 236 3495; x_wconf 74' lang='grc' dir='ltr'><strong><em>αὐτοῦ</em></strong></span> <span class='ocrx_word' id='word_1_1030' title='bbox 264 3463 298 3494; x_wconf 86' lang='grc' dir='ltr'><em>Β</em></span> <span class='ocrx_word' id='word_1_1031' title='bbox 315 3462 327 3504; x_wconf 78' lang='grc' dir='ltr'>ΙΙ</span> <span class='ocrx_word' id='word_1_1032' title='bbox 344 3462 421 3495; x_wconf 85' lang='grc' dir='ltr'>τῶν</span> <span class='ocrx_word' id='word_1_1033' title='bbox 443 3459 621 3505; x_wconf 83' lang='grc' dir='ltr'><strong><em>κληρικῶν</em></strong></span> <span class='ocrx_word' id='word_1_1034' title='bbox 644 3460 754 3503; x_wconf 85' lang='lat' dir='ltr'>Epan.</span> <span class='ocrx_word' id='word_1_1035' title='bbox 772 3459 785 3503; x_wconf 80' lang='grc' dir='ltr'>ΙΙ</span> <span class='ocrx_word' id='word_1_1036' title='bbox 808 3461 845 3494; x_wconf 87' lang='grc'>21</span> <span class='ocrx_word' id='word_1_1037' title='bbox 874 3457 897 3501; x_wconf 89' lang='grc' dir='ltr'><em>ἢ</em></span> <span class='ocrx_word' id='word_1_1038' title='bbox 919 3456 1113 3503; x_wconf 79' lang='grc' dir='ltr'><strong><em>ὑπηρεσίας</em></strong></span> <span class='ocrx_word' id='word_1_1039' title='bbox 1135 3460 1204 3492; x_wconf 89' lang='lat' dir='ltr'>LB</span> <span class='ocrx_word' id='word_1_1040' title='bbox 1270 3457 1371 3492; x_wconf 86' lang='lat' dir='ltr'>simul</span> <span class='ocrx_word' id='word_1_1041' title='bbox 1398 3457 1446 3490; x_wconf 83' lang='grc' dir='ltr'>Τι</span> <span class='ocrx_word' id='word_1_1042' title='bbox 1474 3457 1486 3500; x_wconf 90' lang='grc' dir='ltr'>ΙΙ</span> <span class='ocrx_word' id='word_1_1043' title='bbox 1517 3458 1559 3491; x_wconf 88' lang='grc'>28</span> <span class='ocrx_word' id='word_1_1044' title='bbox 1583 3457 1626 3489; x_wconf 83' lang='lat' dir='ltr'>ad</span> <span class='ocrx_word' id='word_1_1045' title='bbox 1649 3457 1789 3490; x_wconf 84' lang='lat' dir='ltr'>invicem</span> <span class='ocrx_word' id='word_1_1046' title='bbox 1822 3469 1881 3489; x_wconf 86' lang='lat' dir='ltr'>om.</span> <span class='ocrx_word' id='word_1_1047' title='bbox 1908 3456 1958 3490; x_wconf 86' lang='lat' dir='ltr'>T¹</span> <span class='ocrx_word' id='word_1_1048' title='bbox 1988 3457 2000 3499; x_wconf 92' lang='grc' dir='ltr'>ΙΙ</span> <span class='ocrx_word' id='word_1_1049' title='bbox 2029 3457 2071 3491; x_wconf 87' lang='grc'>29</span> <span class='ocrx_word' id='word_1_1050' title='bbox 2095 3467 2214 3499; x_wconf 81' lang='lat' dir='ltr'>eosque</span> <span class='ocrx_word' id='word_1_1051' title='bbox 2237 3457 2314 3490; x_wconf 79' lang='grc' dir='ltr'>ΒΤ</span> <span class='ocrx_word' id='word_1_1052' title='bbox 2337 3455 2351 3502; x_wconf 75' lang='grc' dir='ltr'>ΙΙ</span> 
     </span>
     <span class='ocr_line' id='line_1_69' title="bbox 126 3500 2349 3550; baseline -0.003 -10"><span class='ocrx_word' id='word_1_1053' title='bbox 126 3508 229 3548; x_wconf 84' lang='grc' dir='ltr'><strong><em>ςΙιιΙ.]</em></strong></span> <span class='ocrx_word' id='word_1_1054' title='bbox 253 3503 447 3550; x_wconf 79' lang='grc' dir='ltr'><strong><em>ὑπηρεσίας</em></strong></span> <span class='ocrx_word' id='word_1_1055' title='bbox 469 3506 509 3539; x_wconf 89' lang='grc' dir='ltr'><em>Μ</em></span> <span class='ocrx_word' id='word_1_1056' title='bbox 520 3503 673 3539; x_wconf 76' lang='lat' dir='ltr'>Nomoc.‘²</span> <span class='ocrx_word' id='word_1_1057' title='bbox 702 3501 726 3547; x_wconf 86' lang='grc' dir='ltr'><em>ἢ</em></span> <span class='ocrx_word' id='word_1_1058' title='bbox 748 3506 790 3538; x_wconf 70' lang='grc' dir='ltr'>ἐν</span> <span class='ocrx_word' id='word_1_1059' title='bbox 813 3501 989 3548; x_wconf 75' lang='grc' dir='ltr'><strong><em>ὑπηρεσίᾳ</em></strong></span> <span class='ocrx_word' id='word_1_1060' title='bbox 1003 3504 1112 3547; x_wconf 83' lang='lat' dir='ltr'>Epan.</span> <span class='ocrx_word' id='word_1_1061' title='bbox 1129 3503 1142 3541; x_wconf 96' lang='grc' dir='ltr'>ΙΙ</span> <span class='ocrx_word' id='word_1_1062' title='bbox 1161 3505 1204 3537; x_wconf 87' lang='grc'>30</span> <span class='ocrx_word' id='word_1_1063' title='bbox 1272 3506 1305 3536; x_wconf 84' lang='lat' dir='ltr'>et</span> <span class='ocrx_word' id='word_1_1064' title='bbox 1328 3515 1386 3536; x_wconf 86' lang='lat' dir='ltr'>om.</span> <span class='ocrx_word' id='word_1_1065' title='bbox 1406 3502 1495 3535; x_wconf 77' lang='lat' dir='ltr'>R¹T</span> <span class='ocrx_word' id='word_1_1066' title='bbox 1517 3501 1529 3545; x_wconf 77' lang='grc'>11</span> <span class='ocrx_word' id='word_1_1067' title='bbox 1553 3511 1653 3545; x_wconf 82' lang='lat' dir='ltr'>super</span> <span class='ocrx_word' id='word_1_1068' title='bbox 1676 3502 1759 3542; x_wconf 74' lang='grc' dir='ltr'>ΒΤ]</span> <span class='ocrx_word' id='word_1_1069' title='bbox 1785 3501 1921 3544; x_wconf 85' lang='lat' dir='ltr'>insuper</span> <span class='ocrx_word' id='word_1_1070' title='bbox 1942 3500 1998 3545; x_wconf 71' lang='lat' dir='ltr'>Vn</span> <span class='ocrx_word' id='word_1_1071' title='bbox 2016 3501 2078 3534; x_wconf 86' lang='lat' dir='ltr'>hoo</span> <span class='ocrx_word' id='word_1_1072' title='bbox 2100 3501 2156 3546; x_wconf 72' lang='lat' dir='ltr'>Vll</span> <span class='ocrx_word' id='word_1_1073' title='bbox 2175 3503 2209 3536; x_wconf 83' lang='lat'>31</span> <span class='ocrx_word' id='word_1_1074' title='bbox 2241 3511 2349 3534; x_wconf 82' lang='lat' dir='ltr'>emen-</span> 
     </span>
     <span class='ocr_line' id='line_1_70' title="bbox 125 3545 2350 3590; baseline -0.002 -7"><span class='ocrx_word' id='word_1_1075' title='bbox 125 3551 218 3584; x_wconf 83' lang='grc' dir='ltr'><strong><em>κατὰ</em></strong></span> <span class='ocrx_word' id='word_1_1076' title='bbox 239 3569 283 3575; x_wconf 92' lang='lat'>--</span> <span class='ocrx_word' id='word_1_1077' title='bbox 303 3549 459 3584; x_wconf 80' lang='grc' dir='ltr'><strong><em>κανόνας</em></strong></span> <span class='ocrx_word' id='word_1_1078' title='bbox 483 3563 540 3583; x_wconf 90' lang='lat' dir='ltr'>om.</span> <span class='ocrx_word' id='word_1_1079' title='bbox 557 3562 576 3586; x_wconf 77' lang='grc' dir='ltr'><strong><em>ς</em></strong></span> <span class='ocrx_word' id='word_1_1080' title='bbox 591 3550 603 3589; x_wconf 91' lang='grc' dir='ltr'>ΙΙ</span> <span class='ocrx_word' id='word_1_1081' title='bbox 622 3551 666 3584; x_wconf 85' lang='grc'>34</span> <span class='ocrx_word' id='word_1_1082' title='bbox 688 3551 748 3583; x_wconf 80' lang='grc' dir='ltr'>καὶ</span> <span class='ocrx_word' id='word_1_1083' title='bbox 767 3546 1020 3584; x_wconf 84' lang='grc' dir='ltr'><strong><em>ὑποδιακόνοις</em></strong></span> <span class='ocrx_word' id='word_1_1084' title='bbox 1043 3550 1103 3581; x_wconf 76' lang='grc' dir='ltr'>καὶ</span> <span class='ocrx_word' id='word_1_1085' title='bbox 1127 3545 1203 3581; x_wconf 84' lang='grc' dir='ltr'><strong><em>δια·</em></strong></span> <span class='ocrx_word' id='word_1_1086' title='bbox 1271 3548 1349 3580; x_wconf 84' lang='lat' dir='ltr'>dare</span> <span class='ocrx_word' id='word_1_1087' title='bbox 1373 3547 1458 3590; x_wconf 75' lang='lat' dir='ltr'>vuly.</span> <span class='ocrx_word' id='word_1_1088' title='bbox 1478 3546 1490 3589; x_wconf 91' lang='grc' dir='ltr'>ΙΙ</span> <span class='ocrx_word' id='word_1_1089' title='bbox 1507 3549 1549 3581; x_wconf 87' lang='lat'>33</span> <span class='ocrx_word' id='word_1_1090' title='bbox 1564 3548 1651 3580; x_wconf 81' lang='lat' dir='ltr'>rubr.</span> <span class='ocrx_word' id='word_1_1091' title='bbox 1679 3548 1726 3579; x_wconf 87' lang='lat' dir='ltr'>De</span> <span class='ocrx_word' id='word_1_1092' title='bbox 1742 3546 1903 3589; x_wconf 84' lang='lat' dir='ltr'>episcopis</span> <span class='ocrx_word' id='word_1_1093' title='bbox 1919 3545 1975 3579; x_wconf 83' lang='lat' dir='ltr'>uel</span> <span class='ocrx_word' id='word_1_1094' title='bbox 1990 3545 2066 3579; x_wconf 81' lang='lat' dir='ltr'>aliis</span> <span class='ocrx_word' id='word_1_1095' title='bbox 2086 3545 2250 3588; x_wconf 82' lang='lat' dir='ltr'>religiosis</span> <span class='ocrx_word' id='word_1_1096' title='bbox 2265 3545 2350 3579; x_wconf 74' lang='lat' dir='ltr'>uiris</span> 
     </span>
     <span class='ocr_line' id='line_1_71' title="bbox 125 3590 2350 3671; baseline -0.002 -42"><span class='ocrx_word' id='word_1_1097' title='bbox 125 3594 243 3629; x_wconf 83' lang='grc' dir='ltr'><strong><em>κόνοις</em></strong></span> <span class='ocrx_word' id='word_1_1098' title='bbox 269 3596 318 3638; x_wconf 88' lang='lat' dir='ltr'>L,</span> <span class='ocrx_word' id='word_1_1099' title='bbox 341 3597 402 3628; x_wconf 82' lang='grc' dir='ltr'>καὶ</span> <span class='ocrx_word' id='word_1_1100' title='bbox 425 3591 678 3629; x_wconf 78' lang='grc' dir='ltr'><strong><em>ὑποδιακόνοις</em></strong></span> <span class='ocrx_word' id='word_1_1101' title='bbox 702 3606 757 3629; x_wconf 88' lang='lat' dir='ltr'>om.</span> <span class='ocrx_word' id='word_1_1102' title='bbox 777 3595 827 3628; x_wconf 81' lang='lat' dir='ltr'>B!</span> <span class='ocrx_word' id='word_1_1103' title='bbox 1270 3592 1312 3671; x_wconf 57' lang='lat' dir='ltr'>gd</span> <span class='ocrx_word' id='word_1_1104' title='bbox 1334 3591 1482 3670; x_wconf 52' lang='lat' dir='ltr'>tabffl’iiii</span> <span class='ocrx_word' id='word_1_1105' title='bbox 1505 3591 1710 3671; x_wconf 48' lang='grc' dir='ltr'>Ιυάειὶὶίδηῗγ</span> <span class='ocrx_word' id='word_1_1106' title='bbox 1722 3592 1797 3625; x_wconf 84' lang='lat' dir='ltr'>Tin</span> <span class='ocrx_word' id='word_1_1107' title='bbox 1809 3603 1912 3635; x_wconf 76' lang='lat' dir='ltr'>mar-9.</span> <span class='ocrx_word' id='word_1_1108' title='bbox 1929 3592 1981 3633; x_wconf 76' lang='lat' dir='ltr'>(ex</span> <span class='ocrx_word' id='word_1_1109' title='bbox 1992 3591 2070 3634; x_wconf 85' lang='lat' dir='ltr'>Iul.)</span> <span class='ocrx_word' id='word_1_1110' title='bbox 2085 3591 2098 3635; x_wconf 68' lang='grc' dir='ltr'>ΙΙ</span> <span class='ocrx_word' id='word_1_1111' title='bbox 2115 3590 2238 3624; x_wconf 74' lang='lat' dir='ltr'>nanctis</span> <span class='ocrx_word' id='word_1_1112' title='bbox 2252 3590 2350 3636; x_wconf 65' lang='lat' dir='ltr'>RV„</span> 
     </span>
    </p>

    <p class='ocr_par' dir='ltr' id='par_1_12' title="bbox 1295 3636 1656 3672">
     <span class='ocr_line' id='line_1_72' title="bbox 1295 3636 1656 3672; baseline -0.006 0"><span class='ocrx_word' id='word_1_1113' title='bbox 1295 3640 1315 3672; x_wconf 86' lang='lat'>4</span> <span class='ocrx_word' id='word_1_1114' title='bbox 1338 3647 1376 3670; x_wconf 79' lang='lat' dir='ltr'>ac</span> <span class='ocrx_word' id='word_1_1115' title='bbox 1397 3647 1436 3670; x_wconf 86' lang='lat' dir='ltr'>su</span> <span class='ocrx_word' id='word_1_1116' title='bbox 1482 3636 1592 3670; x_wconf 86' lang='lat' dir='ltr'>iaconi</span> <span class='ocrx_word' id='word_1_1117' title='bbox 1617 3646 1656 3670; x_wconf 84' lang='lat' dir='ltr'>us</span> 
     </span>
    </p>
   </div>
   <div class='ocr_carea' id='block_1_8' title="bbox 1193 2968 1198 3056">
    <p class='ocr_par' dir='ltr' id='par_1_13' title="bbox 1193 2968 1198 3056">
     <span class='ocr_line' id='line_1_73' title="bbox 1193 2968 1198 3056; baseline 0 0"><span class='ocrx_word' id='word_1_1118' title='bbox 1193 2968 1198 3056; x_wconf 95' lang='lat' dir='ltr'> </span> 
     </span>
    </p>
   </div>
  </div>
 </body>
</html>
