2476 3854
1184 65 1268 114 692

114 183 270 228 φρονεῖν.
319 179 398 215 ἀλλ’
426 181 462 215 εἴ
487 195 523 215 τι
555 182 695 234 γένοιτο
721 180 862 214 τοιοῦτο
890 177 1100 225 σύμφωνον,
1134 179 1268 220 ἐξέστω
1299 177 1420 214 αὐτοῖς
1452 182 1512 214 καὶ
1541 178 1634 214 κατὰ
1658 175 1804 224 πρώτου
1824 180 1888 214 τοῦ
1907 177 2141 225 μανδάτωρος
2165 182 2224 213 καὶ
2247 179 2340 214 κατὰ

114 228 177 260 τοῦ
200 227 370 272 ἐγγυητοῦ
391 230 452 260 καὶ
475 239 568 260 κατα
592 226 669 259 τῶν
694 223 818 258 ἄλλων
842 225 1047 271 προςιὸπων
1069 227 1218 271 χωρεῖν·
1243 221 1332 260 ὥςτε
1356 226 1388 259 εἰ
1409 227 1478 269 μὲν
1501 223 1550 269 μὴ
1573 226 1775 270 γέγραπται
1799 222 2008 269 σύμφωνον,
2032 224 2181 260 πάντως
2197 227 2341 271 κρατεῖν

113 274 173 305 καὶ
198 272 253 306 ἐπ’
282 269 400 306 αὐτοῖς
423 272 491 314 τὴν
516 269 695 313 διάταξιν,
719 271 750 303 εἰ
774 268 814 304 δὲ
835 273 1035 317 γέγραπται
1056 269 1099 304 τὸ
1123 269 1333 315 σύμφωνον,
1358 270 1451 304 εἶναι
1481 269 1523 304 τὸ
1547 271 1739 312 κανονίζον
1761 268 1804 303 τὸ
1828 268 2061 317 συνάλλαγμα
2083 266 2253 304 κάκεῖθεν
2276 269 2341 304 τὰς

113 315 308 363 εἰςπράξεις
332 316 545 362 ἐπάγεσθαι.

1104 360 1261 397 CAPUT
1284 361 1331 396 ΙΙ.

249 428 424 473 Δεύτερον
450 425 490 461 δὲ
513 423 632 462 αὐτοῖς
651 424 849 472 κεφάλαιον
874 419 920 470 ἦν
943 426 986 462 τὸ
1011 428 1075 471 τῆς
1098 426 1205 471 ἄλλης
1224 428 1444 474 ἐξαιρέσεως,
1467 423 1514 470 ἣν
1538 425 1666 473 πρώην
1691 426 1921 471 ἐποιήσαμεν,
1945 423 2052 469 ἡνίκα
2074 438 2128 461 τις
2155 425 2338 472 προεστὼς
2384 433 2404 464 5

113 472 266 521 ἀργύρου
303 474 480 519 τραπέζης
516 471 749 518 στρατεύοιτο
789 470 813 526 ἢ
837 473 920 507 τοὺς
947 473 1093 508 οἰκείους
1120 471 1252 508 παῖδας
1283 471 1555 518 στρατεύσειεν,
1586 469 1674 506 dim
1700 472 1750 515 μὴ
1782 470 1969 506 δύνασθαι
1996 469 2230 516 ἀποχρῆσθαι
2256 472 2338 507 τοὺς

113 522 413 564 στρατευομένους
442 516 567 551 αὐτῶν
597 516 746 560 παῖδας,
778 529 825 552 ως
851 516 899 562 μὴ
931 519 969 551 ἐκ
1000 517 1187 563 πατρῴων
1218 520 1544 562 στρατευσαμένους
1571 518 1765 562 χοημάτων
1788 512 1811 560 ἢ
1836 517 2019 561 ἑτέρωθεν
2050 515 2169 551 αὐτοῖς
2191 529 2335 562 πεπορι-

113 567 269 608 σμένων,
295 559 376 597 ἄλλ’
404 564 443 595 ἐκ
465 564 543 596 τῶν
567 561 828 597 δανεισάντων.
877 566 935 596 καὶ
959 561 1099 610 ᾔτησαν
1119 565 1179 597 καὶ
1199 561 1300 597 αὐτοὶ
1324 560 1345 606 ἢ
1370 561 1461 606 μηδὲ
1479 561 1535 596 ἐπ’
1562 552 1680 596 αύτοῖς
1701 561 1825 607 χώραν
1848 565 1942 604 ἔχειν
1963 560 2031 605 τὴν
2053 562 2225 604 τοιαύτην
2249 561 2336 609 πρό-

113 610 223 654 ληψιν
262 605 284 651 ἢ
314 611 374 642 καὶ
399 605 518 642 αὐτοῖς
548 606 595 641 τὰ
629 606 720 641 αὐτοὶ
750 605 922 654 ὑπάρξαι,
954 607 1041 642 ὤςτε
1069 609 1106 642 εἴ
1130 620 1184 643 τις
1216 605 1364 642 δανεισά
1395 618 1472 642 ενος
1499 606 1583 653 παρ’
1619 605 1744 642 αὐτῶν
1770 604 2001 652 στρατεύοιτο
2025 604 2046 650 ἢ
2077 610 2137 640 καὶ
2166 607 2203 641 οἱ
2229 606 2337 642 αὐτοῦ

113 653 247 697 παῖδες,
272 656 330 686 καὶ
353 653 403 697 μὴ
427 650 603 707 δυνηθείη
628 653 812 698 ἑτέρωθεν
836 651 942 687 λῦσαι
966 653 1008 688 τὸ
1033 653 1190 699 ὄφλημα,
1214 656 1274 687 καὶ
1299 655 1337 686 ἐκ
1357 622 1587 699 δῖαπράσεως
1609 654 1672 696 τῆς
1695 651 1804 686 αὐτοῦ
1825 651 1847 695 ἢ
1869 652 1928 695 τῆς
1953 652 2030 686 τῶν
2052 651 2200 686 παίδων
2231 664 2336 697 στρα-

111 703 206 733 τείας
237 698 281 732 τὸ
315 697 443 732 ἱκανὸν
474 701 595 732 αυτοῖς
624 698 806 744 γίνεσθαι.
855 695 952 741 ἡμεῖς
978 703 1103 733 τοίνυν
1133 698 1216 733 οὔτε
1245 695 1369 733 ἁπλῶς
1399 696 1464 732 τὸν
1487 695 1603 742 νόμον
1626 697 1860 740 τεθείκαμεν,
1893 694 1985 731 ἀλλὰ
2009 696 2101 741 μετὰ
2124 698 2187 741 τῆς
2210 709 2239 732 π
2261 708 2338 741 ocn-

112 742 240 785 κούσης
270 742 568 789 παρατηρήσεως,
599 744 681 778 οὔτε
714 739 935 788 ἀνατρέπειν
966 739 1079 778 αὐτὸν
1110 742 1242 791 ῥᾳδίως
1265 741 1508 788 ὑπομένομεν,
1540 739 1631 776 ἀλλὰ
1655 743 1899 786 θεσπίζομεν,
1930 741 2125 786 κρατούσης
2146 743 2210 786 τῆς
2264 746 2338 777 είας

112 788 307 829 διατάξεως
337 791 397 822 καὶ
428 790 490 829 τῆς
521 787 735 833 προλήψεως
764 787 897 832 ταύτης
924 789 986 832 τῆς
1015 786 1092 823 κατ’
1119 789 1241 823 αὐτῶν
1272 792 1467 835 φερομένης
1497 788 1589 822 κατὰ
1611 786 1680 831 τὴν
1703 787 1814 822 θείαν
1835 784 1999 827 διάταξιν
2021 784 2083 821 οὐκ
2106 785 2337 835 ἀνῃρημένης,

112 833 207 868 διότι
231 832 376 868 δοκοῦσι
401 832 543 868 πολλοῖς
566 832 832 878 συμβάλλοντες
857 831 920 867 οὐκ
945 834 983 874 ἐξ
1006 834 1149 868 οἰκείων
1173 830 1323 869 ἅπαντα
1347 832 1521 879 πράττειν
1544 831 1757 877 χρημάτων,
1790 833 1882 875 ἔχειν
1905 834 1965 865 καὶ
1989 828 2115 866 αὖτοὺς
2133 833 2202 876 τὴν
2222 831 2337 877 αὐτὴν

111 883 332 923 προνομίαν,
358 875 454 912 ὥστε
477 878 513 912 εἴ
531 890 583 913 τις
606 876 841 924 στρατεύοιτο
863 876 886 922 ἢ
909 878 946 913 οἱ
968 876 1080 914 αὐτοῦ
1104 878 1246 923 παῖδες,
1277 878 1346 922 τὴν
1369 881 1436 923 μὲν
1460 876 1569 913 αὐτοῦ
1594 881 1789 923 στρατείαν
1813 875 2031 912 ὑποκεῖσθαι
2055 875 2220 921 πάντως,
2243 877 2279 911 εἴ
2295 891 2335 923 γε
2362 882 2402 915 15

110 927 188 958 τῶν
220 927 527 969 πιπρασκομένων
555 924 626 967 εἴη,
659 922 791 966 ὁμοίως
822 922 860 958 δὲ
893 922 937 968 δὴ
967 927 1027 958 καὶ
1055 923 1123 968 τὴν
1145 926 1223 959 τῶν
1246 923 1404 967 παίδων,
1435 923 1531 967 πλὴν
1551 924 1582 957 εἰ
1606 923 1655 968 μὴ
1674 921 1841 965 δειχθείη
1861 925 1921 956 καὶ
1945 925 2227 968 προφανέστατα
2249 920 2333 967 παρ>

112 967 252 1008 αὐτῶν,
279 970 327 1004 ὠς
354 966 377 1012 ἢ
408 971 446 1002 ἐκ
472 968 642 1015 μητρῴας
667 973 744 1004 τῶν
775 967 921 1003 παίδων
953 966 1116 1014 ούσιάςῆ
1146 971 1183 1003 ἐκ
1207 969 1392 1014 βασιλικῆς
1415 968 1620 1014 φιλοτιμίας
1642 964 1664 1012 ἡ
1689 971 1859 1013 στρατεία
1878 970 2106 1014 περιγέγονεν
2130 963 2259 1002 αὐτοῖς.
2306 969 2338 1002 εἰ

109 1015 180 1060 γὰρ
210 1011 274 1048 οὐκ
303 1016 418 1056 ἔχοιεν
450 1013 554 1048 λύσιν
582 1015 709 1059 ἑτέραν
738 1016 802 1048 τοῦ
833 1011 1057 1060 ὀφλήματος,
1089 1016 1289 1058 τηνικαῦτα
1320 1016 1359 1048 ἐκ
1385 1016 1447 1059 τῆς
1470 1017 1659 1059 στρατείας
1681 1014 1759 1047 τῶν
1782 1011 1928 1047 παίδων
1950 1013 1993 1047 τὸ
2018 1011 2145 1047 ἱκανὸν
2166 1012 2337 1059 γίνεσθαι

110 1063 182 1093 τοῖς
210 1057 363 1105 ἀργύρου
394 1060 597 1104 προεστῶσι
627 1062 814 1105 τραπέζης.
864 1057 916 1105 ἐφ)
951 1057 1006 1094 ὡν
1038 1058 1082 1103 δὴ
1114 1061 1244 1094 τοῦτον
1271 1060 1425 1104 τίθεμεν
1455 1059 1523 1094 τὸν
1546 1058 1663 1103 νόμον
1687 1054 1938 1093 ἀντιτιθέντες
1959 1059 2067 1092 τοῦτο
2090 1059 2136 1115 τῇ
2159 1057 2259 1103 παρὰ
2275 1059 2337 1101 τῆς

111 1102 308 1145 διατάξεως
332 1104 531 1150 προλήψει·
578 1108 637 1138 καὶ
667 1102 783 1149 ὥςπερ
815 1107 931 1148 ἐκείνη
955 1105 1021 1148 τὴν
1042 1106 1229 1150 εἰρημένην
1253 1104 1438 1151 πρόληψιν
1461 1102 1539 1139 κατ’
1565 1101 1690 1139 αὐτῶν
1714 1102 1920 1146 ἐποιήσατο,
1944 1099 2041 1137 οὕτω
2065 1115 2125 1137 και
2149 1101 2246 1148 ἡμεῖς
2268 1101 2338 1146 τὴν
2359 1107 2401 1140 20

112 1150 312 1185 ἀντίθετον
344 1148 454 1193 αὐτῆς
485 1150 691 1206 θεραπείαν
715 1148 878 1185 διδόντες
900 1148 1025 1195 μόνοις
1044 1154 1117 1185 τοῖς
1140 1152 1205 1185 τοῦ
1223 1151 1406 1196 εἰρημένου
1431 1149 1654 1194 συστήματος
1672 1147 1963 1195 φιλοτιμούμεθα
1984 1146 2044 1182 διὰ
2070 1147 2111 1182 τὸ
2131 1147 2255 1183 κοινὸν
2276 1149 2338 1191 τῆς

111 1192 235 1230 αὐτῶν
264 1194 496 1238 λυσιτελείας,
529 1195 574 1239 ἣν
605 1198 824 1243 παρέχονται
855 1199 928 1230 τοῖς
958 1195 1248 1241 συναλλάγμασι,
1277 1195 1420 1231 πολλοῖς
1447 1194 1657 1240 ὁμιλοῦντες
1683 1191 1862 1229 κινδύνοις
1893 1194 1953 1228 ἵνα
1985 1193 2049 1228 τὰς
2069 1193 2204 1239 ἑτέρων
2226 1193 2337 1239 θερα-

110 1239 282 1275 πεύσαιεν
300 1244 426 1288 χρείας.

1098 1286 1254 1322 CAPUT
1282 1286 1346 1323 III.

245 1350 399 1387 Κάκεῖνο
429 1356 553 1394 μέντοι
578 1350 643 1387 οὐκ
674 1352 749 1389 ἄπο
779 1353 917 1400 τρόπου
944 1353 1059 1401 λέγειν
1087 1352 1228 1398 ἔδοξαν,
1257 1350 1306 1388 ὥς
1335 1353 1366 1387 εἰ
1389 1350 1595 1388 δανείσειάν
1617 1365 1691 1387 τινι
1715 1349 1737 1397 ἢ
1758 1355 1818 1387 καὶ
1842 1351 2051 1399 φθάσαντες
2074 1349 2266 1387 ἐδάνεισαν
2289 1352 2337 1387 εἰς

110 1395 307 1444 ἀγορασίαν
331 1399 560 1444 πραγμάτων
583 1400 698 1433 τινῶν
721 1401 881 1443 κινητῶν
903 1397 927 1443 ἢ
948 1397 1150 1443 ἀκινήτων,
1180 1403 1241 1433 καὶ
1265 1399 1377 1446 ῥητὸν
1395 1401 1541 1444 χρυσίον
1565 1396 1680 1441 δοῖεν,
1711 1401 1771 1432 καὶ
1795 1399 1833 1432 ἐκ
1855 1399 1934 1432 τῶν
1956 1395 2233 1433 δανεισθέντων
2253 1411 2274 1441 χ

110 1444 239 1487 μάτων
257 1443 409 1487 κτηθείη
433 1442 476 1478 τὸ
502 1445 662 1499 πρᾶγμα,
687 1444 842 1479 πάντων
867 1442 996 1479 αὐτοὺς
1018 1447 1078 1479 ἐπὶ
1097 1446 1152 1488 τῷ
1173 1441 1273 1488 αὐτῷ
1293 1441 1479 1491 πράγματι
1503 1443 1700 1489 κυριώτερα
1722 1447 1816 1486 ἔχειν
1839 1441 1972 1485 δίκαια,
1997 1445 2056 1477 καὶ
2071 1441 2121 1487 μὴ
2139 1443 2268 1489 πειρᾶσ
2301 1456 2339 1478 αι

109 1487 283 1532 μηδεμιᾶς
314 1487 549 1537 διαστροφῆς,
592 1486 674 1523 αλλ’
698 1490 798 1536 εἴπερ
823 1487 1053 1531 άποδείξαιεν
1084 1487 1177 1524 ὅλως
1196 1491 1235 1524 ἐκ
1258 1491 1335 1524 τῶν
1357 1489 1553 1535 χρημάτων
1576 1485 1700 1523 αὐτῶν
1722 1490 1829 1523 τοῦτο
1851 1489 1989 1533 κτηθὲν
2007 1490 2067 1523 καὶ
2089 1487 2139 1531 μὴ
2164 1486 2337 1523 δύναιντο

110 1534 153 1568 τὸ
180 1533 307 1568 ἰκανὸν
330 1532 391 1567 διὰ
411 1533 607 1590 χρημάτων
631 1536 780 1578 ποιῆσαι
805 1533 925 1569 αὐτοῖς
948 1535 984 1570 οἱ
1006 1534 1270 1577 δανεισάμενοι,
1291 1533 1380 1569 αὐτὸ
1398 1534 1440 1568 τὸ
1459 1535 1608 1580 πρᾶγμα
1624 1534 1668 1568 τὸ
1686 1535 1724 1568 ἐκ
1740 1534 1818 1568 τῶν
1835 1534 2032 1580 χρημάτων
2048 1530 2172 1568 αὐτῶν
2188 1531 2338 1577 ὠνηθὲν

110 1580 401 1623 προςκυροῦσθαι
434 1582 570 1622 αυτοῖς,
602 1577 730 1614 ὠςανεὶ
757 1583 834 1614 ταῖς
864 1583 931 1624 μὲν
956 1579 1144 1624 ἀληθείαις
1167 1577 1251 1627 παρ’
1278 1577 1402 1614 αὐτῶν
1425 1576 1654 1626 άγορασθέν,
1686 1578 1792 1624 ψιλῆς
1816 1578 1855 1613 δὲ
1878 1582 2109 1626 προςηγορίας
2128 1579 2336 1622 ἐντεθείσης

110 1626 172 1666 τῆς
201 1625 267 1658 τοῦ
298 1625 511 1668 ἐωνημένον.
560 1622 644 1659 οὐδὲ
695 1625 741 1672 ὰρ
774 1623 918 1660 δίκαιόν
949 1627 1026 1660 ἐστι
1058 1625 1141 1660 τοὺς
1164 1625 1211 1660 τοὶ
1242 1626 1354 1659 οἰκεῖα
1377 1622 1542 1671 χρήματα
1566 1627 1793 1680 προϊεμένους
1811 1624 1862 1669 μὴ
1886 1627 1946 1658 καὶ
1970 1625 2120 1671 πρώτην
2142 1627 2202 1659 καὶ
2225 1620 2335 1668 ἀναμ-
2361 1628 2404 1662 30

111 1668 329 1714 φιςβήτητον
351 1670 459 1710 τάξιν
479 1671 540 1703 ἐπὶ
563 1673 638 1705 τοῖς
661 1671 838 1714 ωνηθεῖσι
863 1668 1075 1716 πράγμασιν
1098 1671 1202 1713 ἔχειν,
1225 1669 1342 1715 μόνον
1362 1671 1461 1714 εἴπερ
1478 1666 1670 1714 >’ὑποθηκης
1691 1673 1831 1717 γένοιτο
1855 1671 1895 1704 ἐν
1917 1672 1991 1704 τοῖς
2007 1668 2196 1716 ἐγγράφοις
2209 1668 2338 1704 συναλ-

114 70 222 113 Nov.
244 69 465 113 CXXXVI
499 71 603 111 1—3
1870 81 1931 112 DF.
1958 79 2341 114 ARGENTAHORUM

2363 658 2404 690 10

2360 1401 2403 1435 25

109 1814 182 1867 ipsi
204 1825 228 1850 a
251 1814 332 1860 leqe
355 1814 444 1850 data
466 1817 552 1850 sunt
575 1818 807 1851 contemnere.
856 1814 931 1851 Sed
951 1816 984 1851 si
1007 1815 1105 1862 quod
1126 1815 1302 1852 eiusmodi
1321 1819 1468 1863 pactum
1488 1815 1575 1862 fiat,
1604 1815 1713 1853 liceat
1734 1815 1779 1851 iis
1795 1815 1958 1863 primum
1979 1818 2015 1851 et
2036 1815 2283 1852 mandatorem
2304 1818 2340 1852 et

106 1860 357 1905 fideiussorem
388 1864 422 1895 et
446 1864 584 1896 ceteras
600 1871 784 1907 personas
805 1861 1014 1897 convenire.-
1038 1864 1079 1897 ut
1100 1861 1133 1896 si
1154 1861 1296 1907 quidem
1316 1865 1465 1908 pactum
1493 1861 1667 1907 scriptum
1693 1872 1769 1896 non
1791 1865 1856 1905 est,
1881 1861 2026 1896 omnino
2049 1860 2156 1896 etiam
2179 1861 2218 1896 in
2239 1860 2339 1908 ipsos

110 1905 316 1941 constitutio
335 1905 465 1948 valeat,
479 1905 536 1940 sin
552 1905 670 1941 autem
685 1907 858 1952 scriptum
877 1911 931 1942 est
940 1910 1101 1952 pactum,
1117 1911 1325 1942 contractus
1335 1917 1500 1942 normam
1509 1910 1670 1953 praestet
1683 1910 1793 1953 atque
1803 1905 1887 1942 inde
1897 1906 2106 1942 exactiones
2118 1906 2337 1951 inferantur.

244 1950 291 1985 II.
318 1950 520 1986 Secundum
545 1955 664 1986 autem
687 1951 760 1987 illis
783 1956 895 1997 caput
917 1955 998 1987 erat
1020 1951 1065 1988 de
1088 1951 1205 1987 altera
1228 1952 1454 1998 exceptione,
1478 1962 1587 1998 quam
1609 1962 1727 1998 nuper
1744 1951 1911 1997 fecimus,
1934 1950 2079 1997 quando
2103 1951 2183 1996 quis
2205 1961 2337 1997 arqen-

112 1995 230 2030 tariae
252 2004 395 2031 mensae
410 1996 648 2042 praepositus
671 1996 798 2031 militet
819 1996 876 2032 vel
894 1996 992 2041 filios
1012 2007 1099 2032 suos
1121 1997 1279 2033 militare
1299 1997 1440 2043 saciat:
1462 1996 1561 2042 quod
1582 1996 1777 2032 militantes
1799 1997 1960 2043 ipsorum
1979 1995 2051 2040 filii
2073 2006 2117 2031 ea
2141 1996 2195 2032 uti
2208 2006 2338 2043 neque-

109 2047 185 2083 ant,
209 2041 316 2085 quasi
337 2051 412 2076 non
436 2051 485 2076 ex
500 2046 662 2087 paterna
681 2042 839 2088 pecunia
860 2041 917 2077 vel
939 2041 1086 2078 aliunde
1108 2042 1154 2077 iis
1177 2042 1372 2087 adquisita,
1395 2041 1460 2077 sed
1471 2052 1521 2078 ex
1535 2041 1754 2077 creditorum
1761 2042 1923 2088 pecunia
1940 2040 2180 2078 militaverint.
2219 2042 2270 2077 At
2294 2053 2339 2078 ue

108 2089 290 2130 roqarunt
323 2089 359 2121 et
390 2085 481 2132 ipsi,
513 2089 555 2121 ut
588 2090 653 2121 aut
683 2096 728 2122 ne
759 2087 796 2121 in
820 2087 910 2139 ipsis
934 2087 1077 2133 quidem
1100 2087 1279 2123 eiusmodi
1296 2087 1546 2134 praesumptio
1572 2086 1689 2122 locum
1712 2086 1860 2123 haberet
1882 2089 1947 2122 aut
1969 2087 1985 2121 i
2008 2086 2060 2122 sis
2082 2096 2225 2138 quoque
2245 2086 2260 2122 i

108 2134 337 2177 competeret,
362 2136 413 2173 ut,
444 2131 479 2166 si
502 2130 583 2176 quis
606 2135 729 2167 mutuo
753 2130 798 2166 ab
823 2132 913 2178 ipsis
935 2136 1085 2179 accepto
1109 2132 1236 2168 militet
1259 2134 1315 2168 vet
1336 2132 1444 2168 etiam
1468 2131 1571 2167 liberi
1594 2132 1683 2173 eius,
1714 2142 1830 2178 neque
1853 2097 2006 2167 αῖὶιιηιὶξ
2022 2130 2178 2167 debitum
2200 2130 2340 2168 solvere

106 2176 236 2221 possit,
260 2176 367 2211 etiam
388 2186 437 2211 ex
460 2176 661 2212 venditione
684 2176 833 2212 militiae
856 2177 933 2213 eius
956 2177 1014 2213 vel
1032 2177 1193 2222 filiorum
1217 2177 1295 2213 eius
1317 2178 1408 2224 ipsis
1431 2177 1599 2222 satisfiat.
1647 2175 1726 2213 Nos
1741 2178 1854 2224 iqitur
1869 2186 1985 2222 neque
1997 2175 2211 2222 simpliciter
2225 2176 2338 2223 leqem

110 2220 266 2262 tulimus,
290 2220 356 2256 sed
377 2231 456 2256 cum
480 2220 610 2257 idonea
633 2220 891 2264 observatione,
916 2233 1032 2268 neque
1054 2233 1134 2258 eam
1155 2222 1271 2269 facile
1292 2222 1451 2259 subverti
1471 2222 1645 2269 patimur,
1669 2221 1733 2257 sed
1753 2222 1945 2264 sancimus,
1970 2221 2110 2257 valente
2131 2231 2239 2258 sacra
2254 2232 2340 2258 con-

107 2265 294 2301 stitutione
313 2276 378 2301 nec
409 2266 552 2301 sublata
579 2267 879 2313 praesumptione
912 2267 978 2303 illa
1012 2278 1107 2314 quae
1139 2267 1336 2304 secundum
1368 2278 1512 2303 sacram
1547 2266 1840 2304 constitutionem
1873 2269 2004 2302 contra
2035 2266 2117 2302 illos
2146 2266 2339 2310 inducitur,

109 2310 281 2355 quoniam
311 2320 391 2346 cum
422 2311 544 2346 multis
573 2311 830 2347 contrahentes
859 2323 933 2348 non
957 2323 1007 2349 ex
1026 2314 1198 2360 propriis
1215 2313 1380 2360 pecuniis
1403 2313 1524 2348 omnia
1553 2313 1681 2357 facere
1703 2312 1880 2354 videntur,
1910 2310 2043 2347 habere
2065 2314 2100 2346 et
2123 2311 2223 2358 ipsos
2245 2311 2339 2348 idem

107 2356 354 2402 privileqium,
388 2360 446 2398 ut,
478 2356 512 2391 si
538 2357 620 2402 quis
649 2357 778 2393 militet
805 2358 862 2393 vel
879 2357 950 2402 filii
973 2358 1061 2401 eius,
1085 2358 1216 2393 militia
1239 2358 1382 2404 quidem
1404 2358 1482 2393 eius
1505 2358 1650 2393 omnino
1675 2357 1838 2404 obliqata
1859 2357 1918 2399 sit,
1941 2356 2117 2403 siquidem
2141 2367 2191 2392 ex
2212 2366 2338 2393 earum

108 2411 256 2435 numero
272 2400 320 2436 sit
333 2411 427 2446 quae
439 2400 654 2443 vendantur,
668 2402 832 2438 similiter
844 2407 963 2439 autem
972 2402 1135 2448 filiorum
1147 2414 1292 2449 quoque
1303 2403 1445 2444 militia,
1462 2403 1533 2438 nisi
1546 2402 1591 2438 ab
1604 2402 1696 2449 ipsis
1706 2402 2000 2448 manifestissime
2011 2401 2263 2454 comprobetur
2274 2404 2340 2438 aut

109 2455 158 2480 ex
185 2448 358 2481 maternis
370 2445 532 2491 filiorum
549 2446 652 2482 bonis
667 2451 732 2482 aut
747 2458 797 2483 ex
811 2447 993 2494 imperiali
1009 2448 1226 2484 liberalitate
1241 2448 1405 2484 militiam
1420 2447 1488 2482 sibi
1504 2447 1683 2494 obtiqisse.
1715 2447 1810 2483 Nam
1825 2448 1857 2482 si
1873 2446 2028 2482 debitum
2043 2445 2189 2483 aliunde
2201 2446 2340 2483 solvere

108 2494 307 2535 nequeant,
341 2495 413 2526 tum
444 2502 493 2526 esc
524 2491 654 2527 militia
682 2492 844 2537 filiorum
866 2493 1095 2540 praepositis
1124 2504 1268 2529 mensae
1301 2492 1535 2539 argentariae
1563 2492 1729 2537 satisfiat.
1777 2491 1938 2535 Quorum
1960 2492 2085 2538 qratia
2107 2490 2203 2527 hanc
2225 2491 2339 2538 qucm

102 2535 296 2580 ponimus,
335 2540 559 2583 opponentes
596 2536 665 2573 hoc
692 2538 984 2584 praesumptioni
1018 2549 1069 2575 ex
1098 2539 1352 2574 constitutione
1380 2538 1590 2585 profectae:
1627 2542 1663 2573 et
1691 2536 1988 2583 quemadmodum
2017 2536 2085 2572 illa
2112 2536 2338 2584 praedictam

105 2581 438 2627 praesumptionem
469 2587 599 2617 contra
630 2593 693 2617 eos
723 2583 863 2628 effecit,
892 2583 946 2619 ita
974 2594 1040 2619 nos
1070 2595 1216 2630 quoque
1242 2584 1464 2620 contrarium
1495 2583 1530 2618 ei
1558 2582 1752 2619 remedium
1783 2582 1990 2618 adhibentes
2019 2581 2066 2617 iis
2091 2581 2180 2617 solis
2202 2582 2267 2629 qui
2288 2593 2339 2618 ex
2378 2613 2383 2618 .

101 2624 295 2676 praedicto
315 2625 469 2671 colleqio
493 2630 576 2661 sunt
602 2626 780 2673 larqimur
800 2632 956 2674 propter
979 2639 1198 2665 communem
1221 2639 1345 2664 eorum
1369 2629 1560 2664 utilitatem
1583 2638 1692 2674 quam
1720 2626 1965 2664 contractibus
1982 2629 2194 2673 praestant,
2217 2626 2340 2664 multis

105 2669 280 2714 periculis
303 2681 341 2705 se
365 2671 601 2707 immiscentes
623 2679 664 2707 ut
687 2672 842 2707 aliorum
865 2673 1137 2709 necessitatibus
1161 2673 1381 2710 medeantur.

127 2760 131 2762 ῃ
243 2714 312 2749 ΙΙΙ.
338 2714 412 2750 Sed
434 2715 526 2750 illud
548 2726 692 2762 quoque
714 2728 788 2752 non
812 2717 876 2753 abs
899 2729 940 2754 re
964 2718 1082 2755 dicere
1107 2719 1174 2755 visi
1194 2723 1298 2762 sunt,
1320 2719 1354 2754 si
1376 2718 1434 2754 cui
1456 2721 1616 2754 mutuam
1637 2717 1828 2765 pecuniam
1850 2716 2000 2753 credant
2022 2716 2078 2754 vel
2099 2717 2206 2753 etiam
2230 2721 2340 2754 antea

108 2758 328 2794 crediderint
351 2760 401 2794 ad
422 2770 481 2795 res
531 2762 679 2797 uasdam
703 2762 851 2798 mobiles
874 2763 930 2799 vel
951 2764 1147 2800 immobiles
1170 2764 1350 2807 emendas,
1374 2767 1410 2799 et
1433 2767 1567 2799 certam
1590 2764 1673 2799 auri
1695 2773 1869 2798 summam
1892 2761 2076 2806 dederint,
2099 2765 2136 2799 et
2157 2772 2208 2798 ecc
2228 2772 2338 2808 pecu-

108 2803 180 2854 niis
210 2804 357 2839 creditis
380 2815 439 2840 res
462 2817 484 2840 a
511 2806 645 2851 quisita
668 2807 734 2850 sit,
767 2808 931 2843 omnibus
954 2819 1031 2844 sese
1053 2810 1091 2844 in
1115 2808 1238 2845 eadem
1263 2820 1303 2844 re
1322 2809 1470 2856 potiora
1494 2808 1625 2844 habere
1647 2808 1730 2843 iura
1753 2807 1880 2843 debere
1903 2818 2019 2853 neque
2042 2806 2152 2842 ullam
2175 2807 2340 2854 experiri

107 2848 410 2891 imminutionem,
442 2850 507 2885 sed
533 2851 566 2884 si
596 2851 737 2896 quidem
766 2855 912 2888 omnino
944 2853 1134 2890 docuerint
1164 2864 1215 2889 ex
1244 2855 1321 2889 suis
1340 2854 1507 2900 pecuniis
1528 2864 1603 2889 rem
1628 2857 1875 2900 comparatam
1898 2862 1975 2888 esse
1997 2862 2063 2888 nec
2082 2855 2270 2899 potuerint
2291 2852 2339 2888 iis

108 2893 285 2929 debitores
305 2895 470 2974 giecunia
502 2900 690 2931 numerata
721 2898 956 2943 satisfacere,
987 2899 1070 2946 ipsa
1101 2910 1161 2934 res
1191 2909 1241 2934 ex
1269 2900 1435 2945 pecuniis
1465 2909 1588 2934 eorum
1619 2903 1739 2944 empta
1771 2898 1816 2933 iis
1839 2897 2042 2942 addicatur,
2063 2895 2216 2945 perinde
2238 2907 2283 2933 ac
2305 2897 2338 2933 si

107 2949 148 2973 re
172 2949 256 2974 vera
280 2949 302 2973 a
348 2939 440 2985 ipsis
462 2944 582 2986 empta
613 2945 646 2975 et
678 2941 777 2976 nuda
807 2945 981 2988 emptoris
1012 2944 1212 2990 appellatio
1236 2944 1451 2991 interposita
1474 2947 1576 2979 esset.
1625 2942 1750 2989 Neque
1771 2942 1864 2978 enim
1883 2943 1959 2989 par
1981 2946 2038 2978 est
2056 2953 2137 2984 eos,
2143 2942 2231 3022 dqui
2249 2952 2339 2978 suas

105 2983 282 3029 pecunias
298 2985 508 3030 porriqunt,
532 2996 607 3020 non
630 2986 713 3020 item
724 2987 884 3031 primum
908 2992 943 3023 et
957 2993 1066 3024 extra
1082 2989 1339 3025 dubitationem
1349 2989 1513 3035 positum
1533 2988 1649 3024 locum
1665 2989 1702 3023 in
1717 2987 1825 3023 rebus
1839 2987 1968 3034 emptis
1985 2986 2126 3030 habere,
2169 2990 2337 3023 umtaxat

107 3029 142 3063 si
162 3026 390 3075 hypothecae
407 3029 539 3065 mentio
562 3030 600 3065 in
624 3031 771 3076 scriptis
796 3033 1044 3069 contractibus
1060 3034 1168 3079 sacta
1191 3034 1249 3070 sit.
1287 3033 1382 3069 Nam
1397 3034 1430 3068 si
1445 3032 1512 3068 hoc
1528 3032 1806 3075 observaverint,
1835 3032 1955 3067 omnia
1971 3031 2131 3068 habituri
2145 3035 2231 3067 sunt
2244 3042 2338 3078 quae

1257 3181 1358 3221 (quod
1375 3180 1561 3213 Zachariae
1586 3180 1634 3212 ita
1652 3180 1783 3222 probat,
1808 3186 1842 3231 ut
1865 3173 1887 3220 ἢ
1911 3179 2018 3213 deleat
2035 3185 2065 3212 et
2082 3180 2172 3223 infra
2193 3180 2338 3223 corriyat

154 3177 172 3210 1
209 3176 365 3218 τοιοῦτο]
400 3176 478 3210 τῶν
513 3174 692 3211 τοιούτων
725 3178 755 3210 L
785 3177 797 3221 11
824 3177 916 3210 κατὰ
947 3177 1094 3222 πρώτου
1125 3179 1189 3213 τοῦ

1256 3221 1338 3257 ἀλλ’
1374 3221 1451 3258 οὐκ
1487 3224 1525 3256 ἐκ
1559 3223 1637 3257 τῶν
1674 3220 1939 3264 δανεισάντων,
1973 3236 2090 3268 parum
2122 3225 2338 3268 probabiliter

106 3218 343 3266 μανδάτωρος
366 3222 437 3255 LB
457 3223 593 3264 (Theod.
616 3221 710 3255 κατὰ
741 3223 804 3255 τοῦ
830 3223 998 3268 έγγυητοῦ
1030 3225 1190 3268 πρῶτον,

107 3266 170 3299 Iul.
204 3270 243 3298 ut
274 3270 470 3310 potestatem
501 3267 646 3300 habeant
677 3267 772 3311 prius
797 3267 1021 3301 fideiussorem
1045 3269 1189 3312 pulsare,

107 3312 176 3343 sim.
197 3313 285 3354 Ath„
302 3314 407 3346 Anon.
426 3313 554 3355 Bodl.)]
579 3311 671 3346 κατὰ
693 3313 758 3346 τοῦ
783 3311 931 3355 πρώτου
951 3311 1189 3358 μανδάτωρος

109 3356 154 3388 JI
172 3355 264 3389 κατὰ
296 3357 361 3390 τοῦ
394 3358 637 3403 πρωτοτύπου
668 3360 727 3391 καὶ
750 3356 842 3391 κατὰ
865 3359 930 3392 τοῦ
953 3356 1189 3404 μανδάτωρος

108 3401 304 3435 Haloancler
328 3404 428 3446 (quod
444 3406 565 3447 probat
581 3405 769 3437 Zachariae
793 3405 826 3437 in
843 3405 930 3437 Add.
949 3405 1010 3437 vol.
1026 3404 1040 3436 1
1057 3417 1092 3447 p.
1111 3407 1188 3447 553)

107 3444 177 3489 πρὸ
201 3448 266 3479 τοῦ
290 3449 532 3491 πρωτοτύπου
556 3448 649 3482 κατὰ
666 3449 731 3482 τοῦ
746 3445 984 3494 μανδάτωρος
1001 3449 1188 3483 Zachariae

109 3493 141 3523 in
166 3492 355 3535 Appendice
376 3507 410 3536 p.
437 3496 477 3528 20
494 3495 507 3539 ΙΙ
527 3496 546 3528 2
571 3495 634 3527 τοῦ
658 3493 827 3540 ἐγγιήτοῦ
845 3494 926 3535 LB]
952 3493 1016 3527 τοῦ
1042 3494 1188 3537 πρώτου

108 3537 277 3580 ἔγγυητοῦ
299 3539 342 3571 M
361 3538 373 3582 ΙΙ
401 3541 419 3573 3
444 3539 487 3572 τὸ
509 3537 742 3584 συνάλλαγμα
765 3540 955 3581 κανονίζον
981 3539 1020 3581 L,
1045 3540 1087 3572 τό
1114 3547 1188 3573 ante

107 3584 150 3611 τό
174 3595 332 3625 superscr.
352 3583 502 3628 L⁰salso
527 3586 594 3618 loco
612 3586 624 3629 H
643 3587 661 3618 5
687 3581 919 3628 ἐποιήσαμεν]
947 3585 1026 3619 Cod.
1048 3585 1080 3625 8,
1094 3592 1136 3626 ¹3,
1152 3591 1185 3618 27

107 3623 118 3668 Η
138 3628 155 3657 7
188 3627 393 3669 χρημάτων]
420 3628 617 3674 χρημάτων
647 3626 721 3663 ἄλλ’
747 3630 890 3663 οἰκείων
920 3631 972 3672 (ex
1002 3642 1033 3665 v.
1063 3631 1117 3670 14)
1149 3630 1186 3663 Β

1257 3271 1433 3313 utrumque)
1447 3271 1459 3312 ΙΙ
1487 3271 1507 3303 8
1532 3266 1719 3314 πρόληψισ
1743 3269 1801 3302 Ma
1819 3268 1831 3313 ΙΙ
1849 3271 1869 3303 9
1894 3267 1930 3302 οἱ
1952 3269 2034 3310 LB]
2057 3282 2114 3302 om.
2137 3269 2184 3303 Μ
2200 3270 2256 3312 (ρίί
2282 3270 2337 3311 15)

1255 3314 1268 3359 ΙΙ
1291 3317 1326 3348 11
1356 3314 1418 3356 τῆς
1447 3311 1685 3358 προςηκούσης
1709 3326 1767 3346 om.
1790 3315 1820 3347 L
1845 3315 1857 3357 ss
1885 3316 1925 3349 13
1949 3310 2170 3358 ἀνῃρημένας
2195 3314 2240 3348 Μ
2253 3313 2267 3354 ΙΙ
2294 3314 2335 3349 14

1256 3356 1398 3394 πολλοῖς
1421 3357 1536 3400 Kroll]
1570 3356 1695 3392 πολλοὶ
1728 3360 1805 3393 libri
1821 3359 1833 3401 Η
1852 3361 1892 3395 18
1921 3358 2043 3403 ἑτέρου
2066 3360 2117 3392 L⁶
2134 3360 2146 3400 ΙΙ
2161 3358 2336 3404 γενέσθαι

1257 3405 1293 3438 Β
1319 3404 1332 3447 ΙΙ
1361 3406 1399 3438 19
1424 3403 1532 3437 τοῦτο
1559 3403 1616 3444 M]
1642 3403 1771 3437 τοῦτον
1795 3405 1865 3438 LB
1891 3404 1904 3449 ΙΙ
1928 3406 1968 3439 21
1999 3401 2108 3446 αὐτῆς
2133 3404 2191 3446 Μ]
2216 3399 2337 3437 αὐτοῖς

1257 3449 1326 3482 LB
1349 3453 1361 3491 ss
1387 3449 1430 3483 22
1453 3447 1637 3491 ἑτέρωθεν
1658 3450 1688 3482 L
1712 3449 1724 3492 ΙΙ
1751 3451 1793 3483 24
1817 3445 1838 3492 ἢ
1862 3463 1920 3483 om.
1943 3449 1979 3482 B
2004 3449 2016 3487 ΙΙ
2039 3451 2082 3483 26
2112 3446 2258 3484 πάντως
2279 3447 2336 3493 ΒΙΙ

1255 3493 1472 3538 κυριώτερον
1493 3494 1586 3535 ἐχειν
1610 3491 1749 3527 δίκαιον
1765 3495 1801 3528 Β
1819 3495 1830 3538 ΙΙ
1849 3496 1889 3529 27
1916 3491 2134 3539 διαστροφῆς
2150 3494 2231 3535 LB]
2255 3503 2335 3538 τρο·

1256 3539 1323 3583 φῆς
1349 3539 1389 3572 Μ
1412 3539 1424 3582 ΙΙ
1449 3535 1559 3571 αὐτοῦ
1580 3540 1667 3572 LaB
1689 3539 1702 3583 ΙΙ
1727 3540 1847 3581 τοῦτο]
1872 3538 1914 3573 τὸ
1940 3539 2010 3579 Mn
2026 3540 2069 3574 28
2089 3537 2227 3580 κτηθὲν
2251 3548 2334 3583 προ-

1255 3582 1457 3628 κυροῦσθαι
1481 3585 1517 3618 Β
1535 3584 1547 3628 ΙΙ
1565 3585 1607 3618 29
1632 3583 1837 3629 ἐκτεθείσης
1861 3586 1891 3618 L
1909 3584 1922 3631 ΙΙ
1940 3586 1982 3618 30
2005 3585 2064 3618 καὶ
2088 3582 2251 3633 πρώτην]
2275 3582 2336 3616 καὶ

1255 3642 1312 3661 om.
