2592 3840
238 84 346 129 Nov.
377 86 532 131 LXVII
552 102 611 143 pr.
648 90 665 130 1

744 255 800 288 ΞΖ

235 322 350 356 ΠΕΡΙ
382 323 490 357 ΤΟΥ
521 323 729 357 ΜΗΔΕΝΑ
763 323 975 357 KTIZEIN
1011 325 1312 361 EYKTHPION

238 368 398 402 OIKON
431 369 583 402 ΧΩΡΙΣ
615 369 827 402 ΓΝΩΜΗΣ
862 369 973 402 ΤΟΥ
1003 370 1311 412 ΕΠΙΣΚΟΠΟΥ,

235 413 329 447 ΚΑΙ
359 414 474 447 ΠΕΡΙ
509 414 617 447 ΤΟΥ
648 414 898 448 ΑΦΟΡΙΣΑΙ
930 414 1203 451 ΠΡΟΤΕΡΟΝ
1239 419 1311 452 ΤΑ

1296 86 1383 134 344

1942 103 2002 135 11¹1·
2030 103 2207 136 NULLUS
2238 102 2458 136 FABRICE'I'

1739 257 1885 293 LXVII.
1933 258 2043 294 Auth.
2059 257 2186 294 LXIX.
2209 257 2458 295 0011.Vtit.17

1446 303 1510 359 UT
1535 322 1726 360 NULLUS
1752 324 1996 361 FABmcE'r
2025 324 2256 361 ORATORH
2280 325 2459 363 Donum

1411 368 1612 404 RAETER
1646 369 1987 406 VOLUNTATEM
2021 370 2256 413 ΕΡιεοοΡι,
2294 370 2359 405 ET
2394 371 2458 407 nr

1380 413 1608 449 DEPUTET
1631 414 1771 450 Pmus
1838 415 1936 451 UAE
1965 415 2108 451 CIROA
2130 415 2459 451 mnsam-IAM

235 458 349 491 ΠΕΡΙ
375 459 481 492 ΤΗΝ
506 459 814 493 ΕΠΙΜΕΛΕΙΑΝ
846 459 942 492 ΚΑΙ
971 460 1310 496 ΚΑΤΑΣΤΑΣΙΝ
1347 463 1366 494 5
1383 459 1444 493 ffiT
1480 458 1678 494 STATUM
1720 459 1816 494 ΕΑΒ
1852 460 1981 496 ΙΟΑΤΙ
2026 460 2258 496 ORATORII
2303 460 2459 496 SUFFI-

236 503 345 537 TOY
364 504 710 538 KTIZOMENOY
730 504 1046 540 EYKTHPIOY.
1082 507 1175 541 ΚΑΙ
1195 508 1310 541 ΠΕΡΙ
1381 503 1537 539 GIANT.
1583 503 1649 539 ET
1682 504 1745 540 UT
1775 505 1992 542 EPISCOPI
2025 505 2123 542 NON
2155 505 2333 541 DESINT
2357 506 2456 542 SUIS

236 549 344 582 ΤΟΥ
378 549 517 582 ΤΟΥΣ
550 549 881 583 ΕΠΙΣΚΟΠΟΥΣ
912 550 994 584 ΜΗ
1026 552 1310 587 ΑΠΟΛῙΜΠΑ-

234 595 416 628 ΝΕΣΘΑῙ
441 594 545 628 ΤΩΝ
569 594 701 628 ΙΔΙΩΝ
725 595 1032 630 ΕΚΚΑΗΣΙΩΝ.
1079 598 1173 632 ΚΑΙ
1196 599 1311 632 ΠΕΡΙ

366 639 693 673 ΕΚΠΟΙΗΣΕΩΣ
717 641 1180 679 ΕΚΚΑΗΣῙΑΣΤΙΚΩΝ

458 685 729 719 ΑΚῙΝΗΤῼΝ
755 685 1086 722 ΠΡΑΓΜΑΤΩΝ.

232 735 270 772 Ὁ
294 735 398 773 αὐτὸς
422 737 587 783 βασιλεὺς
611 740 723 782 Μηνᾷ
745 740 800 783 τῷ
825 737 1017 786 ἁγιωτάτῳ
1042 745 1102 775 καὶ
1124 755 1307 788 μακαριω-

288 782 386 827 τάτῳ
410 785 643 828 οἰκουμενικῷ
666 782 936 830 ἀρχιεπισκόπῳ
960 789 1019 819 καὶ
1048 787 1261 835 πατριάρχῃ.

281 851 577 898 (Προοίμιον.)
625 855 698 885 Καὶ
722 852 768 887 τὰ
798 855 880 900 περὶ
910 854 989 887 τῶν
1013 852 1230 900 ἁγιωτάτων
1255 856 1307 887 ἐκ-

1326 688 1365 720 10

1380 548 1634 585 ECCLESIIS.
1697 550 1761 585 ΕΤ
1799 550 1867 586 DE
1903 550 2239 587 ALIENATIONE
2283 551 2457 587 ECGLE-

1464 593 1786 631 SIASTIGARUM
1809 595 2114 633 IMMOBILIUM
2138 595 2315 632 RERUM
2338 597 2379 644 [ξι

1478 740 1567 786 Imp.
1593 741 1810 777 Iustinianus
1833 744 1924 787 Aug.
1949 741 2078 777 Menae
2100 741 2368 787 archiepiscopo

1748 787 2091 832 Constantinopolis.

1422 854 1467 899 <P
1476 865 1494 889 r
1502 864 1524 888 a
1533 864 1552 889 e
1560 853 1577 888 f
1584 864 1607 889 a
1614 854 1709 899 tio.)
1754 854 1811 890 Ea
1834 865 1925 899 quae
1956 854 2000 890 de
2027 854 2259 891 sanctissimis
2292 853 2452 890 ecclesiis

233 895 390 938 κλησιιῦν
413 895 556 931 πολλοῖς
580 896 835 945 περιλαβόντες
864 898 986 943 νόμοις
1008 901 1064 934 ἔτι
1096 905 1155 932 και·
1188 900 1309 943 ἑτέρου
1378 898 1461 934 su'nt
1496 899 1616 934 multis
1649 900 1988 944 comprehendentes
2018 900 2156 944 legibus
2191 899 2311 935 adhuc
2346 899 2453 935 etiam

233 939 392 985 &genesta
426 944 516 986 πρὸς
546 941 607 976 τὰς
638 940 870 996 ἀνακυψάσας
900 944 978 978 τῶν
1001 942 1220 979 ὑποθέσεων
1250 948 1309 978 καὶ
1325 948 1365 979 15
1379 945 1451 980 alia
1475 954 1617 989 egemus
1641 944 1686 979 ad
1711 949 1834 980 exorta
1858 945 2000 989 negotia
2029 948 2066 980 et
2088 955 2214 980 rursus
2240 944 2455 989 emergentia

233 987 341 1020 αὖθις
365 985 614 1040 ἆναφυομένας
645 985 845 1033 ἇρκουντος.
894 987 1020 1023 πολλοὶ
1043 990 1111 1036 γὰρ
1134 988 1310 1033 ὀνόματος

231 1034 352 1065 ἕνεκεν
381 1044 471 1077 προς
501 1036 650 1075 ποίησιν
676 1030 891 1080 ἁγιωτάτων
915 1033 1113 1078 ἐκκλησιῶν
1137 1033 1307 1081 ὁρμῶσιν,

231 1076 309 1110 εἶτα
328 1076 461 1111 ταύτας
481 1076 799 1132 οἰκοδομησάμενοι
830 1078 945 1134 οὐκέτι
977 1078 1155 1126 φροντίδα
1184 1081 1308 1114 τίθεν-

1378 989 1589 1025 sufficiente.
1635 989 1783 1025 Plurimi
1807 1000 1958 1035 namque
1983 989 2134 1026 nominis
2158 1000 2268 1025 causa
2293 989 2338 1024 ad
2362 999 2453 1035 opus

1378 1038 1583 1071 sanctarum
1615 1035 1850 1071 ecclesiarum
1878 1035 2073 1079 accedunt,
2106 1035 2232 1070 deinde
2262 1044 2323 1070 eas
2356 1034 2454 1070 aedi-

1377 1080 1527 1116 ficantes
1548 1090 1773 1126 nequaquam
1795 1091 1917 1116 curam
1936 1084 2076 1126 ponunt
2100 1082 2141 1115 ut
2163 1089 2342 1125 expensas
2365 1090 2454 1124 quo-

231 1136 291 1156 ται
315 1124 378 1156 τοῦ
402 1126 460 1156 καὶ
486 1121 653 1167 δαπανην
677 1123 801 1158 αὐταῖς
833 1128 1004 1171 αφορίσαι
1028 1128 1239 1172 πρέπουσαν
1263 1126 1310 1160 εἷς
1378 1136 1446 1171 que
1469 1127 1502 1161 ei
1525 1125 1706 1171 deponant
1730 1126 1897 1162 decentes
1921 1130 1958 1161 et
1980 1125 2027 1161 ad
2050 1125 2240 1160 luminaria
2264 1128 2300 1160 et
2323 1125 2369 1160 ad
2389 1124 2454 1160 ob·

230 1180 270 1201 τε
294 1166 508 1210 λυχνοκαΐαν
538 1169 585 1203 εἴς
609 1182 649 1203 τε
677 1167 745 1212 τὴν
774 1170 854 1203 τῶν
883 1169 1198 1217 προςεδρευὸντων
1221 1169 1308 1205 ἀπο·
1323 1174 1363 1206 20
1379 1171 1592 1207 servandum
1617 1171 1785 1207 alimenta
1808 1174 1844 1207 et
1867 1171 1913 1206 ad
1936 1181 2079 1206 sacrum
2101 1169 2355 1212 ministerium,
2390 1169 2455 1211 sed

231 1212 367 1259 τροφὴν
399 1216 459 1247 καὶ
490 1213 557 1257 τὴν
590 1213 688 1260 ἱερὰν
712 1213 946 1262 λειτουργίαν,
977 1213 1068 1250 ἀλλὰ
1087 1214 1310 1261 καταλιμπά-

230 1270 354 1292 νουσιν
384 1257 493 1294 αὐτὰς
523 1261 564 1293 ἐν
592 1263 740 1306 γυμνοῖς
771 1260 879 1295 οὔσας
909 1259 1168 1305 οἰκοδομήμασι
1199 1264 1259 1295 καὶ
1287 1258 1309 1304 ἢ

230 1302 495 1348 καταλυομένας
517 1302 539 1348 ἢ
564 1304 680 1349 πάσης
704 1304 797 1352 ἱερᾱς
821 1304 1040 1354 λειτουργίας
1063 1308 1308 1353 ἐστερημένας.

1378 1216 1547 1252 deserunt
1578 1227 1638 1252 eas
1666 1217 1704 1251 in
1735 1217 1840 1252 nudis
1871 1216 2042 1252 aedificiis
2077 1216 2290 1252 constitutas
2322 1218 2359 1251 et
2391 1219 2455 1250 aut

1378 1262 1611 1298 destruendas
1636 1265 1699 1297 aut
1719 1263 1814 1297 omni
1838 1272 1940 1313 sacro
1961 1261 2156 1297 ministerio
2177 1259 2454 1297 defraudandas.

1238 1396 1396 1433 CAPUT
1423 1397 1451 1432 I.

286 1463 511 1506 Θεσπίζομεν
539 1467 664 1498 τοίνυν
692 1463 760 1509 πρὸ
793 1462 950 1498 πάντων
981 1467 1049 1509 μὲν
1080 1466 1193 1499 έκεῖνο
1215 1468 1308 1511 γίνε-

1424 1464 1611 1500 Sancimus
1634 1465 1742 1509 igitur
1772 1475 1860 1510 prae
1889 1464 2052 1500 omnibus
2082 1464 2224 1510 quidem
2255 1463 2343 1499 illud
2366 1463 2456 1508 fieri,

230 1506 333 1548 σθαι,
359 1503 447 1542 diste
461 1506 589 1552 μηδενὶ
614 1513 821 1564 παρρησίαν
845 1509 939 1543 εἶναι
957 1510 1047 1554 μήτε
1058 1510 1310 1564 μοναστήριον
1323 1512 1364 1544 25
1379 1512 1415 1545 et
1450 1510 1539 1545 nulli
1572 1510 1754 1546 licentiam
1789 1521 1867 1545 esse
1902 1520 2029 1555 neque·
2050 1509 2305 1545 monasterium
2340 1519 2456 1554 neque

228 1551 317 1597 μήτε
352 1551 542 1596 ἐκκλησίαν
575 1567 665 1598 μητε
699 1567 884 1599 ευκτηριον
920 1555 1019 1589 οἶκον
1051 1555 1229 1600 αρχεσθαι
1260 1556 1309 1589 οἰ-

230 1596 405 1642 κοδομεῖν,
430 1602 517 1645 πρὶν
541 1596 586 1632 ἂν
617 1594 636 1633 ὅ
660 1600 721 1642 τῆς
749 1599 886 1634 πόλεως
918 1599 1201 1645 θεοφιλέστατος
1233 1602 1307 1635 ἐπί-

230 1654 361 1678 σκοπος
392 1643 683 1698 παραγενόμενός
714 1644 819 1688 εὐχήν
850 1657 890 1679 τε
922 1646 962 1678 ἐν
992 1646 1045 1689 τῷ
1076 1645 1180 1689 τόπῳ
1208 1646 1306 1688 ποιή-

1378 1555 1565 1590 ecclesiam
1587 1566 1703 1608 neque
1725 1555 1896 1591 orationis
1918 1555 2060 1591 domum
2079 1555 2236 1600 incipere
2252 1553 2455 1597 aedificare,

1372 1598 1566 1645 'antequam
1591 1601 1744 1637 civitatis
1769 1601 1836 1636 deo
1857 1601 2020 1636 amabilis
2045 1601 2235 1645 episcopus
2259 1599 2455 1636 orationem

1375 1645 1413 1680 in
1436 1645 1515 1681 loco
1539 1646 1651 1682 faciat
1679 1650 1716 1682 et
1739 1656 1882 1682 crucem
1905 1645 1993 1689 figat
2024 1646 2208 1691 publicum
2235 1645 2288 1681 ibi
2309 1655 2455 1691 proces-

230 1700 334 1722 σαιτο
358 1691 419 1722 καὶ
441 1690 778 1742 σταυρονιπηξαιτο
808 1688 986 1744 δημοσίαν
1000 1694 1127 1743 ‘renatos
1151 1689 1308 1738 πρόοδον
1376 1701 1455 1726 sum
1474 1691 1613 1728 faciens
1634 1694 1670 1727 et
1685 1702 1830 1728 causam
1848 1691 2073 1726 manifestam
2094 1691 2260 1727 omnibus
2276 1692 2452 1727 statuens.

230 1733 469 1779 ποιησάμενος
491 1739 551 1768 καὶ
576 1748 617 1769 το
643 1736 790 1782 πρᾶγμα
814 1749 972 1783 φανερόν
994 1748 1110 1770 απασι
1133 1735 1309 1779 καταστή-
1322 1738 1366 1770 30

275 1826 360 1860 Νου.
376 1826 529 1860 LXVII
545 1827 708 1869 (Anthent.
723 1828 852 1860 LXIX
865 1844 909 1856 =
928 1828 1008 1861 Call.
1032 1827 1065 1860 V
1078 1829 1124 1860 tit.
1141 1829 1199 1862 17:
1224 1828 1334 1871 qloss.)
1356 1827 1480 1861 Graece
1497 1835 1584 1861 extat
1600 1830 1633 1861 in
1652 1828 1701 1869 M,
1722 1840 1794 1870 cap.
1813 1829 1842 1860 1.
1858 1828 1878 1860 2
1899 1840 1966 1860 cum
1981 1828 2146 1870 prooemio
2166 1834 2197 1859 et
2220 1827 2348 1871 epiloqo
2369 1828 2402 1860 in
2422 1827 2454 1860 L

231 1873 403 1915 eademque
426 1873 540 1905 omisso
565 1873 691 1916 epiloyo
717 1873 884 1906 decurtata
917 1874 949 1906 in
970 1873 1130 1906 Iohannis
1147 1873 1346 1906 Scholastici
1363 1873 1546 1907 collectione
1567 1873 1794 1907 LXXXVII
1813 1873 2025 1915 capitulorum
2049 1873 2091 1906 27
2115 1873 2204 1911 (inde
2224 1873 2257 1905 in
2278 1873 2456 1915 appendice

230 1917 470 1951 Nomocanonis
489 1918 521 1950 L
545 1918 705 1952 titulorum
729 1930 802 1962 cap.
827 1919 901 1952 eccl.
928 1920 995 1961 17).
1019 1936 1066 1943 —
1094 1918 1184 1961 Epic.
1207 1919 1328 1952 Theod.
1347 1919 1402 1960 67,
1426 1918 1549 1952 Athon.
1573 1920 1602 1961 1,
1623 1927 1637 1952 ἰ
1664 1919 1752 1961 (inde
1777 1918 1858 1952 Coll.
1883 1925 1980 1952 const.
2007 1918 2081 1951 eccl.
2098 1917 2168 1959 111,
2190 1918 2220 1959 1,
2241 1918 2281 1960 7).
2329 1917 2454 1951 Iulian.

231 1970 326 1995 const.
353 1962 455 1996 LXI.

1264 2061 1426 2098 LXVII.

235 2131 299 2167 UT
333 2129 631 2168 ORATORIUM
663 2129 809 2166 NEMO
843 2129 1127 2167 AEDIFICET
1150 2130 1388 2166 PRAETER
1431 2127 1772 2166 VOLUNTATEM
1805 2127 2070 2171 EPISCOPI,
2105 2127 2175 2164 ET
2210 2128 2274 2165 UT
2302 2128 2457 2174 PRIUS

231 2172 2461 2258 ‘'Eessfsfflwffisfff{fflffNtcfflfflfflfflfflssitt..tssfffflfflssfflfflfflsffl

1079 2265 1264 2302 RERUM
1284 2264 1620 2303 IMMOBILIUM.
2414 2263 2418 2267 ’

419 2323 520 2360 Idem
542 2326 729 2371 Augustus
750 2323 878 2361 Menae
900 2323 1128 2359 sanctissimo
1152 2327 1188 2359 et
1212 2323 1417 2360 beatissimo
1442 2322 1716 2369 archiepiscopo
1741 2321 1938 2357 universali
1960 2325 1995 2356 et
2015 2321 2263 2368 patriarchae.
2304 2336 2306 2338 ·

366 2393 624 2438 Praefatio.
675 2392 760 2428 Cum
790 2403 884 2438 quae
907 2391 957 2427 ad
977 2391 1226 2428 sanctissimas
1256 2391 1426 2427 ecclesias
1455 2390 1639 2438 pertinent
1669 2389 1791 2425 multis
1823 2388 1856 2425 le
1882 2388 1962 2424 ibus
1985 2388 2168 2436 complexi
2190 2389 2313 2432 simus,
2346 2379 2454 2428 ettam

229 2440 303 2475 alia
327 2449 471 2490 essemus
493 2449 588 2484 quae
611 2437 661 2474 ad
681 2449 778 2474 emer
804 2441 903 2473 entes
934 2448 1065 2473 causas
1097 2448 1141 2472 ac
1171 2437 1290 2473 denuo
1322 2440 1552 2472 renascentes
1573 2435 1789 2488 suppeditet.

1879 2434 1946 2470 ulti
1969 2434 2062 2469 enim
2086 2434 2239 2470 nominis
2261 2435 2385 2481 qratia
2408 2435 2458 2471 ad

228 2485 475 2520 sanctissimas
498 2483 667 2519 ecclesias
691 2494 760 2519 con
787 2482 899 2518 endas
917 2482 1110 2528 festinant,
1139 2482 1268 2518 deinde
1291 2481 1417 2517 iisdem
1440 2481 1641 2527 aedificatas
1663 2491 1738 2516 non
1761 2479 1919 2527 amplius
1941 2477 2064 2531 curam
2087 2478 2256 2531 adhibent
2286 2484 2326 2515 ut
2348 2481 2456 2516 etiam

230 2530 411 2576 impensas
430 2530 579 2564 idoneas
597 2529 643 2564 iis
662 2528 856 2574 adsiqnent
877 2532 914 2563 et
935 2527 985 2562 ad
1007 2527 1201 2563 luminaria
1224 2526 1454 2563 accendenda
1477 2530 1514 2562 et
1532 2526 1582 2561 ad
1601 2526 1810 2561 alimoniam
1833 2535 1955 2561 eorum
1979 2535 2040 2571 qut
2062 2534 2161 2560 circa
2180 2535 2244 2560 eas
2263 2530 2455 2572 versanth

229 2581 262 2610 et
286 2574 336 2610 ad
357 2585 501 2610 sacrum
524 2574 778 2615 ministerium,
808 2572 872 2608 sed
894 2573 1106 2619 relinquunt
1134 2583 1198 2608 eas
1227 2573 1266 2607 in
1289 2573 1397 2608 nudis
1419 2572 1594 2617 aedificiis
1618 2576 1822 2606 constantes
1852 2574 1889 2605 et
1911 2576 1976 2604 aut
2001 2569 2238 2605 destruendas
2269 2574 2334 2606 aut
2357 2571 2458 2607 omni

228 2631 335 2655 sacro
359 2619 559 2654 ministerio
577 2620 756 2665 privatas

364 2665 392 2699 Ι.
441 2663 632 2699 Sancimus
662 2665 776 2709 iqitur
806 2667 891 2699 ante
922 2662 1042 2698 omnia
1072 2661 1165 2698 illud
1188 2662 1292 2707 fieri,
1324 2667 1365 2698 ut
1395 2661 1530 2697 nemini
1557 2661 1666 2697 liceat
1695 2671 1811 2707 neque
1842 2659 2098 2695 monasterium
2131 2670 2246 2705 neque
2268 2659 2454 2696 ecclesiam

230 2721 344 2756 neque
368 2710 569 2744 oratorium
593 2709 786 2754 aedificare
809 2709 980 2755 incipere,
1011 2711 1205 2753 antequam
1228 2707 1295 2743 deo
1320 2708 1529 2742 carissimus
1552 2706 1708 2742 civitatis
1731 2705 1924 2753 episcopus
1938 2714 2117 2756 praesens
2144 2709 2180 2740 et
2203 2709 2287 2756 vota
2310 2704 2347 2740 in
2377 2705 2454 2741 loco

227 2755 360 2801 fecerit
382 2760 417 2790 et
440 2765 581 2790 crucem
608 2754 737 2799 fixerit
761 2753 908 2800 publice
937 2752 988 2788 ibi
1012 2751 1220 2798 procedens
1250 2755 1360 2798 atque
1389 2763 1464 2788 rem
1488 2751 1652 2787 omnibus
1681 2751 1914 2797 manifestam
1935 2750 2076 2795 fecerat.
2123 2747 2232 2785 Multa
2255 2750 2348 2785 enim
2372 2761 2454 2788 ora-

276 2872 295 2903 2
309 2871 395 2902 rubr.
420 2869 509 2910 Περὶ
533 2867 610 2901 τῶν
631 2863 834 2908 κτιζόντων
853 2863 1030 2911 εὐκτήρια,
1054 2868 1113 2900 καὶ
1137 2868 1219 2912 περὶ
1243 2866 1305 2899 τοῦ
1339 2867 1342 2895 Ι

229 2914 278 2960 μὴ
292 2911 615 2956 ἀπολιμπάνεσθαι
642 2911 722 2946 τοὺς
748 2909 963 2946 ἐπισκόπους
993 2912 1072 2945 τῶν
1095 2909 1305 2953 ἐκκλησιῶν,
1339 2908 1340 2914 ’

230 2963 290 2994 καὶ
313 2961 395 3004 περὶ
420 2957 636 3000 ἐκποιήσεως
660 2955 965 2999 ἐκκλησιαστικῶν
987 2954 1169 2999 ἀκινήτων
1193 2968 1304 3001 πραγ-
1339 2946 1341 2976 ¹*

229 3003 356 3050 μάτων
371 3005 491 3037 Theod.
515 3006 526 3046 ΙΙ
553 3005 572 3037 3
597 3002 696 3035 οἶκον
720 3016 777 3036 om.
797 3002 876 3036 Con.
891 3004 931 3036 87
947 3015 1019 3046 cap.
1041 3001 1065 3054 {L
1079 3000 1222 3045 γνώμης
1246 3014 1302 3034 om.
1338 3000 1341 3015 ³

230 3053 305 3086 Ach.
325 3050 338 3095 ΙΙ
354 3047 550 3083 ἐπισκόπου
568 3050 627 3081 καὶ
643 3050 724 3092 περὶ
743 3049 838 3092 (περὶ
853 3060 910 3080 om.
922 3047 978 3089 M)
1002 3059 1067 3080 του
1079 3066 1123 3071 --
1137 3049 1179 3081 10
1193 3057 1303 3091 πραγ-
1338 3034 1340 3057 ¹

230 3095 357 3141 μάτων
382 3095 486 3136 MLg]
512 3091 708 3128 ἐπισκόπου
732 3094 791 3125 καὶ
815 3089 861 3125 τοὶ
884 3091 961 3133 ἑξῆς
983 3093 1059 3125 ΑεῘι.
1096 3089 1305 3134 ἐπισκόπου,
1338 3098 1341 3138 5'

231 3144 290 3176 καὶ
313 3138 411 3175 ὅπως
434 3138 500 3186 χρὴ
523 3138 589 3173 τὸν
604 3140 773 3179 κτίζοντα
794 3135 1071 3182 προνοήσασθαι
1088 3137 1168 3171 Gon.
1180 3138 1220 3170 87
1232 3149 1304 3179 cap.

231 3185 438 3226 ἐπισκόπου,
461 3187 521 3218 καὶ
545 3185 576 3218 εἰ
597 3183 647 3227 μὴ
670 3180 847 3228 πρότερον
870 3181 916 3215 τὰ
938 3182 986 3215 εἰς
1009 3180 1223 3223 λυχνοκαΐαν
1246 3183 1306 3214 καὶ

231 3229 445 3279 φιλοκαλίαν
463 3232 523 3263 καὶ
542 3226 754 3274 ἀποτροφὴν
769 3228 847 3261 τῶν
862 3223 1173 3273 προςεδρευόντων
1193 3225 1306 3272 στήσῃ

232 3281 328 3313 index
344 3278 424 3311 coll.
436 3277 476 3311 87
487 3289 571 3320 cap„
584 3287 663 3319 app.
675 3275 807 3309 Nomoc.
826 3273 838 3317 ΙΙ
858 3275 895 3308 11
910 3272 964 3315 τῷ
978 3291 1021 3296 -
1038 3274 1077 3307 12
1092 3271 1305 3326 πατριάρχῃ]
1339 3289 1341 3295 «

230 3324 284 3366 τῷ
298 3319 489 3368 ἁγιωτάτῳ
502 3316 769 3367 ἆρχιεπισκόπῳ
788 3319 866 3353 coll.
880 3320 922 3352 87
937 3331 1008 3361 cap.
1023 3320 1134 3357 (verba
1149 3328 1306 3360 αρχιεπι-
1339 3324 1342 3370 1

232 3365 357 3411 σκόπῳ
382 3370 442 3401 καὶ
466 3380 523 3401 om.
539 3367 582 3400 M
584 3369 615 3408 ⁰)
633 3364 646 3410 ΙΙ
671 3367 711 3400 13
737 3366 809 3397 Καὶ
833 3362 878 3397 τὰ
902 3365 983 3408 περὶ
1005 3363 1093 3405 τῶν]
1117 3364 1206 3407 Περὶ
1229 3362 1307 3395 τῶν

234 3416 353 3448 Theod.
373 3413 385 3457 ΙΙ
401 3411 515 3459 ἁγίων
526 3413 613 3454 Am„
631 3412 710 3446 Gall.
725 3412 766 3445 87
779 3423 850 3454 cap.
864 3422 893 3443 v.
911 3410 929 3442 l.
946 3410 958 3451 ΙΙ
980 3410 1019 3442 14
1039 3410 1093 3441 ἔτι
1110 3408 1151 3441 τὲ
1170 3409 1228 3440 καὶ
1242 3408 1273 3440 L
1296 3406 1308 3450 ΙΙ

232 3462 355 3505 ἕτερον
383 3459 465 3493 coll.
479 3459 520 3492 87
535 3470 605 3501 cap.
626 3470 655 3491 υ.
675 3458 694 3490 l.
719 3456 732 3499 ΙΙ
763 3457 804 3490 16
828 3453 1015 3500 ἆρκοῦντες
1043 3455 1121 3487 Coll.
1136 3455 1176 3505 87
1192 3465 1263 3496 cap.
1282 3454 1308 3505 'ss

236 3508 273 3539 17
306 3506 409 3538 ἕνεκα
436 3504 517 3538 Call.
531 3506 571 3538 87
588 3514 661 3546 cap.
677 3515 704 3535 v.
720 3502 741 3534 l.
771 3501 784 3545 ΙΙ
806 3496 1031 3547 ἁγιωτάτων]
1057 3498 1135 3532 τῶν
1154 3509 1306 3543 αγιωτα-

233 3563 310 3582 των
322 3563 398 3593 app.
412 3550 543 3583 Nomoc.
561 3549 573 3592 11
594 3549 633 3582 18
648 3547 764 3581 ταῦτα
782 3547 823 3579 Μ
835 3545 848 3589 fl
863 3541 1158 3587 οἰκοδομήσαντες
1176 3544 1253 3577 Con.
1266 3545 1306 3577 87
1341 3547 1343 3574 ἶ
1696 3585 1702 3592 .
1775 3585 1782 3591 .

1342 3588 1343 3600 ¹
1376 3587 1454 3619 dum
1475 3586 1527 3619 V²
1550 3585 1562 3630 ΙΙ
1594 3587 1636 3620 20
1660 3587 1841 3618 misterium
1866 3584 1899 3617 R
1922 3584 1935 3628 fl
1965 3586 2005 3619 21
2032 3587 2091 3617 aut
2111 3588 2143 3617 et
2166 3585 2371 3619 destruentes
2393 3588 2454 3618 aut

234 3608 306 3638 cap.
321 3608 349 3627 υ.
365 3596 384 3627 ἱ.
404 3594 416 3638 ΙΙ
434 3596 476 3628 22
497 3587 654 3628 οὖσανὶ
678 3593 691 3637 ΙΙ
717 3593 758 3627 23
783 3587 922 3632 ἁπάσης
946 3603 1023 3633 opp.
1039 3590 1168 3623 Nomoc.
1189 3588 1200 3630 ΙΙ
1224 3585 1307 3622 άπε-

234 3641 458 3691 στερημέναςΙ
477 3640 557 3673 Coll.
584 3641 624 3674 87
651 3652 723 3683 cap.
748 3651 776 3671 v.
803 3638 821 3671 l.
842 3636 862 3691 J!
889 3637 931 3670 25
954 3632 1093 3678 μηδενὶ]
1116 3631 1207 3678 μηδὲ
1230 3647 1307 3689 app.

234 3686 365 3720 Nomoc.
384 3684 396 3728 ΙΙ
413 3697 501 3728 μητε
519 3704 562 3709 -
581 3686 623 3719 26
631 3683 720 3729 μήτε
740 3699 781 3707 μ-
803 3694 893 3726 μητε
910 3682 989 3716 coll.
1000 3681 1041 3715 87
1057 3683 1141 3724 cap.]
1162 3676 1310 3725 μηδε-

1373 2862 1465 2908 μηδὲ
1488 2885 1530 2890 -—
1553 2863 1644 2909 μηδὲ
1668 2866 1749 2899 ML
1774 2867 1864 2909 (app.
1891 2865 2037 2906 Nomoc.)
2063 2863 2076 2908 ΙΙ
2107 2865 2149 2898 26
2172 2863 2271 2898 οἶκον
2293 2878 2350 2899 om.
2377 2866 2409 2899 L
2428 2865 2455 2920 ,ΙΙ

1339 2919 1340 2922 ’
1376 2911 1418 2945 28
1439 2909 1739 2997 παρῢὶενόμενος]
1757 2909 1945 2956 γενόμενος
1964 2909 2196 2953 app.Nomoc.,
2216 2922 2274 2943 om.
2288 2909 2336 2953 ςΙΙ
2353 2922 2453 2953 ποιη-

1594 2954 1780 2998 ποιὴσοιτο
1803 2957 1834 2989 L
1851 2956 1932 2989 Ooll.
1947 2956 1988 2989 87
2003 2967 2075 2999 cap.
2101 2953 2115 2999 ΙΙ
2145 2953 2452 3035 29δπήῗιιῦοιέῑίῧξ

2095 3011 2186 3044 προσ
2210 3011 2252 3032 ον
2340 3012 2358 3033 ο

1375 2966 1613 3044 ggffivomoc]
1638 2999 1788 3043 πήξοιτο
1805 3000 1885 3034 Coll.
1902 3001 1943 3034 87
1958 3012 2030 3043 cap.
2056 2999 2069 3043 ΙΙ

1338 3061 1341 3094 j
1374 3047 1459 3088 cap]
1484 3043 1667 3088 πρόσοδον
1685 3046 1740 3086 M,
1757 3045 1980 3098 app.Nomoc.
2003 3044 2016 3088 ΙΙ
2042 3045 2083 3078 30
2107 3041 2371 3086 *καταστήσειε
2390 3046 2455 3086 (vel

1373 3090 1619 3132 καταστήσαι)]
1643 3099 1863 3132 καταστησοι
1884 3087 2115 3131 (καταστήσει
2136 3089 2214 3140 Coll.
2231 3089 2271 3122 87
2287 3101 2359 3132 cap.
2374 3103 2402 3123 v.
2418 3090 2452 3132 L,

1374 3136 1622 3214 ἔρξὸῦΝοιηοσ.)
1645 3135 1723 3168 libri
1743 3136 1891 3167 statuens
1912 3135 1945 3175 (i.
1961 3146 1988 3167 e.
2012 3133 2277 3176 καταστησαςῖ)
2298 3146 2318 3170 ς
2338 3142 2367 3168 et
2387 3135 2450 3169 Iul.

1422 3272 1493 3312 lsq.
1517 3268 1555 3311 R:
1581 3267 1733 3301 LXVIII
1757 3244 1813 3311 Vll
1838 3244 1862 3301 2
1873 3242 2212 3308 demumst-‘'J-Eomos
2237 3268 2331 3312 RTn
2348 3270 2367 3304 3
2393 3281 2453 3303 uo·

1373 3315 1504 3348 luntate
1524 3314 1555 3348 V
1568 3313 1580 3357 ΙΙ
1605 3316 1624 3347 5
1644 3315 1768 3346 statuta
1788 3312 1839 3345 V¹
1855 3312 1867 3355 Ι]
1886 3312 2060 3345 fabricatio
2074 3312 2123 3346 R¹
2143 3313 2372 3347 fabricationis
2392 3314 2454 3360 Vn

1340 3371 1341 3374 ’
1375 3363 1395 3395 6
1419 3370 1486 3393 non
1510 3359 1618 3393 desint
1640 3358 1708 3390 suis
1732 3356 1876 3391 ecclesiis
1900 3358 1992 3399 ΕΤ]
2029 3368 2103 3390 suas
2126 3358 2278 3392 ecclesias
2302 3370 2369 3393 non
2395 3360 2452 3393 de-

1340 3403 1342 3428 '=
1375 3406 1488 3439 sinant
1509 3404 1601 3449 V118
1620 3403 1793 3436 mobilium
1806 3403 1915 3436 R¹V¹
1931 3401 1944 3447 ΙΙ
1973 3404 2010 3437 11
2035 3414 2127 3436 mene
2149 3403 2194 3444 R]
2219 3415 2338 3437 menne
2359 3405 2422 3438 VT
2440 3403 2453 3449 ΙΙ

1379 3453 1418 3485 12
1440 3448 1753 3492 constantinopolim
1774 3447 1871 3491 RVn
1899 3450 1939 3482 15
1960 3449 2173 3491 emergentia]
2199 3460 2229 3482 ei
2250 3450 2452 3492 emergentia

1340 3503 1342 3507 ’
1385 3497 1435 3529 V⁶
1456 3497 1469 3539 ΙΙ
1498 3497 1539 3531 16
1564 3495 1616 3536 ad]
1643 3505 1709 3527 non
1733 3493 1774 3526 ad
1798 3493 1925 3527 RVal.
1961 3494 1973 3535 ΙΙ
2004 3497 2042 3528 17
2068 3494 2271 3528 edifficantes
2291 3495 2324 3529 V.
2340 3498 2384 3537 (et
2405 3497 2453 3529 sic

1375 3542 1518 3585 saepius)
1534 3541 1546 3585 ΙΙ
1574 3542 1614 3575 19
1635 3540 1802 3582 deponant
1822 3552 1879 3572 om.
1893 3538 1942 3571 Β*
1958 3538 1971 3583 ΙΙ
1990 3540 2182 3573 decedentes
2195 3540 2228 3573 R
2242 3539 2256 3584 ΙΙ
2274 3539 2451 3573 obseruau-

1377 3632 1511 3665 omnino
1532 3631 1586 3675 Vll
1611 3632 1654 3665 22
1675 3629 1874 3663 fraudandus
1895 3630 1926 3661 V
1947 3629 1959 3674 ΙΙ
1981 3632 2023 3664 24
2044 3641 2122 3673 prae
2139 3630 2304 3671 omnibus]
2329 3629 2452 3674 priori·

1343 3688 1345 3701 ¹
1377 3678 1439 3711 bus
1462 3677 1510 3710 Β*
1529 3677 1542 3721 ΙΙ
1559 3678 1600 3711 29
1625 3679 1658 3709 et
1681 3677 1823 3716 eausam]
1849 3678 1907 3707 aut
1930 3686 2059 3709 causam
2082 3675 2133 3710 V¹
