2476 3854
221 99 329 146 Nov.
360 101 473 147 CXV
501 115 560 159 pr.

225 313 250 345 Η
275 313 470 347 ΔΙΑΤΑΞΙΣ
488 317 512 354 ς
537 312 632 346 ΕΧΕΙ
659 312 887 346 ΚΕΦΑΛΑΙΑ.
931 311 988 345 ΤΟ
1017 311 1206 346 ΠΡΩΤΟΝ·
1240 312 1297 346 ΕΝ

222 358 291 391 ΤΗΙ
320 358 525 391 ΕΞΕΤΑΣΕΙ
550 357 636 390 ΤΩΝ
663 357 891 391 ΕΚΚΛΗΤΩΝ
925 356 994 389 ΚΑΙ
1017 355 1104 390 ΤΩΝ
1128 357 1296 391 ΑΝΑΨΗ-

224 403 456 437 ΛΑΦΗΣΕΩΝ
491 403 557 436 ΚΑΙ
590 401 675 435 ΤΩΝ
710 403 764 435 ΕΚ
787 401 873 436 ΤΩΝ
898 401 1109 435 ΔΙΚΑΣΤΩΝ
1134 402 1295 436 ΑΝΛΦΟ-

224 449 305 481 ΡΩΝ
340 449 420 480 ΚΑΤ
450 447 664 480 ΕΚΕΙΝΟΥΣ
699 447 809 480 ΤΟΥΣ
839 446 1019 480 ΝΟΜΟΥΣ
1046 447 1296 482 ΤΕΜΝΕΣΟΑΙ
1333 451 1351 482 5

222 493 302 526 ΤΑΣ
324 492 568 527 ΥΠΟΘΙῧΣΕΙΣ
589 492 699 525 ΤΟΥΣ
725 491 1001 526 ΚΡΑΤΟΥΝΤΑΣ
1036 491 1089 525 ΕΝ
1115 492 1186 526 Tm
1212 493 1296 526 ΚΑΙ-

224 538 292 570 ΡΩΙ
326 538 409 570 ΤΗΣ
445 537 601 571 ΨΗΦΟΥ
638 537 664 570 Η
699 537 782 570 ΤΗΣ
818 535 1070 579 ΜΗΝΥΣΕΩΣ,
1109 537 1166 571 ΟΥ
1199 537 1295 572 ΜΗΝ

223 617 249 620 L
466 582 576 615 ΤΟΥΣ
603 581 796 615 ΥΣΤΕΡΟΝ
818 581 1056 616 ΤΕΘΕΝΤΑΣ.

220 626 257 659 Β.
307 627 345 659 ΕΙ
376 626 462 660 ΤΩΝ
493 626 803 661 ΔΙΚΑΖΟΜΕΝΩΝ
836 627 893 660 ΤΟ
925 626 982 659 ΕΝ
1014 626 1161 660 ΜΕΡΟΣ
1190 626 1294 661 ΑΠΟ-

221 671 402 704 ΤΑΞΗΤΑΙ
435 672 532 705 ΤΑΙΣ
555 672 870 705 ΔΙΚΑΙΟΛΟΓΙΑΙΣ
894 670 1208 713 ΑΡΚΟΥΜΕΝΟΝ,
1237 672 1294 706 ΤΟ
1308 674 1349 706 10

221 716 275 749 ΔΕ
302 717 469 750 ΕΤΕΡΟΝ
495 717 773 751 ΥΠΕΡΤΙΘΕΤΑΙ
802 716 858 750 ΩΣ
881 716 965 749 orl(
988 716 1294 759 ΑΡΚΟΥΜΕΝΟΝ,

221 762 249 792 0
286 762 494 795 ΔΙΚΑΣΤΗΣ
532 761 690 795 ΔΙΔΟΤΩ
728 761 812 795 ENA
852 761 921 795 ΚΑΙ
961 761 1185 795 ΔΕΥΤΕΡΟΝ
1226 762 1294 795 ΚΑΙ

219 806 375 840 ΤΡΙΤΟΝ
399 807 520 840 ΜΗΝΑ
546 807 838 848 ΠΡΟΘΕΣΜΙΑΝ,
860 806 1029 840 ΤΟΥΤΩΝ
1055 807 1109 840 ΔΕ
1137 806 1294 840 ΠΑΡΕΛ-

221 850 395 885 ΘΟΝΤΩΝ
443 852 606 887 ΜΗΚΕΤΙ
651 851 935 930 ΑΝΑΜΕΕΝἏΕΤΩ,
980 854 1095 886 ΑΛΛΑ
1132 852 1295 886 ΨΗΦΟΝ

222 940 255 973 Γ.
301 941 427 975 ΑΙΤΙΑΙ
451 941 550 974 ΤΟΙΣ
574 940 757 975 ΓΟΝΕΥΣΙ
787 941 870 974 ΤΗΣ
895 941 1004 975 ΚΑΤΑ
1025 939 1113 974 ΤΩΝ
1135 940 1295 975 ΠΑΙΔΩΝ

518 986 715 1020 ΕΥΛΟΓΟΥ
737 986 997 1021 ΑΧΑΡΙΣΤΙΑΣ.

304 1030 432 1064 ΑΙΤΙΑΙ
461 1030 561 1065 ΤΟΙΣ
596 1031 709 1065 ΠΑΙΣΙ
744 1032 827 1065 ΤΗΣ
858 1031 969 1065 ΚΑΤΑ
1002 1030 1089 1065 ΤΩΝ
1120 1030 1294 1065 ΓΟΝΕΩΝ

518 1076 715 1110 ΕΥΛΟΓΟΥ
737 1076 995 1110 ΑΧΑΡΙΣΤΙΑΣ.

305 1119 416 1153 ΩΣΤΕ
446 1121 557 1155 ΤΟΥΣ
591 1121 883 1156 ΠΕΝΘΟΥΝΤΑΣ
918 1120 988 1155 ΚΑΙ
1021 1120 1132 1154 ΤΟΥΣ
1164 1119 1295 1154 ΠΡΟΣ·
1307 1122 1350 1155 20

219 1165 419 1198 ΗΚΟΝΤΑΣ
442 1166 594 1200 ΑΥΤΟΙΣ
621 1167 762 1200 ΕΝΤΟΣ
784 1166 872 1200 ΤΩΝ
890 1165 1063 1200 ΕΝΑΤΩΝ
1087 1166 1142 1199 ΕΚ
1158 1166 1295 1199 ΜΗΔΕ-

219 1210 324 1244 ΜΙΑΣ
354 1211 494 1245 ΑΙΤΙΑΣ
525 1211 793 1246 ΣΥΝΕΧΕΣΘΑΙ
816 1212 845 1245 Η
869 1210 1294 1246 ΥΠΟΜΙΜΝΗΣΚΕΣΘΑΙ.

221 1271 258 1308 ς’.
291 1266 391 1300 ΠΕΡΙ
417 1266 755 1301 ΑΝΤΙΦΩΝΗΣΕΩΝ
781 1268 848 1301 ΚΑΙ
873 1266 1147 1308 ΟΜΟΛΟΓΙΩΝ,
1170 1267 1211 1300 ΕΙ
1227 1267 1295 1300 ΤΙΣ

218 1311 512 1346 ΑΝΤΙΦΩΝΗΣΕΙ
548 1313 574 1345 Η
611 1313 910 1347 ΟΜΟΛΟΙἮΣΕΙ·
944 1313 1002 1346 ΤΟ
1033 1311 1193 1346 ΙΚΑΝΟΝ
1224 1312 1293 1345 ΣΟΙ

219 1355 344 1400 ΠΟΙΩ,
374 1357 402 1390 Η
434 1358 491 1391 ΤΟ
514 1357 676 1391 ΙΚΑΝΟΝ
707 1358 777 1392 ΣΟΙ
801 1358 1038 1392 ΓΕΝΗΣΕΤΛΙ
1068 1357 1151 1391 ΠΛΡ
1174 1357 1295 1392 ΕΜΟΥ
1308 1359 1349 1391 25

221 1402 289 1436 ΚΑΙ
320 1403 462 1436 ΤΟΥΔΕ
495 1402 562 1436 ΚΑΙ
592 1402 751 1444 ΤΟΥΔΕ.,
786 1404 813 1437 H
846 1404 915 1437 ΚΑΙ
944 1404 1001 1437 ΤΟ
1033 1402 1193 1436 ΙΚΑΝΟΝ
1223 1401 1293 1435 ΣΟΙ

293 1447 531 1482 ΓΕΝΗΣΕΤΑΙ
557 1447 639 1482 ΠΑΡ
662 1448 785 1483 ΕΜΟΥ
807 1449 834 1482 Η
858 1448 944 1482 ΤΟΥ
945 1448 999 1482 ΔΕ
1022 1448 1051 1481 Η
1074 1446 1225 1481 ΤΟΥΔΕ.

218 1499 256 1535 ‘0
280 1498 388 1536 αὐτὸς
410 1502 579 1547 βασιλεὺς
603 1501 770 1546 Θεοδότῳ
797 1502 943 1548 ἐπάρχῳ
968 1504 1046 1538 τῶν
1068 1500 1296 1537 ἀνατολικῶν

572 1547 679 1594 ἱερῶν
701 1553 947 1594 πραιτωρίων.

1310 899 1351 932 15

218 1021 257 1064 K.

219 1111 257 1153 Ε.

285 1615 581 1659 <Προοίμιον.>
621 1610 761 1649 ἶΗλθεν
791 1617 838 1650 εἰς
865 1617 1005 1661 γνῶσιν
1033 1616 1096 1659 τῆς
1127 1610 1297 1659 ἡμετέρας
1308 1618 1350 1650 30

217 1657 476 1703 γαληνότητος,
502 1658 551 1694 ὥς
573 1658 671 1702 δίκης
693 1661 902 1704 κινηθείσης
923 1660 1058 1705 μεταξὺ
1083 1657 1295 1694 Εὗσταθίου

218 1705 283 1736 τοῦ
316 1703 600 1750 θεοφιλεστάτου
632 1704 833 1740 ἐπισκόπου
861 1706 924 1749 τῆς
961 1703 1037 1739 Tau-1
1067 1703 1207 1739 πόλεως
1237 1707 1296 1738 καὶ

219 1752 354 1783 Πίστου
392 1748 559 1784 διακόνου
593 1751 656 1793 τῆς
695 1749 926 1794 Τελμησσέων
962 1749 1143 1794 ἐκκλησίας
1178 1752 1297 1795 ψῆφος

220 1790 410 1838 αὐτοτςλὴς
433 1794 600 1840 προῆλθε
623 1794 723 1840 παρὰ
740 1797 805 1830 τοῦ
822 1797 884 1839 τῆς
900 1797 1070 1841 ἐπαρχίας
1090 1793 1295 1841 ἡγουμένου,

218 1835 312 1872 καθ’
332 1839 372 1882 ἧς
386 1839 550 1883 ἔκκλητος
573 1838 747 1883 ἐπεδόθη.
794 1839 831 1874 οἱ
852 1839 1020 1875 δικασταὶ
1041 1844 1177 1884 τοίνυν,
1201 1838 1291 1884 παρ’
1307 1843 1349 1875 35

1290 97 1376 145 534

1805 113 1863 144 ΠΤ
1891 113 1984 144 CUM
2014 112 2072 143 DE
2098 112 2437 145 APPELLA'HONE

1721 242 1828 280 CXV.
1880 243 1989 279 Auth.
2005 242 2096 279 CXI.
2122 242 2305 280 0011.V111
2323 244 2377 280 tit.
2394 246 2435 280 12

1365 311 1407 354 Rl
1437 310 1495 343 ΠΤ
1526 310 1620 343 CUM
1654 313 1713 345 DE
1743 312 2094 345 APPELLATIONE
2124 312 2437 347 COGNOSCITUB.

1366 356 1613 388 SECUNDUM
1652 357 1785 390 ILLAS
1822 357 1971 390 LEGES
2011 357 2193 390 DEBEAT
2228 356 2435 391 IUDICARI

1365 401 1487 437 QUAE
1510 402 1726 435 TEMPORE
1756 402 1907 434 DATAE
1937 402 2227 435 SENTENTIAE
2250 402 2436 435 OBTINE-

1366 446 1498 486 BANT,
1522 446 1617 479 NON
1632 447 1881 480 SECUNDUM
1903 447 1988 480 EAS
2007 447 2130 484 QUAE
2146 447 2319 480 POSTEA
2334 447 2436 480 PRO·

1409 491 1659 525 MULGATAE
1682 492 1810 535 SUNT,
1833 492 1893 525 ΕΤ
1916 492 1979 525 DE
2001 492 2124 525 ALus
2149 491 2398 528 CAPITULIS.

1650 1502 1748 1538 Idem
1771 1504 1862 1547 Aug.
1888 1502 2074 1538 Theodoto
2093 1513 2154 1549 pp.

1418 1613 1707 1666 ffrnefatio.)

1363 1663 1523 1711 temtatls
1530 1686 1544 1712 3
1575 1658 1670 1703 quod

1363 1709 1642 1739 verent1sslmum

1751 1614 1918 1650 Pervenit
1940 1615 1986 1650 ad
2010 1615 2192 1650 scientiam
2215 1617 2360 1650 nostrae
2379 1624 2436 1651 se-

1702 1659 1817 1739 icum>
1849 1659 1943 1695 inter
1971 1659 2200 1695 Eustathium
2234 1659 2346 1696 virum
2381 1670 2436 1695 re-

1673 1704 1704 1739 Τ
1721 1715 1785 1740 oae
1817 1704 1968 1740 civitatis
2000 1705 2205 1750 episcopum
2235 1707 2273 1740 et
2300 1704 2437 1740 Pistum

1363 1749 1551 1784 diaconum
1581 1749 1754 1785 ecclesiae
1777 1749 2019 1785 Telmissenae
2048 1750 2176 1785 fuisset
2207 1759 2317 1786 causa
2342 1760 2436 1785 com·

1362 1797 1474 1836 mota,
1503 1795 1679 1839 processit
1706 1805 1729 1829 a
1750 1798 1889 1829 rectore
1918 1795 2123 1839 provinciae
2152 1794 2333 1832 definitiva
2355 1804 2435 1831 sen·

1363 1839 1493 1882 tentia,
1519 1842 1645 1875 contra
1668 1850 1774 1884 quam
1797 1839 1988 1884 appellatio
2009 1844 2064 1874 est
2078 1843 2256 1884 porrecta.
2295 1839 2436 1875 Iudices

270 1908 353 1941 Nov.
374 1908 438 1941 CX
444 1908 646 1949 V(Autlzent.
665 1899 754 1942 'CXI
761 1926 806 1938 =
821 1909 901 1942 Coll.
919 1909 1013 1942 VIII
1021 1910 1066 1942 tit.
1083 1909 1139 1942 12:
1160 1909 1272 1952 yloss.)
1294 1908 1419 1942 Graece
1436 1915 1522 1941 extat
1537 1909 1570 1941 in
1588 1909 1671 1950 ML,
1687 1909 1726 1940 A
1733 1910 1766 1951 fi
1780 1909 1861 1942 216ν
1873 1905 2002 1949 (τίτλος
2017 1907 2164 1950 ἔνατος),
2180 1909 2338 1952 pleraque
2353 1909 2386 1941 in
2399 1908 2436 1942 B

218 1954 427 1999 variis-locis,
451 1966 571 1995 magma
593 1966 674 1996 pars
695 1955 726 1986 in
747 1954 900 1986 Prochiro
917 1962 946 1986 et
963 1955 1166 1996 Epanoyoqe
1183 1955 1225 1991 (υ.
1243 1955 1354 1996 infra).

1368 1972 1412 1977 —
1437 1954 1525 1994 Epfe.
1542 1954 1661 1986 Theod.
1678 1954 1750 2001 1157
1777 1954 1895 1985 Acium.
1909 1955 1941 1989 7.
1955 1961 1966 1985 7
1979 1954 2033 1993 (Q).
2072 1953 2193 1986 Iulian.
2207 1960 2304 1986 const.
2321 1952 2434 1987 G'VII.

1279 2050 1391 2087 CXV.

218 2122 317 2153 HAEC
347 2121 595 2154 CONSTITUTIO
631 2122 704 2154 SEX
723 2121 851 2154 HABET
881 2121 1030 2153 CAPITA:
1058 2122 1225 2161 PRIMUM,
1261 2121 1310 2153 UT
1330 2121 1374 2152 IN
1395 2120 1655 2152 EXAMINANDIS
1678 2120 2022 2153 APPELLATIONIBUS
2050 2121 2101 2153 ET
2121 2119 2437 2154 RETRACTATIONI-

217 2167 289 2198 BUS
319 2167 370 2198 ΕΤ
397 2167 675 2200 RELATIONIBUS
706 2166 870 2198 IUDICUM
899 2166 1105 2198 SECUNDUM
1131 2167 1242 2198 ILLAS
1273 2166 1392 2197 LEGES
1422 2165 1565 2197 CAUSAE
1593 2165 1832 2197 DECIDANTUR
1871 2165 1972 2202 QUAE
2003 2166 2178 2199 TEMPORE
2202 2166 2439 2201 SENTENTIAE

218 2258 238 2290 2
636 2212 707 2243 VEL
730 2212 956 2244 RELATIONIS
979 2212 1184 2251 VALEBANT,
1209 2212 1337 2248 NEQUE

1361 2210 1456 2242 VERO
1481 2210 1582 2247 QUAE
1604 2209 1744 2242 POSTEA
1767 2210 1891 2242 LATAE
1910 2210 2017 2243 SUNT.

296 2258 335 2288 SI
355 2257 498 2288 ALTERA
530 2257 622 2289 PARS
654 2257 907 2289 LITIGANTIUM
942 2257 1136 2289 CONTENTA
1164 2255 1491 2288 ALLEGATIONIBUS
1518 2255 1751 2293 RENUNTIET‚
1785 2255 1928 2287 ALTERA
1964 2255 2153 2288 DIFFERAT
2186 2255 2332 2289 UTPOTE
2359 2256 2440 2289 NON

206 2302 431 2341 ,CONTENTA,
463 2302 585 2334 IUDEX
607 2303 721 2335 UNIUS
751 2302 801 2334 ET
821 2302 1006 2333 ALTERIUS
1035 2303 1086 2334 ET
1110 2302 1237 2334 TERTII
1259 2301 1396 2333 MENSIS
1419 2300 1656 2332 DILATIONEM
1677 2300 1761 2338 DET,
1793 2300 1858 2332 HIS
1878 2301 2011 2334 AUTEM
2029 2299 2328 2334 PRAETERLAPSIS
2359 2301 2441 2335 NON

846 2347 1012 2379 AMPLIUS
1038 2347 1287 2386 OPPERIATUR,
1312 2346 1383 2378 SED
1406 2345 1650 2377 SENTENTIAM
1670 2345 1800 2377 FERAT.

518 2392 549 2424 3.

220 2484 232 2492 ν
518 2438 552 2470 4.

218 2493 249 2515 a.

598 2392 741 2424 CAUSAE
762 2392 1073 2424 INGRATITUDINIS
1094 2392 1234 2424 IUSTAE
1256 2391 1356 2428 QUAE
1377 2390 1612 2423 PARENTIBUS
1635 2390 1724 2422 SINT
1743 2390 1939 2422 ADVERSUS
1963 2389 2132 2422 LIBEROS.

600 2437 744 2468 CAUSAE
764 2437 1078 2469 INGRATITUDINIS
1101 2437 1239 2469 IUSTAE
1260 2436 1360 2473 QUAE
1384 2435 1531 2468 LIBERIS
1553 2435 1643 2467 SINT
1662 2435 1856 2467 ADVERSUS
1878 2435 2079 2469 PARENTES.

288 2483 337 2515 UT
351 2482 548 2514 LUGENTES
569 2483 618 2514 ET
638 2482 846 2518 PROPINQUI
864 2482 997 2514 EORUM
1015 2482 1128 2514 INTRA
1153 2482 1289 2514 NONUM
1311 2482 1407 2513 DIEM
1427 2480 1550 2513 NULLA
1575 2480 1628 2512 DE
1644 2479 1759 2512 CAUSA
1782 2480 1978 2512 PETANTUR
2004 2480 2075 2512 VEL
2091 2480 2136 2512 IN
2152 2479 2215 2512 ms
2233 2480 2435 2514 VOCENTUR.

219 2529 249 2559 6.
286 2528 337 2559 DE
360 2528 618 2560 CONSTITUTAE
647 2527 836 2559 PECUNIAE
867 2527 1184 2560 OBLIGATIONIBUS
1214 2527 1265 2559 ET
1293 2525 1581 2565 SPONSIONIBUS‚
1613 2525 1653 2557 SI
1675 2525 1762 2562 QUIS
1791 2526 1854 2558 ITA
1886 2524 2120 2558 CONSTITUAT
2142 2525 2212 2557 VEL
2243 2525 2440 2559 SPONDEAT

219 2574 349 2605 SATIS
376 2574 476 2604 TIBI
498 2572 649 2611 FACIO,
677 2572 747 2603 VEL
771 2572 907 2604 SATIS
932 2573 1035 2605 TIBI
1055 2573 1165 2604 FIET
1184 2573 1207 2604 A
1233 2572 1296 2604 ME
1317 2572 1374 2603 ET
1394 2572 1446 2602 AB
1471 2570 1559 2602 HOC
1580 2571 1639 2602 ET
1659 2570 1784 2610 ILLO,
1813 2570 1883 2602 VEL
1907 2571 2028 2603 ETIAM
2049 2570 2181 2603 SATIS
2206 2570 2308 2603 TIBI
2327 2571 2440 2604 HET

927 2619 951 2649 A
976 2618 1041 2650 ME
1065 2617 1149 2650 VEL
1177 2618 1231 2649 AB
1255 2616 1347 2649 Hoc

1372 2615 1454 2647 VEL
1479 2615 1598 2647 ILLO.

639 2669 739 2707 Idem
764 2673 950 2717 Augustus
976 2670 1158 2707 leeodoto
1177 2671 1368 2718 praefecto
1388 2680 1496 2705 sacro
1517 2668 1707 2715 praetorio
1723 2679 1798 2716 per
1822 2667 2012 2705 Orientem.

353 2737 619 2782 Praefatio.
666 2738 835 2774 Pervenit
858 2738 908 2774 ad
930 2739 1095 2774 notitiam
1117 2738 1322 2774 serenitatis
1345 2741 1507 2778 nostrae,
1541 2736 1602 2771 lite
1625 2739 1722 2771 mota
1745 2737 1841 2772 inter
1864 2734 2094 2772 Eustathium
2123 2735 2191 2771 deo
2215 2735 2437 2771 cartesimum

219 2784 426 2829 episcopum
456 2783 556 2818 urbis
582 2782 614 2817 T
611 2782 646 2818 lo
677 2787 711 2818 et
739 2783 885 2818 Pistum
914 2783 1106 2819 diaconum
1134 2783 1306 2819 ecclesiae
1338 2781 1588 2818 Telmessensis
1615 2781 1826 2817 sementiam
1857 2781 2075 2826 definitivam
2103 2791 2127 2815 a

220 2828 357 2864 vinciae
375 2827 569 2873 prodiisse,
594 2831 722 2862 contra
745 2839 853 2873 quam
874 2828 1073 2875 appellatio
1091 2833 1268 2874 porrecta
1291 2831 1392 2863 esset.

287 2907 407 2939 2rubr.
434 2907 521 2948 Περὶ
546 2903 740 2950 ἐγκλήτων,
765 2908 823 2937 καὶ
849 2908 931 2947 περὶ
956 2903 1212 2949 δικαζομένων,
1237 2908 1296 2938 καὶ

220 2953 302 2994 περὶ
333 2949 619 2991 exheredationos,
648 2952 707 2982 καὶ
732 2952 814 2993 περὶ
838 2950 1091 2991 πενθούντων,
1123 2953 1182 2983 καὶ
1214 2952 1297 2994 περὶ

220 2993 498 3041 ἀντιφωνήσεως
512 2995 632 3027 Themi.
654 2997 742 3037 Περὶ
757 2995 834 3026 τῶν
846 2993 920 3028 ἀπὸ
937 2994 1050 3038 νόμου
1065 2993 1297 3037 καλουμένων

219 3040 452 3086 κληρονόμων
467 3040 498 3072 A
515 3039 527 3081 ss
548 3036 596 3071 ‘H
610 3036 770 3078 διάταξις
791 3040 817 3075 ξ
838 3053 895 3072 om.
912 3041 941 3073 L
959 3042 989 3073 in
1009 3049 1093 3074 textu
1109 3040 1121 3083 ΙΙ
1147 3043 1172 3076 ’ς’
1184 3039 1235 3082 (ἓξ
1251 3041 1295 3081 L)

220 3088 290 3128 &35⁸¹
313 3083 490 3130 κεφάλαια
513 3086 610 3117 index
635 3084 725 3125 ML]
758 3086 784 3119 ξ
799 3082 976 3129 κεφάλαια
999 3085 1069 3126 ἔχει
1094 3085 1141 3118 Μ
1159 3087 1191 3118 in
1212 3093 1297 3119 textu

220 3132 291 3173 ἔχει
306 3127 485 3182 κεφάλαια
504 3126 531 3165 ς’
548 3129 622 3161 Ath.
637 3130 759 3170 (index)
775 3128 788 3171 ΙΙ
805 3130 824 3162 3
845 3127 1027 3174 έγκλήτων
1039 3131 1083 3171 (et
1094 3131 1141 3162 ita
1153 3131 1297 3173 saepius)

222 3177 268 3210 M
278 3177 290 3219 ΙΙ
306 3188 384 3209 των
403 3170 722 3219 ἅναψηλαφήσεων
737 3174 820 3212 ML,
840 3175 914 3206 Ath.
929 3175 1036 3215 index]
1061 3170 1295 3228 ἅναψηλαφή-

221 3233 275 3254 σει
289 3221 443 3254 Ath.cod.
458 3221 489 3253 in
505 3226 588 3253 textu
605 3218 617 3262 ΙΙ
634 3220 655 3252 4
672 3214 914 3261 δικαστηρίων
931 3220 1027 3251 index
1039 3220 1114 3252 Am.
1130 3218 1143 3263 ΙΙ
1163 3222 1182 3252 5
1198 3231 1266 3251 κατ
1284 3220 1295 3258 ]

221 3262 316 3299 ὥστε
338 3260 420 3298 κατ’
446 3265 521 3298 Ath.
539 3264 552 3307 ΙΙ
576 3265 596 3297 6
619 3262 700 3296 τοὺς
723 3263 944 3306 κρατοῦντας
970 3263 1174 3304 Haloander]
1204 3262 1295 3296 κατὰ

221 3313 293 3353 (καὶ
309 3312 385 3344 Am.
403 3311 435 3343 in
451 3310 549 3351 textu)
572 3307 654 3341 τοὺς
677 3308 894 3351 κρατοῦντας
919 3308 991 3340 ML
1005 3309 1079 3341 Ath.
1098 3308 1110 3351 ΙΙ
1136 3310 1153 3341 7
1179 3305 1213 3349 ἢ]
1238 3310 1297 3340 καὶ

221 3358 297 3390 ΑἰΙι.
318 3358 351 3389 in
372 3362 466 3396 textu,
491 3367 549 3387 om.
563 3355 659 3387 index
676 3354 751 3385 Ath.
780 3355 792 3396 ΙΙ
816 3354 835 3386 8
859 3352 1046 3393 τεθέντας,
1069 3355 1128 3385 καὶ
1151 3350 1196 3385 τὰ
1220 3351 1297 3394 ἑξῆς

222 3402 354 3444 reliquis
379 3401 503 3433 omissis
527 3399 602 3434 Ath.
629 3397 642 3441 Ι
665 3399 684 3431 9
708 3393 773 3440 β’.]
797 3395 840 3429 τὸ
861 3393 1027 3439 δεύτερον
1049 3398 1129 3438 (eim.
1147 3398 1179 3429 in
1196 3401 1296 3439 seqq.)

224 3447 319 3480 index
331 3446 362 3478 L
380 3445 392 3483 ΙΙ
409 3441 670 3483 ἄποτάξεταιΕ
686 3442 699 3487 ΙΙ
719 3444 760 3476 10
772 3440 815 3475 τὸ
834 3439 874 3474 δὲ
888 3442 1009 3484 ἕτερον
1020 3460 1061 3465 -
1072 3444 1109 3476 11
1128 3437 1296 3485 ἀρκούμε-

222 3503 288 3523 νον
298 3491 339 3531 L,
351 3490 513 3530 indeaeM]
535 3502 593 3523 om.
609 3488 658 3528 M,
671 3489 767 3521 index
781 3487 811 3519 L
827 3486 839 3531 ΙΙ
861 3489 901 3521 16
912 3487 985 3528 τῆς]
1007 3488 1079 3519 τοῖς
1097 3487 1183 3519 Min
1202 3494 1296 3525 textu,

223 3536 285 3577 τῆς
299 3543 327 3568 et
339 3535 416 3567 τῶν
429 3548 485 3568 om.
497 3534 528 3567 L
542 3536 574 3567 in
589 3541 674 3567 textu
686 3531 698 3577 ΙΙ
719 3533 759 3566 18
774 3528 820 3565 δ’.
839 3532 966 3565 Αἰτίαι
981 3550 1021 3555 -·
1039 3533 1077 3565 19
1091 3527 1299 3574 ἀχαριστίας

225 3594 281 3612 am.
299 3581 392 3613 index
406 3580 436 3612 L
453 3580 466 3622 ΙΙ
482 3578 575 3612 κατὰ
596 3591 653 3612 om.
667 3579 718 3611 L⁶
732 3577 745 3621 ΙΙ
764 3578 807 3611 20
823 3572 916 3609 ὥστε
933 3575 975 3609 τὸ
992 3575 1075 3609 τοὺς
1091 3577 1122 3609 L
1138 3578 1169 3609 in
1184 3583 1267 3610 textu
1287 3576 1298 3617 ΙΙ

226 3627 266 3658 22
292 3623 492 3667 σι’-ρρεσθαι
513 3625 544 3657 L
564 3625 597 3657 in
619 3631 702 3656 textu
719 3623 732 3666 ss
749 3623 791 3656 23
812 3618 854 3663 ς’]
879 3622 984 3654 ἕκτον
1009 3622 1105 3655 index
1119 3622 1150 3654 L
1166 3620 1178 3663 ΙΙ
1197 3616 1296 3654 ἇντι-

226 3668 420 3711 φωνιζσεως
436 3670 464 3702 L
481 3670 513 3702 in
527 3676 611 3702 textu
623 3669 772 3710 (Tlaeod.)
787 3667 800 3712 ΙΙ
819 3669 861 3701 25
878 3662 966 3710 παρ’
984 3666 1070 3710 ἐμοῦ
1086 3686 1125 3690 -
1141 3668 1181 3699 27
1195 3664 1296 3711 γενή-

1442 2825 1601 2861 Proinde
1623 2826 1771 2868 iudices,
1795 2826 1896 2872 apud
1917 2836 2010 2871 quos
2032 2779 2437 2872 appelasfsseffggm'ssss]

1363 2915 1464 2937 σεται
1488 2917 1547 2938 om.
1568 2905 1665 2937 indeae
1689 2904 1733 2937 M
1746 2904 1758 2943 ΙΙ
1781 2904 1824 2937 26
1847 2900 1871 2945 ἢ
1893 2905 1964 2944 καὶ]
1989 2900 2012 2944 ἢ
2035 2903 2066 2936 L
2092 2905 2124 2936 in
2149 2902 2261 2944 textu!
2284 2902 2326 2937 28
2339 2903 2435 2936 inser.

1363 2945 1611 2993 Αὐτοκράτωρ
1635 2946 1875 2981 ἰουστινιανὸς
1905 2946 2098 2992 αὔγουστος
2127 2945 2266 2988 ι’ωὰννη
2295 2947 2350 2980 τῶ
2380 2947 2435 2980 ἐν-

1363 2991 1548 3046 δοξοτάτῳ
1565 2991 1712 3037 ἐπάρχω
1731 2992 1808 3026 τῶν
1824 2991 1931 3034 ἱερῶν
1950 2994 2185 3036 πραιτωρίων
2202 2989 2246 3024 τὸ
2262 2991 2437 3036 τέταρτον

2407 3037 2420 3044 -

1363 3035 1437 3072 ἇπὸ
1456 3037 1611 3071 ὑπατων
1629 3040 1689 3070 καὶ
1710 3039 1914 3080 πατρικίων
1932 3038 1961 3071 Α
1979 3037 1992 3080 ΙΙ
2009 3038 2052 3070 30
2072 3037 2095 3068 ἆ
2119 3037 2150 3068 A
2163 3049 2265 3078 mar-9.
2282 3036 2295 3079 ΙΙ
2312 3037 2356 3070 32
2421 3046 2436 3069 ς

1362 3080 1565 3117 τλοπόλεως
1580 3086 1611 3115 A
1636 3082 1649 3125 ΙΙ
1676 3083 1718 3115 33
1742 3081 1874 3114 πιστοῦ
1898 3081 1968 3114 MA
1991 3082 2004 3125 ΙΙ
2033 3078 2262 3124 τελμησσέων
2279 3081 2335 3122 Μ]
2359 3048 2435 3114 vzz-

1361 3129 1520 3170 μισσέων
1544 3127 1607 3159 LA
2446 3140 2459 3147 I

1408 3262 1427 3295 2
1443 3260 1490 3293 Ut
1515 3259 1653 3302 Tvulq.]
1677 3271 1736 3291 om.
1750 3257 1846 3301 RVH
1865 3258 1885 3291 3
1904 3257 2044 3290 debeant
2062 3258 2119 3301 ΤΙΙ
2143 3259 2165 3292 4
2188 3258 2265 3290 data.
2284 3256 2334 3291 Βι
2351 3257 2364 3301 fl
2379 3257 2436 3292 ob-

1329 3296 1332 3312 ¹
1363 3307 1492 3338 tineent
1508 3305 1539 3337 R
1554 3305 1567 3347 ΙΙ
1591 3307 1611 3338 5
1631 3305 1710 3336 sunt
1725 3302 1933 3346 promulgate
1956 3303 1987 3336 T
2001 3302 2014 3346 ΙΙ
2036 3304 2077 3337 30
2098 3302 2285 3336 serenitatis
2304 3305 2437 3336 nostrae

1366 3353 1395 3383 [ι’.
1413 3351 1426 3394 ΙΙ
1450 3351 1487 3384 31
1515 3359 1589 3382 oum
1615 3350 1693 3382 add.
1706 3349 1791 3391 vulq.
1817 3348 1829 3391 ΙΙ
1854 3348 2058 3381 eustachium
2083 3348 2194 3389 RVT,
2219 3360 2301 3381 corr.
2315 3349 2400 3392 vuly.
2424 3347 2437 3392 ΙΙ

1364 3397 1406 3429 32
1427 3394 1528 3427 Tloae
1545 3394 1735 3435 Heimbach]
1758 3392 1849 3425 thole
1868 3394 1900 3426 T
1917 3394 2020 3426 thone
2037 3394 2069 3426 R
2092 3393 2200 3426 telone
2220 3392 2271 3426 V*
2287 3394 2320 3426 in
2334 3405 2402 3427 ran.
2425 3398 2437 3425 ΙΙ

1365 3442 1406 3474 33
1430 3439 1597 3471 diaconem
1621 3439 1674 3478 Vn
1693 3438 1925 3479 Telmissenae]
1949 3437 2141 3471 oehniseene
2161 3438 2194 3471 T
2210 3436 2386 3470 oelmineue
2403 3436 2436 3470 R

1364 3483 1414 3517 cel
1417 3497 1546 3514 ......
1573 3484 1622 3517 V¹
1656 3482 1790 3516 celsoele
1820 3483 1866 3514 V²
1892 3482 1905 3527 ΙΙ
1935 3483 2050 3516 fuisset
2073 3484 2234 3516 commota
2257 3492 2354 3514 muna.
2385 3481 2437 3515 1⁷²

1366 3542 1586 3560 oooooooooo
1605 3532 1694 3561 mota
1715 3528 1763 3562 V·
1782 3528 1794 3570 ΙΙ
1810 3530 1852 3562 35
1869 3527 2048 3571 appellatio
2064 3530 2123 3569 est]
2147 3526 2370 3570 appellatione
2386 3525 2436 3559 ΕΙ

1364 3574 1619 3617 appellationem
1646 3574 1694 3606 T¹
1725 3572 1982 3616 appellationem
2005 3576 2054 3606 est
2074 3573 2122 3606 V²
2146 3573 2158 3613 ΙΙ
2181 3571 2322 3612 Iudices]
2347 3573 2433 3604 rubr.

1364 3621 1399 3652 Si
1423 3630 1512 3652 noua
1535 3619 1587 3651 lex
1610 3622 1686 3661 post
1707 3623 1891 3661 porrectam
1913 3617 2184 3661 prouocationem
2205 3616 2435 3659 promulgetur

1367 3666 1398 3699 T
1408 3679 1507 3709 trnary.
1524 3668 1576 3706 (ex
1587 3665 1663 3706 Iul.)
