2592 3840
230 82 339 126 Nov.
370 84 573 127 LXXXII
601 99 663 140 pr.

273 192 365 240 (En
373 199 388 229 ι’
393 194 439 229 ho
447 209 494 241 yo
502 197 550 241 ς.>
591 196 638 229 Τὰ
656 194 1037 240 τοίνυνυπαραστάντα
1053 192 1139 239 ἡμῖν
1155 196 1201 229 εἰς
1218 192 1299 239 ὑμε-

228 242 341 285 τέραν
361 238 451 274 αἰδῶ
475 254 514 274 τε
538 244 597 274 καὶ
622 240 739 283 τιμήν,
768 242 798 273 ὠ
822 239 1114 284 σεβασμιώτατοι
1141 243 1299 286 πατέρες,

229 283 442 328 βουλόμεθα
465 287 512 320 εἰς
534 286 577 319 τὸ
596 283 751 338 διηνεκές
773 287 968 337 ἐμπρέπων
991 286 1035 331 τῇ
1059 283 1213 340 ἡμετέρᾳ
1236 298 1299 321 πο-

1296 81 1381 129 400

1422 196 1692 241 (Epilogus.)
1747 196 1847 240 Quae
1882 196 1989 241 igitur
2025 197 2127 233 nobis
2162 198 2238 233 visa
2271 202 2356 234 sunt
2389 198 2435 233 ad

1367 245 1520 276 vestram
1542 241 1773 277 reverentiam
1798 244 1836 277 et
1857 242 2043 282 honorem,
2068 252 2088 277 ο
2111 243 2348 279 colendissimi
2371 253 2435 288 pa-

1369 290 1458 327 tres,
1491 287 1651 322 volumus
1682 287 1718 322 in
1742 291 1955 331 perpetuum
1986 287 2170 332 splendere
2198 292 2341 324 nostrae
2366 288 2436 323 rei-

228 328 360 372 λιτείᾳ,
396 326 472 374 ἅμα
502 332 569 374 μὲν
604 331 650 363 εἰς
685 341 821 371 κοσμον
858 333 1028 374 υμέτερον
1069 330 1145 374 ἅμα
1181 327 1220 364 δὲ
1255 331 1302 364 εἰς
1371 330 1535 375 publicae
1558 336 1632 367 tam
1655 332 1701 367 ad
1724 334 1881 366 vestrum
1906 335 2071 366 ornatum
2094 341 2199 377 quam
2222 332 2268 367 ad
2290 338 2436 368 nostrae

228 374 296 417 τὴν
320 376 380 418 τῆς
403 372 572 420 ἡμετέρας
596 373 799 429 φιλοτιμίας
823 371 1024 416 ἀπόδειξιν,
1056 372 1102 418 ἣν
1125 378 1197 409 τοῖς
1219 373 1301 419 ἡμε-
1339 375 1546 420 5largitatis
1569 376 1826 421 probationem,
1846 387 1950 422 quam
1970 377 2102 412 nostris
2118 376 2279 422 patribus
2298 381 2334 412 et
2352 388 2436 413 con-

228 422 342 464 τέροις
374 419 531 464 πατράσι
561 423 620 452 καὶ
651 431 802 454 υπατοις
833 422 893 453 καὶ
925 419 1056 464 ἱερεῦσι
1085 417 1300 464 δεδώκαμεν.

282 465 364 500 Dat.
384 475 444 500 xv.
470 466 505 499 k.
531 466 619 509 Apr.
642 464 710 499 ΟΡ.
734 464 817 509 imp.
840 464 898 500 dn.
921 464 1108 501 Iustiniani
1129 475 1189 510 pp.
1210 467 1300 509 Aug.

232 518 324 544 anno
345 510 424 544 XII.
451 509 590 554 Apione
614 520 645 545 v.
672 519 701 544 c.
728 520 825 544 cous.

735 678 792 713 ΠΒ
824 707 828 710 .

493 747 610 782 ΠΕΡΙ
638 746 743 782 ΤΩΝ
767 746 1027 786 ΔῙΚΑΣΤΩΝ

270 792 364 827 ΚΑΙ
388 791 523 827 ΩΣΤΕ
546 792 655 827 ΜΕΘ
684 792 862 827 OPKOY
886 792 967 827 ΜΗ
991 792 1253 828 ΑῙΡΕῙΣΘΑῙ.

272 1071 324 1107 Im
354 1099 361 1107 .
387 1071 607 1107 lastinianus
630 1072 722 1116 Aug.
748 1070 875 1107 Ioanni
903 1081 964 1116 pp.
989 1071 1257 1115 per-Orientem

341 1117 501 1162 iterum),
525 1127 569 1152 ex
587 1118 733 1152 consule
748 1116 976 1162 (ordinario)
996 1126 1039 1151 ac
1055 1116 1217 1161 patricio.

272 1184 359 1229 <Πρ
370 1197 389 1218 ο
398 1197 417 1218 ο
426 1188 471 1228 ι’μ
480 1199 492 1218 ι
500 1198 519 1218 ο
528 1199 558 1219 ν.
629 1183 777 1228 Ζήνωνι
806 1185 860 1227 τῷ
891 1185 954 1218 τ”ς
977 1180 1142 1237 εὐσεβοῦς
1169 1182 1301 1227 λήξεως

1371 421 1508 456 sulibus
1532 421 1849 467 sacerdotibusque
1874 422 2099 457 contulimus.

1414 465 1499 501 Dat.
1515 477 1552 501 x.
1573 466 1643 502 kal.
1662 467 1775 511 April.
1795 466 1863 502 ΟΡ.
1884 466 1967 511 imp.
1986 466 2045 502 dn.
2061 465 2250 502 Iustiniani
2269 477 2330 511 pp.
2345 467 2435 512 Aug.

1273 514 1319 552 [a.
1335 512 1412 552 539]
1466 520 1562 547 anno
1584 510 1666 546 XII.
1693 511 1832 556 Apione
1854 511 1929 548 viro
1954 512 2149 547 clarissimo
2174 511 2331 547 consule.

1591 678 1774 714 LXXXII.
1822 678 1931 714 Auth.
1943 679 2143 714 LXXXIII.
2170 678 2317 715 Coll.VI
2330 679 2385 715 tit.
2398 681 2439 715 10

1336 750 1356 782 0
1401 761 1409 774 r
1434 745 1502 779 DE
1525 744 1782 786 IUDICIBUS,
1809 745 1875 780 ET
1899 745 1962 781 UT
1986 746 2312 785 NULLATENUS
2338 746 2440 782 CUM

1368 791 1383 825 1
1421 789 1706 826 REIURANDO
1754 790 2003 826 ELIGATUR
2041 791 2244 835 ALIQUIS
2286 791 2439 827 IUDEX

1370 835 1498 880 QUOD
1530 834 1801 870 PERMANET
1825 835 1887 870 EI.
1934 836 1999 871 ET
2024 836 2086 872 UT
2112 836 2437 872 APPELLATIO·

1368 880 1463 916 NES
1498 879 1756 916 ACCIPIANT
1791 879 1941 915 MODIS
1978 880 2190 916 OMNIBUS
2232 881 2438 918 IUDICES.

1369 926 1434 960 ET
1471 924 1534 960 UT
1570 925 1622 960 IN
1657 924 1816 960 MEDIA
1850 925 1965 959 LITE
2002 925 2195 961 FACTAE
2226 925 2440 969 FORMAE,

1315 974 1357 1007 15
1370 970 1464 1015 QUO
1503 970 1640 1005 MODO
1687 969 1945 1005 OPORTEAT
1984 970 2152 1005 DECIDI
2195 970 2439 1007 OOGNITIO·

1471 1015 1504 1051 N
1508 1015 1596 1058 EM,
1628 1014 1729 1050 NON
1752 1014 2054 1050 ATTENDANT
2077 1015 2269 1051 IUDIOES
2291 1015 2334 1062 R}

1368 1071 1466 1107 Idem
1496 1071 1589 1115 Aug.
1614 1070 1766 1107 Iohanni
1795 1081 1857 1116 pp.
1883 1070 2037 1124 Orientis
2067 1071 2197 1108 iterum
2225 1081 2269 1107 ex
2293 1072 2441 1108 consule

1783 1125 1826 1151 ae
1850 1120 2013 1161 patricio.

1423 1183 1709 1229 (Praefatio.)
1752 1183 1787 1218 Δ
1809 1184 1954 1219 Zenone
1975 1183 2057 1229 piae
2086 1183 2277 1219 memoriae
2307 1183 2442 1228 scripta

227 1232 425 1276 γέγραπται
449 1227 557 1264 διάτα
581 1241 611 1264 ιε
634 1233 716 1275 περὶ
735 1230 798 1272 τῆς
819 1230 897 1264 τῶν
942 1231 1031 1263 ικῶν
1047 1229 1193 1271 vagetur,
1217 1228 1302 1264 πολ-
1314 1233 1357 1265 20
1370 1231 1426 1265 est
1448 1229 1507 1264 lex
1530 1229 1574 1264 de
1596 1228 1809 1264 iudiciorum
1833 1229 1973 1272 ordine,
2005 1228 2135 1264 multas
2162 1228 2303 1274 quidem
2326 1231 2440 1264 muta-

229 1273 291 1308 λὰς
313 1276 380 1318 μὲν
396 1274 627 1322 παραλλαγὰς
650 1277 688 1308 ἐκ
711 1276 788 1309 τῶν
807 1274 932 1320 ἐφεξῆς
956 1271 1129 1318 δεξαμένη
1148 1273 1302 1319 χρόνων.

229 1321 276 1353 εἰς
294 1321 403 1354 τοῦτο
425 1318 464 1353 δὲ
487 1317 686 1366 ἀφικομένη
710 1316 797 1354 ὦςτε
821 1319 913 1354 κατὰ
936 1319 1067 1364 μικρὸν
1089 1318 1221 1362 σχεδὸν
1244 1323 1304 1353 καὶ

230 1364 468 1399 παντάπασιν
499 1364 665 1400 ἐκλιπεῖν.
713 1366 751 1399 οἵ
769 1378 808 1399 τε
824 1364 901 1419 γὰρ
930 1366 970 1399 ἐν
995 1361 1086 1410 αὐτῇ
1109 1367 1304 1411 γεγραμμέ-

229 1423 285 1444 νοι
310 1407 492 1454 διαιτηταὶ
515 1411 582 1445 τὸν
601 1407 682 1454 μετ’
702 1407 919 1455 ἀνθρωπων
942 1405 1101 1444 ἅπαντες
1124 1406 1304 1444 ἀπέλιπον

1370 1276 1486 1309 tiones
1511 1274 1811 1319 subsequentibus
1833 1274 2030 1319 suscipiens
2050 1273 2280 1318 temporibus,
2305 1273 2351 1309 ad
2371 1273 2441 1309 hoc

1371 1324 1488 1354 autem
1511 1319 1671 1363 pervenit
1702 1321 1743 1354 ut
1774 1318 1945 1364 paulatim
1976 1328 2090 1372 paene
2119 1319 2261 1354 omnino
2286 1320 2440 1354 caderet.

1370 1364 1463 1400 Nam
1493 1369 1529 1399 et
1562 1364 1621 1408 qui
1653 1363 1690 1399 in
1722 1374 1765 1399 ea
1793 1364 1989 1409 conscripti
2017 1367 2100 1399 sunt
2130 1363 2281 1408 pedanei
2303 1363 2442 1400 iudices

1371 1411 1563 1445 humanam
1594 1419 1714 1445 omnes
1746 1409 1965 1454 reliquerunt
1987 1408 2111 1452 vitam,
2145 1411 2183 1444 et
2204 1408 2357 1454 plurima
2379 1409 2441 1444 de-

229 1459 323 1499 βίον,
356 1454 472 1490 πολλοὶ
503 1469 542 1490 τε
570 1457 648 1490 τῶν
676 1452 908 1501 ὁρισθέντων
940 1453 1092 1488 δικαίων
1121 1459 1304 1501 σεσίγηται
1317 1457 1359 1490 25
1371 1454 1463 1490 finiti
1485 1454 1572 1490 iuris
1595 1455 1708 1489 tacita
1726 1459 1820 1498 sunt,
1844 1459 1880 1490 et
1899 1458 2032 1489 certam
2053 1464 2125 1489 non
2143 1460 2349 1490 meruerunt
2368 1463 2442 1489 me-

231 1501 337 1545 ρητῆς
359 1513 399 1533 τε
422 1497 486 1534 οὐκ
511 1503 610 1543 ἔτυχε
660 1501 786 1545 νήμης,
819 1497 902 1534 ἄλλ)
929 1497 952 1543 ἤ
974 1513 1015 1546 γε
1036 1501 1156 1545 χρῆσις
1188 1501 1303 1534 ταῦτα

231 1544 494 1590 παραλαβοῦσα
513 1547 559 1579 εἰς
576 1543 620 1579 ἀλ,
643 1549 720 1580 οῖον
743 1549 938 1589 μετέστησε
954 1546 1081 1588 σχῆμα.
1121 1542 1217 1587 ἡμεῖς
1232 1549 1303 1578 τοί-

230 1604 297 1625 νυν
331 1587 486 1635 ὁρῶντες
522 1594 778 1637 συγκεχυμένον
811 1589 990 1630 καθάπαξ
1024 1589 1066 1623 τὸ
1099 1591 1175 1624 τῶν
1206 1587 1303 1623 δικα-

231 1637 331 1670 στῶν
363 1637 478 1691 σχῆμα
503 1633 679 1680 ᾠήθημεν
709 1637 838 1680 χρῆναι
869 1634 972 1679 νόμῳ
1003 1635 1121 1669 ταῦτα
1150 1632 1304 1680 διορίσα-

232 1681 335 1723 σθαι,
360 1692 399 1715 ος
415 1694 481 1736 την
498 1684 706 1726 πρέπουσαν
725 1681 832 1721 τάξιν
851 1680 1022 1723 ἐπιθήσει
1038 1681 1090 1732 τῷ
1109 1679 1303 1735 πράγμμτι.
1318 1683 1359 1715 30
1373 1680 1454 1716 Non
1489 1680 1583 1716 enim
1619 1680 1880 1716 aestimavimus
1921 1682 2085 1724 oportere
2119 1680 2252 1715 habere
2286 1679 2444 1716 iudicum

231 1723 317 1760 οὐδὲ
337 1726 407 1773 γὰρ
428 1725 604 1783 ῳήθημέν
626 1727 755 1780 χρῆναι
779 1727 872 1780 {ketil
897 1723 1080 1759 δικαστων
1102 1736 1203 1759 τινας
1222 1724 1304 1759 ονό-

1372 1500 1539 1541 moriam,
1564 1499 1627 1535 sed
1643 1510 1729 1535 usus
1751 1500 1840 1536 haec
1860 1499 2062 1544 percipiens
2085 1499 2122 1534 in
2138 1499 2243 1534 aliam
2258 1498 2443 1535 transtulit

1372 1545 1533 1589 figuram.
1581 1544 1657 1580 Nos
1680 1545 1789 1589 igitur
1811 1544 1970 1580 videntes
2003 1544 2143 1580 omnino
2175 1543 2364 1580 confusum
2385 1543 2441 1579 iu-

1373 1590 1490 1625 dicum
1514 1589 1676 1632 schema,
1700 1590 1959 1625 aestimavimus
1983 1594 2148 1634 oportere
2169 1589 2260 1624 haec
2280 1590 2357 1635 lege
2380 1589 2450 1625 de:

1372 1636 1575 1678 terminare,
1607 1645 1698 1680 quae
1718 1635 1900 1670 decentem
1925 1635 2082 1670 ordinem
2109 1635 2276 1680 imponat¹
2299 1644 2440 1670 causae.

1374 1725 1546 1770 quosdam
1570 1725 1728 1767 nomina,
1759 1725 1909 1760 maxime
1933 1725 2049 1770 legum
2079 1724 2349 1768 ineruditorum,
2381 1724 2441 1760 de·

231 1784 339 1826 ματα,
362 1770 520 1825 μάλιστα
539 1785 605 1815 μεν
628 1785 755 1826 guonem
779 1770 1085 1814 ανεπιστήμονας,
1118 1771 1244 1804 &mam
1267 1769 1307 1804 δὲ
1373 1771 1455 1806 inde
1473 1780 1588 1815 neque
1612 1780 1800 1806 causarum
1824 1770 2030 1805 habentium
2047 1769 2336 1815 experimentum.
2367 1769 2441 1807 No-

231 1815 316 1869 ουδέ
343 1828 568 1870 πραγματων
601 1817 835 1871 ευτνχοῦντας
864 1818 1001 1860 πεῖραν.
1048 1818 1121 1849 τοῖς
1143 1817 1209 1859 μὲν
1232 1816 1301 1861 γὰρ

231 1864 412 1907 ημετέροις
442 1873 590 1907 αρχουσι
622 1872 769 1907 παρεισι
798 1860 947 1895 πάντως
978 1863 1037 1893 καὶ
1057 1859 1228 1905 πάρεδροι
1259 1861 1305 1895 τὰ

1370 1816 1454 1852 stris
1479 1815 1607 1850 etenim
1623 1815 1968 1851 administratoribus
1989 1814 2120 1850 adsunt
2142 1815 2255 1850 modis
2279 1814 2442 1850 omnibus

276 1943 360 1977 Nov.
375 1942 570 1976 LXXXII
578 1921 740 1979 (Anthent.
754 1940 962 1974 LXXXIII
970 1955 1013 1967 =
1031 1940 1109 1973 Coti.
1133 1940 1185 1973 Vl
1206 1942 1250 1974 tit.
1268 1942 1326 1974 10:
1349 1940 1461 1984 qloss.)
1490 1940 1614 1974 Graece
1631 1946 1718 1973 extat
1734 1940 1767 1973 in
1782 1939 1864 1980 ML,
1884 1951 1956 1983 cap.
1972 1932 2083 1973 2—13
2102 1940 2135 1972 in
2150 1939 2184 1971 Β
2200 1940 2231 1980 ’1,
2245 1946 2384 1980 1,4-16.
2399 1957 2442 1962 -

230 1988 320 2032 Epit.
336 1988 456 2022 Theod.
471 1988 531 2029 82,
555 1987 675 2020 Athan.
689 1988 721 2028 4,
734 1994 776 2020 15.
823 1986 946 2020 Iulian.
971 1993 1069 2018 const.
1095 1985 1264 2019 LXXVI.

367 2063 454 2111 Epi
462 2064 604 2111 loqus.
659 2063 758 2107 Quae
779 2063 894 2109 iqitur
917 2062 1020 2098 nobis
1039 2062 1258 2109 placuerunt
1280 2061 1330 2098 ad
1352 2066 1505 2098 vestram
1536 2060 1770 2097 reverentiam
1794 2060 2054 2106 honoremque,
2080 2064 2209 2106 patres
2231 2071 2365 2096 summe
2386 2071 2444 2096 ve-

230 2110 402 2152 nerandi,
431 2121 475 2145 ea
499 2110 535 2143 in
558 2113 686 2145 nostra
705 2108 891 2155 republica
915 2108 952 2142 in
974 2112 1188 2159 perpetuum
1211 2107 1398 2154 splendere
1422 2106 1585 2143 volumus
1618 2110 1689 2141 tam
1713 2106 1762 2158 ad
1784 2106 1892 2141 decus
1906 2112 2070 2158 ‘vestrum
2093 2115 2202 2150 quam
2225 2105 2275 2141 ad
2296 2110 2444 2147 nostrae

231 2156 460 2193 liberalitatis
482 2154 729 2190 documentum
753 2153 853 2200 quod
874 2156 1007 2188 nostris
1027 2153 1195 2199 patribus
1217 2157 1254 2189 et
1272 2152 1479 2188 consulibus
1501 2156 1538 2187 et
1559 2150 1807 2187 sacerdotibus
1829 2150 2000 2186 dedimus.

1246 2307 1441 2344 LXXXII.

643 2377 717 2414 DE
736 2376 1016 2421 lODJCIBUS,
1050 2377 1120 2413 ET
1138 2376 1213 2413 NE
1234 2375 1338 2412 CUM
1358 2373 1714 2412 IUREIURANDO
1736 2373 2036 2411 ELIGANTUR.

318 2436 410 2484 Imp.
428 2435 654 2471 lastinianus
677 2434 863 2482 Auyustus
887 2433 1045 2470 Iohanni
1059 2444 1126 2480 pp.
1143 2444 1218 2482 per
1242 2432 1421 2469 Orientem
1443 2430 1615 2478 (iterum),
1646 2442 1696 2468 ex
1716 2431 1863 2467 consule
1884 2429 2105 2486 (ordinario)
2130 2440 2174 2466 ae
2194 2427 2364 2476 patricio.

366 2502 633 2549 Praefatio.
679 2503 712 2537 A
734 2503 881 2538 Zenone
898 2502 987 2549 piae
1010 2501 1202 2537 memoriae
1225 2501 1363 2547 scripta
1382 2503 1437 2535 est
1459 2499 1672 2535 constitutio·
1690 2498 1735 2534 de
1758 2498 1885 2535 ordine
1908 2498 2036 2540 litium,
2059 2507 2153 2544 quae
2175 2496 2308 2532 multas
2329 2499 2444 2533 muta·

235 2550 350 2586 tiones
378 2548 608 2595 sequentibus
638 2547 858 2599 temporibus
882 2557 999 2594 passa
1022 2551 1076 2582 est
1105 2550 1214 2592 atque
1246 2556 1287 2581 eo
1307 2545 1483 2592 pervenit,
1519 2550 1561 2579 ut
1580 2543 1760 2591 paulatim
1789 2544 1872 2590 sere
1897 2542 2265 2594 omnino-deficeret..
2290 2540 2385 2577 Nam
2408 2545 2446 2578 et

234 2595 296 2640 qui
321 2595 358 2629 in
381 2605 425 2630 ea
448 2593 575 2640 scripti
596 2595 681 2628 sunt
702 2591 838 2628 iudices
853 2591 1016 2638 pedanei
1038 2602 1160 2627 omnes
1183 2591 1255 2627 vita
1278 2593 1509 2626 excesserunt
1531 2593 1566 2625 et
1588 2589 1702 2624 multa
1725 2600 1774 2625 ex
1796 2589 1841 2625 de
1868 2589 1955 2624 nitis
1983 2587 2122 2623 iuribus
2143 2586 2287 2623 silentio
2308 2585 2445 2622 tradita

233 2643 317 2675 sunt
338 2650 404 2674 nee
426 2644 560 2673 certam
582 2638 788 2673 memoriam
811 2641 1018 2678 consecuta,
1041 2636 1106 2672 sed
1127 2646 1214 2671 usus
1236 2635 1377 2682 quidem
1400 2645 1444 2671 ea
1463 2638 1612 2685 recepta·
1631 2633 1669 2669 in
1692 2633 1801 2670 aliam
1826 2643 1978 2684 ‘cn-mam
2002 2632 2184 2685 convertit.
2231 2629 2310 2684 N⁰.⁸
2332 2631 2445 2678 ἱρεῖαι·

234 2695 314 2720 eum
338 2683 494 2719 iudicum
517 2687 651 2718 statum
675 2682 819 2718 omnino
844 2682 1037 2727 confusum
1061 2681 1261 2724 videamus,
1288 2680 1376 2717 haee
1403 2679 1481 2726 leqe
1503 2679 1546 2715 de
1574 2678 1706 2714 menda
1729 2689 1805 2715 esse
1827 2679 2129 2719 eoeisttmavtmus‚
2160 2687 2254 2722 quae
2276 2675 2444 2727 idoneum

234 2729 397 2764 ordinem
418 2728 472 2763 rei
494 2728 665 2774 imponat.
713 2727 839 2772 Neque
862 2727 954 2762 enim
978 2726 1262 2763 existimavimus
1284 2725 1409 2762 decere
1432 2734 1522 2770 quos
1548 2734 1606 2759 am
1628 2723 1785 2759 iudicum
1801 2733 1930 2758 nomen
1947 2722 2078 2758 habere
2093 2731 2172 2756 cum
2188 2721 2306 2766 lequm
2320 2725 2445 2766 utique

234 2774 421 2820 imperitos
445 2776 517 2808 tum
540 2783 584 2807 ne
607 2783 727 2806 rerum
751 2771 893 2817 quidem
917 2771 1143 2817 experientia
1166 2771 1319 2806 adiutos.
1368 2769 1513 2805 Nostris
1536 2768 1630 2804 enim
1661 2767 1839 2804 iudicibus
1860 2767 2004 2804 omnino
2029 2767 2136 2802 etiam
2158 2775 2357 2801 assessores
2378 2765 2443 2800 ad-

236 2833 1955 2847 ————-———-----——--—--—-—-—-—-1—
2033 2830 2437 2836 ---——-

283 2870 299 2902 l
325 2864 501 2910 ἡμετέραν
524 2865 573 2898 L¹
597 2864 609 2901 ΙΙ
636 2867 653 2896 '1
679 2866 799 2897 subscr.
825 2861 1042 2907 ἐξεφωνήθη
1067 2863 1107 2896 ἐν
1130 2864 1202 2896 τοῖς
1225 2860 1305 2906 χρό-

234 2923 309 2947 νοις
332 2912 394 2954 τῆς
411 2907 582 2944 ὑπατείας
603 2905 765 2942 Ἀπίονος
779 2909 891 2942 Theoti
903 2933 911 2949 ‚
938 2921 996 2941 om.
1010 2908 1072 2941 Iul.
1088 2907 1101 2951 11
1118 2918 1174 2940 xv,
1189 2908 1221 2939 k.
1235 2918 1305 2949 apr.

235 2959 281 2992 M
298 2955 370 3001 πρὸ
396 2954 435 2989 ιε’
450 2951 643 2987 καλανδῶν
663 2950 856 2998 Ἀπριλίων
870 2954 959 2994 Aet]
983 2963 1019 2985 x.
1034 2952 1099 2985 kal.
1116 2952 1213 2995 april.
1228 2954 1269 2993 (v.
1286 2953 1306 2984 l.

235 3002 302 3037 kal.
315 3001 429 3042 madii)
454 3012 473 3036 ς
488 3000 500 3041 11
521 2999 585 3032 GP.
607 3018 650 3022 —
671 3009 757 3031 cons.
773 2999 899 3039 M(om.
918 3008 1006 3030 anno
1025 2997 1109 3037 XII)
1133 3005 1163 3030 et
1187 3000 1216 3039 ς]
1242 2998 1306 3039 βα-

235 3046 368 3082 σιλείας
395 3042 649 3080 Ἰουστινιανοῦ
681 3043 725 3076 τὸ
758 3041 810 3086 ιβ’
833 3040 1004 3077 ὑπατείας
1029 3038 1201 3075 Ἀπίωνος
1234 3043 1307 3074 Ath.

236 3092 413 3135 (bilisiario
434 3091 508 3124 uiro
525 3089 705 3123 clarissimo
726 3101 757 3121 υ.
770 3091 788 3120 ί.
803 3090 834 3129 ς)
856 3090 867 3130 11
891 3091 928 3121 10
944 3091 1029 3121 rubr.
1055 3089 1144 3130 Περὶ
1163 3087 1239 3119 τῶν
1256 3083 1307 3119 δι-

236 3138 382 3172 καστῶν
394 3138 469 3170 Ath.
494 3137 582 3179 Περὶ
598 3133 716 3167 θείων
732 3130 916 3166 δικαστῶν
931 3134 1052 3165 Theod.
1069 3132 1081 3174 11
1101 3134 1196 3175 17³q.
1222 3132 1307 3174 Imp.

236 3203 280 3210 --
303 3182 444 3226 patricio
470 3182 510 3214 M
532 3182 601 3223 (qui
618 3179 779 3219 orietem)]
803 3174 1050 3221 Αὐτοκράτωρ
1069 3176 1309 3210 ἱουστινιανὸς

237 3227 430 3275 αῧγσυστος
450 3224 588 3271 ἰωάννῃ
612 3219 760 3267 ὑπάρχῳ
785 3225 1021 3266 πραιτωρίων
1041 3222 1103 3264 τῆς
1122 3218 1307 3263 ἀνατολῆς,

237 3272 311 3309 ἀπὸ
327 3270 481 3308 ὑπάτων
495 3273 555 3303 καὶ
567 3272 746 3313 πατρικίω
758 3269 786 3301 L
806 3263 844 3301 ‘O
857 3263 961 3300 αὗιὸς
981 3264 1147 3310 βασιλεὺς
1162 3262 1308 3311 Ἰωάννῃ

238 3318 383 3364 ἐπάρχῳ
399 3318 637 3362 πραιτωρίων
653 3315 727 3347 Ath.
745 3313 758 3356 11
787 3314 825 3347 18
843 3313 963 3344 iterum
988 3320 1017 3345 et
1039 3311 1209 3344 ordinario
1230 3314 1307 3344 add.

238 3366 426 3399 Zachariae
449 3362 462 3406 ΙΙ
487 3363 527 3396 19
539 3359 582 3394 τὸ
597 3360 645 3393 L¹
662 3359 674 3403 11
691 3355 856 3401 εὐσεβοῦς
866 3357 936 3390 ML
947 3357 1078 3397 Theoti]
1092 3355 1197 3389 θείας
1208 3356 1283 3389 Ath.
1298 3357 1308 3398 11

239 3412 281 3444 20
298 3407 470 3448 διάταξις]
486 3418 587 3450 νομω
603 3407 638 3445 (i.
653 3417 678 3438 e.
692 3402 800 3447 νόμος
809 3403 839 3445 ’1)
856 3404 907 3435 cit.
927 3402 1086 3435 Theodori
1100 3403 1207 3435 codex.
1235 3402 1309 3434 Fuit

242 3456 321 3490 God.
342 3457 372 3496 3,
387 3462 414 3496 3,
427 3461 443 3487 6
458 3454 520 3496 (βι.
533 3450 563 3497 γ’
579 3450 643 3484 τοῦ
664 3446 813 3483 κώδικος
834 3450 881 3481 τί.
899 3445 929 3492 γ’
946 3444 1105 3486 διάταξις
1122 3444 1307 3479 τελευταία

239 3502 345 3534 ads-cr.
357 3499 456 3534 schol.
466 3498 536 3540 M);
562 3498 604 3540 cf.
619 3496 784 3538 Krueqeri
795 3494 902 3527 adnot.
917 3500 945 3526 et
959 3493 1080 3525 initium
1092 3493 1207 3524 scholii
1219 3491 1307 3524 Tha-

241 3547 335 3579 lelaei
359 3546 403 3578 ad
423 3544 458 3577 B
472 3545 503 3585 8,
519 3550 612 3584 2,100
628 3554 663 3585 p.
677 3541 741 3575 418
757 3539 882 3573 Heimb.
908 3537 920 3581 11
945 3538 987 3571 22
1008 3532 1202 3581 ἀφικόμενα
1227 3536 1274 3569 L¹
1297 3535 1308 3578 11

241 3591 283 3625 24
303 3590 379 3623 τῶν
403 3589 451 3622 L¹
466 3589 478 3631 11
505 3589 546 3621 27
568 3587 615 3620 εἰς
627 3587 670 3627 L]
694 3582 783 3630 πρὸς
796 3583 839 3617 Μ
853 3584 865 3626 11
889 3584 931 3617 30
951 3584 1024 3615 τοῖς
1044 3580 1229 3627 πράγμασι
1242 3581 1273 3614 L
1297 3580 1308 3624 11

240 3637 337 3679 32sq.
361 3631 649 3675 ἀνεπιστήμονας
669 3650 712 3655 —-
733 3626 966 3671 εὐτυχοῦντας
990 3629 1129 3671 πεῖραν]
1160 3626 1305 3659 inerudi-

240 3683 350 3715 torum
362 3698 404 3705 ——
420 3678 611 3718 habentium
631 3676 889 3720 experimentum
908 3685 927 3711 ς
941 3673 954 3717 11
972 3669 1012 3706 δὲ
1035 3685 1092 3707 om.
1106 3672 1137 3706 L
1154 3670 1168 3716 11
1184 3672 1228 3707 33
1252 3672 1307 3706 ἐν·

1372 2861 1567 2902 τυχοῦντας
1602 2860 1716 2901 (voluit
1747 2857 1970 2900 ἐντυχόντας)
2005 2860 2111 2902 πείρᾳ
2147 2857 2343 2891 Haloander
2375 2858 2444 2891 sine

1374 2918 1476 2940 causa
1500 2905 1514 2950 11
1538 2905 1605 2949 μὲν
1629 2917 1687 2938 om.
1702 2905 1732 2937 L
1754 2904 1767 2948 11
1794 2905 1838 2938 34
1861 2901 1994 2936 πάντες
2017 2904 2067 2936 L⁰

1421 3043 1436 3075 1
1462 3041 1552 3073 iussa
1572 3039 1629 3083 Vn
1645 3041 1665 3073 2
1685 3039 1831 3071 nostram
1845 3037 1914 3070 ΒΤ
1924 3037 1937 3079 11
1955 3047 1974 3069 ο
1996 3036 2058 3068 del.
2076 3034 2127 3069 V²
2143 3033 2156 3078 11
2172 3036 2192 3068 3
2210 3034 2369 3077 spondere
2385 3032 2444 3079 Rfl

1375 3088 1397 3120 4
1420 3085 1607 3118 ordinatum
1638 3084 1671 3117 V
1691 3084 1703 3126 11
1733 3083 1774 3115 ad
1797 3085 1927 3114 nostrae
1959 3093 2016 3114 om.
2044 3080 2081 3114 V
2103 3079 2115 3122 ΙΙ
2146 3082 2166 3113 5
2198 3079 2443 3123 probationem]

1377 3143 1506 3161 ouu-
1532 3130 1579 3163 R¹
1610 3128 1623 3173 11
1651 3130 1669 3162 ’1
1702 3128 1966 3170 subscriptionem
1998 3126 2141 3158 dedimus
2165 3137 2203 3158 ex
2230 3125 2346 3158 Bomb.
2371 3125 2395 3158 I
2414 3131 2446 3159 et

1374 3176 1600 3212 Ambracensi3
1626 3173 1691 3205 dat.
1711 3172 1776 3205 kal.
1799 3171 1901 3204 madii
1917 3170 2080 3203 bilisiario
2099 3170 2174 3203 uiro
2194 3169 2362 3203 clarisimo
2382 3169 2445 3215 Vfl

1376 3220 1440 3253 GP.
1456 3221 1588 3260 Bamb.]
1613 3229 1696 3260 emp.
1722 3218 1831 3250 Ambr.
1855 3216 1868 3260 11
1896 3216 1974 3248 dfffi.
1999 3215 2076 3248 inst.
2099 3215 2219 3248 Bamb.
2244 3215 2354 3248 dimus
2377 3214 2443 3248 ius.

1374 3267 1484 3299 Ambr.
1516 3264 1528 3309 11
1556 3265 1576 3298 8
1606 3273 1695 3296 anno
1718 3262 1911 3294 duodecimo
1935 3263 2054 3303 aptone
2074 3260 2194 3293 Bamb.
2213 3261 2225 3303 11
2253 3260 2340 3302 uiro]
2375 3259 2443 3293 uic.

1374 3312 1483 3343 Ambr.
1502 3309 1514 3353 11
1542 3310 1563 3343 9
1589 3308 1628 3354 ῆι
1648 3306 1921 3340 III-LXXXIII·
1947 3306 1977 3338 V
1996 3306 2008 3349 11
2042 3307 2082 3339 12
2106 3307 2296 3349 permaneat
2318 3305 2407 3348 vulq.
2431 3303 2444 3349 11

1378 3356 1418 3389 13
1435 3354 1554 3387 iudicis
1570 3354 1625 3398 Vn
1646 3355 1686 3387 16
1703 3355 1782 3394 non]
1803 3355 1836 3384 et
1852 3362 1918 3384 non
1935 3351 1966 3384 T
1985 3361 2044 3383 nos
2066 3351 2121 3391 Vn
2140 3352 2180 3385 18
2197 3361 2234 3383 ao
2255 3351 2300 3392 V]
2324 3360 2344 3383 a
2358 3349 2391 3383 T
2410 3351 2444 3383 et

1375 3400 1503 3443 Rvuly.
1519 3398 1531 3443 11
1554 3400 1593 3433 19
1609 3397 1784 3431 memoriae
1805 3410 1862 3430 om.
1885 3397 1933 3429 V¹
1949 3395 1963 3439 11
1981 3397 2018 3429 21
2043 3395 2320 3438 subsequentibus
2337 3394 2444 3428 susci-

1375 3445 1470 3488 piens
1495 3446 1526 3477 in
1543 3456 1609 3477 ras.
1631 3443 1680 3476 V²
1696 3443 1708 3487 11
1725 3443 1804 3475 haec
1819 3442 1850 3474 R.
1866 3441 1879 3485 11
1898 3442 1939 3474 22
1960 3441 2077 3474 eadent
2094 3442 2142 3474 Τι
2161 3440 2174 3485 11
2198 3442 2239 3475 23
2257 3439 2446 3483 conscripta

1384 3490 1431 3523 V¹
1450 3488 1462 3534 11
1485 3491 1526 3523 24
1546 3488 1777 3530 relinquerunt
1798 3485 1855 3530 Vn
1878 3486 2012 3519 definita
2038 3487 2086 3519 T¹
2111 3485 2124 3530 11
2152 3487 2193 3519 25
2219 3487 2252 3519 et
2274 3497 2334 3519 om.
2358 3485 2405 3518 R·
2428 3482 2441 3529 11

1375 3536 1416 3568 27
1441 3534 1576 3567 omnino
1600 3534 1751 3566 uidentes
1776 3532 1830 3573 Tu
1850 3533 1890 3566 28
1916 3533 2007 3573 haee]
2032 3532 2093 3564 hac
2117 3531 2166 3564 V³
2176 3530 2226 3564 T²
2248 3540 2286 3563 ae
2307 3529 2359 3563 V²
2382 3529 2443 3562 ha-

1374 3579 1450 3613 bere
1474 3580 1523 3612 R⁰
1539 3580 1551 3622 11
1579 3581 1620 3614 30
1645 3576 1906 3612 existimauimus
1931 3576 1991 3629 Rfl
2020 3577 2058 3610 31
2087 3576 2245 3618 quaedam
2267 3574 2318 3609 17²
2335 3574 2348 3619 fl
2363 3584 2439 3608 eru—

1373 3625 1517 3658 ditorum
1531 3624 1579 3658 R²
1602 3622 1861 3657 inhereditorum
1882 3622 1947 3661 V¹;
1972 3621 2156 3655 ineruditos
2176 3628 2204 3654 et
2220 3622 2262 3655 32
2281 3619 2438 3654 habentes

1372 3671 1466 3706 Beck
1482 3670 1495 3715 11
1520 3671 1562 3705 32
1587 3680 1774 3714 expet-u·
1800 3668 1845 3702 V¹

2058 132 2063 135 ,
2119 100 2185 136 ,ΒΕ
2210 100 2448 135 ῙΠΒΙΟΙΒῘΙΒ..
