2476 3854
109 110 233 141 rmm
261 107 466 141 coms&

111 207 280 253 φαμιλίας
303 206 325 251 ἢ
349 209 388 242 ἐκ
410 208 474 242 τοῦ
498 207 584 251 ἐμοῦ
608 204 822 251 ὀνόματος.“
851 203 933 242 Ἐπὶ
955 203 1096 241 τούτοις
1117 207 1187 253 μὲν

109 250 176 287 οἶν
199 251 312 287 αὐτὸν
333 249 530 287 ἀπελθεῖν·
554 248 675 297 Ἱέριον
697 249 738 286 δὲ
758 250 826 286 τὸν
848 252 910 295 τῆς
928 249 1077 292 ἐνδόξου
1098 251 1186 295 pam}-

109 310 176 342 μης
197 299 266 341 τὴν
286 299 355 342 μὲν
377 299 438 333 ἐπὶ
460 299 522 340 τῆς
539 295 792 332 θεουπολιτῶν
815 295 1044 340 διακειμένην
1057 296 1186 338 οἰκίαν,

110 340 189 385 ἥτις
219 344 258 376 ἐκ
287 344 350 386 τῆς
380 339 555 386 πατρῴας
584 342 633 376 εἰς
665 339 780 376 αὐτὸν
807 341 987 387 περιῆλθε
1009 339 1186 396 διαδοχῆς,

1167 89 1255 140 739

1969 90 2078 134 Nov.
2109 90 2242 135 CLIX
2271 105 2334 147 pr.

1255 203 1398 248 quando
1423 204 1467 241 de
1488 213 1569 240 mea
1591 202 1726 239 familia
1740 204 1806 239 aut
1821 202 1867 238 de
1882 212 1963 238 meo
1982 201 2159 238 nomine.“
2199 200 2241 236 In
2257 201 2335 238 istis

1255 249 1395 293 quidem
1409 249 1524 295 ipsum
1539 249 1747 294 procedere,
1770 248 1930 283 Hierium
1945 257 2030 283 vero
2042 245 2335 292 gloriosissimum

1255 295 1413 338 domum,
1445 305 1538 340 quae
1567 295 1605 329 in
1628 293 1849 340 Theopolitis
1880 293 2022 329 adiacet
2051 296 2089 328 et
2117 302 2162 327 ex
2183 295 2337 336 paterna

1254 339 1291 375 in
1321 349 1402 374 eum
1432 339 1595 385 pervenit
1615 338 1853 380 successione,
1886 338 1966 374 aliis
1990 337 2192 373 vendidisse
2211 346 2335 382 perso-

1222 390 1242 421 5
1254 384 1322 427 nis,
1347 394 1424 420 eam
1449 395 1532 420 vero
1552 384 1696 420 domum
1720 394 1811 429 quae
1824 384 1861 418 in
1876 383 1945 419 hac
1960 382 2167 419 felicissima
2181 381 2335 424 civitate,

1254 429 1400 474 insuper
1429 432 1466 465 et
1492 439 1557 475 per
1587 429 1771 465 codicillos
1801 429 1924 464 datum
1951 428 2022 464 sibi
2050 426 2269 474 proastium,
2295 427 2335 462 in

109 476 178 511 τὸν
205 474 416 511 κωδίκιλλον
447 474 546 519 αὐτῷ
579 474 772 518 δεδομένον
801 488 1025 521 προαστειον,
1056 473 1111 521 ἐφ’
1136 475 1188 510 οἷς
1256 474 1384 519 quibus
1418 475 1581 510 omnibus
1604 474 1773 510 alienatio
1792 474 1984 510 interdicta
2006 476 2073 518 est,
2098 471 2334 508 Constantino

111 519 250 557 ἅπασιν
279 520 301 563 ἦ
334 523 515 564 ἐκποιήσις
545 518 805 574 ἇπηῖόρευται,
837 524 1111 565 Κωνσταντίνῳ
1132 522 1185 563 τῷ
1254 519 1511 563 gloriosissimo
1534 520 1609 555 eius
1634 520 1877 555 transmittere
1898 518 1990 563 filio;
2022 518 2123 554 illum
2145 527 2228 553 vero
2252 527 2335 552 mox

109 568 173 610 τῆς
194 564 342 607 ἐνδόξου
363 566 502 610 μνήμης
524 563 634 600 αὐτου
651 568 893 611 παραπέμψαι
908 565 1025 610 παιδί,
1049 564 1188 600 ἐκεῖνόν
1255 570 1508 609 praegnantem
1531 565 1786 609 relinquentem
1816 573 1963 600 uxorem
1992 564 2064 599 vita
2091 563 2255 614 functum
2277 572 2334 598 re·

108 624 150 645 τι
180 605 290 645 αὖθις
317 611 476 645 κύουσαν
505 609 756 645 καταλιπόντα
785 611 856 655 τὴν
884 612 1046 658 γαμετὴν
1070 610 1187 645 niev-
1202 615 1244 647 10
1256 609 1443 654 scripsisse
1474 612 1743 651 testamentum,
1775 619 1841 654 per
1864 610 1959 654 quod
1983 608 2177 654 disposuit,
2207 618 2239 643 sl
2261 617 2335 643 non

109 656 219 698 τῆσαι
247 656 316 690 τὸν
338 660 433 700 βίον,
462 656 658 702 γράψαντα
686 653 865 699 διαθήκας
887 654 980 691 καθ’
1008 653 1049 690 ιῗε
1073 654 1187 690 διετῦ-
1254 658 1451 690 nascantur
1472 654 1537 689 filii
1558 659 1622 690 aut
1643 658 1751 690 natus
1774 655 1936 699 impubes
1959 655 2145 696 moriatur,
2167 658 2242 688 tam
2260 662 2334 688 ma-

109 707 246 745 πωσὲν,
277 697 325 734 ὠς
347 701 419 735 εἴτε
440 701 491 744 μὴ
515 701 660 744 τεχθείη
684 699 834 736 παιδίον
856 701 928 735 εἴτε
944 702 1079 744 τεχθὲν
1100 699 1187 744 ἄνη-
1254 703 1344 734 trem
1367 709 1470 734 suam
1492 700 1643 734 Mariam
1665 699 1954 743 gloriosissimam
1973 709 2079 745 quam
2093 698 2170 734 eius
2185 707 2335 733 uxorem

108 748 178 789 βον
196 744 430 788 τελευτήσειε,
460 744 528 788 τήν
558 759 599 780 τε
628 749 765 791 μητέρα
794 746 864 789 τὴν
895 743 1006 780 αὐτοῦ
1037 749 1188 792 Μαρίαν
1254 744 1508 780 nobilissimam
1538 745 1692 780 Mariam
1726 745 1764 780 in
1795 744 1873 780 eius
1904 745 2024 780 vocari
2055 743 2333 780 successionem.

84 814 91 821 .
108 790 176 832 τὴν
208 787 450 832 ἐνδοξοτάτην
480 789 550 833 τήν
579 804 620 824 τε
651 789 750 834 αἰτῷ
775 792 1015 826 συνοικοίσαν
1038 794 1187 836 Μαρίαν
1255 789 1305 824 Et
1336 789 1502 834 quoniam
1533 794 1621 825 nata
1650 790 1725 824 filia
1744 793 1781 825 et
1802 790 1882 834 ipsa
1904 789 2041 834 pupilla
2063 793 2101 825 et
2122 791 2247 824 tenera
2269 788 2333 823 ad-

107 835 179 877 τὴν
200 831 459 879 εὖκλεεστάτην
479 837 538 870 ἐπὶ
561 835 631 879 τὴν
654 832 766 870 αι”τοῦ
790 835 982 870 καλεῖσθαι
1004 834 1185 879 διαδοχήν.
1203 840 1241 872 15
1255 834 1327 870 huc
1349 838 1468 870 aetate
1490 845 1535 870 ex
1549 834 1751 870 hominibus
1767 834 1931 876 decessit,
1955 835 1992 869 in
2006 834 2211 879 praedictas
2228 833 2331 869 nobi·

109 877 233 923 ἱπειδὴ
258 878 298 914 δὲ
320 880 492 923 τεχθεῖσα
516 881 568 914 &v
592 881 683 925 άτηρ
705 885 767 914 καὶ
789 878 881 924 αὐτὴ
902 885 1037 924 νηπίαν
1051 881 1187 927 ἄγουσα
1253 879 1407 923 lissimas
1430 880 1617 924 pervenire
1639 879 1814 921 mulieres,
1840 879 1979 924 reliqua
2000 889 2084 915 vero
2107 878 2334 915 substantiae

108 928 170 958 καὶ
192 922 338 968 ἁπαλὴν
361 927 416 960 ἔτι
437 926 506 969 τὴν
528 923 549 968 ἡ
574 929 671 959 mian
701 926 741 966 ἐξ
763 923 982 973 ἀνθρώπων
1005 923 1185 969 ἀπῆλθεν,
1253 924 1326 969 (et)
1348 934 1439 968 quae
1460 924 1498 960 in
1521 925 1590 960 hac
1612 934 1740 969 magna
1764 924 1907 960 civitate
1923 927 2008 960 sunt
2023 924 2160 966 domus,
2182 925 2332 969 insuper

109 969 158 1004 εἰς
178 970 242 1004 τὰς
263 971 448 1015 εἰρημένας
469 968 723 1005 εὐκλεεστάτας
749 971 998 1016 περιαχθῆναι
1018 974 1187 1017 γυναῖκας
1255 972 1292 1005 et
1314 970 1511 1014 proastium
1534 970 1730 1014 expressim
1752 970 1790 1005 in
1813 969 1985 1005 codicillis
2001 969 2255 1014 gloriosissimo
2271 969 2332 1004 de-

109 1014 155 1049 τά
184 1028 223 1049 τε
251 1014 361 1050 λοιπὰ
392 1018 456 1058 τῆς
486 1012 609 1050 οὐσίαι
630 1018 690 1049 καὶ
712 1016 782 1059 τὴν
805 1018 867 1051 ἐπὶ
889 1014 1021 1058 ταύτης
1042 1017 1106 1059 τῆς
1126 1029 1185 1060 με·
1254 1015 1380 1050 relicta
1402 1017 1488 1050 sunt
1503 1015 1643 1051 Hierio:
1668 1015 1786 1051 locum
1801 1014 1955 1050 forsitan
1970 1018 2044 1050 tam
2059 1025 2104 1050 ex
2118 1018 2331 1050 testamento

108 1058 218 1106 γοίλης
239 1058 379 1094 πόλεως
402 1061 531 1104 οἰκίαν,
552 1063 611 1093 καὶ
634 1059 724 1106 πρός
767 1074 785 1094 ο
807 1064 869 1094 καὶ
891 1061 936 1095 τὸ
957 1060 1185 1106 προάστειον,
1198 1065 1241 1097 20
1254 1070 1360 1105 quam
1391 1070 1436 1095 ex
1467 1060 1710 1096 codicillorum
1731 1060 1955 1096 sermonibus
1978 1060 2147 1095 adhibere
2167 1060 2245 1105 ipse
2268 1058 2332 1094 ‹lo-

108 1105 216 1138 τοῦτο
241 1102 285 1148 δι’]
308 1105 351 1139 τὸ
376 1106 492 1151 ῥητῶς
515 1107 577 1139 ἐπὶ
599 1107 664 1139 τοῦ
683 1119 736 1140 κω
760 1104 895 1140 ικίλλου
911 1104 1021 1151 Ἱερίῳ
1044 1108 1101 1149 τῷ
1122 1107 1186 1149 τῆς
1253 1115 1351 1140 mum
1373 1109 1410 1140 et
1432 1106 1630 1150 proastium
1653 1105 1855 1147 defendere,
1879 1105 1976 1141 solus
1999 1105 2044 1140 de
2067 1105 2180 1140 Hierii
2201 1104 2332 1149 glorIo-

109 1146 256 1190 ἐνδόξου
286 1149 426 1193 μνήμης
456 1149 712 1195 καταλειφθέν.
759 1150 883 1196 χώραν
911 1163 952 1185 τε
977 1151 1124 1186 εἰκότως
1147 1152 1187 1184 ἔκ
1252 1150 1383 1186 sissimi
1413 1150 1548 1186 familia
1579 1150 1769 1186 derelictus
1799 1160 1891 1195 quae
1918 1160 2014 1186 nunc
2038 1154 2075 1186 et
2096 1150 2249 1195 primum
2268 1149 2331 1184 ha·

108 1206 150 1227 τε
176 1195 240 1237 τῆς
263 1192 441 1238 διαθήκης
464 1197 503 1230 ἔκ
524 1207 565 1230 τε
587 1196 666 1230 τῶν
689 1197 755 1230 τοῦ
776 1193 988 1230 nunciandum,
1011 1195 1187 1240 ῥημάτων
1254 1195 1340 1231 bens
1370 1196 1408 1230 in
1436 1205 1568 1239 genere
1596 1197 1635 1231 in
1665 1206 1708 1232 eo
1739 1195 1882 1231 nomine
1908 1195 2068 1239 gradum.
2116 1195 2187 1231 Sed
2216 1195 2242 1230 ii
2270 1194 2333 1239 qui

109 1239 213 1280 ἔσχεν
243 1236 351 1274 αὐτὸς
376 1241 446 1283 τήν
473 1253 514 1274 τε
543 1240 661 1274 οἰκίαν
690 1244 750 1274 καὶ
779 1241 823 1275 τὸ
855 1242 1074 1285 προάστειον
1093 1239 1186 1275 ἐκδι-
1252 1251 1320 1285 pro
1339 1241 1457 1275 Maria
1485 1244 1522 1276 et
1544 1241 1660 1277 Maria
1686 1240 1950 1286 gloriosissimis
1979 1240 2121 1276 feminis
2144 1239 2256 1276 verba
2277 1240 2331 1274 fa-

108 1287 194 1324 κεῖν,
223 1285 334 1328 μόνος
364 1287 403 1318 ἐκ
433 1286 511 1319 τῶν
541 1283 659 1329 Ἱεριόυ
684 1287 749 1320 τοῦ
777 1287 840 1329 τῆς
869 1283 1018 1327 ἐνδόξου
1047 1286 1187 1331 μνήμης
1198 1290 1241 1323 25
1254 1285 1396 1321 ciebant
1430 1286 1634 1322 testamenti
1670 1286 1811 1331 quidem
1844 1285 1961 1321 verbis
1994 1286 2131 1321 nullum
2165 1285 2333 1320 dicebant

109 1326 256 1363 παίδων
281 1326 577 1374 ὑπολελειμμένος
607 1330 654 1364 τὰ
686 1333 755 1365 νῦν
785 1334 846 1364 καὶ
873 1333 1023 1376 πρῶτον
1046 1333 1187 1373 ἐπέχων
1252 1330 1371 1366 locum
1397 1345 1727 1363 ········
1752 1331 1844 1366 citra
1859 1331 2132 1368 Constantinum
2154 1329 2333 1374 gloriosae

110 1375 151 1407 ἐν
178 1376 232 1416 τῷ
261 1375 326 1417 τῆς
354 1373 526 1420 φαμιλίας
554 1371 707 1418 ὀνόματι
736 1375 805 1410 τὸν
831 1375 998 1420 βαθμόν.
1045 1374 1125 1410 ἀλλ’
1151 1375 1189 1410 οἱ
1253 1376 1442 1411 memoriae
1464 1386 1508 1411 ex
1531 1376 1746 1419 hominibus,
1767 1380 1950 1421 tamquam
1972 1376 2090 1412 locum
2111 1376 2245 1411 habere
2269 1375 2333 1417 [et]

107 1417 191 1453 τοὺς
214 1417 284 1453 ior*
327 1424 470 1465 Μαρίας
489 1423 550 1454 καὶ
573 1423 717 1464 Μαρίας
738 1421 816 1455 τῶν
837 1419 1089 1462 ἐνδοξοτάτων
1105 1434 1184 1457 ποι-
1253 1425 1443 1466 utrumque
1473 1431 1579 1456 suum
1609 1421 1790 1466 perficere,
1823 1431 1939 1467 neque
1970 1431 2051 1457 cum
2075 1422 2152 1465 lege
2174 1420 2333 1456 Alexan-

109 1464 255 1506 ούμενοι
318 1465 408 1511 ’γους
431 1468 506 1499 τοῖς
526 1467 595 1506 μὲν
618 1467 681 1507 τῆς
703 1463 880 1509 διαθήκης
903 1466 1061 1512 ῥήμασιν
1083 1463 1183 1500 οὐδε·
1251 1466 1355 1502 drum
1390 1467 1504 1502 virum
1537 1467 1830 1511 gloriosissimum
1863 1467 1982 1503 locum
2011 1466 2145 1502 habere
2175 1467 2223 1502 ad
2252 1465 2332 1511 has,

107 1511 196 1551 μίαν
228 1510 390 1554 ἔφασκον
422 1510 547 1554 χώραν
578 1510 768 1565 ἴενέσθαι·
812 1508 903 1554 μηδὲ
933 1512 1004 1558 γὰρ
1037 1509 1183 1546 παίδων
1195 1515 1237 1547 30

109 1556 216 1597 χωρὶς
239 1556 525 1589 Κωνσταντῖνον
554 1568 621 1589 τον
651 1557 713 1597 τῆς
743 1554 891 1596 ἐνδόξου
912 1557 1052 1601 μνήμης
1074 1555 1183 1592 ἄπελ-

109 1597 194 1631 θεῖν
217 1599 256 1639 ἐξ
276 1595 503 1644 ἀνθρώπων,
534 1596 583 1634 ὥς
603 1598 727 1643 χώραν
748 1601 793 1648 τῇ
816 1602 894 1634 τῶν
916 1602 1042 1636 οἰκιῶν
1065 1602 1182 1636 ἑκατέ-

109 1655 186 1687 ρων
220 1640 514 1678 ἇποκαταστάσει
550 1645 743 1691 γενέσθω,
785 1642 868 1680 ἀλλ’
890 1643 976 1681 οἶδὲ
997 1645 1089 1692 ὑπὲρ
1118 1648 1183 1681 τοῦ

110 388 241 432 ἑτέροις
271 386 499 429 διαπωλῆσαι
527 386 737 431 exposcimus,
769 387 838 429 τὴν
869 385 910 420 δὲ
935 386 1028 422 κατὰ
1047 399 1187 428 ταυτην

109 432 180 474 τὴν
202 428 399 476 εὖδαίμονα
421 429 532 467 πόλιν
555 432 682 474 οἰκίαν,
705 434 764 464 καὶ
789 431 936 484 πρό-ςιγε
957 436 1018 466 καὶ
1031 431 1076 466 τὸ
1092 432 1186 465 κατὰ

107 1766 174 1801 sub
196 1765 320 1801 eadem
342 1765 563 1809 condicione,
594 1778 639 1804 ne
664 1778 833 1813 umquam
857 1772 967 1804 extra
981 1767 1165 1820 familiam
1188 1778 1303 1803 meam
1326 1768 1382 1804 vel
1403 1778 1530 1803 nomen
1554 1778 1669 1803 meum
1692 1767 1907 1804 alienetur.“
1951 1770 2069 1815 Atque
2091 1767 2148 1805 liis
2169 1768 2222 1803 ita
2241 1767 2335 1804 actis

106 1810 208 1846 illum
230 1814 379 1847 mortem
403 1812 517 1848 obisse
523 1824 539 1853 ;
562 1811 727 1848 Hierium
750 1817 867 1849 autem
890 1812 1073 1860 qlorwsae
1095 1814 1290 1848 memoriae
1312 1812 1457 1848 domum
1479 1812 1623 1858 quidem
1649 1812 1824 1859 Tkeopoli
1845 1813 1885 1847 in
1907 1814 1996 1849 urbe
2016 1814 2136 1855 sitam,
2165 1824 2261 1860 quae
2282 1823 2334 1849 ex

103 1860 262 1902 paterna
283 1857 507 1892 successione
530 1857 580 1892 ad
601 1868 679 1892 eum
698 1859 932 1904 pervenisset,
954 1858 1039 1894 aliis
1061 1858 1262 1894 vendidisse
1273 1858 1458 1904 personis,
1480 1857 1624 1894 domum
1646 1862 1765 1894 autem
1783 1858 1823 1893 in
1845 1856 1915 1893 hac
1935 1858 2041 1904 felici
2062 1860 2150 1895 urbe
2171 1858 2278 1894 sitam
2298 1861 2335 1894 et

109 1902 259 1947 insuper
279 1901 523 1937 suburbanum
543 1901 735 1949 praedium
757 1903 796 1938 in
819 1902 999 1938 codicillis
1021 1903 1096 1949 ipsi
1116 1903 1253 1945 dattem,
1277 1904 1316 1939 in
1339 1902 1470 1949 quibus
1492 1902 1656 1939 omnibus
1678 1903 1850 1939 alienatio
1871 1903 2059 1949 prohibita
2080 1910 2146 1946 est,
2176 1904 2216 1938 in
2241 1903 2333 1940 Con-

108 1946 304 1981 staminum
334 1946 520 1991 qloriosae
542 1948 736 1982 memoriae
754 1947 871 1992 filium
893 1958 997 1983 suum
1021 1948 1273 1990 transmisisse,
1304 1953 1415 1994 atque
1445 1948 1546 1983 illum
1568 1959 1699 1983 rursm·
1718 1947 1875 1993 gravida
1896 1959 2017 1984 uxore
2038 1948 2167 1984 relicta
2190 1948 2236 1984 de
2257 1949 2333 1983 vita

108 1990 312 2032 decessisse,
334 1991 471 2038 scripto
496 1995 717 2034 testamento,
741 1993 779 2027 in
803 2003 877 2038 quo
899 1992 1146 2039 disposuisset,
1170 1997 1213 2028 ut
1229 1993 1305 2029 sive
1322 1993 1451 2038 infans
1471 2003 1545 2028 non
1566 1997 1744 2028 nascatur
1765 1994 1838 2028 sive
1861 1997 1971 2028 natus
1990 1994 2092 2029 intra
2102 1993 2334 2045 pubertatem

108 2035 310 2077 decesserit,
343 2039 415 2070 tam
445 2040 562 2071 mater
589 2047 658 2071 sua
681 2036 804 2072 Maria
816 2037 972 2116 semina
1000 2038 1275 2083 qloriosaezssima,
1307 2048 1415 2083 quam
1447 2038 1584 2073 coniux
1614 2048 1682 2072 sua
1709 2036 1833 2073 Maria
1858 2037 1999 2083 semina
2028 2038 2253 2074 nobilissima
2282 2037 2335 2073 ad

109 2080 225 2126 ipsius
253 2081 512 2116 successionem
541 2086 768 2117 vocarentur.
838 2093 896 2117 am
957 2089 1120 2128 ostquam
1151 2086 1239 2118 nata
1265 2082 1348 2127 filia
1378 2086 1414 2118 et
1442 2083 1526 2128 ipsa
1556 2083 1594 2117 in
1624 2083 1787 2128 infantia
1815 2086 1853 2118 et
1882 2088 2040 2118 tencrmn
2071 2082 2190 2118 adhuc
2219 2092 2334 2128 αρσια·

109 2129 263 2160 aetatem
292 2135 343 2160 ex
372 2124 553 2160 hominum
584 2126 660 2162 vita
691 2128 862 2170 excessit,
891 2093 955 2163 aei²

109 2170 267 2205 stantiae
964 2127 1177 2173 Praedia&
1204 2127 1365 2172 senu‘nas
1391 2127 1632 2163 nobilissimas
1661 2126 1820 2162 delatam
1849 2137 1926 2162 esse
1948 2138 2028 2162 cum
2051 2128 2228 2179 reliquam
2249 2127 2333 2162 sub·

166 2213 253 2249 ‘dem

321 2174 435 2204 artem
460 2174 533 2205 tum
556 2170 697 2206 domum
719 2172 758 2206 in
779 2170 848 2206 hac
869 2182 1005 2218 maqna
1023 2171 1111 2208 urbe
1132 2172 1240 2207 sitam
1262 2176 1300 2207 et
1320 2172 1470 2218 insuper
1491 2172 1601 2207 etiam
1625 2171 1869 2207 suburbanum
1890 2172 2084 2218 praedium
2112 2171 2207 2207 illud
2233 2171 2334 2218 quod

213 2259 221 2265 ·
300 2214 407 2249 iserte
426 2214 464 2249 in
486 2214 662 2250 codicillis
674 2215 802 2251 Hier-io
825 2216 1010 2262 qloriosae
1031 2217 1224 2252 memoriae
1244 2216 1406 2252 relictum
1429 2221 1521 2252 erat.
1556 2215 1690 2262 Itaque
1710 2217 1837 2252 merito
1861 2217 1940 2263 ipse
1958 2217 2196 2260 (Alexander)
2215 2216 2333 2252 locum

183 2263 236 2293 unt
266 2263 339 2294 tam
368 2270 419 2295 ex
450 2265 658 2295 testamento
689 2271 798 2305 quam
828 2271 879 2296 ex
906 2261 1023 2297 verbis
1050 2261 1301 2297 codicillorum
1331 2261 1475 2296 domum
1499 2265 1610 2307 atque
1630 2261 1874 2297 suburbanum
1896 2261 2087 2308 praedium
2111 2261 2331 2303 vindicandi,

109 2304 245 2383 quiippe
280 2304 344 2350 qui
358 2349 366 2355 Ι
380 2304 481 2339 solus
510 2315 560 2340 ex
590 2304 708 2340 Hierii
736 2305 921 2358 qloriosae
949 2306 1142 2342 memoriae
1172 2305 1295 2342 liberis
1323 2317 1420 2341 nunc
1446 2309 1647 2352 superesset
1676 2310 1712 2342 et
1766 2306 1896 2341 rimum
1923 2307 1962 2341 in
1990 2306 2159 2352 familiae
2187 2307 2333 2342 nomine

109 2359 156 2394 qr
205 2359 263 2383 um
292 2349 477 2384 obtmeret.
525 2349 654 2385 Verum
679 2361 742 2395 qun
770 2361 841 2396 pro
866 2349 988 2385 Maria
1011 2355 1047 2386 et
1065 2351 1185 2386 Maria
1204 2351 1354 2396 feminis
1375 2351 1644 2397 qloriosissimes
1666 2362 1729 2387 ver
1750 2362 1774 2386 a
1794 2351 1984 2395 faciebant
2005 2351 2143 2387 nullum
2166 2350 2333 2386 dicebant

112 2393 228 2429 verbis
260 2394 461 2429 testamenti
486 2393 603 2429 Iocum
633 2405 728 2429 csse:
758 2406 874 2440 neque
902 2396 997 2431 enim
1025 2395 1105 2431 sine
1126 2395 1248 2432 liberis
1272 2395 1543 2431 Constantinum
1564 2395 1749 2442 gloriosae
1770 2396 1963 2432 memoriae
1980 2407 2032 2432 ex
2052 2395 2235 2432 hominum
2258 2396 2332 2432 vita

109 2437 316 2482 excessisse,
339 2442 379 2473 ut
401 2439 590 2485 utriusque
612 2439 741 2474 domus
761 2440 983 2475 restitutioni
1006 2440 1107 2475 Iocus
1126 2441 1242 2485 fieret,
1264 2440 1330 2476 sed
1350 2452 1396 2476 ne
1417 2440 1615 2476 suburbani
1638 2441 1780 2486 quidem
1797 2441 1949 2486 praedii
1970 2441 2114 2478 nomine
2135 2441 2332 2477 secundum

154 2563 175 2595 2
191 2553 258 2594 οὖν
277 2574 337 2595 om.
355 2562 387 2594 L
403 2560 418 2605 Ι
432 2557 622 2602 ἀπελθεῖν]
646 2562 822 2605 procedere
844 2564 879 2605 (i.
896 2576 923 2597 e.
940 2561 1151 2607 παρελθεῖν)
1166 2575 1186 2599 ς

109 2607 154 2650 Ιί3
170 2605 288 2639 οἰκίαν
311 2619 370 2639 om.
387 2605 459 2650 ςΙΙΊ
486 2605 527 2640 τὸ
550 2603 766 2641 κωδίκελλον
781 2608 829 2651 L}
852 2610 892 2642 10
914 2610 968 2649 τε]
992 2619 1071 2641 vero
1087 2608 1186 2661 §1112

108 2650 257 2693 τεχθείη
289 2647 394 2685 παιδὶ
420 2652 469 2684 Μ
491 2654 671 2685 nascantur
699 2652 763 2685 filii
783 2664 803 2689 ς
878 2654 920 2687 13
951 2651 1186 2694 *τελευτησοι

111 2696 184 2729 ML
207 2695 220 2740 Ι
246 2691 358 2729 αὑτοῦ
382 2703 412 2729 et
434 2692 534 2739 αὑτῷ
559 2697 785 2741 Haloanderfl
811 2699 852 2732 16
876 2695 918 2731 δὲ
937 2697 1121 2739 τεχθεῖσα]
1146 2693 1184 2730 δ’

111 2739 243 2783 ἐτέχθη
266 2741 455 2774 Zachariae
478 2753 541 2774 non
559 2750 644 2775 recte
665 2741 678 2785 Ι
704 2738 817 2785 αὐτὴν
839 2743 900 2787 ΕΙ
926 2741 1086 2795 ᾅγουσαν
1111 2744 1159 2775 L⁴¹
1174 2741 1187 2787 ΙΙ

1252 2574 1342 2596 mum
1364 2565 1397 2597 V
1417 2562 1431 2601 Ι
1463 2565 1502 2598 18
1535 2563 1707 2596 codicillos
1729 2563 1780 2596 12¹
1799 2563 1955 2597 codicillo
1976 2563 2028 2597 13²
2054 2564 2069 2608 Ι
2100 2566 2141 2600 19
2163 2567 2244 2598 sunt
2267 2566 2331 2599 del.

1253 2608 1348 2642 Beck
1364 2609 1378 2650 Ι
1394 2609 1508 2652 hyerio
1535 2609 1605 2642 ΒΤ
1617 2608 1631 2652 Ι
1646 2610 1689 2642 20
1713 2619 1812 2650 quam
1835 2611 1887 2650 ex]
1910 2619 1950 2642 ax
1973 2622 2032 2643 om.
2052 2609 2162 2654 137³!
2181 2610 2223 2645 21
2247 2610 2333 2653 yerii

1255 2654 1289 2686 T
1306 2653 1371 2686 ieri
1394 2653 1455 2698 ΙίΙ
1474 2655 1517 2688 22
1541 2653 1727 2686 *derelicta
1751 2655 1829 2687 libri
1842 2654 1856 2697 Ι
1871 2664 1957 2696 qnae
1980 2655 2042 2688 del.
2067 2655 2163 2689 Beck
2178 2655 2192 2693 Ι
2209 2656 2251 2689 23
2274 2665 2331 2698 ge-

1254 2708 1332 2732 nere
1354 2699 1400 2739 V]
1423 2699 1517 2740 gerio
1540 2699 1574 2731 R
1597 2698 1713 2742 hyerio
1735 2699 1768 2732 T
1786 2699 1919 2738 (Hierio
1941 2699 2073 2743 vulq.)fl
2095 2699 2159 2733 ’in
2182 2703 2233 2742 eo]
2257 2711 2331 2734 meo

1254 2744 1333 2777 libri
1346 2743 1359 2787 Ι
1375 2743 1440 2776 Sed
1457 2763 1498 2768 —
1516 2743 1648 2776 feminis
1665 2744 1773 2788 suppl.
1791 2744 1843 2777 V⁸
1866 2747 1899 2778 in
1922 2752 2007 2788 spat.
2031 2757 2104 2778 vac·
2123 2746 2166 2790 1}
2184 2758 2234 2779 vv.
2251 2745 2264 2788 Ι
2280 2745 2331 2778 hii

112 2787 155 2820 18
177 2785 363 2829 εἰρημένας
385 2798 444 2819 om.
468 2786 500 2819 L
528 2785 541 2829 Ι
573 2788 614 2821 19
644 2789 697 2828 τε]
721 2797 799 2820 vero
821 2799 842 2824 ς
868 2787 883 2831 Ι
908 2800 975 2830 την
994 2807 1038 2811 -
1057 2787 1185 2828 οἰκίαν]

111 2840 196 2872 quae
215 2849 256 2854 —
276 2833 357 2863 sunt
379 2830 495 2863 domus
517 2842 537 2867 ς
565 2830 579 2874 Ι
606 2833 648 2865 20
678 2844 718 2877 γε
743 2834 804 2864 καὶ
827 2833 886 2873 Μ]
909 2844 950 2877 γε
973 2829 1017 2875 δὴ
1042 2833 1075 2866 L
1101 2834 1114 2875 Ι
1144 2833 1184 2866 21

110 2875 220 2908 τοῦτο
243 2872 288 2917 δὴ
308 2888 368 2908 om.
386 2887 405 2912 ς
421 2875 434 2918 Ι
451 2877 494 2910 22
517 2874 777 2921 καταλειφθέν]
802 2877 962 2910 derelicta
982 2880 1062 2910 sunt
1078 2890 1098 2914 ς
1114 2877 1127 2921 ΙΙ
1143 2879 1187 2911 2-1

111 2921 213 2961 ἔσχεν
237 2920 295 2961 Μ]
315 2921 410 2961 ἔχειν
433 2921 494 2957 Le
516 2922 673 2964 (rectam
694 2922 737 2956 25
760 2922 849 2963 τῶν]
872 2923 937 2955 τοῦ
958 2923 989 2955 L
1007 2922 1019 2975 Ι
1037 2924 1080 2956 26
1103 2925 1187 2956 παί-

111 2962 199 3005 Bm]
223 2964 352 2997 familia
374 2977 394 3001 ς
418 2965 430 3009 ΙΙ
457 2967 498 2999 27
523 2965 602 2999 τῶν
624 2965 789 3009 βαθμῶν
812 2967 892 3010 L‘ss
917 2968 959 3001 29
980 2965 1089 3012 λογον
1111 2967 1189 3010 ΗἿῘ

110 3011 152 3044 31
178 3008 406 3044 memma
429 3011 461 3043 L
478 3010 491 3054 Ι
508 3012 551 3044 32
574 3011 618 3056 τῇ
641 3011 720 3044 τῶν
742 3011 869 3045 οἰκιῶν
892 3012 1073 3055 ἑκατέρων
1096 3009 1187 3046 ἀπο·

110 3052 341 3096 καταστάσει]
372 3058 551 3097 utrumque
582 3066 679 3088 suum
708 3058 744 3097 (i.
769 3070 795 3090 e.
826 3057 955 3090 οἰκεῖον
980 3056 1148 3101 ἑκάτερον
1157 3057 1187 3095 ἲ)

112 3099 266 3142 perficere
290 3112 309 3136 ς
333 3100 346 3143 Ι
370 3099 512 3133 οἰκείων
537 3101 586 3134 L⁰
611 3102 669 3144 (cf.
695 3102 756 3145 ς)Ι
781 3103 823 3136 33
848 3098 932 3135 ἀλλ’
959 3111 988 3135 et
1010 3099 1102 3146 ὑπὲρ
1124 3102 1188 3135 τοῦ

112 3146 326 3189 προαστείου
350 3158 408 3178 om.
425 3157 456 3183 ς,
479 3143 568 3188 ὑπὲρ
593 3158 652 3178 om.
669 3146 708 3178 31

157 3276 178 3308 2
208 3275 363 3327 decedere
385 3277 478 3311 Beck
505 3278 518 3321 Ι
546 3281 636 3320 vero]
660 3279 736 3312 uiro
755 3279 789 3312 R
814 3290 892 3313 uero
916 3280 971 3314 nel
1002 3281 1077 3314 uiro
1102 3281 1153 3314 1⁷¹
1176 3282 1188 3325 Ι

112 3319 368 3362 *gloriosissmi
399 3322 477 3355 libri
508 3322 686 3364 (gloriosae
718 3326 893 3358 memoriae
914 3327 1024 3366 Beck,
1054 3327 1114 3360 sed
1143 3329 1186 3370 etl

114 3378 144 3397 v.
161 3366 192 3398 8.
218 3366 271 3399 18.
297 3366 353 3407 21)
369 3365 383 3408 Ι
399 3367 420 3399 3
443 3367 641 3409 theupolitis
660 3368 717 3411 V}
734 3370 767 3401 et
782 3369 888 3411 Beck]
913 3371 944 3403 ei
967 3374 1000 3404 et
1023 3371 1185 3415 RTvulq.

113 3409 192 3442 dum
213 3409 269 3452 Vn
286 3411 308 3443 4
330 3410 513 3444 vendidisse
529 3412 634 3452 Beck]
661 3413 811 3446 uendidit
824 3414 895 3447 ΒΤ
903 3416 991 3459 vulq.
1015 3416 1149 3454 uendat¹
1161 3418 1194 3450 V

112 3454 125 3498 Ι
140 3455 159 3486 ‘l
180 3453 335 3487 omnibus
350 3467 409 3487 om.
427 3457 460 3489 R
475 3457 488 3498 Ι
506 3457 526 3490 8
550 3457 597 3489 eis
613 3457 646 3490 T
658 3457 672 3500 Ι
686 3457 768 3499 filio]
790 3459 860 3491 eius
881 3459 952 3492 filio
970 3461 1001 3493 R
1019 3460 1032 3505 Ι
1048 3463 1069 3495 9
1081 3462 1187 3494 uitam

121 3499 156 3532 V
167 3498 219 3531 ita
234 3499 282 3532 R·
301 3503 314 3542 Ι
329 3499 532 3542 rescripsisse
555 3502 634 3535 dedi
654 3514 722 3535 cum
738 3502 876 3544 Beckio]
900 3505 1069 3548 rescripsit
1086 3507 1118 3539 R
1129 3508 1192 3540 VT

113 3544 183 3586 11⁰
213 3554 310 3585 quem
334 3543 420 3577 3¹1²
441 3545 455 3587 Ι
489 3547 530 3579 14
559 3547 717 3587 quoniam
739 3548 819 3580 nata
839 3548 958 3591 RVT]
982 3560 1084 3592 quum
1108 3555 1188 3585 nata

114 3587 180 3620 fuit
199 3588 284 3632 vulq.
308 3587 321 3631 Ι
349 3591 389 3623 15
412 3589 565 3623 omnibus
586 3590 676 3630 VT!
702 3592 743 3625 16
765 3591 896 3633 reliqua
916 3594 1186 3639 Hamburqensis]

82 3681 90 3691 ι
114 3632 261 3674 reliquae
287 3633 413 3677 RVTfl
429 3644 506 3667 vero
530 3636 591 3668 del.
617 3635 738 3679 Beckss
767 3638 806 3670 17
831 3639 864 3670 et
888 3639 964 3671 add.
992 3639 1085 3673 Beck
1100 3641 1114 3685 Ι
1130 3641 1187 3675 do-

1253 2788 1390 2832 RVTfl
1415 2790 1459 2822 24
1482 2792 1516 2821 et
1538 2789 1647 2822 Maria
1670 2801 1729 2822 om.
1757 2789 1822 2833 ΤΙ
1844 2789 1966 2822 satiant
1986 2789 2044 2834 ΡΙ
2059 2791 2163 2834 26⁸9.
2184 2792 2218 2824 in
2239 2792 2332 2824 libris

1255 2840 1286 2867 et
1306 2834 1392 2877 ναῖς.
1418 2835 1469 2867 hic
1493 2834 1581 2867 locus
1603 2835 1717 2868 misere
1743 2836 1890 2868 turbatus
1909 2841 1939 2868 et
2075 2843 2125 2868 tus
2145 2836 2261 2880 lepitur
2283 2837 2331 2869 ita

1254 2878 1409 2911 dicebant
1437 2878 1557 2911 locum.
1604 2889 1712 2921 neque
1736 2889 1813 2912 cum
1834 2878 1958 2921 legitur
1980 2879 2196 2914 alexandrum
2218 2880 2331 2913 uirum

1253 2923 1530 2965 gloriosissimum
1551 2923 1746 2966 (gloriosum
1762 2925 1809 2966 Τ)
1832 2924 1944 2957 locum
1966 2924 2087 2958 habere
2110 2927 2178 2958 tam
2201 2935 2242 2958 ex
2262 2936 2331 2957 om-

1253 2968 1353 3000 nibus
1365 2968 1478 3001 locum
1492 2969 1684 3011 habere(1‘ta
1695 2969 1792 3011 Val.,
1814 2971 1935 3002 tam—
1945 2969 2067 3002 habere
2081 2982 2139 3003 οηι.
2150 2970 2221 3003 BT
2228 2970 2329 3012 σαῖς.)

1254 3016 1288 3046 et
1310 3015 1384 3055 (om.
1397 3014 1461 3055 Τί)
1484 3017 1663 3056 utrumque
1677 3025 1771 3047 snum
1791 3014 1947 3058 perficere
1963 3015 2072 3056 ipsum
2086 3016 2120 3046 et
2137 3015 2250 3053 (etiam
2265 3015 2328 3055 T¹)

1255 3058 1340 3091 citra
1362 3059 1612 3091 constantinum
1633 3059 1798 3100 gloriosae
1820 3059 1995 3092 memoriae
2018 3069 2119 3099 quam
2143 3060 2255 3100 (quem
2264 3058 2329 3099 R1)

1254 3103 1297 3135 ad
1319 3103 1375 3143 (ad
1394 3116 1454 3137 om.
1475 3104 1524 3144 V)
1547 3104 1609 3137 hos
1631 3107 1799 3146 tamqnam
1821 3104 1932 3137 locum
1959 3106 1992 3136 et
2014 3106 2194 3145 (tamquam
2216 3103 2258 3136 ad
2279 3103 2330 3135 lo-

1255 3158 1331 3180 cum
1359 3148 1461 3192 vulq.)
1494 3148 1696 3182 alienantem
1729 3150 1913 3191 proastium
1941 3155 1996 3182 cet.
2032 3148 2224 3191 corruptela
2255 3155 2329 3181 orta

1253 3194 1382 3226 videtur
1403 3205 1550 3228 versuum
1572 3196 1656 3228 serie
1679 3196 1712 3227 in
1737 3195 1910 3237 archetypo
1929 3195 2079 3226 turbata.-
2102 3200 2137 3225 ut
2150 3205 2220 3226 cum
2233 3205 2330 3226 uerus

1253 3240 1420 3271 verborum
1443 3240 1523 3272 ordo
1546 3239 1650 3272 esset⁸
1674 3254 2120 3263 ———————
2142 3237 2227 3270 citra
2250 3248 2328 3270 con-

1253 3282 1439 3315 stantinum
1460 3283 1627 3326 gloriosae
1650 3283 1827 3316 memoriae
1846 3282 1852 3324 Ι
1874 3282 1940 3314 ’ex
1954 3281 2145 3315 hominibus
2160 3284 2329 3324 tamquam

1253 3327 1365 3360 locum
1392 3327 1514 3361 habere
1544 3331 1578 3361 et
1607 3330 1682 3370 (del.
1706 3330 1739 3360 et
1748 3328 1777 3369 Τ)
1808 3329 1987 3368 utrumque
2016 3337 2113 3359 suum
2145 3326 2327 3372 perficere(

1257 3372 1389 3414 ³neque
1406 3383 1481 3406 cum
1505 3373 1578 3415 lege
1601 3373 1815 3406 alexandrum
1844 3372 1955 3404 uirum
1977 3370 2253 3413 gloriosissimum
2275 3371 2328 3405 lo-

1255 3428 1331 3450 cum
1354 3418 1475 3451 habere
1497 3419 1539 3451 ad
1562 3419 1622 3451 has
1642 3420 1647 3458 Ι
1667 3418 1775 3460 ipsum
1790 3419 1823 3448 et
1838 3416 2038 3448 alienantem
2055 3417 2239 3457 proastimn
2256 3424 2327 3471 eet.3

1253 3475 1365 3496 versus
1383 3465 1400 3497 1
1426 3470 1456 3496 et
1470 3464 1491 3496 3
1509 3464 1607 3496 lomim
1624 3464 1705 3495 inter
1721 3475 1756 3494 se
1771 3468 1936 3502 mutarent,
1951 3463 2049 3494 verba
2063 3461 2106 3493 ad
2120 3461 2180 3494 has
2196 3463 2254 3503 (=
2269 3462 2317 3495 ἐπ

1256 3503 1376 3549 aivis)
1400 3508 1506 3541 alieno
1531 3509 1599 3540 loco
1625 3508 1849 3547 insererentur,
1883 3507 2019 3548 denique
2036 3507 2133 3549 prior
2150 3519 2235 3549 pars
2256 3518 2328 3540 verb·

1254 3566 1308 3586 sus
1334 3555 1351 3587 l
1383 3554 1472 3586 hiatu
1504 3553 1688 3585 hauriretur
1718 3552 1765 3583 ita
1777 3552 1854 3593 fere
1876 3552 2077 3593 supplenda:
2101 3550 2255 3583 dicebant
2276 3550 2329 3584 lo-

1254 3608 1330 3630 cum
1349 3600 1355 3638 Ι
1374 3597 1478 3641 <fieri:
1502 3606 1609 3637 neque
1628 3596 1716 3628 enim
1731 3594 1904 3628 decessisse
1920 3594 2018 3639 filiis>
2033 3596 2117 3628 citra
2130 3597 2187 3638 (qfi
2204 3597 2328 3637 74215

1255 3644 1450 3675 testamento
1475 3641 1570 3681 citra)

1931 3695 2002 3729 93*
