2592 3840
263 87 371 130 NOV.
401 87 499 130 LIII
530 91 566 130 5.
600 89 624 129 6

261 200 283 234 1
330 197 399 233 Διὰ
421 201 527 233 τοῦτο
549 202 674 233 τοίνυν
698 199 922 242 θεσπίζομεν
951 195 997 232 τὰ
1021 199 1059 232 ἐκ
1087 200 1150 232 τοῦ
1174 198 1341 245 καλουμέ·

262 257 326 278 νου
349 243 457 279 κάσου
480 247 670 290 στρατείας
692 242 740 288 μὴ
758 246 870 278 παντὶ
893 246 1091 290 προχείρως
1110 241 1343 289 ὑποκεῖσθαι,

262 288 412 332 πλὴν-εἰ
435 288 484 334 μὴ
508 287 693 332 δανειστὴς
724 289 777 331 εἴη
801 284 821 322 ὅ
844 288 892 322 εἰς
917 285 1003 322 αὐτὸ
1035 290 1141 323 τοῦτο
1174 287 1341 326 δανείσας

262 332 322 380 ἐφ’
351 349 381 378 ῳ
413 337 473 378 τῆς
502 338 689 382 στρατείας
720 335 857 367 ἐκεῖνον
887 336 1015 376 τυχεῖν.
1063 335 1239 383 ἐπείτοιγε
1267 339 1341 371 τοῖς

260 378 379 414 ἄλλοις
411 379 613 414 δανεισταῖς
643 376 684 412 οὐ
711 382 910 425 προχείρως
933 377 1080 422 δίδομεν
1102 381 1228 415 τοῦτο·
1255 377 1338 415 ἀλλ’

262 426 294 458 εἰ
315 427 383 469 μὲν
406 423 530 460 παῖδες
554 418 644 458 αἷσιν
667 420 689 467 ἢ
711 423 848 471 γαμετὴ
878 425 932 468 τῷ
957 422 1229 469 τελευτήσαντι,
1260 425 1339 461 τού-

261 482 343 505 τους
374 472 463 504 πᾶσι
493 473 732 516 προκρίνομεν
764 467 927 514 τρόποις,
966 465 1052 504 dicre
1088 473 1270 516 προςιέναι
1301 485 1341 506 τε

262 513 348 559 ἡμῖν
375 518 435 549 καὶ
466 514 558 549 κατὰ
581 513 742 548 κέλευσιν
773 512 950 562 ἡμετέραν
975 516 1091 549 ταῦτα
1114 516 1341 561 κομίζεσθαι,

261 559 326 602 οὐχ
350 558 398 594 ὠς
420 561 595 613 πατρῷον
618 558 760 606 κλῆρον,
791 560 886 617 ei'ye
916 558 963 594 τὰ
993 558 1084 594 ἄλλα
1112 559 1245 607 ἄπορος
1276 562 1339 605 εἴη,

1341 85 1435 151 ἓ304

2131 101 2192 134 DE
2219 103 2488 138 EXHIBENDIS

1411 203 1433 238 1
1486 201 1683 247 Propterea
1713 201 1821 247 igitur
1852 201 2032 238 sancimus
2064 212 2108 238 ea
2138 213 2230 248 quae
2261 203 2488 248 appellantur

1412 256 1456 282 ex
1473 257 1560 283 casu
1583 258 1656 283 non
1680 247 1843 283 omnibus
1892 250 2031 293 rompte
2053 247 2250 291 subiacere,
2274 249 2347 284 nisi
2368 253 2488 286 tamen

1410 292 1566 328 creditor
1597 292 1706 328 fuerit
1737 292 1798 338 qui
1829 257 1979 345 adphoc·
1998 293 2114 338 ipsum
2137 293 2328 336 mutuavit,
2359 297 2402 330 ut
2422 294 2488 331 mi-

1408 337 1487 372 litia
1516 338 1568 373 illi
1599 340 1785 374 emeretur.
1837 337 2006 382 Alioqum
2037 339 2117 374 aliis
2150 338 2385 374 creditoribus
2415 349 2489 376 non

1378 386 1396 418 5
1409 387 1573 428 prompte
1596 383 1721 419 damus
1745 383 1834 419 hoc:
1869 382 1932 419 sed
1958 384 1988 418 si
2012 384 2152 428 quidem
2179 383 2243 419 filii
2262 383 2398 420 fuerint
2425 388 2490 420 aut

1409 438 1501 464 uxor
1535 428 1715 472 defuncti,
1752 429 1842 464 istos
1878 429 2040 465 omnibus
2074 429 2329 474 praeponimus
2362 429 2489 473 modis,

1410 478 1450 508 ut
1473 473 1605 509 adeant
1628 484 1694 509 nos
1718 476 1755 509 et
1778 473 1975 509 secundum
1997 473 2192 510 iussionem
2214 478 2377 510 nostram
2399 474 2490 511 haec

1410 519 1567 554 habeant
1597 530 1670 554 non
1692 521 1875 564 tamquam
1905 522 2092 564 paternam
2115 519 2366 563 hereditatem,
2398 520 2430 555 si
2451 519 2491 556 in

1410 564 1488 599 aliis
1512 564 1616 609 inops
1641 564 1699 606 sit,
1731 565 1795 600 sed
1826 566 2007 609 tamquam
2035 564 2254 610 imperialem
2280 564 2511 600 munificen-‘

262 603 352 639 ἀλλὰ
367 604 566 662 ,βασιλικην
590 604 810 651 φιλοτιμίαν,
834 618 895 639 ινα
918 608 978 639 καὶ
993 608 1067 640 τοῖς
1086 603 1214 641 οὐσίαν
1233 620 1339 642 κατα·
1356 612 1397 644 10
1410 609 1507 652 tiam,
1530 613 1571 643 ut
1589 611 1626 645 et
1644 609 1883 645 substantiam
1902 610 2185 655 relinquentibus
2207 613 2243 645 et
2261 620 2334 645 non
2353 609 2491 646 haben-

263 650 480 695 λιμπανουσι
511 653 571 683 καὶ
594 653 667 684 τοῖς
692 647 756 683 οὐκ
779 653 899 693 ἔχουσι
926 649 973 684 τὰ
996 649 1116 686 εἰκότα
1139 650 1340 696 βοηθῆσαι·

260 710 338 739 μεν.
382 697 429 729 Εἰ
460 698 585 739 μέντοι
619 693 733 730 οὐδεὶς
762 694 881 730 αὐτοῖς
914 693 997 730 οὔτε
1032 699 1116 731 παῖς
1146 696 1227 731 οὔτε
1252 696 1342 745 γυνὴ

261 740 490 784 καθεστήκοι,
512 737 594 774 οὐδὲ
614 739 801 784 δανειστὴς
820 738 839 775 ὁ
859 741 907 775 εἰς
928 739 1041 784 αὐτὴν
1060 740 1128 784 τὴν
1147 746 1342 789 στρατείαν

262 785 438 827 δανείσας,
461 787 661 828 τηνικαῦτα
684 789 744 819 καὶ
768 789 842 820 τοῖς
865 785 983 820 ἄλλοις
1009 785 1213 822 δανεισταῖς
1235 801 1342 832 μετα-

1411 654 1507 689 tibus
1539 655 1665 690 merito
1696 655 1869 690 solacium
1898 655 2145 699 praebeamus.
2194 655 2233 690 Si
2256 665 2341 691 vero
2371 655 2491 691 nullus

1411 700 1462 734 eis
1497 709 1613 744 neque
1646 699 1741 735 filius
1777 710 1891 745 neque
1922 710 2014 735 uxor
2045 700 2155 736 fuerit
2188 710 2304 745 neque
2335 700 2493 736 creditor

1411 744 1473 789 qui
1495 744 1542 779 ad
1564 745 1679 790 ipsam
1702 745 1863 780 militiam
1884 745 2071 787 mutuavit,
2103 747 2191 781 tunc
2214 749 2251 780 et
2274 745 2353 781 aliis
2377 745 2490 781 credi-

1411 789 1549 825 toribus
1580 790 1792 834 praebemus
1823 790 1930 832 haec,
1971 800 2015 826 ne
2046 790 2228 826 videamur
2257 790 2491 826 inhumanum

261 829 408 885 δίδομεν
438 832 517 865 τῶν
547 830 736 873 τοιούτων,
767 832 828 865 ἵνα
858 833 907 876 μὴ
940 829 1111 876 δόξαιμεν
1128 830 1341 887 ,ἀπάνθρω-
1357 837 1397 869 15
1411 835 1545 879 aliquid
1565 834 1686 870 facere
1710 838 1746 870 et
1761 845 1833 870 non
1850 836 1997 880 propter
2019 835 2115 880 piam
2139 838 2177 871 et
2200 835 2266 871 deo
2289 835 2491 881 placentem

261 888 334 910 πον
358 890 393 910 τι
411 879 529 910 ποιεῖν
553 880 613 910 καὶ
637 874 678 910 οὗ
702 874 754 910 δι’
778 875 908 922 εὐσεβῆ
930 880 990 911 καὶ
1014 878 1094 921 θεῷ
1120 880 1342 924 αρέσκουσαν

260 922 392 967 πρᾶξιν
415 922 564 955 τιθέναι
587 921 654 956 τὸν
677 922 798 966 νόμον.
847 923 926 956 τῶν
957 926 1040 968 περὶ
1068 923 1130 965 τῆς
1153 927 1342 969 στρατείας

260 968 337 1000 τῶν
353 965 610 1012 περιβλέπτων
633 966 887 1013 σιλεντιαρίων
908 965 1030 1002 ἰδικῶς
1053 966 1259 1011 δεδομένων
1282 971 1342 1003 καὶ

260 1011 598 1066 πεφιλοτιμημένων
638 1009 757 1047 αὐτοῖς
797 1016 1010 1059 προνομίων
1051 1015 1111 1047 ἐπὶ
1151 1015 1213 1057 τῆς
1249 1012 1343 1048 ἰδίας

260 1056 375 1099 ἰσχύος
404 1070 607 1102 μενοντων.

1410 880 1588 916 actionem
1610 889 1745 925 ponere
1768 880 1899 925 legem:
1936 880 1979 915 de
2002 880 2128 915 militia
2154 881 2289 926 quippe
2311 880 2490 926 spectabi-

1410 925 1496 960 lium
1520 925 1794 960 silentiariorum
1825 925 1969 970 proprie
1993 925 2085 960 datis
2118 927 2154 961 et
2175 925 2314 970 largitis
2337 925 2390 961 eis
2412 925 2487 971 pri-

1410 970 1545 1015 vilegiis
1568 971 1605 1005 in
1629 979 1697 1006 sua
1719 969 1851 1006 virtute
1873 970 2113 1006 manentibus.

1356 1061 1399 1095 20

1257 1172 1417 1209 CAPUT
1440 1173 1502 1209 VI.

309 1233 456 1281 Ἐπειδὴ
479 1236 519 1271 δὲ
542 1237 631 1284 πρὸς
654 1237 944 1284 φιλανθρωπίαν
968 1235 1061 1275 ἅπας
1085 1237 1168 1284 ἡμῖν
1191 1238 1211 1275 ὁ
1235 1238 1342 1285 νόμος

259 1277 445 1337 ἥρμοσται,
466 1282 609 1328 ὁρῶμεν
628 1282 671 1318 δέ
686 1296 787 1319 τινας
806 1286 1060 1319 συνοικοῦντας
1079 1285 1219 1332 γυναιξὶ
1240 1298 1341 1331 προι-

260 1340 370 1371 κῳων
393 1332 518 1374 χωρίς,
550 1329 630 1363 εἶτα
651 1328 905 1373 τελευτῶντας,
935 1333 995 1364 καὶ
1016 1329 1098 1364 τοὺς
1120 1333 1188 1375 μὲν
1209 1328 1342 1366 παῖδας

260 1374 298 1406 ἐκ
322 1373 385 1407 τοῦ
409 1371 520 1418 νόμου
543 1373 777 1428 καλουμένους
800 1374 979 1429 πρὸςντὸν
1002 1377 1177 1422 πατρῷον
1199 1375 1341 1424 κλῆρον,

1463 1241 1638 1285 Quoniam
1663 1250 1755 1295 yero
1785 1241 1832 1278 ad
1863 1241 2085 1278 clementiam
2117 1243 2231 1278 omnis
2263 1253 2286 1278 a
2305 1243 2408 1278 nobis
2431 1243 2492 1278 lex

1409 1286 2145 1375 {gestiistismisissit&
2158 1289 2492 1377 ⁰32¹²5532¹¹²31⁵2ffl¹1¹23

1411 1387 1454 1412 ex
1477 1377 1555 1422 lege
1578 1380 1723 1412 vocatos
1757 1377 1803 1412 ad
1834 1380 2018 1423 paternam
2044 1378 2293 1422 hereditatem,
2324 1378 2490 1414 mulieres

259 1417 322 1452 τὰς
350 1416 393 1471 δέ
419 1422 603 1466 γυναῖκας,
639 1434 708 1454 καν
735 1421 766 1454 εἰ
797 1432 959 1476 girelmus
990 1422 1031 1454 ἐν
1047 1419 1160 1476 ἱτάξει
1190 1426 1342 1465 νομίμης
1355 1424 1397 1457 25
1411 1425 1540 1465 autem,
1565 1422 1650 1457 licet
1673 1422 1790 1458 decies
1815 1423 1927 1459 milies
1950 1423 1989 1458 in
2013 1427 2111 1459 statu
2133 1424 2308 1468 legitimae
2331 1422 2411 1459 coni
2461 1423 2490 1459 'S

258 1475 413 1510 γαμετης
431 1464 656 1508 συνῴκησαν,
681 1462 761 1499 ἀλλ’
781 1479 845 1500 ουν
867 1464 926 1500 διὰ
945 1464 987 1500 τὸ
1010 1480 1059 1513 μη
1080 1467 1258 1512 γενέσθαι
1277 1467 1340 1511 μή·

259 1522 299 1542 τε
323 1511 454 1555 προῖκα
476 1509 566 1554 μήτε
590 1514 839 1556 προγαμιαίαν
863 1509 1006 1556 δωρεὰν
1028 1510 1142 1556 μηδὲν
1165 1514 1260 1554 ἔχειν
1283 1509 1340 1546 δυ·

260 1557 435 1598 ναμένας,
470 1554 553 1589 ἀλλ’
593 1554 721 1604 ἐσχάτῃ
757 1555 921 1598 συζώσας
956 1553 1099 1603 ἀπορία,
1139 1555 1198 1591 διὰ
1233 1558 1341 1591 τοῦτο

261 1600 497 1644 θεσπίζομεν,
533 1598 712 1655 πρόνοιαν
745 1601 922 1648 γενέσθαι
955 1600 1099 1637 τούτων
1131 1605 1191 1636 καὶ
1225 1604 1266 1636 ἐν
1295 1603 1340 1650 τῇ

1410 1467 1617 1509 manserint,
1643 1470 1800 1508 attamen
1823 1478 1864 1504 eo
1885 1468 1980 1513 quod
2002 1479 2075 1504 non
2098 1469 2146 1504 sit
2164 1469 2264 1504 facta
2286 1478 2403 1514 neque
2449 1478 2490 1504 os

1411 1523 1525 1558 neque
1562 1513 1816 1558 antenuptialis
1852 1514 1997 1549 donatio
2033 1513 2120 1549 nihil
2155 1514 2289 1550 habere
2319 1513 2489 1555 valentes,

1411 1558 1475 1594 sed
1505 1558 1696 1594 novissima
1727 1559 1882 1594 viventes
1915 1559 2055 1604 inopia,
2091 1563 2281 1604 propterea
2310 1559 2490 1594 sancimus

1411 1603 1669 1648 providentiam
1704 1603 1782 1639 fieri
1817 1604 1923 1639 etiam
1957 1604 2084 1639 harum
2121 1609 2158 1639 et
2191 1605 2230 1641 in
2263 1604 2490 1640 successione

261 1643 411 1697 διαδοχῇ
423 1646 503 1699 ιτοῦ
532 1645 826 1689 τελευτησαντος,
857 1650 918 1680 καὶ
949 1645 1017 1690 τὴν
1039 1646 1213 1700 τοιαύτην
1234 1661 1341 1702 γαμε-
1355 1650 1397 1683 30
1411 1649 1594 1685 morientis
1626 1651 1663 1684 et
1685 1649 1889 1685 huiusmodi
1912 1660 2060 1686 uxorem
2083 1660 2164 1685 cum
2187 1649 2269 1685 filiis
2293 1649 2423 1686 vocafi.
2439 1648 2493 1684 Et

260 1704 328 1732 την
347 1703 439 1735 μετα
458 1691 537 1725 τῶν
556 1689 703 1726 παίδων
723 1691 927 1726 καλεῖσθαι.
968 1695 1028 1726 καὶ
1049 1689 1166 1739 ὥςπερ
1185 1694 1340 1740 ἔγραψα·

259 1732 468 1794 ,ιιενὶνόμεον3
486 1735 716 1791 ῥζουλὶόμενον,
739 1738 839 1784 εἴπερ
858 1735 1034 1790 ἄπροικον
1058 1730 1172 1772 οὖσαν
1191 1739 1260 1782 τὴν
1279 1751 1341 1785 γα-

260 1794 373 1834 μιξτην
404 1794 424 1815 ο
448 1794 539 1826 ανὴρ
561 1784 836 1836 αποπέμψεται,
870 1795 912 1816 το
937 1785 1114 1836 τέταρτον
1151 1786 1257 1839 μέρος
1283 1784 1344 1827 τῆς

262 1827 370 1860 αυτοῦ
402 1830 606 1873 περιουσίας
635 1826 835 1872 λαμβανειν
858 1826 982 1871 αὐτην,
1017 1825 1113 1862 οὕτω
1133 1828 1337 1871 κανταῦθα,

1412 1694 1505 1729 sicut
1535 1694 1742 1739 scripsimus
1774 1695 1888 1739 legem
1916 1695 2109 1738 volentem,
2143 1695 2173 1731 si
2202 1695 2279 1731 sine
2310 1695 2392 1730 dote
2415 1695 2489 1730 exi-

1412 1741 1562 1775 stentem
1586 1750 1734 1774 uxorem
1765 1739 1818 1775 vir
1850 1740 2033 1782 dimiserit,
2066 1743 2230 1784 quartam
2251 1743 2391 1786 partem
2413 1739 2491 1776 eius

1413 1784 1636 1820 substantiae
1666 1785 1832 1830 accipere
1864 1795 1959 1828 eam,
1995 1786 2046 1821 sic
2078 1785 2186 1821 etiam
2215 1785 2289 1828 hic,
2324 1785 2491 1830 quoniam

1410 1829 1583 1874 contingit
1613 1829 1708 1865 forte
1738 1840 1875 1875 paucos
1906 1833 1971 1865 aut
1993 1831 2115 1875 plures
2139 1841 2218 1867 esse
2240 1831 2350 1872 filios,
2382 1840 2489 1876 quar-

261 1868 455 1926 ἐπειδήπερ
487 1871 577 1925 εἰκὸς
607 1869 743 1918 ὀλίγους
773 1872 795 1916 ἢ
818 1871 958 1907 πλείους
981 1873 1074 1907 εἶναι
1099 1871 1240 1915 παῖδας,
1265 1872 1341 1916 «τὴν
1354 1877 1396 1909 35
1411 1878 1484 1909 tam
1501 1878 1641 1920 partem
1661 1875 1886 1911 substantiae
1907 1875 2039 1911 habere
2058 1876 2252 1919 muliebrem,
2276 1876 2349 1911 Sive
2367 1877 2489 1920 plures
2544 1897 2546 1899 ·

261 1930 437 1962 τεταρτην
467 1929 530 1961 της
559 1921 763 1964 περιουσίας
793 1922 923 1965 μοῖραν
947 1919 1164 1963 κομίζεσθαι
1192 1918 1260 1962 τὴν
1283 1932 1340 1966 yv-

260 1964 379 2003 ναῖκα,
398 1963 471 1996 εἴτε
487 1961 628 1997 πλείους
645 1964 716 1997 εἴτε
733 1961 900 1998 ἐλάττους
914 1963 951 1998 οἱ
965 1963 1090 1999 παῖδες
1105 1964 1185 1998 εἷεν.
1217 1964 1249 1998 εἰ
1261 1967 1342 2009 μέν·

1411 1920 1483 1955 sive
1514 1920 1632 1955 minus
1663 1920 1727 1955 filii
1755 1920 1900 1956 fuerint.
1949 1921 1987 1956 Si
2010 1924 2130 1957 tamen
2159 1922 2317 1966 legatum
2347 1919 2490 1967 aliquod

318 2044 390 2074 cap.
414 2032 513 2074 V§1
541 2033 781 2076 (Θεσπίζομεν
804 2032 867 2066 τὰς
879 2057 978 2068 .....
982 2034 994 2075 )
1018 2040 1106 2067 extat
1127 2034 1164 2067 B
1190 2034 1244 2075 25,
1258 2041 1274 2067 6
1299 2034 1362 2075 (B‘
1384 2047 1417 2078 p.
1432 2035 1498 2067 322
1519 2035 1635 2075 Zach.)
2412 2048 2415 2049 ⁷

317 2090 389 2120 cap.
418 2078 470 2111 VI
489 2091 547 2111 om.
572 2078 620 2120 L,
652 2079 790 2112 eiusdem
816 2079 1001 2122 particulas
1031 2079 1189 2122 quasdam
1218 2092 1287 2112 cum
1311 2080 1457 2113 novellae
1479 2080 1627 2113 CXVII
1645 2082 1753 2123 cap.5
1779 2081 2013 2114 contaminatas
2037 2081 2162 2114 exhibet
2185 2081 2221 2114 B
2246 2082 2346 2122 28,Ῐῖ
2370 2081 2490 2126 (cf-B2

240 2169 245 2174 ἱ
256 2135 293 2165 p.
310 2124 369 2156 161
386 2123 504 2164 Zach.)
529 2125 666 2166 indeque
687 2124 739 2157 illi
759 2124 905 2157 novellae
929 2125 1069 2158 insertas
1092 2126 1207 2167 repetit
1226 2125 1258 2157 L
1273 2127 1309 2169 s.
1327 2126 1403 2163 142,
1427 2126 1512 2158 unde
1538 2125 1680 2159 lectionis
1705 2126 1960 2168 discrepantiam
1983 2127 2105 2159 notavi.

258 2203 281 2237 1
326 2200 531 2247 Propterea
554 2202 669 2247 iqitur
690 2202 890 2245 sancimus,
925 2206 965 2237 ut
988 2214 1032 2238 ea
1055 2213 1149 2249 quae
1171 2206 1257 2238 sunt
1287 2214 1337 2239 ex
1367 2214 1455 2238 casu
1479 2203 1543 2249 qui
1565 2208 1716 2239 vocatur
1738 2204 1888 2239 militiae
1918 2214 1991 2238 non
2020 2203 2133 2239 cuivis
2164 2207 2294 2239 temere
2316 2204 2490 2251 oppiqne·
2543 2198 2547 2199 ⁷

259 2250 398 2289 rentur,
430 2246 502 2281 nisi
528 2247 561 2281 si
585 2246 745 2282 creditor
766 2247 814 2282 sit
843 2248 907 2294 qui
936 2246 987 2282 ad
1008 2246 1077 2283 hoc
1099 2247 1217 2294 ipsum
1241 2249 1437 2294 pecuniam
1467 2247 1621 2283 credidit
1650 2252 1691 2283 ut
1722 2248 1852 2284 militia
1880 2248 1942 2284 ille
1997 2248 2160 2284 otiretur.
2217 2247 2318 2285 Certe
2340 2249 2490 2296 reliquis

260 2291 499 2327 creditoribus
522 2303 595 2327 non
621 2295 751 2328 temere
773 2293 843 2328 hoc
865 2292 1113 2328 concedimus:
1142 2292 1207 2328 sed
1228 2294 1263 2328 si
1284 2293 1459 2339 defuncto
1486 2293 1590 2328 liberi
1620 2293 1695 2328 sint
1723 2293 1780 2329 vel
1806 2304 1930 2336 uxor‚·
1978 2304 2019 2329 os
2051 2293 2216 2330 omnibus
2245 2293 2363 2330 modis
2389 2298 2488 2331 ante·

258 2338 446 2383 ponimus,
478 2341 521 2372 ut
550 2341 587 2373 et
614 2337 748 2373 adeant
778 2348 847 2373 nos
876 2342 912 2374 et
940 2337 1136 2374 secundum
1167 2338 1361 2374 iussionem
1388 2342 1552 2374 nostram
1575 2349 1619 2373 ea
1643 2339 1829 2384 auferant,
1861 2350 1935 2374 non
1961 2344 2144 2385 tamquam
2167 2343 2365 2386 paternam
2389 2339 2489 2376 here-
2539 2364 2542 2384 3

260 2382 420 2424 (litatem,
450 2382 484 2417 si
507 2382 649 2428 quidem
672 2383 856 2430 ceteroqui
878 2384 987 2430 inops
1009 2383 1069 2426 sit,
1100 2383 1165 2419 sed
1188 2387 1370 2430 tamquam
1394 2383 1615 2431 imperialem
1636 2383 1909 2426 liberalitatem;
1943 2395 2015 2430 quo
2039 2388 2075 2419 et
2097 2384 2143 2419 iis
2173 2384 2237 2430 qui
2260 2384 2356 2420 bona
2379 2383 2488 2420 relin-

261 2432 376 2473 quunt
405 2432 440 2463 et
471 2429 536 2473 qui
563 2427 655 2463 nihil
680 2427 814 2464 habent
841 2440 945 2476 opem
976 2440 1085 2475 quam
1114 2439 1187 2475 par
1216 2436 1271 2464 est
1288 2430 1466 2475 seramus.
1521 2427 1563 2464 Si
1584 2440 1668 2465 vero
1689 2429 1735 2464 iis
1765 2439 1830 2465 nec
1855 2429 1956 2474 filius
1979 2429 2076 2464 ullus
2102 2440 2169 2465 nec
2191 2439 2292 2465 uxor
2314 2429 2488 2475 extiterit,

261 2484 376 2518 neque
399 2474 558 2508 creditor
586 2473 649 2519 qui
679 2473 718 2508 in
750 2474 868 2520 ipsam
895 2474 1061 2509 militiam
1091 2473 1263 2517 credidit,
1297 2478 1381 2509 tunc
1404 2478 1543 2510 ceteros
1572 2485 1716 2521 quoque
1745 2474 1943 2510 creditores
1975 2475 2013 2509 in
2037 2478 2182 2521 partem
2212 2485 2339 2510 earum
2369 2484 2489 2511 rerum
2534 2514 2539 2519 ,

261 2529 447 2560 vocamus,
478 2529 523 2552 ne
546 2518 636 2564 quid
658 2518 843 2554 videamur
873 2518 1062 2555 inhumani
1083 2520 1212 2564 facere
1241 2530 1286 2555 ae
1309 2531 1384 2555 non
1403 2523 1562 2572 propter
1578 2520 1684 2566 piam
1708 2519 1885 2555 actionem
1911 2524 1947 2555 et
1969 2519 2037 2556 deo
2061 2523 2248 2566 acceptam
2291 2531 2373 2556 erre
2395 2519 2489 2556 hano
2536 2551 2537 2555 ,

262 2563 384 2608 leqem.
410 2563 601 2651 fiCeterum
618 2564 817 2610 privileqia
840 2575 935 2610 quae
964 2564 1010 2600 de
1032 2564 1162 2600 militia
1184 2564 1434 2611 spectabilium
1456 2564 1742 2601 szlentiariorum
1764 2564 1972 2612 specialiter
1994 2564 2082 2600 data
2105 2564 2222 2611 iisque
2270 2568 2382 2601 onata
2402 2565 2490 2603 sunt

262 2609 300 2642 in
322 2618 390 2642 sua
439 2608 583 2643 rmitate
606 2614 784 2644 maneant.

395 2653 479 2692 VI„
512 2652 688 2695 Quoniam
719 2665 803 2690 vero
839 2655 889 2690 ad
917 2654 1174 2691 humanitatem
1212 2659 1289 2691 tota
1319 2655 1422 2691 nobis
1458 2656 1520 2691 lex
1551 2655 1825 2691 accommodata
1855 2659 1926 2697 est,
1966 2655 2126 2691 videmus
2159 2659 2278 2692 autem
2311 2654 2488 2702 quosdam
2532 2663 2534 2666 ’

261 2697 470 2733 mulieribus
496 2698 550 2732 uti
572 2699 651 2733 sine
673 2698 758 2734 dote
781 2700 914 2746 nuptis,
939 2700 1067 2736 deinde
1090 2699 1271 2743 decedere,
1304 2705 1340 2736 et
1362 2700 1494 2736 liberos
1518 2700 1660 2747 quidem
1692 2712 1742 2737 ex
1764 2700 1844 2747 leqe
1873 2701 1923 2736 ad
1945 2705 2139 2748 paternam
2170 2699 2405 2736 hereditatem
2428 2710 2487 2737 vo-

262 2743 351 2783 cari,
380 2743 547 2778 mulieres
570 2747 701 2785 autem,
733 2743 816 2779 licet
836 2745 1028 2780 sescenties
1051 2744 1232 2791 leqitimae
1255 2745 1389 2781 uxoris
1413 2745 1530 2781 locum
1556 2745 1786 2788 obtinuerint,
1820 2749 1937 2782 tamen
1963 2745 2051 2792 quia
2072 2756 2138 2782 nec
2161 2745 2228 2781 dos
2249 2756 2315 2781 nec
2337 2745 2486 2782 donatio
2527 2754 2529 2757 ’

261 2787 522 2834 antenuptiales
543 2788 650 2832 facta
673 2789 731 2830 sit,
755 2788 846 2824 nihil
868 2788 999 2824 habere
1015 2801 1140 2836 posse,
1164 2790 1229 2825 sed
1251 2791 1288 2825 in
1313 2794 1476 2827 extrema
1499 2791 1628 2837 inopia
1652 2791 1788 2827 vivere:
1821 2794 2024 2838 propterea
2047 2791 2240 2833 sancimus,
2263 2795 2304 2826 ut
2323 2790 2381 2826 his
2399 2801 2487 2838 quo-
2524 2807 2530 2816 2

289 2844 331 2868 ue
347 2833 602 2879 prospiciatur
624 2833 662 2867 in
684 2834 908 2870 successione
931 2834 1108 2880 defuncti,
1133 2839 1242 2882 atque
1262 2835 1436 2871 eiusmodi
1459 2847 1559 2872 uxor
1581 2847 1655 2871 una
1676 2846 1756 2871 cum
1776 2835 1898 2872 liberis
1918 2839 2075 2872 vocetur.
2119 2835 2170 2871 Et
2189 2835 2487 2882 quemadmodum

261 2845 374 2924 qeqem
397 2878 607 2928 scripsimus
630 2889 735 2920 (uae,
758 2879 934 2924 siquidem
958 2879 1013 2914 vir
1035 2890 1190 2915 uxorem
1213 2882 1292 2916 sine
1315 2880 1399 2916 dote
1422 2886 1572 2928 nuptam
1596 2880 1781 2923 dimiserit,
1811 2886 1982 2933 quartam
2000 2885 2145 2934 partem
2166 2880 2390 2917 substantiae
2410 2880 2487 2916 eius

260 2923 360 2958 illam
392 2933 556 2968 accipere
587 2933 632 2957 vu
651 2927 680 2963 t,
716 2924 769 2958 ita
801 2923 859 2958 hic
915 2935 1050 2970 uoque,
1090 2936 1170 2960 cum
1199 2926 1302 2970 forte
1325 2926 1458 2972 plures
1489 2926 1544 2962 vel
1569 2927 1765 2973 pauciores
1798 2930 1872 2961 svnt
1904 2925 2024 2968 libert,
2063 2929 2232 2972 quartam
2265 2924 2487 2962 substantiae

254 2972 401 3014 partem
424 2967 552 3002 mulier
576 2967 745 3013 accipiat,
769 2968 843 3004 sive
858 2980 888 3015 p
907 2979 990 3004 ures
1011 2970 1086 3004 sive
1102 2970 1304 3016 pauciores
1326 2971 1399 3006 sint
1422 2970 1535 3007 liberi.
1583 2969 1628 3006 Si
1649 2970 1750 3017 quod
1771 2982 1856 3007 vero
1881 2971 2040 3018 leqatum
2063 2971 2099 3006 ei
2119 2971 2274 3006 maritus
2298 2968 2487 3017 reliquerit

307 3062 323 3094 1
338 3056 384 3092 τὰ
399 3059 438 3091 ἐκ
452 3057 517 3091 τοῦ
533 3055 751 3101 καλουμένου
766 3057 876 3091 κάσου
893 3063 1080 3104 στρατείας
1093 3061 1122 3093 Ι.
1136 3062 1180 3093 Β.
1194 3062 1337 3095 Koehler

261 3108 392 3148 interpr.
407 3111 437 3137 et
454 3105 573 3137 emend.
593 3105 673 3136 iuris
686 3104 778 3136 Rom.
793 3105 837 3143 (α.
851 3106 952 3145 1ῖ92)
971 3105 994 3137 Ι
1009 3107 1051 3139 99
1071 3106 1125 3148 (cs.
1148 3106 1271 3140 Theod.
1291 3104 1337 3139 τὰ

260 3152 299 3183 ἐκ
321 3149 385 3183 τοῦ
409 3159 503 3182 casov
526 3148 587 3190 τῆς
610 3150 806 3192 στρατείας,
838 3150 915 3182 Ath.
940 3147 985 3181 τὰ
1009 3149 1082 3190 (τὰς
1106 3151 1189 3191 eod.)
1213 3151 1251 3182 ἐκ
1274 3150 1337 3183 τοῦ

260 3195 369 3228 κάσου
392 3194 471 3227 τῶν
494 3191 767 3237 πιπράσκεσθαι
799 3191 1011 3236 δυναμένων
1035 3194 1237 3239 στρατειῶν
1260 3208 1335 3238 κερ-

260 3237 468 3282 δαινόμενα,
484 3241 553 3272 sim.
566 3239 654 3280 [um]
671 3237 733 3271 τὰς
750 3239 787 3271 ἐκ
800 3239 864 3271 τοῦ
877 3235 1093 3280 καλουμένου
1108 3237 1217 3271 κάσου
1231 3251 1334 3284 στρα-

259 3289 355 3319 τείας
371 3283 516 3326 (κάσσου
531 3281 700 3327 στρατιὰς
714 3283 756 3324 L)
780 3283 890 3316 MLB
907 3293 944 3315 ea
965 3294 1048 3324 quae
1069 3283 1279 3325 appellantur
1298 3295 1335 3316 ex

260 3342 336 3363 casu
362 3342 381 3366 ς
405 3331 459 3373 (cf.
482 3342 552 3363 που.
567 3329 713 3362 XCVII
733 3341 758 3361 e.
774 3330 806 3370 4)
828 3330 839 3370 ΙΙ
867 3329 887 3361 4
911 3328 1045 3360 ἐκείνου
1064 3328 1095 3360 L
1121 3326 1134 3371 ΙΙ
1163 3330 1183 3362 6
1207 3327 1336 3361 τούτου

260 3377 307 3409 L¹
326 3376 339 3419 ΙΙ
362 3378 380 3408 7
395 3378 635 3420 προκρίνομεν
650 3374 720 3415 Μς]
743 3371 1007 3418 προκρίνεσθαι
1022 3373 1090 3405 LB
1107 3372 1119 3415 ΙΙ
1135 3384 1175 3405 τε
1188 3386 1245 3406 om.
1257 3374 1306 3406 L⁶
1325 3373 1337 3417 ΙΙ

259 3423 280 3455 9
298 3417 441 3464 ἄπειρος
454 3421 503 3453 L¹
528 3420 540 3463 ΙΙ
570 3421 610 3453 12
631 3417 713 3452 οὗτε
733 3420 827 3459 παῖς]
849 3417 928 3450 οὔτε
949 3430 1006 3450 om.
1021 3418 1063 3458 L,
1084 3419 1168 3450 παῖς
1185 3431 1242 3450 om.
1258 3418 1304 3450 L¹
1327 3424 1337 3458 ,ῑ

262 3468 302 3499 13
321 3462 444 3507 αὐτὴν]
466 3463 604 3506 ταύτην
619 3465 652 3498 Β
677 3465 688 3507 ΙΙ
720 3466 761 3499 14
783 3459 1023 3506 μεταδίδομεν
1047 3462 1124 3494 τῶν
1147 3458 1335 3503 τοιούτων]

259 3511 451 3553 praebemus
471 3511 550 3543 haec
568 3509 616 3553 ςΙΙ
644 3511 684 3543 16
704 3506 745 3542 οὗ
766 3506 832 3550 δι”]
857 3504 940 3541 οὐδὲ
960 3508 996 3540 Β
1019 3506 1032 3548 ΙΙ
1055 3509 1093 3540 21
1111 3502 1258 3540 ἅπασαν
1272 3508 1302 3540 L
1332 3508 1337 3595 ᾗ

261 3558 302 3589 27
317 3552 456 3599 δωρεὰν
475 3557 719 3600 προγαμιαιάν
731 3555 768 3588 Β
786 3553 799 3598 ΙΙ
820 3550 911 3596 μηδὲ
930 3553 1023 3593 ἔχειν
1044 3554 1095 3592 (τί
1107 3553 1182 3585 add.
1197 3552 1256 3589 La»)
1271 3554 1301 3585 L

260 3598 458 3642 δυναμένου
471 3601 517 3633 L¹
537 3600 549 3644 ΙΙ
573 3602 614 3634 29
629 3595 816 3644 πρόνοιαν]
833 3600 956 3631 ονοίαν
967 3597 1015 3630 L¹
1030 3596 1043 3640 ΙΙ
1061 3593 1214 3638 τούτων]
1237 3598 1335 3629 otiam

260 3646 378 3677 harum
403 3647 436 3686 (i.
450 3659 475 3678 e.
489 3648 548 3677 καὶ
566 3644 721 3686 τούτων)
740 3657 760 3680 ς·
781 3645 793 3686 ΙΙ
821 3646 863 3678 30
879 3644 938 3676 καὶ
958 3639 1026 3684 τὴν
1041 3661 1085 3666 -·
1101 3643 1143 3675 35
1157 3638 1288 3674 παῖδας
1308 3649 1338 3675 et

260 3691 301 3724 37
322 3689 394 3722 εἴτε
415 3709 457 3714 —-
478 3689 550 3723 εἶεν
563 3704 619 3724 om.
631 3691 710 3732 BL,
732 3691 766 3724 in
779 3691 978 3733 quibuspost
993 3689 1144 3735 γυναῖκα
1158 3688 1225 3730 (36)
1238 3689 1337 3720 verba

1406 3075 1475 3095 nov.
1501 3061 1631 3094 CXVII
1649 3074 1674 3094 c.
1693 3063 1712 3094 5
1737 3057 1833 3093 οἵτω
1856 3061 2022 3105 μέντοιγε
2046 3078 2088 3083 —-
2113 3055 2346 3101 ἐκελεύσαμεν
2367 3055 2475 3101 νόμον

1405 3108 1587 3139 inseruntur
1611 3107 1778 3139 decurtata
1792 3105 1805 3148 ss
1824 3106 1866 3140 32
1882 3101 2008 3145 νόμον]
2034 3116 2103 3137 που.
2121 3103 2245 3136 ΧΧΙῙ
2255 3116 2281 3137 c.
2301 3105 2342 3138 18

1414 3170 1466 3174 ..μ
1487 3162 2483 3175 -.--.-.-------------

1449 3197 1470 3229 2
1491 3206 1529 3228 ex
1548 3198 1637 3237 casu]
1659 3205 1698 3228 ex
1717 3205 1816 3227 causa
1834 3194 1910 3236 13¹1}
1935 3194 2099 3236 prompte]
2123 3191 2216 3235 proti}
2238 3191 2287 3224 V*
2312 3192 2485 3232 propterea
2516 3203 2519 3206 >

1404 3240 1509 3282 igitur
1525 3241 1710 3273 sanccimus
1727 3239 1774 3272 R*
1800 3238 1812 3283 ΙΙ
1838 3240 1858 3272 3
1877 3237 2085 3271 mutuauerit
2100 3237 2134 3270 R
2159 3235 2173 3280 ῙΙ
2203 3237 2225 3270 4
2241 3237 2387 3286 emerent
2402 3233 2451 3268 Β*
2509 3231 2519 3245 ’

1404 3287 1424 3319 5
1448 3288 1611 3328 prompte]
1636 3287 1810 3328 propterea
1835 3283 1885 3317 Β*
1913 3283 1927 3327 ΙΙ
1953 3284 1974 3316 6
1998 3292 2101 3315 uxore
2130 3281 2181 3314 V¹
2209 3281 2221 3323 ΙΙ
2255 3279 2380 3331 defuctr
2411 3278 2444 3312 V
2511 3323 2524 3328 Α

1405 3332 1423 3363 7
1444 3333 1589 3363 nostram
1604 3330 1781 3363 iussionem
1804 3327 1862 3372 Vn
1878 3329 1940 3360 hoo
1958 3327 1990 3361 R
2005 3326 2018 3371 ΙΙ
2045 3328 2066 3361 9
2082 3326 2158 3359 aliis
2181 3325 2289 3368 inops]
2315 3323 2402 3356 alius
2424 3331 2485 3402 {pa

1411 3374 1469 3415 Vll
1488 3378 1523 3408 11
1543 3375 1727 3407 meritorito
1747 3374 1797 3407 V¹
1813 3373 1826 3417 ΙΙ
1855 3374 1896 3407 16
1919 3373 2040 3415 quippe
2065 3371 2203 3414 Vvuqu
2228 3369 2361 3412 quidem
2386 3367 2419 3401 R

1406 3420 1446 3451 17
1464 3419 1672 3452 silentiarum
1688 3420 1736 3452 R²
1754 3417 1767 3463 11
1792 3420 1834 3452 22
1850 3419 1963 3460 aptata
1981 3417 2081 3460 υαίφ]
2105 3418 2182 3458 apta
2200 3415 2233 3448 R
2257 3415 2370 3456 aperta
2390 3411 2454 3446 VT

1404 3462 1599 3496 mulieribus
1616 3483 1660 3489 ·-
1680 3465 1858 3497 morientes
1882 3464 1930 3496 bis
1949 3474 2010 3496 scr.
2034 3462 2084 3494 V¹
2111 3461 2123 3505 Ι

1404 3507 1482 3540 inde
1504 3508 1682 3541 morientes
1706 3508 1739 3541 R
1771 3508 1784 3550 11
1819 3510 1862 3542 25
1883 3509 2006 3540 statum
2032 3506 2064 3539 R
2097 3505 2109 3549 ΙΙ

1405 3553 1447 3585 28
1471 3553 1586 3595 inopia
1609 3553 1731 3587 om.R¹
1758 3551 1771 3597 ΙΙ

1404 3610 1461 3630 om.
1484 3597 1536 3629 1⁷⁰
1558 3597 1570 3641 ΙΙ
1595 3599 1636 3631 33
1663 3600 1745 3638 eam]
1771 3597 1842 3630 eius
1862 3597 1915 3630 Va
1940 3596 1954 3640 fl
1978 3597 2021 3630 34
2044 3593 2211 3636 contingit
2233 3593 2377 3635 Πενία]
2403 3599 2480 3623 οοιι-

1404 3642 1482 3683 tigit
1499 3642 1560 3674 VT
1572 3643 1584 3684 ΙΙ
1603 3644 1647 3676 36
1659 3643 1727 3675 sive
1739 3642 1861 3681 minus]
1883 3641 1924 3674 ri‘n
1937 3642 2000 3681 (vel
2011 3642 2068 3682 uu)
2082 3639 2194 3672 milius
2212 3638 2261 3672 V¹
2281 3636 2391 3669 minus
2409 3633 2483 3680 V’}

1404 3686 1544 3727 suerint]
1569 3686 1654 3719 fiunt
1679 3687 1712 3719 R
1745 3686 1812 3718 sint
1834 3686 1866 3718 V

2143 3506 2186 3539 26
2209 3495 2372 3536 manserit
2386 3500 2435 3535 Β*
2469 3495 2484 3544 Ι

2153 3461 2196 3494 23
2220 3458 2338 3492 deinde
2362 3467 2403 3498 ορ
2426 3456 2483 3490 de·
2523 3443 2526 3447 ’
2580 3474 2589 3484 -

1802 3554 1845 3587 29
1870 3550 2083 3595 prouidentia
2103 3551 2138 3584 V
2157 3549 2170 3594 n
2199 3550 2242 3583 30
2267 3549 2300 3581 et
2322 3547 2422 3588 sicut]
2449 3545 2484 3579 et
2523 3574 2527 3575 ι
2574 3552 2578 3554 ·
