2476 3854
160 64 201 107 N
202 79 268 109 ov.
295 67 473 111 CXXXI
501 70 638 112 8—-10

159 177 229 212 τὸν
249 180 318 223 μὲν
343 176 523 222 δεσπότην
553 180 617 213 τοῦ
642 179 755 214 τόπου
784 177 898 224 μηδὲν
921 178 1103 227 πρόκριμα
1131 177 1154 224 ἢ
1177 182 1236 224 ζη-

157 226 246 268 μίαν
262 221 465 268 ὑπομένειν,
490 224 571 259 τοὺς
592 222 631 258 δὲ
650 226 757 258 τοῦτο
778 223 1000 268 ποιήσαντας
1023 224 1046 269 ἢ
1063 227 1237 272 γενέσθαι

159 267 459 315 συγχωρήσαντας
483 270 521 302 ἐκ
544 270 606 312 τῆς
628 265 914 324 ἐπαρχίαςιὸπου
944 271 1052 325 τοῦτο
1076 269 1233 325 ἇμαρτη-

1224 67 1307 115 658

1734 87 1794 117 DE
1823 87 2175 123 BCGLESIASTIOIS
2203 89 2378 123 TlTULIs

1303 181 1557 226 praeiudicium
1591 185 1654 219 aut
1687 183 1908 230 dispendium
1939 186 2130 231 sustinere,
2167 198 2227 225 eos
2259 170 2400 224 autem'

1306 227 1366 271 qui
1395 227 1464 263 hoc
1487 227 1649 264 fecerunt
1678 232 1740 265 aut
1763 229 1841 265 fieri
1863 230 2099 275 permiserunt
2128 243 2173 269 ex
2195 233 2379 279 provincia.

1302 272 1363 307 ubi
1392 272 1461 308 hoc
1490 272 1714 310 commissum
1750 278 1803 310 est
1835 276 1979 321 expelli,
2012 278 2120 314 rebus
2152 288 2275 315 eorum
2308 278 2379 314 loci

158 312 243 368 θείη
275 311 535 367 ἐκβάλλεσθαι,
565 315 643 347 τῶν
668 327 892 360 πραγματων
920 317 1045 350 αυταῖν
1074 329 1119 364 τῃ
1142 316 1235 351 κατὰ
1302 316 1395 353 illius
1420 318 1663 355 sanctissimae
1686 320 1857 357 ecclesiae
1880 321 2109 359 vindicandis.

159 370 227 393 τον
248 372 365 394 τοπον
388 356 574 405 ἁγιωτάτῃ
599 357 766 402 ἐκκλησίᾳ
789 358 1056 405 ἐκδικουμένων.

1155 475 1311 511 CAPUT
1335 474 1398 510 IX.

223 538 279 572 Εἴ
295 550 348 573 τις
379 539 426 574 εἰς
450 536 567 583 ὄνομα
597 540 662 574 τοῦ
685 538 837 586 μεγάλου
868 540 959 575 θεοῦ
991 544 1050 575 καὶ
1080 543 1238 588 σωτῆρος

157 581 261 628 ἡμῶν
291 580 403 627 Ἰησοῦ
429 586 588 630 Χριστοῦ
620 583 859 630 κληρονομίαν
890 583 913 629 ἢ
943 584 1097 632 ληγάτον
1127 601 1234 632 κατα-

157 628 290 673 λείψει,
322 628 511 674 κελεῖομεν
544 629 612 671 τὴν
636 629 826 674 ἐκκλησίαν
855 631 920 665 τοῦ
942 630 1056 666 τόπου
1088 634 1127 667 ἐν
1159 633 1188 676 ᾧ
1214 631 1234 667 ὁ

157 672 373 718 διαθέμενος
395 675 464 717 τὴν
487 674 627 717 οἴκησιν
650 675 718 718 εἶχε
733 674 874 729 Κλαβεῖν
899 674 942 710 τὸ
966 676 1236 723 καταλελειμμέ-

1373 542 1411 578 Si
1435 542 1511 587 quis
1533 541 1570 577 in
1594 542 1735 579 nomine
1756 544 1873 589 magni
1901 544 1958 580 dei
1986 547 2022 581 et
2053 546 2239 582 salvatoris
2266 546 2379 584 nostri

1304 588 1386 624 lesu
1407 587 1539 623 Christi
1557 587 1786 624 hereditatem
1807 591 1870 624 aut
1889 590 2043 635 legatum
2063 591 2254 636 reliquerit,
2278 592 2378 628 iube-

1303 643 1382 669 mus
1410 632 1596 668 ecclesiam
1625 633 1696 669 loci
1728 634 1765 669 in
1794 645 1863 679 quo
1894 638 2044 671 testator
2077 637 2290 672 domicilium
2314 637 2378 673 ha·

1304 678 1381 714 buit
1405 678 1567 722 accipere
1591 678 1684 723 quod
1707 678 1897 715 demissum
1920 684 1984 716 est.

156 721 178 755 1
224 732 299 753 νον.
347 720 378 753 εἰ
398 717 439 753 δέ
459 730 513 754 τις
536 722 601 754 ἕνα
623 721 700 754 τῶν
719 724 836 767 αγίων
859 719 1082 767 κληρονόμον
1104 722 1236 769 γράψει
1252 727 1290 760 10
1304 726 1326 760 1
1373 723 1411 758 Si
1427 723 1505 768 quis
1525 726 1642 767 alitem
1662 734 1771 759 unum
1791 727 1994 760 sanctorum
2012 725 2176 762 heredem
2196 725 2380 771 scripserit

155 762 194 818 i)¹
210 762 367 821 ληγοξτον
398 761 508 809 αὐτῷ’,
529 764 732 807 καταλίποι,
764 769 824 799 καὶ
851 765 900 809 μὴ
923 764 1043 801 ἰδικιῦς
1065 766 1236 813 ὄνομάσει

155 822 224 843 τον
255 822 373 845 τοπον
405 811 445 845 ἐν
476 810 576 855 ᾧπερ
607 811 707 845 ἐστὶν
738 808 758 845 ὁ
784 810 977 856 σεβάσμιος
1002 812 1110 857 οἶκος,
1142 811 1236 859 εὑρε-

156 854 314 898 θείησαν
345 853 385 889 δὲ
415 856 455 889 ἐν
486 856 538 898 τῷ
565 852 663 898 αὐτῷ
695 854 800 900 τόπῳ
834 855 857 899 ἢ
886 858 931 903 τῇ
954 856 1058 892 πόλει
1088 858 1237 894 πλείονα

155 896 322 945 εὖκτήρια
353 901 417 934 τοῦ
452 897 562 934 αὐτοῦ
596 898 718 947 ἁγίου,
750 903 876 945 ἐκείνῳ
906 901 1045 946 μᾶλλον
1075 905 1127 946 τῷ
1149 905 1235 947 οἴκῳ

1304 770 1368 804 aut
1390 768 1545 812 legatum
1567 768 1600 804 ei
1623 769 1816 813 reliquerit,
1840 773 1877 804 et
1898 781 1971 806 non
1995 771 2197 816 specialiter
2219 771 2378 806 nomina-

1305 814 1392 849 verit
1422 814 1540 848 locum
1569 813 1606 848 in
1652 823 1699 849 uo
1723 815 1777 850 est
1800 816 2008 852 venerabilis
2032 816 2168 859 domus,
2195 816 2377 852 invenian-

1304 861 1363 894 tur
1386 861 1504 894 autem
1526 858 1565 893 in
1587 868 1628 893 eo
1656 868 1711 894 em
1730 859 1810 894 loco
1842 863 1904 895 aut
1927 861 2069 896 civitate
2098 862 2202 906 plura
2224 862 2379 898 oratoria

1305 905 1460 940 eiusdem
1484 903 1615 945 sancti,
1647 904 1697 939 illi
1720 904 1832 949 magis
1856 904 1975 941 domui
1997 915 2088 951 quae
2111 906 2302 951 pauperior
2324 910 2379 942 est

155 946 207 987 τῷ
240 948 480 999 πενιχροτέρξρ
514 945 556 980 τὸ
586 945 831 1000 καταλειφθὲν
862 948 1089 992 παρεχέσθω.
1137 950 1167 983 εἰ
1198 948 1237 984 δὲ
1252 952 1290 984 15
1306 949 1400 994 quod
1422 948 1583 984 relictum
1607 951 1661 984 est
1682 950 1908 994 praebeatur.
1957 951 1994 986 Si
2018 952 2136 986 autem
2165 961 2239 986 non
2265 954 2319 987 est
2341 951 2378 986 in

154 989 203 1034 μή
228 991 328 1024 ἐστιν
359 993 399 1025 ἐν
423 1004 467 1038 τῃ
493 989 597 1025 πόλει
619 990 711 1026 οἶκος
739 1005 803 1026 του
828 989 1100 1036 ὀνομασθέντος
1123 992 1236 1041 ἁγίου,

155 1034 356 1080 εὑρίσκεται
388 1034 428 1070 δὲ
458 1037 498 1070 ἐν
529 1037 573 1082 τῇ
598 1037 720 1081 ἐνορίᾳ
750 1034 876 1081 αὐτῆς,
908 1039 1034 1082 ἐκείνῳ
1059 1037 1234 1074 διδόσθω.

155 1081 186 1113 εἰ
218 1078 257 1114 δὲ
286 1078 376 1124 μηδὲ
409 1082 449 1114 ἐν
483 1082 527 1128 τῇ
560 1082 681 1126 ἐνορίᾳ
712 1080 912 1128 εὖρίσκε-ται
942 1084 1101 1118 τοιοῦτος
1133 1085 1235 1127 οἶκος,

1306 995 1446 1030 civitate
1469 993 1619 1029 basilica
1646 994 1818 1029 nominati
1842 995 1972 1038 sancti,
2003 996 2178 1032 invenitur
2200 999 2320 1032 autem
2341 997 2378 1031 in

1303 1039 1481 1076 territorio
1513 1038 1601 1081 eius,
1632 1038 1685 1074 illi
1709 1040 1822 1075 detur.
1872 1040 1908 1075 Si
1933 1045 2051 1076 autem
2081 1050 2195 1086 neque
2216 1042 2254 1076 in
2276 1041 2378 1077 terri·

1303 1086 1395 1121 torio
1420 1083 1596 1129 reperitur
1617 1084 1816 1120 huiusmodi
1839 1085 1973 1129 domus,
1997 1088 2085 1122 tunc
2101 1085 2273 1122 ecclesiae
2293 1086 2378 1122 civi-

154 1122 240 1159 τότε
263 1127 310 1173 τῇ
332 1125 500 1181 ἐκκλησίᾳ
530 1128 592 1169 τῆς
615 1126 755 1162 πόλεως
777 1130 817 1162 ἐν
840 1128 862 1174 ᾑ
886 1126 906 1161 ὁ
932 1125 1145 1173 διαθέμενος
1168 1131 1236 1175 τὴν
1303 1131 1407 1171 tatis,
1439 1130 1477 1164 in
1501 1138 1571 1173 qua
1600 1130 1751 1165 testator
1782 1129 1997 1167 domicilium
2029 1131 2170 1175 habuit,
2202 1131 2295 1176 quod
2318 1131 2377 1167 de·

155 1170 294 1214 οἴκησιν
317 1171 386 1214 εἶχε
406 1184 449 1206 το
475 1170 722 1217 καταλειφθὲν
745 1173 971 1218 παρεχέσθω.

1249 1177 1291 1211 20
1303 1176 1450 1212 missum
1473 1177 1529 1211 est
1551 1175 1774 1220 praebeatur.

1148 1287 1304 1324 CAPUT
1327 1288 1372 1324 X.

220 1349 275 1384 Εἴ
292 1362 345 1385 τις
366 1351 589 1397 κατασκετὴν
612 1356 808 1398 σεβασμίου
830 1352 1015 1401 εὗκτηρίου
1040 1351 1062 1398 ἢ
1083 1354 1236 1395 ξενῶνας

155 1393 180 1439 ἢ
202 1399 381 1439 πτωχείου
404 1396 428 1441 ἧ
450 1394 758 1444 όρφανοτροφείου
781 1395 804 1443 ἢ
828 1403 1057 1445 νοσοκομείου
1080 1397 1103 1443 ἢ
1128 1399 1235 1434 ἄλλου

156 1445 352 1486 σεβασμίου
375 1442 471 1476 οἴκου
502 1445 542 1477 ἐν
565 1443 751 1487 τελευταίᾳ
774 1443 938 1489 βουλήσει
987 1445 1137 1480 ενέσθαι
1161 1443 1235 1480 δια·

155 1486 325 1530 τυπώσει,
349 1487 392 1522 τὸ
411 1484 598 1535 εὗκτήριον
620 1490 687 1533 μὲν
711 1490 797 1524 εἴσω
820 1494 929 1525 πέντε
953 1458 1131 1525 εζιιαυτιῦν
1149 1490 1235 1534 πλη-

1371 1354 1410 1390 Si
1450 1355 1528 1398 quis
1568 1353 1851 1390 aedificationem
1889 1354 2097 1391 venerabilis
2135 1355 2281 1392 oratorii
2313 1358 2379 1393 aut

1303 1399 1514 1436 xenodochii
1536 1403 1599 1435 aut
1622 1399 1758 1452 ptochii
1781 1403 1844 1435 aut
1867 1400 2160 1446 orphanotrophii
2187 1402 2252 1436 aut
2272 1411 2378 1438 noso-

1305 1445 1410 1481 comii
1444 1449 1507 1480 aut
1535 1446 1681 1480 alterius
1715 1445 1929 1481 reverendae
1964 1445 2090 1481 domus
2123 1445 2160 1481 in
2189 1445 2380 1484 novissima

1303 1491 1483 1526 voluntate
1513 1489 1590 1526 fieri
1623 1490 1854 1535 disposuerit,
1890 1491 2083 1526 oratorium
2111 1490 2252 1536 quidem
2283 1492 2380 1528 intra.

156 1532 314 1577 ροῦσθαι
345 1532 533 1578 κελεύομεν
561 1538 714 1579 προνοίᾳ
745 1537 809 1569 τοῦ
840 1537 918 1570 τῶν
941 1535 1070 1571 τόπων
1093 1535 1234 1571 ἑπισκό-
1250 1539 1290 1571 25
1304 1536 1459 1588 quinque
1476 1546 1589 1571 annos
1609 1536 1778 1581 compleri
1800 1535 1960 1571 iubemus
1979 1536 2199 1581 providentia
2220 1536 2380 1574 locorum

156 1590 225 1612 που
256 1580 315 1611 καὶ
344 1579 409 1612 τοῦ
433 1577 619 1614 πολιτικοῦ
643 1578 828 1625 ἄρχοντος,
859 1580 927 1615 τὸν
951 1579 991 1615 δὲ
1014 1581 1154 1622 ξενῶνα
1176 1585 1236 1615 καὶ

155 1622 198 1656 τὸ
216 1626 395 1665 πτωχεῖον
412 1621 435 1667 ἢ
452 1623 562 1658 ἄλλον
582 1623 780 1670 σεβάσμιον
796 1626 895 1661 οἶκον
914 1626 999 1661 εἴσω
1020 1626 1100 1661 ἑνὸς
1120 1629 1234 1661 ἐνιαυ-

155 1669 178 1704 1
202 1668 267 1701 τοῦ
289 1668 471 1714 γίνεσθαι.
542 1669 574 1704 εἰ
597 1668 637 1704 δὲ
660 1670 761 1705 ἐντὸς
789 1672 853 1706 τοῦ
877 1672 1043 1707 ἐνιαυτοῦ
1063 1671 1112 1716 μὴ
1133 1671 1232 1715 ποιή-

156 1724 280 1747 σουσιν
311 1712 348 1747 οἱ
374 1713 589 1760 κληρονόμοι
618 1715 686 1750 τὸν
717 1716 858 1756 ξενῶνα
887 1715 912 1760 ἢ
942 1715 1153 1760 οἱανδήποτε
1178 1730 1233 1752 σε·

223 1817 250 1838 c.
275 1805 459 1839 IX—XII
477 1818 516 1840 ex
539 1807 577 1840 B
600 1808 696 1841 habet
718 1807 897 1841 Nomai-‚dm
921 1809 1021 1841 XIV
1036 1810 1083 1842 tit.
1102 1809 1133 1850 2,
1148 1816 1164 1843 2
1181 1815 1260 1843 extr.

223 1863 250 1883 c.
274 1851 337 1883 IX
356 1851 378 1895 ξ
396 1854 411 1885 1
438 1864 588 1885 summam
614 1852 777 1887 Theodori
798 1854 912 1897 repetit
934 1854 994 1886 ΒΓ.

1304 1582 1461 1626 episcopi
1496 1584 1532 1617 et
1567 1581 1679 1617 civilis
1713 1581 1859 1626 iudicis,
1898 1580 2156 1617 xenodochium
2190 1585 2309 1618 autem
2342 1586 2380 1618 et

1304 1627 1486 1671 ptochium
1517 1629 1580 1661 aut
1603 1626 1708 1662 aliam
1731 1625 1966 1662 venerabilem
1988 1627 2130 1662 domum
2152 1626 2248 1662 intra
2269 1637 2379 1663 unum

1300 1674 1322 1709 1
1367 1671 1445 1707 fieri
1467 1682 1611 1707 annum.
1659 1671 1698 1707 si
1720 1676 1837 1707 autem
1861 1671 1956 1707 intra
1978 1682 2111 1708 annum
2133 1683 2204 1708 non
2227 1672 2379 1708 fecerint

1303 1717 1449 1753 heredes
1472 1716 1731 1752 xenodochium
1759 1720 1822 1752 aut
1844 1717 2035 1761 quamlibet
2058 1717 2293 1754 venerabilem
2315 1717 2378 1754 do-

223 1908 249 1928 c.
274 1898 314 1929 X
330 1908 383 1939 pr.
407 1895 460 1939 §1
488 1910 527 1930 ex
550 1897 587 1930 B
609 1899 727 1932 liabent
749 1898 928 1932 Nomoc.‘¹”²
953 1899 1050 1932 XIV
1069 1900 1115 1933 tit.
1133 1900 1164 1939 2,
1181 1907 1212 1941 1,
1237 1900 1286 1933 B⁸
1301 1900 1333 1932 A
1348 1901 1431 1942 21‚1
1454 1911 1489 1943 p.
1503 1900 1569 1933 218
1586 1899 1688 1932 Zach.
1707 1917 1751 1924 —
1775 1898 1925 1932 Summas
1942 1904 2115 1941 praestant
2137 1898 2269 1932 Nomoc.
2284 1898 2383 1932 XIV

157 1942 202 1974 tit.
220 1941 250 1981 2,
267 1949 280 1975 1
304 1954 336 1985 p.
354 1943 420 1976 484
436 1942 551 1985 Pitra,
575 1943 724 1987 Epitome
741 1944 772 1986 8,
790 1951 821 1978 13
843 1957 878 1988 p.
894 1945 957 1978 331
977 1945 1096 1983 Zack.;
1124 1945 1288 1979 Theodori
1309 1957 1461 1979 summam
1485 1946 1601 1988 repetit
1616 1942 1681 1983 ΒῙ;
1702 1956 1755 1996 pr.
1773 1950 1992 1988 aryumentum
2016 1950 2146 1977 notatur
2167 1938 2261 1977 Ῥοπ.
2276 1944 2331 1986 28,
2346 1950 2378 1977 ¹6

156 1994 186 2019 et
210 1987 263 2029 24,
279 1994 325 2021 ιιι

154 2097 320 2133 dominus
343 2096 484 2144 quidem
508 2097 579 2134 loci
601 2098 737 2133 nullum
754 2097 1022 2145 praeiudicium
1049 2104 1114 2134 aut
1137 2098 1304 2134 damnum
1320 2099 1503 2145 patiatur,
1534 2099 1598 2144 qui
1621 2102 1740 2135 autem
1768 2099 1808 2134 id
1827 2100 1997 2145 fecerunt
2025 2098 2082 2134 vel
2106 2097 2190 2143 fieri
2205 2098 2379 2146 permise-

153 2147 240 2178 runt
262 2153 312 2179 ex
333 2142 524 2189 provincia
547 2143 609 2180 ubi
631 2142 700 2179 hoc
723 2143 947 2179 commissum
966 2144 1085 2190 suerit
1106 2143 1349 2191 expellantur,
1379 2147 1489 2190 atque
1511 2155 1635 2179 eorum
1658 2155 1717 2180 res
1739 2145 1986 2180 sanctissimae
2015 2143 2089 2179 loci
2109 2143 2280 2180 ecclesiae
2303 2145 2378 2181 vin-

153 2188 328 2224 dicentur.

287 2233 351 2269 IX.
399 2232 441 2269 Si
464 2233 546 2279 quis
567 2233 704 2270 nomini
726 2234 850 2280 maqm‘
880 2233 940 2270 dei
962 2237 998 2271 et
1019 2234 1214 2271 servatoris
1237 2234 1356 2270 nostri
1379 2232 1463 2270 Iesu
1488 2233 1621 2270 Christi
1652 2233 1884 2270 hereditatem
1915 2233 1971 2271 vel
1995 2233 2152 2280 leqatum
2181 2232 2379 2280 reliquerit,

154 2281 176 2316 1
222 2279 382 2315 iubemus
411 2278 597 2314 ecclesiam
629 2279 700 2315 loci
730 2278 791 2314 ubi
822 2283 974 2315 testator
1004 2279 1221 2315 domicilium
1253 2278 1378 2315 habuit
1404 2279 1569 2326 accipere
1599 2278 1699 2326 quod
1726 2279 1890 2315 relictum
1921 2282 1985 2315 est.
2077 2278 2119 2314 Si

2174 2278 2232 2315 uis
2260 2283 2380 2315 autem

154 2335 264 2359 unum
287 2335 337 2360 ex
357 2324 494 2360 sanctis
518 2323 681 2360 heredem
704 2325 894 2371 scripserit
915 2325 972 2361 vel
994 2324 1151 2371 leqatum
1174 2326 1211 2361 ei
1230 2324 1428 2370 reliquerit,
1461 2335 1526 2360 nec
1541 2326 1700 2372 proprie
1722 2324 1839 2360 locum
1865 2324 1927 2361 ubi
1948 2324 1997 2360 sit
2019 2334 2125 2360 vener
2173 2323 2232 2359 ilis
2254 2323 2381 2360 domus

153 2370 403 2411 nominaverit,
439 2373 479 2404 at
504 2380 548 2405 ue
575 2369 615 2405 in
638 2370 760 2405 eodem
792 2369 873 2405 loco
906 2370 962 2406 vel
984 2370 1127 2406 civitate
1136 2369 1268 2450 dssilma
1293 2369 1457 2405 oratoria
1486 2369 1641 2405 eiusdem
1667 2370 1786 2406 sancti
1808 2369 2047 2421 inveniantur,
2077 2368 2294 2416 pauperiori
2306 2380 2380 2416 po-

155 2415 226 2450 tius
250 2414 373 2450 domui
395 2425 467 2460 quo
517 2414 680 2451 relictum
703 2418 758 2451 est
772 2414 1009 2462 praebeatur.
1055 2414 1134 2458 Quo

1216 2416 1254 2451 in
1276 2415 1418 2451 civitate
1441 2426 1513 2451 non
1536 2415 1583 2450 sit
1606 2414 1733 2450 domus
1761 2415 1924 2468 eius-qui
1947 2418 2152 2450 nomenatus
2173 2417 2228 2450 est
2251 2414 2379 2459 sancti,

153 2459 358 2496 inveniatur
380 2463 498 2495 autem
521 2461 559 2494 in
585 2460 769 2496 territorio
793 2461 881 2503 eius,
904 2460 960 2496 illi
983 2460 1097 2496 detur.
1145 2459 1188 2496 Si
1211 2471 1295 2496 vero
1319 2471 1364 2496 ne
1387 2461 1424 2495 in
1449 2460 1632 2496 territorio
1655 2459 1797 2506 quidem
1821 2460 1995 2496 eiusmodi
2017 2459 2145 2495 domus
2166 2459 2380 2503 inveniatur,

156 2509 241 2540 tunc
263 2505 434 2541 ecclesiae
457 2505 614 2540 civitatis
638 2506 674 2540 in
698 2516 772 2551 qua
797 2510 949 2541 testator
971 2505 1192 2542 domicilium
1216 2504 1343 2542 habuit
1355 2504 1465 2585 lquod
1485 2505 1649 2540 relictum
1673 2511 1726 2540 est
1745 2505 1976 2552 praebeatur.

287 2550 333 2586 X.
381 2549 423 2585 Si
453 2550 535 2596 quis
565 2550 851 2595 aedificationem
882 2550 1095 2587 venerabilis
1124 2551 1278 2586 oratorii
1313 2561 1353 2587 ve

1397 2550 1617 2586 xenodochii
1651 2550 1708 2586 vel
1733 2549 1873 2597 ptochia·
1904 2549 1961 2586 vel
1994 2548 2297 2602 orphanotrophii
2325 2548 2384 2586 vel

155 2594 353 2630 nosocomii
382 2595 440 2631 vel
466 2594 561 2630 alius
590 2596 803 2632 venerahilis
825 2595 953 2632 domus
975 2596 1014 2631 in
1037 2596 1162 2632 ultima
1185 2595 1368 2632 voluntate
1388 2595 1470 2641 fieri
1492 2595 1678 2637 statuerit,
1712 2594 1871 2630 iubemus
1894 2598 2095 2631 orazanum
2118 2594 2260 2647 quidem
2281 2595 2380 2647 intra

156 2640 314 2685 quinque
330 2651 447 2675 annos
462 2650 551 2676 cura
567 2641 729 2692 episcopi
749 2641 910 2677 locorum
930 2645 964 2677 et
985 2641 1221 2687 maqistratus
1239 2640 1353 2676 civilis
1370 2640 1510 2692 perfici,
1529 2640 1796 2676 xenodochium
1815 2643 1933 2677 autem
1949 2645 1985 2676 et
1994 2638 2185 2687 ptochium
2201 2639 2257 2676 vel
2270 2640 2380 2676 altam

155 2687 178 2721 1
224 2685 457 2721 venerabilem
481 2686 624 2721 domum
647 2692 746 2721 intra
769 2697 878 2722 unum
902 2697 1035 2722 annum
1054 2686 1149 2732 sieri.

226 2800 242 2832 1
268 2796 336 2830 τὸν
360 2794 542 2839 δεσπότην
565 2798 631 2840 μὲν
655 2799 686 2831 Α
714 2798 727 2841 11
755 2800 775 2832 6
799 2798 846 2831 εἰς
868 2797 911 2832 τὸ
922 2796 1054 2842 ,ὄνομα
1081 2800 1109 2833 L
1153 2795 1235 2832 ὀνό·

154 2855 244 2887 ματι
269 2843 320 2875 Br
335 2842 380 2885 117
406 2840 557 2887 λεγάτον
580 2843 644 2876 AL
657 2844 817 2877 Νονηοο.7η
834 2844 847 2886 11
865 2845 884 2878 8
908 2843 950 2886 ᾧ]
975 2835 998 2886 ἧ
1020 2845 1051 2878 Α
1076 2844 1088 2887 11
1113 2846 1133 2878 9
1157 2845 1236 2886 ἔσχε

157 2888 362 2922 BNomoc.⁷'¹
386 2887 399 2930 11
419 2890 459 2920 10
484 2884 527 2919 δέ
548 2900 605 2920 om.
620 2887 651 2920 L
670 2889 681 2930 11
697 2886 937 2932 κληρονομίαν
953 2890 983 2922 A
999 2888 1011 2932 11
1028 2888 1161 2934 γράψει
1179 2889 1235 2929 Μ]

155 2931 291 2980 γράψω
309 2932 410 2966 ALB
426 2934 437 2973 11
459 2934 494 2966 11
522 2930 673 2978 λεγάτον
692 2934 891 2967 AN0m00.m
915 2933 927 2977 11
945 2933 1155 2968 καταλείποι
1171 2935 1217 2967 Μ
1226 2935 1237 2976 11

157 2976 330 3022 όνομάσει
352 2977 551 3011 ΑΝοιποο.α
566 2979 660 3018 corn]
693 2973 864 3021 ὀνομάσοι
889 2979 961 3012 ML
998 2977 1162 3024 ὀνομάσῃ
1187 2980 1237 3012 13⁶

157 3023 310 3059 Nomoc.d
320 3035 374 3066 pr.
398 3022 559 3056 NomocJ'*
584 3022 596 3064 11
622 3024 663 3056 12
687 3019 868 3067 εὑρεθῶσι
891 3024 922 3056 Α
938 3024 950 3067 11
980 3025 1019 3057 13
1043 3021 1066 3065 ἢ
1090 3038 1148 3057 om.
1164 3024 1209 3057 M
1225 3023 1237 3068 11

160 3071 201 3103 14
213 3082 260 3112 sq.
285 3069 411 3110 ἐκείνῳ
429 3086 474 3092 -
491 3069 742 3111 πενιχροτέρῳ]
766 3068 819 3109 τῷ
841 3071 1079 3112 πενιχροτέρῳ
1098 3066 1237 3113 μᾶλλον

156 3114 242 3157 οἴκῳ
266 3114 297 3147 A
314 3114 326 3157 11
354 3115 394 3148 15
417 3112 461 3146 τὸ
484 3110 742 3157 καταλειφθὲν]
768 3111 1011 3157 παραληφθὲν
1036 3115 1078 3147 Μ
1092 3114 1104 3153 ΙΙ
1121 3126 1231 3159 παρα-

157 3157 327 3201 σχεθὴτω
346 3159 379 3192 A
395 3158 407 3202 11
426 3159 469 3192 16
486 3157 589 3199 οἶκος]
613 3155 633 3190 ὁ
659 3157 751 3191 οἶκος
775 3159 824 3190 B⁶
840 3158 852 3202 11
882 3161 978 3202 17sq.
1004 3154 1111 3202 αὐτῆς
1127 3178 1170 3183 -
1187 3158 1236 3192 οἶ-

156 3215 214 3238 κος
238 3217 295 3238 om.
320 3205 352 3238 A
375 3203 388 3248 11
416 3204 457 3238 18
480 3199 570 3246 μηδὲ
592 3202 782 3242 Nomocflm]
811 3202 901 3245 μήτε
929 3204 998 3237 ML
1022 3203 1070 3246 μὴ
1095 3204 1147 3238 B‘
1162 3205 1174 3244 ΙΙ
1193 3206 1235 3238 20

157 3251 235 3291 ἔσχε
258 3249 325 3293 Β11
348 3250 386 3283 21
414 3247 644 3295 παρασκευὴν
668 3248 827 3282 Nonacri-'¹¹
845 3250 875 3285 2,
889 3248 935 3291 211
958 3251 1153 3292 σεβασμίου
1176 3262 1234 3282 om.

158 3298 190 3329 in
215 3297 333 3328 lacuna
357 3295 400 3328 M
427 3296 438 3336 11
465 3291 659 3337 εὐκτηρίου]
683 3292 780 3326 οἴκου
796 3288 979 3338 εῧκτηρίου
996 3294 1025 3326 S
1053 3294 1150 3327 οἴκου
1165 3294 1235 3328 No-

157 3340 278 3374 mos-‘²⁷¹¹
297 3341 310 3384 11
333 3341 375 3374 22
399 3337 599 3382 νοσοκόμου
623 3339 784 3374 Νοηιοσ.’”
795 3338 887 3381 2,211
913 3339 954 3372 23
980 3339 1031 3379 ἐν]
1057 3339 1096 3371 ἐν
1119 3339 1163 3384 τῇ
1188 3340 1237 3371 B‘

157 3398 234 3429 app.
248 3386 381 3419 Nomoc.
395 3386 426 3418 L
440 3387 485 3419 tit.
501 3393 531 3418 15
549 3385 561 3428 11
588 3383 760 3430 γίνεσθαι
784 3384 813 3416 S
828 3384 975 3427 plerique
991 3382 1003 3423 11
1023 3380 1234 3429 διατυπώσῃ

157 3432 186 3464 S
196 3443 227 3463 v.
243 3432 262 3463 l.
282 3431 294 3473 11
311 3432 355 3464 24
377 3430 434 3471 τὸ]
458 3428 526 3463 τὸν
547 3431 580 3463 A
597 3430 609 3473 11
624 3430 692 3473 μὲν
717 3442 775 3462 om.
792 3429 824 3462 L
842 3427 854 3472 11
869 3426 1092 3473 κληροῦσθαι
1110 3429 1151 3461 Μ
1179 3440 1234 3474 γε»

155 3475 289 3508 νέσθαι
313 3474 489 3509 Nomocflm
509 3474 521 3518 11
543 3476 585 3508 25
610 3471 799 3518 κελεύομεν
823 3486 880 3507 om.
907 3474 952 3507 M
963 3474 975 3512 ΙΙ
991 3473 1068 3506 τῶν
1090 3469 1232 3514 τόπων]

156 3518 442 3565 θεοφιλεστάτου
458 3521 486 3553 S
499 3519 511 3560 ΙΙ
531 3520 573 3554 26
590 3517 774 3554 πολιτικοῦ
792 3532 850 3552 om.
864 3519 893 3552 S
905 3518 919 3560 11
936 3518 1004 3552 τὸν
1020 3514 1060 3551 δὲ
1071 3537 1112 3542 -
1127 3519 1205 3560 659,
1218 3526 1233 3551 4

156 3563 369 3611 πληρωθείη
390 3579 446 3598 om.
465 3565 493 3598 S
508 3565 521 3609 11
537 3567 598 3598 καὶ
613 3565 762 3606 ΜΑΒς]
787 3562 810 3607 ἢ
827 3563 885 3609 Ε11
904 3565 944 3598 27
967 3562 1131 3597 ἐνιαυτοῦ
1155 3562 1235 3597 ἑνὸς

156 3612 187 3643 A
211 3613 222 3652 11
249 3612 291 3645 28
315 3609 490 3656 γενέσθαι
513 3610 563 3643 B⁸
577 3623 604 3643 v.
620 3611 654 3652 L,
678 3609 856 3644 Nomoc.‘¹''¹
878 3610 892 3653 11
919 3609 984 3643 τοῦ
1009 3621 1066 3643 om.
1093 3609 1142 3642 B·
1162 3609 1232 3643 No-

157 3655 279 3689 moc.‘¹m
294 3656 307 3700 11
325 3655 528 3698 ποιήσωσιν
544 3655 697 3689 Nomoc.d
713 3657 743 3696 2,
758 3662 774 3689 2

1248 2685 1383 2729 Quodsi
1407 2691 1506 2721 intra
1528 2696 1662 2721 annum
1685 2685 1833 2722 heredes
1854 2684 2122 2722 xenodochium
2145 2683 2203 2721 vel
2222 2684 2379 2731 qualem-

1365 2801 1380 2832 1
1407 2800 1466 2831 aut
1488 2798 1650 2832 sustinere
1674 2797 1884 2840 dispendium
1898 2796 2011 2839 RVT,
2032 2809 2113 2831 corr.
2126 2797 2214 2841 vutq.
2231 2796 2281 2840 113
2305 2806 2380 2840 per-

1303 2843 1438 2876 missum
1464 2844 1497 2877 T
1520 2843 1532 2887 11
1560 2845 1680 2877 Grubr.
1712 2843 1748 2876 si
1780 2842 1856 2884 quis
1884 2843 1922 2875 in
1952 2842 2087 2875 nomine
2115 2841 2244 2875 domini
2271 2841 2380 2875 nostri

1303 2889 1423 2929 (nostri
1439 2901 1498 2922 om.
1513 2889 1562 2930 T)
1585 2889 1661 2922 Iesu
1678 2887 1805 2921 Christi
1822 2887 2039 2921 hereditatem
2060 2887 2116 2920 uel
2132 2887 2277 2930 legatum
2299 2887 2379 2920 reli-

1304 2935 1414 2975 querit
1430 2934 1617 2976 (reliquerit
1632 2933 1846 2966 hereditatem
1863 2932 1919 2965 nel
1933 2932 2079 2974 legatum
2095 2932 2140 2974 Τ)
2153 2931 2262 2965 RTin
2275 2944 2378 2975 mar-9.

1303 2982 1356 3019 (ex
1367 2979 1444 3021 Iul.)
1461 2979 1474 3024 11
1491 2979 1545 3012 dei
1564 2979 1677 3021 magni
1693 2977 1754 3022 Rss
1773 2979 1792 3012 8
1809 2980 1913 3010 testor
1935 2975 1992 3021 Vss
2008 2978 2028 3011 9
2045 2977 2222 3010 demissum
2242 2975 2305 3018 17¹]
2329 2976 2379 3009 di-

1303 3024 1438 3057 missum
1463 3023 1693 3067 RV³Tvul9.
1712 3022 1725 3066 11
1743 3025 1783 3057 10
1793 3024 1878 3056 rubr.
1903 3021 1940 3055 Si
1963 3022 2037 3063 quis
2058 3021 2095 3054 in
2117 3022 2251 3054 nomine
2272 3021 2380 3055 sancti

1304 3069 1449 3101 martiris
1464 3071 1588 3111 (sancte
1598 3068 1702 3101 marie
1713 3067 1759 3109 R)
1774 3067 1987 3100 hereditatem
2004 3065 2058 3099 uel
2075 3066 2221 3109 legatum
2237 3065 2380 3109 relique·

1303 3114 1350 3147 rit
1369 3113 1487 3147 RVin
1504 3126 1607 3157 marq.
1620 3114 1673 3152 (ex
1683 3113 1763 3154 Iul.)
1781 3112 1793 3155 11
1808 3122 1912 3144 unum
1927 3113 2128 3153 sanctorum]
2146 3111 2378 3145 uniuersorum

1306 3159 1355 3192 T¹
1370 3157 1383 3203 11
1409 3160 1447 3193 11
1473 3158 1505 3190 ei
1529 3171 1586 3191 om.
1609 3157 1664 3201 Vll
1687 3156 1885 3198 relinquerit
1903 3156 1989 3190 RT¹
2006 3156 2019 3199 11
2047 3159 2088 3191 14
2112 3160 2160 3190 est
2183 3157 2288 3191 orn-R
2306 3156 2378 3202 1118

1302 3203 1499 3236 nominatim
1519 3202 1569 3236 R¹
1585 3202 1598 3246 11
1614 3202 1650 3234 in
1675 3201 1858 3242 territorio]
1881 3201 2071 3235 interitorio
2087 3202 2225 3243 RT(1·‹1.
2242 3199 2380 3282 inst-njg

1305 3250 1344 3283 17
1367 3248 1464 3281 detur
1483 3260 1542 3281 om.
1555 3248 1604 3280 R¹
1623 3248 1635 3291 11
1651 3247 1699 3288 Si]
1724 3257 1830 3288 neque
1848 3247 1875 3279 si
1897 3247 1944 3280 V¹
1961 3247 1973 3290 11
1995 3248 2033 3281 18
2054 3247 2242 3290 repperitur
2261 3246 2318 3291 Vn
2337 3248 2350 3281 1

1302 3293 1458 3326 habuerit
1482 3293 1515 3326 Τ
1521 3293 1607 3335 vulq.
1623 3293 1635 3335 11
1654 3292 1829 3325 demissum
1847 3292 1947 3333 R'V]
1972 3292 2145 3325 dimissum
2168 3291 2259 3326 1321*
2265 3293 2351 3336 vulq.
2365 3290 2379 3336 11

1303 3340 1345 3372 20
1369 3340 1418 3371 est
1441 3350 1499 3371 om.
1527 3337 1575 3370 T¹
1604 3337 1617 3380 11
1645 3338 1683 3371 21
1705 3340 1791 3371 rubr.
1826 3336 1862 3369 Si
1894 3338 1968 3379 quis
1995 3337 2031 3369 in
2056 3337 2174 3371 ultima
2203 3335 2382 3371 uoluntate

1302 3383 1434 3416 domum
1466 3381 1654 3424 religiosam
1677 3381 1912 3424 (uenerabilem
1936 3382 2068 3415 domum
2092 3383 2136 3424 R)
2164 3381 2236 3415 fieri
2291 3381 2300 3389 ’
2363 3398 2377 3407 -

1300 3429 1404 3462 suerit
1427 3427 1604 3470 (disposuit
1621 3428 1669 3467 T)
1696 3428 1763 3461 RT
1783 3430 1815 3461 in
1835 3440 1936 3472 mar-9.
1960 3428 2013 3467 (ez
2031 3427 2110 3469 Iul.)
2127 3427 2140 3470 11
2157 3428 2200 3462 22
2223 3436 2326 3460 xenon
2350 3425 2376 3459 ii

1300 3474 1334 3507 R
1349 3473 1362 3516 11
1386 3473 1551 3515 phitochii
1575 3475 1633 3505 aut
1657 3472 1886 3516 orphatrophii
1912 3472 1944 3506 T
1963 3471 1976 3516 11
1998 3471 2201 3505 nosochomii
2221 3472 2255 3505 V
2275 3481 2376 3504 noxo·

1300 3518 1423 3551 chomii
1438 3518 1470 3552 T
1489 3519 1678 3551 nosocomia
1694 3518 1772 3561 R‘ss
1791 3519 1833 3552 26
1853 3519 1963 3551 autem
1980 3520 2012 3550 et
2033 3518 2110 3558 VT]
2135 3519 2194 3550 aut
2210 3516 2244 3549 R
2266 3518 2374 3549 autem

1299 3565 1359 3596 aut
1379 3564 1466 3607 vulq.
1491 3562 1504 3607 11
1528 3565 1568 3597 27
1593 3563 1790 3606 pthochium
1816 3563 1848 3596 T
1870 3564 1882 3606 11
1905 3563 2049 3603 domum]
2073 3572 2093 3595 a
2115 3563 2274 3595 testatore
2297 3560 2373 3594 add.

1302 3609 1355 3642 T⁰
1377 3608 1389 3651 11
1415 3609 1502 3641 inter
1529 3608 1577 3642 T¹
1601 3608 1614 3651 11
1640 3609 1681 3643 28
1706 3608 1767 3640 Sin
1793 3608 1826 3642 T
1844 3608 1858 3652 11
1874 3607 1989 3641 fecerit
2012 3606 2092 3652 12¹1
2114 3608 2158 3642 29
2181 3604 2374 3649 quamlibet]

1297 3654 1490 3696 pthochium
1515 3656 1574 3686 aut
1596 3653 1696 3686 aliam
1720 3654 1753 3687 T
