2592 3840
265 66 373 109 Nov.
408 65 555 109 XXIV
583 68 622 108 2.
655 67 680 109 3

266 174 453 223 χρώμενον
476 180 550 212 τοῖς
573 175 875 223 παραδεδομέναις
898 172 1010 219 αύτῷ,
1043 174 1124 219 θεῷ
1151 186 1193 210 τε
1215 172 1348 222 ὑπηρε-

267 219 435 267 τούμενοι
465 225 524 255 καὶ
547 225 621 257 τοῖς
644 221 765 266 νόμοις
797 218 993 263 ἀμύνοντες
1017 232 1047 255 π
1069 218 1266 262 οςηκόντως
1289 217 1348 254 αὖ·

267 265 334 302 τὸν
352 266 658 322 μετελευσόμεθα,
682 267 717 301 εἴ
731 279 771 313 γε
794 263 958 311 εὕροιμεν
977 261 1040 317 ἢλκ
1077 268 1223 300 ’πτοντα
1239 264 1349 308 τυχὸν

268 309 291 356 ἢ
320 324 461 358 χαριτος
490 310 512 355 ἢ
540 313 737 354 απεχθείας
767 308 966 353 ἡττημένον
997 322 1020 352 η
1045 309 1130 362 τοὺς
1145 306 1349 364 ἱὴμετιέρσυς

1305 75 1309 78 ·
1349 62 1428 110 192

2171 78 2232 108 DE
2258 76 2494 110 PRAETORE

1418 178 1489 212 tem
1513 176 1570 212 his
1603 187 1695 221 quae
1717 175 1929 212 tradidimus
1953 175 2005 219 ei,
2035 177 2074 211 et
2096 175 2162 211 deo
2184 175 2428 213 ministrantes
2459 179 2497 212 et

1416 222 1552 266 legibus
1576 222 1749 257 auxilium
1781 221 1938 257 ferentes
1969 223 2211 265 competenter
2240 231 2320 256 eum
2344 221 2496 267 castiga-

1416 266 1544 308 bimus,
1570 267 1602 301 si
1623 267 1844 302 inveniamus
1869 265 2048 301 furantem
2071 265 2195 301 forsan
2217 266 2272 301 vel
2294 266 2411 311 gratia
2433 268 2498 302 aut

1417 311 1610 346 inimicitiis
1634 312 1765 347 victum
1794 315 1858 346 aut
1881 314 2024 346 nostras
2057 310 2367 346 transcendentem
2387 311 2495 356 leges.

269 361 549 402 παραβαίνοντα
582 356 721 400 νόμους.
771 351 984 399 βουλόμενοι
1012 366 1080 407 γαρ
1115 368 1158 389 το
1188 368 1348 410 υπηκοον
1372 360 1393 392 5
1417 356 1590 392 Volumus
1624 357 1716 391 enim
1747 355 1928 392 subiectos
1961 355 2096 400 erigere
2131 358 2168 390 et
2201 365 2293 400 quae
2322 356 2496 391 hactenus

269 399 486 447 ἀνορθῶσαι
516 405 575 435 καὶ
604 401 650 435 τὰ
679 404 780 447 μέχρι
809 400 877 433 νῦν
901 399 1130 446 θεραπεύσαι
1154 412 1246 434 κακα
1267 414 1347 444 χρη-

268 445 398 491 μάτων
436 460 477 481 τε
511 443 744 491 ύπερείδομεν
784 442 952 488 μεγάλων
991 447 1052 478 καὶ
1087 443 1177 491 πρὸς
1209 443 1349 489 ταύτην

271 489 360 525 ἰδεῖν
383 490 452 535 τὴν
481 488 709 525 διατύπωσιν
732 487 969 533 έσπεύσαμεν.

1417 404 1504 437 sunt
1516 401 1649 436 mederi
1662 401 1775 443 malis,
1794 401 1965 445 pecunias
1979 402 2098 435 autem
2113 400 2337 445 despeximus
2349 410 2496 446 magnas

1418 450 1454 483 et
1477 445 1524 482 ad
1546 446 1641 481 hanc
1665 446 1842 491 respicere
1867 445 2134 491 dispositionem
2156 445 2367 482 studuimus.

1259 602 1418 639 CAPUT
1440 602 1506 639 ΠΙ.

322 673 387 704 Δεῖ
408 670 447 705 δὲ
470 668 581 705 αὑτὸν
602 668 652 723 μὴ
673 668 788 714 μόνον
810 669 889 703 τῶν
911 669 1126 722 ἔμπροσθεν
1150 668 1234 714 ἡμῖν
1257 670 1348 715 εἰρη-

1470 670 1644 705 convenit
1666 673 1787 706 autem
1810 681 1891 707 eum
1922 682 1995 707 non
2018 672 2134 707 solum
2165 671 2223 707 his
2247 681 2338 717 quae
2362 671 2496 707 dudum

269 719 393 761 μένων
421 718 600 763 προνοεῖν,
630 712 719 749 αλλὰ
750 717 810 747 καὶ
841 712 949 757 αὖτης
976 712 1155 757 κήδεσθαι
1185 716 1248 757 τῆς
1270 716 1347 749 τῶν
1364 718 1403 750 10
1416 725 1439 749 a
1462 715 1566 751 nobis
1591 717 1676 750 sunt
1699 715 1795 750 dicta
1818 717 2032 761 prospicere,
2061 716 2125 752 sed
2147 716 2253 751 etiam
2285 727 2407 752 curam
2429 716 2496 752 ha·

271 760 415 796 πόλεων
437 759 620 806 ἀφθονίας
642 762 702 793 καὶ
726 760 791 793 τοῦ
814 757 928 803 μηδὲν
956 763 1030 794 τοῖς
1053 758 1218 794 πολίταις
1241 759 1348 794 ἐκλεί-

271 818 365 847 πειν,
399 807 607 841 ἐπισκοπεῖν
641 802 682 838 δὲ
711 807 772 838 καὶ
805 803 852 838 τοὶ
882 805 961 838 τῶν
994 802 1139 840 πόλεων
1170 806 1256 851 ἔργα
1287 807 1347 838 καὶ

269 850 318 895 μὴ
341 853 536 897 συγχωρεῖν
565 848 655 894 μηδὲ
684 847 776 883 κατὰ
806 851 914 884 τοῦτο
947 848 1054 883 αὐτὰς
1084 849 1225 883 ἑαυτῶν
1249 846 1349 884 ἐλάτ-

270 907 357 949 τους,
374 896 556 941 γίνεσθαι,
580 893 669 929 ἄλλοι
692 897 753 927 καὶ
776 893 858 928 τοὺς
880 895 959 928 τῶν
981 891 1128 928 ὑδάτων
1144 891 1266 929 ὁλκοὺς
1289 897 1348 929 καὶ

1416 762 1502 796 bere
1527 760 1710 795 civitatum
1734 761 1974 797 abundantiae
1997 767 2033 796 et
2055 764 2098 797 ut
2114 761 2203 796 nihil
2227 761 2363 797 civibus
2382 761 2497 806 desit;

1418 805 1652 849 contemplari
1676 815 1819 850 quoque
1850 816 1871 841 o
1899 816 1960 842 era
1983 807 2165 842 civitatum
2195 810 2234 842 et
2254 817 2327 842 non
2345 808 2500 852 permit-

1417 853 1493 902 tere
1516 859 1632 894 neque
1656 850 1852 885 secundum
1872 816 1946 886 Eoo
1971 861 2032 886 eas
2056 851 2113 886 sui
2134 851 2290 887 minores
2313 852 2401 892 fieri,
2431 851 2496 887 sed

1417 897 1525 929 etiam
1548 895 1796 939 aquaeductus
1820 897 1856 930 et
1875 899 2003 940 pontes
2027 898 2064 931 et
2081 906 2203 930 muros
2227 898 2265 931 et
2285 895 2416 931 itinera
2437 906 2494 931 re-

269 951 423 993 γεφύρας
453 942 513 973 καὶ
544 943 642 983 τείχη
674 942 735 973 καὶ
765 936 869 973 ὁδοὺς
900 937 1072 974 σπεύδειν
1102 941 1346 985 ἐπανορθοῦν,
1363 942 1402 974 15
1415 950 1546 984 parare
1577 939 1730 981 studere,
1762 943 1800 974 et
1829 950 1902 976 non
1931 941 2137 985 permittere
2167 940 2241 976 illic
2272 940 2495 976 venientibus

269 988 330 1018 καὶ
352 998 401 1029 μη
425 988 621 1031 συγχωρεῖν
644 987 716 1018 τοῖς
739 986 850 1018 ἐκεῖσε
873 985 1029 1030 φοιτῶσι
1047 984 1247 1031 πράκτορσι
1267 982 1348 1018 τοὺς

279 1028 455 1075 (μετέρους
484 1027 660 1072 ὑπηκόους
691 1028 784 1063 κατά
811 1043 848 1063 τι
879 1027 1063 1075 βαρύνειν,
1094 1027 1186 1073 μηδὲ
1214 1028 1348 1064 ταύτας

268 1043 314 1117 δὴ
337 1074 399 1108 τὰς
423 1075 461 1114 ἐξ
481 1075 590 1127 ἔθους
613 1075 771 1119 πονηροῦ
795 1077 986 1121 γινομένας
1009 1072 1212 1119 προςτάξεις
1233 1087 1347 1120 παρα-

1417 984 1646 1020 exactoribus
1666 986 1810 1020 nostros
1837 985 2028 1021 collatores
2051 986 2089 1020 in
2108 985 2227 1030 aliquo
2247 995 2494 1031 praegravare,

1416 1039 1531 1074 neque
1555 1039 1598 1064 ea
1622 1039 1714 1074 quae
1744 1039 1789 1064 ex
1813 1031 2070 1066 consuetudine
2093 1030 2248 1075 maligna
2270 1030 2363 1066 fiunt
2389 1039 2494 1076 prae-.-

1418 1078 1523 1126 cepta
1553 1075 1746 1118 suscipere,
1780 1084 1873 1118 quae
1903 1075 1948 1110 de
1978 1086 2162 1111 murorum
2191 1075 2429 1112 fabricatione
2459 1079 2497 1111 et

270 1118 477 1163 λαμβάνειν,
502 1131 585 1153 οσαι
609 1122 692 1165 περὶ
715 1123 933 1161 τειχοποιίας
954 1133 996 1153 τε
1018 1122 1081 1153 καὶ
1103 1115 1348 1165 ὁδοστρωσίας
1415 1119 1601 1155 itineribus
1639 1119 1838 1155 sternendis
1875 1122 1912 1155 et
1947 1120 2028 1156 aliis
2063 1121 2164 1156 denis
2199 1120 2341 1156 milibus
2375 1120 2495 1156 causis

269 1168 329 1198 καὶ
358 1163 466 1217 ἄλλας
495 1168 621 1217 μυρί-ας
658 1164 774 1216 αἰτίας
807 1163 977 1216 accincto
1012 1166 1052 1198 ἐκ
1086 1165 1164 1199 τῶν
1195 1162 1348 1210 θρόνων
1361 1167 1403 1199 20
1416 1164 1616 1209 procedunt
1639 1174 1661 1199 a
1685 1164 1829 1200 sedibus
1853 1167 1938 1200 tuae
1963 1165 2196 1201 celsitudinis.
2242 1165 2379 1201 Horum
2403 1165 2496 1201 enim

267 1209 330 1251 τῆς
352 1211 413 1252 σῆς
435 1221 614 1255 υπεροχης.
661 1222 805 1243 τουτων
834 1223 902 1256 γαρ
933 1207 1113 1244 απάντων
1135 1211 1256 1243 ἕνεκεν
1286 1211 1347 1243 καὶ

268 1254 304 1287 εἴ
328 1268 365 1288 τι
393 1256 559 1289 τοιοῦτον
589 1255 714 1300 ἕτερον
745 1251 865 1288 οὐδενὶ
895 1251 1117 1300 συγχωρήσει
1147 1253 1229 1289 τοὺς
1258 1251 1346 1297 ύπη-

267 1297 369 1334 κόους
382 1298 463 1333 τοὺς
483 1296 669 1344 ἡμετέρους
686 1296 834 1341 ἀδικεῖν,
859 1296 942 1333 οὐδὲ
961 1297 1212 1346 προελεύσεται
1230 1300 1348 1345 ψῆφος

268 1346 307 1378 ἐκ
336 1346 415 1378 τῶν
447 1344 600 1391 θρόνων
631 1345 709 1379 τῶν
738 1345 817 1378 σῶν
847 1344 990 1378 τοιοῦτό
1019 1357 1056 1378 τι
1083 1343 1250 1397 λέγουσα·
1287 1346 1347 1378 καὶ

267 1389 335 1436 γὰρ
358 1387 425 1433 ἤδη
455 1403 564 1424 τουτο
594 1388 854 1433 κεκωλύκαμεν.
901 1386 983 1423 ἀλλ’
1012 1388 1117 1423 αὐτος
1144 1391 1212 1433 μὲν
1234 1386 1347 1425 οἷπάν-
1360 1392 1402 1424 25
1415 1389 1580 1434 habebit3
1618 1389 1650 1424 Si
1682 1399 1786 1442 quem
1814 1399 1899 1426 vero
1929 1401 1995 1426 nos
2019 1390 2216 1426 secundum
2238 1400 2283 1436 pr

268 1447 346 1468 των
368 1434 637 1479 ἐπιμελήσεται·
662 1435 693 1468 εἰ
712 1433 755 1469 δέ
775 1447 859 1468 τινα
879 1431 975 1479 ἡμεῖς
998 1433 1091 1468 κατὰ
1114 1435 1221 1469 θεῖον
1243 1431 1347 1479 ἡμῶν

268 1478 519 1527 πραγματικὸν
554 1477 672 1514 τύπον
707 1478 922 1523 στείλαιμεν,
960 1476 1003 1514 ὃν
1036 1479 1124 1514 ἴσως
1156 1478 1245 1524 πρὸς
1279 1477 1348 1522 τὴν

268 1524 336 1568 σὴν
369 1528 655 1570 καταπέμψομεν
691 1521 821 1571 ἀρχὴν,
859 1526 989 1558 ἐκεῖνος
1023 1521 1270 1571 προςεξετάσει
1304 1521 1347 1558 τὸ

267 1568 357 1616 παρ’
384 1567 488 1613 ἡμῶν
512 1566 774 1616 ἐγκρινόμενον.
818 1570 929 1615 ἑτέρῳ
955 1567 994 1603 δὲ
1016 1566 1137 1603 οὐδενὶ
1161 1568 1349 1604 παντελῶς

267 1612 371 1648 ἄδεια
392 1614 583 1662 γενήσεται
848 1615 857 1625 ’
945 1613 953 1624 ’
1108 1611 1115 1621 ’

268 1661 439 1706 ἐπαρχίας
457 1658 596 1703 ἴδοιμεν
617 1659 728 1695 πάλιν
748 1658 967 1706 ἀνθρώπων
984 1658 1125 1704 μεστάς,
1147 1658 1256 1694 πάλιν
1275 1662 1348 1693 τοῖς

268 1705 409 1739 ἑαυτῶν
433 1704 597 1740 πολίταις
619 1703 804 1750 κομώσας,
836 1708 898 1738 καὶ
925 1704 975 1748 μὴ
998 1708 1148 1751 συρρέον
1179 1705 1347 1739 ἐνταῦθα

268 1748 408 1793 πλῆθος
437 1747 655 1796 ἀνθρώπων
685 1749 733 1784 εἰς
763 1749 831 1793 τὴν
859 1750 1003 1785 ἑαυτῶν
1033 1751 1101 1795 γῆν
1128 1748 1349 1784 ἐπανελθεῖν

268 1792 328 1829 διὰ
362 1793 430 1838 τὴν
462 1796 541 1829 τῶν
580 1792 770 1840 ἀρχόντων
809 1798 955 1848 κακίανἱ
975 1793 1032 1848 μὴ(
1062 1795 1231 1848 θαρροίη.
1279 1794 1348 1829 Διὰ

669 1614 791 1649 λατεῖν
819 1628 862 1649 το
882 1612 1056 1657 ὑπηκοον·
1093 1611 1195 1649 ὅπως
1217 1612 1263 1649 ἂν
1286 1614 1348 1649 τὰς
1362 1618 1403 1649 30
1417 1614 1571 1650 minibus

1417 1209 1575 1244 omnium
1607 1219 1716 1244 causa
1747 1213 1783 1245 et
1813 1209 1844 1244 si
1872 1210 1958 1254 quid
1987 1211 2059 1246 tale
2089 1210 2189 1246 aliud
2217 1215 2272 1246 est
2299 1210 2391 1246 nulli
2412 1219 2495 1255 per-

1415 1255 1535 1289 mittat
1553 1254 1734 1289 subiectos
1751 1257 1895 1290 nostros
1914 1255 2066 1299 laedere,
2088 1265 2204 1308 neque
2224 1255 2397 1300 procedat
2413 1265 2495 1291 sen-

1415 1299 1528 1334 tentia
1550 1309 1573 1334 a
1596 1299 1741 1335 sedibus
1765 1299 1836 1334 tuis
1859 1300 1932 1335 tale
1954 1300 2088 1346 aliquid
2111 1300 2252 1336 dicens:
2274 1300 2348 1335 iam
2365 1300 2497 1336 etenim

1415 1344 1485 1380 hoc
1507 1344 1765 1389 prohibuimus.
1810 1344 1882 1380 Sed
1903 1346 1982 1390 ipse
2012 1345 2154 1390 quidem
2187 1345 2344 1381 omnium
2373 1354 2496 1382 curam

2282 1390 2496 1436 agmaticam

1415 1435 1567 1469 formam
1587 1434 1829 1479 direxerimus,
1854 1445 1958 1480 quem
1977 1436 2104 1471 merito
2123 1435 2231 1472 etiam
2253 1435 2301 1470 ad
2314 1439 2416 1471 tuum
2433 1435 2495 1471 de-

1417 1479 1628 1515 stinabimus
1655 1480 1806 1522 culmen,
1829 1480 1891 1515 ille
1913 1480 2131 1516 examinabit
2154 1479 2250 1524 quod
2267 1489 2291 1516 a
2308 1480 2413 1516 nobis
2433 1480 2495 1516 de-

1418 1525 1585 1566 cernitur,
1611 1524 1715 1559 alteri
1739 1535 1822 1561 vero
1840 1525 1928 1560 nulli
1950 1525 2094 1570 penitus
2116 1525 2262 1561 licentia
2281 1524 2350 1564 erit
2366 1534 2498 1561 vexare

1417 1570 1618 1606 subiectos:
1645 1572 1824 1614 quatenus
1848 1571 2051 1615 provincias
2077 1571 2258 1607 videamus
2279 1580 2407 1606 rursus
2429 1570 2494 1606 ho-

1620 1615 1729 1659 lenas,
1765 1625 1892 1651 rursus
1916 1616 2070 1660 propriis
2095 1615 2231 1651 civibus
2252 1614 2435 1658 florentes,
2459 1618 2497 1651 et

1416 1671 1490 1696 non
1515 1670 1582 1695 con
1610 1670 1698 1705 uens
1722 1659 1782 1695 hic
1805 1660 1995 1696 multitudo
2018 1661 2202 1697 hominum
2228 1660 2275 1696 ad
2297 1670 2399 1697 suam
2422 1664 2496 1697 ter-

1416 1715 1493 1740 ram
1516 1715 1674 1740 remeare
1696 1708 1843 1750 propter
1861 1705 2019 1741 iudicum
2038 1706 2210 1742 malitiam
2233 1716 2307 1741 non
2325 1704 2497 1742 confidat.

1417 1750 1614 1795 Propterea
1636 1750 1744 1794 igitur
1767 1750 1946 1786 sancimus
1971 1754 2070 1787 tuam
2095 1750 2339 1787 celsitudinem
2361 1760 2496 1795 nequa-

1418 1805 1523 1839 quam
1548 1795 1680 1831 divisas
1704 1795 1838 1831 habere
1855 1795 2059 1831 Pisidorum
2081 1796 2198 1841 gentis
2215 1795 2496 1832 administratio-

267 1841 374 1874 τοῦτο
404 1843 528 1874 τοίνυν
560 1840 787 1884 θεσπίζομεν
816 1853 885 1883 την
916 1852 984 1883 σην
1014 1853 1206 1895 υπεροζην,
1221 1843 1349 1896 μηξιέτι
1362 1844 1403 1876 35
1418 1850 1492 1883 nee,
1517 1840 1581 1876 sed
1603 1850 1715 1875 unum
1738 1850 1816 1876 esse
1838 1840 1876 1875 in
1899 1850 1943 1876 ea
1960 1841 2166 1886 spectabilis
2187 1841 2366 1885 praetoris
2384 1840 2496 1886 magi·

268 1883 482 1933 διῃρημένας
501 1888 596 1927 ἔχειν
615 1884 677 1919 τὰς
697 1887 761 1919 τοῦ
781 1883 948 1920 Πισιδῶν
968 1885 1100 1919 ἔθνους
1119 1897 1236 1931 αρχας,
1260 1884 1349 1919 αλλα

267 1934 355 1974 μίαν
379 1930 471 1964 εἶναι
504 1929 571 1973 τὴν
594 1932 635 1964 ἐν
659 1928 749 1977 αὐτῇ
781 1931 846 1965 τοῦ
869 1929 1111 1978 περιβλέπτου
1144 1934 1348 1975 πραίτωρος

268 1972 389 2020 ἀρχήν,
421 1972 535 2018 αὐτὴν
557 1977 625 2020 μὲν
649 1974 926 2021 στρατιωτικήν,
959 1975 1073 2018 αὐτὴν
1097 1973 1138 2009 δὲ
1160 1974 1348 2018 πολιτικὴν

269 2020 524 2062 καθεστῶσαν,
553 2023 613 2054 καὶ
645 2018 777 2064 ὁμοίως
799 2022 868 2074 μὲν
897 2021 975 2055 τῶν
1008 2019 1191 2063 δημοσίων
1219 2034 1259 2054 τε
1290 2024 1349 2054 καὶ

269 2063 468 2119 πολιτικῶν
488 2068 764 2118 φροντίζουσαν,
795 2069 925 2121 ομοίως
949 2063 989 2099 δὲ
1011 2067 1090 2100 τῶν
1110 2067 1349 2111 στρατιωτῶν
1362 2069 1405 2100 40

267 2114 478 2165 ηγουμένην,
517 2122 611 2162 were!
633 2112 679 2157 τῇ
715 2108 768 2144 δι’
799 2108 963 2153 αλλήλων
996 2110 1156 2160 βοηθείᾳ
1191 2114 1264 2162 καὶτ
1281 2109 1350 2153 τὴν

246 2168 380 2201 ιαρχην
410 2157 449 2189 ἐκ
478 2156 556 2189 τῶν
590 2154 716 2190 οπλων
752 2155 899 2202 ἰσχυρὰν
931 2155 1026 2189 εἶναι
1059 2158 1119 2189 καὶ
1151 2154 1217 2199 τὴν
1247 2154 1347 2190 οπλι-

1417 1889 1580 1927 stratum,
1603 1885 1723 1930 ipsum
1739 1885 1879 1930 quidem
1893 1885 2092 1926 militarem,
2117 1886 2236 1930 ipsum
2254 1895 2340 1922 vero
2357 1885 2499 1922 civilem

1418 1931 1664 1972 constitutum,
1686 1934 1722 1964 et
1742 1930 1904 1965 similiter
1919 1931 2061 1975 quidem
2077 1930 2254 1966 fiscalium
2272 1930 2499 1976 civiliumque

1417 1978 1623 2018 curantem,
1660 1975 1822 2011 similiter
1856 1979 1975 2011 autem
2009 1976 2182 2012 militibus
2217 1975 2496 2020 praesedentem,

1419 2025 1596 2065 quatenus
1628 2021 1766 2056 alterno
1799 2020 1933 2056 solacio
1967 2023 2004 2057 et
2031 2020 2292 2057 administratio
2321 2029 2367 2056 ex
2387 2020 2499 2056 armis

269 2250 306 2282 et
327 2245 394 2280 deo
414 2246 607 2281 servientes
630 2250 667 2280 et
683 2244 822 2291 leqibus
843 2245 1090 2292 subvenientes
1113 2245 1151 2279 iu
1173 2255 1254 2280 eum
1277 2248 1320 2280 ut
1337 2244 1441 2280 decet
1462 2243 1798 2286 animadvertemus,
1822 2244 1855 2280 si
1873 2243 2018 2291 quidem
2038 2243 2157 2289 ipsum
2179 2243 2237 2279 vel
2250 2243 2381 2289 furari
2393 2243 2498 2289 forte
2533 2239 2549 2246 “

269 2292 326 2326 vel
346 2290 491 2342 gratiae
521 2295 586 2325 aut
609 2290 693 2325 odio
726 2290 851 2326 cedere
881 2290 939 2326 vel
967 2290 1064 2336 leqes
1087 2294 1234 2325 nostras
1261 2289 1400 2325 violare
1427 2289 1704 2336 reppererimus.
1766 2288 1847 2336 Ipsi
1870 2289 1964 2325 enim
1994 2299 2075 2323 cum
2102 2288 2268 2324 subditos
2297 2288 2440 2335 eriqm
2461 2291 2498 2324 et

268 2335 374 2370 malis
396 2346 490 2381 quae
513 2346 628 2413 uque
651 2334 741 2370 adeo
765 2335 996 2371 invaluerunt
1017 2334 1152 2370 mederi
1175 2334 1335 2377 velimus,
1367 2338 1404 2370 et
1425 2345 1579 2380 maynas
1602 2345 1691 2381 opes
1717 2334 1949 2382 despeximus
1976 2332 2081 2369 etad
2102 2331 2198 2368 hanc
2222 2337 2389 2380 spectare
2411 2343 2497 2369 con-

268 2380 490 2415 stitutionem
513 2384 573 2415 stu
597 2380 723 2415 uimus.

404 2425 469 2461 111.
526 2424 653 2470 Neque
675 2435 761 2460 vero
784 2424 831 2459 iis
853 2424 971 2459 solum
994 2435 1089 2470 quae
1109 2435 1224 2472 supra
1247 2436 1271 2460 a
1294 2424 1399 2460 nobis
1422 2424 1520 2460 dicta
1549 2429 1636 2461 sunt
1650 2425 1849 2472 providere
1878 2435 1959 2461 eum
1981 2426 2136 2470 oportet,
2164 2422 2231 2459 sed
2248 2423 2357 2459 etiam
2378 2422 2498 2470 ipsam

269 2470 412 2505 urbium
428 2471 715 2517 prosperitatem
737 2481 807 2505 neu
831 2469 1025 2515 quicquam
1049 2469 1143 2505 cives
1165 2469 1313 2514 deficiat
1335 2480 1466 2505 curare
1471 2481 1487 2511 ;
1518 2481 1633 2516 porro
1658 2481 1772 2517 opera
1796 2480 1941 2517 quoque
1963 2468 2161 2505 civitatium
2181 2468 2360 2514 inspicere
2380 2478 2498 2515 neque

268 2515 350 2560 pati
371 2514 438 2550 hoc
460 2515 499 2549 in
522 2525 653 2560 qenere
676 2525 739 2550 eas
762 2514 959 2549 deteriores
978 2514 1073 2559 fieri,
1096 2514 1161 2550 sed
1179 2519 1222 2549 ut
1243 2518 1280 2549 et
1298 2525 1418 2560 aquae
1437 2514 1566 2550 ductus
1588 2519 1625 2551 et
1639 2518 1776 2562 pontes
1798 2519 1835 2551 et
1852 2514 1947 2550 muri
1965 2518 2002 2550 et
2020 2513 2100 2550 viae
2117 2513 2330 2559 reficiantur
2347 2523 2497 2560 operam

270 2559 371 2602 dare,
395 2570 510 2605 neque
527 2559 740 2605 permittere
764 2558 998 2594 exactoribus
1027 2559 1091 2605 qui
1114 2559 1202 2594 illuc
1231 2561 1380 2595 veniunt
1408 2563 1451 2595 ut
1479 2559 1644 2596 subditos
1665 2565 1814 2596 nostros
1844 2559 1922 2595 ulla
1954 2560 1992 2594 in
2021 2569 2062 2594 re
2108 2562 2258 2601 remant,
2291 2567 2359 2593 nco
2378 2558 2498 2605 maqis

270 2604 444 2639 mandata
462 2603 528 2638 illa
549 2614 642 2649 quae
672 2614 722 2639 ex
739 2615 858 2649 prava
884 2603 1027 2649 quidem
1048 2604 1307 2639 consuetudine
1309 2605 1431 2683 ⁶diunt
1452 2605 1649 2651 suscipere,
1678 2615 1925 2657 quaecumque
1948 2615 1971 2639 a
1990 2602 2071 2639 sedi
2092 2613 2137 2638 us
2160 2607 2244 2638 tuae
2265 2601 2498 2638 sublimitatis

268 2649 553 2695 proficiscuntur
574 2647 618 2682 de
635 2648 747 2683 muris
765 2648 997 2684 exstruendis
1019 2652 1055 2683 et
1073 2649 1141 2684 viis
1163 2653 1307 2684 sternen
1341 2649 1366 2683 's
1388 2653 1425 2684 et
1441 2650 1611 2684 sescentis
1634 2650 1719 2685 alus
1738 2650 1870 2685 causis.
1918 2648 2077 2684 Istorum
2096 2647 2190 2683 enim
2209 2647 2366 2683 omnium
2384 2657 2498 2683 causa

271 2698 307 2729 et
330 2693 362 2728 si
385 2693 549 2744 quidest
572 2693 650 2727 eius
671 2692 814 2738 qeneris
837 2692 939 2727 aliud
960 2692 1053 2727 nulli
1074 2693 1239 2728 subditos
1261 2698 1408 2729 nostros
1430 2694 1569 2729 iniuria
1592 2695 1745 2740 afficere
1766 2695 1966 2741 permittat,
1990 2703 2106 2739 neque
2126 2691 2302 2739 procedet
2319 2692 2500 2728 sententia

271 2750 295 2773 a
317 2737 461 2774 sedibus
486 2737 555 2772 tuis
578 2748 672 2782 quae
696 2737 768 2772 tale
791 2737 880 2783 quid
903 2736 1020 2772 dicat:
1041 2737 1170 2772 etenim
1189 2737 1259 2773 ltoc
1281 2738 1354 2772 iam
1371 2738 1637 2784 prohibuimus.
1682 2738 1756 2775 Sed
1774 2740 1854 2786 ipse
1901 2738 2020 2774 uidem
2043 2738 2164 2773 omnia
2183 2737 2346 2778 curabit,·
2367 2736 2499 2784 quodsi

272 2793 378 2829 quem
401 2782 586 2817 mittamus
607 2781 802 2817 secundum
825 2793 968 2817 sacram
991 2787 1155 2817 nostram
1205 2783 1441 2829 raqmaticam
1464 2784 1699 2826 sanctionem,
1721 2795 1831 2830 quam
1875 2788 2015 2819 ortasse
2037 2782 2087 2818 ad
2102 2787 2201 2828 tuam
2250 2781 2498 2827 raefecturam

271 2828 467 2868 mittemus,
503 2826 565 2862 ille
594 2826 745 2873 insuper
775 2826 960 2877 examinet
989 2826 1088 2872 quod
1117 2837 1164 2862 no
1190 2827 1221 2861 is
1246 2827 1442 2873 probatur.
1508 2828 1583 2864 Alii
1612 2840 1697 2864 vero
1728 2829 1825 2864 nulli
1857 2829 2003 2864 omnino
2035 2827 2139 2863 venia
2170 2793 2318 2862 dabitur
2347 2826 2498 2874 deprae-

271 2872 386 2908 dandi
408 2871 592 2908 subditos:
614 2876 655 2906 ut
668 2871 885 2917 provincias
906 2882 1035 2906 rursus
1054 2871 1238 2906 videamus
1262 2871 1463 2907 bominibus
1485 2873 1657 2918 refertas,
1681 2884 1809 2909 rursus
1830 2873 1907 2908 suis
1929 2872 2065 2908 civibus
2084 2872 2270 2918 florentes,
2298 2882 2385 2908 nove
2406 2871 2498 2907 mul-

273 2916 390 2953 titudo
422 2916 604 2952 homiuum
638 2914 708 2951 lauc
742 2916 926 2963 confluens
961 2917 999 2950 in
1027 2916 1192 2961 patriam
1227 2927 1331 2950 suam
1368 2916 1490 2952 redire
1530 2922 1686 2963 propter
1719 2918 1998 2964 maqistratuum
2033 2917 2209 2952 malitiam
2242 2926 2319 2951 non
2352 2915 2496 2952 audeat.

271 2961 615 3014 Hoptereajqitur
637 2960 835 3002 sancimus,
867 2964 908 2996 ut
931 2964 993 2995 tua
1021 2959 1223 2995 sublimitas
1253 2962 1488 3007 maqistratus
1519 2963 1640 3012 qentis
1663 2961 1874 2998 Pisidarum
1903 2972 1977 2997 non
2007 2961 2165 3007 amplius
2191 2961 2326 2996 divisos
2355 2959 2498 3004 habeat,

269 3006 336 3043 sed
357 3018 433 3042 una
455 3011 502 3042 stt
525 3006 565 3041 in
587 3016 631 3040 ea
653 3004 859 3051 spectabilis
875 3005 1063 3051 praetoris
1070 3009 1257 3083 ἰΡοίιιείαε,
1289 3016 1384 3051 quae
1407 3006 1576 3041 militaris
1605 3006 1728 3042 eadem
1758 3011 1793 3042 et
1816 3007 1933 3042 civilis
1963 3007 2011 3040 sit
2041 3016 2085 3040 ac
2112 3005 2257 3052 pariter

1083 3049 1193 3084 itibus
1216 3050 1380 3095 praesit:
1410 3055 1452 3085 ut
1474 3055 1598 3085 mutuo
1630 3051 1773 3086 auxilio
1805 3055 1841 3086 et
1869 3051 2105 3096 maqistratus
2135 3050 2248 3085 armis

270 3051 434 3088 civilibus
463 3050 571 3087 rebus
601 3050 818 3096 prospiciat,
844 3050 992 3094 pariter
1019 3049 1068 3083 mi

316 3144 336 3177 3
359 3141 396 3175 εἴ
412 3155 453 3188 ys
476 3142 573 3182 Bm]
598 3140 668 3174 εἴτε
694 3142 765 3174 ML
788 3140 800 3182 11
830 3143 851 3173 4
874 3137 1019 3185 χάριτας
1043 3141 1074 3172 L
1101 3139 1113 3183 11
1136 3135 1347 3182 ἡττώμενον

270 3188 307 3221 Β
322 3186 335 3232 11
362 3190 382 3222 5
395 3200 442 3231 sq.
467 3182 680 3230 βουλόμενοι
693 3205 735 3209 -
748 3182 942 3230 χρημάτων
959 3197 999 3217 τε
1018 3179 1264 3229 ύπερείδομεν]
1290 3195 1347 3217 vo-

268 3232 382 3266 lumus
400 3251 444 3256 —-
463 3232 623 3285 pecunias
645 3233 755 3264 autem
777 3230 986 3272 despeximus
1010 3240 1030 3265 ς
1044 3228 1056 3272 11
1075 3231 1095 3263 8
1120 3227 1348 3272 ἐσπευσάμην

269 3278 322 3311 B‘
338 3277 351 3321 11
371 3280 412 3311 10
433 3276 541 3319 αυτῆς
561 3289 619 3310 οηι.
632 3288 652 3312 ς
670 3274 683 3320 11
701 3278 738 3309 11
761 3275 837 3315 τοῦ]
858 3274 964 3307 τοῦτο
981 3273 1032 3307 Βο
1048 3273 1060 3317 11
1082 3275 1122 3307 13
1144 3270 1269 3307 αὐτούς
1285 3274 1316 3307 L
1336 3272 1349 3317 11

272 3325 312 3356 14
332 3323 410 3356 τῶν
429 3335 487 3355 om.
501 3322 532 3355 L
548 3320 561 3365 11
583 3324 622 3356 15
643 3322 703 3354 καὶ
716 3321 826 3361 τείχη]
847 3321 907 3351 καὶ
928 3319 1037 3352 om.M
1052 3317 1064 3362 11
1083 3320 1125 3351 23
1147 3316 1347 3367 πρόςίέλεύ-

270 3378 371 3400 σεται
384 3367 415 3400 L
431 3368 443 3406 11
462 3369 504 3401 24
529 3367 568 3399 ἐκ
591 3366 668 3399 τῶν
683 3366 750 3406 Be]
776 3365 814 3397 ἐκ
839 3377 897 3397 om.
914 3364 985 3396 ML
1001 3363 1013 3402 ΙΙ
1040 3365 1083 3397 26
1102 3362 1219 3396 θεῖον·
1232 3363 1347 3406 ημῶν]

270 3411 376 3445 θεῖον
394 3411 509 3455 νόμον
526 3408 629 3454 ἡμῶν
641 3412 684 3451 L,
709 3423 767 3444 om.
782 3422 802 3446 ς
816 3408 829 3453 11
848 3411 889 3442 27
911 3407 1008 3449 ἴσως]
1033 3408 1150 3441 merito
1174 3408 1271 3440 etiam
1296 3420 1316 3445 ς
1338 3408 1350 3451 11

270 3459 312 3490 29
338 3457 470 3501 ἑτέροις
493 3458 524 3491 L
543 3459 613 3499 1134
638 3455 796 3501 θαρροίη
820 3454 930 3494 ΜΒς]
955 3452 1180 3505 θαρροῦντες
1200 3453 1232 3486 L
1256 3452 1349 3530 &ag-

269 3496 1320 3592 &iffifflfifflssttiitbi‘'1³3‘'J’125n'35‘1‘3'?„Utitz'fssz'wzc
1334 3498 1351 3530 '³

315 3638 336 3670 2
360 3637 594 3679 castigauimus
615 3638 692 3670 libri
706 3635 719 3680 11
736 3637 758 3669 4
781 3635 972 3668 conuictum
995 3633 1053 3677 Τ11
1070 3633 1349 3666 transcindentem

2312 3004 2440 3041 ublicis
2462 3010 2499 3041 et

2301 3054 2440 3086 metut-
2463 3054 2499 3086 et

1424 3140 1474 3173 V2
1485 3140 1771 3173 transcindentens
1787 3139 1838 3174 V¹
1855 3140 1867 3182 ΙΙ

1419 3187 1460 3218 14
1483 3185 1685 3226 aqueductus
1717 3183 1772 3228 711
1803 3186 1843 3219 15
1868 3183 1940 3217 illic
1972 3184 2018 3224 V]
2051 3183 2134 3217 illuc
2164 3182 2194 3216 T
2207 3183 2220 3225 11
2252 3185 2290 3218 16
2316 3184 2497 3217 exactioni-

1415 3229 1478 3262 bus
1502 3229 1559 3272 ΤΙΙ
1580 3231 1619 3262 17
1645 3239 1729 3270 quae
1754 3242 1812 3262 om.
1838 3228 1896 3273 711
1916 3231 1955 3262 19
1979 3228 2056 3261 aliis
2079 3227 2308 3261 densimilibus
2328 3228 2380 3272 71
2402 3231 2442 3263 21
2466 3228 2499 3263 si

1417 3274 1550 3315 quidem
1575 3275 1608 3307 T
1617 3272 1629 3317 ΙΙ
1649 3276 1690 3307 23
1716 3274 1803 3306 enim
1832 3273 1885 3315 ΤΙΙ
1913 3275 1955 3307 24
1979 3283 2061 3306 cura
2088 3271 2146 3317 711
2171 3274 2212 3308 25
2235 3283 2332 3315 quem
2431 3283 2496 3316 que

1418 3318 1476 3362 ΤΙΙ
1494 3320 1535 3352 26
1558 3318 1738 3351 direximus
1751 3319 1828 3352 libri
1845 3318 1857 3362 11
1873 3320 1983 3360 quem]
1998 3314 2193 3370 le9.quam‘2
2209 3317 2222 3362 11
2240 3318 2340 3351 etiam
2359 3318 2495 3363 VvutyJ

1417 3376 1477 3396 om.
1491 3364 1524 3396 T
1544 3363 1549 3406 1
1566 3363 1804 3396 destinauimus
1824 3371 1854 3397 et
1875 3365 1915 3397 27
1931 3363 2136 3396 examnauit
2149 3363 2229 3397 libri
2244 3362 2256 3406 11
2272 3364 2315 3397 27
2339 3363 2497 3396 discerni·

1417 3410 1474 3441 tur
1493 3408 1526 3442 V
1543 3409 1548 3452 Ι
1567 3409 1605 3442 31
1629 3408 1808 3442 comfluens
1836 3406 1894 3453 711
1916 3410 1958 3443 32
1983 3410 2142 3441 remearet
2164 3408 2198 3441 T
2223 3411 2408 3442 remaneret
2433 3405 2498 3451 711

1417 3453 1580 3485 iudicium
1605 3454 1683 3487 libri
1708 3453 1721 3498 11
1751 3455 1792 3488 33
1817 3463 1959 3495 nequam
1991 3453 2027 3487 V
2049 3463 2156 3494 neque
2184 3453 2217 3486 T
2236 3452 2250 3495 Ι
2283 3454 2327 3487 34
2350 3452 2496 3485 diuersas

1421 3498 1454 3531 T
1466 3497 1478 3541 ΙΙ
1492 3498 1732 3540 praesidiorum
1752 3499 1862 3540 gentis
1881 3497 2190 3531 amministrationis
2210 3495 2274 3542 711
2297 3499 2339 3532 35
2363 3507 2414 3530 eas
2435 3497 2496 3535 Vn

1418 3544 1612 3584 magistrum
1633 3543 1668 3576 V
1682 3542 1694 3586 11
1713 3546 1756 3577 36
1780 3543 1963 3575 militarum
1985 3543 2015 3575 V
2030 3542 2042 3587 11
2059 3545 2101 3577 38
2124 3542 2363 3585 praesidentem
2376 3542 2462 3585 ναῖς.
2482 3538 2496 3584 11

1418 3589 1524 3665 Βὲωει
1547 3588 1646 3620 armis
1670 3591 1703 3620 et
1726 3589 1821 3622 fortis
1845 3588 1940 3629 (soris
1965 3588 2014 3630 T)
2038 3588 2132 3630 libri,
2155 3590 2189 3620 et
2212 3587 2401 3631 transposui
2421 3592 2496 3620 ante

1417 3642 1436 3664 a
1493 3632 1659 3665 inistratio

1883 3143 1903 3172 6
1924 3140 2126 3182 dispeximus
2145 3139 2202 3181 711
2220 3141 2258 3173 11
2273 3138 2432 3172 ciuilibus
2446 3139 2498 3183 711
