2592 3840
247 121 311 150 io

245 219 345 263 ροῦσι
363 213 526 249 θανάτου
549 216 607 247 καὶ
628 212 774 257 δεσμῶν
797 213 842 259 τῇ
866 212 944 245 τῶν
966 207 1118 262 ἀψύχων
1140 206 1321 253 ἐκποιήσει

246 260 445 305 κειμηλίων.
483 256 627 302 Δηλαδὴ
650 259 710 300 τῆς
733 254 855 301 ὁμοίας
879 266 1161 301 παρατηρησεως
1178 257 1239 288 καὶ
1259 256 1321 290 ἐπὶ

245 309 305 350 τῆς
329 303 542 348 ἐκποιὴσεως
564 305 643 337 τῶν
667 301 863 337 πολιτικῶν
886 300 1065 344 σιτήσεων
1087 297 1321 354 παραφυλατ-

246 362 404 396 τομενης,
424 348 524 383 καθὰ
548 346 715 382 πολλάκις
738 347 896 390 εἴπομεν,
921 342 1016 380 διότι
1035 354 1201 379 τοιαυτας
1228 344 1322 378 εἶναι

246 393 395 437 σιτήσεις
418 392 458 428 οὐ
481 393 593 437 μόνον
625 394 685 426 ἐπὶ
714 393 775 434 τῆς
805 388 990 435 βασιλίδος
1020 388 1150 431 ταύτης
1173 386 1322 430 πόλεως,

246 440 332 475 ἀλλὰ
355 443 413 473 καὶ
437 441 495 473 ἐπὶ
518 439 579 480 τῆς
607 434 758 483 μεγάλης
784 432 1049 479 Ἀλεξανδρείας
1077 437 1138 468 καὶ
1169 435 1230 469 ἐπὶ
1261 434 1323 477 τῆς

249 483 498 521 Θεουπολιτῶν
518 483 610 517 εἶναι
632 479 908 526 μεμαθήκαμεν,
940 480 1026 513 ἴσως
1050 476 1090 513 δὲ
1111 477 1154 513 τὸ
1180 480 1323 513 τοιοῦτο

247 535 305 565 καὶ
328 534 367 564 ἐν
388 530 522 573 ἑτέραις
537 531 633 562 τισὶν
653 529 838 571 ἐπαρχίαις
858 525 960 559 εἶναι.
996 525 1027 558 εἰ
1046 523 1114 571 γὰρ
1132 526 1192 577 καί
1214 521 1321 558 ἀλλα-

247 576 328 619 χόσε
352 572 495 617 τοιαύτη
519 584 572 607 τις
598 573 650 624 εἴη
674 573 811 613 κτῆσις.
844 572 903 604 καὶ
928 567 991 604 ἐπ’
1017 571 1152 612 ἐκείνης
1175 583 1194 603 ο
1216 569 1324 614 νόμος

1356 392 1376 424 5

1990 102 2051 133 DE
2079 100 2170 134 NON
2194 98 2481 134 mutuum&
2534 109 2535 113 ’

1389 208 1527 244 animae
1556 205 1738 242 hominum
1768 204 1968 240 liberantur
1997 212 2021 237 a
2052 201 2229 237 mortibus
2258 203 2299 237 et
2318 199 2471 237 vinculis

1389 252 1665 289 inanimatorum
1687 249 1890 285 venditione
1905 257 2082 283 vasorum.
2121 245 2233 282 Simili
2250 245 2383 292 quippe
2405 246 2470 282 ob-

1391 297 1589 334 servatione
1608 298 1645 331 et
1663 305 1771 339 super
1787 292 2003 329 alienatione
2023 292 2177 328 civilium
2195 301 2330 337 panum
2348 293 2471 328 cuato-

1391 343 1529 384 dienda,
1554 341 1648 376 sicut
1664 350 1772 384 saepe
1789 338 1953 379 diximus,
1977 347 2020 374 eo
2037 337 2136 383 quod
2150 335 2242 372 tales
2261 346 2342 373 esse
2435 380 2445 390 ·

1391 399 1463 423 non
1487 387 1601 422 solum
1624 386 1662 420 in
1686 385 1755 419 hac
1778 383 1983 419 felicissima
2007 382 2169 425 civitate,
2201 381 2266 418 sed
2295 381 2404 418 etim
2432 392 2472 418 m

1390 442 1520 477 magna
1554 429 1773 466 Alexandria
1806 432 1843 465 et
1874 427 1914 464 in
1948 428 2124 474 Theopoli
2159 437 2240 464 esse
2273 426 2472 470 didicimus,

1392 477 1545 513 forsitan
1574 479 1693 511 autem
1728 474 1801 509 tale
1829 472 1966 517 aliquid
2000 476 2038 509 et
2071 473 2110 509 in
2143 473 2225 510 aliis
2261 472 2473 518 quibusdam

1389 521 1580 568 provinciis
1603 523 1670 556 est.
1715 520 1753 554 Si
1778 517 1873 554 enim
1896 518 2004 554 etiam
2027 518 2115 555 alibi
2136 517 2342 555 huiusmodi
2364 527 2472 564 quae·

1393 569 1474 603 dam
1498 567 1546 602 sit
1575 564 1773 611 possessio,
1804 566 1842 600 et
1869 564 1908 600 in
1935 564 1997 600 illa
2026 565 2087 601 lex
2115 567 2278 601 servetur
2306 565 2344 600 et
2372 573 2474 601 suam

248 620 487 662 φυλαττέσθω
517 620 575 652 καὶ
599 631 665 657 την
690 616 816 650 ἑαυτοῦ
843 617 1097 659 παρατήρησιν
1120 616 1322 649 ἐκτεινὲτω.
1341 618 1379 650 10
1395 611 1678 649 observationem
1702 609 1882 646 extendat.

1232 726 1388 762 CAPUT
1419 725 1479 759 IX.

292 795 320 837 ὃ
365 798 506 842 Ἐπειδὴ
535 797 574 832 δὲ
606 795 695 831 εἰκός
726 808 826 830 τινας
858 797 919 830 ἐπὶ
948 794 1192 841 παρακρούσει
1218 793 1324 829 τοῦδε

250 848 310 881 τοῦ
333 843 442 890 νόμου
460 843 656 888 πειρᾶσθαι
676 839 940 888 πραγματικοὺς
964 837 1067 883 ἡμων
1084 837 1216 875 τύπους
1238 839 1323 883 λαμ-

250 890 374 935 βάνειν
396 891 536 924 τοιοῦτό
560 903 596 922 τι
628 885 799 933 πράττειν
823 884 941 920 αὐτοῖς
962 887 1234 930 ἐπιτρέποντας,
1265 888 1324 918 καὶ

248 938 354 971 τοῦτο
384 935 565 978 κωλύομεν
594 935 653 967 ἐπὶ
686 930 822 966 παντὸς
850 928 1068 984 προςώπου,1
1092 929 1255 974 μείζονάς
1286 944 1325 964 τε

250 1025 335 1071 ἡμᾶς
358 1027 410 1067 εἴη
434 1026 503 1059 εἴτε
526 1025 603 1058 τῶν
626 1022 746 1057 ἄλλων
769 1033 822 1055 τις
845 1023 923 1056 τῶν
947 1022 994 1055 εἰς
1025 1018 1155 1065 δήμους
1185 1018 1325 1055 τελούν-

250 1086 335 1107 των.
384 1073 454 1104 Καὶ
479 1071 702 1111 θεσπίζομεν
725 1066 851 1111 μηδενὶ
874 1065 1062 1102 παντελῶς
1083 1063 1211 1101 ἄδειαν
1233 1066 1327 1100 εἶναι

249 1114 409 1151 τοιοῦτόν
431 1128 515 1149 τινα
539 1113 789 1161 πραγματικὸν
813 1111 1054 1157 προΐσχεσθαι
1077 1110 1206 1154 τύπον,
1237 1108 1327 1155 μηδὲ

250 1161 421 1196 ἐντεῦθεν
452 1158 656 1214 λαμβάνεινι
681 1172 717 1192 τι
749 1159 827 1192 τῶν
858 1160 934 1191 ταῖς
958 1154 1182 1210 ,ᾁγιωτάταις
1207 1155 1325 1199 ἐκκλη-

280 1211 286 1220 ,
875 1207 881 1215 ι

1439 793 1530 836 Quia
1554 802 1637 827 vero
1661 790 1854 827 verisimile
1876 795 1932 827 est
1959 792 2158 838 quempiam
2188 791 2227 828 in
2258 792 2475 829 circumven-

1394 838 1527 873 tionem
1562 836 1670 872 huius
1714 836 1801 881 legis
1841 838 2018 882 temptare
2056 838 2296 883 pragmaticas
2335 839 2477 874 nostras

1394 884 1528 919 formas
1558 882 1723 936 accipere
1746 881 1819 917 tale
1842 882 1977 928 aliquid
2000 882 2051 919 eis
2083 893 2190 929 agere
2219 882 2477 929 permittentes,

1395 931 1432 964 et
1455 928 1524 964 hoc
1548 927 1782 981 prohibemus
1805 927 1845 962 in
1867 928 1963 964 omni
1991 938 2148 974 persona
2176 928 2311 965 maiore
2332 927 2390 964 vel
2410 927 2477 981 mi:

250 985 308 1016 καὶ
339 978 536 1021 ἐλάττονος,
568 979 639 1013 εἴτε
671 975 782 1024 ἀρχὴν
813 978 886 1019 ἔχοι
917 989 1001 1010 τινα
1031 977 1103 1009 εἶτε
1133 977 1213 1010 τῶν
1243 978 1325 1020 περὶ
1344 979 1380 1010 15
1396 984 1500 1016 nore,
1538 983 1612 1009 Sive
1640 973 1678 1009 in
1710 973 1890 1018 cingulum
1924 973 2119 1010 consfituta
2153 973 2227 1010 sive
2258 973 2386 1010 horum
2441 983 2479 1008 ul

1397 1020 1493 1054 circa
1515 1029 1581 1054 nos
1605 1021 1707 1059 sunt,
1741 1018 1814 1054 sive
1838 1018 1988 1055 aliorum
2011 1018 2187 1064 quispiam
2208 1019 2305 1055 inter
2325 1029 2399 1065 pop
2437 1028 2479 1055 os

1394 1064 1644 1100 habitantium.
1693 1064 1744 1099 Et
1779 1063 1961 1100 sancimus
1996 1064 2085 1100 nulli
2120 1064 2265 1110 penitus
2297 1061 2478 1100 licentiam

1396 1120 1473 1145 esse
1503 1110 1614 1145 talem
1642 1109 1842 1154 quempiam
1875 1110 2134 1154 pragmaticum
2166 1108 2328 1155 proferre
2354 1113 2479 1162 typum

1395 1165 1510 1200 neque
1538 1165 1583 1190 ex
1614 1155 1684 1190 hoc
1713 1154 1878 1199 accipere
1901 1155 2036 1199 aliquid
2068 1154 2137 1198 [de]
2162 1153 2397 1191 sanctissimis
2421 1164 2479 1190 ec-

250 1218 339 1241 σιαις
362 1218 618 1260 προςηκοντων,
636 1218 657 1246 η
679 1214 973 1258 μοναστηριοιςή
995 1205 1185 1245 πτωχείοις
1209 1198 1326 1245 ἢεύα-
1341 1204 1382 1236 20
1396 1200 1515 1236 clesiis
1554 1200 1832 1245 competentium
1868 1205 1933 1236 aut
1968 1199 2195 1237 monasteriis
2227 1205 2292 1236 aut
2325 1193 2481 1245 ptochiis

248 1256 323 1298 γε’σι
354 1262 576 1294 συστημασιν
597 1261 779 1291 ακινητων
803 1260 1038 1295 πραγματων.
1081 1245 1171 1281 ἀλλὰ
1201 1248 1255 1290 τῷ
1287 1261 1327 1281 τε

250 1295 471 1339 ἐνδοξοτάτῳ
508 1300 715 1340 κοιαίστωρι
750 1292 881 1336 ποινὴν
918 1292 1124 1327 ἐπικεῖσθαι
1161 1294 1326 1335 quinqua-

249 1344 343 1385 ginta
364 1342 525 1375 librarum
551 1341 643 1380 auri,
675 1339 710 1372 εἴ
728 1353 765 1373 τι
788 1339 929 1372 τοιοῦτο
959 1335 1223 1393 ὑπαγορεύσειε,
1254 1341 1327 1371 τοῖς

250 1402 287 1422 τε
312 1385 508 1429 δεχομένοις
534 1385 600 1428 τὴν
615 1383 996 1438 κε’μφάνισινκτοιούτου
1018 1394 1117 1418 τινος
1140 1383 1244 1416 θείου
1267 1380 1326 1416 τύ-

1395 1249 1459 1280 aut
1489 1245 1750 1281 venerabilibus
1787 1245 1943 1291 collegiis
1977 1245 2210 1282 immobilium
2243 1255 2383 1290 rerum3
2416 1243 2482 1280 sed

1396 1295 1433 1325 et
1454 1290 1710 1335 gloriosissimo
1735 1291 1917 1336 quaestori
1944 1302 2098 1337 poenam
2125 1290 2309 1328 imminere
2337 1291 2482 1327 centum

1397 1337 1569 1372 librarum
1607 1336 1704 1380 auri,
1749 1335 1781 1372 si
1815 1336 1902 1382 quid
1940 1336 2013 1373 tale
2052 1336 2257 1379 dictaverit,
2301 1334 2406 1372 simul
2445 1338 2482 1372 et

1397 1381 1675 1427 suscipientibus
1708 1381 1984 1418 insinuationem
2012 1381 2096 1418 talis
2129 1381 2329 1436 cuiuspiam
2355 1388 2482 1418 sacrae

252 1445 319 1466 που
342 1430 585 1471 ἐνδοξοτάτοις
597 1441 776 1483 ἀρχουσιν
806 1443 828 1471 η
857 1430 988 1475 ἑτέροις
1017 1431 1092 1462 τισὶ
1116 1427 1191 1482 ’τὴν
1215 1424 1328 1470 αὐτὴν
1341 1431 1382 1463 25
1397 1427 1534 1463 formae
1557 1426 1819 1479 gloriosissimis
1850 1426 2029 1464 iudicibus
2064 1430 2129 1463 aut
2158 1426 2238 1463 alim
2269 1422 2482 1472 quibusdam

252 1477 466 1511 ὑποκεῖσθαι
502 1489 641 1518 ποινην,
675 1474 755 1509 τούς
787 1488 826 1508 τε
861 1472 1058 1518 συμβολαιο
1082 1485 1214 1519 ραφους
1241 1470 1327 1508 ὑπο-

252 1527 400 1558 πίπτειν
420 1522 464 1568 τῇ
484 1523 639 1555 Λέοντος
657 1522 719 1554 τοῦ
739 1521 800 1563 τῆς
819 1517 982 1563 εὐσεβοῦς
1003 1518 1045 1562 λη’
1067 1530 1133 1553 εως
1156 1516 1326 1560 διατάξει,

1398 1472 1547 1508 eandem
1578 1472 1760 1508 imminere
1793 1483 1964 1518 poenam:
2003 1477 2040 1508 et
2070 1472 2284 1514 tabelliones
2317 1481 2482 1508 momm-

1398 1519 1482 1554 bere
1505 1517 1638 1554 Leonis
1668 1517 1750 1563 piae
1773 1518 1964 1554 memoriae
1989 1517 2254 1561 constitutioni,
2284 1517 2318 1555 si
2346 1514 2484 1562 egerint

252 1569 282 1602 εἰ
304 1565 481 1622 γράψαιέν
504 1580 544 1620 τι,
563 1566 705 1600 τοιοῦτο
729 1563 966 1618 συμβόλαιον·
991 1563 1072 1598 τούς
1096 1578 1135 1598 τε
1162 1563 1327 1619 θεοφιλε-
1398 1564 1471 1599 tale
1494 1563 1640 1609 aliquod
1661 1563 1955 1606 instrumentum,
1987 1568 2025 1599 et
2047 1562 2115 1599 deo
2143 1562 2316 1599 amabiles
2342 1561 2481 1609 Opimio·

254 1624 401 1647 στατους
424 1613 634 1646 ἐπισκοπους
657 1608 678 1653 ἢ
702 1621 781 1644 τους
812 1606 1090 1653 εὗλαβεστὰτους
1124 1610 1328 1654 οἰκονομους

253 1656 451 1691 ἀκινδύνως
474 1654 712 1691 ἀποσείεσθαι
728 1654 809 1689 τούς
828 1654 1007 1689 τοιούτους
1028 1656 1148 1689 θείους
1164 1668 1328 1702 πραγμα-
1342 1658 1385 1690 30
1398 1657 1477 1690 tare
1513 1653 1717 1690 huiusmodi
1752 1664 1874 1690 sacras
1909 1653 2148 1707 pragmaticas

255 1701 370 1736 τικούς
392 1700 538 1743 τύπους,
575 1700 710 1745 μᾶλλον
739 1702 806 1745 μὲν
830 1694 894 1734 οὖν
925 1698 1161 1735 ἐπικινδύνως
1194 1704 1327 1745 προςίε-

254 1748 357 1789 σθαι,
378 1750 436 1781 καὶ
459 1746 659 1793 γινώσκειν,
681 1743 726 1780 οἷς
746 1749 827 1792 περὶ
848 1743 960 1787 αὐτὴν
976 1743 1244 1779 κινδυνεύσουσι
1261 1744 1329 1788 τὴν

255 1792 460 1838 ἱερωσύνην,
494 1792 529 1825 εἴ
554 1805 593 1838 γε
617 1788 852 1835 ἀμελήσαντες
881 1792 959 1824 τῶν
986 1789 1111 1835 νόμων
1135 1794 1208 1825 τοῖς
1231 1787 1328 1825 οὕτω

258 1841 269 1872 l
296 1840 494 1884 γινομένοις
506 1839 761 1882 πραγματικοῖς
773 1832 1056 1879 ἀκολουθήσαιεν
1070 1835 1207 1870 τύποις.
1266 1838 1331 1869 Δεῖ

1398 1620 1465 1653 pos
1496 1612 1560 1645 aut
1589 1609 1811 1644 venerabiles
1842 1620 2056 1653 oeconomos
2086 1608 2164 1645 sine
2182 1606 2355 1689 ‘periculo
2385 1604 2483 1661 reiu-

1397 1704 1518 1735 autem
1550 1711 1631 1736 cum
1655 1696 1826 1745 'periculo
1860 1710 2043 1745 suscipere
2079 1701 2116 1735 et
2150 1662 2484 1744 aggglsncaesre,mgu..ia

1399 1745 1496 1781 circa
1528 1746 1644 1791 ipsum
1675 1745 1915 1781 sacerdotium
1946 1745 2144 1790 periculum
2175 1743 2420 1787 sustinebunt,
2451 1744 2484 1779 si

1398 1792 1624 1836 neglegentes
1644 1791 1740 1835 leges
1764 1790 1830 1826 has
1854 1801 1947 1836 quae
1970 1790 2022 1826 ita
2045 1790 2146 1832 fiant,
2163 1787 2404 1835 pragmaticas
2427 1798 2483 1824 se-

1397 1839 1415 1872 1
1465 1838 1622 1882 quantur
1650 1836 1794 1872 formas
1889 1836 2042 1881 Oportet
2063 1836 2158 1871 enim
2179 1845 2240 1887 ea²
2271 1843 2364 1880 quae
2385 1843 2484 1870 com-

254 1896 320 1928 γαρ
350 1897 394 1917 τα
425 1895 525 1924 κοινη
549 1885 608 1914 καὶ
636 1884 676 1915 ἐν
695 1884 790 1927 γε’νει
815 1884 874 1914 καὶ
901 1882 960 1915 ἐπὶ
987 1879 1213 1938 τῇνπάζντων
1237 1879 1328 1927 ὠφε-
1343 1885 1384 1917 35
1399 1882 1553 1917 munitet
1576 1886 1613 1917 et
1634 1881 1848 1926 generaliter
1871 1884 1908 1916 et
1938 1881 1976 1917 iu
2007 1881 2165 1917 omnium
2187 1879 2378 1916 umilitatem
2400 1888 2484 1916 san-

256 1927 332 1971 λείᾳ
357 1918 671 1971 νενομοθετημένα
701 1925 836 1970 μᾶλλον
867 1930 1011 1970 κρατεῖν
1034 1941 1055 1969 η
1078 1940 1124 1961 τα
1154 1926 1246 1961 κατά
1277 1940 1328 1961 τι-

255 1986 332 2027 νων
356 1971 514 2016 σπουδὴν
545 1974 604 2006 ἐπὶ
637 1972 864 2019 παραφθορᾷ
894 1972 972 2006 τῶν
995 1985 1129 2006 κοινων
1151 1972 1328 2017 γενόμενα

257 2031 389 2056 νομων.

1398 1927 1553 1970 ciuntur,
1584 1927 1705 1972 potius
1736 1927 1858 1962 valere
1881 1936 1987 1972 quam
2010 1937 2071 1971 ea,
2103 1936 2196 1972 quae
2218 1925 2317 1961 circa
2343 1924 2484 1971 aliquos

1398 1973 1589 2009 studentur
1617 1972 1664 2008 ad
1694 1971 1960 2017 corruptionem
1996 1971 2235 2008 communium
2265 1969 2325 2016 agi
2353 1970 2484 2017 legum.-

302 2123 373 2152 cap.
398 2110 457 2142 IX
479 2109 500 2152 ξ
530 2111 541 2142 1
571 2110 729 2141 excitatur
754 2110 786 2142 in
810 2116 949 2142 tractatu
973 2111 1054 2155 περὶ
1078 2106 1266 2156 διαφόρων
1289 2105 1593 2156 ἀναγνωσμάτων
1617 2111 1637 2144 2
1660 2110 1856 2152 (Heimbactz
1876 2105 2010 2142 Ἀνέκδζ
2036 2111 2065 2150 1,
2089 2109 2152 2149 191)
2177 2120 2217 2142 ex
2237 2107 2313 2142 Ath.

256 2203 338 2234 rant
362 2199 578 2233 alienatione
607 2198 786 2232 inanimae
816 2197 1058 2245 supellectilis.
1113 2197 1249 2233 Similis
1279 2199 1445 2235 videlicet
1476 2198 1678 2235 observatio
1710 2199 1816 2235 etiam
1847 2198 1886 2233 in
1920 2197 2143 2234 alienatione
2175 2208 2405 2234 annonarum
2433 2199 2484 2235 ci-

257 2244 395 2285 vilium,
424 2244 517 2278 sicut
539 2243 685 2290 saepius
707 2242 885 2285 diximus,
910 2243 1153 2279 custodiatur:
1183 2244 1354 2289 quoniam
1379 2245 1470 2280 tales
1493 2255 1662 2280 annonas
1680 2255 1758 2280 esse
1781 2255 1856 2280 non
1874 2243 1993 2280 solum
2015 2243 2055 2279 in
2077 2242 2149 2279 hac
2165 2253 2207 2279 re
2238 2242 2270 2279 ‘a
2292 2242 2400 2287 urbe,
2420 2243 2487 2280 sed

257 2290 361 2325 etiam
385 2289 422 2322 in
442 2299 575 2334 maqna
587 2287 814 2323 Alexandria
827 2292 862 2323 et
877 2289 915 2324 in
934 2287 1228 2335 Theopolitarum
1252 2289 1339 2324 urbe
1363 2289 1565 2332 didicimus,
1583 2289 1762 2335 fortassis
1781 2292 1900 2325 autem
1922 2287 2099 2325 eiusmodi
2122 2288 2186 2336 qui
2231 2287 2271 2324 in
2293 2287 2379 2324 aliis
2396 2292 2489 2337 qum

257 2345 325 2380 que
348 2333 548 2380 provinciis
572 2332 783 2379 quibusdam
807 2344 876 2368 usu
900 2334 1027 2369 venire.
1075 2333 1118 2369 Si
1141 2334 1235 2369 enim
1258 2334 1347 2370 alibi
1367 2346 1510 2382 quoque
1532 2334 1709 2371 eiusmodi
1732 2345 1827 2381 quae
1849 2334 1897 2371 sit
1917 2334 2127 2382 possessio,
2146 2333 2256 2372 etiam
2276 2332 2316 2371 in
2335 2332 2403 2370 illa
2421 2333 2487 2373 lex

259 2379 482 2414 custodiatur
507 2389 679 2430 suamque
703 2378 985 2414 observationem
1008 2379 1193 2415 extendat.

391 2423 452 2458 IX.
499 2423 674 2466 Quoniam
703 2427 820 2458 autem
855 2424 1044 2460 verisimile
1074 2430 1129 2460 est
1158 2424 1332 2471 quosdam
1363 2425 1414 2460 ad
1443 2424 1740 2478 labefactandam
1770 2424 1864 2461 lianc
1895 2424 2008 2472 legem
2037 2426 2200 2461 nostram
2261 2423 2490 2472 ramaneat

260 2473 403 2505 nostras
432 2469 636 2503 sanctiones
659 2468 854 2514 impetrare
886 2474 1082 2505 conaturos
1112 2481 1206 2513 esse,
1238 2482 1332 2516 quae
1356 2471 1429 2507 tale
1458 2470 1549 2517 quid
1569 2470 1661 2518 ipsis
1681 2471 1810 2517 facere
1834 2470 2063 2518 permittant,
2093 2469 2202 2505 etiam
2256 2479 2301 2505 oe
2324 2469 2365 2506 in
2388 2467 2489 2506 omini

258 2525 416 2560 persona
428 2513 660 2560 prohibemus
677 2519 711 2548 et
730 2514 867 2549 maiore
878 2520 912 2550 et
932 2515 1081 2558 minore,
1100 2515 1174 2551 sive
1187 2527 1291 2562 quem
1313 2516 1569 2563 magistratum
1579 2522 1687 2564 qerat
1696 2516 1771 2552 sive
1788 2527 1839 2553 εει·
1857 2515 1904 2551 iis
1921 2515 1972 2552 sit
1988 2525 2082 2561 quos
2098 2514 2198 2550 circa
2216 2524 2286 2551 nos
2304 2513 2486 2559 babemus,

260 2559 333 2594 sive
357 2569 404 2609 ατ
428 2558 595 2603 reliquis,
627 2559 689 2603 qui
715 2570 767 2604 po
794 2558 949 2594 ularium
973 2571 1119 2595 numero
1142 2565 1236 2596 sunt.
1283 2562 1338 2596 Ac
1362 2562 1546 2597 sancimus
1595 2565 1639 2598 ut
1668 2561 1803 2597 nemini
1830 2572 1989 2609 prorsus
2014 2558 2486 2612 eiusmodipraqmaticam

261 2608 480 2654 sanctionem
502 2602 738 2653 praetendere
762 2570 891 2646 {iceass
919 2615 1033 2655 neque
1055 2604 1139 2641 inde
1161 2616 1236 2641 rem
1265 2606 1378 2642 ullam
1401 2588 1615 2643 immobilem
1639 2617 1734 2654 quae
1752 2606 1803 2643 ad
1823 2605 2072 2642 sanctissimas
2090 2605 2261 2641 ecelesias
2281 2604 2340 2642 vel
2362 2614 2486 2642 mona·

262 2653 375 2698 scena
397 2647 451 2683 vet
494 2646 626 2698 ‚tochza
655 2647 711 2683 vel
740 2659 846 2699 sacra
877 2648 1031 2695 colleqza
1058 2651 1243 2696 pertineat
1272 2652 1445 2705 accipere.
1502 2652 1634 2689 Verum
1663 2656 1701 2688 et
1715 2651 1985 2705 ytoriosissimo
2015 2649 2203 2697 quaestori
2222 2658 2350 2698 poena
2436 2649 2486 2686 'n-

263 2696 438 2743 quaqtnta
488 2691 647 2743 abrorum
680 2703 760 2743 auru
797 2699 990 2745 trroqetur,
1025 2695 1057 2729 si
1091 2695 1162 2731 tale
1192 2696 1280 2741 quid
1313 2696 1519 2740 dictaverit,
1552 2701 1589 2734 et
1601 2707 1698 2743 quae
1708 2697 1987 2734 insinuationem
2016 2694 2101 2731 talis
2129 2705 2259 2732 sacrae
2285 2660 2487 2732 saaca-nis

263 2741 462 2783 suscipiunt
495 2736 765 2782 qlortosisszmts
793 2770 795 2774 ,
826 2738 1036 2774 otestatzbus
1073 2739 1197 2776 aliisve
1229 2740 1352 2777 eadem
1379 2753 1506 2788 poena
1540 2743 1747 2786 immineat;
1780 2747 1816 2779 et
1849 2740 2005 2785 notarii,
2038 2740 2073 2776 si
2106 2739 2178 2777 tale
2210 2739 2484 2778 instrumentum

263 2782 491 2833 scripserint,
521 2782 767 2833 constitutioni
792 2749 923 2834 {conis
951 2784 1036 2830 piae
1058 2785 1169 2820 sortis
1192 2785 1434 2823 subiciantur:
1463 2792 1500 2824 et
1521 2787 1589 2824 deo
1610 2787 1790 2824 carissimi
1815 2786 1982 2835 episcopi
2002 2785 2059 2823 vel
2086 2784 2352 2838 religiosissimi
2381 2795 2486 2823 oeco-

265 2838 360 2879 nomi
391 2838 468 2862 sane
493 2826 659 2877 periculo
684 2827 854 2862 eiusmodi
877 2839 1005 2879 sacras
1028 2830 1280 2876 praqmaticas
1310 2833 1516 2869 sanctiones
1534 2833 1708 2876 reiciant,
1737 2833 1846 2869 immo
1868 2842 1954 2868 vero
1984 2841 2065 2867 cum
2083 2830 2254 2878 periendo
2281 2827 2486 2874 admittunt,

263 2875 448 2923 sciantque
470 2882 508 2906 se
522 2870 576 2922 ,de
600 2883 610 2905 ι
640 2882 682 2923 so
702 2871 906 2908 sacerdotio
932 2874 1225 2919 periclitaturos,
1252 2876 1285 2911 si
1311 2877 1453 2923 quidem
1484 2877 1658 2924 neqleetis
1686 2877 1720 2915 le
1751 2877 1826 2914 ’bus
1847 2876 2092 2924 obsequantur
2106 2886 2185 2924 pra
2246 2875 2355 2912 utici-s
2382 2885 2486 2912 sanc-

266 2919 281 2952 1
332 2915 486 2966 tionibus
516 2921 566 2950 ua
588 2882 710 2961 dictis.
839 2917 989 2963 Oportet
1011 2930 1103 2954 enim
1132 2931 1225 2966 quae
1252 2922 1486 2958 communiter
1513 2928 1549 2959 et
1577 2934 1714 2971 qenera
1728 2923 1799 2960 iter
1821 2927 1856 2960 et
1878 2921 1928 2958 ad
1950 2921 2109 2959 omnium
2131 2924 2185 2957 uti
2208 2921 2323 2958 ’tatem
2344 2921 2488 2958 sanccita

265 2966 364 3003 sunt,
387 2971 503 3006 maqzs
528 2960 645 2996 valere
668 2972 775 3006 quam
799 2973 892 3007 quae
915 2974 964 2998 ex
987 2964 1107 2998 studio
1133 2966 1361 3009 quorundam
1384 2967 1434 3003 ad
1456 2968 1743 3016 corrumpendas
1765 2968 1863 3016 leqes
1884 2967 2076 3015 qenerales
2095 2966 2204 3014 facta
2221 2969 2315 3003 sunt.

1453 3062 1468 3093 1
1490 3061 1676 3102 hominum]
1692 3061 1839 3094 omnium
1851 3060 1901 3094 13¹
1916 3059 1930 3105 {1
1947 3061 1967 3093 2
1987 3057 2143 3092 similiter
2152 3056 2317 3092 R¹V¹T¹
2333 3054 2384 3102 14
2400 3057 2488 3091 siout

1406 3118 1464 3138 om.
1495 3105 1532 3138 V
1551 3105 1564 3149 fl
1594 3109 1613 3140 5
1650 3107 1749 3139 etiam
1773 3119 1831 3141 om.
1859 3105 1911 3139 12¹
1939 3103 1952 3150 ss
1979 3106 2000 3139 6
2029 3103 2170 3138 dicimus
2190 3102 2241 3137 R¹
2310 3103 2329 3136 ‘1
2357 3100 2487 3145 aliquid

1406 3150 1492 3191 RV]
1516 3150 1598 3192 quid
1620 3151 1706 3196 vulq.
1736 3150 1750 3196 ΙΙ
1777 3153 1798 3186 8
1823 3154 1871 3185 est
1894 3163 1950 3184 oni.
1976 3148 2051 3195 Vn
2078 3150 2117 3184 11
2142 3150 2233 3182 rubr.
2292 3150 2312 3181 'e
2333 3156 2487 3226 pram:

1406 3195 1482 3227 ticis
1497 3196 1724 3229 sanctionibus
1740 3206 1825 3239 quae
1841 3198 1958 3229 contra
1977 3193 2114 3229 comoda
2131 3191 2375 3227 uenerabilium

1407 3250 1479 3272 rum
1503 3251 1621 3282 promu
1658 3243 1760 3275 antur
1777 3241 1847 3276 RT
1857 3240 1870 3286 ΙΙ
1888 3238 2172 3274 circumuentione
2185 3236 2223 3272 V
2225 3235 2302 3282 'Tu
2318 3238 2360 3272 14
2382 3237 2487 3279 omni]

1407 3285 1541 3318 omnino
1566 3285 1603 3319 V
1609 3288 1619 3307 ¹
1669 3288 1709 3321 15
1732 3287 1768 3319 in
1793 3299 1852 3320 om.
1871 3285 1920 3319 R*
1939 3284 1952 3330 ΙΙ
1967 3284 2039 3328 qui]
2086 3293 2147 3316 uae
2168 3282 2207 3317 V
2216 3280 2231 3326 ΙΙ
2249 3283 2288 3316 16
2335 3281 2487 3325 uaepiam

1409 3329 1440 3361 V
1457 3329 1469 3372 ΙΙ
1490 3331 1527 3363 18
1548 3332 1784 3373 pragmaticam
1805 3331 1992 3374 profertur-e
2009 3328 2058 3363 13¹
2108 3329 2148 3363 19
2171 3326 2240 3370 aliq
2267 3326 2300 3360 'd
2311 3291 2400 3368 ius]
2424 3326 2486 3360 ali-

1408 3374 1496 3414 quod
1520 3375 1605 3418 vulq.
1623 3374 1636 3420 ss
1657 3376 1697 3409 de
1720 3378 1840 3410 seclusi
1859 3376 1872 3420 ΙΙ
1891 3377 1934 3409 20
1958 3372 2215 3418 *compendium
2239 3371 2317 3406 libri
2335 3370 2349 3416 ΙΙ
2372 3381 2486 3419 mona·

1408 3418 1516 3469 storiis
1542 3438 1586 3443 -
1617 3423 1653 3453 31
1690 3421 1841 3464 periculo
1864 3420 1916 3455 12²
1948 3420 2080 3499 teng-vit
2106 3419 2140 3453 in
2170 3429 2240 3469 ras..
2261 3419 2281 3451 5
2306 3414 2488 3495 vacuum

1408 3463 1528 3495 tochiis
1547 3466 1604 3496 aut
1622 3465 1696 3498 aliis
1722 3465 1971 3499 uenerabilibus
2052 3463 2068 3484 ²
2149 3462 2192 3497 23
2214 3471 2244 3495 ει
2266 3461 2334 3495 tale
2356 3461 2403 3495 ah

1409 3506 1492 3548 R(²)
1521 3507 1534 3551 fl
1563 3510 1605 3543 26
1638 3511 1862 3553 succumbere]
1893 3510 2058 3554 suscipere
2123 3507 2165 3551 (²)
2185 3507 2198 3551 Ι
2221 3508 2265 3542 28
2296 3506 2410 3550 aliquo
2453 3506 2491 3541 V

1410 3552 1508 3593 vulo]
1528 3552 1655 3594 aliquid
1674 3555 1769 3598 an
1786 3557 1827 3591 33
1851 3554 2070 3599 pragmatico·
2081 3552 2158 3597 Rtfl
2177 3554 2219 3586 35
2237 3551 2274 3585 in
2294 3552 2386 3585 omni
2401 3550 2451 3586 Β*
2473 3549 2489 3595 Ι

1410 3596 1556 3629 utilitate
1579 3597 1704 3643 RVTfl
1723 3601 1765 3634 36
1789 3600 1919 3643 aliquan
1942 3599 1980 3634 V
1991 3598 2005 3646 ΙΙ
2021 3599 2062 3634 37
2085 3597 2335 3643 oopruptionem
2355 3596 2389 3631 R

310 3054 330 3086 4
363 3049 454 3084 εἶναι
485 3065 542 3084 om.
570 3053 596 3084 A
625 3052 637 3093 ΙΙ
668 3055 686 3086 5
723 3049 903 3095 βασιλίδος
936 3055 993 3095 M]
1025 3051 1231 3099 εὐδαίμονος
1254 3058 1338 3135 Aegl

267 3100 283 3129 7
314 3095 406 3130 εἶναι
431 3110 488 3130 om.
513 3097 541 3129 A
562 3093 640 3139 Πδὲ]
665 3094 704 3129 δὲ
726 3098 784 3129 καὶ
809 3098 839 3130 A
858 3098 925 3136 11τό
951 3099 1102 3141 τοιοῦτο]
1124 3101 1188 3133 tale
1209 3101 1313 3143 aliqui

266 3156 284 3178 ς
331 3144 351 3176 8
376 3141 407 3173 εί
429 3139 497 3187 γὰρ
512 3161 553 3165 -
575 3144 594 3173 9
613 3142 755 3183 ἐκείνης]
779 3141 868 3174 καθ’
897 3141 949 3176 αῖς
972 3146 1030 3176 καὶ
1055 3145 1106 3186 ΑΙ
1132 3149 1151 3179 9
1176 3141 1195 3178 ὁ
1219 3145 1337 3189 νόμος]

266 3185 285 3220 ὁ
305 3183 409 3231 νόμος
430 3183 535 3219 τάσδε
559 3187 590 3219 A
614 3187 626 3229 ss
656 3189 689 3219 11
718 3184 829 3238 τινας]
854 3188 1037 3230 quempiam
1062 3202 1081 3226 ς
1114 3190 1119 3233 1
1153 3192 1191 3224 13
1213 3189 1339 3225 αὐτοὺς

268 3235 296 3266 Α
322 3232 335 3277 Ι]
368 3234 406 3266 15
432 3231 518 3273 ἔχοι]
542 3229 643 3275 ἄρχοι
667 3233 695 3264 Α
715 3231 727 3274 ΙΙ
746 3233 785 3265 16
811 3232 906 3274 ημᾶς,
931 3233 1000 3266 εἴτε
1023 3244 1075 3267 τις
1097 3235 1175 3268 τῶν
1199 3235 1245 3269 εἰς
1272 3234 1338 3269 τὸν

268 3276 380 3332 δῆμον
404 3279 433 3310 A
460 3276 474 3320 Ι
507 3279 547 3310 18
577 3273 828 3322 πραγματικὸν
852 3290 909 3309 οηι.
934 3280 963 3310 A
990 3278 1003 3321 ΙΙ
1031 3276 1121 3321 μηδὲ
1152 3280 1337 3322 ἐντεῦθεν]

268 3321 468 3356 καντεῦθεν
490 3322 522 3355 A
547 3321 560 3366 1}
591 3323 633 3355 20
656 3318 677 3363 ἢ
700 3323 772 3354 τοῖς
796 3318 913 3354 ἄλλοις
936 3319 1074 3368 εὐαγέσι
1098 3325 1127 3357 A
1157 3326 1169 3367 ss
1195 3327 1238 3358 22
1262 3338 1338 3359 ποι-

270 3366 333 3410 νὴν
346 3387 388 3392 -
400 3367 474 3400 auri
488 3380 546 3401 om.
560 3367 589 3399 A
606 3366 618 3409 [Ι
636 3367 880 3407 quinquaginta
897 3366 1056 3400 librarum
1073 3369 1145 3401 abri
1161 3366 1205 3411 (ν’
1222 3367 1340 3415 λίτρας

268 3415 408 3458 χρυσίου
422 3426 446 3446 s.
460 3417 502 3450 υ.)
517 3412 561 3445 M
575 3413 629 3455 (es.
639 3410 786 3446 lulum.
800 3412 933 3453 Themi.)
950 3416 1081 3445 centum
1093 3413 1253 3446 librarum
1267 3417 1339 3448 nuri

271 3470 287 3492 ς
308 3458 381 3501 1123
405 3452 645 3503 ὑπηγόρευσεν
668 3457 698 3490 A
715 3455 726 3500 ΙΙ
746 3457 787 3490 24
811 3454 985 3497 τοιούτου]
1012 3457 1074 3490 τοῦ
1097 3457 1259 3491 τοιούτου
1278 3462 1305 3492 A
1328 3460 1342 3503 Ι

271 3506 311 3536 25
337 3500 457 3543 τὴν-
471 3499 601 3543 ποινὴν
626 3515 683 3535 om.
699 3503 729 3534 A
746 3501 758 3543 fl
778 3502 819 3534 26
843 3503 915 3535 τοῖς
938 3514 976 3535 τε
1001 3513 1042 3534 συ
1070 3500 1342 3548 βολαιογράφοις

272 3544 485 3580 ὑποκεῖσθαι
509 3546 618 3589 ποινῆ
639 3547 684 3588 τῆ
706 3548 863 3579 Λέοντος
883 3548 912 3579 A
929 3545 941 3591 Ι]
960 3549 1001 3580 27
1028 3516 1185 3587 διίατάξει
1201 3568 1241 3571 -
1257 3560 1340 3592 συμ-

271 3590 418 3634 βόλαιον
443 3606 501 3625 οηι.
515 3593 543 3625 A
563 3592 575 3633 ΙΙ
591 3594 633 3626 29
655 3589 689 3634 ἢ]
713 3593 772 3623 καὶ
792 3592 822 3624 A
841 3590 853 3635 ΙΙ
870 3593 911 3625 32
938 3587 1060 3649 ὥσπερ
1084 3592 1131 3625 εἰς
1155 3588 1267 3634 αὐτὴν
1280 3596 1308 3627 A
1329 3592 1341 3637 ΙΙ

273 3640 313 3671 35
338 3638 377 3669 έν
399 3638 493 3682 γένει
516 3638 574 3670 καὶ
601 3637 644 3670 Μ
663 3637 751 3677 Atta]
775 3636 922 3682 γενικῶς
945 3640 997 3673 A:
1015 3638 1085 3680 1136
1109 3635 1166 3678 τὰ]
1192 3636 1253 3671 τὰς
1277 3641 1305 3671 A
1330 3642 1341 3682 ΙΙ

274 3684 312 3714 ΤΠ
328 3695 373 3724 sq.
398 3683 586 3727 γενομένας
610 3681 826 3726 νομοθεσίας
843 3683 873 3714 Α
