2592 3840
305 95 411 141 Nov.
442 97 669 142 LXXXIII
687 94 751 155 pn
781 102 799 141 1
1379 100 1461 148 41⁰
1866 115 1928 149 m·
1954 115 2132 149 otmar
2159 101 2290 151 Arno>
2310 103 2523 151 mosmos

304 208 428 254 στᾶτφ
454 208 641 254 ἐπισκόπῳ
674 214 794 253 τεμεῖν
823 210 890 253 τὴν
914 207 1111 252 ὑπόθεσιν,
1143 211 1228 248 τότε
1252 212 1379 248 ἄδειαν
1447 214 1591 250 amabili
1614 213 1782 260 episcopo
1806 214 1972 251 decidere
2003 216 2198 261 negotium,
2227 218 2314 254 tunc
2344 217 2523 254 licentiam

304 255 395 289 εἶναι
418 258 478 289 καὶ
502 256 599 300 παρὰ
629 255 711 289 τοὺς
742 254 945 290 πολιτικοὺς
975 254 1151 301 ἄρχοντας
1179 259 1287 301 ἰέναι,
1318 263 1378 294 καὶ
1448 269 1527 295 esse
1542 261 1580 295 et
1590 259 1636 295 ad
1649 260 1768 296 civiles
1784 260 1919 296 iudices
1935 270 2091 314 pergere,
2109 264 2145 296 et
2157 260 2346 306 privilegiis
2358 262 2522 299 omnibus

302 301 380 333 τῶν
403 305 613 345 προνομίων
638 298 818 334 ἁπάντων
841 299 1134 356 φυλαττομένων,
1162 300 1284 338 ὁπόσα
1306 308 1379 339 τοῖς
1448 304 1652 347 custoditis,
1679 308 1770 349 quae
1796 305 2088 342 reverentissimis
2112 306 2250 342 clericis
2273 316 2398 343 sacrae
2420 317 2523 353 prae·

303 342 577 389 εὖλαβεστάτοις
608 344 781 390 κληρικοῖς
815 358 852 379 αι
885 345 985 379 θεῖαι
1015 344 1193 388 διατάξεις
1224 346 1379 391 διδόασι,
1447 351 1546 385 stant
1565 349 1849 393 constitutiones,
1873 355 1909 385 et
1927 350 2064 395 litigare
2081 355 2116 386 et
2135 351 2430 388 examinationem
2445 352 2522 388 fieri

303 394 362 423 καὶ
387 388 637 436 ἀγωνίζεσθαι
661 394 720 423 καὶ
737 393 846 435 πέρας
870 391 1112 425 ἐπιτίθεσθαι
1135 394 1179 439 τῇ
1204 391 1295 442 δίκῃ,
1319 397 1380 428 καὶ
1415 398 1435 430 5
1449 398 1483 429 et
1505 394 1692 430 terminum
1722 395 1857 440 imponi
1880 395 1933 431 liti
1956 400 1993 431 et
2014 395 2066 431 ita
2095 395 2244 432 liberam
2265 395 2343 432 fieri
2365 406 2522 433 causam.

303 432 418 469 οὕτως
441 434 632 480 ἐλεύθερον
655 436 827 481 γίνεσθαι
850 435 1094 482 πραγμάτων·
1127 439 1204 473 τῶν
1219 438 1379 484 λαμπρο-
1450 439 1662 475 Clarissimis
1684 440 1862 476 iudicibus
1881 440 2076 476 secundum
2096 445 2239 477 nostras
2262 443 2356 486 leges
2380 441 2524 478 studen-

303 479 428 514 τάτων
453 477 641 525 ἀρχόντων
671 480 765 514 κατὰ
793 480 874 515 τοὺς
897 477 1084 526 ἡμετέρους
1114 482 1245 528 νόμους
1274 496 1378 519 σπευ-
1447 484 1544 520 tibus
1569 495 1649 520 cum
1672 486 1960 530 magnanimitate
1990 487 2027 521 et
2048 486 2217 522 velociter
2246 486 2326 522 lites
2350 486 2523 531 decidere,

305 523 448 558 δόντων
479 525 546 558 σῦν
571 525 669 571 πάσῃ
695 525 885 570 προθυμίᾳ
908 528 969 559 καὶ
992 526 1092 569 τάχει
1115 526 1179 562 τὰς
1203 526 1303 563 δίκας
1324 542 1378 563 τε·
1447 532 1490 564 ut
1511 539 1583 565 non
1606 534 1753 575 propter
1776 531 1978 567 huiusmodi
2003 541 2131 566 causas
2162 531 2273 568 sacris
2297 535 2526 567 amoveantur

302 573 393 613 μεῖν,
431 566 517 603 ὥςτε
545 570 594 613 μὴ
630 569 687 604 διὰ
719 571 783 605 τὰς
812 570 981 605 τοιαύτας
1012 572 1127 607 αἰτίας
1162 574 1240 608 τῶν
1270 574 1379 619 ἱερῶν
1448 574 1642 619 obsequiis,
1673 579 1709 610 et
1738 586 1818 611 cum
1850 578 2015 621 oporteat
2043 577 2147 612 deum
2170 576 2308 621 placari
2335 579 2372 612 et
2394 577 2522 613 decen·

304 611 431 647 αὐτοὺς
463 612 753 657 ἀπασχολεῖσθαι
784 615 965 661 πράξεων,
993 620 1052 650 καὶ
1077 615 1160 652 δέον
1190 618 1259 654 τὸν
1285 619 1379 653 θεὸν
1395 622 1435 653 10
1447 619 1499 655 tia
1528 619 1773 656 sacerdotibus
1805 621 1882 665 agi,
1911 621 2100 657 auditoriis
2133 621 2359 658 detineantur
2386 623 2423 658 et
2450 621 2525 659 illic

304 658 471 693 ἱκετεύειν
495 663 554 693 καὶ
577 660 623 694 τὰ
644 659 772 705 ἱερεῦσι
792 663 980 707 πρέποντα
1003 662 1188 706 πράττειν,
1213 662 1378 707 ὃικαστη-
1447 664 1564 700 turbis
1582 666 1689 709 atque
1705 664 1913 702 inhaerente
1927 667 2084 702 tumultu
2099 666 2311 711 litigantium
2326 666 2524 703 animabus.

303 708 393 748 ρίων
428 702 625 747 ἀνέχεσθαι
660 709 720 739 καὶ
755 707 832 740 τῶν
867 708 978 740 ἐκεῖσε
1013 706 1189 752 θορύβων
1224 712 1283 742 καὶ
1316 710 1379 752 τῆς

303 751 529 795 ἐγγινομένης
561 751 716 795 ταραχῆς
745 754 822 785 ταῖς
856 752 933 785 τῶν
963 749 1210 796 δικαζομένων
1241 756 1377 799 ψυχαῖς.

301 795 325 829 2
371 795 418 828 Εἰ
440 798 566 838 μέντοι
589 799 671 841 περὶ
691 794 924 842 ἐγκλημάτων
948 795 1147 843 ἐνάγοιντο,
1172 799 1203 832 εἰ
1224 800 1292 843 μὲν
1314 811 1379 833 πο·
1446 799 1471 834 2
1518 798 1556 833 Si
1578 801 1698 834 tamen
1722 798 1765 834 de
1790 799 1996 836 criminibus
2026 801 2299 844 conveniantur,
2330 802 2363 837 si
2385 802 2526 846 quidem

302 838 460 880 λιτικῶν,
492 841 660 874 ἐνταῦθα
681 842 750 885 μὲν
772 840 808 874 οἱ
829 841 1022 887 πρόςφοροι
1046 840 1230 889 ἄρχοντες,
1256 845 1316 878 ἐπὶ
1340 842 1434 879 δὲ15
1449 843 1619 887 civilibus,
1644 844 1703 879 hic
1726 844 1866 888 quidem
1891 849 2130 891 competentes
2154 846 2303 890 iudices,
2326 846 2365 882 in
2383 847 2524 892 provin-

301 885 377 919 τῶν
397 885 581 929 ἐπαρχιῶν
601 885 637 920 οἱ
651 886 793 920 τούτων
808 883 1001 933 ἡγούμενοι
1017 888 1184 922 ἔστωσαν
1200 887 1379 931 δικασταί,
1448 889 1513 924 ciis
1536 894 1655 924 autem
1678 889 1805 924 harum
1827 890 2010 933 praesides
2033 891 2105 926 sint
2126 890 2283 936 iudices,
2311 902 2385 928 non
2405 894 2523 928 trans-

300 929 349 973 μὴ
375 927 660 975 ὑπερβαινούσης
685 932 748 974 τῆς
771 929 867 974 δίκης
889 932 1018 976 μηνῶν
1047 930 1111 966 δύο
1135 934 1378 978 προθεσμίαν,
1449 934 1620 969 condente
1648 933 1711 969 lite
1733 934 1907 969 mensium
1938 935 2090 971 duorum
2116 937 2272 981 spatium
2295 945 2340 972 ex
2358 946 2431 981 quo
2451 937 2524 972 litis

302 971 369 1020 ἀφ’
389 975 429 1008 οὑ
455 974 694 1021 προκάταρξις
716 980 879 1022 γένηται,
904 975 992 1011 ὥςτε
1011 976 1191 1022 σύντομον
1215 979 1378 1013 ἐπιτίθε-
1448 979 1661 1014 contestatio
1696 978 1753 1021 fit,
1794 982 1970 1024 quatenus
2005 980 2122 1017 brevis
2155 981 2361 1026 imponatur
2393 991 2526 1017 causae

302 1020 395 1053 σθαι
426 1021 478 1063 τῷ
505 1020 691 1067 πράγματι
714 1025 831 1068 πέρας.
881 1023 1015 1057 ἐκείνου
1048 1021 1156 1066 δήλου
1180 1022 1301 1062 ὄντος,
1332 1020 1380 1059 ὥς
1447 1025 1629 1060 terminus.
1678 1023 1770 1059 Illud
1800 1025 1920 1069 palam
1951 1028 2023 1068 est,
2057 1026 2089 1061 si
2118 1035 2218 1061 reum
2247 1035 2326 1063 esse
2347 1027 2527 1071 putaverit

302 1065 336 1098 εἴ
353 1078 393 1111 γε
408 1062 620 1100 ὑπεύθυνον
643 1066 736 1101 εἶναι
758 1067 827 1101 τὸν
843 1067 1063 1114 ἐναγόμενον
1081 1072 1260 1113 νομίσειεν
1280 1068 1300 1103 ὁ
1317 1070 1379 1113 τῆς
1392 1072 1433 1104 20
1448 1079 1528 1105 enm
1549 1070 1608 1114 qui
1629 1069 1836 1105 convenitur
1850 1070 2054 1122 provinciae
2070 1080 2215 1117 praeses
2239 1074 2275 1107 et
2322 1081 2413 1107 cena
2433 1071 2525 1107 iudi·-

302 1112 472 1156 ἐπαρχίας
495 1107 688 1158 ἡγούμενος
710 1115 770 1146 καὶ
793 1113 920 1156 ποινῆς
949 1112 1053 1154 ἄξιον
1076 1117 1221 1159 κρίνειε,
1250 1114 1379 1162 πρότε-
1448 1115 1582 1150 caverit
1612 1114 1774 1159 dignum,
1805 1125 1903 1160 prlus
1934 1115 2031 1152 hunc
2062 1115 2210 1162 spoliari
2238 1126 2262 1152 a
2311 1125 2353 1152 eo
2383 1115 2527 1152 amn-bili

302 1168 366 1201 ρον
384 1157 616 1202 γυμνοῦσθαι
639 1159 770 1192 τοῦτον
793 1157 892 1204 παρὰ
918 1160 981 1192 τοῦ
998 1157 1284 1205 θεοφιλεστάτου
1303 1161 1379 1195 ἐπι-
1448 1160 1617 1205 episcopo
1641 1159 1854 1197 sacerdotali
1878 1160 2059 1206 dignitate,
2088 1164 2126 1197 et
2146 1161 2200 1197 ita
2221 1161 2290 1198 sub
2312 1161 2429 1207 legum
2447 1160 2527 1197 fieri

302 1200 439 1235 σκόπου
469 1203 532 1245 τῆς
563 1201 740 1249 ἱερατικῆς
772 1201 890 1246 ἀξίας,
922 1199 1019 1238 οὕτω
1042 1217 1082 1238 τε
1114 1201 1186 1239 ὑπὸ
1215 1205 1279 1239 τὰς
1302 1206 1380 1240 τῶν
1447 1215 1566 1241 manu.

301 1245 427 1291 νόμων
449 1248 623 1293 γίνεσθαι
645 1251 770 1293 χεῖρας.

1303 1362 1461 1398 CAPUT
1485 1363 1514 1397 Ι.

347 1440 393 1474 Εἰ
408 1443 532 1484 μέντοι
549 1439 844 1483 ἐκκλησιαστικὸν
866 1441 918 1484 εἴη
934 1441 977 1475 τὸ
997 1438 1192 1486 ἁμάρτημα
1211 1440 1384 1487 δεόμενον
1398 1445 1439 1478 25
1499 1441 1538 1478 Si
1561 1451 1644 1477 Vero
1668 1441 1949 1476 ecclesiasticum
1981 1441 2028 1476 sit
2050 1441 2218 1478 delictum
2243 1452 2351 1486 egens
2374 1443 2526 1489 castig&-

302 1488 556 1531 σωφρονισμοῦ
590 1490 649 1519 καὶ
674 1488 867 1531 ἐπιτιμίων
898 1485 1214 1530 ἐκκλησιαστικῶν,
1246 1485 1266 1522 o‘
1299 1487 1383 1522 θεο-
1452 1487 1550 1523 tione
1574 1486 1820 1522 ecclesiastica
1843 1490 1879 1522 et
1902 1486 2031 1539 multa3
2060 1486 2127 1539 deq
2149 1487 2310 1524 amabilis
2333 1489 2527 1542 episcopus

302 1530 512 1576 φιλέστατος
531 1533 722 1566 ἐπίσκοπος
742 1533 850 1565 τοῦτο
871 1534 1035 1577 κρινέτω,
1058 1530 1171 1576 μηδὲν
1193 1534 1382 1567 ἐπικοινω-
1452 1532 1522 1568 hoc
1538 1532 1729 1575 discernat,
1752 1531 1840 1567 nihil
1856 1532 2198 1568 communicantibus
2221 1533 2428 1570 clarissimis
2441 1543 2526 1579 pro·

302 1573 468 1610 νούντων
483 1578 561 1610 τῶν
577 1575 847 1621 λαμπροτάτων
871 1573 1060 1620 ἀρχόντων
1085 1579 1162 1611 τῶν
1187 1580 1380 1622 ἐπαρχιῶν.
1450 1577 1588 1613 vinciae
1610 1577 1799 1612 iudicibus.
1840 1576 1966 1622 Neque
1986 1576 2079 1613 enim
2099 1578 2260 1614 Volumus
2277 1578 2364 1614 talia
2385 1578 2527 1624 negotia

301 1619 385 1655 οὐδὲ
414 1621 484 1668 γὰρ
513 1620 725 1665 βουλόμεθα
755 1621 924 1656 τοιαύτας
955 1619 1149 1656 ὑποθέσεις
1180 1619 1273 1657 ὅλως
1301 1621 1383 1657 οὐδὲ
1451 1622 1593 1658 omnino
1612 1622 1704 1657 scire
1725 1621 1842 1658 civiles
1858 1621 2006 1664 iudices,
2027 1633 2108 1658 cum
2125 1626 2291 1667 oporteat
2309 1623 2398 1660 talia
2411 1623 2525 1660 eccle-

300 1665 551 1713 γινώσκεσθαι
574 1670 647 1701 τοῖς
667 1665 860 1701 πολιτικοῖς
885 1665 1043 1711 ἄρχουσι,
1069 1664 1151 1701 δέον
1167 1667 1213 1701 τοὶ
1231 1669 1381 1703 τοιαῦτα
1395 1670 1437 1704 30
1450 1668 1593 1703 siastice
1613 1667 1807 1703 examinari
1831 1670 1867 1702 et
1885 1667 2066 1703 emendari
2088 1667 2224 1704 animas
2247 1667 2527 1714 delinquentium

301 1715 361 1745 καὶ
385 1710 682 1755 ἐκκλησιαστικαῖς
707 1711 957 1754 ἐξετάζεσθαι,
990 1715 1049 1745 καὶ
1074 1712 1379 1758 ἐπανορθοῦσθαι
1448 1722 1513 1757 per
1529 1712 1810 1748 ecclesiasticam
1825 1712 1973 1747 multam
1989 1713 2184 1749 secundnm
2200 1723 2323 1750 sacras
2339 1717 2376 1750 et
2387 1713 2526 1751 divim

301 1757 364 1791 τὰς
388 1757 499 1803 ψυχὰς
529 1758 606 1790 τῶν
630 1753 917 1802 ἁμαρτανόντων
949 1755 1009 1791 διὰ
1035 1758 1113 1791 τῶν
1137 1757 1377 1801 ἐκκλησιαστι-
1447 1757 1608 1802 regulas,
1637 1767 1727 1803 quas
1751 1758 1858 1793 etiam
1887 1761 2032 1794 nostrae
2063 1758 2164 1802 sequi
2193 1769 2266 1794 non
2289 1758 2527 1804 dedignantur

300 1803 377 1836 κῶν
401 1804 596 1846 ἐπιτιμίων
618 1802 709 1836 κατὰ
740 1801 822 1836 τοὺς
846 1801 957 1847 ἱεροὺς
986 1804 1044 1835 καὶ
1069 1802 1190 1836 θείους
1213 1802 1377 1846 κανόνας,
1446 1803 1550 1847 leges.
1599 1802 1637 1838 Si
1669 1813 1752 1838 vero
1783 1802 1955 1847 quaedam
1979 1805 2290 1848 praecontestatae
2319 1807 2405 1840 sunt
2433 1805 2525 1847 lites,

300 1847 350 1882 οἷς
374 1850 434 1881 καὶ
459 1847 496 1881 οἱ
515 1844 679 1893 ἡμέτεροι
702 1846 987 1881 κατακολουθεῖν
1010 1843 1074 1881 οὐκ
1098 1844 1292 1888 ἀπαξιοῦσι
1315 1848 1376 1883 νό-
1445 1848 1514 1883 hae
1541 1850 1709 1884 maneant
1738 1848 1775 1882 in
1805 1848 1884 1893 ipso
1914 1847 2093 1883 schemate
2121 1847 2279 1885 velocem
2305 1849 2524 1894 accipientes

300 1907 370 1938 μοι.
420 1893 465 1926 Εἰ
489 1890 532 1926 δέ
550 1903 644 1927 τινες
675 1890 742 1936 ἤδη
766 1891 1098 1938 προκατήρχθησαν
1122 1889 1235 1936 δίκαι,
1269 1885 1377 1928 αῦται
1390 1896 1432 1930 35
1444 1892 1570 1938 finem3
1602 1892 1764 1929 omnibus
1796 1902 1888 1938 qnae
1915 1892 1987 1928 iam
2011 1901 2035 1928 8·
2057 1892 2159 1929 nobis
2187 1893 2324 1930 sancita
2345 1897 2431 1931 sunt
2451 1894 2526 1932 sive

299 1940 511 1983 μενέτωσαν
535 1939 594 1972 ἐπὶ
611 1934 745 1971 ταύτοῦ
770 1934 948 1981 σχήματος
971 1934 1151 1982 σύντομον
1174 1936 1375 1983 λαμβάνου-

300 1995 362 2017 σαι
386 1986 504 2028 πέρας.
552 1982 706 2017 πάντων
736 1984 813 2016 τῶν
843 1980 910 2025 ἤδη
942 1979 1030 2027 παρ’
1057 1980 1162 2026 ἡμῶν
1186 1984 1379 2027 νενομοθε-

349 2088 402 2118 pr.
426 2074 448 2118 ξ
466 2076 485 2108 2
509 2075 713 2107 summarium
738 2081 825 2106 extat
845 2070 937 2106 Ῥοπ.
955 2075 1007 2115 14,
1023 2080 1070 2114 20,
1095 2075 1153 2107 ubi
1173 2076 1295 2108 citatur
1314 2076 1426 2120 νεαρὰ
1450 2073 1531 2119 πβ’.

353 2133 378 2153 c.
394 2121 418 2153 I
436 2121 639 2153 summarium
664 2120 759 2151 habet
782 2118 914 2152 Nomoc.
937 2118 966 2150 L
991 2120 1037 2152 tit.
1059 2119 1100 2153 20
1127 2132 1165 2152 ex
1188 2119 1309 2153 Athan.

298 2222 409 2257 simus
431 2221 624 2267 episcopus
647 2229 793 2254 causam
817 2217 970 2259 decidat,
998 2222 1081 2254 tunc
1099 2219 1207 2254 liceat
1229 2220 1337 2255 etiam
1353 2219 1475 2255 civiles
1490 2219 1727 2265 maqistratus
1750 2218 1865 2262 adire,
1882 2219 2160 2266 privileqiisque
2178 2219 2524 2272 omnibus-servatis,

299 2276 546 2314 quaecumque
568 2264 851 2310 reliqiosissimis
874 2263 1014 2299 clericis
1036 2274 1165 2299 sacrae
1188 2265 1463 2301 constitutiones
1477 2264 1668 2311 praebent,
1700 2268 1737 2300 et
1758 2264 1905 2310 litiqare
1933 2268 1969 2300 et
1987 2264 2098 2309 finem
2121 2265 2307 2317 imponere
2329 2265 2389 2302 lm·
2415 2271 2525 2313 atque

266 2347 270 2351 ,
298 2315 350 2347 ita
372 2323 394 2347 a
418 2310 573 2356 neqotiis
597 2309 755 2345 liberari.
803 2308 1001 2345 Clarissimi
1023 2316 1141 2345 autem
1165 2309 1401 2355 maqistratus
1423 2310 1617 2345 secundum
1642 2310 1739 2356 leqes
1760 2313 1907 2344 nostras
1930 2319 2010 2344 cum
2033 2310 2132 2345 omni
2152 2309 2273 2345 studio
2291 2314 2329 2346 et
2343 2311 2525 2349 celeritate

300 2358 379 2393 lites
403 2356 567 2392 decidere
587 2354 781 2401 festinent,
816 2365 861 2389 ne
885 2354 941 2389 illi
963 2359 1123 2400 propter
1145 2354 1323 2390 eiusmodi
1349 2365 1481 2391 causas
1505 2366 1527 2389 a
1551 2355 1667 2390 sacris
1691 2353 1864 2401 operibus
1883 2359 2091 2397 avocentur,
2124 2365 2212 2391 neve
2235 2365 2315 2391 cum
2347 2355 2415 2392 deo
2437 2367 2524 2407 sup-

297 2403 439 2448 plicare
469 2411 634 2453 quaeque
657 2399 757 2435 decet
779 2398 985 2435 sacerdotes
1017 2410 1126 2445 aqere
1150 2404 1339 2446 oporteat,
1369 2399 1513 2435 iudiciis
1535 2405 1573 2435 et
1597 2399 1711 2435 turbis
1740 2410 1838 2453 quae
1871 2398 1922 2434 ibi
1949 2403 2033 2452 sunt
2056 2410 2172 2446 eaque
2200 2410 2275 2452 qua
2296 2399 2524 2453 olitiqantium

299 2448 324 2484 2
370 2447 479 2482 animi
504 2445 616 2481 imbui
634 2444 751 2480 solent
772 2444 1047 2491 perturbatione
1070 2444 1311 2480 detineantur.
1403 2444 1445 2480 Si
1468 2455 1551 2479 vero
1576 2444 1621 2481 de
1643 2443 1850 2481 criminibus
1873 2448 2150 2487 conveniantur,
2181 2454 2212 2479 si
2234 2444 2382 2498 quadem
2403 2446 2524 2483 civilia

299 2497 394 2534 sunt,
418 2493 457 2526 in
480 2490 548 2526 hac
571 2490 714 2537 quidem
738 2490 881 2525 civitate
904 2494 1143 2536 competentes
1166 2491 1413 2536 magistratus,
1438 2491 1475 2525 in
1486 2490 1690 2536 provinciis
1710 2494 1830 2526 autem
1846 2489 2037 2541 praesides
2056 2500 2181 2543 earum
2208 2489 2447 2544 sint-iudices,
2470 2492 2525 2528 ita

302 2541 421 2574 tamen
450 2540 490 2572 ut
514 2536 560 2571 lis
582 2546 657 2571 non
679 2535 834 2570 excedat
865 2534 1018 2570 duorum
1043 2535 1215 2571 mensium
1237 2536 1395 2582 spatium
1427 2546 1477 2571 ex
1508 2546 1581 2581 quo
1611 2534 1687 2571 litis
1717 2538 1930 2571 contestatio
1960 2534 2067 2580 facta
2094 2538 2159 2578 sit,
2190 2539 2232 2570 ut
2254 2538 2327 2571 ecto
2354 2535 2441 2581 finis
2463 2547 2524 2574 ne-

301 2583 401 2628 qotio
426 2583 644 2628 imponatur.
691 2579 771 2622 Qua
794 2580 832 2614 in
855 2591 896 2616 re
918 2580 1012 2615 illud
1034 2584 1313 2616 consentaneum
1336 2585 1407 2623 est,
1440 2581 1475 2615 si
1495 2591 1575 2615 eum
1598 2580 1662 2631 qui
1685 2579 1895 2616 convenitur
1917 2590 2017 2615 reum
2038 2589 2116 2631 esse
2138 2590 2293 2626 praeses
2310 2580 2525 2634 provinciae

299 2628 483 2674 putaverit
500 2636 695 2672 poenaque
718 2625 865 2671 diqnum
894 2624 1126 2667 iudicaverit,
1157 2635 1237 2660 eum
1266 2626 1373 2671 prius
1395 2637 1418 2661 a
1442 2625 1508 2661 deo
1529 2626 1715 2661 carissimo
1740 2625 1910 2671 episcopo
1942 2623 2119 2670 diqmtate
2140 2624 2359 2660 sacerdotali
2377 2636 2522 2673 privam

302 2676 410 2718 atque
432 2673 485 2707 ita
510 2671 627 2716 lequm
647 2670 822 2716 potestati
844 2670 969 2706 subici.
1827 2714 1834 2721 ⁸
2122 2714 2129 2721 ι
2195 2714 2203 2721 ·
2229 2714 2237 2722 ο
2449 2715 2458 2724 ι
2500 2717 2508 2724 .

436 2717 465 2751 I.
514 2715 580 2750 Sin
604 2720 722 2750 autem
746 2714 1024 2750 ecclesiasticum
1042 2715 1089 2749 sit
1108 2714 1275 2750 delictum
1320 2714 1394 2749 uod
1411 2714 1651 2760 castiqatione
1673 2717 1710 2749 et
1720 2724 1853 2760 poenis
1875 2717 1982 2759 eqeat
2004 2713 2265 2756 ecclesiasticis,
2288 2713 2356 2751 deo
2378 2725 2522 2752 canssi-

302 2774 380 2798 mus
403 2762 594 2807 episcopus
616 2760 660 2795 de
682 2770 725 2795 eo
753 2759 898 2802 iudicet,
929 2770 1014 2795 neve
1043 2759 1119 2795 ullo
1143 2759 1250 2795 modo
1274 2769 1293 2794 c
1308 2759 1465 2794 arissimi
1485 2759 1758 2805 provinciarum
1778 2758 1968 2805 praesides
1996 2758 2035 2794 in
2060 2762 2206 2805 partem
2229 2763 2410 2795 vocentur.
2457 2759 2523 2798 Et-

302 2808 395 2844 enim
418 2805 592 2842 eiusmodi
612 2815 743 2840 causas
765 2815 809 2839 ne
825 2805 1047 2839 innotescere
1070 2804 1212 2857 quidem
1236 2803 1398 2839 civilibus
1420 2803 1692 2850 maqistratibus
1715 2804 1888 2845 volumus,
1912 2813 1992 2839 cum
2009 2806 2178 2849 oporteat
2199 2801 2288 2839 haec
2304 2803 2395 2840 talia
2409 2806 2521 2843 eccle-

301 2852 444 2889 siastice
468 2850 673 2887 examinari
703 2853 739 2885 et
763 2854 997 2895 peccatorum
1020 2860 1160 2884 animas
1189 2859 1258 2894 per
1308 2859 1419 2884 oenas
1449 2848 1709 2884 ecclesiasticas
1730 2847 1914 2884 emendari
1935 2847 2130 2899 secundum
2161 2857 2288 2884 sacros
2309 2848 2523 2898 divinosque

302 2907 478 2939 canones,
534 2906 600 2930 uos
623 2894 730 2930 etiam
754 2898 899 2930 nostrae
921 2894 1018 2940 leqes
1047 2895 1150 2939 sequi
1173 2904 1245 2928 non
1294 2893 1524 2939 ediynantur.
1568 2892 1708 2936 Quodsi
1727 2904 1822 2939 quae
1845 2893 1925 2944 lites
1952 2903 2025 2928 tam
2048 2896 2156 2943 antea
2179 2897 2403 2946 contestatae
2424 2901 2522 2939 sunt,

303 2942 372 2979 hae
394 2943 434 2977 in
456 2953 475 2976 e
525 2951 579 2975 em
601 2940 728 2985 forma
752 2943 921 2974 maneant
952 2939 1023 2974 cito
1049 2939 1158 2983 finem
1190 2942 1415 2985 accepturae.
1471 2937 1599 2974 Omnia
1630 2942 1749 2974 autem
1773 2949 1867 2983 quae
1895 2947 1968 2973 iam
1986 2948 2022 2981 >a
2045 2937 2150 2973 nobis
2177 2942 2319 2974 sancita
2341 2945 2427 2976 sunt
2447 2942 2522 2978 sive

358 3058 375 3090 1
399 3056 543 3088 τεάνειν
565 3066 594 3086 υ.
609 3053 629 3085 l.
658 3052 738 3086 Con.
765 3053 805 3084 87
831 3064 902 3094 cap.
931 3050 944 3094 ΙΙ
974 3052 994 3084 2
1024 3052 1084 3083 καὶ
1108 3050 1198 3092 τῶν]
1233 3052 1293 3083 καὶ
1318 3063 1376 3083 om.
1448 3064 1486 3084 ez·
1506 3053 1536 3092 ς]
1561 3048 1830 3092 ἐκκλησιαστικὰ
1844 3049 1890 3083 Μ
1901 3048 1913 3087 ΙΙ
1936 3047 2242 3094 ἐπανορθοῦσθαι
2264 3049 2325 3084 τὰς
2349 3053 2427 3087 deda·
2443 3066 2483 3088 ez
2501 3065 2522 3092 e

309 3088 526 3143 Coll.87'cap.
544 3098 557 3142 11
581 3099 600 3131 5
624 3099 682 3130 καὶ
707 3092 966 3141 ἀγωνίζεσθαι]
991 3097 1024 3127 et
1042 3095 1177 3137 litigare
1198 3098 1231 3127 et
1256 3095 1376 3127 exemi·
1446 3093 1801 3140 (ἐπικατορθοῦσθαι
1823 3092 1886 3128 τὰς
1899 3094 2110 3135 ΖαοΙιανίαεΠ
2137 3094 2432 3141 ἐπικαρποῦσθαι
2447 3099 2491 3132 Μ
2507 3098 2522 3143 Ι

304 3147 472 3181 nationem
496 3144 568 3176 fieri
600 3144 633 3183 (i.
660 3155 685 3175 e.
710 3143 768 3173 καὶ
793 3137 1039 3186 ἀγωνίζεσθαι
1062 3142 1139 3173 καὶ
1163 3138 1377 3179 ἐξέτασιν
1448 3142 1489 3174 35
1512 3136 1579 3183 ἤδη
1604 3152 1661 3172 om.
1678 3150 1698 3175 ς

304 3187 540 3239 γίνεσθαι)
565 3200 584 3224 ς
612 3187 625 3231 ΙΙ
653 3188 712 3220 καὶ
736 3182 848 3219 ου”τως
870 3204 913 3210 -—
942 3187 981 3219 13
1005 3186 1132 3230 ψυχαῖς
1156 3197 1214 3217 om.
1241 3185 1319 3218 Coll.
1335 3186 1376 3219 87

305 3251 377 3281 cap.
403 3235 415 3280 ΙΙ
440 3236 460 3269 6
485 3231 676 3279 ἐλεύθερον
697 3230 868 3277 γίνεσθαι
888 3227 1124 3275 πραγμάτων]
1148 3229 1287 3262 liberam
1306 3229 1378 3263 fleri
2425 3275 2432 3282 ¹
2453 3274 2462 3282 ·
2489 3275 2498 3284 .

304 3292 433 3316 causam
458 3281 532 3322 (Le.
549 3276 735 3324 πρᾶγμαῖ)
761 3278 807 3318 ‘ll
826 3277 845 3309 8
866 3273 931 3308 σὺν
956 3273 1052 3317 πάση
1077 3273 1278 3318 προθυμίᾳ]
1303 3285 1378 3307 cum
1502 3275 1523 3307 2
1547 3275 1580 3306 et
1603 3273 1656 3314 ad]
1688 3275 1720 3305 et
1743 3285 1800 3306 om.
1826 3272 1859 3305 R
1889 3271 1902 3315 11
1929 3274 1949 3306 3
1973 3273 2209 3315 praestantur?
2242 3274 2295 3307 V‘·
2324 3275 2337 3318 ΙΙ
2364 3274 2387 3309 4
2408 3274 2520 3318 liugn

304 3325 576 3370 magnanimitate
601 3335 620 3360 ς
638 3323 650 3367 ιι
674 3324 715 3356 14
740 3319 902 3367 ενάγοιτο
930 3310 1067 3353 cons-1
1082 3331 1153 3362 cap.
1178 3318 1190 3362 ιι
1218 3320 1257 3353 18
1281 3322 1379 3364 γινη-
1455 3318 1517 3362 vu
1539 3318 1623 3360 fieri]
1648 3318 1754 3351 faeere
1773 3316 1840 3361 νιι
1865 3319 1884 3351 5
1908 3316 2006 3350 liberi
2029 3318 2077 3369 V}
2100 3317 2112 3362 ιι
2139 3319 2159 3352 8
2185 3318 2387 3371 huiusmoqi]
2417 3319 2518 3354 huin·

304 3385 366 3407 ται
394 3372 475 3407 0011.
500 3371 541 3404 87
566 3381 638 3413 cap.
664 3381 693 3401 v.
714 3368 733 3400 l.
765 3366 777 3410 ΙΙ
806 3364 1020 3406 ἐπιτεθῆναι
1052 3367 1100 3397 vel
1122 3363 1379 3397 ἐπιτεθεῖσθαι
1455 3362 1530 3407 1⁷¹2
1548 3363 1787 3396 admoneantur
1813 3361 1845 3395 T
1858 3361 1871 3405 η
1886 3363 1907 3396 9
1931 3362 2060 3395 decenti
2084 3373 2104 3394 a
2126 3363 2206 3396 VT·
2230 3364 2381 3397 decentia
2402 3374 2422 3397 a
2444 3363 2518 3410 ΤἸ

306 3419 391 3452 codd
417 3416 495 3451 Coll.
511 3416 550 3449 87
567 3427 639 3457 cap.
655 3413 668 3456 ΙΙ
695 3413 737 3447 20
762 3413 901 3455 νομίσει
929 3410 1008 3443 Coll.
1024 3411 1064 3443 87
1080 3421 1151 3451 cap.
1169 3410 1260 3442 codd.
1279 3410 1377 3452 pleri·
1448 3410 1488 3443 10
1514 3408 1584 3440 illio
1605 3409 1706 3449 Beck]
1738 3406 1807 3440 illis
1830 3407 1907 3440 libri
1930 3406 1943 3451 fl
1966 3410 2003 3442 11
2032 3408 2220 3441 inherentes
2237 3409 2305 3442 ΒΤ
2312 3409 2324 3429 ¹
2346 3409 2517 3443 inhemen-

327 3476 365 3497 ue
380 3462 393 3507 ΙΙ
412 3463 456 3496 24
479 3462 595 3504 χεῖρας
610 3456 781 3505 γίνεσθαι
811 3457 888 3490 Coll-
904 3457 944 3489 87
960 3467 1031 3497 cap.
1050 3453 1063 3498 ΙΙ
1088 3455 1130 3487 25
1155 3453 1220 3494 εἴη]
1245 3446 1268 3495 ἧ
1296 3454 1376 3487 Call.
1445 3454 1488 3486 tis
1514 3453 1562 3485 V¹
1580 3452 1592 3496 [Ι
1614 3455 1651 3487 15
1676 3454 1863 3495 competens
1883 3452 1962 3504 Vn!
1980 3454 2020 3487 16
2044 3455 2154 3486 autem
2180 3467 2236 3487 om·
2253 3453 2330 3497 Τιῃ
2354 3454 2518 3506 pra-“idn

306 3477 346 3542 g'l
363 3521 434 3551 cap.
452 3520 484 3540 υ.
500 3507 519 3540 1.
547 3505 559 3549 ΙΙ
586 3506 627 3538 26
652 3502 866 3544 castigatione
890 3499 1107 3533 ecclesiastica
1131 3500 1163 3531 et
1186 3487 1292 3531 multa
1317 3510 1336 3535 ς
1365 3497 1377 3540 ΙΙ
1445 3498 1523 3539 sint]
1547 3498 1756 3541 praesideant
1774 3497 1823 3530 Τι
1846 3497 1995 3541 praesul·
2012 3498 2060 3530 12¹
2078 3498 2091 3541 ss
2111 3501 2149 3532 17
2164 3498 2308 3540 spatium
2321 3499 2502 3542 (spat1oT1

307 3553 373 3586 θεο
405 3551 584 3585 ιλέστατος
597 3557 627 3583 et
637 3545 800 3593 μηδὲν-
814 3547 855 3581 28
870 3544 1052 3590 ἐπαρχιῶν
1064 3557 1121 3577 om.
1137 3544 1217 3578 Con.
1230 3545 1270 3577 87
1280 3556 1352 3588 cap.
1365 3542 1377 3588 ΙΙ
1445 3542 1585 3575 duorum
1603 3544 1635 3576 T
1646 3542 1658 3586 ΙΙ
1681 3545 1719 3577 18
1745 3543 1789 3576 sit
1810 3542 1856 3585 V!
1882 3545 2097 3585 componatur
2113 3543 2146 3576 R
2162 3543 2174 3587 ΙΙ
2194 3545 2235 3578 28
2261 3544 2349 3576 enim
2373 3557 2431 3578 om.
2454 3544 2489 3578 V

307 3600 348 3632 28
362 3566 439 3631 τῗῦν
455 3596 639 3642 ἐπαρχιῶν
654 3595 708 3635 Μ]
733 3591 924 3636 provinciae
939 3603 958 3628 ς
973 3591 985 3633 ΙΙ
1010 3590 1052 3623 29
1065 3584 1158 3631 οὐδὲ]
1175 3584 1215 3621 οὗ
1240 3589 1318 3622 Coll.
1334 3590 1375 3622 87
1446 3590 1487 3622 29
1512 3588 1593 3620 talia
1618 3588 1836 3621 ecclesiastica
1906 3588 1988 3621 talia
2004 3591 2036 3620 et
2051 3588 2308 3622 aecclesiasticae
2321 3589 2354 3622 R
2369 3587 2382 3632 fl
2401 3589 2444 3624 30
2464 3598 2516 3622 ec-

307 3657 344 3676 ca
372 3668 379 3675 .
399 3644 411 3686 ΙΙ
426 3638 507 3675 οὐδὲ
531 3654 588 3674 om.
608 3640 686 3674 coll.
701 3640 742 3673 87
758 3651 795 3671 ca
822 3663 828 3670 .
845 3637 858 3681 Η
884 3638 926 3671 30
948 3636 1024 3669 Post
1044 3631 1213 3679 ἄρχουσιν
1230 3645 1313 3677 quae
1328 3646 1375 3667 se·
1445 3633 1641 3667 olesiasticas
1663 3634 1717 3667 V⁰
1734 3633 1806 3677 1132
1830 3632 2052 3675 dedignentur
2072 3633 2119 3666 V¹
2137 3632 2150 3677 ss
2168 3634 2209 3667 33
2234 3633 2293 3666 Sin
2310 3634 2343 3667 R
2359 3633 2372 3677 ΙΙ
2389 3634 2433 3668 34
2454 3633 2515 3668 hee

307 3656 446 3731 qufmmr
463 3700 520 3720 om.
542 3686 622 3719 Coll.
639 3686 679 3718 87
700 3696 771 3727 cap.
787 3651 864 3727 ΙΓ31
882 3678 1178 3723 ἐκκλησιαστικαῖς
1190 3678 1376 3712 Zachariae
1412 3705 1413 3708 ,
1446 3678 1536 3722 RTn
1557 3680 1599 3713 35
1624 3689 1707 3720 quae
1730 3677 1807 3718 iam]
1832 3678 2018 3719 quaerelam
2042 3677 2118 3722 V¹11
2134 3681 2248 3711 sancta
2268 3678 2302 3711 V
