2476 3854
125 55 232 100 Nov.
258 56 433 101 CXXIV
465 60 501 101 1.
533 59 558 100 2

126 166 280 203 πάντων
313 167 360 203 τὰ
385 166 611 215 πρωτότυπα
641 168 718 203 τῶν
745 165 993 210 δικαζομένων
1023 166 1210 214 πρόςωπα,

125 209 149 256 ἢ
185 214 337 248 ἐκείνους
372 214 420 248 εἰς
458 210 518 247 οὓς
552 210 599 247 ὠς
634 212 727 247 εἰκὸς
769 213 810 246 ἐν
843 214 942 257 μέσῳ
977 210 999 256 ἦ
1034 210 1211 249 ὑπόθεσις

124 259 338 306 μετενεχθῇ,
372 261 550 303 παρουσίᾳ
578 258 656 292 τῶν
680 256 864 292 δικαστῶν
888 255 1112 302 ἁπτομένους
1133 259 1211 293 τῶν

128 300 245 349 ἁγίων
261 301 480 350 εὐαγγελίων
505 300 681 347 ὀμνύναι,
715 299 774 336 ὅτι
797 299 903 338 οὐδὲν
927 302 1115 339 παντελῶς
1139 306 1212 338 τοῖς

1197 53 1280 103 626

1805 74 1867 106 UT
1894 73 2160 109 LITIGANTES
2179 75 2355 109 γΠΪΒΙῙΞῙΨΓ

1280 170 1537 214 examinantur,
1573 181 1659 224 prae
1694 171 1858 209 omnibus
1892 171 2110 218 principales
2143 173 2356 218 litigantium

1279 224 1462 266 personas,
1491 218 1553 251 aut
1574 215 1654 252 illos
1678 217 1724 252 ad
1749 227 1838 262 quos
1861 217 1898 253 in
1921 218 2036 254 medio
2061 218 2240 263 negotium
2263 219 2356 255 forte

1279 260 1491 304 migravent,
1510 262 1712 305 praesentia
1727 262 1883 298 iudicum
1901 263 1962 298 tan
1986 266 2085 299 entes
2107 267 2235 299 saneta
2251 273 2355 300 evan-

1279 305 1372 349 gelia
1394 304 1525 348 iurare,
1551 306 1634 351 quia
1649 306 1738 342 nihil
1787 307 1902 343 enitus
1925 274 2101 343 inigiicibus
2126 309 2212 350 [aut]
2236 310 2355 353 patro-

127 346 310 383 δικασταῖς
334 351 555 402 προστασίας
583 346 688 392 χάριν
712 344 733 390 ἢ
757 345 855 391 ἄλλῳ
880 346 1085 392 οἱῳὸήποτε
1107 359 1208 403 προς-
1246 353 1266 385 5
1281 349 1364 384 cinii
1397 359 1506 386 causa
1535 350 1623 396 ipsis
1658 352 1712 388 vel
1744 362 1766 387 a
1781 352 1804 387 ii
1836 352 2046 398 cuicumque
2080 362 2255 398 personae
2289 363 2356 398 pro

126 391 218 436 ώπῳ
243 392 333 438 ὑπὲρ
354 403 486 435 ταυτης
509 393 571 435 τῆς
588 394 703 426 αἰτίας
722 389 814 426 καθ’
834 392 1049 436 οἱονδήποτε
1070 406 1209 439 τροπον

127 436 328 472 δεδώκασιν
348 436 371 480 ἢ
386 435 585 479 ὑπέσχοντο
609 435 631 480 ἢ
653 437 746 481 μετὰ
769 439 887 472 ταῦτα
909 436 1088 473 δώσουσιν
1112 437 1136 483 ἢ
1155 436 1205 473 δι’

126 484 267 517 ἑαυτῶν
291 480 314 525 ἢ
339 479 390 515 δι’
419 481 528 516 ἄλλου
551 480 763 526 οἱουδήποτε
789 486 899 527 μέσου
923 483 1124 530 προςώπου,
1156 484 1207 525 ἐξ·

126 531 316 575 ῃρημένων
343 527 487 562 τούτων
517 523 623 562 ἅτινα
651 530 724 562 τοῖς
749 525 851 562 ἰδίοις
878 528 1088 576 συνηγόροις
1119 525 1209 574 ὑπὲρ

1277 395 1345 430 hac
1370 404 1479 431 causa
1502 396 1660 441 quolibet
1690 397 1794 433 modo
1819 397 1993 433 dederunt
2022 400 2087 433 aut
2118 397 2357 443 promiserunt

1276 443 1338 476 aut
1360 443 1487 484 postea
1514 441 1651 477 dabunt
1682 442 1737 478 vel
1766 451 1831 487 per
1860 452 1899 478 se
1930 442 1986 478 vel
2016 452 2082 496 per
2104 443 2210 478 aliam
2234 451 2356 488 quam·

1278 495 1428 529 cumque
1458 485 1610 522 mediam
1642 496 1850 532 personam,
1888 488 2045 532 exceptis
2076 487 2131 523 his
2159 497 2250 532 quae
2272 497 2355 532 pro-

1277 530 1363 574 priis
1389 529 1570 567 advocatis
1595 542 1660 576 pro
1677 532 1875 577 patrocinio
1899 535 2084 585 praestant
2107 532 2254 577 aliisque
2300 541 2355 568 er·

125 575 187 626 ’ξῇς
210 576 420 629 συνηγορίας
449 574 664 628 παρέχουσιν
695 571 718 615 ἢ
748 576 821 607 τοῖς
847 571 966 609 ἄλλοις
998 572 1208 620 προςώποις,
1224 577 1263 610 10
1277 575 1389 617 sonis,
1427 585 1518 620 quae
1552 581 1695 612 nostrae
1728 578 1822 622 leges
1859 577 1935 613 dari
1970 577 2229 623 disposuerunt.
2313 586 2358 614 00

126 630 219 662 απερ
243 630 277 651 οι
300 620 464 663 ημέτεροι
487 630 595 662 νομοι
620 615 795 652 δίδοσθαι
820 615 1062 655 διετύπωσαν.
1100 620 1208 654 τοῦτο

126 661 166 697 δὲ
189 661 552 709 παραφυλάττεσθαι,
576 662 843 708 προςτάττομεν
873 667 933 698 καὶ
965 666 1005 699 ἐν
1035 665 1091 708 τῷ
1114 665 1207 708 θείῳ

125 706 232 751 ἡμῶν
269 708 505 751 consistoria),
540 704 633 742 ὅταν
670 709 949 746 consultationes
985 708 1208 756 εἰςάγωνται,

126 751 411 806 ιῖἰςτευπαρουσίᾳ
432 754 495 796 τῆς
512 752 606 798 ἱερᾶς
628 752 825 799 συγκλήτου
844 754 927 809 τους
941 755 1208 800 μνημονευθέν-

1276 623 1396 655 autem
1428 620 1561 656 servari
1609 622 1821 667 raecipimus
1853 625 1889 658 et
1918 623 1955 658 in
1984 632 2085 659 sacro
2114 626 2239 659 nostro
2271 631 2356 658 con·

1278 665 1438 707 sistorio‚
1480 675 1575 711 quan
1601 677 1622 702 o
1659 667 1938 703 consultationes
1975 667 2272 711 intromittuntur,
2316 669 2358 702 ut

1278 710 1345 746 sub
1376 711 1579 755 praesentia
1607 713 1702 748 sacri
1731 714 1877 748 senatus
1913 716 2105 749 memorata
2135 715 2357 748 sacramenta

1278 759 1518 800 praestentur.
1555 756 1592 792 Si
1608 759 1738 800 autem,
1758 761 1799 792 ut
1815 757 1999 802 contingit,
2019 758 2129 802 aliqui
2144 756 2357 802 litigantium

125 809 189 832 τας
213 809 336 843 ορκους
354 798 588 843 παρέχεσθαι.
638 798 668 832 εἰ
693 796 733 832 δὲ
756 796 803 832 ὠς
826 800 917 834 einos
940 812 1034 835 τινες
1057 801 1134 834 τῶν
1158 798 1209 834 δι·
1226 803 1265 835 15
1277 804 1459 845 nequeunt
1489 802 1535 837 ad
1566 801 1701 837 iudices
1733 802 1917 847 advenire,
1946 807 2035 838 tunc
2059 803 2221 838 iubemus
2252 811 2356 847 prae-

125 844 336 886 καζομένων
363 843 413 887 μὴ
447 841 623 877 δύνανται
659 843 748 888 πρὸς
781 842 862 879 τοὺς
894 843 1063 880 δικαστὰς
1094 857 1210 891 παρα-

124 888 308 934 γίνεσθαι,
337 889 422 922 τότε
446 887 635 931 κελεύομεν
659 888 742 923 τούς
764 888 951 935 παρόντας
973 893 1040 935 μὲν
1061 887 1211 935 ὀμνύειν

124 933 193 967 τὸν
227 936 486 979 προειρημένον
521 930 640 978 ὅρκον,
681 935 897 978 πέμπεσθαι
933 933 973 969 δὲ
1005 935 1094 981 πρὸς
1128 935 1211 970 τοὺς

126 974 289 1013 ἀπόντας
313 980 351 1012 ἐκ
380 979 458 1013 τῶν
482 975 783 1033 ὑπηρετουμΙένων
813 978 955 1020 τάξεων
986 992 1088 1015 τινας
1119 980 1209 1025 μετὰ

1280 850 1396 881 sentes
1431 846 1572 891 quidem
1607 846 1725 882 iurare
1758 847 1982 892 praedictum
2011 847 2275 891 iusiurandum,
2310 846 2357 882 ad

1279 891 1445 927 absentes
1476 895 1595 927 autem
1628 891 1731 936 dirigi
1759 902 1803 927 ex
1826 892 1955 928 officiis
1986 892 2268 928 ministrantibus
2291 891 2356 927 ali-

1279 947 1366 981 quos
1393 947 1471 972 cum
1495 936 1644 972 adversa
1667 939 1784 982 parte,
1816 940 1857 972 ut
1880 938 1931 973 eis
1955 937 2202 982 praesentibus
2225 946 2356 973 memo·

1277 985 1356 1016 rata
1381 985 1605 1017 sacramenta
1630 982 1789 1017 similiter
1812 983 2063 1027 praebeantur.
2111 982 2149 1018 Si
2171 991 2256 1018 vero
2278 991 2356 1017 mu-

124 1024 188 1057 τοῦ
221 1023 260 1064 ἐξ
291 1026 457 1077 ἐναντίας
480 1027 623 1077 μέρους,
657 1035 745 1059 ωςτε
762 1037 813 1060 πα
839 1024 961 1060 όντων
982 1023 1106 1060 αὐτῶν
1129 1025 1210 1061 τοὺς
1223 1026 1342 1062 201ier
1364 1026 1491 1069 fuerit,
1523 1036 1615 1072 quae
1638 1030 1785 1073 propter
1808 1027 2031 1064 honestatem
2060 1027 2154 1064 vitae
2180 1026 2357 1063 extraneis

125 1069 328 1115 εἰρημένους
351 1080 476 1114 ορκους
499 1073 630 1114 ομοίως
653 1073 808 1115 παρέχεσ
842 1085 890 1105 αι.
929 1071 959 1105 εἰ
977 1069 1016 1105 δὲ
1034 1071 1124 1118 γυνὴ
1145 1071 1207 1114 εἴη,

124 1110 200 1155 ἥτις
224 1111 284 1147 διὰ
309 1114 379 1157 τὴν
402 1112 607 1159 σεμνότητα
630 1116 695 1149 τοῦ
719 1118 801 1160 βίου
826 1116 1007 1156 ἐξωτικοῖς
1031 1114 1209 1163 ἀνδράσιν

125 1159 256 1202 ἑαυτὴν
280 1158 465 1194 δεικνύναι
489 1157 554 1194 οὐκ
578 1160 724 1203 εἴωθεν,
748 1162 947 1204 τηνικαῦτα
971 1165 1031 1195 καὶ
1052 1159 1210 1197 ἀπόντος

125 1205 189 1239 τοῦ
215 1202 400 1238 ἀντιδίκου
431 1205 514 1239 τοὺς
545 1206 584 1238 ἐκ
612 1206 673 1248 τῆς
695 1203 831 1246 τάξεως
859 1210 1109 1251 πεμπομένους
1130 1206 1212 1241 τοὺς

1277 1071 1360 1107 viris
1392 1082 1430 1107 se
1460 1074 1662 1108 monstrare
1693 1082 1765 1108 non
1797 1073 1997 1114 consuevit,
2030 1075 2115 1108 tunc
2147 1075 2183 1107 et
2209 1072 2358 1111 absente

1278 1117 1479 1153 adversario
1523 1127 1567 1153 ex
1609 1116 1728 1153 officio
1770 1117 1897 1153 missos
1939 1120 2134 1154 memorata
2175 1117 2271 1153 susci
2298 1125 2357 1152 ere

1278 1166 1511 1198 sacramenta.
1560 1162 1597 1197 Si
1629 1166 1747 1198 autem
1778 1163 1903 1199 abesse
1931 1167 2054 1208 partes
2088 1163 2126 1198 in
2157 1162 2237 1198 aliis
2282 1160 2357 1197 ocis

1281 1208 1464 1251 contingat
1498 1211 1560 1243 aut
1591 1218 1699 1244 unam
1730 1217 1866 1251 earum,
1900 1208 2139 1253 praecipimus
2174 1207 2358 1243 absentem

124 1250 444 1293 μνημονευθέντας
475 1248 648 1293 δέχεσθαι
679 1247 813 1296 ὅρκους.
860 1252 891 1286 εἰ
916 1250 955 1286 δὲ
985 1249 1132 1286 ἀπεῖναι
1163 1252 1210 1286 τὰ
1225 1254 1266 1287 25
1279 1253 1316 1288 in
1332 1253 1515 1297 provincia
1537 1253 1573 1288 in
1599 1262 1669 1297 qua
1688 1252 1790 1297 deget
1812 1253 2056 1288 iusiurandum
2079 1252 2186 1288 modo
2209 1262 2232 1287 a
2253 1251 2357 1288 nobis

123 1297 212 1340 μέρη
235 1296 275 1329 ἐν
295 1293 414 1329 ἄλλοις
434 1295 560 1330 τόποις
578 1299 735 1339 συμβαίη
755 1293 778 1339 ἢ
799 1298 839 1330 ἒν
858 1297 898 1337 ἐξ
919 1295 1053 1340 αὐτῶν,
1074 1295 1210 1332 κελεύο-

123 1353 191 1384 μεν
225 1340 294 1375 τὸν
329 1337 476 1375 ἀπόντα
511 1342 550 1375 ἐν
585 1342 630 1387 τῇ
662 1343 816 1387 ἐπαρχία
852 1343 892 1376 ἐν
922 1341 944 1389 ᾖ
978 1339 1095 1386 διάγει
1128 1341 1211 1376 τοὺς

125 1381 249 1430 ὅρκους
280 1386 373 1420 κατὰ
406 1385 474 1420 τὸν
507 1387 693 1430 εἰρημένον
723 1376 815 1431 παρ5
842 1384 948 1431 ἡμῶν
978 1389 1119 1435 τρόπον
1151 1388 1211 1422 ἐπὶ

125 1428 289 1484 πράξεως
320 1429 596 1487 ὑπομνηματων
626 1432 727 1477 παρὰ
750 1433 806 1475 τῷ
830 1430 978 1476 ἄρχοντι
1008 1434 1070 1477 τῆς
1101 1434 1210 1478 ἐπαρ-

1279 1297 1375 1333 dicto
1408 1298 1474 1334 sub
1498 1298 1606 1342 gestis
1639 1303 1946 1334 monumentorum
1977 1298 2073 1343 apud
2098 1298 2252 1333 iudicem
2273 1306 2357 1343 pro-

1279 1342 1415 1378 vinciae
1437 1346 1502 1379 aut
1520 1343 1617 1388 apud
1636 1343 1795 1379 locorum
1820 1343 2040 1379 defensorem
2063 1343 2246 1388 praebere.
2290 1341 2356 1377 Illo

1279 1388 1441 1423 videlicet
1459 1388 1671 1432 generaliter
1691 1388 1923 1431 observando,
1947 1391 1988 1424 ut
2004 1389 2035 1424 si
2051 1388 2128 1434 quis
2144 1386 2358 1433 litigantium

1279 1433 1409 1469 absens
1429 1438 1492 1469 aut
1512 1443 1681 1478 praesens
1702 1433 1903 1469 huiusmodi
1922 1434 2167 1469 iusiurandum
2187 1432 2358 1478 praebere

124 1481 201 1519 χίας
216 1489 357 1531 η’παρα
381 1491 434 1520 τῳ
452 1490 529 1511 των
544 1475 675 1511 τόπων
699 1475 828 1521 ἐκδίκῳ
847 1481 1026 1533 παρέχειν.
1075 1480 1209 1512 ἐκείνου
1224 1480 1265 1512 30
1278 1479 1452 1522 noluerit,
1485 1483 1520 1514 et
1544 1479 1612 1514 hoc
1636 1479 1881 1514 manifestetur
1903 1478 2028 1522 iudici,
2059 1488 2125 1524 per
2146 1477 2358 1514 sententiam

125 1520 293 1565 δηλονοτι
324 1523 473 1568 γενικῶς
505 1521 885 1567 παραφυλαττομένου,
922 1524 983 1557 ἶνα
1005 1523 1041 1557 εἴ
1057 1534 1112 1557 τις
1133 1524 1210 1558 τῶν

125 1565 373 1611 δικαζομένων
390 1564 499 1602 ἀπών
515 1565 538 1610 ἢ
555 1567 685 1612 παρών
700 1567 769 1602 τὸν
784 1569 951 1603 τοιοῦτον
968 1565 1078 1614 ὅρκον
1094 1581 1208 1614 παρα-

1279 1524 1352 1559 eius
1375 1527 1477 1559 actor
1501 1524 1641 1569 quidem
1674 1534 1795 1560 casum
1824 1524 1994 1568 actionis,
2024 1533 2108 1560 reus
2129 1525 2248 1560 autem
2272 1531 2357 1559 con-

1280 1569 1538 1606 demnationem
1561 1569 1747 1606 sustineat.

125 1615 222 1654 σχεῖν
253 1612 301 1656 μὴ
326 1611 492 1666 θελήσει,
522 1616 583 1646 καὶ
605 1614 714 1647 τοῦτο
733 1613 940 1669 φανερωθῇ
969 1615 1022 1657 τῷ
1047 1611 1211 1660 δικαστῃ,

124 1656 217 1691 κατὰ
240 1659 366 1703 ψῆφον
398 1658 510 1691 αυτοῦ
539 1655 559 1691 ὁ
584 1659 653 1702 μὲν
677 1659 820 1704 ἐναγων
849 1658 917 1701 τὴν
941 1660 1126 1694 ἔκπτωσιν
1149 1662 1212 1703 τῆς

126 1699 286 1749 ἀγωγῆς,
318 1699 338 1736 ὁ
365 1700 406 1736 δὲ
429 1699 644 1748 ἐναγόμενος
667 1701 866 1747 καταδίκην
887 1702 1074 1751 ὑπομείνῃ.
1223 1707 1266 1741 35

1129 1827 1288 1864 CAPUT
1311 1827 1358 1863 11.

1347 1895 1385 1931 Si
1408 1896 1487 1941 quis
1511 1899 1628 1932 autem
1653 1906 1696 1932 ex
1719 1896 1956 1940 litigatoribus
1979 1895 2108 1932 dixerit
2133 1895 2271 1931 dedisse
2293 1895 2357 1930 ali-

182 1894 231 1928 Εἰ
255 1891 299 1928 δέ
317 1905 371 1928 τις
391 1895 430 1928 ἐκ
448 1895 525 1929 τῶν
546 1893 794 1939 δικαζομένων
816 1895 900 1942 εἴπῃ
921 1892 1118 1930 δεδωκέναι
1140 1899 1214 1930 τινὶ

1283 1941 1341 1977 cui
1370 1947 1434 1977 aut
1456 1942 1672 1986 promisisse,
1704 1945 1740 1977 et
1762 1951 1954 1986 personam
1977 1940 2208 1977 declaraverit
2231 1943 2268 1977 et
2290 1941 2358 1976 hoc

124 1937 149 1983 ἢ
171 1937 419 1984 ὑποσχέσθαι,
455 1943 515 1974 καὶ
545 1940 588 1974 τὸ
617 1939 812 1986 πρόςωπον
843 1941 981 1988 ἐξείπῃ,
1013 1944 1074 1975 καὶ
1104 1942 1213 1975 τοῦτο

191 2044 219 2066 ε.
235 2031 261 2066 Ι
272 2005 351 2066 extr.
367 2032 407 2073 (υ.
423 2032 556 2074 30-35)
580 2038 610 2066 et
631 2032 677 2065 II
688 2034 745 2073 (—
761 2033 838 2074 627,
852 2033 898 2075 31)
922 2044 961 2066 esc
985 2032 1019 2065 B
1044 2033 1140 2066 lzabet
1162 2032 1323 2066 Noniae-”¹
1336 2034 1489 2067 XIVtit.
1503 2032 1525 2065 I.
1540 2045 1583 2071 c.;
1608 2045 1635 2066 c.
1648 2031 1693 2065 II
1704 2033 1748 2066 in.
1765 2033 1823 2075 (—·
1839 2033 1917 2074 627,
1931 2034 1980 2075 22)
2004 2033 2130 2066 exhibet
2153 2031 2204 2065 Β*
2219 2032 2240 2066 l.
2253 2044 2280 2066 c.

124 2155 394 2197 examinantur,
427 2157 511 2190 ante
535 2154 655 2189 omnia
676 2153 906 2206 principales
929 2154 1147 2200 litiqantium
1163 2165 1359 2200 personas,
1392 2154 1451 2191 vel
1469 2154 1554 2190 illos
1577 2153 1628 2190 ad
1649 2165 1752 2200 quos,
1784 2158 1825 2190 ut
1844 2154 1908 2199 fit,
1941 2153 2082 2189 interim
2104 2164 2217 2190 eausa
2240 2157 2358 2190 trans-

125 2199 202 2236 lata
225 2200 283 2242 sit,
316 2200 356 2235 in
374 2199 586 2246 praesentia
608 2198 766 2234 iudaeum
790 2200 896 2234 tactis
917 2199 1055 2235 sanctis
1077 2199 1273 2245 evanyeliis
1295 2200 1430 2243 iurare,
1461 2210 1501 2236 se
1523 2199 1616 2236 nihil
1634 2199 1782 2247 penitus
1805 2198 1981 2235 iudicibus
1998 2198 2200 2244 patrocinii
2221 2199 2358 2245 qratia,

124 2245 181 2282 vel
203 2244 268 2280 alii
298 2244 363 2280 ulli
387 2255 573 2291 personae
596 2245 641 2280 ob
666 2244 759 2280 hane
782 2255 929 2280 eausam
954 2244 1028 2280 ullo
1051 2244 1157 2280 modo
1181 2244 1322 2281 dedisse
1344 2245 1401 2281 vet
1419 2245 1641 2291 promisisse,
1671 2244 1729 2281 vel
1743 2248 1876 2291 postea
1899 2243 2052 2280 daturos
2081 2254 2158 2280 esse
2186 2244 2262 2281 sive
2285 2254 2360 2298 per

123 2301 163 2326 se
194 2291 295 2336 ipsos
321 2290 395 2326 sive
416 2301 490 2337 per
520 2289 631 2325 aliam
661 2289 773 2325 ullam
805 2290 1055 2336 interpositam
1079 2301 1300 2336 personam,
1335 2291 1498 2342 eaeeeptis
1527 2290 1573 2325 iis
1604 2300 1698 2336 quae
1728 2289 1914 2326 advocatis
1946 2289 2023 2324 suis
2050 2299 2123 2336 pro
2145 2289 2358 2342 patrocinio

124 2335 301 2382 praebent
322 2334 380 2371 vel
402 2335 530 2370 ceteris
551 2334 729 2381 personis,
761 2346 855 2381 quae
878 2335 1021 2387 quidem
1045 2334 1142 2381 leqes
1165 2340 1314 2371 nostrae
1342 2335 1422 2371 dara
1447 2339 1662 2371 statuerunt.
1711 2334 1793 2370 Hoc
1816 2339 1935 2371 autem
1966 2335 2149 2370 observare
2176 2335 2357 2381 praeeipi-

125 2391 203 2415 mus
225 2381 333 2416 etiam
355 2381 393 2415 in
416 2390 522 2416 sacro
546 2384 673 2416 nostro
698 2381 924 2423 consistorzo,
949 2379 1095 2426 qnando
1118 2380 1401 2417 consultationes
1423 2380 1714 2423 introducuntur,
1738 2384 1780 2416 ut
1800 2379 1839 2414 in
1856 2380 2071 2426 praesentia
2093 2380 2194 2415 sacri
2211 2383 2359 2415 senatus

125 2430 323 2461 memorata
354 2425 558 2461 iuramenta
582 2429 830 2472 praestentur.
879 2424 1017 2468 Quodsi
1041 2425 1104 2471 qm·
1127 2436 1176 2461 ex
1199 2426 1425 2472 litiqantibus
1456 2425 1506 2460 ad
1527 2425 1680 2461 iudicem
1706 2425 1809 2471 forte
1832 2425 1952 2460 venire
1975 2434 2048 2459 non
2069 2428 2243 2471 possunt,
2274 2428 2359 2460 tane

126 2471 286 2506 iubemus
309 2475 526 2517 praesentes
557 2470 700 2516 quidem
729 2470 956 2517 praedictum
984 2470 1235 2506 iusiurandum
1259 2472 1394 2513 iurare,
1427 2471 1477 2506 ad
1498 2470 1662 2506 absentes
1692 2474 1811 2506 autem
1835 2469 1979 2515 aliquos
2001 2480 2051 2505 ex
2072 2469 2359 2505 ministrantibus

127 2515 265 2595 gsficiis
286 2516 380 2551 mitti
410 2527 484 2551 una
515 2525 594 2550 cum
619 2519 731 2562 parte
754 2515 984 2559 adversaria,
1017 2520 1056 2551 ut
1079 2516 1170 2562 ipsis
1192 2516 1449 2562 praesentibus
1470 2516 1666 2569 praedicta
1697 2516 1899 2551 iuramenta
1929 2514 2093 2550 similiter
2113 2518 2356 2559 praestentur.

157 2561 168 2595 ι’
192 2571 275 2596 vero
300 2560 429 2595 mulier
451 2561 509 2603 sit,
539 2571 632 2606 quae
650 2564 806 2608 propter
829 2561 922 2597 vitae
945 2560 1166 2597 honestatem
1189 2563 1376 2597 extraneis
1407 2561 1495 2596 virts
1516 2571 1555 2596 se
1579 2560 1768 2596 ostendere
1797 2571 1871 2595 non
1892 2559 2027 2602 soleat,
2059 2563 2144 2594 tune
2166 2560 2274 2595 etiam
2297 2558 2358 2595 ab·

126 2611 225 2642 sente
248 2605 458 2642 adversario
491 2605 673 2650 officiales
696 2606 798 2641 missi
826 2611 1025 2642 memorata
1055 2610 1282 2642 sacramen-ta
1305 2607 1517 2653 suscipiant.
1565 2605 1701 2649 Quodsi
1724 2605 1847 2641 abesse
1862 2610 1994 2651 partes
2021 2603 2105 2640 aliis
2127 2604 2165 2639 in
2191 2603 2281 2640 cocis
2303 2603 2361 2640 vel

127 2661 236 2685 unam
267 2660 391 2686 earum
423 2651 631 2696 eontiqerit,
667 2650 827 2686 iubemus
855 2662 935 2687 eum
967 2651 1030 2697 qm·
1059 2652 1189 2688 absens
1220 2656 1272 2687 est
1300 2652 1337 2686 in
1367 2651 1559 2698 provincia
1594 2652 1632 2686 in
1663 2661 1737 2703 qua
1771 2650 1871 2696 deqit
1903 2652 2132 2685 sacramenta
2164 2647 2360 2685 seeundum

122 2694 352 2742 praedictum
376 2706 400 2730 a
423 2696 527 2731 nobis
550 2695 692 2731 modum
716 2695 807 2731 actis
829 2696 1146 2732 intervenientibus
1168 2696 1270 2744 apud
1286 2696 1494 2743 praesidem
1512 2695 1725 2743 provinciae
1749 2695 1804 2732 vel
1826 2694 1928 2742 apud
1947 2694 2175 2740 defensorem
2199 2694 2359 2730 locorum

125 2744 327 2792 praestare.
373 2741 492 2785 Atque
522 2740 614 2776 illud
643 2741 811 2776 nimirum
842 2741 880 2776 in
909 2742 1114 2778 universum
1138 2741 1357 2785 observetur,
1388 2747 1426 2777 ut
1449 2742 1484 2777 si
1504 2741 1586 2787 quis
1607 2741 1824 2787 litiqantium
1849 2740 1977 2776 absens
2006 2739 2064 2777 vel
2089 2748 2265 2786 praesens
2288 2738 2360 2775 tate

126 2784 379 2821 zuszurandum
400 2789 591 2837 praestare
613 2786 780 2828 noluerit,
804 2785 913 2831 idque
935 2786 1048 2823 iudici
1070 2788 1302 2833 manifestum
1323 2787 1466 2833 factum
1486 2788 1545 2829 sit,
1566 2797 1636 2832 per
1655 2786 1867 2823 sententiam
1890 2785 1968 2821 eius
1989 2785 2023 2821 si
2045 2788 2150 2821 actor
2170 2788 2226 2821 est
2247 2784 2360 2821 aetio-

127 2830 186 2866 nis
208 2830 403 2871 iacturam,
427 2841 459 2865 st
483 2841 568 2866 reus
590 2831 921 2867 condemnationem
944 2831 1078 2868 subeat.

262 2875 310 2910 H.
358 2874 400 2910 Si
423 2876 504 2921 quis
527 2879 646 2911 autem
669 2887 719 2913 ex
743 2876 968 2922 litiqantibus
991 2876 1127 2913 dixerit
1149 2888 1188 2914 se
1211 2877 1350 2914 dedisse
1372 2876 1485 2913 alicui
1505 2876 1562 2914 vel
1581 2876 1804 2923 promisisse,
1839 2878 1876 2912 et
1891 2885 2091 2922 personam
2121 2874 2360 2911 nominaverit

174 3013 194 3046 2
208 3007 256 3045 ὥς
269 3010 367 3044 om.L
377 3009 390 3054 ΙΙ
403 3006 426 3053 ἡ
439 3022 497 3043 om.
506 3010 558 3042 B!
570 3009 583 3053 ΙΙ
601 3011 620 3044 3
635 3013 827 3054 παρουσίᾳ]
846 3012 884 3045 ἐν
897 3015 1076 3056 παρουσίᾳ
1086 3013 1144 3055 (id.
1157 3013 1209 3054 16)

130 3058 326 3091 Haloander
337 3054 418 3109 (Bt)
434 3054 447 3099 ΙΙ
467 3057 486 3088 5
502 3051 620 3099 χάριν]
644 3053 745 3100 χώρα
757 3056 916 3090 Nomoc.m
933 3058 945 3094 ΙΙ
963 3054 986 3112 ἢ
1003 3055 1114 3100 ἄλλῳ]
1131 3057 1212 3100 ipsis

129 3103 181 3135 vel
204 3101 264 3135 alii
287 3113 307 3138 ς
324 3101 336 3145 ΙΙ
353 3102 374 3135 6
391 3100 481 3145 υπὲρ
495 3119 537 3124 -
550 3099 691 3143 τρόπον
715 3113 774 3136 om.
794 3102 839 3134 Βο
857 3101 870 3145 ΙΙ
891 3103 911 3136 8
929 3099 965 3135 δι
1000 3116 1057 3136 om.
1072 3103 1121 3136 Β8
1137 3115 1165 3135 υ.
1178 3103 1209 3143 L,

130 3149 290 3182 Nomocan
312 3147 324 3189 ss
341 3147 452 3190 μέσου
468 3158 527 3180 om.
540 3146 701 3180 Nomoc.m
713 3158 767 3189 pr.
785 3145 798 3189 ΙΙ
816 3148 856 3181 11
875 3142 979 3191 ἅπερ]
998 3147 1119 3189 quibus
1135 3148 1210 3189 Iul„

129 3195 213 3227 unde
235 3190 355 3236 οἶςπερ
380 3192 576 3225 Haloander
604 3191 660 3234 (cf.
687 3191 807 3224 Theod.
832 3194 939 3236 χωρὶς
961 3192 1039 3226 τῶν
1062 3203 1210 3238 συνηγο-

129 3238 241 3282 ρικῶν
269 3238 330 3270 καὶ
358 3236 437 3270 τῶν
461 3234 501 3276 ἐξ
525 3234 633 3269 ἔθους
656 3232 870 3279 διδομένων)
892 3239 903 3279 ΙΙ
931 3239 971 3271 12
995 3237 1210 3280 προςτάττο-

128 3296 196 3326 μεν
212 3296 270 3316 om.
283 3282 412 3316 B‘Ecl.
428 3281 441 3326 ΙΙ
464 3283 501 3315 13
517 3281 756 3314 constitetoriw
771 3282 817 3314 M
834 3277 1058 3326 ἀκροατηρίῳ
1079 3283 1124 3315 M
1129 3295 1154 3315 s.
1169 3295 1210 3323 v.,

129 3329 165 3362 B
183 3328 195 3366 ll
212 3327 475 3361 uovsultationes
491 3327 534 3360 M
554 3323 775 3360 συνελεύσεις
787 3326 823 3359 Β
846 3325 1045 3360 συνέλευσις
1068 3340 1094 3359 s.
1106 3339 1136 3359 v.
1151 3328 1183 3360 L
1198 3327 1211 3371 ΙΙ

129 3370 336 3419 εἰσάγονται
355 3373 384 3406 L
400 3371 413 3416 ΙΙ
434 3373 474 3407 16
496 3368 649 3405 δύναται
673 3372 722 3404 B⁶
748 3367 932 3405 δύνωνται
956 3371 1006 3404 B!
1039 3368 1211 3405 δύνονται

130 3420 160 3451 L
179 3420 191 3459 ss
217 3420 254 3452 18
273 3415 312 3450 δὲ
330 3431 388 3450 om.
403 3418 453 3451 La
470 3416 483 3462 ss
504 3420 544 3452 19
562 3415 758 3456 ταξεωτῶν
771 3416 822 3449 B‘
868 3419 910 3450 26
927 3419 1116 3460 συμβαίνει
1133 3417 1183 3449 B!
1200 3415 1211 3458 ΙΙ

130 3465 171 3497 27
189 3462 270 3496 τοὺς
289 3458 424 3507 ὅρκους]
445 3461 676 3495 iusiurandum
697 3473 717 3498 ς
734 3460 747 3505 ΙΙ
762 3462 806 3496 33
854 3459 972 3503 ελήσει
987 3462 1029 3494 M
1036 3462 1209 3502 Nomocffl]

129 3507 268 3550 θελήσῃ
294 3509 367 3541 LB
396 3513 408 3551 ΙΙ
437 3509 479 3542 35
505 3503 695 3549 ὑπομείνοι
718 3507 751 3540 L
789 3502 960 3550 ὑπομένει
986 3506 1035 3539 13⁶
1061 3505 1074 3549 ΙΙ
1106 3507 1148 3540 36
1173 3506 1211 3538 ἐκ

130 3567 188 3586 οηι.
199 3555 229 3586 L
246 3543 259 3597 [Ι
276 3551 371 3586 εἴποι
387 3553 437 3586 Β*
452 3566 480 3586 υ.
491 3555 511 3587 1.
528 3552 540 3596 ΙΙ
560 3549 743 3585 δεδυκέναι
760 3552 807 3585 B⁶
825 3553 837 3595 ΙΙ
852 3554 925 3585 τινὶ
936 3550 1023 3592 L²cl
1047 3553 1144 3584 τισὶν
1161 3551 1212 3584 B‘

129 3610 165 3631 τι
183 3597 352 3640 ML¹B⁸s,
370 3611 429 3631 om.
443 3598 493 3631 Β*
507 3610 536 3631 υ.
551 3600 583 3639 1.,
599 3598 663 3631 Iul.
681 3599 727 3637 (in
744 3597 906 3632 Nemee-”⁸
923 3598 1010 3632 locus
1023 3604 1121 3640 parte
1127 3596 1213 3640 solii

131 3645 259 3677 abscisa
276 3644 390 3687 periit)
408 3642 420 3687 ΙΙ
439 3644 480 3677 37
505 3641 641 3682 ἐξείποι
664 3642 714 3676 B·

1347 3013 1366 3046 2
1391 3013 1486 3054 quos]
1510 3020 1733 3053 quoscumque
1757 3009 1943 3042 iudicantes
1962 3009 2015 3042 Ra
2041 3008 2054 3053 ss
2084 3008 2192 3042 medio
2218 3009 2262 3050 T]
2291 3019 2358 3042 me-

1278 3056 1370 3090 dium
1395 3057 1561 3099 RVvulq.
1592 3055 1605 3098 ΙΙ
1634 3056 1654 3089 3
1680 3054 1873 3096 euangelica
1894 3054 1947 3087 T*
1974 3053 1988 3097 ΙΙ
2015 3054 2038 3087 4
2060 3055 2120 3086 aut
2143 3054 2204 3087 del.
2229 3054 2325 3088 Beck
2346 3053 2360 3101 fl

1279 3104 1298 3135 5
1323 3101 1400 3134 aliis
1423 3100 1532 3134 R¹V²
1547 3100 1559 3145 ΙΙ
1587 3102 1606 3134 7
1626 3099 1679 3133 vel
1695 3109 1754 3142 per
1767 3101 1813 3140 se]
1838 3098 1891 3131 vel
1914 3111 1973 3132 om.
1987 3098 2021 3131 R
2037 3097 2050 3142 ΙΙ
2067 3097 2171 3131 alium
2196 3098 2244 3132 R*
2261 3099 2274 3144 ΙΙ
2291 3109 2358 3133 me·

1278 3147 1366 3180 diam
1389 3154 1630 3188 quamcumque
1650 3145 1713 3178 VT
1725 3143 1737 3187 ΙΙ
1763 3145 1782 3178 8
1806 3143 1899 3186 prius
1921 3143 1969 3176 R¹
1988 3143 2000 3187 ΙΙ
2027 3144 2067 3178 10
2092 3143 2172 3177 haec
2191 3144 2321 3189 Rvuly.
2344 3143 2358 3189 ΙΙ

1282 3194 1318 3226 11
1346 3194 1379 3225 et
1402 3203 1462 3224 om.
1487 3189 1542 3233 ΤΙΙ
1562 3190 1602 3223 12
1626 3189 1770 3231 quando]
1794 3189 1846 3230 qui
1864 3190 1884 3222 i.
1899 3201 1925 3222 e,
1950 3188 2107 3230 quoniam
2132 3188 2182 3222 R¹
2197 3187 2209 3234 ΙΙ
2228 3190 2277 3231 ut]
2300 3191 2360 3224 ant

1280 3236 1327 3270 ΕΙ
1351 3236 1364 3280 ΙΙ
1394 3237 1435 3270 14
1459 3234 1638 3276 contigerit
1666 3235 1698 3267 T
1730 3243 1798 3266 non
1822 3234 2001 3275 contigerit
2025 3233 2075 3267 Β*
2110 3234 2252 3276 contigit
2277 3234 2326 3268 Β*
2346 3232 2360 3280 ΙΙ

1278 3281 1407 3323 aliquid
1428 3280 1476 3314 V¹
1495 3280 1507 3322 ΙΙ
1525 3281 1564 3313 15
1580 3279 1695 3312 uenire
1717 3278 1865 3323 V³vul9.
1882 3280 1894 3321 ΙΙ
1915 3281 1955 3313 16
1969 3278 2010 3311 ad
2027 3291 2086 3312 om.
2105 3279 2136 3311 V
2150 3278 2163 3324 ΙΙ
2182 3281 2220 3314 17
2237 3278 2359 3322 aliquis

1284 3326 1333 3359 Τι
1358 3327 1370 3369 ΙΙ
1394 3326 1435 3359 19
1459 3324 1638 3367 praebeant
1666 3325 1697 3358 T
1715 3323 1728 3367 ΙΙ
1753 3324 1791 3358 21
1820 3324 2032 3357 consueuerit
2057 3324 2090 3357 T
2109 3323 2121 3367 ΙΙ
2139 3325 2180 3358 24
2205 3324 2359 3358 abscento

1283 3371 1331 3404 T¹
1346 3370 1358 3414 ΙΙ
1386 3372 1427 3405 25
1452 3370 1488 3402 in
1514 3382 1571 3402 om.
1602 3369 1633 3403 V
1654 3368 1666 3413 ΙΙ
1681 3369 1886 3412 prouintiam
1909 3368 2006 3413 RVu
2031 3368 2069 3401 in
2093 3382 2152 3404 om.
2179 3370 2212 3403 T
2231 3370 2244 3413 ΙΙ
2267 3368 2358 3411 degit

1524 3415 1530 3421 .
2218 3415 2228 3427 r
2253 3417 2271 3436 Β

1278 3414 1810 3502 ῗέέὲίέἱιὲιη“ἳῖΐοὲἷίιῖῗ“ἕίι“ἕέ
1830 3413 2267 3501 ὲῖἓέἶὲἓῖιιῗῖἓῗέῗέιηῗ,
2290 3413 2358 3502 ἱέἤῑ

1279 3507 1320 3540 29
1346 3504 1538 3538 huiusmodi
1562 3504 1795 3539 iusiurandum
1820 3517 1877 3538 om.
1901 3504 1933 3537 V
1959 3503 1971 3548 ΙΙ
1998 3504 2175 3536 iurandum
2202 3503 2285 3549 T¹fl
2313 3503 2355 3538 30

1279 3552 1322 3592 et]
1346 3561 1386 3584 ex
1406 3551 1453 3585 V¹
1472 3551 1485 3595 ΙΙ
1511 3552 1553 3585 36
1578 3550 1703 3584 dedisse
1727 3562 1784 3584 om.
1799 3549 1833 3583 R
1853 3549 1866 3594 ΙΙ
1890 3550 1932 3583 37
1956 3548 2150 3592 promixisse
2174 3549 2207 3583 R
