2476 3854
111 83 222 127 Nov.
253 83 437 128 CXXIII
466 86 533 127 34.
564 85 618 126 35

1181 79 1262 128 618

1941 97 2004 129 DE
2031 96 2334 131 SANCTISSIMIS

1051 194 1208 231 CAPUT
1231 194 1400 231 XXXIV.

179 258 381 306 Κελεύομεν
412 264 535 296 τοίνυν
565 260 633 294 τὸν
657 258 782 306 ἆββᾶν
812 255 837 304 ἢ
866 260 935 295 τὸν
962 258 1193 308 ἆρχιμανδρί-

111 318 179 349 την
203 307 242 339 ἐν
262 306 403 350 ἑκάστῳ
426 308 658 351 μοναστηρίῳ
684 304 958 350 προβάλλεσθαι
976 307 1026 350 μὴ
1044 305 1194 342 πάντως

111 349 205 384 κατὰ
227 351 307 385 τοὺς
329 351 498 395 βαθμοὺς
519 351 597 385 τῶν
619 352 803 395 μοναχῶν,
827 347 908 384 ἀλλ’
934 348 980 385 ὃν
1002 352 1136 387 πάντες
1158 350 1196 387 οἱ

109 398 263 439 μοναχοὶ
286 393 307 438 ἢ
330 395 366 429 οἱ
386 394 570 430 καλλίονος
593 391 807 441 ὑπολήψεως
831 393 934 430 ὄντες
955 395 1192 440 ἐπιλέξονται,

111 443 359 487 προκειμένων
381 441 460 475 τῶν
484 437 601 487 ἁγίων
624 437 844 487 εὐαγγελίων
867 439 1039 487 λέγοντες,
1062 440 1111 476 ὠς
1133 441 1192 476 οὐ·

111 482 152 518 δὲ
183 482 243 518 διὰ
275 484 400 531 φιλίαν
429 483 453 529 ἢ
485 482 536 519 δι’
564 483 677 528 ἄλλην
707 483 928 529 οἱανδήποτε
952 486 1069 532 χάριν,
1099 483 1192 521 ἀλλὰ

109 528 347 576 γινώσκοντες
371 527 486 565 αὐτὸν
508 533 569 564 καὶ
591 531 636 576 τῇ
661 534 784 565 πίστει
808 527 929 576 ὀρθὸν
959 535 1019 565 καὶ
1043 533 1096 575 τῷ
1120 536 1191 577 βίῳ

111 574 284 620 σώφρονα
307 576 446 618 καὶτῆς
465 573 672 619 διοικήσεως
694 575 799 616 ἄξιον
821 578 881 610 καὶ
897 573 1100 621 δυνάμενον
1122 576 1193 620 τὴν

110 620 187 653 τῶν
207 621 381 674 μοναχῶν
415 620 618 664 ἐπιστήμην
648 623 709 654 καὶ
731 622 857 656 πᾶσαν
886 621 956 665 τὴν
985 622 1050 656 τοῦ
1080 635 1191 666 μονα-

1329 261 1497 298 Iubernus
1526 261 1633 307 igitur
1662 261 1829 298 abbatem
1863 263 1927 299 aut
1957 260 2270 298 archimandritam
2298 260 2338 297 in

1261 316 1477 352 unoquoque
1506 307 1720 343 monasterio
1750 307 1907 344 ordinari
1938 317 2010 343 non
2039 306 2181 342 omnino
2210 315 2337 342 secun-

1261 352 1344 387 dum
1367 351 1516 396 gradum
1537 353 1812 396 monachorum,
1843 352 1908 388 sed
1930 362 2053 388 omnes
2076 350 2242 387 monachi
2265 360 2338 386 me-

1260 396 1359 432 lioris
1385 396 1561 441 opinionis
1585 398 1775 433 existentes
1800 397 1948 442 eligant,
1979 396 2172 442 propositis
2203 395 2338 432 sanctis

1228 445 1247 478 5
1261 441 1450 486 evangeliis
1484 441 1662 485 dicentes,
1699 442 1784 488 quia
1818 452 1934 487 neque
1967 446 2116 487 propter
2149 441 2339 476 amicitiam

1261 489 1325 522 aut
1354 486 1461 522 aliam
1493 488 1686 532 quamlibet
1714 487 1883 532 gratiam,
1917 488 1979 523 sed
2008 487 2161 522 scientes
2193 496 2273 521 eum
2301 486 2340 520 et

1260 531 1330 567 fide
1352 534 1490 567 rectum
1521 536 1558 568 et
1579 532 1651 568 vita
1675 536 1812 568 castum
1844 536 1879 568 et
1907 531 2165 576 gubernatione
2194 531 2340 575 dignum

1261 580 1297 612 et
1331 577 1393 621 qui
1426 577 1541 622 possit
1574 577 1831 613 monachorum
1866 577 2089 622 disciplinam
2127 578 2165 611 et
2199 585 2338 611 omnem

1260 621 1465 657 monasterii
1495 625 1626 658 statum
1656 622 1791 658 utiliter
1819 622 1998 659 custodire
2029 631 2109 657 eum
2139 620 2338 665 elegerunt3

110 668 255 709 στηρίου
279 677 506 699 καταστασιν
535 669 717 719 χρησίμωέ
748 664 908 721 φυλοὶξμέἱ
935 663 1048 701 αὐτὸν
1072 666 1191 702 έπελέ-
1207 670 1247 702 10
1261 667 1524 703 sanctissimum
1552 669 1673 703 autem
1702 668 1928 713 episcopum,
1962 667 2029 703 Sub
2061 676 2130 711 quo
2161 667 2338 702 monaste-

111 709 239 749 ξαντο·
261 711 326 744 τοῦ
350 708 556 744 ὁσιωτάτου
579 712 780 745 έπισκοπου
803 709 853 757 ὑφ
885 724 931 745 ον
953 712 996 746 τὸ
1012 711 1191 756 μοναστή-

110 767 189 808 ριον
211 757 382 789 τέτακται
408 755 477 789 τὸν
499 752 614 789 οὕτως
642 754 897 802 ἐπιλεγόμενον
927 757 1020 791 πᾶσι
1042 755 1192 804 τρόποις

109 799 311 853 ηγούμενον
334 799 638 846 προβαλλομένου.
679 802 797 835 ταῦτα
821 799 861 835 δὲ
882 799 1007 836 πάντα
1030 801 1077 837 τὰ
1100 799 1189 848 παρ’

109 845 215 888 ημῶν
240 843 526 880 διατυπωθέντα
554 843 616 879 διὰ
638 845 707 888 τὴν
730 844 916 891 προβολὴν
943 848 1022 881 τῶν
1044 846 1192 903 ἡγουμέ-

1259 712 1351 747 rium
1375 712 1607 748 constitutum
1630 716 1695 756 est,
1723 723 1805 749 eum
1828 712 1890 758 qui
1911 712 1964 748 ita
1987 712 2121 748 electus
2143 714 2198 746 est
2225 710 2336 746 omni-

1260 758 1328 793 bus
1362 757 1476 792 modis
1509 757 1677 792 abbatem
1712 757 1886 794 ordinare.
1936 757 2036 792 Haec
2070 759 2189 791 autem
2220 755 2339 791 omnia

1260 812 1351 847 quae
1385 812 1408 838 a
1442 802 1546 838 nobis
1581 802 1755 847 disposita
1785 806 1870 838 sunt
1899 806 2046 847 propter
2077 801 2338 837 ordinationem

1260 847 1432 882 abbatum
1462 847 1580 883 valere
1607 847 1845 893 praecipimus
1876 851 1912 883 et
1941 847 1981 883 in
2002 846 2262 883 venerabilibus
2284 845 2338 881 fe-

109 902 188 924 νων
219 893 364 935 κρατεῖν
397 887 722 937 παρακελευόμεθα
757 894 818 925 καὶ
853 892 913 927 ἐπὶ
947 896 1020 927 τοῖς
1050 895 1192 940 ευαγέσι
1208 896 1248 928 15
1261 893 1437 928 minarum
1459 893 1684 929 monasteriis
1707 897 1744 930 et
1765 892 1963 929 asceteriis.

108 935 186 970 τῶν
207 935 392 983 γυναικῶν
413 939 668 981 μοναστηρίοιε
689 939 751 970 καὶ
774 933 1011 983 ἀσκητηρίοις.

1055 1027 1214 1064 CAPUT
1238 1027 1387 1065 XXXV.

177 1091 231 1126 Εἴ
256 1103 311 1127 τις
341 1090 382 1127 δὲ
411 1093 460 1127 εἰς
485 1092 686 1138 μοναχικὸν
714 1095 797 1138 βίον
829 1092 955 1128 ἐλθεῖν
982 1093 1191 1138 βουληθείη,

109 1136 309 1182 κελεύομεν,
343 1139 404 1172 ἵνα
437 1138 570 1193 εἷςμιξν
595 1137 777 1193 γνώριμός
811 1140 912 1174 ἐστιν
946 1135 1006 1173 ὅτι
1040 1137 1190 1185 οὐδεμιᾷ

1326 1095 1364 1131 Si
1394 1094 1473 1141 quis
1503 1097 1622 1131 autem
1653 1094 1699 1131 ad
1721 1093 1968 1131 monachicam
1997 1093 2105 1129 vitam
2134 1093 2255 1131 venire
2276 1104 2338 1130 vo-

1260 1141 1380 1185 luerit,
1414 1141 1593 1184 iubemus,
1630 1139 1663 1176 si
1698 1140 1839 1185 quidem
1872 1146 1978 1176 notus
2013 1142 2069 1175 est
2102 1139 2187 1185 quia
2219 1140 2339 1175 nullae

108 1182 197 1230 τύχῃ
229 1181 436 1226 ὑπόκειται,
471 1196 491 1217 ο
524 1195 718 1230 ηγουμενος
752 1185 816 1219 τοῦ
852 1188 1092 1231 μοναστηρίου
1129 1181 1192 1220 ὅτε
1260 1185 1428 1222 fortunae
1456 1185 1634 1229 subiacet,
1666 1185 1778 1222 abbas
1810 1185 2017 1222 monasterii
2047 1185 2078 1220 si
2105 1185 2339 1230 perspexerit,

108 1226 248 1263 συνίδοι
271 1228 314 1263 τὸ
340 1230 460 1274 σχῆμα
478 1225 584 1282 (αὐτῷ
610 1229 808 1283 παράσχοι,
835 1227 930 1285 εἰῖδὲ
950 1229 1191 1283 μὴ·γνωρι’ζε-
1205 1234 1248 1266 20
1261 1232 1404 1267 schema
1434 1230 1467 1267 ei
1498 1231 1680 1276 praebeat.
1728 1230 1767 1266 Si
1797 1241 1878 1266 vero
1909 1241 1982 1267 non
2013 1229 2242 1274 cognoscitur
2275 1233 2339 1265 aut

107 1286 170 1308 ται
193 1273 225 1307 εἰ
248 1271 444 1318 οἱᾳδήποτε
467 1285 657 1309 υποκειται
679 1288 780 1322 τυχῃ,
805 1276 906 1309 ἐντος
928 1287 1044 1319 τριων
1075 1277 1192 1310 ἐνιαυ-

107 1320 187 1352 τῶν
215 1318 265 1363 μὴ
297 1319 501 1364 λαμβάνειν
532 1316 645 1354 αὐτὸν
679 1319 723 1353 τὸ
754 1321 873 1364 σχῆμα
907 1319 951 1354 τὸ
981 1318 1191 1364 μοναχικόν,

109 1360 191 1398 ἀλλ’
217 1363 321 1399 ἐντὸς
351 1366 417 1399 τοῦ
448 1365 632 1418 εἰρημένου
663 1364 792 1410 χρόνον
824 1361 1095 1411 ἀποπειράσθω
1129 1367 1192 1410 τῆς

107 1409 237 1444 τούτου
253 1406 482 1456 ἀναστροφῆς
496 1422 515 1443 ο
533 1410 598 1443 τοῦ
619 1413 863 1456 μοναστηρίου
893 1407 1083 1457 (γούμενος.
1131 1415 1191 1445 καὶ

108 1455 139 1488 εἰ
162 1454 265 1488 ἐντὸς
288 1459 442 1500 τριετίας
466 1452 610 1501 ἀναφυῇ
626 1466 679 1490 τις
696 1453 812 1502 λέγων
835 1453 858 1499 ἢ
881 1423 904 1490 δ

108 1499 173 1534 νὸν
196 1498 220 1543 ἢ
245 1501 503 1547 ἐναπόγραφον
525 1498 619 1534 ἴδιον
642 1501 773 1535 τοῦτον
795 1500 900 1546 εἶναι,
923 1499 947 1544 ἢ
961 1504 1022 1535 καὶ
1040 1512 1089 1536 ως
1106 1500 1189 1548 φεύ-

107 1558 220 1591 γοντα
254 1545 324 1589 τὴν
357 1549 537 1592 γεωργίαν
569 1542 593 1588 ἢ
629 1541 677 1579 ὥς
711 1558 749 1580 τι
784 1545 971 1590 κλέψαντα
1004 1543 1028 1590 ἢ
1064 1544 1124 1581 διά
1152 1561 1189 1582 τι

108 1593 272 1634 πταῖσμα
296 1591 343 1624 εἰς
366 1591 408 1625 τὸ
431 1590 673 1635 μοναστήριον
697 1587 812 1626 αὐτὸν
831 1590 1106 1635 εἰςεληλυθέναι,
1129 1595 1190 1626 καὶ

107 1636 223 1670 ταῦτα
240 1633 489 1679 ἀποδειχθείη,
510 1636 564 1678 τῷ
591 1633 673 1678 ἰδίῳ
692 1633 851 1684 δεσπότῃ
874 1637 1006 1671 τοῦτον
1023 1635 1191 1672 ἀποκαθ-

1262 1276 1408 1312 cuilibet
1429 1276 1597 1311 fortunae
1620 1275 1800 1320 subiacet,
1827 1276 1925 1312 intra
1947 1278 2021 1312 tres
2044 1285 2159 1311 annos
2180 1284 2255 1310 non
2276 1284 2338 1311 ac-

1262 1321 1380 1367 cipere
1410 1331 1490 1357 eum
1513 1321 1658 1357 schema
1680 1321 1946 1365 monachicum,
1980 1323 2018 1356 et
2039 1320 2135 1356 intra
2164 1329 2338 1356 memora-

1259 1370 1335 1402 tum
1358 1370 1500 1412 tempus
1523 1367 1727 1411 experiatur
1754 1366 1859 1402 huius
1883 1365 2185 1402 conversationem
2214 1375 2337 1400 mona-

1260 1412 1358 1447 sterii
1373 1411 1528 1457 praesul.
1572 1412 1622 1447 Et
1639 1412 1671 1448 si
1687 1413 1783 1447 intra
1799 1411 1992 1447 triennium
2008 1410 2191 1446 emerserit
2210 1410 2338 1463 aliquis

904 1454 1012 1490 οὖλον
1034 1454 1069 1510 ²²1⁸t
1080 1455 1189 1491 κολω-
1204 1459 1245 1492 25
1259 1456 1382 1493 dicens
1417 1461 1480 1492 aut
1507 1466 1647 1493 servum
1681 1460 1745 1493 aut
1775 1456 1941 1492 colonum
1974 1460 2039 1491 aut
2071 1455 2338 1501 adscripticium

1259 1513 1362 1538 suum
1385 1502 1482 1538 hunc
1498 1511 1587 1546 esse,
1612 1506 1676 1537 aut
1698 1502 1805 1538 etiam
1827 1505 2009 1546 tamquam
2031 1500 2224 1545 fugientem
2246 1501 2338 1544 agri-

1259 1548 1435 1583 culturam
1470 1551 1533 1583 aut
1565 1548 1668 1592 quasi
1701 1547 1835 1593 aliquid
1865 1546 2061 1592 rapientem
2094 1549 2159 1581 aut
2190 1549 2339 1591 propter

1257 1593 1412 1637 aliquam
1431 1593 1574 1638 culpam
1591 1592 1630 1628 in
1644 1592 1899 1628 monasterium
1921 1602 2002 1627 eum
2024 1592 2233 1636 ingressum,
2256 1601 2337 1636 pro-

1259 1637 1338 1683 prio
1363 1637 1504 1674 domino
1527 1638 1625 1674 hunc
1649 1638 1790 1675 restitui
1810 1647 1891 1673 cum
1912 1638 2021 1673 rebus
2051 1646 2142 1682 quas
2165 1636 2339 1682 probatur

108 1681 288 1715 ίστασθαι
309 1681 402 1726 μετὰ
425 1682 503 1716 τῶν
521 1679 749 1727 πραγμάτων
772 1678 866 1727 ἅπερ
891 1679 1052 1725 δειχθείη
1076 1682 1125 1717 εἰς
1145 1682 1188 1717 τὸ
1203 1685 1245 1718 30

174 1773 259 1806 Ante
282 1785 308 1806 c.
330 1773 505 1807 XXXIV
521 1773 554 1805 in
578 1771 612 1805 L
635 1772 787 1805 inseritur
810 1773 954 1807 novellae
977 1773 1011 1807 V
1025 1785 1052 1807 c.
1073 1775 1088 1808 1
1115 1774 1186 1815 (ubi
1206 1775 1285 1816 vid.)
1309 1787 1349 1809 ex
1371 1775 1407 1808 Β
1431 1777 1511 1817 4,1,
1527 1782 1558 1816 1,
1583 1775 1640 1808 ubi
1661 1773 1744 1807 idem
1767 1780 1867 1816 caput
1882 1773 2054 1816 praeeedit
2077 1773 2170 1806 huius
2193 1773 2339 1806 novellae

108 1829 135 1851 c.
160 1819 317 1852 34—44.

175 1863 230 1896 Ex
250 1863 282 1896 B
303 1876 329 1896 e.
346 1863 695 1896 XXXIV—XLIII
708 1864 827 1906 paucis
846 1863 974 1897 mutatis
990 1864 1085 1897 habet
1099 1864 1229 1907 Ecloqa
1244 1864 1330 1898 Bas.
1349 1866 1403 1899 lib.
1418 1865 1535 1907 I—X‚
1561 1877 1586 1897 c.
1602 1864 1715 1896 XXX
1722 1863 1864 1896 V—XL
1881 1861 2061 1896 Nomoc.‘¹m
2072 1863 2132 1896 XI
2139 1863 2225 1897 Vtit.
2241 1865 2294 1906 11,
2307 1871 2336 1903 13

107 1916 297 1952 aryumenta
319 1921 347 1942 c.
371 1908 506 1941 XXXI
512 1908 679 1941 V—XL'I
698 1910 800 1952 refert
822 1908 872 1941 B³
890 1910 934 1942 M
948 1910 1001 1950 17,
1014 1915 1032 1943 2
1052 1921 1088 1952 p.
1101 1911 1166 1943 507
1184 1910 1304 1952 Zach„
1330 1923 1355 1944 c.
1369 1912 1483 1944 XXX
1492 1909 1631 1943 V-XL
1655 1909 1788 1943 Nomoc.
1801 1909 1904 1942 XIV
1921 1910 1967 1942 tit.
1991 1910 2044 1950 11,
2057 1915 2082 1942 1.

174 1966 200 1987 c.
225 1953 380 1987 XXXV
396 1965 435 1987 ex
458 1953 495 1986 B
519 1955 635 1997 repetit
656 1952 838 1987 Nemeam
857 1954 918 1987 XI
924 1954 1015 1988 Vtie.
1029 1955 1061 1997 9,
1075 1961 1121 1988 32.
1168 1954 1300 1988 Initium
1324 1963 1444 1989 tantum
1470 1957 1623 1999 inteqrum
1647 1954 1704 1996 (—
1729 1954 1772 1995 22
1795 1950 1840 1986 τὸ
1863 1950 2064 1997 μοναχικὸν
2086 1952 2228 1996 σχῆμα),
2262 1953 2339 1987 reli-

104 2011 240 2052 quorum
265 2000 370 2033 brevis
393 1999 528 2042 epitome
551 2005 598 2032 est
621 2000 655 2033 in
679 1999 709 2032 S
730 1999 867 2042 indeque
891 2000 924 2033 in
947 1999 1081 2033 Nomoe.
1095 1999 1127 2033 L
1141 2001 1187 2034 tit.
1201 2000 1244 2034 33
1253 2012 1290 2043 p.
1304 2002 1370 2035 639
1391 2001 1491 2035 Voell.
1505 2019 1550 2025 -
1573 2000 1725 2033 Summas
1743 2005 1917 2042 praestant
1934 1998 2067 2033 Nomoc.
2080 1998 2141 2031 XI
2148 1998 2234 2032 Vtit.
2247 1999 2338 2041 11‚3,

112 2045 198 2078 Ροπ.
212 2045 266 2086 26,
280 2052 329 2083 12;
353 2044 431 2078 Aua.
455 2056 607 2078 summam
631 2051 777 2087 repetunt
794 2044 961 2087 paratitlo
983 2045 1061 2078 Aeh.
1077 2046 1118 2079 18
1137 2050 1188 2084 §1.

240 2131 406 2167 XXXIV.
455 2129 625 2168 Iubemus
648 2133 761 2178 iqitur
784 2132 948 2169 abbatem
972 2134 1027 2169 vel
1049 2134 1371 2169 archimandritam
1394 2133 1433 2168 in
1448 2132 1602 2178 sinqulis
1625 2133 1855 2168 monasteriis
1877 2142 1952 2167 non
1976 2131 2122 2167 omnino
2145 2130 2340 2167 secundum

103 2177 243 2224 qradus
266 2176 526 2213 monachorum
549 2179 671 2213 creari
718 2177 784 2213 sed
806 2188 910 2224 quem
940 2180 1062 2215 cuncti
1082 2178 1253 2214 monachi
1280 2178 1337 2214 vel
1362 2178 1426 2224 qui
1447 2177 1608 2213 melioris
1630 2177 1910 2213 existimationis
1931 2180 2018 2212 sunt
2043 2175 2227 2222 eleqerint,
2252 2187 2338 2223 pro-

101 2222 234 2269 positis
263 2223 399 2259 sanctis
428 2222 624 2269 evangeliis

655 2206 812 2259 dicentes
848 2234 887 2260 se
916 2234 992 2259 non
1020 2228 1175 2271 propter
1206 2223 1402 2259 amicitiam
1432 2222 1490 2259 vel
1518 2221 1629 2258 aliam
1660 2222 1772 2257 ullam
1802 2222 1980 2268 qratiam,

2014 2220 2080 2257 sed
2102 2221 2203 2267 quod
2223 2222 2340 2258 sciant

103 2277 181 2303 esse
203 2278 283 2304 eum
314 2271 351 2303 et
370 2267 458 2312 fidei
481 2272 603 2303 rectae
626 2272 663 2304 et
685 2268 779 2304 vitae
803 2272 927 2304 castae
957 2272 993 2305 et
1015 2269 1327 2305 administratione
1350 2268 1500 2314 diqnum
1530 2271 1566 2303 et
1588 2267 1652 2314 qui
1677 2268 1797 2314 possit
1826 2267 2088 2303 monachorum
2110 2265 2339 2313 disciplinam

103 2323 313 2358 omnemque
335 2313 545 2349 monasterii
566 2316 700 2349 statum
723 2313 862 2349 utiliter
886 2313 1080 2357 custodire,
1103 2325 1183 2350 eum
1206 2313 1376 2360 εἰσῄει-α
1406 2316 1517 2359 atque
1539 2312 1787 2348 sanctissimus
1810 2312 2014 2358 episcopus,
2037 2310 2102 2347 sub
2121 2322 2194 2358 quo
2216 2322 2339 2348 mona-

103 2359 251 2393 sterium
277 2358 510 2394 constitutum
534 2361 603 2401 est,
634 2369 715 2395 eum
739 2359 803 2404 qui
831 2360 883 2394 ita
906 2359 1039 2395 electus
1061 2363 1116 2395 est
1146 2359 1310 2395 omnibus
1339 2358 1456 2394 modis
1487 2357 1649 2394 abbatem
1679 2360 1787 2394 creet.
1834 2356 1938 2393 Haec
1960 2361 2079 2392 autem
2103 2356 2224 2393 omnia
2247 2367 2340 2403 quae

104 2414 127 2439 a
156 2403 261 2438 nobis
289 2406 429 2439 statuta
459 2407 543 2439 sunt
574 2403 619 2439 de
648 2404 831 2440 creatione
859 2403 1046 2448 abbatum,
1076 2404 1187 2441 etiam
1216 2404 1255 2440 in
1291 2403 1553 2440 venerabilibus
1579 2403 1802 2449 feminarum
1834 2401 2065 2446 monasteriis
2093 2405 2129 2437 et
2157 2402 2340 2439 asceteriis

103 2448 224 2484 valere
246 2449 417 2485 iubemus.

238 2493 386 2529 XXXV.
434 2492 477 2530 Si
499 2494 580 2541 quis
603 2497 723 2530 autem
745 2494 796 2530 ad
817 2493 1065 2531 monachicam
1088 2496 1198 2531 vitam
1220 2505 1259 2531 se
1282 2494 1454 2540 conferre
1477 2493 1643 2536 voluerit,
1666 2491 1837 2535 iubemus,
1860 2491 1893 2528 si
1918 2491 2060 2538 quidem
2084 2492 2269 2539 coqnitum
2290 2492 2339 2528 sit

104 2549 183 2574 eum
215 2539 309 2574 nulli
334 2538 542 2575 condicioni
573 2539 770 2575 subiectum
801 2550 895 2582 esse,
928 2539 1133 2586 praesulem
1166 2539 1396 2581 monasterii,
1430 2549 1510 2575 cum
1541 2538 1575 2573 ei
1609 2538 1722 2572 visum
1755 2538 1820 2580 sit,
1856 2536 2016 2573 habitum
2048 2536 2104 2573 illi
2134 2541 2337 2584 praestare.

105 2583 173 2618 Sin
196 2588 315 2619 autem
346 2586 530 2631 coqnitum
552 2595 627 2620 non
649 2588 720 2628 est,
751 2596 837 2620 num
869 2585 938 2621 ulli
966 2585 1171 2621 condicioni
1199 2585 1379 2621 subiectus
1401 2584 1466 2626 sit,

760 2629 960 2666 raedictum
992 2635 1131 2677 tempus
1155 2630 1365 2677 praesulem
1397 2628 1609 2664 monasterii
1641 2628 1750 2663 vitam
1784 2627 1864 2663 eius
1892 2637 2066 2673 expertri.
2115 2626 2166 2663 Et
2195 2627 2230 2663 si
2257 2628 2340 2674 quis

742 2676 815 2711 icat
837 2686 917 2711 eum
940 2675 997 2712 vel
1016 2686 1155 2712 servum
1177 2675 1233 2712 vel
1254 2675 1421 2711 colonum
1444 2673 1501 2709 vel
1521 2673 1794 2719 adscripticium
1816 2683 1920 2708 suum
1939 2682 2027 2715 esse,
2050 2672 2107 2708 vel
2127 2673 2235 2709 etiam
2259 2682 2340 2708 cum

105 2631 180 2664 tum
210 2629 476 2672 monachicum,
510 2630 575 2665 sed
604 2630 704 2665 intra

104 2674 205 2709 intra
229 2674 421 2709 triennium
443 2675 606 2711 extiterit
629 2675 693 2721 qui

1495 2594 1565 2630 per
1588 2586 1662 2619 tres
1690 2593 1807 2617 annos
1837 2593 1911 2618 non
1942 2582 2107 2634 accae‘pere
2136 2593 2215 2618 eum
2238 2581 2339 2618 habi-

105 2718 368 2764 aqriculturam
389 2720 533 2766 fugerit
556 2720 612 2756 vel
634 2730 714 2755 cum
737 2719 826 2766 quid
870 2724 999 2756 aratus
1020 2721 1069 2756 sit
1091 2720 1148 2757 vel
1165 2724 1322 2767 propter
1345 2719 1514 2756 delictum
1538 2717 1689 2765 aliquod
1711 2718 1965 2753 monasterium
1988 2728 2069 2753 eum
2092 2718 2258 2761 intrasse,
2279 2727 2340 2753 ea-

104 2773 175 2809 que
198 2763 436 2809 comprobata
450 2766 535 2808 sint,
558 2764 703 2800 domino
727 2775 794 2801 suo
816 2765 879 2801 ile
901 2767 1117 2802 restituatur
1140 2776 1214 2801 una
1237 2776 1318 2801 cum
1332 2764 1440 2800 rebus
1459 2774 1551 2810 quas
1570 2764 1609 2798 in
1623 2763 1879 2799 monasterium
1897 2762 2144 2798 introduxisse
2158 2762 2340 2810 probatus

175 2855 192 2889 1
217 2855 354 2895 τοίνυν]
380 2850 420 2886 δὲ
442 2854 512 2887 LB
537 2854 549 2897 ΙΙ
578 2851 703 2897 οἷμβᾶν
724 2855 772 2888 Μ
800 2851 896 2898 ἇβᾶν
921 2855 973 2889 B!
1003 2852 1102 2899 ἇβάν
1124 2855 1157 2889 L

105 2900 127 2935 2
150 2898 192 2933 ἐν
216 2899 303 2940 MS]
327 2897 409 2932 τοὺς
432 2899 472 2931 ἐν
495 2899 565 2932 LB
581 2898 594 2941 ΙΙ
620 2902 639 2933 3
663 2898 745 2933 τοὺς
767 2899 946 2944 βαθμοὺς]
971 2901 1113 2942 gradum
1136 2912 1156 2937 ς

103 2943 288 2989 μοναχῶν]
310 2939 402 2976 ἀλλὰ
422 2943 515 2976 κατὰ
535 2941 600 2976 τὰς
624 2942 768 2988 πράξειε
792 2947 870 2979 add.
885 2946 915 2979 L
936 2950 989 2985 (ex
1006 2947 1140 2987 Tkeod„
1157 2953 1191 2979 ut

105 2992 184 3032 vid.)
202 2990 215 3033 ΙΙ
232 2985 278 3023 ὃν
294 3002 353 3022 om.
366 3001 386 3026 ς
401 2990 413 3032 ΙΙ
432 2990 452 3023 4
469 2985 504 3031 ἧ]
526 2990 587 3021 καὶ
603 2989 688 3031 Ecl.,
702 3002 788 3025 oms
805 2990 817 3033 ΙΙ
835 2988 1073 3030 ἐπιλέξωνται
1087 2991 1160 3025 Ecl.

106 3037 126 3069 5
151 3033 311 3081 λέγοντες
334 3042 409 3068 ante
431 3035 679 3078 προκειμένων
700 3035 771 3067 coll.
797 3035 988 3074 Nomocflm.
1013 3036 1157 3070 om.Ecl.

105 3076 190 3114 οὐδὲ
204 3081 335 3122 ΜΒσς]
367 3074 409 3113 οὗ
425 3078 590 3113 LBsEcl.
604 3078 784 3113 Nomoedm
795 3080 858 3113 Iul.
878 3079 891 3124 ΙΙ
907 3081 927 3113 6
941 3075 992 3113 δι’
1009 3081 1189 3116 om.LB⁶s

106 3127 198 3168 (Iul.)
212 3128 225 3169 ΙΙ
242 3122 361 3168 χάριν]
382 3125 505 3166 σχέσιν
518 3123 569 3157 Bt
582 3123 595 3167 ΙΙ
613 3126 630 3157 7
647 3123 715 3157 τὸν
729 3126 814 3168 βίον
825 3125 1005 3159 Nomocflm
1021 3124 1033 3169 ΙΙ
1055 3128 1095 3160 10
1107 3138 1188 3170 χρη-

106 3174 221 3215 σίμως
245 3184 303 3204 οπι.
318 3171 370 3204 B!
388 3170 401 3213 ss
431 3171 470 3203 15
495 3170 568 3202 τοῖς
590 3169 669 3202 τῶν
686 3170 872 3215 γυναικῶν
895 3165 1036 3215 εὗαγέσι
1060 3171 1089 3204 S
1111 3172 1123 3213 ΙΙ
1148 3173 1186 3205 17

105 3214 329 3260 μοναστικὸν
344 3215 397 3249 B!
412 3213 425 3259 ΙΙ
444 3216 482 3249 18
500 3214 532 3248 et
549 3227 607 3248 om.
623 3214 785 3249 Νοηιοε.”ι
797 3216 875 3256 9,32
894 3214 906 3258 ΙΙ
921 3213 1110 3260 γνώριμος]
1128 3212 1189 3258 δῆ-

106 3260 164 3295 Aloe
186 3262 213 3295 S
235 3259 398 3305 κληρικὸς
420 3258 574 3294 Nomoc.⁴¹
588 3260 621 3301 9,
634 3266 670 3294 32
687 3258 700 3303 ΙΙ
716 3255 872 3303 μηδεμιᾷ
898 3261 970 3292 Ecl.
989 3260 1001 3302 ΙΙ
1021 3262 1062 3294 19
1086 3259 1187 3302 τύχη]

106 3307 193 3349 τύχη
212 3303 355 3348 δουλικῆ
371 3306 403 3339 L
421 3305 434 3349 ΙΙ
452 3307 493 3339 20
518 3301 677 3339 συνείδοι
700 3306 728 3339 S
738 3317 771 3338 v.
782 3306 801 3338 Ι.
821 3304 834 3348 ΙΙ
849 3301 1018 3350 παράσχῃ
1033 3306 1106 3338 Ecl.
1119 3296 1187 3339 No-

107 3351 204 3386 moc.‘¹
225 3354 257 3393 9,
271 3359 305 3386 32
325 3351 337 3395 ΙΙ
351 3351 573 3397 γνωρίζηται
598 3350 626 3383 S
637 3351 786 3394 plerique
803 3349 816 3393 ΙΙ
833 3350 870 3383 21
898 3349 929 3382 εἰ
954 3349 1187 3384 BcsNomoan

107 3400 140 3439 9,
151 3399 199 3438 32]
224 3393 247 3439 ἢ
267 3398 339 3431 Ecl.
354 3409 374 3433 ς
397 3396 437 3430 ἐν
454 3397 613 3430 Νοηιοο.’”
631 3397 684 3437 11,
695 3403 722 3438 1,
738 3407 796 3429 om.
810 3394 915 3428 MLS
930 3394 942 3438 ΙΙ
960 3390 1189 3438 ὑποκείμενος

108 3444 137 3477 S
149 3456 230 3476 unus
246 3442 259 3487 ΙΙ
278 3444 321 3477 22
346 3440 472 3485 λαβεῖν
487 3441 648 3476 Νοηιοε.’”
662 3442 694 3483 9,
707 3448 743 3475 32
759 3440 772 3484 ΙΙ
789 3436 832 3473 τὸ
848 3438 1046 3483 μοναχικὸν
1070 3440 1189 3483 σχῆμα

109 3487 327 3522 SNomoc.‘¹¹'¹
341 3489 372 3529 9,
386 3495 422 3522 32
448 3486 461 3530 ΙΙ
489 3487 530 3520 23
556 3485 657 3520 ἐκτὸς
680 3486 841 3520 Νοιιιοε.”“
860 3487 892 3526 9,
905 3492 940 3520 32
967 3484 980 3529 ΙΙ
1007 3486 1051 3519 24
1075 3481 1186 3518 αὐτοῦ

108 3534 181 3566 Ecl.
198 3533 211 3577 ΙΙ
230 3535 271 3568 25
284 3543 339 3566 τις
355 3545 413 3566 οηι.
426 3531 475 3565 B!
493 3531 506 3575 ΙΙ
524 3529 700 3573 κολωνὸν]
718 3530 915 3575 μισθωτὸν
930 3529 1186 3564 LBNomoc.dm

111 3580 163 3620 11,
175 3587 203 3618 ις
221 3592 288 3612 av.
305 3576 385 3621 ἤτοι
400 3575 599 3620 μισθωτὸν
613 3577 655 3610 Μ
670 3577 683 3621 ΙΙ
699 3578 742 3611 26
757 3576 888 3610 τοῦτον
902 3571 996 3609 ἴδιον
1007 3574 1188 3609 Nomoc.‘²''¹

110 3625 142 3664 9,
150 3631 185 3658 32
202 3624 214 3662 ΙΙ
233 3626 273 3659 27
295 3621 492 3669 γεωργικὴν
505 3623 577 3656 Ecl.
596 3621 608 3660 ΙΙ
626 3623 669 3657 28
685 3623 800 3656 πταῖσ
813 3623 883 3664 (sic)
897 3622 945 3655 L¹
961 3621 974 3666 ΙΙ
991 3621 1052 3654 καὶ
1069 3620 1188 3655 ταῦτα

112 3667 347 3712 ἀποδειχθείη
372 3681 429 3701 om.
444 3679 463 3704 ς
488 3667 501 3713 ΙΙ
525 3669 567 3701 30
593 3662 699 3713 ἅπερ]
728 3667 806 3701 τῶν
829 3658 953 3711 ὦνπερ
975 3666 1025 3700 B!

1314 2856 1334 2889 2
1357 2865 1427 2888 non
1447 2854 1584 2888 omnino
1605 2853 1654 2888 V2
1670 2855 1702 2887 in
1719 2866 1786 2886 ras.
1800 2854 1821 2886 4
1838 2854 1908 2893 lite„
1929 2863 1997 2885 non
2020 2852 2096 2886 ideo
2119 2852 2169 2885 12¹
2190 2852 2204 2895 [Ι
2232 2853 2255 2886 4
2278 2851 2339 2885 eli-

1257 2902 1382 2942 gantur
1406 2901 1492 2942 libri,
1517 2912 1600 2933 corr.
1613 2900 1699 2943 vuly.
1725 2897 1738 2942 ss
1764 2898 1948 2941 praepositi
1968 2897 2002 2931 V
2021 2896 2034 2941 ΙΙ
2066 2898 2086 2930 5
2109 2898 2256 2940 propter]
2280 2906 2339 2940 per

1266 2946 1330 2979 VT
1339 2944 1352 2990 ΙΙ
1371 2945 1535 2978 amicitias
1551 2945 1584 2978 R
1601 2943 1614 2987 ΙΙ
1631 2945 1652 2978 8
1668 2942 1847 2986 disciplina
1865 2942 1916 2976 T¹
1933 2940 1946 2986 ΙΙ
1966 2943 2007 2976 10
2027 2942 2271 2975 sanctissimum
2288 2942 2337 2984 T]

1258 2993 1290 3022 et
1300 2990 1544 3023 sanctissimum
1564 2989 1697 3032 γυναίῳ,
1714 2990 1747 3020 et
1759 2990 1912 3020 sanctum
1925 2987 1958 3020 R
1973 2986 1985 3030 ΙΙ
2006 2988 2045 3021 11
2061 2987 2279 3020 constitutum
2290 2990 2340 3020 eat

1265 3034 1317 3068 V²
1332 3037 1366 3069 in
1385 3047 1451 3069 ras.
1478 3033 1491 3079 ΙΙ
1514 3033 1621 3067 modis
1644 3032 1799 3066 omnibus
1824 3032 1954 3075 Rvulq.
1978 3032 1991 3075 ΙΙ
2024 3032 2064 3065 13
2087 3033 2235 3075 propter]
2259 3041 2339 3074 prae

1258 3080 1291 3113 T
1299 3078 1338 3123 ι11
1362 3079 1612 3113 ordinationum
1632 3078 1666 3111 R
1690 3077 1703 3120 ΙΙ
1731 3078 1773 3111 14
1795 3076 1930 3110 abatum
1953 3076 1988 3108 V
2006 3074 2019 3120 ΙΙ
2046 3078 2084 3110 15
2110 3076 2281 3110 architriis
2304 3077 2338 3111 R

1255 3124 1433 3158 archiatris
1454 3124 1518 3158 VT
1531 3124 1543 3166 ΙΙ
1561 3125 1601 3156 17
1618 3122 1834 3155 monasticam
1855 3121 1887 3154 T
1898 3120 1910 3164 ΙΙ
1931 3121 1970 3156 18
1992 3121 2082 3162 quod
2102 3121 2135 3154 T
2153 3122 2159 3165 Ι
2178 3121 2267 3155 nulli
2284 3123 2317 3156 Τ
2324 3122 2339 3144 ³

1254 3171 1342 3214 vuly.
1360 3168 1372 3213 ΙΙ
1393 3171 1433 3203 19
1450 3168 1621 3201 subiaceat
1639 3168 1671 3200 T
1682 3166 1695 3210 11
1713 3168 1755 3200 20
1773 3165 1929 3209 praebeat
1945 3166 2044 3210 vul9.]
2068 3176 2146 3209 prae
2171 3169 2204 3199 et
2229 3168 2307 3202 libri
2322 3166 2339 3234 fl

1257 3217 1295 3249 21
1316 3214 1474 3248 ciuilibus
1489 3214 1536 3247 R¹
1556 3212 1569 3256 ΙΙ
1585 3211 1756 3246 subiaceat
1773 3211 1806 3244 T
1817 3211 1829 3254 ΙΙ
1846 3211 1936 3244 inter
1957 3211 2019 3244 VT
2034 3212 2046 3253 ΙΙ
2063 3213 2106 3245 22
2122 3213 2167 3253 et]
2191 3215 2231 3245 ut
2255 3212 2319 3246 VT

1256 3261 1354 3304 cuiq„
1378 3258 1435 3292 sed
1459 3259 1639 3292 Heimbach
1656 3257 1669 3300 ΙΙ
1694 3257 1736 3291 23
1762 3256 1905 3299 excipiat
1930 3256 1981 3290 T¹
2005 3256 2011 3299 Ι
2036 3256 2137 3290 huius
2157 3257 2252 3298 VT²J
2276 3257 2336 3291 ho—

1255 3305 1355 3337 minis
1369 3303 1471 3337 huius
1490 3302 1575 3336 RT¹
1606 3302 1708 3335 huius
1723 3301 1868 3334 hominis
1892 3302 1979 3344 vuly.
2008 3303 2013 3345 1
2035 3302 2287 3335 oonuersatione
2308 3302 2342 3336 T

1257 3348 1507 3383 conuersionem
1532 3347 1605 3381 RV
1623 3347 1637 3391 ΙΙ
1662 3348 1705 3381 24
1729 3346 1875 3380 emiserit
1901 3347 1952 3380 Τι
1971 3347 1984 3389 ΙΙ
2007 3348 2050 3381 25
2075 3346 2199 3389 dicens]
2224 3348 2336 3381 dicens

1255 3405 1289 3428 se
1306 3394 1339 3428 T
1351 3394 1364 3437 ΙΙ
1381 3392 1603 3436 ascriptitium
1625 3392 1728 3434 V’TJ
1745 3391 1987 3435 inscriptitium
2010 3392 2057 3425 V¹
2075 3393 2165 3425 huno
2180 3392 2335 3434 incripti-

1255 3439 1339 3472 tium
1364 3438 1428 3482 Ru
1451 3439 1493 3472 26
1518 3439 1627 3479 suum]
1651 3438 1723 3471 siue
1749 3437 1797 3471 T¹
1818 3436 1830 3480 ΙΙ
1853 3438 1942 3469 huno
1966 3437 2072 3470 om.R
2095 3438 2126 3479 (c
2143 3462 2151 3470 .
2176 3438 2222 3471 ad
2245 3438 2300 3480 25)
2324 3436 2337 3479 ΙΙ

1255 3494 1322 3518 esse
1345 3485 1415 3524 aut]
1439 3486 1498 3516 aut
1522 3494 1588 3517 esse
1614 3483 1674 3524 Τί,
1704 3484 1764 3516 aut
1787 3495 1846 3515 om.
1868 3482 1902 3516 V
1918 3481 1931 3526 ΙΙ
1954 3481 2054 3515 etiam
2077 3482 2112 3515 R
2137 3482 2278 3527 Tvu19.]
2302 3484 2337 3515 et

1254 3529 1347 3564 R¹V
1365 3529 1377 3573 ΙΙ
1392 3528 1558 3571 fugientes
1582 3529 1635 3562 1³⁰
1651 3527 1665 3572 ΙΙ
1690 3528 1732 3563 29
1756 3528 1859 3570 hunc]
1885 3537 1960 3561 eum
1982 3527 2017 3560 R
