2476 3854
1219 79 1301 127 710

1138 193 1294 230 CAPUT
1317 194 1364 230 11.

282 255 513 304 Ἐξαιροίῖμεν
545 256 585 293 δὲ
611 260 677 293 τοῦ
707 258 887 304 παρόντος
915 259 1029 303 νόμου
1057 259 1139 294 τοὺς
1167 260 1214 295 τὰ
1236 255 1478 306 Σαμαρειτῶν
1507 260 1772 307 πρεσβεύοντας
1799 262 1986 310 γεωργούς,
2015 260 2079 299 οὒκ
2111 262 2234 300 ainau
2259 264 2376 311 χάριν,

150 298 239 336 ἄλλα
263 301 324 337 διὰ
347 304 411 338 τὰς
434 305 510 338 τῶν
535 305 618 348 παρ’
646 301 765 338 αὐτῶν
785 308 1067 359 γεωργουμένων
1089 309 1236 350 χωρίων
1254 305 1442 341 συστάσεις
1464 309 1524 341 καὶ
1548 304 1609 341 διὰ
1630 307 1710 342 τοὺς
1733 309 1875 343 ἐκεῖθεν
1893 309 2132 356 εἰςαγομένους
2146 311 2199 354 τῷ
2216 308 2377 355 δημοσίῳ

178 347 279 393 όρους
310 362 349 382 τε
380 352 439 383 καὶ
469 348 675 404 προςόδουςζ
705 349 744 389 ἐξ
773 353 955 395 αγροικίας
985 362 1025 384 τε
1054 350 1318 395 πλανωμένους.
1364 352 1505 386 τούτοις
1534 351 1603 398 γὰρ
1632 351 1781 408 γράφειν
1812 354 1957 399 ἐφίεμεν
1985 352 2225 400 κληρονόμους
2254 368 2294 390 τε
2317 359 2377 390 καὶ

170 405 190 435 η
216 397 380 439 αταρίους
403 392 485 428 τοὺς
509 392 632 428 αὐτῶν
656 393 825 428 αιίόντας
847 407 888 428 τε
911 397 971 428 καὶ
994 395 1187 430 κατιόντας
1210 399 1269 430 καὶ
1289 395 1371 431 τοὺς
1395 398 1433 430 ἐκ
1457 395 1609 443 πλαγίου
1630 399 1754 432 αυτῶν
1777 401 1964 445 συγγενεῖς,
1988 397 2057 434 κᾶν
2079 400 2111 434 εἰ
2133 401 2376 447 Σαμαρειτικῆ

148 451 176 473 π
200 437 269 485 άνῃ
301 441 500 483 κρατοῖντο,
530 441 776 485 γεωργοῦντας
803 442 928 482 μέντοι
956 439 1001 473 τὰ
1029 438 1148 486 γήδια,
1173 439 1222 475 ὦς
1250 442 1313 484 τῆς
1341 442 1517 475 ἐντεῦθεν
1546 438 1713 487 εὐπορίας
1743 443 1790 477 εἰς
1815 443 1897 478 τοὺς
1926 443 1972 477 τὰ
2001 448 2116 490 χωρία
2147 436 2377 489 κεκτημένους

148 486 339 529 φερομένης
370 486 429 517 καὶ
461 480 505 517 δι’
533 482 656 518 αὐτῶν
687 485 734 518 εἰς
765 483 807 518 τὸ
834 482 1018 528 δημόσιον.
1065 488 1125 519 καὶ
1150 483 1341 529 διαθηκῶν
1366 484 1405 520 δὲ
1427 490 1532 531 χωρὶς
1555 486 1591 520 οἱ
1609 488 1875 532 προρρηθέντες
1898 489 1958 523 ἐπὶ
1980 489 2049 523 τὸν
2068 487 2234 533 ἀλλήλων
2252 486 2377 534 ἥξουσι

147 527 276 572 κλῆρον
299 526 360 561 διὰ
384 528 452 570 τὴν
476 525 588 571 αὐτὴν
612 527 808 575 πρόφασιν.
857 531 935 564 ἐπεὶ
958 532 1017 563 καὶ
1040 527 1193 574 μηδενὸς
1212 528 1356 565 τούτων
1377 529 1626 576 εὑρισκομένου
1649 531 1717 566 τὸν
1740 532 1861 578 κύριον
1877 534 1941 568 τοῦ
1955 538 2099 580 χωρίου,
2123 536 2163 569 έν
2178 527 2210 578 ᾧ
2223 535 2378 582 γεωργὸς

147 573 193 614 ἦν
224 571 243 606 ὁ
276 571 496 616 τελευτήσας,
529 574 575 607 τὰ
607 572 690 619 παρ’
715 576 849 608 ἐκείνου
878 573 1174 621 καταλειφθέντα
1202 574 1404 620 λαμβάνειν
1434 576 1646 621 βουλόμεθα
1677 580 1737 612 καὶ
1764 579 1833 622 τὴν
1862 579 1926 612 τοῦ
1958 582 2117 624 ταμιείου
2147 580 2255 621 τάξιν
2283 582 2378 623 ἔχειν

146 619 168 653 1
217 614 338 661 αὐτόν,
362 617 420 652 οἷα
445 616 487 662 δὴ
510 622 570 652 καὶ
593 618 675 653 τοῖς
698 619 885 662 δημοσίους
909 617 1039 666 φόρους
1062 618 1151 666 ὑπὲρ
1174 622 1309 655 ἐκείνου
1329 621 1546 679 πληροῦντα.
1594 624 1824 668 Σαμαρείτην
1848 621 1888 657 δὲ
1908 621 2175 669 στρατείιεσθαι
2190 624 2378 661 παντελῶς

146 659 187 695 οὐ
212 664 472 708 συγχωροῦμεν,
497 660 572 697 ἀλλ’
598 662 682 698 οὐδὲ
705 663 895 698 πολιτικὸν
916 668 1077 708 μετιέναι
1100 679 1126 711 φ
1151 664 1316 710 όντισμα,
1339 663 1422 700 οἶδε
1442 667 1516 710 μὴν
1540 670 1747 713 συνηγορεῖν
1770 665 1791 711 ἢ
1816 666 2039 723 συνεδρεύειν
2061 665 2083 713 ἢ
2105 672 2178 704 τοῖς
2201 669 2376 718 λογιωτά-

144 708 168 743 2
214 719 288 742 τοις
308 709 553 743 συνίστασθαι
578 707 750 755 ῥήτορσιν
773 706 866 744 ὅλως
891 706 912 751 ἢ
936 712 1034 745 νέους
1058 679 1252 746 παιδεύειν.
1301 712 1346 745 Εἰ
1371 710 1410 746 δὲ
1432 715 1495 745 καί
1514 723 1608 746 τινες
1632 714 1670 745 ἐκ
1692 710 1834 747 τούτων
1857 725 2024 756 τυχόντες
2044 715 2108 748 τοῦ
2127 713 2378 760 σωτηριώδους

144 756 395 796 βαπτίσματος
428 757 573 800 φανεῖεν
605 756 664 788 ἐπὶ
693 754 762 798 τὴν
794 756 974 799 προτέραν
1006 754 1151 800 πλάνην
1181 755 1459 801 ἐπανελθόντες,
1490 755 1538 791 τὰ
1570 755 1739 801 σάββατα
1770 757 2134 803 παραφυλαττόμενοι
2157 756 2180 803 ἢ
2203 763 2264 795 καὶ
2287 758 2378 795 ἄλλα

144 798 227 831 τινὰ
260 797 479 843 πράττοντες
506 799 553 833 τὰ
578 797 804 845 διελέγχοντα
830 797 954 834 αἰτοῖς
976 796 1159 845 ιῗποκρίσει
1179 801 1221 835 τὸ
1248 798 1351 847 ἅγιον
1375 800 1600 846 παραλαβεῖν
1624 800 1823 847 βάπτισμα,
1849 800 2071 847 δημεύεσθαι
2092 803 2241 840 τούτους
2263 804 2376 840 κελεύ-

144 855 232 885 ομεν
261 845 320 876 καὶ
352 843 442 886 πρὸς
472 844 614 890 ἑξορίαν
647 843 791 888 διηνεκῆ
816 842 1102 890 παραδίδοσθαι.
1149 849 1226 880 ταῖς
1250 844 1288 880 δὲ
1309 843 1431 880 αὐταῖς
1453 843 1638 893 ἰπάγομεν
1662 851 1804 882 ποιναῖς
1826 850 1886 881 καὶ
1909 847 1989 883 τοὺς
2012 845 2126 893 ἀσεβῆ
2149 854 2377 894 προστασίαν

143 888 168 923 3
213 888 305 921 κατὰ
332 890 394 931 τῆς
425 886 540 933 ὀρθῆς
568 890 646 924 τῶν
669 891 904 935 Χριστιανῶν
934 893 1090 925 πίστεως
1119 894 1192 926 τοῖς
1219 889 1393 926 τοιούτοις
1423 888 1681 936 ἀπονέμοντας.
1730 891 1859 926 Καλῶς
1891 890 1932 927 δὲ
1959 894 2053 935 ἔχειν
2084 891 2181 929 δοκεῖ
2208 893 2252 929 τὸ
2285 893 2377 940 μηδὲ

144 936 339 977 προχείρως
374 931 503 968 αὐτοὺς
535 932 757 977 εἰςδέχεσθαι
788 935 842 978 τῷ
879 931 1044 979 ἆχράντῳ
1082 939 1359 981 προςτρέχοντας
1393 940 1633 981 βαπτίσματι,
1664 934 1756 971 ἀλλὰ
1781 936 1873 981 μετά
1901 948 1998 973 τινος
2027 938 2284 985 παραφυλακῆς
2317 943 2377 974 καὶ

143 977 370 1021 κατηχήσεως
400 980 439 1013 ἐν
470 976 639 1022 ἆρκοῦντι
669 980 789 1026 χρόνῳ
812 983 1009 1026 γινομένης.
1057 983 1176 1027 φαμὲν
1200 979 1244 1025 δὴ
1267 980 1349 1015 τοὺς
1371 983 1438 1026 μὲν
1462 983 1523 1024 τῆς
1545 983 1696 1025 χοηστῆς
1720 980 1951 1018 διδασκαλίας
1974 979 2068 1018 ὅλως
2089 984 2376 1028 αἰσθανομένους

143 1024 204 1057 ἐπὶ
235 1024 419 1058 ἐνιαυτοὺς
450 1022 514 1058 δύο
543 1025 782 1068 κατηχεῖσθαι
811 1023 1019 1069 μανθάνειν
1049 1039 1088 1060 τε
1119 1026 1184 1060 τὰς
1215 1026 1355 1073 γραφὰς
1378 1026 1470 1061 κατὰ
1493 1026 1535 1061 τὸ
1562 1014 1732 1069 δυνατόν,
1756 1030 1817 1062 καὶ
1838 1026 1925 1062 τότε
1948 1041 1977 1064 π
1999 1039 2035 1063 ος
2063 1029 2215 1076 έρεσθαι
2235 1030 2291 1074 τῷ
2313 1030 2378 1074 τῆς

143 1066 428 1113 ἀπολυτρώσεως
452 1066 545 1116 ἁγίῳ
568 1074 809 1114 βαπτίσματι,
833 1071 877 1117 τῇ
900 1075 1077 1114 μετανοίᾳ
1100 1072 1164 1105 τοῦ
1187 1072 1358 1106 τοσούτου
1372 1070 1502 1117 χρόνου
1518 1075 1784 1117 καρπουμένους
1797 1071 1867 1117 τὴν
1886 1071 1934 1108 ὠς
1949 1071 1972 1107 ἆ
1997 1043 2100 1116 ηιξιῦς
2113 1070 2375 1118 ἀπολύτρωσιν.

142 1113 223 1147 τοὺς
253 1111 293 1147 δὲ
323 1117 421 1148 νέους
450 1113 593 1161 σφόδρα
624 1118 684 1149 καὶ
716 1113 948 1150 διδασκαλίας
976 1113 1019 1150 οὐ
1050 1119 1234 1151 συνιέντας
1258 1118 1403 1162 ἐφίεμεν
1426 1120 1486 1150 καὶ
1508 1118 1570 1159 τῆς
1592 1114 1874 1165 παρατηρήσεως
1895 1118 2027 1162 ταύτης
2049 1121 2157 1165 χωρὶς
2179 1116 2375 1160 ἀξιοῦσθαι

141 1157 167 1193 4
211 1159 275 1192 τοῦ
307 1156 408 1206 ἁγίου
438 1163 700 1205 βαπτίσματος.
748 1163 972 1206 Σαμαρείτης
1003 1158 1043 1195 δὲ
1073 1158 1185 1196 οὗδεὶς
1215 1162 1356 1205 οἰκέτην
1380 1162 1604 1218 Χριστιανὸν
1636 1162 1718 1205 ἕξει,
1746 1159 1819 1197 ἀλλ’
1845 1158 1919 1207 ἅμα
1939 1164 1992 1207 τῷ
2017 1164 2227 1207 κτήσασθαι
2245 1165 2377 1200 τοῦτον

142 1200 280 1238 εὐθέως
312 1206 360 1239 εἰς
388 1204 601 1250 ἐλευθερίαν
630 1204 874 1251 ἁρπάζεσθαι.
923 1207 954 1239 εἰ
985 1203 1025 1240 δὲ
1055 1209 1114 1240 καὶ
1144 1208 1208 1251 τῆς
1239 1204 1364 1251 ὁμοίας
1388 1208 1487 1251 αυτῷ
1507 1205 1717 1248 κακοδοξίας
1737 1203 1756 1242 ὁ
1778 1208 1913 1251 οἰκέτης
1936 1209 2000 1253 εἴη,
2024 1209 2159 1250 ἐξέστω
2183 1206 2283 1254 αὐτῷ’
2306 1209 2377 1254 τὴν

141 1250 218 1283 τῶν
242 1252 477 1295 Χριστιανῶν
501 1247 740 1295 ἇσπαζομένῳ
765 1249 878 1292 δόξαν
902 1248 1010 1285 εὐθὺς
1032 1254 1091 1285 καὶ
1115 1252 1178 1295 τῆς
1201 1252 1383 1298 ῥωμαϊκῆς
1405 1250 1601 1288 ἀπολαύειν
1625 1252 1839 1298 ἐλευθερίας.

275 1293 564 1351 (Ἐπίλογος)
615 1296 664 1330 Τὰ
694 1299 817 1331 τοίνυν
846 1295 1090 1340 παραστάντα
1120 1294 1207 1341 ἡμῖν
1236 1300 1296 1331 καὶ
1329 1295 1390 1331 διὰ
1418 1298 1483 1332 τοῦ
1516 1296 1695 1343 παρόντος
1716 1296 1915 1343 δηλούμενα
1938 1298 2051 1341 νόμου

151 78 259 122 Nov.
284 78 455 123 CXLIV
483 83 509 122 2
2052 100 2112 131 DE
2140 99 2376 133 sAuAnms

141 1340 362 1384 προτιθεῖσα
385 1341 478 1375 κατὰ
501 1351 582 1375 τους
605 1340 776 1384 συνήθεις
798 1340 929 1376 τόπους
948 1343 1040 1388 ἔργῳ
1065 1345 1125 1375 καὶ
1148 1344 1278 1386 πέρατι
1301 1354 1354 1378 πα
1379 1340 1562 1386 αδοθῆναι
1585 1342 1831 1389 προςταξάτω.
1878 1343 1924 1380 D.
1943 1343 2023 1381 XV.
2047 1313 2091 1381 ks]
2107 1297 2378 1392 finnussgssiitggf

108 1410 110 1412 v
141 1385 199 1419 dn.
225 1385 353 1421 Iustini
375 1397 437 1431 pp.
462 1387 552 1430 Aug.
573 1396 667 1422 anno
691 1387 771 1423 V11.
793 1390 876 1432 post
901 1397 999 1423 cons.
1021 1387 1179 1423 eiusdem
1202 1398 1295 1424 anno
1319 1355 1383 1424 Vf.
2213 1392 2261 1433 [a.
2285 1393 2376 1433 572.)

207 1489 234 1510 c.
250 1477 295 1510 II
312 1478 333 1521 ξ
350 1478 369 1511 3
396 1490 434 1511 ex
457 1477 494 1511 B
519 1479 615 1512 habet
637 1477 817 1513 Nemee-‘²⁷²²
833 1477 933 1511 XIV
950 1479 997 1512 tit.
1014 1480 1046 1521 4,
1063 1485 1092 1520 4,
1115 1481 1231 1522 repetit
1254 1479 1415 1513 Nomocfl*
1435 1480 1466 1521 4,
1483 1487 1499 1513 7
1529 1479 1676 1522 (utroque
1706 1480 1774 1513 loco
1804 1481 1896 1514 initio
1921 1481 1967 1514 ad
1991 1487 2106 1515 textum
2131 1482 2233 1525 ipsam
2255 1481 2376 1516 Nomo-

140 1524 284 1602 ffirioni'sg
306 1525 339 1611 ξι
354 1524 497 1601 3brevius
527 1524 719 1566 contracto);
749 1535 902 1557 summam
933 1524 1065 1558 Nomoc.
1090 1524 1190 1558 XIV
1203 1525 1250 1558 tit.
1275 1525 1309 1566 4,
1331 1531 1369 1563 4:
1401 1525 1443 1568 qf.
1469 1526 1501 1566 4,
1523 1531 1551 1559 ἰ·-
1583 1542 1625 1548 -
1657 1525 1678 1567 ξ
1703 1526 1726 1559 4
1755 1537 1907 1559 summam
1930 1526 2007 1560 Ath.
2040 1533 2187 1570 repetunt
2211 1527 2377 1582 paratitlo

274 1666 320 1702 11.
370 1665 587 1714 Est-cipimus
621 1671 741 1703 autem
776 1678 799 1703 a
821 1667 1012 1714 praesenti
1042 1667 1121 1714 leqe
1150 1668 1299 1703 colonos
1328 1667 1392 1714 qui
1418 1667 1683 1704 Samaritarum
1712 1672 1839 1715 partes
1865 1672 2077 1716 sequuntur,
2112 1681 2185 1706 non
2215 1671 2377 1718 ipsorum

139 1712 276 1757 qratia,
305 1711 370 1747 sed
396 1717 550 1759 propter
579 1712 809 1748 condiciones
832 1712 1070 1759 praediorum
1101 1724 1195 1758 quae
1225 1713 1270 1749 ab
1299 1712 1346 1748 iis
1376 1712 1545 1749 coluntur
1574 1718 1610 1749 et
1636 1718 1792 1760 propter
1823 1714 1958 1750 tributa
1988 1719 2024 1750 et
2045 1714 2184 1751 reditus
2205 1716 2272 1763 qui
2293 1717 2378 1754 inde

136 1757 227 1801 fisco
252 1757 472 1802 inferuntur,
496 1768 576 1792 cum
598 1758 811 1804 praesertim
835 1768 886 1793 ex
907 1757 1109 1793 rusticitate
1130 1762 1263 1794 errent.
1303 1757 1374 1793 His
1397 1758 1491 1793 enim
1508 1758 1754 1811 permittimus
1775 1758 1923 1795 heredes
1945 1764 1981 1795 et
2001 1758 2199 1806 leqatarios
2220 1762 2377 1798 scribere

138 1807 175 1836 et
198 1801 430 1838 ascendentes
452 1807 488 1838 et
511 1802 765 1838 descendentes
787 1813 872 1838 suos
894 1805 930 1838 et
952 1806 1128 1848 coqnatos
1150 1813 1201 1839 ex
1223 1802 1346 1845 latere,
1371 1813 1534 1849 quamvis
1549 1802 1814 1839 Samaritarum
1837 1814 1962 1840 errore
1977 1807 2178 1848 teneantur,
2201 1809 2242 1842 ut
2258 1811 2375 1843 tamen

139 1857 251 1892 aqros
273 1847 406 1892 colant,
436 1858 516 1882 cum
537 1847 681 1883 uberior
703 1847 787 1884 inde
808 1851 1008 1894 proventus
1030 1847 1081 1883 ad
1093 1858 1326 1900 possessores
1345 1847 1581 1894 praediorum
1605 1851 1641 1883 et
1661 1859 1730 1895 per
1751 1859 1812 1885 eos
1835 1848 1886 1883 ad
1900 1849 2029 1894 fiscum
2051 1849 2254 1896 deferatur.
2302 1850 2377 1888 Sed

138 1892 245 1926 etiam
268 1893 347 1936 sine
371 1893 590 1928 testamentis
611 1893 792 1939 praedicti
813 1893 907 1928 alter
930 1892 980 1927 ad
993 1892 1144 1929 alterius
1157 1891 1389 1928 hereditatem
1407 1893 1548 1929 venient
1559 1898 1713 1940 propter
1727 1893 1876 1929 eandem
1891 1904 2059 1929 causam:
2084 1895 2375 1943 quandoquidem

138 1938 206 1972 etsi
228 1948 332 1973 nemo
355 1936 483 1973 horum
507 1938 722 1980 inveniatur,
746 1937 927 1974 dominum
949 1937 1104 1984 praedii,
1128 1937 1166 1972 in
1191 1948 1263 1984 quo
1286 1937 1437 1974 colonus
1459 1943 1540 1974 erat
1562 1939 1628 1984 qui
1649 1938 1844 1984 defunctus
1867 1943 1932 1980 est,
1964 1949 2057 1985 quae
2086 1940 2131 1976 ab
2155 1939 2224 1976 Ιιοσ
2245 1941 2374 1978 relicta

137 1986 224 2018 sunt
254 1983 419 2028 accipere
450 1982 623 2026 volumus,
654 1987 691 2019 et
716 1983 800 2028 fisci
823 1983 940 2018 locum
964 1993 1042 2018 eum
1065 1982 1236 2025 obtinere,
1267 1982 1403 2029 quippe
1426 1983 1491 2029 qui
1509 1982 1617 2019 etiam
1634 1982 1793 2030 publicis
1817 1983 1960 2020 tributis
1979 1994 2050 2030 pro
2074 1985 2136 2020 illo
2154 1985 2374 2032 satisfaciat.

138 2030 161 2063 1
208 2026 429 2063 Samaritam
460 2033 578 2063 autem
610 2028 765 2064 militare
791 2028 902 2074 plane
932 2039 1007 2065 non
1023 2028 1279 2074 permittimus,
1311 2028 1377 2064 sed
1398 2038 1444 2063 ne
1466 2027 1518 2064 ad
1539 2027 1642 2064 civile
1665 2027 1806 2074 quidem
1830 2038 1960 2064 munus
1983 2029 2152 2066 accedere
2173 2041 2289 2077 neque
2310 2031 2375 2067 ad-

137 2077 303 2108 vocatum
339 2073 395 2109 vel
428 2083 645 2109 assessorem
676 2084 753 2109 esse
784 2073 840 2109 vel
870 2073 1014 2108 omnino
1046 2073 1142 2108 inter
1171 2072 1426 2108 disertissimos
1455 2072 1619 2109 rhetores
1646 2073 1785 2120 referri
1791 2084 1794 2088 ·
1813 2073 1870 2110 vel
1898 2072 2146 2110 adulescentes
2175 2075 2374 2114 instituere.

136 2118 160 2153 2
208 2116 250 2152 Si
279 2128 372 2164 quos
402 2129 486 2154 vero
516 2128 566 2154 ex
598 2118 643 2153 iis
672 2118 831 2154 salutari
856 2117 1071 2165 baptismate
1101 2118 1293 2164 impetrato
1317 2117 1368 2154 ad
1382 2118 1547 2165 priorem
1571 2129 1731 2154 errorem
1755 2118 1874 2154 redire
1898 2123 2089 2165 appareat,
2121 2130 2201 2156 cum
2223 2120 2376 2158 sabbata

137 2163 323 2199 observent
354 2163 412 2199 vel
436 2163 543 2198 etiam
573 2163 648 2198 alia
678 2164 804 2209 aliqua
835 2167 951 2208 ayant
980 2173 1075 2209 quae
1105 2166 1308 2209 coarquant
1332 2174 1401 2210 per
1423 2163 1688 2199 simulationem
1710 2174 1771 2199 eos
1793 2167 1956 2199 sanctum
1979 2163 2158 2210 baptisma
2181 2166 2375 2213 accepisse,

135 2219 197 2243 eos
213 2208 402 2254 proscribi
422 2208 582 2244 iubemus
606 2212 640 2244 et
661 2209 698 2243 in
721 2213 935 2255 perpetuum
957 2207 1109 2244 exilium
1130 2209 1232 2245 mitti.
1279 2209 1397 2255 Atque
1415 2207 1540 2244 iisdem
1562 2208 1693 2255 poenis
1715 2208 1823 2244 etiam
1846 2219 1910 2245 eos
1924 2209 2116 2245 subicimus
2149 2211 2215 2256 qui
2227 2211 2376 2258 impium

135 2254 160 2289 3
199 2254 449 2299 patrocinium
481 2258 610 2289 contra
637 2258 772 2290 rectam
799 2253 1085 2289 Christianorum
1106 2253 1215 2298 fidem
1235 2254 1315 2289 istis
1334 2257 1532 2300 praestent.
1579 2253 1682 2290 Bene
1705 2257 1823 2290 autem
1845 2264 1886 2289 se
1907 2252 2040 2290 habere
2061 2254 2097 2290 vi
2121 2258 2214 2299 etur,
2238 2260 2279 2292 ut
2300 2266 2376 2292 non

132 2299 304 2344 protinus
326 2299 552 2345 recipiantur
575 2309 654 2334 cum
679 2298 728 2334 ad
750 2298 1018 2335 immaculatum
1042 2299 1220 2345 baptisma
1244 2302 1452 2340 accurrant,
1474 2297 1541 2334 sed
1563 2309 1642 2334 cum
1666 2298 1823 2345 quadam
1840 2297 2089 2336 observatione
2102 2303 2139 2336 et
2152 2300 2376 2337 institutione

130 2355 202 2390 per
224 2344 415 2389 sufficiens
439 2348 579 2391 tempus
599 2345 717 2389 facta.
753 2342 916 2380 Dicimus
940 2346 1058 2379 autem
1082 2354 1144 2379 eos
1157 2343 1310 2424 ‘quidem
1334 2343 1399 2390 qui
1421 2343 1552 2379 bonam
1575 2343 1779 2379 doctrinam
1804 2344 1949 2379 omnino
1959 2344 2177 2424 ‘percipiant
2221 2355 2262 2381 er
2284 2344 2376 2382 duos

134 2399 252 2424 annos
281 2389 422 2425 institui
453 2393 489 2425 et
517 2389 721 2435 scripturas
752 2389 877 2435 quoad
902 2388 986 2434 fieri
1009 2391 1134 2436 polest
1182 2389 1306 2431 iscere,
1330 2398 1374 2424 ac
1398 2391 1472 2424 tum
1495 2388 1634 2424 demum
1658 2387 1708 2424 ad
1729 2393 1895 2425 sanctum
1917 2399 1959 2424 re
1985 2390 2174 2436 emptionis
2217 2390 2375 2437 aptisma

134 2433 321 2476 accedere,
355 2434 447 2469 tanti
479 2434 651 2480 temporis
674 2434 906 2481 paenitentia
938 2445 1057 2470 veram
1087 2433 1366 2481 redemptionem
1397 2432 1567 2469 lucratos.
1621 2432 1693 2476 Qui
1721 2437 1840 2470 autem
1870 2432 2060 2470 admodum
2084 2434 2197 2487 pueri
2223 2439 2311 2472 sunt
2338 2439 2376 2472 et

134 2480 160 2514 4
205 2479 405 2514 doctrinam
429 2490 502 2514 non
527 2479 750 2526 irztellequnt‚
774 2490 837 2515 eos
852 2479 1098 2526 permittimus
1117 2479 1224 2515 etiam
1240 2479 1318 2515 sine
1333 2478 1402 2513 Ιιασ
1418 2478 1666 2515 observatione
1681 2482 1806 2515 sancto
1824 2478 2036 2525 baptismate
2051 2478 2207 2526 dzqnart.
2242 2479 2376 2517 Nullus

134 2529 253 2559 autem
286 2523 471 2559 Samarita
510 2536 650 2561 servum
682 2523 923 2560 Christianum
961 2523 1123 2567 habebit,
1161 2524 1227 2561 sed
1253 2523 1472 2569 simulatque
1501 2523 1534 2559 is
1564 2523 1769 2570 adquisitus
1795 2523 1924 2570 fuerit,
1956 2524 2076 2559 statim
2106 2524 2144 2560 in
2174 2524 2374 2562 libertatem

134 2570 315 2615 rapiatur.
366 2569 498 2612 Quodsi
531 2580 656 2605 servus
684 2569 723 2605 in
753 2569 861 2605 simili
892 2573 1001 2616 atque
1030 2569 1107 2615 ipse
1130 2579 1308 2617 perversa
1339 2568 1510 2616 opinione
1539 2568 1609 2612 sit,
1644 2568 1751 2605 liceat
1779 2569 1815 2605 ei
1845 2567 2132 2605 Christianorum
2158 2569 2269 2616 fidem
2299 2581 2373 2607 am-

127 2615 305 2660 plectenti
324 2614 444 2649 statim
469 2615 576 2650 etiam
600 2614 767 2651 Romana
786 2615 951 2651 libertate
971 2614 1064 2661 frui.

271 2658 511 2706 Epiloqus.
559 2658 659 2703 Quae
691 2660 803 2706 iqitur
833 2660 937 2696 nobis
963 2660 1185 2707 placuerunt
1215 2662 1251 2695 et
1279 2669 1348 2705 per
1374 2661 1601 2706 praesentem
1630 2658 1743 2705 leqem
1774 2658 2009 2695 declarantur
2042 2662 2105 2695 tua
2136 2659 2257 2706 qloria
2285 2659 2375 2697 locis

133 2705 315 2740 consuetis
334 2715 545 2750 proponens
569 2709 610 2740 ut
632 2705 682 2740 ad
705 2716 798 2752 opus
821 2705 1057 2751 effectumque
1081 2703 1311 2740 adducantur
1325 2704 1544 2751 praecipiat.

181 2832 195 2863 1
225 2828 433 2872 ἐξαιοοῦμεν
458 2826 507 2870 δέ]
532 2829 653 2875 ἑτέρου
676 2830 743 2872 μὲν
768 2826 810 2871 δὴ
829 2830 875 2863 M
885 2828 897 2873 ΙΙ
914 2827 997 2863 τοὺς
1019 2827 1078 2869 τὰ]
1103 2828 1220 2862 ταῦτα

133 2876 175 2908 Μ
201 2875 214 2919 ιι
247 2877 266 2908 2
298 2861 357 2907 διὰ
376 2893 420 2899 -
440 2877 499 2906 καὶ
525 2888 581 2907 om.
608 2875 655 2907 ευ
681 2874 693 2918 ιι
722 2873 787 2908 τὰς
811 2873 1001 2915 Nomocfim]
1028 2872 1097 2916 τὴν
1121 2874 1194 2907 ML

134 2917 244 2953 αὐτοῦ
267 2921 298 2952 L
317 2924 329 2962 ΙΙ
346 2917 530 2952 συστάσεις
554 2920 598 2952 M
618 2919 807 2960 Nomocflm]
836 2918 1011 2952 σι’·στασιν
1035 2919 1066 2951 L
1091 2920 1195 2960 (Am.)

133 2963 216 2999 τοὺς
247 2964 388 2997 ἐκεῖθεν
420 2964 668 3008 εἰσαγομένους
693 2965 738 2997 Μ
758 2964 950 3005 Νοιιιοε.’ῐ’”]
982 2961 1048 2998 τὰς
1078 2962 1221 2997 ἐκεῖθεν

134 3011 364 3055 εἰσαγομένας
390 3009 474 3043 LB‘
490 3010 502 3053 ΙΙ
519 3009 572 3050 τῷ
598 3006 758 3051 δημοσίῳ
784 3009 869 3042 LI3⁶
885 3008 1076 3050 Nomoc.‘¹'⁷']
1104 3022 1162 3042 om.
1182 3009 1227 3042 M

132 3056 143 3101 ΙΙ
157 3059 176 3090 3
202 3053 333 3101 φόρους
350 3054 596 3094 MNomoc.⁶m]
615 3053 726 3098 φοράς
743 3055 773 3086 L
796 3051 961 3097 εἰσφοράς
979 3054 1029 3086 B⁶
1046 3059 1058 3096 ιι
1075 3051 1221 3087 τούτους

133 3103 293 3136 Nomocffi
324 3102 336 3141 Η
364 3102 384 3134 4
406 3098 632 3143 λεγαταρίους
655 3100 815 3132 Nomocfl·
843 3099 855 3141 n
883 3101 942 3131 καὶ
966 3098 996 3131 εἰ
1021 3099 1082 3140 B‘,
1106 3098 1137 3131 εἰ
1161 3112 1219 3132 om.

133 3145 310 3181 No1noc.dm
329 3146 341 3188 ΙΙ
359 3144 594 3188 σαμαρειτικῆ
619 3142 738 3184 πλάνη
755 3145 944 3187 κρατοῖιπο
962 3143 1013 3176 B‘
1028 3143 1218 3184 Nomocflm]

133 3188 366 3237 σαμαρειτικὴ
389 3188 507 3232 πλάνη
527 3190 694 3234 κρατοῖτο
711 3189 742 3221 L
766 3187 982 3233 σαμαριτικὴ
1000 3186 1116 3230 πλάνη
1135 3201 1219 3233 κρα-

276 3235 282 3244 “
1152 3232 1221 3266 τὸν

132 3239 199 3270 τεῖ·
223 3247 306 3269 τοῖς
332 3236 371 3268 M
387 3236 399 3279 ΙΙ
418 3239 437 3269 5
462 3237 676 3277 κεκτημένοις
700 3232 773 3277 ΕαΙ
797 3236 816 3266 6
842 3231 1042 3277 φερόμενον
1067 3234 1138 3311 ΆΙΕ

1141 3290 1219 3322 nov·

132 3283 183 3315 Bc
208 3282 220 3324 11
249 3281 284 3314 οἰ
307 3280 553 3324 προρηθέντες
579 3280 638 3313 ἐπὶ
663 3279 741 3312 τῶν
764 3276 930 3321 αλλήλων
955 3277 1071 3317 ἕξουσι
1096 3291 1116 3310 κ

131 3325 258 3369 νόμων
281 3328 333 3367 (ex
356 3325 594 3369 κληρονόμους
619 3326 714 3366 corr.)
740 3323 806 3366 Mu
833 3326 850 3357 7
877 3320 990 3364 μηδὲν
1014 3324 1062 3356 L¹¹
1082 3321 1130 3365 118
1155 3335 1218 3356 τα-

130 3375 229 3414 μείου
258 3373 290 3405 Β
308 3372 319 3414 ΙΙ
347 3374 385 3405 10
411 3369 610 3412 πολιτικὸν]
635 3371 694 3402 ἐπὶ
719 3366 908 3402 πολιτικὸν
934 3369 963 3400 L
982 3367 993 3410 ΙΙ
1015 3370 1048 3401 11
1079 3366 1102 3408 ἢ
1122 3370 1219 3401 νέους

131 3418 212 3458 LB]
238 3409 280 3458 ἦν
304 3416 367 3449 τοῦ
393 3418 434 3449 Μ
455 3418 466 3458 Η
492 3419 532 3450 12
558 3413 831 3449 ἐπανελθόντας
854 3414 903 3446 L‘²
920 3413 932 3456 ΙΙ
958 3411 1127 3454 σάμβατα
1152 3411 1220 3467 Ml!

131 3458 153 3503 ἢ
178 3465 236 3494 καὶ
256 3460 300 3494 τὰ
324 3459 416 3494 ἄλλα
440 3460 524 3495 τινὰ
541 3463 571 3494 L
596 3463 655 3494 καὶ
680 3457 715 3502 (ἢ
739 3460 798 3492 καὶ
823 3459 993 3499 Fam-otus)
1019 3456 1108 3490 ἄλλα
1133 3470 1216 3490 τινα

130 3509 207 3539 Atta.
232 3503 254 3548 ἢ
279 3504 367 3538 ι’ἱλλα
392 3504 473 3539 τινὰ
499 3507 534 3540 Β
558 3503 580 3548 ἢ
604 3508 662 3538 καὶ
684 3505 754 3548 ΜΙΙ
773 3505 812 3539 16
838 3499 977 3544 αὐτοὺς]
1002 3504 1218 3554 σαμαρείτας

131 3551 285 3586 Nomocst
297 3551 310 3596 Η
330 3550 558 3596 προφυλακῆς
574 3550 726 3586 Nomoc.‘¹
748 3550 761 3594 fl
782 3552 819 3584 17
838 3546 877 3583 δὲ
892 3549 943 3583 B‘
961 3547 1051 3592 Πτῆς
1066 3557 1218 3591 χρήστης

1289 2825 1521 2862 διδασκαλίας
1533 2826 1724 2869 Nomocflm]
1739 2827 1892 2871 χρηστῆς
1907 2824 2136 2866 διδασκαλίας
2151 2828 2226 2861 Atta.
2239 2827 2374 2863 Nomoc.

1289 2874 1350 2907 XI
1359 2874 1439 2907 Vtit.
1458 2874 1497 2916 4,
1514 2880 1528 2906 4
1545 2870 1637 2916 μετὰ
1653 2872 1807 2917 χρηστῆς
1822 2869 2055 2907 διδασκαλίας
2068 2873 2115 2906 Μ
2125 2873 2201 2914 (B‘)
2215 2871 2375 2917 χρηστὴν

1289 2905 1464 2951 διδασκαλ
1485 2919 1516 2952 L
1531 2919 1543 2962 ΙΙ
1562 2913 1651 2960 ὅλην
1675 2918 1734 2951 M⁰
1751 2917 1764 2960 ΙΙ
1780 2916 2077 2961 αἰσθανομένους]
2101 2916 2249 2957 ἐξαττου
2277 2928 2375 2951 ενους

1288 2965 1359 3006 (sic)
1383 2964 1434 2997 L⁰
1451 2963 1463 3006 ΙΙ
1483 2965 1523 2998 18
1536 2959 1628 2996 ’δυσὶ
1643 2963 1675 2995 L
1690 2962 1702 3006 ΙΙ
1720 2959 1959 3004 κατηλεῖσθαι
1979 2963 2026 2996 Μ
2041 2964 2234 3003 κατασχεῒσ
2265 2974 2303 2996 αι
2322 2964 2373 2996 L⁰

1312 3006 1408 3052 τότε]
1421 3007 1504 3042 τοὺς
1520 3008 1559 3040 Μ
1574 3007 1587 3051 ΙΙ
1603 3007 1854 3053 προφέρεσθαι
1867 3007 1917 3040 B⁰
1928 3006 2195 3051 προσέρχεσθαι
2211 3007 2373 3042 Nomou-fl

1314 3056 1353 3088 19
1379 3050 1587 3098 λυτρώσεως
1610 3053 1641 3085 L
1668 3053 1826 3086 Nomocst·
1848 3048 2006 3085 α’πολουτ
2030 3050 2152 3085 ώσεως
2170 3052 2221 3085 B‘
2244 3055 2256 3095 ΙΙ
2279 3047 2372 3107 ἁγίῳ

1289 3099 1370 3139 LB]
1390 3110 1448 3131 om.
1462 3098 1509 3130 M
1520 3097 1532 3140 ss
1546 3095 1628 3130 τοὺς
1644 3093 1833 3130 τοσούτους
1846 3095 1991 3141 χρόνους
2059 3096 2103 3139 τῆ
2120 3095 2184 3129 τοῦ
2200 3108 2373 3131 τοσουτου

1287 3141 1415 3185 χοόνου
1431 3141 1611 3176 N0m00.dm
1641 3141 1686 3186 τῇ
1705 3138 1875 3174 τοσούτου
1898 3140 2025 3184 χρόνου
2045 3141 2096 3174 B⁰
2111 3141 2123 3185 ΙΙ
2142 3138 2372 3186 ἆπολοῦτρω-

1288 3178 1348 3221 σιν
1371 3188 1423 3220 B⁰
1437 3188 1449 3230 ΙΙ
1468 3188 1511 3221 20
1536 3182 1781 3219 διδασκαλίαις
1805 3187 1836 3220 L
1855 3185 1868 3230 ss
1883 3182 2073 3220 συνιόντας
2095 3186 2256 3220 Nemee-”¹
2273 3189 2305 3229 4,
2323 3195 2338 3222 Ἰ
2360 3187 2373 3229 ΙΙ

1289 3235 1444 3276 οφίεμεν
1472 3232 1633 3266 Nemeam
1655 3243 1706 3274 pr.
1724 3232 1755 3271 4,
1771 3238 1787 3264 4
1816 3231 1828 3274 ΙΙ
1860 3230 2152 3276 παρατηρήσεως]
2184 3230 2283 3275 παρὰ
2311 3232 2374 3275 τῆς

1287 3279 1352 3311 ἕως
1377 3277 1419 3310 Μ
1433 3276 1445 3319 ΙΙ
1461 3277 1579 3319 χωρὶς]
1606 3272 1758 3319 χάριτος]
1782 3276 1823 3310 Μ
1836 3276 1848 3318 ΙΙ
1868 3277 1902 3310 21
1934 3276 2000 3318 τῷ]
2025 3276 2089 3310 τοῦ
2115 3277 2165 3310 B‘
2179 3275 2192 3321 ΙΙ
2212 3278 2254 3310 22
2273 3273 2372 3318 αὐτῷ

1289 3323 1494 3362 Haloander]
1522 3318 1645 3353 αὐταῖν
1676 3321 1754 3354 libri
1778 3321 1790 3363 ΙΙ
1820 3318 1839 3354 ὁ
1873 3321 2007 3363 οἰκέτης
2036 3320 2088 3363 εἴη
2113 3322 2157 3363 L]
2193 3318 2213 3354 ὁ
2238 3321 2372 3364 οἰκέτης

1286 3368 1387 3400 ἐστὶν
1412 3366 1455 3399 M
1474 3365 1527 3407 εἰἠ
1552 3361 1572 3398 ὁ
1597 3365 1732 3407 οἰκέτης
1756 3366 1792 3399 Β
1817 3365 1829 3410 ΙΙ
1857 3368 1898 3401 25
1926 3365 2148 3410 προτεθεῖσα
2171 3367 2203 3400 L
2219 3366 2231 3408 ΙΙ
2249 3369 2370 3402 subscr.

1287 3425 1344 3445 om.
1359 3412 1446 3453 Aeh„
1471 3409 1687 3455 ἐξεφωυήθη
1709 3411 1769 3444 ἐπὶ
1791 3411 1856 3444 τοῦ
1874 3408 1903 3452 ζ’
1921 3412 2019 3444 ἔτους
2034 3408 2216 3455 βασιλείας
2229 3409 2371 3444 Ἰουστι-

1284 3456 1409 3490 νιανοῦ
1437 3458 1532 3496 (corr.
1557 3452 1760 3498 Ἰουστίνου)
1787 3457 1907 3490 ΤΙιεοιί.
1936 3456 1949 3500 ΙΙ
1980 3458 2021 3490 26
2045 3456 2170 3490 iustino
2193 3456 2235 3489 M
2256 3455 2269 3499 ΙΙ
2296 3458 2370 3498 post

1284 3512 1387 3535 conss.
1415 3501 1526 3534 eiusde
1559 3511 1636 3535 ann.
1663 3501 1719 3533 111
1745 3502 1788 3535 M
1815 3502 1878 3545 (VI
1901 3514 1984 3536 corr.
2009 3502 2137 3546 Paqius
2160 3502 2237 3535 diss.
2259 3502 2369 3545 hypat.

1281 3560 1315 3591 p.
1339 3547 1417 3588 333)

2403 678 2442 710 10

2402 903 2442 936 15

2400 1126 2442 1159 20

2400 1349 2441 1382 25
