2476 3854
114 85 222 130 NOV.
243 86 427 131 CXXIII
457 90 523 132 22.
554 90 607 131 23

1192 86 1273 135 612

1958 106 2018 137 DE
2046 105 2343 140 SANOTISSMS

111 198 190 233 τῶν
222 198 377 254 ainaim!
398 199 469 234 εἴτε
503 199 602 246 παρὰ
636 200 689 242 τῷ
727 197 808 243 ἰδίῳ
843 199 1091 248 μητροπολίτῃ
1125 201 1198 237 εἴτε
1264 203 1333 239 bus
1357 204 1476 238 autem
1500 202 1630 245 causis,
1653 213 1721 249 pro
1738 202 1868 248 quibus
1891 204 1987 250 apud
2010 205 2192 251 proprium
2212 209 2341 242 metro-

112 244 214 289 παρὰ
245 256 445 292 πατριαρχῃ
480 244 552 279 εἴτε
582 242 674 291 παρ>
702 242 822 279 ἄλλοις
852 242 1074 288 οἱοιςδήποτε
1098 243 1195 281 δικα-

112 292 212 323 σταῖς
241 290 430 325 ἐπίσκοποι
462 291 669 336 ἐνάγονται,
700 288 879 335 μηδεμίαν
910 291 1039 344 ἐγγίζην
1067 288 1090 335 ἢ
1110 289 1194 337 ὁμο·

1263 248 1409 293 politam
1433 247 1507 283 sive
1530 248 1627 292 apud
1648 249 1890 294 patriarcham
1913 250 1987 286 sive
2009 250 2105 296 apud
2128 250 2216 287 alios
2235 261 2340 297 quos-

1264 302 1415 337 cumque
1445 292 1581 329 iudices
1611 294 1772 339 episcopi
1803 295 2069 340 conveniantur,
2099 296 2233 332 nullam
2254 296 2341 332 fide-

111 332 237 381 λογίαν
268 332 359 389 ὑπὲρ
391 335 453 378 τῆς
476 332 574 377 δίκης
598 331 915 378 ἄπαιτείσθωσαν,
948 348 1045 370 ουτω
1069 339 1195 381 μέντοι
1262 338 1458 374 iussionem
1498 341 1562 374 aut
1597 338 1798 375 cautionem
1837 350 1904 385 pro
1941 340 2003 376 lite
2045 340 2249 386 exigantur,
2290 341 2342 378 sic

112 378 173 413 ἴνα
203 382 263 414 καὶ
293 382 396 413 αυτοὶ
428 378 662 414 σπουδάσωσι
695 381 774 415 τῶν
805 381 1042 427 ἐπαγομένων
1077 378 1195 417 αὐτοῖς
1229 386 1382 419 5tamen
1405 386 1446 419 ut
1465 383 1535 429 ipsi
1557 384 1727 421 studeant
1749 384 1858 421 illatis
1883 384 1950 422 sibi
1969 386 2086 423 causis
2110 389 2221 423 semet
2243 385 2341 432 ipsos

112 425 241 459 αἰτιῶν
264 424 410 459 ἑαυτοὺς
433 422 649 460 διευλυτοῦν.

1261 429 1456 464 absolvere.

1071 586 1228 622 CAPUT
1251 586 1383 622 XXIII.

171 661 256 696 Τοὺς
279 659 319 696 δὲ
341 658 550 706 οἰκονόμους
578 665 639 697 καὶ
662 662 942 709 πτωχοτρόφους
964 667 1025 699 καὶ
1049 663 1190 706 ξενοδό-

106 718 186 750 χους
218 710 279 741 καὶ
314 706 533 752 νοσοκόμους
567 711 627 742 καὶ
661 709 744 743 τοὺς
778 710 856 743 τῶν
891 707 1015 744 ἄλλων
1050 708 1192 758 εὗαγᾰὶν

106 753 218 787 οἴκων
247 750 428 796 διοικητὰς
459 756 520 787 καὶ
550 753 633 787 τοὺς
664 752 790 788 ἄλλους
822 751 989 790 ἅπαντας
1012 754 1192 801 κληρικοὺς

1329 665 1554 702 oeconomos
1582 667 1702 702 autem
1731 669 1768 703 et
1798 666 2028 704 xenodochos
2062 670 2099 704 et
2127 678 2341 706 nosocomos

1261 713 1297 747 et
1324 711 1607 756 ptochotrophos
1642 713 1680 747 et
1712 713 1864 748 aliorum
1898 712 2151 750 venerabilium
2181 714 2342 751 locorum

1260 757 1516 800 gubernatores
1551 759 1587 792 et
1620 756 1710 793 alios
1742 767 1864 794 omnes
1896 757 2045 794 clericos
2076 759 2239 795 iubemus
2273 769 2340 805 pro

106 796 296 843 κελεύομεν
327 796 419 843 ὑπὲρ
450 800 527 833 τῶν
560 799 877 843 έμπιστευθειιζῶν
909 797 1028 835 αὐτοῖς
1060 799 1190 844 διοική-
1206 805 1247 836 10
1262 801 1405 837 creditis
1430 801 1497 837 sibi
1520 802 1839 844 gubernationibus
1867 803 1964 848 apud
1994 805 2177 849 proprium
2202 805 2340 850 episco-

106 856 202 877 σεων
233 842 333 889 παρὰ
368 844 424 886 τῷ
455 841 537 887 ἰδίῳ
570 844 759 888 έπισκόπῳ
791 844 823 887 qb
854 843 1069 880 ὑπόκεινται
1103 843 1191 881 ἀπο-

106 888 299 933 κρίνεσθαι
334 890 394 922 καὶ
424 889 507 923 τοὺς
538 887 726 933 λογισμοὺς
760 890 823 933 τῆς
858 887 950 925 ἰδίας
985 887 1192 935 διοικήσεως

106 934 311 976 ποιεῖσθαι,
343 937 403 967 καὶ
435 935 716 979 εἰςπράττεσθαι
747 931 838 981 ὅπερ
870 935 909 976 ἐξ
939 933 1063 971 αὐτῶν
1095 934 1192 983 ὀφεί-

106 978 228 1014 λοντες
250 975 568 1033 ἆποδεέχθείησαν,
594 981 719 1023 ἐκείνῳ
743 981 796 1023 τῷ
819 978 940 1027 εὐαγεῖ
956 978 1191 1025 ἀποδοθησό-

1260 857 1346 891 pum
1371 846 1429 881 cui
1450 846 1636 882 subiacent
1661 847 1840 883 conveniri
1863 851 1899 883 et
1916 849 2089 884 rationem
2110 859 2197 886 suae
2211 850 2340 894 guber-

1261 892 1416 928 nationis
1440 891 1572 935 facere,
1598 894 1634 928 et
1652 892 1745 938 exigi
1766 892 1860 938 quod
1875 902 1920 929 ex
1934 893 2022 938 ipsis
2039 894 2207 931 debentes
2223 899 2341 931 osten-

1262 938 1403 979 dantur,
1439 937 1491 972 ini
1521 937 1714 973 venerabili
1745 938 1962 974 reddendum
1992 938 2127 982 domui,
2163 949 2208 975 ex
2238 940 2341 976 cuius

1260 982 1487 1018 ordinatione
1519 982 1676 1018 debitum
1704 983 1921 1028 apparuerit.
1969 983 2008 1020 Si
2030 995 2112 1020 vero
2137 985 2342 1030 putaverint

104 1037 215 1068 μενον
231 1024 317 1067 οἴκῳ
334 1036 475 1059 ουτινος
498 1026 537 1058 ἐκ
556 1025 619 1068 τῆς
635 1023 843 1068 διοικήσεως
866 1026 909 1060 τὸ
926 1030 1025 1081 χρέος
1048 1032 1188 1083 φανείη.
1206 1030 1245 1062 15
1260 1038 1299 1063 se
1333 1027 1490 1072 gravari,
1532 1030 1615 1072 post
1648 1028 1895 1074 repetitionem
1928 1029 2154 1074 metropolita
2195 1039 2341 1066 causam

105 1070 136 1104 εἰ
161 1069 200 1104 δὲ
222 1073 409 1113 νομίσαιεν
433 1069 579 1104 ἑαυτοὺς
601 1071 848 1115 βεβαρῆσθαι,
869 1084 962 1115 μετα
992 1072 1061 1116 τὴν
1082 1077 1189 1108 απαί-

104 1127 209 1159 τησιν
240 1111 261 1149 ὁ
292 1114 556 1162 μητροπολίτης
585 1115 629 1150 τὸ
661 1116 810 1163 πρᾶγμα
841 1116 1048 1159 ἐξεταζέτω.
1097 1119 1128 1153 εἰ
1153 1116 1192 1152 δὲ

103 1159 364 1206 μητροπολίτης
395 1160 448 1204 εἴη
474 1159 494 1194 ὁ
520 1158 613 1195 κατά
637 1172 735 1196 τινος
763 1163 841 1196 τῶν
866 1163 1064 1207 εἰρημένων
1088 1175 1190 1211 προς·

106 1206 221 1241 ώπων
256 1205 320 1240 τὰς
356 1202 526 1240 τοιαύτας
561 1206 677 1240 αἰτίας
713 1206 881 1248 ἐξετάσας
922 1211 982 1241 καὶ
1015 1209 1058 1242 τὸ
1094 1212 1191 1255 χρέος

1260 1073 1448 1109 examinet.
1496 1072 1535 1108 Si
1564 1082 1648 1109 vero
1678 1074 1907 1118 metropolita
1936 1074 2046 1110 fuerit
2069 1077 2195 1111 contra
2217 1085 2340 1121 quam-

1260 1129 1367 1162 quam
1401 1118 1666 1163 praedictarum
1700 1128 1933 1164 personarum
1967 1119 2172 1156 huiusmodi
2210 1131 2340 1157 causas

1261 1163 1467 1199 examinans
1490 1165 1527 1199 et
1550 1163 1708 1199 debitum
1732 1165 1898 1209 exegerit,
1931 1166 1968 1200 et
1991 1169 2139 1201 exactus
2162 1167 2342 1211 putaverit

1260 1219 1300 1245 se
1322 1212 1524 1254 gravatum,
1550 1208 1733 1246 dioceseos
1756 1209 1852 1245 illius
1875 1209 2002 1246 beatus
2024 1210 2234 1264 patriarcha
2257 1221 2340 1247 cau-

104 1250 309 1296 εἰςπράξας,
342 1254 402 1285 καὶ
433 1248 453 1285 ὁ
479 1251 705 1297 εἱςπραχθεὶς
735 1256 881 1297 νομίσαι
906 1253 1038 1288 ἑαυτὸν
1061 1253 1190 1299 βεβλά·
1204 1255 1247 1288 20
1260 1265 1335 1290 sam
1370 1254 1588 1290 determinet.
1637 1254 1720 1290 Non
1757 1254 1850 1290 enim
1887 1255 2114 1292 concedimus
2150 1256 2340 1301 praedictis

105 1297 218 1343 φθαι,
236 1294 256 1331 o‘
276 1297 337 1341 τῆς
353 1294 445 1331 διοικ
459 1295 560 1331 ’σεως
577 1298 710 1340 ἐκείνης
725 1298 1000 1343 μακαριώτατος
1015 1298 1191 1346 πατριάρ-

103 1354 164 1386 χης
195 1342 238 1376 τὸ
270 1343 421 1388 πρᾶγμα
474 1345 674 1387 ιακρινέτω.
722 1340 808 1377 οὐδὲ
835 1343 906 1390 γὰρ
938 1346 1191 1391 συγχωροῦμεν

103 1391 177 1422 τοῖς
194 1390 460 1433 προειρημένοις
475 1385 679 1433 προςώποις
697 1388 758 1423 ἐπὶ
773 1389 852 1423 τῶν
867 1391 1192 1434 μνημονευθεισῶν

105 1434 236 1467 αἰτιῶν
267 1433 339 1478 πρὸ
371 1434 432 1476 τῆς
465 1431 658 1473 ἐξετάσεως
687 1436 747 1467 καὶ
777 1433 840 1477 τὴς
864 1431 1095 1478 ἀπαιτήσεως
1125 1436 1192 1470 τοῦ

1259 1300 1421 1345 personis
1451 1310 1518 1345 pro
1548 1299 1753 1335 memoratis
1784 1300 1901 1336 causis
1930 1304 2013 1337 ante
2043 1301 2341 1338 examinationem

1260 1349 1296 1381 et
1315 1345 1535 1382 exactionem
1560 1344 1671 1380 debiti
1694 1355 1759 1391 pro
1785 1345 1858 1381 rios
1881 1346 2070 1392 episcopos
2102 1346 2281 1383 declinare
2305 1351 2341 1384 et

1259 1391 1308 1426 ad
1331 1391 1404 1427 alia
1426 1391 1545 1427 venire
1567 1390 1709 1426 iudicia.
1757 1356 1795 1426 gi
1818 1391 1896 1436 quis
1921 1394 2041 1428 autem
2064 1401 2109 1428 ex
2124 1392 2340 1429 ecclesiasti-

1261 1436 1332 1480 cis,
1369 1436 1427 1471 cui
1459 1436 1579 1480 aliqua
1612 1436 1695 1471 talis
1727 1435 1945 1481 dispensatio
1983 1437 2119 1473 credita
2149 1441 2222 1482 est,
2257 1441 2342 1475 ante

103 1482 224 1525 χρέους
243 1478 324 1513 τοὺς
339 1476 449 1513 ἰδίους
473 1478 692 1515 ἐπισκόπους
715 1475 936 1526 ἀποφεύγειν
959 1483 1019 1514 καὶ
1034 1481 1082 1516 εἰς
1098 1479 1191 1515 ἄλλα
1204 1481 1247 1516 25
1260 1481 1438 1517 rationum
1461 1480 1721 1526 expositionem
1745 1485 1782 1517 et
1805 1481 2006 1518 debitorum
2029 1482 2242 1519 solutionem
2263 1493 2340 1520 mo-

105 1524 378 1570 παραγίνεσθαι
402 1522 626 1572 δικαστήρια.
674 1524 710 1558 εἴ
729 1536 780 1559 τις
803 1522 844 1559 δὲ
859 1527 897 1559 ἐκ
912 1525 991 1560 τῶν
1007 1525 1190 1570 ἐκκλησια-

105 1571 242 1604 στικαῑν
265 1582 350 1604 τινα
372 1568 546 1612 τοιαύτην
571 1567 749 1613 διοίκησιν
770 1570 1022 1614 ἐμπιστευθεὶς
1038 1571 1109 1617 πρὸ
1127 1573 1190 1615 τῆς

103 1616 182 1649 τῶν
199 1614 382 1661 λογισμῶν
397 1615 637 1660 παραθέσεως
653 1617 713 1649 καὶ
729 1616 791 1658 τῆς
806 1616 884 1650 τῶν
897 1615 1189 1661 ἐποφειλομένων

1258 1528 1384 1570 riatur,
1414 1527 1577 1563 iubemus
1602 1527 1678 1563 eius
1702 1526 1851 1563 heredes
1874 1527 1981 1564 simili
2002 1528 2108 1566 modo
2132 1530 2169 1565 et
2191 1528 2339 1566 rationi-

1258 1573 1328 1610 bus
1351 1576 1388 1609 et
1410 1571 1657 1610 exactionibus
1680 1572 1878 1609 subiacere.

104 1659 306 1705 καταβολῆς
334 1659 571 1703 τελευτήσειε,
603 1659 793 1705 κελεύομεν
823 1659 906 1696 τοὺς
931 1659 1041 1696 αὐτοῦ
1065 1661 1187 1707 κληρο-

104 1706 234 1750 νόμους
262 1704 356 1739 κατὰ
387 1705 455 1740 τὸν
486 1702 614 1750 ὅμοιον
644 1702 785 1750 τρόπον
817 1709 878 1740 καὶ
908 1710 981 1742 τοῖς
1008 1705 1188 1754 λογισμοῖς
1200 1708 1244 1743 30

103 1754 164 1786 καὶ
187 1754 265 1786 ταῖς
284 1747 527 1795 ἆπαιτήσεσιν
551 1748 781 1786 ὑποκεῖσθαι.

171 1878 197 1899 c.
213 1865 351 1899 XXIII
370 1875 408 1898 ex
428 1863 465 1898 B
488 1865 605 1908 repetit
618 1863 799 1899 Nomos-,dm
815 1865 879 1899 XI
884 1865 969 1899 Vtit.
984 1867 1017 1907 9,
1029 1873 1059 1906 1;
1082 1877 1122 1901 ex
1145 1867 1183 1909 S,
1208 1868 1266 1901 ubi
1280 1867 1375 1901 huius
1390 1866 1508 1911 capitis
1525 1843 1675 1911 excerpta
1691 1874 1814 1902 tantum
1831 1868 2000 1910 habentur,
2023 1868 2139 1911 repetit
2154 1867 2289 1903 Nomoc.
2306 1871 2339 1904 L

105 1912 184 1946 tiae
205 1924 240 1955 p.
257 1912 322 1946 613
345 1910 444 1943 Voell.
492 1910 625 1944 Initium
648 1910 708 1952 (—
734 1910 774 1944 13
799 1911 859 1942 καὶ
883 1909 1179 1955 εἰςπράττεσθαι)
1204 1914 1301 1947 habet
1319 1913 1527 1958 Epanaqoqe
1551 1914 1584 1955 9,
1600 1920 1644 1947 19.
1669 1931 1715 1938 —-
1735 1913 1898 1948 Summam
1917 1920 2070 1957 praestat
2091 1913 2225 1948 Nomoc.
2243 1915 2346 1950 XIV

103 1959 139 1991 tit
151 1959 183 2000 9,
196 1964 210 1991 1
228 1970 265 2001 p.
279 1957 345 1994 539
359 1955 473 1995 Pitra;
498 1955 574 1989 Ath.
598 1967 750 1989 summam
773 1962 921 1999 repetunt
938 1958 1102 2000 paratitlo
1125 1957 1202 1991 Am.
1217 1959 1238 1992 2
1253 1962 1309 1998 §2-
1726 1991 1728 1993 ,

101 2113 233 2156 causis,
256 2112 330 2149 sive
348 2111 449 2159 apud
469 2110 787 2158 metropolitanum
808 2121 914 2147 suum
936 2111 1012 2147 sive
1027 2111 1129 2158 apud
1144 2111 1402 2159 patriarcham
1425 2111 1499 2148 sive
1517 2111 1620 2158 apud
1638 2111 1732 2147 alios
1754 2122 1998 2158 quoscumque
2020 2111 2156 2149 iudices
2177 2114 2340 2163 episcopi

101 2157 374 2201 conveniuntur,
404 2156 506 2193 nulla
529 2157 575 2193 ab
598 2156 645 2192 iis
664 2155 852 2202 fideiussio
884 2160 949 2192 aut
965 2156 1165 2203 promissio
1194 2168 1266 2203 pro
1292 2157 1355 2193 lite
1377 2158 1564 2203 eoi-iomar,
1595 2157 1649 2193 ita
1675 2162 1793 2192 tamen
1824 2160 1866 2194 ut
1894 2158 1969 2204 ipsi
1998 2167 2142 2204 quoque
2171 2158 2341 2196 studeant

102 2216 124 2240 a
147 2204 269 2240 causis
290 2203 363 2239 sibi
383 2202 496 2238 illatis
518 2213 596 2239 sese
619 2201 804 2249 expedire.

236 2248 372 2284 XXIII.
423 2247 645 2285 Oeconomos
668 2250 787 2282 autem
810 2250 847 2283 et
866 2246 1155 2294 ptochotrophos
1177 2250 1214 2284 et
1233 2246 1470 2284 xenodochos
1500 2250 1536 2284 et
1557 2258 1772 2283 nosocomos
1803 2250 1838 2283 et
1860 2250 2061 2283 ceterarum
2084 2248 2340 2286 venerabilium

100 2295 270 2331 domuum
295 2293 610 2330 administratores
634 2296 744 2345 atque
767 2297 905 2328 ceteros
929 2292 1081 2328 clericos
1105 2303 1228 2328 omnes
1250 2293 1410 2329 iubemus
1433 2292 1478 2329 de
1501 2293 1699 2329 commissis
1729 2293 1820 2339 ipsis
1842 2292 2217 2330 administrationibus
2239 2306 2263 2331 a
2290 2295 2342 2332 ud

100 2341 308 2387 episcopum
331 2351 435 2375 suum
459 2339 518 2374 cui
540 2338 690 2374 subiecti
714 2341 800 2373 sunt
822 2337 1044 2385 respondere
1067 2341 1103 2374 et
1124 2338 1287 2374 rationes
1310 2338 1637 2374 administrationis
1659 2349 1749 2373 suae
1770 2337 1938 2381 reddere,
1969 2340 2078 2385 atque
2101 2339 2206 2386 exiqi
2293 2341 2340 2377 iis

100 2387 133 2421 si
157 2385 246 2432 quid
267 2396 329 2421 eos
352 2385 479 2421 debere
503 2384 586 2420 inde
606 2383 801 2431 probatum
825 2383 891 2428 sit,
926 2383 983 2418 illi
1005 2383 1201 2420 venerabili
1232 2383 1355 2420 domui
1383 2383 1607 2420 reddendum
1636 2384 1738 2419 cuius
1767 2394 1819 2419 ex
1841 2383 2154 2420 administratione
2183 2384 2339 2422 debitum

101 2430 327 2478 apparuerit.
377 2429 419 2465 Si
443 2434 562 2466 autem
584 2440 624 2464 se
645 2433 822 2475 qravatos
837 2431 983 2476 putent,
1013 2432 1100 2475 post
1122 2428 1352 2465 exactionem
1375 2429 1678 2476 metropolitanus
1708 2439 1784 2465 rem
1807 2427 2001 2465 examinet.
2047 2427 2187 2480 Quodsi
2208 2435 2339 2467 metro—

94 2478 287 2523 politanus
309 2475 358 2511 sit
381 2476 445 2522 qui
468 2479 597 2511 eontra
621 2475 782 2520 aliquam
806 2484 856 2510 ex
873 2473 1079 2521 praedictis
1095 2475 1269 2521 personis
1292 2474 1468 2510 eiusmodi
1491 2484 1623 2510 causas
1645 2474 1909 2510 examinaverit
1930 2477 1965 2510 et
1988 2473 2143 2510 debitum
2163 2476 2339 2523 exeqerit,

102 2526 211 2574 atque
234 2522 267 2556 is
289 2531 314 2556 a
364 2532 409 2556 uo
432 2524 602 2557 exactum
626 2524 681 2555 est
702 2530 741 2555 se
763 2519 976 2555 detrimento
1001 2519 1172 2566 affectum
1200 2529 1277 2556 esse
1293 2523 1420 2567 putet,
1452 2519 1626 2555 dioecesis
1654 2519 1752 2554 itlius
1775 2518 2000 2554 beatissimus
2021 2519 2242 2566 patriarcha
2262 2531 2340 2557 rem

102 2566 283 2602 diiudicet.
331 2531 458 2612 itaque
488 2566 581 2601 enim
607 2564 809 2611 praedictis
834 2564 1008 2611 personis
1033 2565 1277 2612 permittimus
1306 2565 1345 2600 in
1374 2565 1580 2601 memoratis
1611 2564 1732 2600 causis
1762 2569 1847 2600 ante
1869 2575 2024 2600 examen
2055 2569 2091 2600 et
2113 2566 2340 2602 exactionem

102 2612 213 2647 debiti
234 2612 425 2658 episcopos
447 2622 534 2646 suos
554 2610 689 2657 fuqere
711 2614 822 2656 atque
845 2610 895 2645 ad
918 2610 993 2646 alia
1017 2609 1151 2646 iudicia
1174 2610 1306 2647 venire.
1354 2609 1396 2645 Si
1411 2611 1494 2657 quis
1517 2613 1635 2645 autem
1658 2620 1708 2645 ex
1723 2609 1974 2646 ecclesiasticis
1996 2609 2056 2645 cui
2072 2609 2164 2662 ,tatis
2186 2610 2339 2647 admini-

101 2656 232 2693 stratio
257 2656 447 2692 commissa
471 2660 525 2692 est
548 2662 633 2691 ante
656 2656 817 2691 rationes
840 2654 1004 2691 redditas
1026 2659 1062 2691 et
1085 2655 1205 2692 debita
1227 2654 1351 2692 soluta
1374 2655 1576 2700 decesserit,
1600 2655 1761 2691 iubemus
1784 2653 1934 2691 heredes
1955 2655 2033 2691 eius
2047 2654 2157 2691 simili
2179 2655 2284 2693 modo
2303 2659 2341 2693 et

101 2701 307 2738 rationibus
329 2705 365 2736 et
386 2700 640 2738 exactionibus
662 2700 786 2736 subici.

1326 2859 1343 2892 1
1368 2868 1430 2901 pro
1453 2857 1575 2900 quibus
1596 2858 1738 2902 Vvuqu
1763 2868 1820 2891 om.
1845 2857 1927 2896 RT;
1958 2857 2018 2900 leq.
2040 2855 2135 2890 sive?
2160 2856 2173 2901 ΙΙ
2200 2858 2220 2891 3
2244 2857 2339 2891 fidei·

1255 2903 1403 2937 iussione
1424 2903 1458 2936 V
1474 2902 1764 2936 fidemiussionem
1790 2903 1822 2936 T
1832 2902 1845 2946 ΙΙ
1864 2905 1883 2936 5
1904 2902 1957 2941 tfn'
1975 2902 2007 2935 V
2020 2901 2033 2945 fl
2048 2901 2106 2934 isti
2122 2903 2156 2935 T
2179 2902 2234 2934 i·-
2254 2902 2302 2936 12¹
2325 2902 2338 2947 ΙΙ

1256 2951 1275 2983 7
1291 2951 1379 2983 rubr.
1404 2949 1453 2981 De
1477 2947 1802 2981 aministrationibus
1826 2950 1859 2989 (l.
1881 2945 2217 2989 administratoribus)
2235 2957 2337 2980 uene-

1254 2994 1411 3027 rabilium
1435 2992 1585 3026 locorum
1608 2995 1746 3037 propter
1768 2991 2088 3025 administrationem
2111 3001 2203 3024 suam
2227 2992 2268 3025 ad
2284 2992 2337 3026 iu-

1256 3039 1382 3072 dicium
1404 3039 1533 3071 uocatis
1553 3039 1586 3071 T
1595 3040 1627 3071 in
1641 3050 1743 3080 marq.
1760 3039 1810 3077 (ex
1823 3037 1909 3079 Iul.).
1946 3036 1987 3069 In
2003 3048 2088 3079 seqq.
2109 3038 2258 3071 rubricae
2274 3050 2337 3071 non

1255 3086 1320 3118 iam
1342 3085 1539 3116 adnotantur
1554 3082 1567 3124 ΙΙ
1585 3083 1705 3115 Iconos
1731 3082 1764 3115 T
1771 3082 1781 3102 ¹
1797 3081 1810 3120 ΙΙ
1826 3080 2030 3114 xenodothos
2051 3079 2108 3125 Vu
2123 3082 2338 3116 nosochomos

1258 3129 1290 3162 T
1304 3128 1316 3172 ΙΙ
1333 3129 1353 3162 8
1369 3127 1608 3172 ptocotrophos
1628 3127 1663 3161 V
1678 3127 1937 3169 ptochotrochos
1952 3125 1985 3158 R
2001 3125 2014 3169 ΙΙ
2034 3127 2073 3160 11
2090 3126 2238 3160 subiacet
2251 3128 2337 3162 RT¹

1772 3171 2026 3213 gubernationis
2039 3181 2096 3204 sue
2108 3172 2271 3205 rationem
2287 3172 2338 3216 ΤΙΙ

172 2861 189 2894 1
215 2857 356 2900 αἰτιῶν,
388 2842 471 2898 εἴτε]
506 2857 615 2890 causis
639 2868 700 2900 pro
724 2857 847 2900 quibus
870 2869 891 2895 ς
917 2858 930 2902 ΙΙ
962 2860 982 2893 2
1006 2857 1107 2903 παρὰ
1131 2858 1185 2901 τῷ

102 2903 306 2950 πατριάρχῃ
330 2903 396 2937 BC!
406 2904 541 2937 Nomoc.
560 2903 592 2935 L
615 2904 661 2936 tit.
692 2902 705 2946 ΙΙ
731 2905 755 2937 4
785 2899 894 2946 δίκης]
930 2900 1137 2946 διοικήσεως
1161 2905 1188 2938 8

98 2952 254 3029 piavi
264 2951 277 2993 ¹¹
295 2951 314 2983 ⁷
329 2946 1088 3028 ⁰⁰⁹⁰-X²{fi‚{{p5233⁶25'“23⁴2{22‘2’{1133⁸25²⁵⁰5523
1104 2948 1187 3028 {2²³⁹

101 3007 209 3075 3³<pr
207 3004 355 3074 gig-‘3¹³3‘
361 3006 441 3072 ῙτΤίῖΙν
441 3040 483 3072 in.
494 3005 586 3079 (61ι12,
596 3039 640 3079 11)
656 3036 772 3071 omBs
787 3038 799 3081 ΙΙ
817 3035 839 3080 ἢ
851 3019 1130 3092 πτωχοτρόφους
1142 3008 1186 3082 L,

102 3089 162 3120 καὶ
192 3083 472 3129 πτωχοτρόφους
498 3090 573 3126 post
604 3083 624 3116 8
651 3083 711 3115 καὶ
734 3094 951 3127 νοσοκομους
981 3086 1051 3118 coll.
1075 3087 1184 3128 Epan.

101 3133 165 3166 Iul.
181 3143 201 3168 ς
226 3131 232 3175 Ι
270 3133 290 3165 8
313 3129 395 3164 τοὺς
418 3140 474 3163 om.
491 3127 645 3163 Nomoff
661 3127 673 3170 ss
705 3129 745 3162 10
771 3128 1094 3171 έμπιστευθέντων
1117 3130 1187 3164 Νο-

102 3181 208 3211 ηιοε.”ῑ
241 3176 246 3221 Ι
267 3177 307 3210 13
330 3172 563 3219 πληροῦσθαι
577 3173 687 3215 Epan.
706 3171 711 3216 1
737 3175 778 3206 16
795 3176 982 3215 νομίσαιεν
995 3174 1185 3215 Nomocfim]

101 3225 287 3266 νομίσοιεν
311 3221 422 3255 MLB
447 3219 460 3263 ΙΙ
490 3220 533 3253 20
558 3218 702 3262 εἰςπραχ
735 3218 774 3250 ἐν
799 3218 951 3252 Nemaea
975 3219 986 3262 ΙΙ
1015 3218 1185 3262 *νομίσαι
1513 3253 1518 3260 ,
1695 3260 1702 3267 .
1736 3260 1743 3267 .
2029 3261 2036 3268 ·
2235 3262 2242 3269 .

103 3269 144 3302 M
152 3268 228 3301 LB
258 3266 271 3311 ΙΙ
297 3263 533 3311 βεβαρῆσθαι
557 3264 587 3296 L
602 3274 622 3300 ς
649 3263 662 3306 ΙΙ
692 3264 734 3297 22
766 3258 808 3296 οὗ
832 3261 902 3309 γὰρ
927 3264 959 3297 L
987 3264 999 3307 ΙΙ
1028 3266 1068 3298 23
1096 3265 1184 3310 εἰρη-
1255 3263 1476 3296 ostenduntur
1498 3261 1575 3295 VR²
1590 3260 1603 3305 ss
1627 3262 1669 3295 13
1693 3260 1746 3293 1111
1771 3272 1827 3294 om.
1843 3262 1873 3294 R.
1892 3260 1904 3305 ΙΙ
1926 3261 2039 3294 domui
2062 3262 2109 3304 (et
2131 3262 2245 3295 domui
2271 3263 2304 3296 T
2312 3262 2336 3303 ¹)

101 3315 219 3357 μένοις
242 3310 422 3346 Νονηοο.ᾶ’”
448 3310 460 3353 ΙΙ
487 3311 530 3344 25
555 3310 615 3341 καὶ
638 3318 695 3341 om.
712 3308 896 3351 Splerique
911 3308 923 3352 ΙΙ
951 3310 992 3343 26
1017 3309 1048 3341 εἰ
1071 3307 1114 3342 δέ
1134 3320 1186 3343 τις
1255 3307 1457 3341 reddendum
1472 3306 1527 3348 ΤΙΙ
1549 3307 1590 3340 14
1603 3306 1820 3349 appauruerit
1837 3305 1895 3350 Vn
1909 3307 2082 3357 putauerit
2098 3307 2334 3351 R’Tpuu·

102 3360 134 3392 L
151 3359 163 3402 11
181 3359 220 3391 ἐκ
244 3369 299 3390 om.
318 3358 450 3391 Nomoc.
465 3355 557 3389 Ltit.
582 3355 596 3398 ΙΙ
620 3354 663 3388 29
688 3350 920 3396 *τελευτήσω
935 3351 1141 3401 (τελευτήσῃ
1158 3355 1187 3388 S
1255 3352 1304 3386 Β*
1332 3352 1345 3395 ΙΙ
1376 3354 1417 3386 15
1440 3351 1686 3394 metropolitam
1710 3351 1762 3384 Ra
1792 3351 1804 3395 ΙΙ
1833 3353 1874 3385 18
1899 3354 2106 3384 exammatus
2134 3352 2227 3395 libri,
2252 3365 2335 3386 corr.

102 3417 195 3446 unus,
218 3399 422 3445 τελευτήσει
446 3400 579 3434 Nomou.
592 3400 624 3433 L
638 3399 697 3441 tit.)
721 3399 862 3432 MLBS
879 3400 892 3441 ΙΙ
913 3400 954 3432 31
971 3399 1047 3432 ΑιΙι.
1069 3401 1100 3433 in
1118 3401 1184 3443 epi-
1253 3398 1336 3441 vulq.
1356 3396 1369 3440 ΙΙ
1386 3397 1527 3438 exigerit
1549 3397 1630 3430 VT¹
1647 3396 1659 3442 ΙΙ
1687 3398 1727 3430 19
1752 3396 1958 3448 beatissimus
1981 3397 2066 3441 vuly.
2085 3397 2099 3441 fl
2122 3398 2162 3431 21
2213 3398 2337 3450 ersonis

103 3457 181 3483 tome
198 3450 280 3482 inter
297 3450 407 3491 capita
420 3446 558 3480 XXIII
568 3452 597 3478 et
608 3444 706 3478 XXI
712 3444 832 3478 Vhaec
849 3444 960 3478 inserit
979 3445 1130 3487 (repetita
1152 3446 1183 3478 in
1255 3453 1310 3476 om.
1324 3442 1373 3475 R¹
1398 3441 1411 3485 ΙΙ
1436 3442 1573 3474 moratis
1599 3442 1632 3475 T
1639 3442 1649 3463 ¹
1671 3441 1684 3486 ΙΙ
1714 3443 1757 3476 22
1783 3445 1816 3474 et
1839 3444 2044 3489 exactionem
2068 3453 2123 3475 om.
2145 3442 2180 3476 V
2224 3442 2337 3476 doben

103 3496 236 3528 Nomoc.
250 3494 282 3526 L
296 3493 395 3527 tit.20
408 3505 441 3535 p.
453 3492 517 3526 628
536 3491 668 3531 Voell.):
693 3485 713 3522 ὁ
730 3485 895 3534 κληρικὸς
917 3486 1016 3532 παρὰ
1036 3487 1185 3534 γνώμην
1258 3487 1306 3521 T¹
1324 3487 1336 3530 ΙΙ
1354 3486 1534 3530 episcopos]
1560 3486 1688 3520 debitos
1705 3486 1753 3520 13¹
1771 3486 1784 3530 ss
1800 3488 1841 3521 23
1864 3487 1916 3528 ad]
1936 3486 1977 3519 ab
1993 3486 2043 3539 R}
2061 3486 2073 3531 ΙΙ
2090 3497 2129 3520 ex
2153 3487 2270 3521 om.R¹
2283 3486 2337 3532 ΤΙΙ

102 3540 167 3572 τοῦ
191 3536 282 3572 ἰδίου
307 3536 506 3573 ἐπισκόπου
537 3534 586 3580 μὴ
611 3530 862 3579 ἀποδημείτω,
890 3533 954 3568 τὰς
976 3536 1184 3579 προειρημέ-
1255 3531 1494 3565 ecclesiasticus
1510 3531 1566 3576 Tu
1584 3534 1626 3566 24
1639 3531 1774 3565 condita
1793 3533 1842 3564 Va
1857 3532 1869 3571 ΙΙ
1887 3535 1964 3565 ante
1977 3534 2157 3573 ratmnum]
2174 3542 2195 3565 a
2208 3533 2336 3585 nostro-

102 3595 166 3618 νας
197 3582 322 3618 ποινὰς
351 3579 628 3625 εὐλαβούμενος,
664 3575 706 3614 ἃς
736 3578 829 3613 κατὰ
863 3579 941 3613 τῶν
972 3578 1185 3614 ἐπισκόπων
1253 3588 1326 3611 rum
1351 3578 1400 3610 R¹
1437 3580 1515 3610 ante
1539 3577 1684 3611 horum?
1708 3576 1758 3610 13³
1780 3575 1793 3620 ΙΙ
1820 3578 1861 3611 25
1887 3577 2130 3629 expositionum
2151 3578 2184 3611 R
2207 3576 2220 3629 Ι]
2244 3577 2335 3610 deln-

103 3628 283 3675 ἐπήγαγεν
306 3624 327 3671 ἡ
350 3625 519 3666 διάταξις.
572 3626 696 3665 Quibus
715 3637 800 3670 quae
822 3626 1038 3669 respondeant
1062 3627 1095 3659 in
1111 3637 1185 3659 con·
1254 3625 1363 3655 tarum
1386 3622 1506 3667 R¹Tll
1530 3624 1572 3658 26
1597 3623 1669 3656 eius
1691 3621 1841 3662 heredes]
1865 3623 2000 3656 heredes
2023 3631 2096 3656 ems
2117 3621 2168 3656 1⁷⁸
2191 3632 2262 3655 eius
2284 3622 2335 3656 V¹

103 3682 188 3708 textu
212 3675 357 3708 novellae
380 3686 443 3706 non
468 3673 674 3706 inveniuntur
1253 3679 1309 3702 eos
1331 3668 1367 3701 R

1255 3172 1440 3206 subiaceret
1456 3172 1490 3206 V
1501 3172 1514 3216 ΙΙ
1532 3171 1663 3205 :ueniri
1679 3171 1727 3204 T¹
1745 3171 1757 3213 11

1257 3219 1298 3252 12
1312 3228 1350 3250 ex
1363 3217 1444 3260 ipsis
1457 3218 1560 3258 vulo]
1580 3218 1613 3249 et
1628 3216 1692 3259 ipsi
1711 3217 1786 3250 libri
1796 3214 1808 3261 ΙΙ
1819 3216 2014 3249 ostendatur
2028 3216 2061 3249 T
2067 3215 2078 3236 ¹
2098 3217 2276 3250 ostendant
2287 3217 2337 3251 R*
