2592 3840
241 74 348 118 Nov.
363 75 590 120 LXXXIX
618 89 680 133 pr.
716 132 720 137 .
1314 75 1397 123 428
1843 93 2006 132 Qumus
2033 93 2169 128 noms
2197 56 2462 131 mmanns

241 186 349 220 τοῦτο
380 192 504 222 τοίνυν
536 185 596 223 ἐπ’
624 185 804 234 ἀσφαλείᾳ
834 190 912 223 τῶν
935 185 1119 233 ἡμετέρων
1147 186 1322 232 ὑπηκόων
1390 192 1515 235 pterea
1533 189 1642 235 igitur
1662 190 1700 226 in
1721 190 1982 228 observantiam
2000 195 2203 230 nostrorum
2223 195 2462 233 subiectorum

241 231 453 277 βουλόμεθα
476 234 592 267 ταῦτα
616 232 971 278 παραφυλάττεσθαι
996 231 1070 267 ἀπὸ
1087 235 1152 268 τοῦ
1171 236 1240 269 νῦν
1262 238 1322 268 καὶ
1391 236 1552 270 volumus
1583 235 1672 271 haec
1703 236 1874 273 custodiri
1905 238 2033 274 amodo
2068 241 2106 274 et
2139 239 2183 275 de
2213 244 2331 278 cetero
2365 241 2462 278 omni

243 277 291 310 εἰς
320 277 388 311 τὸν
419 278 497 321 ἑξῆς
529 274 678 312 ἅπαντα
708 279 851 323 χρόνον,
884 275 972 312 ὥςτε
1004 275 1200 314 ἀθάνατον
1229 279 1322 314 εἶναι
1390 282 1560 324 tempore,
1591 284 1633 315 ut
1655 281 1854 318 immortale
1882 282 1929 318 sit
1959 283 2065 319 huius
2096 288 2239 320 nostrae
2268 287 2462 323 sanctionis

243 321 375 366 ταύτης
397 321 501 367 ἡμῶν
524 324 586 365 τῆς
610 323 829 367 νομοθεσίας
851 323 920 367 τὴν
944 320 1121 370 ὠφέλειαν
1144 326 1196 368 τῷ
1221 323 1322 360 πολι·
1390 325 1554 360 iuvamen
1581 326 1816 378 respublicae,
1851 327 2091 364 iudicantibus
2143 329 2259 365 uidem
2290 332 2394 367 nobis
2423 331 2462 367 in

243 367 409 410 τεύματι,
436 366 619 409 δικάζουσι
641 369 709 411 μὲν
733 366 819 422 ἡμῖν
843 370 883 403 ἐν
899 369 952 412 νῷ
973 372 1174 415 γενομένης,
1197 370 1262 404 τὸν
1283 368 1323 404 δὲ
1358 373 1377 405 5
1391 373 1542 405 mentem
1565 372 1753 415 vementis,
1785 376 2007 417 praesentem
2030 383 2113 409 vero
2150 384 2248 420 egem
2279 386 2462 412 commune

244 413 410 467 παρόντα
438 414 553 466 νόμον
583 412 708 456 κοινὴν
732 412 909 459 ωφέλειαν
939 415 991 456 τῷ
1017 411 1176 461 ἡμετέρῳ
1201 414 1321 450 τεκού-
1391 415 1554 451 iuvamen
1577 417 1706 452 nostris
1729 417 1901 462 parientis
1925 418 2106 454 subiectis.

244 468 266 491 σ
292 469 307 491 S
331 471 381 492 υπ
406 471 490 491 now.

268 471 567 549 η<Ἐπ7ι7ἰ1ογοεκ>
619 500 667 537 ‘H
695 507 820 538 τοίνυν
855 503 900 547 σὴ
937 501 1091 550 ὑπεροχὴ
1126 504 1171 539 τοὶ
1207 517 1322 551 παρα·
1433 505 1701 551 (Epilogus.)
1746 506 1826 542 Tua
1847 507 1956 551 igitur
1979 508 2169 544 eminentia
2200 518 2292 562 quae
2317 507 2462 554 placue-

244 546 383 581 στάντα
406 545 492 592 ἡμῖν
516 551 575 582 καὶ
599 546 658 582 διὰ
682 546 789 582 τοῦδε
812 550 876 582 τοῦ
901 548 1005 584 θείου
1034 548 1235 595 δηλούμενα
1260 549 1321 584 νό-
1389 552 1473 585 runt
1503 550 1605 586 nobis
1641 554 1677 587 et
1707 561 1771 596 per
1804 552 1898 588 hano
1933 553 2086 589 divinam
2118 554 2346 590 manifestata
2378 557 2463 590 sunt

243 605 310 636 μου
334 594 425 638 ἔργῳ
450 596 509 626 καὶ
534 596 662 638 πέρατι
686 592 914 639 παραδοῦναι
946 598 1005 629 καὶ
1029 596 1076 629 εἰς
1098 593 1141 629 τὸ
1167 593 1322 637 διηνεκὲς
1339 598 1376 630 10
1390 595 1500 639 legem
1524 596 1624 641 operi
1648 597 1860 641 effectuique
1880 598 2021 634 tradere
2045 602 2083 635 et
2105 598 2141 634 in
2165 603 2376 651 perpetuum
2398 599 2463 635 ob-

243 637 538 683 παραφυλάττειν
562 636 764 673 σπευσάτω.
847 639 928 675 Dat.
955 640 991 676 k.
1021 639 1117 685 Sept.
1143 640 1211 676 ΟΡ.
1236 641 1318 686 imp.
1389 650 1529 676 servare
1551 641 1706 677 festinet.
1762 642 1845 677 Dat.
1866 643 1937 678 kal.
1960 643 2046 679 Dec.
2073 643 2141 679 ΟΡ.
2167 655 2250 689 imp.
2273 644 2332 680 dn.
2356 643 2463 680 lusti-

243 682 302 717 du.
320 682 504 718 Iustiniani
526 694 587 729 pp.
610 685 701 729 Aug.
727 693 822 720 anno
838 683 938 721 XIII.
963 685 1103 731 Apione
1123 697 1155 721 v.
1171 696 1202 722 c.
1221 696 1319 722 cons.
1373 686 1486 765 3niani
1517 696 1575 730 pp.
1586 689 1691 766 uaeltug.
1724 696 1818 723 anno
1842 687 1941 724 XllI.
1965 688 2131 734 Appione
2161 689 2236 726 viro
2265 688 2462 726 clarissimo

1288 734 1334 773 [a.
1350 734 1368 766 5
1395 734 1427 773 9]
1497 741 1583 766 cons
1623 741 1652 767 e.

751 913 815 957 ιΤθ
1827 922 2025 959 LXXXIX.
2197 923 2362 961 eolivn
2377 924 2432 960 tit.
2445 927 2461 960 1

458 986 637 1041 ΠΕΡΙ
666 987 815 1041 ΤΩΝ
843 987 1115 1042 ΝΟΘῼΝ.
1336 991 1436 1041 153
1481 991 1734 1050 QUIBUS
1780 990 2001 1042 MODIS
2050 992 2462 1044 NATURALES

1388 1058 1854 1109 EFFICIUNTUR
1898 1059 2033 1119 SUI,
2084 1061 2174 1110 ET
2218 1060 2313 1110 DE
2356 1059 2464 1110 Eo-

1388 1127 1534 1177 RUM
1568 1128 1662 1176 EX
1698 1126 2162 1177 TESTAMENTO
2208 1126 2339 1178 SEU
2373 1126 2463 1177 AB

1445 1193 1838 1244 INTESTATO
1875 1194 2332 1245 SUCOESSIONE
2361 1195 2415 1245 R

240 1267 490 1317 Αὐτοκράτωρ
511 1268 765 1305 ’Ῑουστινιανὸς
788 1268 996 1317 Αὔγουστος
1010 1267 1160 1317 Ἰωάννῃ
1185 1271 1239 1314 τῷ
1263 1271 1318 1304 ἐν·
1599 1272 1699 1307 Idem
1721 1273 1813 1317 Aug.
1837 1272 1988 1308 Iohanni
2010 1283 2069 1317 pp.
2092 1271 2260 1308 secundo.

241 1313 427 1358 δοξοτάτῳ
449 1316 592 1363 ἐπάρχῳ
610 1317 687 1349 τῶν
703 1313 931 1350 ἀνατολικῶν
949 1319 1186 1362 πραιτωρίων
1205 1314 1249 1351 τὸ
1265 1315 1319 1360 β’,
1333 1319 1375 1353 20

383 1357 456 1395 ἀπὸ
481 1359 633 1396 ὑπάτων
658 1358 881 1407 ὄρδιναρίων
904 1364 964 1395 καὶ
988 1365 1178 1407 πατρικίῳ.

285 1429 343 1474 (Π
348 1432 447 1474 ροοί
452 1428 585 1473 μιον.)
633 1427 678 1461 Τὸ
696 1429 773 1463 τῶν
794 1428 926 1462 νόθων
941 1425 1059 1470 ὄνομα
1074 1430 1118 1476 τῇ
1133 1426 1321 1475 Ῥωμαίων
1432 1428 1582 1482 <Praef
1589 1427 1716 1474 atio.)
1761 1428 1988 1464 Naturalium
2011 1438 2139 1464 nomen
2155 1429 2338 1465 Romanae
2359 1428 2464 1474 legis-

241 1474 444 1528 νομοθεσίᾳ
468 1474 596 1518 πρώην
627 1470 668 1507 οὐ
694 1470 958 1507 διεσπούδαστο
982 1470 1068 1507 οὐδε·
1086 1485 1140 1508 τις
1162 1476 1207 1517 ῆν
1239 1477 1321 1519 περὶ
1388 1474 1516 1509 lationi
1547 1474 1679 1508 dudum
1709 1484 1783 1510 non
1815 1478 1891 1509 erat
1919 1474 1957 1509 in
1987 1474 2161 1518 studium,
2190 1484 2258 1510 nec
2289 1473 2467 1520 quaelibet

242 1519 331 1553 αυτὸ
387 1518 641 1563 ιλανθρωπία,
675 1515 756 1552 ἀλλ’
785 1515 832 1552 ὠς
863 1515 1017 1563 ἔκφυλόν
1045 1533 1082 1552 τι
1106 1522 1165 1552 καὶ
1189 1531 1320 1553 παντε-
1390 1519 1486 1554 circa
1510 1519 1579 1554 hoc
1601 1519 1721 1554 fuerat
1744 1519 1965 1562 humanitas,
2001 1519 2065 1554 sed
2087 1521 2269 1564 tamquam
2297 1519 2464 1564 alienige·

242 1563 311 1598 λῶς
334 1533 525 1609 ἆΐλότριον
542 1565 606 1599 τοῦ
623 1562 883 1608 πολιτεύματος
908 1565 1108 1607 ἐνομίζετο·
1135 1566 1172 1597 ἐκ
1189 1562 1229 1597 δὲ
1244 1565 1321 1598 τῶν
1335 1569 1375 1601 25
1389 1576 1473 1600 num
1498 1564 1631 1608 aliquid
1654 1569 1690 1600 et
1712 1564 1853 1599 omnino
1882 1564 2037 1599 alienum
2061 1574 2084 1600 a
2106 1564 2292 1610 republica
2313 1565 2464 1611 putaba-

243 1613 528 1644 Κωνσταντίνου
563 1610 628 1643 τοῦ
658 1610 722 1651 τῆς
752 1606 918 1652 εὐσεβοῦς
949 1606 1080 1651 λήξεως
1106 1606 1251 1654 χρόνων
1281 1611 1321 1644 ἐν
1390 1614 1465 1654 tur3
1490 1620 1513 1645 a
1530 1609 1753 1645 Constantini
1775 1619 1857 1645 vero
1881 1610 1962 1655 piae
1978 1610 2169 1646 memoriae
2191 1609 2412 1656 temporibus
2427 1609 2464 1645 in

242 1658 315 1688 τοῖς
339 1656 416 1689 τῶν
435 1652 639 1694 διατάξεων
662 1651 840 1700 ἐνεγράφη
863 1652 1027 1698 βιβλίοις,
1052 1654 1129 1688 εἶτα
1147 1654 1240 1688 κατὰ
1263 1669 1321 1698 μι-
1390 1654 1683 1690 constitutionum
1714 1655 1886 1700 scriptum
1919 1657 1972 1690 est
1994 1653 2115 1698 libris,
2147 1655 2272 1691 deinde
2295 1654 2466 1701 paulatim

242 1700 330 1745 κρὸν
365 1700 413 1734 εἰς
446 1699 665 1745 μετριότητα
704 1703 763 1733 καὶ
799 1696 1070 1745 φιλάνθρωπον
1101 1697 1253 1744 γνώμην
1289 1699 1324 1734 οἱ
1389 1701 1426 1735 in
1445 1700 1722 1736 mediocritatem
1745 1700 2022 1744 clementemque
2041 1700 2254 1736 sententiam
2273 1700 2464 1747 imperato-

243 1743 500 1791 αὐτοκράτορες
528 1744 768 1789 μετελθόντες
796 1742 922 1788 νόμους
954 1745 1096 1786 ἔθεντο,
1120 1744 1156 1778 οἱ
1172 1746 1239 1788 μὲν
1263 1748 1322 1778 καὶ
1389 1755 1446 1781 res
1467 1747 1694 1780 transeuntes
1716 1745 1750 1780 le
1773 1755 1812 1780 es
1835 1749 2051 1790 posuerunt,
2079 1745 2142 1781 alii
2164 1745 2306 1790 quidem
2329 1747 2367 1782 et
2389 1744 2467 1781 dari

243 1789 418 1825 δίδοσθαι
447 1793 507 1823 καὶ
530 1789 878 1834 καταλιμπάνεσθαί
899 1802 935 1823 τι
958 1786 1098 1823 τούτοις
1121 1790 1220 1835 παρὰ
1245 1791 1322 1824 τῶν
1335 1794 1377 1825 30
1390 1793 1428 1826 et
1457 1790 1608 1834 relinqui
1639 1790 1747 1835 aliqui
1805 1790 1856 1826 eis
1887 1801 1910 1825 a
1932 1790 2095 1835 patribus
2120 1790 2368 1834 concedentes,
2399 1789 2465 1826 ali-

243 1839 413 1881 πατέρων
437 1832 631 1878 ἀξιοῦντες,
656 1834 692 1868 οἱ
715 1832 754 1868 δὲ
775 1838 835 1868 καὶ
856 1836 1082 1869 ἐπινοοῦντες
1104 1834 1244 1880 τρόπον
1268 1833 1319 1868 δι’
1392 1836 1452 1881 qui
1475 1840 1594 1871 autem
1618 1836 1724 1882 etiam
1747 1835 2012 1871 adinvenientes
2035 1834 2179 1871 modum
2199 1845 2266 1880 per
2281 1845 2385 1881 quem
2400 1845 2464 1871 na-

243 1881 284 1915 οὑ
304 1883 367 1924 τῆς
390 1881 539 1914 νοθείας
562 1877 825 1928 ἀπαλλαγέντες
843 1880 906 1923 τῆς
922 1880 1133 1924 ἑζαπροσθεν
1155 1883 1319 1926 γε’νοιντο
1388 1881 1495 1916 turali
1517 1881 1595 1916 iure
1615 1880 1727 1926 priori
1750 1880 1892 1916 liberati
1914 1880 2060 1925 legitimi
2082 1879 2209 1916 fierent
2235 1882 2271 1916 et
2292 1884 2465 1926 paternae

241 1923 385 1973 γνήσιοι
418 1929 479 1959 καὶ
513 1927 576 1969 τῆς
606 1925 777 1970 πατρῴας
813 1929 1016 1971 περιουσίας
1048 1923 1225 1967 διάδοχοι·
1264 1929 1324 1959 καὶ
1392 1926 1613 1962 substantiae
1636 1935 1879 1970 successores;
1903 1926 2147 1970 paulatimque
2166 1925 2274 1961 etiam
2290 1926 2337 1961 ad
2357 1935 2464 1971 nepo-

310 2018 396 2052 No'v.
411 2017 616 2051 LXXXIX
635 2018 692 2058 (=
720 2017 801 2050 Gall.
825 2016 897 2050 VII
916 2018 962 2050 tit.
984 2018 1020 2050 1:
1043 2017 1156 2060 yloss.)
1185 2017 1310 2050 Graece
1331 2023 1418 2050 extat
1438 2018 1470 2050 in
1496 2017 1586 2058 ML,
1611 2029 1683 2059 cap.
1701 2018 1721 2050 8
1746 2018 1785 2050 in'
1803 2017 1840 2049 Β
1861 2017 1915 2058 28,
1936 2023 1964 2057 4,
1983 2024 2035 2055 48;
2060 2029 2133 2060 cap.
2157 2017 2198 2051 12
2225 2021 2241 2055 §
2262 2023 2343 2051 2—6.
2365 2023 2408 2051 1³.
2433 2023 2465 2051 15

234 2065 343 2107 faisse
366 2065 399 2096 in
425 2064 459 2096 Β
485 2064 538 2103 32,
559 2069 586 2102 2,
602 2069 619 2095 4
644 2069 802 2095 testantur
826 2062 874 2094 Β*
899 2068 928 2095 et
953 2062 1146 2104 Tipucitus).
1180 2081 1222 2086 -—-
1255 2062 1345 2104 Epit.
1374 2062 1494 2095 leeod.
1520 2063 1563 2096 89
1588 2062 1675 2103 (inde
1700 2057 1760 2094 ΒΣ
1787 2062 1841 2102 28,
1857 2069 1950 2103 4,48;
1976 2062 2124 2104 Epitome
2149 2063 2251 2105 layum
2276 2063 2331 2104 24,
2355 2069 2400 2096 34.
2418 2069 2465 2096 37.

243 2109 432 2150 38.41-43),
456 2108 675 2149 Athan.11,4
699 2110 744 2147 (et
766 2108 841 2140 inde
865 2108 898 2140 in
918 2108 1088 2150 paratitlt's
1113 2108 1133 2141 8
1157 2111 1301 2146 §5et10.
1327 2109 1347 2140 9
1374 2111 1447 2146 §17.
1475 2109 1517 2141 13
1545 2109 1632 2148 §13).
1680 2107 1801 2140 Iulian.
1826 2116 1923 2142 const.
1948 2107 2142 2140 LXXXII.

244 2206 447 2254 Propterea
479 2207 591 2253 iqitur
622 2206 672 2242 ad
700 2207 927 2242 securitatem
959 2205 1199 2241 subiectorum
1223 2209 1432 2241 nostrorum
1464 2205 1553 2241 haec
1577 2204 1756 2241 custodiri
1777 2205 1940 2241 volumus
1969 2205 2053 2240 inde
2080 2205 2125 2241 ab
2149 2204 2218 2242 hoc
2248 2209 2407 2254 tempore
2428 2208 2467 2243 in

243 2265 346 2289 omne
366 2254 532 2298 futurum
557 2263 701 2294 aevum,
725 2255 767 2287 ut
789 2251 1002 2286 immortalis
1025 2251 1073 2286 sit
1096 2251 1150 2286 rei
1167 2250 1338 2298 publicae
1362 2251 1499 2287 utilitas
1523 2250 1630 2286 huius
1653 2255 1800 2286 nostrae
1824 2250 2071 2302 legislationis,
2099 2261 2194 2304 quae
2217 2255 2259 2287 ut
2276 2251 2466 2288 iudicanti-

244 2299 308 2335 bus
331 2299 435 2334 nobis
458 2299 495 2333 in
520 2303 670 2333 mentem
694 2298 790 2333 venit
811 2297 864 2332 ita
882 2300 1112 2343 praesentem
1136 2296 1249 2343 leqem
1273 2296 1323 2331 ad
1346 2306 1563 2343 communem
1588 2295 1779 2331 utilitatem
1802 2296 1969 2332 subiectis
1991 2299 2127 2331 nostres
2148 2297 2300 2343 peperit.

241 2357 245 2361 ·
380 2343 415 2378 E
420 2343 515 2390 pilo
525 2354 619 2388 qus.
669 2341 746 2377 Tua
770 2342 882 2388 iqitur
911 2341 1112 2377 sublimitas
1143 2353 1237 2387 quae
1268 2341 1370 2377 nobis
1386 2341 1610 2388 placuerunt
1640 2346 1676 2376 et
1698 2352 1772 2388 per
1802 2340 1896 2376 hanc
1924 2350 2068 2376 sacram
2099 2340 2212 2387 leyem
2235 2341 2468 2380 declarantur

245 2389 294 2424 ad
316 2399 409 2436 opus
432 2393 467 2424 et
490 2389 656 2435 effectum
681 2387 862 2423 adducere
884 2391 921 2422 et
943 2387 981 2422 in
999 2391 1217 2433 perpetuum
1242 2386 1434 2423 observare
1456 2386 1611 2422 studeat.

870 2611 972 2662 DE
1001 2611 1095 2661 NA
1100 2543 1496 2662 ΤΗΒΞΞῨΞἙΕ
1527 2611 1612 2661 LI
1608 2610 1795 2662 BERI
1790 2610 1840 2661 S.

292 2679 385 2727 Imp.
402 2679 628 2716 lastinianus
647 2681 831 2725 Auqustus
850 2678 1007 2714 Iohanni
1030 2679 1298 2759 qlorioszgsimo·
1312 2679 1502 2759 pr‘twfecffl
1522 2679 1711 2730 praetorio
1729 2690 1802 2726 per
1827 2678 2007 2714 Orientem
2031 2678 2177 2719 iterum,
2203 2688 2254 2714 σιτ
2275 2677 2422 2715 consule

1134 2735 1176 2759 or
1202 2735 1321 2759 marzo
1345 2735 1363 2758 e
1396 2735 1450 2770 pa
1487 2734 1568 2759 ισιο.

382 2780 643 2826 Praefatio.
693 2779 925 2815 Naturalium
942 2780 1134 2816 liberorum
1158 2781 1297 2816 nomini
1317 2781 1355 2815 in
1377 2780 1603 2826 leqislatione
1618 2779 1786 2816 Romana
1809 2778 1894 2814 olim
1919 2789 2031 2825 opera
2048 2777 2136 2829 data
2159 2788 2233 2813 non
2249 2782 2331 2814 erat
2353 2789 2398 2814 ne
2422 2789 2467 2814 ue

247 2828 322 2864 ulla
346 2826 380 2863 ei
403 2825 609 2861 humanitas
631 2824 791 2870 favebat,
823 2824 889 2860 sed
911 2828 1093 2870 tamquam
1115 2826 1349 2871 pereqrinum
1373 2831 1408 2861 et
1424 2825 1540 2871 plane
1563 2825 1719 2860 alienum
1743 2836 1766 2859 a
1789 2823 1975 2870 republica
1999 2821 2295 2858 exustamabatur:
2327 2833 2351 2858 a
2401 2835 2466 2860 on-

246 2872 398 2908 stantini
421 2873 504 2906 ver'o
523 2871 613 2917 piae
636 2870 828 2905 memoriae
851 2870 1070 2916 temporibus
1092 2870 1129 2904 in
1154 2870 1256 2906 libris
1279 2870 1571 2906 constitutionum
1593 2870 1766 2916 scriptum
1791 2874 1855 2910 est,
1880 2867 2007 2903 deinde
2027 2867 2207 2914 paulatim
2229 2867 2467 2914 imperatores

248 2918 297 2954 ad
319 2916 599 2953 moderationem
630 2919 663 2950 et
687 2915 932 2949 humaniorem
956 2916 1169 2950 sententiam
1194 2916 1387 2968 proqressi
1416 2916 1449 2951 le
1475 2926 1514 2950 es
1546 2914 1723 2956 tulerunt,
1756 2913 1886 2960 quibus
1908 2913 1972 2966 alii
2005 2916 2047 2947 ut
2068 2911 2141 2948 illis
2162 2923 2186 2964 ᾳ
2201 2912 2374 2966 patribus
2397 2914 2466 2949 ali-

248 2963 337 3044 quid
359 2962 510 2997 daretur
532 2965 566 2994 et
588 2959 854 3005 relinqueretur
876 2960 1127 3005 permiserunt,
1152 2960 1219 2995 alii
1239 2962 1347 2996 etiam
1371 2971 1427 2995 mo
1455 2971 1513 2995 um
1537 2960 1751 2995 invenerunt
1773 2969 1846 3005 quo
1869 2968 1994 3004 priore
2016 2957 2236 2992 naturalzum
2259 2958 2469 2996 condicione

263 3007 393 3045 iberati
415 3010 449 3042 et
472 3005 622 3051 leqitimi
644 3009 680 3039 et
700 3009 877 3050 paternae
899 3004 1121 3040 substantiae
1145 3005 1293 3041 heredes
1312 3006 1464 3050 fierent;
1487 3015 1531 3040 ao
1549 3006 1680 3040 sensim
1703 3003 1810 3039 etiam
1834 3003 1885 3038 ad
1906 3007 2055 3048 nepotes
2078 3001 2258 3047 leqislatio
2280 3004 2467 3050 processit,

306 3113 325 3145 2
357 3104 691 3154 περιφυλάττεσθαι
720 3105 766 3138 13⁶
796 3105 807 3144 Η
835 3107 856 3139 4
884 3104 951 3147 τὴν
984 3118 1042 3138 οιη.
1068 3105 1119 3138 Βο
1147 3105 1160 3149 ΙΙ
1189 3107 1208 3139 5
1239 3103 1324 3148 ἡμῖν
1439 3108 1453 3139 1
1481 3104 1742 3138 obseruantiaR
1758 3103 1771 3148 ΙΙ
1797 3104 1817 3136 2
1841 3104 1957 3137 simodo
1973 3102 2006 3136 R
2025 3101 2037 3147 ΙΙ
2059 3104 2079 3138 3
2100 3104 2150 3154 ut]
2175 3105 2208 3136 et
2230 3102 2308 3146 R¹n
2327 3106 2346 3137 4
2370 3103 2467 3138 iuua-

248 3154 347 3200 (ὑμῖν
359 3155 422 3195 Bc)
446 3155 506 3186 καὶ
529 3153 568 3185 ἐν
593 3152 629 3185 Β
645 3153 656 3193 ΙΙ
673 3152 862 3196 γενομένης
878 3151 921 3183 M
922 3152 978 3191 (5)]
1001 3152 1198 3195 γενομένην
1212 3147 1324 3195 (γενό-
1392 3162 1466 3183 mur
1492 3150 1539 3184 V*
1553 3150 1585 3183 T
1591 3149 1602 3170 ¹
1626 3149 1663 3182 in
1687 3151 1833 3181 nostram
1857 3148 1905 3182 R¹
1921 3147 1934 3192 ΙΙ
1952 3147 2102 3181 iudicant
2124 3148 2288 3186 (indicant
2310 3148 2355 3190 V)
2381 3149 2467 3191 libri,

248 3213 358 3246 μενον
382 3200 445 3241 Ιβ)
470 3198 538 3232 LB
561 3196 574 3240 ΙΙ
607 3198 627 3229 6
650 3193 818 3237 τεκούσης
838 3196 894 3235 Μ]
926 3196 1102 3228 τεκοῦσαν
1119 3196 1166 3236 Β,
1188 3209 1245 3228 om.
1262 3198 1290 3229 L
1314 3196 1325 3238 ΙΙ
1393 3209 1475 3229 corr.
1495 3194 1654 3237 Contiusfl
1673 3194 1806 3236 quidam
1829 3194 1922 3236 V115
1937 3195 2047 3226 mente
2067 3191 2117 3226 V*
2132 3192 2145 3236 ΙΙ
2163 3193 2355 3227 *uenientes
2368 3193 2468 3238 libr-in

253 3250 291 3282 11
316 3249 438 3280 subscr.
462 3256 521 3278 om.
536 3242 585 3283 M
606 3248 776 3286 praestant
795 3253 824 3282 ς,
849 3240 936 3273 lum
954 3247 983 3273 et
1006 3240 1069 3273 Iul.
1092 3241 1324 3280 Ηαεηεὶἱαηιιε,
1392 3241 1607 3283 praesentem]
1632 3242 1665 3272 et
1689 3240 1893 3282 praesentem
1917 3238 1972 3282 Vn
1990 3249 2197 3271 communem
2220 3238 2358 3284 V¹T¹n
2377 3240 2398 3274 6
2414 3239 2466 3272 iu-

250 3294 325 3327 Atti.
354 3290 475 3325 ΤΙιεοά.
513 3289 546 3321 k.
558 3287 647 3331 Sept.
660 3286 724 3320 Iul.
739 3286 813 3319 Ath.
827 3286 925 3328 (μηνὶ
941 3287 1169 3329 σεπτεμβρίῳ
1180 3286 1324 3327 ΤΙιεοᾱ.)]
1394 3296 1512 3318 namur
1539 3285 1588 3318 Τι
1614 3284 1627 3328 ΙΙ
1656 3283 1865 3327 *parientem
1891 3284 1967 3317 libri
1992 3283 2004 3327 ΙΙ
2034 3285 2054 3318 9
2078 3283 2173 3316 nobis
2196 3297 2254 3317 om.
2277 3282 2338 3327 Vfl
2360 3284 2467 3317 mani-

250 3340 282 3371 k.
299 3318 377 3370 D’ec.
403 3348 422 3372 ς
438 3335 451 3378 ΙΙ
506 3335 542 3366 P.
558 3333 638 3376 imp.
658 3350 700 3355 -
718 3342 804 3363 cons.
827 3332 857 3371 ς]
883 3330 961 3372 imp.
983 3330 1038 3362 dn.
1064 3330 1245 3363 Iustiniani
1269 3341 1324 3373 pp.
1393 3331 1476 3363 festa
1499 3329 1569 3363 ΒΤ
1587 3330 1600 3372 ΙΙ
1626 3332 1663 3364 11
1691 3332 1811 3363 subscr.
1837 3342 1917 3362 unus
1938 3336 2086 3371 praestat
2106 3329 2225 3362 Bamb.
2240 3330 2262 3362 I
2274 3328 2287 3372 ΙΙ
2311 3329 2390 3361 dnn.
2414 3329 2467 3362 iu—

250 3394 368 3425 augus.
393 3391 482 3413 anno
505 3378 597 3411 XIII
628 3376 751 3419 (XIIII
777 3376 1013 3415 Haenelianus)
1039 3375 1102 3408 Iul.
1143 3373 1326 3418 βασιλείας
1393 3375 1538 3407 stiniano
1561 3375 1679 3408 Bamb.
1698 3374 1710 3418 ΙΙ
1743 3375 1783 3409 12
1805 3375 1886 3414 xm]
1911 3383 1966 3407 111
1986 3374 2106 3407 Bamb.
2131 3373 2143 3418 ΙΙ
2177 3376 2216 3408 15
2240 3377 2376 3407 naturas
2399 3374 2433 3407 R

248 3425 502 3461 Ἰουστινιανοῦ
526 3422 569 3457 τὸ
596 3420 647 3468 ιγ’
671 3417 843 3455 ὑπατείας
863 3415 1038 3453 Ἀπίωνος
1061 3420 1136 3453 Aeh.
1170 3420 1241 3452 ἔτει
1265 3421 1327 3462 τῆς
1395 3421 1436 3454 22
1460 3421 1591 3460 nomen]
1615 3430 1734 3453 nomen
1759 3419 1899 3452 secunde
1923 3418 2004 3461 legis
2027 3419 2076 3452 V·
2101 3418 2114 3462 11
2142 3418 2360 3461 legislationis
2382 3417 2432 3453 Β*

250 3471 432 3517 βασιλείας
457 3468 507 3516 ιγ’
523 3466 679 3509 ὑπατείᾳ
700 3464 861 3500 Ἀπίονος
886 3466 1004 3498 Theod.
1031 3464 1044 3508 11
1070 3467 1111 3499 15
1125 3468 1211 3498 rubr.
1237 3467 1326 3509 Περὶ
1395 3466 1437 3500 23
1459 3465 1494 3497 in
1519 3465 1630 3497 studio
1656 3465 1749 3498 Beck
1767 3465 1779 3507 ΙΙ
1803 3465 1845 3498 24
1871 3466 1950 3496 haec
1977 3464 2008 3497 T
2030 3463 2042 3508 ΙΙ
2066 3464 2175 3498 fuerat
2197 3464 2317 3497 RTvu
2354 3464 2375 3504 .]
2401 3462 2467 3496 fuit

251 3516 382 3551 νόθων
393 3517 513 3550 Theod.
532 3517 545 3557 ΙΙ
562 3516 602 3549 20
616 3509 766 3559 ὑπάρχω
776 3511 858 3553 ML,
871 3523 952 3544 corr.
962 3511 1126 3554 Scrimqer
1142 3510 1154 3553 ΙΙ
1173 3511 1212 3544 21
1229 3507 1325 3556 ὀρδι-
1401 3510 1459 3552 Vll
1482 3509 1713 3552 alienigerium
1739 3510 1770 3543 R
1796 3510 1809 3552 ΙΙ
1840 3510 1881 3543 25
1907 3511 1940 3542 et
1964 3522 2021 3542 om.
2039 3509 2087 3542 R·
2114 3508 2127 3554 ΙΙ
2157 3508 2247 3542 omni
2270 3519 2323 3541 mo
2346 3520 2366 3541 υ
2390 3507 2423 3542 R

251 3566 365 3640 '“f‘sst'ffl
379 3562 461 3614 ΛΨ
478 3554 1326 3642 ⁶⁰''u5252ffl21222502'1'issffisslzwssass'tssffi2³¹5?
1394 3556 1436 3634 ἐξ
1458 3565 1542 3633 ζῖἔὶἒ
1559 3568 1620 3633 οῗὶ
1632 3555 1664 3645 ἶ
1673 3555 1759 3635 {40²3
1771 3554 1922 3643 immiti
1947 3553 2148 3634 greti]
2165 3552 2464 3642 ῗῆῗέἓοῗίιῖιὶ,

251 3621 294 3642 vo
330 3620 384 3641 ων
407 3619 472 3639 0110
502 3618 525 3638 α
671 3629 679 3636 .
807 3627 815 3634 .
1311 3620 1325 3624 ·
1361 3635 1362 3638 ¹
1832 3624 1839 3631 .

251 3665 339 3697 ματι
353 3654 382 3685 L
401 3648 450 3695 1Ῑὴ
472 3619 650 3695 ’ἕωμαίων
674 3647 874 3691 νομοθεσία
889 3646 919 3680 L
935 3646 947 3691 ΙΙ
967 3647 1009 3680 26
1028 3648 1324 3687 Κωνσταντίνου]
1360 3651 1362 3658 “
1391 3655 1479 3678 sores
1503 3659 1560 3679 om.
1575 3645 1623 3679 Β*

258 3699 333 3732 Cod.
352 3700 382 3738 5,
397 3705 442 3738 Ἡ,
458 3704 470 3731 1
489 3698 502 3740 ΙΙ
519 3697 560 3731 32
580 3693 797 3740 νομοθεσίας
819 3694 848 3726 L
1359 3669 1363 3726 Ι
