2476 3854
139 87 181 131 N
181 101 246 132 ov,
277 88 501 134 CXXXIII
531 93 556 135 3

139 201 215 234 ἐστὶ
238 203 311 235 τοῖς
333 215 372 244 γε
391 201 457 236 τὸν
478 203 518 235 ἐν
533 200 675 246 οὐρανῷ
701 201 882 245 ζηλώσασι
900 206 992 247 βίον.
1034 207 1074 238 τί
1085 204 1155 251 γὰρ
1172 203 1216 248 δὴ

138 241 208 279 κᾶν
236 244 454 292 βουλόμενοι
492 247 557 281 τὰς
593 247 764 282 τοιαύτας
802 247 957 282 εἰςόδους
988 249 1214 294 ποιήσαιντο,

138 291 170 324 εἰ
199 293 248 334 μὴ
280 291 475 335 βούλονταί
505 306 540 325 τι
572 292 746 337 πράττειν
782 294 859 328 τῶν
893 291 1196 340 ἀπηγορευμένων
1203 308 1216 338 ,·

139 336 221 376 ἐξὸν
256 335 300 371 ὂν
336 341 395 371 καὶ
428 337 474 371 τὰ
510 334 666 382 ἀνδράσι
698 340 885 385 πρέποντα
920 340 960 373 ἐν
990 342 1063 394 τοῖς
1093 336 1215 385 ἀνδρι-

1203 90 1288 139 670

1919 108 2133 148 QUOMODO
2161 109 2364 144 ΟΡΟΒΤΕΤ

1282 205 1407 242 lestem
1437 205 1636 242 zelantibus
1665 206 1784 242 vitam.
1831 207 1924 252 Quid
1955 209 2049 244 enim
2079 209 2238 246 volentes
2268 210 2359 246 tales

1283 250 1463 295 ingressus
1498 251 1652 294 faciant,
1688 252 1757 287 nisi
1789 253 1911 288 volunt
1944 263 2049 298 agere
2081 254 2217 300 aliquid
2251 255 2359 291 inter-

1284 295 1484 331 dictorum?
1519 306 1598 332 cum
1622 296 1727 332 liceat
1759 301 1796 333 et
1818 297 1900 334 viris
1925 300 2162 344 competentia
2191 300 2229 336 in
2251 300 2360 336 virili-

1285 341 1351 376 bus
1376 342 1599 377 monasteriis
1628 341 1738 388 <viros
1762 343 1881 378 facere
1911 347 1947 379 et
1969 344 2175 381 mulieribus
2204 345 2308 381 simili
2345 355 2364 381 ι·

138 384 210 435 κοῖς
238 386 489 436 μοναστηρίοις
524 380 658 428 ἄνδρας
697 386 831 426 ποιεῖν,
872 386 931 417 καὶ
969 398 1016 418 τοι
1053 386 1216 431 γυναιξὶν
1252 388 1270 418 5
1286 386 1456 430 deputata
1479 387 1516 421 in
1538 386 1768 423 muliebribus
1788 389 2029 433 monasteriis)
2049 389 2239 432 celebrare,
2264 401 2311 425 ml
2341 400 2363 426 0

138 430 270 470 ομοίως
301 430 595 469 απονενεμημένα
627 429 667 462 ἐν
696 430 770 462 τοῖς
799 432 1009 474 γυναικείοις
1039 442 1215 474 μοναστη-

138 475 226 516 ριόις
255 471 428 515 πράττειν
458 475 641 518 γυναῖκας,
672 469 816 507 οὐδενὸς
845 475 1122 519 ἐπιμιγνύμενον
1145 475 1216 509 θά-

137 519 245 563 τέρῳ,
271 513 354 550 οὐδὲ
368 517 468 550 εἴτις
484 519 593 559 τυχὸν
608 515 760 563 ἀδελφὸς
777 518 869 552 εἶναι
886 518 1022 565 λέγοιτο
1039 518 1063 563 ἢ
1078 516 1215 566 ἀδελφὴ

137 560 159 604 ἢ
184 561 351 607 συγγενὴς
382 561 500 595 ἄλλος·
537 559 621 596 οὐδὲ
646 563 717 609 γὰρ
747 564 839 597 κατὰ
868 563 1007 608 ταύτην
1036 565 1104 608 τὴν
1128 563 1215 620 πρό-

1284 431 1458 475 permixto
1497 432 1600 467 alteri
1640 441 1706 467 nec
1747 433 1777 468 si
1817 433 1896 478 quis
1938 433 2031 469 forte
2072 434 2183 470 frater
2222 435 2363 470 dicatur

1283 485 1362 511 esse
1394 480 1458 511 aut
1490 486 1592 512 soror
1622 480 1685 512 aut
1715 483 1887 522 cognatus
1921 479 2030 514 alter:
2072 489 2144 515 non
2173 480 2265 515 enim
2298 489 2363 524 per

1283 521 1376 556 hanc
1411 522 1632 557 occasionem
1670 522 1805 566 ingredi
1839 524 1995 559 sinemus
2030 524 2150 561 alicui.
2197 525 2234 560 Si
2270 525 2363 560 enim

1283 566 1362 610 ipsa
1392 567 1569 612 principia
1603 568 1828 604 abscidamus
1864 572 1900 603 et
1930 579 1995 613 per
2024 569 2142 613 ipsum
2177 579 2217 605 as
2245 571 2362 605 ectum

137 618 248 658 φασιν
272 607 446 648 εἰςιτητὸν
470 607 566 641 εἶναί
585 620 659 641 τισι
676 610 937 660 συγχωροῦμεν.
973 610 1089 665 εἰῃγὰρ
1106 611 1216 664 αυτὰς
1233 611 1451 646 10insertam
1486 611 1670 648 animabus
1708 613 1930 649 dilectionem
1967 617 2002 649 et
2037 624 2080 649 ex
2115 614 2185 650 hoc
2237 624 2362 659 apsum

135 663 199 685 τας
223 648 332 696 ἀρχὰς
356 653 576 697 ἐκκόψαιμεν
600 657 660 686 καὶ
683 667 760 708 τήν,
776 651 826 687 δι’
846 651 955 698 αὐτῆς
974 666 1037 709 της
1057 667 1216 700 ορασεως

135 697 398 747 εἰςκρινομένην
428 700 505 731 ταῖς
534 701 661 742 ψυχαῖς
685 711 831 742 απατην
862 702 922 733 καὶ
950 712 1018 734 τον
1041 701 1216 734 ἐντεῦθεν
1250 738 1253 741 Δ

136 740 292 775 ὄλισθον
316 739 553 786 κωλύσαιμεν,
579 745 681 776 ἔσται
706 742 827 787 πολλῷ
853 743 956 789 ῥᾴων
979 758 1018 779 τε
1041 748 1100 779 καὶ
1121 742 1215 780 εύκο-

136 786 275 830 λωτέρα
299 790 371 821 τοῖς
395 786 499 842 ἱερρῖς
523 785 740 834 ἀγωνισταῖς
769 787 790 831 ἡ
822 790 888 823 τοῦ
911 793 1111 834 κρείττονος
1134 794 1215 835 βίου

135 833 362 866 κατάστασις.
410 845 544 868 παντες
578 837 702 867 τοίνυν
735 832 831 876 τῷδε
865 848 917 877 τῳ
955 835 1057 880 νόμῳ
1090 836 1214 870 net-93¹-
1235 837 1270 868 15
1285 837 1464 872 asceteriis
1487 837 1636 873 fodiant.

135 877 304 918 σθ’ωσαν,
335 880 396 911 καὶ
423 879 511 921 μήτε
536 876 661 923 ἄνδρες
685 875 1004 914 ἀποτιθέσθωσαν
1031 882 1071 915 ἐν
1117 894 1213 914 υναι-

135 926 243 955 κείων
267 927 520 968 μοναστηρίων
543 922 671 968 τάφοις
693 921 784 967 μήτε
802 928 963 971 γυναῖκες
981 926 1021 960 ἐν
1039 923 1084 958 ἄν
1110 928 1216 971 ρικοῖς

136 964 361 1013 ἀσκητηριόις
383 969 747 1013 κατορυττέσθωσαν.
761 1008 776 1016 ν
793 968 876 1003 οὔτε
893 970 963 1016 γὰρ
979 967 1133 1018 ἀνδράσι
1155 984 1214 1017 γυ-

135 1011 382 1047 ναικωνίτιδες
406 1016 605 1055 πρέπουσιν
629 1013 712 1048 οὔτε
729 1015 839 1048 αὖθις
854 1013 1036 1060 ἀνδρῶνες
1050 1019 1123 1050 τοῖς
1139 1017 1216 1050 τῶν

1284 656 1545 701 prohibeamus,
1577 657 1643 692 erit
1665 658 1776 694 multo
1806 659 1984 711 possibilis
2013 669 2057 695 ac
2083 658 2224 695 facilior
2249 659 2363 695 sacris

1284 701 1563 737 decertatoribus
1598 702 1752 738 melioris
1786 707 1879 738 vitae
1914 707 2041 739 status.
2090 704 2219 741 Omnes
2254 704 2363 750 igitur

1284 746 1367 781 huic
1391 746 1458 790 legi
1482 747 1682 789 oboediant,
1713 750 1748 783 et
1770 758 1886 793 neque
1910 749 1976 784 viri
1998 749 2194 785 recondant
2222 749 2260 785 in
2283 760 2360 784 mu-

1284 791 1387 826 liebri
1410 792 1625 827 monasterio
1646 802 1684 828 se
1711 793 1811 828 ulcra
1834 803 1948 838 neque
1963 794 2128 830 mulieres
2149 794 2185 829 in
2203 794 2361 830 virilibus

1719 848 1759 873 ec
1784 838 1876 874 viros
1909 839 2000 874 enim
2031 839 2216 874 mulierum
2244 839 2363 875 studia

1285 881 1413 917 decent
1442 892 1508 917 nec
1537 893 1660 918 rursus
1684 883 1837 918 virorum
1867 883 1905 918 in
1928 884 2160 919 muliebribus
2184 884 2362 929 collegiis3

1285 937 1349 962 nec
1383 937 1427 962 ex
1458 928 1526 963 hoc
1557 931 1705 972 propter
1735 927 1922 964 defunctos
1952 929 2150 964 viventibus
2181 931 2306 974 turpes
2327 932 2362 964 ct

1284 972 1366 1006 mali
1390 972 1555 1017 principii
1577 974 1667 1008 tales
1691 973 1940 1018 permixtiones
1965 974 2038 1018 agi,
2069 977 2110 1009 ut
2132 984 2204 1010 non
2227 975 2295 1009 iter
2319 984 2363 1009 ex

1284 1017 1353 1052 hoc
1386 1019 1448 1052 fiat
1479 1022 1628 1053 naturae
1658 1018 1755 1062 apud
1784 1028 1823 1053 se
1852 1018 2038 1054 inhoneste
2061 1019 2218 1063 grassari
2249 1023 2285 1054 et
2306 1019 2360 1054 lu-

134 1059 317 1104 γυναικῶν
339 1058 566 1112 καταλόγοίς·
603 1056 686 1093 οὐδὲ
710 1060 885 1094 ἐντεῦθεν
909 1059 968 1094 διὰ
993 1061 1074 1095 τοὺς
1099 1060 1214 1095 τελευ-
1230 1062 1271 1093 20
1285 1063 1370 1098 dere
1392 1066 1428 1099 et
1451 1073 1534 1098 suas
1560 1063 1777 1099 confundere
1801 1073 1929 1099 causas
1953 1068 1988 1099 et
2010 1064 2153 1109 pietatis
2176 1064 2281 1109 quasi
2302 1073 2362 1099 ve-

135 1104 316 1145 τήσαντας
330 1107 402 1137 τοῖς
418 1116 581 1149 περιουσι
598 1105 662 1138 τὰς
677 1101 879 1149 ἀσχήμονας
892 1103 1026 1140 ταύτας
1041 1110 1101 1140 καὶ
1117 1103 1215 1151 ἆρχε-

135 1149 262 1182 κάκους
285 1149 464 1193 ἐπιμιξίας
484 1150 657 1194 γίνεσθαι
672 1149 892 1194 βουλόμεθα,
917 1152 978 1185 ἵνα
992 1151 1042 1195 μὴ
1059 1150 1216 1196 πάροδος

136 1193 310 1227 ἐντεῦθεν
339 1197 479 1241 γένοιτο
510 1196 554 1241 τῇ
579 1193 685 1240 φύσει
715 1196 806 1240 πρὸς
828 1195 961 1239 ἑαυτὴν
991 1193 1017 1229 δί
1036 1199 1084 1241 μὴ
1110 1197 1216 1240 θ’ἐμις

134 1241 277 1285 τρυφᾶν
292 1252 331 1273 τε
346 1243 405 1273 καὶ
425 1242 568 1282 παίζειν
589 1243 649 1273 καὶ
664 1239 711 1274 τὰ
730 1241 815 1274 θεῖα
834 1240 1087 1284 καταισχύνειν
1103 1240 1215 1288 πράγ-

1283 1108 1411 1143 lamine
1436 1108 1656 1151 cognationis
1678 1109 1858 1144 schemate
1880 1109 1970 1144 haec
1994 1118 2108 1153 agere,
2136 1119 2227 1155 quae
2248 1118 2363 1154 neque

1285 1153 1403 1189 dicere
1433 1163 1547 1199 neque
1578 1154 1735 1197 cogitare
1768 1153 1980 1198 singularem
2014 1154 2122 1189 vitam
2153 1154 2364 1198 eligentibus

1285 1201 1340 1234 est
1369 1199 1512 1235 bonum.
1559 1199 1625 1234 Illo
1657 1199 1829 1234 existente
1855 1199 2054 1239 manifesto,
2089 1200 2173 1244 quia
2197 1208 2363 1235 necessa-

1284 1244 1375 1279 rium
1410 1249 1464 1279 est
1499 1245 1703 1289 sepulturae
1737 1244 1978 1279 ministrantes
2013 1249 2048 1280 et
2077 1244 2228 1280 maxime
2258 1244 2363 1280 lectis

134 1297 251 1338 ματα,
275 1287 334 1318 καὶ
354 1281 534 1328 εὐσεβείας
558 1284 675 1340 δῆθεν
698 1284 973 1341 προκαλύμματι
996 1289 1056 1320 καὶ
1078 1299 1132 1330 τῳ
1153 1290 1216 1341 τῆς
1229 1287 1269 1319 25
1285 1292 1380 1331 [nou]
1415 1290 1549 1334 ingredi
1583 1291 1811 1325 monasteria.
1858 1289 1927 1325 Sed
1960 1289 1997 1324 in
2027 1289 2189 1326 virilibus
2224 1289 2363 1334 quidem

136 1333 237 1363 οσιάς
261 1328 417 1374 σχήματι
440 1331 557 1364 ταῦτα
581 1343 764 1375 πραττειν,
788 1343 880 1376 απερ
896 1344 980 1365 ουτε
996 1330 1113 1378 λέγειν
1131 1345 1216 1366 ουτε

136 1376 273 1408 ἐννοεῖν
289 1377 361 1408 τοῖς
375 1375 513 1421 μονήρη
537 1378 620 1419 βίον
640 1373 814 1410 ἄσκοῦσίν
838 1378 915 1410 ἐστι
938 1376 1062 1411 καλόν.
1108 1373 1216 1411 'Eust-

135 1433 198 1454 νου
231 1418 270 1454 δὲ
303 1419 409 1474 ὄντος
439 1422 608 1466 φανεροῦ,
644 1418 693 1455 ὠς
727 1418 863 1467 ἀνάγκη
899 1422 1101 1464 καθέστηκε
1134 1424 1217 1457 τοὺς

1284 1335 1509 1370 monasteriis
1535 1344 1645 1370 causa
1667 1334 1781 1370 facilis
1806 1337 1869 1377 est,
1892 1334 1929 1369 in
1951 1334 2183 1371 muliebribus
2205 1344 2279 1371 non
2299 1333 2362 1378 ita,

1284 1384 1430 1425 propter
1453 1384 1682 1416 memoratam
1705 1379 1997 1416 interdictionem.

135 1468 213 1499 ταῖς
235 1469 365 1511 ταφαῖς
390 1469 691 1512 υπηρετουμένους
720 1469 779 1500 καὶ
801 1465 961 1510 μάλιστα
983 1468 1064 1502 τούς
1085 1481 1126 1502 τε
1148 1467 1217 1511 τὴν

135 1509 260 1552 κλίνην
284 1514 459 1564 φέροντας
485 1510 568 1546 τούς
591 1525 631 1545 τε
655 1508 874 1557 ὄρύττοντας
896 1513 1077 1557 εἰςφοιτᾶν
1101 1514 1147 1547 εἰς
1170 1512 1216 1547 τὰ
1229 1514 1273 1547 30

135 1568 377 1601 μοναστηρια,
413 1558 453 1590 ἐν
487 1558 554 1600 μὲν
587 1559 661 1590 τοῖς
691 1554 867 1602 ἀνδρικοῖς
889 1562 1141 1603 μοναστηρίοις
1171 1565 1213 1591 το

136 1602 282 1647 πρᾶγμα
305 1600 454 1636 εὔκολόν
477 1603 588 1644 ἐστιν,
617 1603 657 1636 ἐν
681 1600 720 1636 δὲ
742 1605 815 1636 τοῖς
835 1606 1047 1648 γυναικείοις
1069 1600 1134 1646 οὐχ
1156 1599 1215 1637 οὗ·

135 1658 224 1689 τως,
261 1644 321 1680 διὰ
346 1647 415 1691 τὴν
438 1647 626 1691 εἰρημένην
649 1643 901 1694 ἀπαγόρευσιν.

136 1759 200 1806 qui
223 1758 407 1795 caelestem
430 1759 538 1795 vitam
562 1762 753 1795 sectentur.
802 1759 896 1794 Nam
921 1760 1010 1806 quid
1040 1759 1182 1796 tandem
1211 1762 1416 1806 spectantes
1443 1760 1616 1796 eiusmodi
1639 1761 1824 1807 ingressus
1844 1761 2008 1807 faciant,
2038 1761 2109 1796 nisi
2131 1760 2221 1807 quid
2241 1771 2366 1798 eorum

137 1815 231 1850 quae
258 1803 444 1851 prohibita
476 1809 560 1839 sunt
591 1815 700 1851 aqere
731 1803 865 1840 velint?
908 1815 988 1841 cum
1016 1810 1052 1841 et
1081 1806 1168 1841 viris
1204 1816 1297 1852 quae
1326 1805 1425 1840 viros
1455 1804 1582 1842 decent
1614 1806 1652 1840 in
1684 1805 1846 1842 virilibus
1876 1807 2102 1841 monasteriis
2138 1811 2175 1842 et
2202 1806 2368 1843 similiter

73 1872 80 1877 κ
136 1861 230 1896 quae
252 1849 460 1884 mulieribus
483 1849 662 1885 destinata
684 1854 770 1885 sunt
792 1850 831 1884 in
852 1850 1083 1886 muliebribus
1104 1850 1331 1885 monasteriis
1354 1850 1562 1886 mulieribus
1584 1852 1694 1897 aqere
1716 1851 1833 1894 liceat,
1863 1850 1963 1886 nullo
1987 1850 2094 1886 alteri
2113 1850 2291 1894 admixto,
2320 1862 2366 1888 ne

138 1903 210 1932 tum
236 1894 377 1941 quidem
400 1896 434 1930 si
451 1895 533 1940 quis
554 1895 657 1940 sorte
675 1896 800 1941 frater
822 1905 899 1931 esse
921 1895 1064 1931 dicatur
1087 1901 1152 1931 aut
1173 1906 1281 1931 soror
1305 1900 1369 1931 aut
1392 1900 1570 1942 coqnatus
1593 1896 1707 1931 alius:
1737 1907 1821 1931 nam
1844 1907 1890 1931 ne
1907 1907 1978 1942 per
1997 1894 2091 1931 hanc
2114 1895 2256 1943 quidem
2279 1907 2364 1932 cau-

135 1951 212 1976 sam
237 1939 374 1974 aditum
396 1945 523 1986 patere
545 1940 713 1985 cuiquam
733 1941 984 1986 permittimus.
1033 1941 1128 1976 Nam
1145 1941 1177 1976 si
1197 1941 1278 1993 ipsa
1294 1940 1484 1988 principia
1504 1940 1759 1987 praecidamus
1781 1945 1815 1976 et
1837 1941 2024 1977 illecebras
2047 1952 2142 1987 quae
2156 1952 2230 1987 per
2247 1941 2365 1988 ipsum

136 1986 346 2032 adspectum
369 1985 499 2019 animis
521 1995 560 2021 se
583 1985 769 2020 insinuant
792 1989 827 2020 et
850 1985 993 2032 lapsum
1016 1985 1100 2022 inde
1118 1986 1354 2021 imminentem
1373 1985 1642 2032 prohibeamus,
1666 1986 1777 2022 multo
1792 1986 1944 2031 facilior
1963 1990 1996 2022 et
2012 1986 2217 2032 expeditior
2233 1986 2365 2022 existet

135 2031 272 2067 sanctis
295 2030 531 2065 luctatoribus
553 2029 710 2065 melioris
733 2030 828 2066 vitae
851 2031 1040 2066 institutio.
1091 2030 1221 2067 Omnes
1245 2031 1358 2077 iqitur
1381 2030 1465 2066 ltuic
1488 2030 1560 2077 leqi
1583 2031 1836 2077 obtemperent,
1860 2041 1905 2066 ac
1922 2041 2009 2067 neve
2032 2031 2099 2066 viri
2119 2031 2364 2067 recondantur

135 2077 171 2110 in
196 2075 421 2111 muliebrium
444 2075 744 2111 monasteriorum
764 2076 940 2122 sepulcris
962 2087 1049 2112 neve
1071 2076 1237 2111 mulieres
1267 2077 1305 2110 in
1329 2075 1492 2111 virilibus
1514 2076 1698 2112 asceteriis
1720 2075 1952 2122 sepeliantur.
2000 2075 2125 2122 Neque
2147 2076 2240 2111 enim
2267 2076 2366 2113 viros

135 2121 323 2156 mulierum
345 2121 447 2156 sedes
470 2131 585 2166 neque
607 2131 736 2155 rursus
759 2121 920 2156 virorum
945 2121 1151 2157 habitacula
1175 2121 1363 2156 mulierum
1387 2121 1541 2167 ootleqia
1564 2121 1689 2156 decent
1695 2134 1711 2163 ;
1744 2132 1860 2167 neque
1881 2121 1965 2156 inde
1990 2126 2147 2168 propter
2169 2120 2367 2167 defunctos

134 2168 180 2202 iis
203 2166 267 2212 qui
288 2166 500 2212 superstites
522 2170 607 2201 sunt
636 2164 845 2201 inhonestas
875 2166 958 2202 illas
989 2169 1024 2201 et
1050 2167 1279 2213 perniciosas
1309 2166 1582 2202 commixtiones
1608 2166 1692 2210 fieri
1723 2166 1901 2209 volumus,
1936 2177 1981 2202 ne
2008 2166 2067 2202 via
2097 2165 2181 2206 inde
2210 2169 2366 2202 natscrac

135 2212 324 2258 aperiatur
355 2211 527 2247 adversus
557 2221 596 2247 se
627 2210 728 2256 quod
746 2211 813 2258 fas
842 2222 917 2246 non
944 2215 998 2247 est
1031 2211 1247 2248 luxuriandi
1269 2216 1305 2247 et
1327 2211 1473 2247 ludendi
1495 2215 1532 2247 et
1555 2211 1697 2247 divinas
1718 2222 1777 2247 res
1800 2211 2060 2253 dedecorandi,
2090 2215 2200 2257 atque
2214 2210 2367 2258 pietatis

134 2257 302 2291 nimirum
325 2257 522 2292 velamento
545 2261 581 2292 et
601 2256 719 2302 specie
741 2256 980 2302 eoeequiarum
1009 2268 1052 2292 ea
1075 2256 1209 2303 aqendi
1238 2267 1332 2303 quae
1359 2267 1475 2302 neque
1499 2256 1618 2292 dicere
1639 2267 1755 2303 neque
1778 2257 1941 2303 coqitare
1963 2256 2012 2291 iis
2034 2256 2098 2302 qui
2120 2255 2364 2292 monachicam

134 2302 242 2338 vitam
265 2306 438 2338 exercent
467 2301 598 2336 bonum
620 2305 683 2337 est.
733 2300 817 2337 Cum
838 2306 957 2338 autem
979 2302 1072 2338 illud
1093 2306 1292 2349 appareat,
1323 2311 1466 2337 necesse
1488 2311 1565 2337 esse
1587 2312 1649 2337 eos
1670 2302 1733 2348 qui
1754 2301 1952 2348 sepulturis
1975 2301 2174 2337 inserviunt
2201 2304 2239 2337 et
2258 2311 2365 2349 prae-

133 2348 255 2382 sertim
278 2347 341 2393 qui
361 2347 537 2392 feretrum
559 2350 713 2392 portant
743 2348 877 2393 quique
897 2347 1047 2392 fodiunt
1069 2347 1288 2383 monasteria
1311 2346 1474 2393 inqredi:
1506 2347 1545 2382 in
1570 2346 1732 2383 virilibus
1754 2346 1984 2382 monasteriis
2005 2357 2066 2382 res
2086 2345 2212 2391 facilis
2231 2350 2296 2390 est,
2327 2345 2366 2381 in

134 2391 365 2428 muliebribus
387 2403 461 2427 non
485 2393 554 2434 ita,
579 2396 738 2438 propter
753 2391 1038 2438 prohibitionem
1062 2393 1167 2428 modo
1178 2391 1334 2428 uictam.

181 2508 195 2539 1
212 2504 280 2538 τὸν
293 2505 333 2538 ἐν
348 2499 505 2548 οὐρανῷ]
521 2502 588 2536 τὸν
605 2500 774 2548 οὐράνιον
787 2505 818 2538 Α
835 2504 847 2548 ΙΙ
866 2506 886 2538 2
902 2500 1011 2546 *κᾶν]
1035 2506 1096 2537 καὶ
1114 2497 1217 2547 Νῶϊ-ἸΙ

134 2548 357 2594 βουλόμενοι]
396 2548 446 2592 μὴ
474 2546 687 2591 βουλόμενοι
715 2551 756 2590 0,
790 2563 847 2582 om.
873 2550 905 2583 A
933 2550 945 2593 ΙΙ
973 2547 1215 2592 *ποιήσοιντο

136 2596 277 2629 MLAB
302 2594 520 2635 ἐποιήσαντο
549 2595 577 2627 C
593 2593 606 2638 ss
632 2596 651 2628 3
676 2592 869 2638 βούλοιντό
891 2606 927 2628 τι
952 2596 988 2628 Β
1006 2593 1216 2639 ΙΙᾱπράττειν

133 2653 170 2674 τι
198 2641 227 2674 G
249 2642 260 2681 ΙΙ
290 2642 311 2673 4
344 2637 428 2679 ἐξὸν
459 2636 504 2671 ὃν
537 2639 667 2681 LBG]
703 2638 788 2679 ἐξὸν
818 2642 914 2682 (corr.
947 2639 986 2680 ἐξ
1009 2639 1075 2682 ὠν)
1107 2635 1152 2673 ὃν
1176 2641 1219 2674 Μ

134 2684 219 2725 ἐξὸν
240 2683 311 2730 γὰρ
335 2685 365 2717 A
390 2685 402 2727 ΙΙ
427 2683 484 2725 τὰ]
508 2686 581 2717 τοῖς
608 2685 677 2718 Cv.
693 2686 726 2727 1.,
751 2698 809 2718 om.
826 2685 863 2718 B
889 2684 901 2729 ΙΙ
930 2687 949 2719 5
973 2680 1130 2729 ἀνδράσι
1158 2686 1187 2720 C'
1205 2684 1216 2729 Η

134 2730 181 2764 τὰ
206 2743 264 2763 om.
281 2732 311 2762 A
329 2729 342 2772 ΙΙ
360 2731 379 2763 6
404 2725 727 2772 ἅπονενεμημένοις
747 2731 776 2763 Α
795 2730 807 2773 ΙΙ
826 2732 844 2764 7
868 2732 1036 2775 γυναῖκας
1059 2731 1215 2772 MLAB]

136 2789 194 2809 om.
210 2776 268 2811 Ge
291 2775 303 2817 ΙΙ
327 2773 475 2818 θατέρῳ
500 2775 600 2815 Aee]
626 2774 798 2819 θατέρων
823 2776 895 2808 ML
929 2775 1089 2820 θατέρου
1114 2775 1150 2808 Β
1173 2777 1222 2812 (G

136 2822 228 2861 unus)
245 2820 258 2862 ΙΙ
282 2821 301 2854 8
325 2815 408 2852 οὐδὲ
429 2818 466 2851 εἴ
481 2821 546 2859 τις]
570 2819 601 2851 εἰ
623 2821 683 2852 καὶ
708 2822 739 2853 Α
756 2820 768 2863 ΙΙ
791 2815 948 2866 ἀδελφὸν
970 2821 1002 2854 A
1020 2821 1032 2863 ΙΙ
1048 2819 1141 2853 εἶναι
1163 2818 1215 2854 λε’-

134 2877 235 2911 γοιτο
251 2865 338 2905 ΜΒ]
363 2863 455 2897 εἶναι
475 2861 614 2908 λέγεται
630 2865 662 2897 L
692 2864 785 2898 εἶναι
801 2862 894 2910 λέγοι
911 2867 941 2898 Δ.
966 2863 1060 2911 λέγοι
1079 2864 1172 2898 εἶναι
1192 2867 1221 2900 0

135 2913 266 2944 dicatur
289 2920 357 2942 esse
381 2921 401 2944 ς
425 2908 437 2951 ΙΙ
459 2904 619 2952 ἀδελφὴν
642 2910 673 2942 A
699 2909 711 2952 ΙΙ
735 2912 755 2944 9
779 2907 801 2951 ἢ
826 2913 985 2956 συγγενὶς
1015 2912 1043 2944 C
1057 2912 1216 2954 plerique,

134 2951 500 3039 {trixsagine
523 2951 856 3043 Ιῐςῆλέῑῗχῑρέἑέεῑ
880 2955 1014 3041 tlt?
1035 2954 1217 3044 3213‘22‘222‘

136 3046 283 3091 στήριον
299 3045 499 3087 γυναικεῖον
515 3043 705 3085 εἰσητητὸν
722 3043 814 3077 εἶναι
831 3046 1083 3089 συγχωροῦμεν
1100 3048 1175 3079 τινί
1185 3046 1216 3079 A

135 3091 283 3124 εἰσιέναι
307 3089 558 3136 συγχωροῦμεν
582 3090 657 3121 τινί
683 3090 740 3124 C:
761 3089 773 3132 ΙΙ
800 3085 911 3122 αὐτὰς
936 3103 994 3123 om.
1011 3091 1046 3123 B
1063 3091 1075 3129 ΙΙ
1095 3093 1138 3134 11,
1161 3091 1216 3123 ἐκ-

135 3135 316 3181 κόψαιμεν
339 3136 369 3168 C
377 3135 407 3175 ς]
433 3131 634 3179 έκκόψομεν
659 3133 802 3167 MLAB
818 3135 829 3175 ΙΙ
849 3131 898 3166 δι’
917 3130 1037 3177 αὐτῆς]
1062 3132 1182 3169 διὰ-Β
1205 3134 1218 3180 ΙΙ

139 3184 178 3216 12
201 3181 473 3225 εἰςκρινομένην]
494 3178 543 3222 μὴ
561 3180 740 3221 κρίνωμεν
763 3180 942 3222 (κρίνομεν
958 3182 1050 3222 unus)
1079 3181 1108 3214 Ο
1125 3182 1136 3223 ΙΙ
1155 3180 1217 3222 τῆς

135 3227 245 3271 ψυχῆς
275 3227 338 3260 Cv.
353 3229 373 3259 l.
395 3224 406 3265 ΙΙ
433 3219 578 3266 ἀπάτην
595 3223 749 3264 MLAB]
775 3220 920 3269 ἀγάπην
939 3225 990 3260 Ος
1007 3224 1019 3267 ΙΙ
1040 3227 1079 3259 13
1104 3223 1216 3258 mum-

135 3284 258 3313 σοιμεν
275 3272 304 3305 C'
323 3267 533 3313 κωλύσομεν
550 3282 617 3302 cum
632 3269 828 3301 Haloandro
841 3270 927 3311 υιιίῃ.
942 3270 1003 3310 (Β)
1019 3269 1031 3313 ΙΙ
1050 3270 1144 3303 ἔστω
1159 3271 1190 3303 L

136 3316 237 3361 ῥάων
262 3329 300 3349 τε
324 3317 367 3357 A]
393 3314 479 3360 ῥᾶός
501 3326 542 3347 τε
571 3314 600 3347 C'
630 3313 741 3358 πρᾶος
763 3314 803 3346 τὲ
828 3313 937 3346 MLB
968 3315 1138 3356 possibilis
1164 3327 1182 3350 ς

139 3365 179 3396 14
202 3364 273 3394 τοῖς
295 3359 398 3406 ἱεροῖς
422 3356 650 3406 ἀγωνισταῖς]
675 3356 823 3391 ταύταις
839 3358 882 3395 A.
899 3371 956 3391 om.
976 3360 1003 3391 C
1016 3359 1028 3400 Ι]
1050 3362 1088 3393 15
1106 3357 1214 3392 κατοί-

135 3418 259 3439 στασις
287 3408 349 3447 Ος]
381 3402 614 3447 κατόρθωσις
639 3403 780 3437 MLAB
797 3404 808 3445 il
839 3405 878 3437 16
902 3400 1019 3447 ἄνδρα
1043 3404 1073 3436 L
1091 3404 1103 3446 ΙΙ
1129 3400 1215 3437 ἀπο-

135 3451 379 3485 τιθέσθωσαν
401 3459 475 3494 post
497 3449 626 3495 τάφοις
649 3450 718 3489 (17)
743 3449 815 3482 coll.
839 3447 914 3491 13⁸1]
938 3448 977 3480 ἐν
999 3451 1217 3494 γυναικείων

133 3500 389 3541 ,ιιοναστηρίων
412 3494 537 3540 τάφοις
564 3495 684 3536 MLB]
708 3494 749 3527 ἐν
770 3495 960 3539 γυναικείῳ
984 3497 1215 3537 μοναστηρίῳ
1248 3533 1251 3542 ’

134 3542 250 3584 ταφὰς
276 3542 402 3595 (rampe
425 3541 531 3583 χάριν
554 3542 597 3579 Α)
621 3541 712 3576 Aeg
739 3538 751 3582 ΙΙ
784 3539 823 3573 18
847 3533 1081 3581 ἆσκητηρίοις]
1105 3550 1215 3581 μονα-

135 3590 290 3630 στηριόις
314 3599 334 3640 η
356 3588 582 3629 ασκητηρίοις
599 3585 629 3618 L
654 3586 905 3628 μοναστηρίοις
928 3584 957 3617 0
970 3596 1051 3616 unus
1068 3582 1089 3637 ss,
1106 3579 1217 3635 *ούξᾶ
1249 3590 1250 3610 1

136 3633 275 3665 MLAC
294 3643 336 3663 ου
353 3631 389 3663 Β
407 3631 419 3673 ΙΙ
440 3632 479 3664 19
504 3627 587 3662 οὐδὲ
608 3631 671 3663 Cr.
685 3633 703 3683 1,.
723 3630 735 3671 ΙΙ
753 3625 934 3670 ἀνὸρῶνες
950 3629 1033 3668 MA]
1067 3625 1216 3672 ανδρων
1249 3630 1250 3651 ³

135 3676 174 3708 ἐν
198 3677 325 3712 LBCc
343 3676 354 3718 ΙΙ
379 3676 417 3708 21
445 3673 578 3708 ταύτας
601 3676 660 3707 καὶ
683 3673 892 3716 αρχεκάκους
915 3674 957 3715 A]
989 3675 1049 3707 καὶ
1070 3668 1214 3716 ἀρχεκά-

1282 2514 1363 2538 κους
1385 2502 1519 2537 ταύτας
1542 2502 1636 2545 (tales
1661 2505 1692 2545 ς)
1720 2505 1783 2543 (ἲς,
1820 2506 1880 2537 καὶ
1903 2499 2112 2547 ἀρχεκάκους
2137 2517 2195 2537 om.
2221 2504 2332 2538 MLB
2354 2505 2367 2549 ΙΙ

1284 2551 1326 2583 22
1347 2546 1559 2601 βουλόμεθα
1585 2562 1642 2582 om.
1663 2549 1720 2585 Ος
1735 2549 1747 2593 Ι]
1767 2551 1808 2583 23
1824 2549 2000 2583 ἐντεῦθεν
2014 2549 2124 2583 MLB
2135 2550 2166 2591 ς]
2189 2547 2366 2583 ἐντεῦθεν
2425 2544 2430 2546 ἡ

1283 2591 1344 2627 διὰ
1367 2605 1448 2628 τους
1470 2592 1751 2636 τελευτήσαντας
1775 2596 1826 2636 (ex
1850 2595 1905 2637 20)
1935 2595 1970 2637 0,
1991 2606 2049 2627 om.
2063 2594 2095 2627 A
2121 2593 2133 2638 ss
2159 2596 2297 2640 γίνοιτο
2320 2594 2365 2640 τῇ

1283 2638 1389 2685 φύσει
1412 2641 1440 2674 G
1464 2640 1509 2682 τῆ
1528 2637 1632 2685 φύσει
1654 2641 1793 2686 γένοιτο
1815 2639 1849 2673 A
1866 2638 1879 2684 ΙΙ
1900 2641 1944 2673 24
1967 2637 2055 2672 θἐῖα
2074 2639 2228 2681 MLAB]
2251 2638 2364 2672 οἰκεῖα

1287 2686 1338 2721 Ος
1355 2684 1368 2726 ΙΙ
1385 2686 1428 2719 25
1451 2686 1512 2717 καὶ
1534 2685 1601 2727 τῷ]
1625 2687 1685 2718 καὶ
1709 2685 1869 2728 οπιῖβςῦ
1893 2685 1936 2719 26
1959 2680 2071 2726 ὁσίας]
2096 2680 2198 2717 ὁσίας
2221 2683 2314 2726 ζωῆς
2332 2682 2364 2718 Δ.

1283 2727 1467 2776 ἀσελγείας
1486 2731 1516 2764 0
1536 2730 1744 2771 cognationis
1768 2731 1802 2770 (ἰ.
1820 2743 1845 2763 ε.
1866 2728 2103 2776 συγγενείαςῖ)
2129 2740 2148 2765 ς
2166 2730 2178 2768 ΙΙ
2193 2723 2304 2762 *οὐδὲ
2318 2746 2364 2754 -

1283 2771 1367 2808 οὐδὲ
1391 2776 1468 2809 libri
1482 2775 1495 2819 ΙΙ
1513 2776 1553 2809 27
1578 2776 1677 2808 νοεῖν
1694 2775 1728 2808 Β
1743 2774 1756 2819 ΙΙ
1772 2772 1922 2819 μονήρη]
1947 2773 2013 2807 τὸν
2027 2770 2164 2818 μονήρη
2183 2774 2225 2806 Μ
2236 2773 2249 2812 ΙΙ
2268 2773 2365 2816 ἔχου-
2395 2810 2399 2814 ,

1283 2831 1343 2854 σιν
1365 2821 1397 2854 Α
1414 2820 1426 2864 11
1451 2820 1528 2853 ἐστὶ
1550 2819 1662 2874 ACsj
1688 2823 1746 2853 om‘.
1761 2821 1875 2864 MLB
1888 2820 1900 2863 ΙΙ
1918 2821 1959 2854 28
1984 2816 2033 2871 ds]
2058 2832 2117 2852 om.
2136 2820 2203 2861 05,
2232 2815 2364 2872 ὃνζοιιηι

1284 2866 1467 2909 Scrimqero
1491 2866 1577 2909 vuly.
1594 2864 1606 2909 ΙΙ
1632 2874 1738 2898 οντος
1761 2864 1932 2909 φανεροῦ]
1957 2860 2072 2898 οὕτως
2088 2863 2244 2909 φανεροῦ
2262 2872 2367 2898 onoc
2427 2861 2440 2892 f

1283 2911 1353 2944 ,ΕΒ
1369 2910 1381 2955 ΙΙ
1402 2906 1449 2944 οὖς
1465 2910 1565 2952 Aes]
1590 2923 1647 2943 om.
1668 2911 1778 2943 MLB
1801 2905 1874 2949 (ὅτι
1889 2910 2095 2952 Halocnder)
2112 2908 2125 2952 Ι]
2142 2910 2184 2943 29
2204 2909 2282 2942 ταῖς
2305 2921 2363 2941 om.

1287 2956 1385 2990 G'v.l.
1403 2955 1415 2999 ΙΙ
1440 2966 1480 2988 τε
1496 2956 1539 2996 A]
1567 2968 1624 2988 om.
1644 2955 1785 2988 MLBC'
1804 2955 1816 2997 ΙΙ
1841 2952 1915 2996 τὴν·
1932 2952 2057 2996 κλίνην
2079 2971 2124 2979 —
2147 2949 2366 2997 ὅρύττοντας

1284 3001 1331 3034 M
1333 3001 1460 3041 LAB]
1489 2998 1558 3042 τὴν
1582 2998 1707 3041 κλίνην
1729 2996 1978 3042 βαστάζοντας
2005 2999 2033 3032 C
2060 2997 2156 3031 lectis
2180 2997 2227 3041 ςΙΙ
2254 2999 2295 3032 30
2320 2995 2364 3031 τὸ

1281 3044 1527 3089 μοναστήριον
1549 3046 1600 3085 Α,
1631 3043 1678 3077 τὰ
1702 3056 1761 3077 om.
1787 3044 1816 3077 Ο
1838 3043 1852 3088 ΙΙ
1881 3045 1920 3078 31
1947 3042 1988 3076 ἐν
2011 3042 2136 3083 ALB]
2171 3043 2232 3076 καὶ
2261 3042 2301 3076 ἐν
2325 3041 2369 3076 Μ
2419 3050 2426 3082 ᾗ

1283 3087 1366 3123 ἀλλ’
1385 3090 1425 3121 ἐν
1454 3090 1510 3126 Ge
1534 3089 1547 3132 ΙΙ
1573 3090 1616 3123 32
1640 3090 1712 3122 τοῖς
1735 3101 1794 3122 om.
1814 3088 1843 3122 G
2423 3099 2428 3101 ·

1342 3182 1356 3213 1
1382 3179 1442 3221 qui
1467 3179 1500 3212 Τ
1519 3178 1608 3220 quod
1632 3177 1672 3221 εΙΙ
1690 3177 1710 3210 2
1733 3175 1879 3210 uoluerit
1906 3175 1999 3219 Τ113
2023 3175 2107 3209 uiris
2127 3177 2194 3218 (uir
2213 3177 2245 3210 Τ
2253 3177 2260 3196 ¹
2277 3179 2300 3219 t)
2325 3185 2365 3210 ει
2427 3191 2429 3193 ·

1283 3223 1504 3267 competentia
1526 3223 1576 3256 Τί
1593 3222 1641 3266 114
1667 3221 1782 3255 *viros
1801 3240 1842 3246 —-
1860 3221 2066 3254 monasteriis
2087 3223 2119 3255 in
2138 3222 2230 3255 libris
2245 3222 2364 3255 omina

1283 3269 1432 3312 supplevi
1453 3268 1465 3311 ΙΙ
1495 3269 1515 3302 6
1538 3277 1598 3300 nec
1624 3269 1646 3308 t]
1670 3277 1711 3300 ne
1736 3268 1769 3301 T
1789 3266 1802 3311 11
1826 3267 1940 3308 frater]
1964 3276 2063 3309 super
2088 3274 2099 3299 t
2125 3265 2138 3311 ΙΙ
2160 3269 2178 3301 7
2204 3267 2362 3308 cognatos

1286 3314 1335 3347 T¹
1357 3314 1399 3346 al.
1429 3311 1442 3357 ΙΙ
1470 3314 1490 3347 8
1513 3312 1616 3345 alicui
1643 3312 1742 3354 Tat]
1778 3312 1924 3354 aliquem
1949 3312 2064 3354 tvuly.
2095 3311 2107 3355 ΙΙ
2137 3313 2157 3346 9
2181 3311 2362 3355 aspectum]

1282 3359 1428 3401 spacium
1454 3358 1491 3400 tn
1511 3359 1551 3391 10
1576 3356 1775 3390 animalibus
1795 3357 1848 3399 ΤΙΙ
1869 3358 1909 3391 12
1934 3356 2176 3390 detractoribus
2202 3356 2236 3390 T
2248 3357 2261 3397 ΙΙ
2275 3356 2364 3389 vitm

1282 3405 1398 3445 status]
1422 3403 1598 3435 intestatus
1621 3403 1652 3435 T
1666 3402 1679 3446 ΙΙ
1697 3405 1738 3436 14
1762 3402 1911 3435 mulieris
1927 3402 1963 3434 in
1980 3401 2110 3435 uiribus
2132 3402 2164 3435 T
2170 3400 2181 3422 ¹
2205 3400 2210 3445 Ι
2231 3402 2271 3435 15
2296 3398 2362 3433 asi-

1282 3448 1392 3481 steriis
1413 3449 1463 3481 Tt
1478 3448 1490 3490 ΙΙ
1511 3449 1552 3483 16
1569 3448 1661 3481 decet
1679 3448 1712 3481 T
1725 3447 1738 3491 Ι]
1753 3447 1971 3480 muliebribus
1992 3448 2036 3488 T]
2060 3445 2195 3479 mulieri
2218 3456 2258 3479 us
2281 3445 2361 3486 tal„

1282 3492 1459 3526 mulierum
1484 3493 1569 3536 vuly.
1590 3495 1600 3534 ΙΙ
1622 3495 1659 3526 17
1684 3496 1797 3535 turpes
1820 3494 1918 3536 vulo]
1943 3492 2052 3534 turpis
2077 3492 2154 3525 libri
2174 3490 2187 3535 ΙΙ
2206 3492 2248 3525 20
2271 3488 2362 3523 uele-

1282 3539 1371 3571 mine
1400 3539 1449 3571 Ta
1464 3536 1476 3581 ΙΙ
1502 3539 1540 3572 21
1570 3537 1771 3580 cognitionis
1797 3537 1837 3580 ιΙΙ
1853 3538 1914 3570 hoo
1940 3536 1979 3580 tl]
2004 3538 2047 3571 22
2071 3535 2253 3575 condicere,
2278 3545 2360 3568 corr.

1282 3583 1431 3615 codicere
1456 3590 1467 3615 t
1493 3582 1505 3627 Ι]
1536 3585 1578 3617 25
1602 3594 1669 3615 non
1696 3584 1756 3616 del.
1782 3583 1876 3616 Beck
1901 3581 1914 3626 ΙΙ
1938 3581 2136 3614 monasterio
2163 3581 2257 3621 libri,
2276 3589 2360 3629 eorr-

1282 3628 1367 3671 vulq.
1394 3627 1406 3671 ΙΙ
1435 3628 1477 3661 26
1501 3627 1719 3661 muliebribus
1741 3628 1841 3671 vulq.]
1878 3626 2074 3660 mulieribus
2099 3625 2184 3659 Tol.
2216 3622 2361 3657 melion-

1281 3672 1345 3706 bus
1369 3674 1407 3716 ιΙΙ
1425 3674 1505 3714 non]
1529 3677 1639 3705 autem
1665 3683 1732 3705 non
1755 3671 1929 3716 cuiq-1127
1954 3671 2152 3704 inditionem
2179 3669 2213 3703 T
