2476 3854
120 84 199 129 Ed.
217 85 323 131 XIII
355 89 419 131 11.
443 89 494 130 12
1194 82 1278 131 786
1683 99 1745 133 nn
1772 99 1891 132 unm
1917 98 2335 136 Annxmmnonuu

120 195 335 241 ἀνηκουσιῦν
363 193 579 242 Ιετςίιίόνας,
611 192 706 231 ὥστε
736 195 801 230 τὰς
830 196 999 230 τοιαύτας
1026 193 1198 240 δημοσίας
1227 196 1283 231 εἰσ
1312 196 1395 241 οράς
1417 195 1483 232 τὰς
1503 199 1578 232 τοῖς
1600 197 1716 233 θείοις
1738 196 1843 243 ἡμῶν
1871 191 2117 245 ἁρμοττούσας
2139 199 2333 247 θησαυροῖς

118 246 180 277 καὶ
209 241 496 288 εἰσπράττεσθαι
524 245 584 275 καὶ
613 244 692 275 ταῖς
728 240 847 275 θείαις
880 239 987 284 ἡμῶν
1017 241 1252 286 εἰσφέρεσθαι
1283 210 1464 286 ζιῐςίῐίόσι
1497 240 1590 286 μετὰ
1624 242 1762 279 παντὸς
1794 242 1963 279 κινδύνου
1994 245 2060 279 τοῦ
2095 244 2335 291 περιβλέπων

119 285 378 334 αὖγουσταλίου
411 290 471 321 καὶ
502 288 565 329 τῆς
587 286 808 330 πειθομένης
832 283 933 329 αὐτῷ
957 284 1103 327 τάξεως.
1151 286 1182 319 εἰ
1197 286 1275 341 γάρ
1297 299 1334 321 τι
1356 287 1501 322 τούτων
1523 284 1732 332 ἀμεληθείη,
1748 287 1920 325 ’κίνδυνος
1943 286 2058 324 αὐτὸν
2081 290 2337 337 περιστήσεται

119 334 182 367 ἐπί
201 346 241 367 τε
264 334 308 381 τῇ
333 330 420 379 ἀρχῇ
445 333 509 366 ἐπί
525 344 566 365 τε
589 332 634 377 τῇ
658 333 848 376 περιουσίᾳ
870 331 915 378 τῇ
938 331 1061 374 οἰκείᾳ,
1085 332 1145 364 καὶ
1168 343 1210 365 ου
1233 331 1348 375 μόνον
1371 333 1438 366 ἕως
1461 333 1522 367 ἐπὶ
1544 333 1606 376 τῆς
1629 332 1736 380 ἀρχῆς
1758 334 1869 376 ἐστιν,
1901 331 1993 368 ἀλλὰ
2016 337 2076 368 καὶ
2101 331 2253 380 ὕστερον
2275 337 2336 369 καὶ

119 376 269 413 ἐπειδὰν
293 376 429 420 ταύτην
452 374 638 411 α’πόθοιτο
661 379 722 410 καὶ
743 376 836 410 κατὰ
859 373 1044 418 διαδόχων
1068 373 1177 410 αὐτοῦ
1201 379 1262 410 καὶ
1277 375 1531 421 κληρονόμων·
1555 378 1713 419 ἐνέξεται
1728 377 1798 426 γὰρ
1813 383 1891 414 ταῖς
1907 379 2089 414 τοιαύταις
2103 379 2336 424 εἰσπράξεσιν

118 420 183 457 οὐκ
206 420 312 456 αὐτὸς
333 420 454 466 μόνος,
476 418 569 455 ἀλλὰ
592 424 652 455 καὶ
675 418 888 466 κληρονόμοι
912 418 1023 456 αὐτοῦ
1047 423 1107 455 καὶ
1131 419 1302 478 διάδοχοι,
1325 425 1392 456 ἕως
1415 420 1464 456 ἂν
1489 422 1611 458 πάντα
1635 422 1905 478 ἐκπληρώσειαν
1928 424 1974 458 τὰ
1997 427 2075 459 ταῖς
2095 423 2215 458 θείαις
2230 423 2336 469 ἡμῶν

117 468 144 504 3
188 465 393 512 largItio'o'w
423 468 462 501 ἐκ
493 467 571 501 τῶν
599 465 902 512 ὑποτεταγμένων
933 463 1031 509 aiv-cii
1062 465 1191 501 τόπων
1222 465 1449 512 οφειλόμενα.
1496 469 1557 502 καὶ
1586 466 1670 503 οὔτε
1701 467 1810 515 λογον
1840 466 1986 504 ἀσυλίας
2016 479 2070 503 τις
2094 469 2240 515 παρέξει
2263 472 2337 504 τοῖς

116 511 362 556 ὑποκειμένοις
390 509 491 554 αὐτῷ
523 510 619 555 πλὴν
649 513 807 552 ἐκείνων,
838 511 875 545 οἳ
896 514 955 545 καὶ
978 511 1044 546 τὸν
1067 508 1235 546 κίνδυνον
1261 526 1278 543 ε
1294 526 1311 543 ε
1330 525 1347 543 α
1374 513 1434 554 τῆς
1457 511 1673 558 εἰσπράξεως
1694 512 1867 560 καθάπερ
1891 514 1927 548 εἴ
1969 526 2030 548 ται
2051 516 2239 560 γινομένης
2262 521 2336 549 κιν-

117 556 218 600 δύνῳ
241 558 305 591 τοῦ
329 556 423 591 κατὰ
447 555 576 601 καιρὸν
600 556 842 601 περιβλέπτου
866 553 1126 603 αὖγουσταλίου
1144 560 1204 590 καὶ
1226 557 1290 600 τῆς
1312 557 1533 601 πειθομένης
1556 554 1655 601 αὐτῷ
1675 558 1819 602 τάξεως,
1842 527 1985 594 rdine&
2005 557 2202 604 χρημάτων
2225 571 2335 594 κατα-

116 600 353 646 βαλλομένων
384 603 443 637 ἐπὶ
474 601 557 636 τοὺς
583 602 892 646 καθωσιωμένους
921 602 999 636 τῶν
1032 601 1152 636 θείων
1182 600 1402 646 largitionum
1433 601 1660 644 παλατίνους,
1688 602 1740 638 οἷς
1759 604 1886 639 τούτου
1909 603 2007 648 μέλει
2030 606 2094 638 τοῦ
2118 606 2253 660 μέρους,
2275 606 2335 638 καὶ

116 645 199 682 τοὺς
230 646 347 681 ἄλλως
378 645 630 691 στελλομένους
661 648 721 681 ἐπὶ
752 647 861 681 τοῦτο
888 646 986 695 παρὰ
1017 647 1082 681 τοῦ
1113 648 1341 692 προεστῶτος
1371 648 1433 690 τῆς
1453 643 1562 690 αὐτῆς
1584 644 1746 683 εὐκλεοῦς
1769 645 1875 705 ἀρχῆς
1898 647 2132 690 ἐνδοξοτάτου
2155 655 2337 695 αρχοντος.

116 695 175 724 καὶ
206 691 290 726 οὔτε
321 691 429 738 λόγον
460 691 728 738 συγχωρήσουσι
759 690 890 726 δοῦναί
916 705 1003 726 τινα
1033 690 1134 739 παρὰ
1165 692 1213 726 τὰ
1244 692 1457 738 ὲζιιπροσθεν
1487 690 1741 739 διηγορευμένα
1763 706 1846 728 ουτε
1869 692 2078 739 ἐμπόδισμά
2101 707 2138 729 τι
2161 694 2337 741 γενέσθαι

115 739 198 782 περὶ
228 735 292 771 τὰς
320 736 532 782 εἰσπράξεις.
579 738 617 771 οἴ
642 750 683 771 τε
713 737 998 781 καθωσιωμένοι
1030 738 1252 782 στρατιῶται
1285 735 1332 780 [ἢ]
1364 736 1400 771 οἱ
1428 739 1469 772 ἐν
1492 741 1570 772 ταῖς
1599 738 1731 783 χώραις
1765 740 1915 773 ἐκείναις
1937 742 1998 773 καὶ
2021 740 2063 773 ἐν
2085 742 2162 775 ταῖς
2184 737 2337 775 πόλεσιν

115 781 216 817 ὄντες
235 781 281 816 τὰ
306 778 398 816 αὐτὰ
422 786 622 826 πείσονται,
646 783 677 816 εἰ
699 781 748 825 μὴ
771 779 929 817 κάκεῖνοι
952 780 1123 827 ἇμύνοιεν
1147 785 1208 816 καὶ
1231 784 1270 816 ἐκ
1293 781 1429 827 τρόπου
1453 781 1591 818 παντὸς
1612 780 1790 826 ἂνυσθείη
1821 784 1868 818 τὰ
1892 784 2155 829 largitionalicdt
2173 783 2337 830 χρήματα

114 829 174 860 καὶ
196 828 257 862 ἐπὶ
280 827 362 862 τοὺς
385 827 432 861 εἰς
454 828 563 862 τοῦτο
587 826 840 870 στελλομένους
862 826 1124 871 καταβληθείη,
1144 830 1204 861 καὶ
1225 830 1374 875 γένηται
1397 824 1452 862 ἐπ’
1480 825 1599 862 αὐτοῖς
1619 828 1721 863 πᾶσα
1744 828 1936 875 προθυμία
1950 831 2009 864 καὶ
2027 827 2221 876 εἴσπραξις,
2244 825 2336 872 ὅσην

114 875 175 905 καὶ
199 874 261 908 ἐπὶ
285 875 358 907 τοῖς
381 869 562 919 ἇρκαρίοις
583 872 759 919 γενέσθαι
782 870 1042 918 διεταξάμεθα.

1094 939 1252 977 CAPUT
1275 940 1356 976 XII.

250 1005 407 1052 Δίδομεν
435 1005 475 1042 δὲ
501 1010 561 1042 καὶ
591 1008 706 1041 ἐκεῖνο
737 1007 790 1050 τῷ
824 1004 1055 1052 περιβλέπτῳ
1091 1005 1349 1054 αὖγουσταλίῳ,
1381 1002 1478 1042 ὥστε
1501 1008 1547 1054 ἐφ
1582 1003 1700 1044 ἅπασι
1721 1005 1996 1042 διακελεύεσθαι
2018 1010 2079 1042 καὶ
2099 1008 2340 1054 στρατιώταις

113 1054 174 1086 καὶ
205 1052 406 1099 παγάρχαις
432 1056 494 1087 καὶ
524 1054 597 1087 τοῖς
628 1051 676 1086 τοὶ
708 1049 863 1096 δημόσια
890 1050 1092 1096 πράττουσι
1116 1052 1162 1086 τὰ
1186 1050 1258 1088 ὑπὸ
1283 1053 1351 1097 τὴν
1373 1049 1483 1087 αὐτοῦ
1507 1052 1730 1088 καθεστῶτα
1753 1051 1930 1096 διοίκησίν
1953 1066 1994 1087 τε
2012 1056 2072 1087 καὶ
2097 1053 2272 1095 ἐξουσίαν,
2296 1051 2338 1088 οὗ

113 1100 239 1142 μέντοι
263 1095 451 1132 δύνασθαι
474 1096 557 1132 τούς
580 1096 766 1144 παγάρχας
789 1095 1093 1144 ἀγνωμονοῦντας
1116 1094 1139 1141 ἢ
1162 1101 1244 1143 περὶ
1267 1098 1335 1133 τὸν
1359 1101 1462 1132 σῖτον
1484 1093 1506 1142 ἢ
1531 1101 1613 1143 περὶ
1639 1097 1685 1133 τὰ
1708 1096 1826 1133 ναῦλα
1847 1097 1870 1142 ἢ
1894 1100 1975 1142 περὶ
1995 1098 2042 1133 τὰ
2063 1097 2157 1133 ἄλλα
2181 1096 2338 1143 δημόσια

114 1142 160 1176 τὰ
188 1139 373 1185 ἀνήκοντα
411 1146 489 1178 ταῖς
512 1144 712 1188 εἰρημέναις
735 1143 866 1177 αἰτίαις
889 1140 912 1186 ἢ
935 1145 1012 1177 ταῖς
1034 1141 1127 1177 κατὰ
1145 1141 1198 1186 χώ
1221 1157 1268 1178 αν
1291 1142 1472 1178 δαπάναις
1495 1139 1682 1178 ἀποκινεῖν
1701 1139 1779 1177 κατ’
1801 1143 1986 1185 ἐξουσίαν·
2011 1140 2087 1178 ἀλλ’
2109 1144 2146 1178 εἴ
2162 1156 2200 1179 τι
2223 1142 2336 1189 πράτ-

113 1200 212 1222 τοιεν
246 1186 372 1231 κακόν,
407 1185 472 1222 οὐκ
503 1186 714 1230 ἆποκινήσει
744 1189 812 1232 μὲν
843 1184 993 1231 αὐτούς,
1028 1189 1069 1222 ἐν
1100 1157 1280 1234 ἀσφαλείᾳ
1310 1187 1351 1223 δέ
1379 1189 1597 1231 καταστήσει
1626 1191 1686 1222 καὶ
1717 1188 1974 1234 περισκοπήσει
2004 1189 2143 1235 ἑτέρους
2172 1187 2256 1224 τοὺς
2285 1189 2339 1232 τῷ

114 1231 301 1279 πράγματι
329 1235 563 1279 χρησομένους
591 1231 717 1278 ὀρθοῖς
746 1235 807 1267 καὶ
834 1229 986 1267 ἅπαντα
1013 1231 1165 1277 μηνύσει
1194 1234 1362 1268 ἐνταῦθα
1392 1235 1446 1277 τῷ
1472 1231 1603 1279 θρόνῳ
1634 1233 1688 1277 τῷ
1723 1236 1777 1277 σῷ
1802 1236 1862 1267 καὶ
1885 1231 1930 1268 δι’
1957 1230 2068 1269 αὐτοῦ
2090 1235 2136 1282 τῇ
2159 1233 2337 1279 βασιλείᾳ,

114 1274 208 1312 ὥστε
232 1274 322 1322 ἡμᾶς
345 1278 470 1313 πάντα
492 1277 737 1325 γινώσκοντας
759 1277 806 1312 τὰ
830 1276 1064 1324 προσήκοντα
1087 1277 1264 1322 πράττειν
1287 1280 1350 1314 ἐπί
1372 1291 1410 1313 τε
1430 1279 1475 1326 τῇ
1499 1279 1577 1313 τῶν
1600 1275 1665 1312 οὔκ
1690 1275 1816 1324 ὀρθῶς
1829 1279 1882 1322 τῷ
1898 1279 2085 1324 πράγματι
2100 1282 2338 1325 χρησαμένων

114 1322 244 1370 ἐκβολῇ
276 1324 340 1359 ἐπί
369 1336 410 1358 τε
438 1325 483 1370 τῇ
515 1323 593 1358 τῶν
617 1322 858 1369 ἐπιλεγέντων
882 1324 1081 1379 παγαρχῶν
1105 1323 1142 1357 εἴ
1158 1336 1199 1369 γε
1219 1322 1426 1369 συνίδοιμεν
1450 1324 1710 1370 ἐγκαταστάσει
1728 1326 1788 1357 καὶ
1812 1322 2013 1370 παραδόσει
2043 1325 2121 1359 τῶν
2142 1337 2184 1359 τε
2202 1325 2250 1358 εἰς
2272 1324 2338 1359 τὰς

112 1371 134 1404 1
180 1372 381 1414 παγαρχίας
404 1365 619 1412 ἀνηκόντων
642 1370 719 1403 τῶν
739 1381 780 1403 τε
803 1369 852 1402 εἰς
874 1368 939 1402 τὰς
962 1372 1085 1402 ουσίας
1107 1368 1171 1402 τὰς
1194 1368 1324 1404 αὐτῶν.
1370 1366 1464 1403 ἀλλὰ
1488 1372 1548 1402 καὶ
1569 1368 1651 1423 ςσὶ)
1673 1367 1943 1413 πολιτευόμενοι
1961 1369 2051 1404 οἵτε
2065 1369 2159 1404 κατὰ
2174 1365 2335 1410 Ἀλεξᾶν·

114 1411 238 1458 δρειαν
261 1414 300 1448 οἷ’
317 1427 358 1449 τε
381 1413 475 1448 κατὰ
498 1414 561 1448 τὰς
585 1411 650 1452 δύο
674 1412 883 1460 Αἰγύπτους
907 1411 1162 1449 ὑποκείσονται
1186 1411 1300 1458 αὐτῷ,
1322 1416 1383 1448 καὶ
1403 1413 1537 1449 πάντες
1561 1412 1641 1448 ὅσοι
1664 1411 1819 1458 δημόσια
1841 1416 2058 1459 χειρίζουσιν
2084 1415 2126 1449 ἐν
2148 1417 2226 1449 ταῖς
2248 1411 2336 1451 ὑπο-

112 1461 288 1502 κειμέναις
319 1457 418 1502 αὖτῷ
450 1459 581 1505 χώραις
607 1461 685 1493 ταῖς
713 1458 943 1505 εἰσπράξεσιν
974 1455 1272 1504 οἷπονενεμημένα
1303 1462 1381 1494 ταῖς
1413 1456 1524 1494 αὐτοῦ
1541 1470 1550 1480 ·
1585 1457 1714 1493 ἄδειαν
1744 1461 1898 1501 ἔχοντος,
1926 1456 1996 1494 κᾶν
2019 1460 2068 1494 εἰς
2090 1460 2212 1505 ἑτέρας
2233 1458 2336 1495 τινὰς

113 1504 186 1538 εἶεν
217 1504 335 1550 χώρας
365 1503 431 1538 τὰς
488 1503 510 1548 ὴ
534 1501 768 1549 ὑποκειμένας
792 1501 904 1547 αὐτῷ,
928 1507 988 1537 καὶ
1012 1503 1115 1550 ἄγειν
1138 1504 1227 1551 πρὸς
1249 1503 1381 1539 ἑαυτὸν
1400 1507 1461 1538 καὶ
1484 1502 1716 1550 εἰσπράττειν
1738 1503 1786 1538 τὰ
1810 1502 1978 1549 δημόσια,
2001 1507 2063 1539 καὶ
2084 1504 2121 1538 εἴ
2139 1515 2234 1540 τινες
2255 1505 2334 1540 τῶν

112 1552 341 1592 κεκτημένων
373 1551 434 1583 ἐπὶ
455 1547 720 1595 Αλεξανδρειάς
751 1545 775 1592 ἢ
798 1549 839 1583 ἐν
864 1549 1068 1593 Αἰγύπτοις
1089 1547 1151 1583 δύο
1175 1550 1335 1595 ἑτέρωθι
1360 1547 1520 1596 διάγοιεν
1550 1547 1567 1559 ’“
1590 1549 1721 1584 οἰκοῖεν
1744 1548 1831 1594 (ἐν)
1853 1550 2040 1597 ἐπαρχίαις
2062 1547 2127 1592 οὐχ
2148 1547 2335 1593 ὑποκειμέ·

113 1605 194 1628 ναις
219 1591 331 1637 αὐτῷ,
356 1597 416 1628 καὶ
441 1591 589 1629 τούτους
613 1596 857 1641 ἐπαναγαγεῖν
874 1594 922 1628 εἰς
944 1591 989 1637 ἢν
1013 1592 1195 1630 ἀπέλιπον
1217 1593 1353 1640 χώραν,
1378 1590 1475 1629 ὥστε
1498 1607 1546 1637 μη
1571 1596 1610 1629 ἑν
1634 1591 1844 1639 ἐμπόδισμα
1869 1597 1941 1629 τοῖς
1964 1592 2145 1638 δημοσίοις
2160 1595 2336 1641 γενέσθαι

112 1642 185 1673 τοῖς
206 1636 453 1684 ὑποκειμένοις
474 1636 583 1683 αὐτῷ.
631 1637 767 1674 ταύτοῦ
790 1637 921 1674 τούτου
946 1643 1205 1686 πραττομένου,
1229 1641 1261 1674 εἰ
1281 1643 1344 1674 καί
1365 1651 1459 1675 τινες
1482 1636 1661 1686 ὀφείλοιεν
1686 1637 1841 1683 δημόσια
1852 1636 2035 1684 ἀνήκοντα
2051 1643 2129 1675 ταῖς
2143 1642 2338 1684 τραπέζαις

112 1686 191 1718 ταῖς
223 1688 318 1729 σαῖς,
350 1688 410 1719 καὶ
444 1685 481 1719 οἱ
508 1688 722 1729 τρακτευταῑ
753 1688 813 1719 καὶ
843 1684 881 1719 οἱ
909 1683 978 1719 τὸν
1010 1686 1160 1720 ἐκείνων
1192 1684 1409 1731 πληροῦντες
1439 1683 1556 1721 τόπον
1586 1688 1647 1720 καὶ
1677 1682 1904 1729 ὑποκείμενοι
1935 1687 2012 1720 ταῖς
2043 1685 2252 1731 εἰσπράξεσι
2277 1685 2339 1729 τῆς

111 1730 253 1775 γενικῆς
283 1731 344 1764 καὶ
378 1727 490 1774 ἶδικῆς
516 1731 694 1776 τραπέζης
722 1728 865 1765 τοιοῦτό
891 1743 927 1765 τι
950 1727 1059 1774 δῆλον
1082 1726 1183 1774 αὐτῷ
1205 1729 1488 1774 καταστήσειαν·
1518 1733 1579 1774 καὶ
1602 1731 1663 1766 ἐπὶ
1687 1730 1804 1775 τούτῳ
1826 1730 1899 1777 γὰρ
1923 1727 2056 1776 ὁμοίως
2077 1733 2139 1767 καὶ
2162 1732 2338 1778 ἐκπέμψω

112 1896 321 1935 huiusmodi
336 1896 510 1944 publicae
532 1896 715 1933 illationes
738 1907 833 1949 quae
854 1896 973 1932 sacris
995 1896 1131 1933 nostris
1154 1895 1332 1932 thesauris
1362 1899 1572 1943 competunt
1593 1900 1628 1933 et
1650 1897 1851 1944 exiqantur
1873 1901 1910 1934 et
1928 1897 2046 1933 sacris
2068 1898 2205 1935 nostris
2227 1897 2339 1945 ἰατρί-

113 1942 270 1978 tionibus
299 1942 513 1987 inferantur
544 1952 623 1977 cum
654 1952 749 1977 omni
774 1941 945 1988 periculo
971 1940 1179 1994 spectabilis
1201 1941 1414 1988 Auqustalis
1443 1945 1480 1977 et
1509 1941 1629 1987 officii
1656 1942 1690 1978 ei
1721 1943 2011 1989 obtemperantis.
2060 1942 2103 1979 Si
2136 1942 2226 1996 quid
2246 1944 2339 1980 enim

112 1987 240 2022 horum
271 1987 471 2033 neqlectum
502 1987 582 2029 erit,
610 1986 812 2033 periculum
842 1987 876 2023 ei
899 1986 1095 2023 imminebit
1118 1990 1191 2022 tam
1214 1985 1259 2022 de
1281 1986 1498 2032 magistratu
1522 1996 1631 2032 quam
1655 1986 1700 2023 de
1721 1986 1923 2023 substantia
1940 1988 2112 2040 propria,
2135 1987 2245 2034 idque
2266 1999 2340 2024 non

110 2032 229 2067 solum
260 2032 344 2067 dum
370 2032 409 2066 in
441 2031 755 2068 administratione
786 2032 867 2074 erit,
897 2031 963 2068 sed
985 2035 1118 2079 postea
1150 2041 1293 2077 quoque
1323 2035 1358 2066 et
1385 2037 1581 2078 postquam
1605 2042 1683 2067 eam
1707 2031 1927 2078 deposuerit,
1957 2036 1994 2069 et
2015 2043 2054 2068 in
2073 2032 2340 2069 successoribus

112 2077 191 2112 eius
221 2080 258 2113 et
288 2075 478 2113 heredibus
485 2090 499 2119 ,·
529 2077 660 2113 etenim
692 2076 875 2114 obnoxius
905 2077 974 2112 erit
1005 2075 1137 2112 talibus
1157 2076 1410 2113 exactionibus
1431 2087 1505 2112 non
1528 2076 1608 2124 ipse
1629 2077 1757 2120 solum,
1779 2077 1844 2113 sed
1866 2076 2014 2114 heredes
2037 2088 2182 2130 quoque
2204 2078 2281 2114 eius
2302 2082 2339 2114 et

110 2122 136 2157 3
182 2132 419 2164 successores,
443 2122 558 2158 donec
582 2125 712 2158 cuncta
735 2122 962 2170 expleverint
977 2133 1071 2168 quae
1084 2122 1200 2157 sacris
1216 2122 1352 2157 nostris
1370 2121 1625 2167 larqitionibus
1641 2121 1814 2158 debentur
1827 2133 1878 2158 ex
1893 2121 1983 2158 locis
1996 2123 2030 2159 ei
2043 2122 2222 2161 subiectis.
2261 2122 2339 2159 Nec

112 2166 221 2214 λόγον
246 2164 391 2202 ἀσυλίας
415 2167 460 2203 iis
484 2167 547 2213 qui
568 2167 602 2203 ei
623 2167 758 2202 subditi
779 2171 865 2203 sunt
888 2167 1080 2213 quisquam
1103 2166 1206 2202 dabit
1226 2170 1376 2214 praeter
1398 2177 1471 2209 eos,
1495 2167 1560 2247 ραι·
1582 2167 1690 2203 etiam
1711 2167 1912 2213 periculum
1935 2169 2124 2210 sustinent,
2147 2168 2181 2203 si
2195 2167 2338 2214 quidem

111 2213 258 2248 exactio
282 2216 322 2247 ut
346 2213 481 2248 dictum
505 2217 559 2247 est
577 2212 744 2259 periculo
768 2212 814 2257 fit
836 2212 1042 2259 spectabilis
1057 2222 1133 2258 pro
1158 2215 1318 2259 tempore
1332 2213 1389 2247 Au
1417 2215 1499 2247 usta
1512 2211 1544 2247 is
1568 2215 1604 2248 et
1633 2212 1751 2258 officii
1779 2213 1815 2248 ei
1840 2212 2129 2265 obtemperantis,
2160 2212 2339 2259 pecuniae

111 2264 196 2293 vero
228 2262 466 2293 numerantur
488 2257 626 2294 devotis
647 2268 838 2293 sacrarum
863 2258 1100 2304 larqitionum
1110 2256 1299 2337 'palatinis
1321 2257 1385 2310 qui
1409 2267 1451 2292 us
1474 2256 1563 2292 haec
1585 2267 1675 2303 pars
1699 2267 1809 2293 curae
1828 2262 1893 2300 est,
1917 2268 1970 2294 ets
1997 2268 2041 2294 ue
2059 2258 2124 2304 qui
2145 2261 2337 2304 praeterea

112 2302 162 2337 ad
196 2301 266 2338 boc
301 2303 493 2338 mittuntur
524 2313 549 2338 a
582 2302 847 2348 ylariosissimo
881 2302 1073 2349 praefecto
1136 2302 1218 2337 uius
1249 2301 1395 2337 inclitae
1425 2301 1761 2338 administrationis.
1809 2302 1936 2348 Neque
1986 2301 2074 2349 όγον
2104 2302 2223 2339 sinent
2250 2301 2339 2338 dare

112 2358 328 2394 quemquam
356 2351 509 2394 praeter
542 2358 586 2383 ea
621 2358 714 2399 quae
749 2352 858 2384 antea
894 2347 993 2383 dicta
1022 2351 1109 2382 sunt
1136 2357 1252 2392 neque
1282 2346 1534 2393 impedimento
1566 2346 1760 2393 quicquam
1792 2347 2043 2384 exactionibus
2070 2347 2162 2392 fieri.
2211 2346 2341 2383 Devoti

111 2397 230 2428 autem
254 2393 385 2428 milites
408 2393 472 2439 qui
493 2392 534 2428 in
556 2393 764 2439 regionibus
787 2392 860 2428 illis
883 2396 920 2428 et
941 2392 1090 2428 urbibus
1111 2397 1197 2427 sunt
1218 2391 1340 2428 eadem
1364 2395 1451 2427 sunt
1471 2392 1630 2438 passuri,
1662 2392 1734 2427 nisi
1757 2395 1792 2427 et
1814 2391 1886 2438 ipsi
1908 2403 2012 2439 opem
2034 2393 2162 2439 ferant
2183 2396 2220 2428 et
2243 2392 2340 2428 omni

111 2437 218 2473 modo
247 2437 498 2483 larqitionales
526 2439 704 2491 pecuniae
734 2441 917 2485 coquntur
946 2442 982 2473 et
1012 2437 1065 2473 eis
1090 2437 1154 2490 qui
1178 2436 1228 2472 ad
1249 2436 1318 2472 boc
1341 2437 1535 2472 mittuntur
1558 2436 1807 2478 exsolvantur,
1831 2441 1867 2473 et
1888 2437 1925 2472 in
1950 2437 2006 2473 llis
2029 2437 2145 2473 omnis
2166 2436 2341 2474 alacritas

113 2481 329 2518 adhibeatur
351 2487 386 2518 et
409 2487 556 2519 exactio
581 2487 755 2529 quantam
778 2484 887 2519 etiam
910 2483 948 2517 in
971 2483 1129 2518 arcanis
1152 2481 1320 2518 adhiberi
1340 2482 1543 2517 statuimus.

247 2527 329 2563 XII.
379 2527 582 2563 Tribuimus
605 2531 724 2564 autem
747 2528 855 2564 etiam
878 2527 971 2563 illud
991 2526 1180 2574 spectabili
1203 2526 1409 2573 Auqustali,
1433 2530 1474 2562 ut
1496 2526 1534 2562 in
1559 2526 1723 2562 omnibus
1745 2526 1898 2573 imperet
1918 2529 1953 2562 et
1968 2525 2140 2563 militibus
2153 2529 2189 2563 et
2197 2537 2340 2574 paqar-

112 2571 189 2608 cilis
220 2578 255 2608 et
284 2573 337 2608 eis
368 2574 432 2619 qui
459 2573 608 2619 publica
633 2577 791 2609 tractant
813 2573 879 2608 sub
904 2574 982 2609 eius
1004 2571 1319 2608 administratione
1342 2575 1379 2607 et
1398 2574 1579 2618 potestate
1599 2572 1809 2614 constituta,
1831 2582 1906 2607 non
1927 2576 2046 2608 autem
2069 2575 2111 2607 ut
2129 2583 2182 2618 pa
2208 2571 2341 2608 archas

109 2616 368 2662 fraudulenter
398 2628 437 2654 se
466 2622 632 2665 qerentes
655 2618 729 2654 sive
751 2619 851 2653 circa
872 2618 1098 2663 frumentum
1120 2616 1195 2653 sive
1217 2617 1315 2652 circa
1339 2616 1452 2652 naula
1475 2616 1548 2652 sive
1571 2616 1670 2652 circa
1693 2616 1836 2662 reliqua
1854 2615 2001 2663 publica
2024 2627 2119 2663 quae
2141 2628 2163 2652 a
2214 2615 2341 2653 titulos

111 2672 205 2706 quos
233 2662 394 2698 diximus
422 2668 486 2697 aut
513 2662 758 2709 provinciales
784 2667 948 2710 sumptus
972 2663 1162 2709 pertinent
1185 2672 1261 2708 pro
1292 2672 1360 2697 sua
1383 2664 1570 2708 potestate
1599 2672 1782 2698 removere
1807 2662 1939 2708 possit.
1985 2660 2060 2697 Sed
2089 2661 2122 2697 si
2142 2660 2233 2708 quid
2253 2661 2341 2698 mali·

108 2707 277 2753 fecerint,
302 2718 375 2743 non
398 2707 594 2744 removebit
615 2707 758 2754 quidem
781 2718 854 2751 eos,
877 2707 943 2743 sed
963 2707 1029 2743 sub
1053 2706 1220 2743 custodia
1243 2706 1436 2743 constituet
1451 2710 1485 2742 et
1501 2707 1595 2743 alios
1612 2706 1781 2759 anquiret
1794 2706 1859 2753 qui
1874 2709 1970 2742 recte
1986 2717 2061 2742 rem
2077 2705 2340 2749 administrent,

111 2755 147 2787 et
178 2752 299 2787 omnia
331 2752 401 2787 huc
432 2752 510 2787 sedi
538 2756 622 2788 tuae
649 2758 685 2788 et
711 2763 781 2799 per
811 2763 890 2789 eam
922 2753 1139 2799 imperatori
1169 2751 1366 2794 nuntiabit,
1397 2755 1439 2787 ut
1469 2761 1535 2787 nos
1568 2762 1688 2788 omnia
1712 2755 1968 2797 coqnoscentes
1990 2761 2034 2787 ea
2058 2761 2152 2797 quae
2174 2750 2341 2791 convenit

109 2796 295 2842 faciamus
325 2802 397 2832 tam
428 2796 473 2833 de
503 2797 677 2834 eiectione
707 2809 831 2834 eorum
864 2798 930 2845 qui
959 2808 1033 2833 non
1056 2801 1153 2832 recte
1175 2807 1251 2833 rem
1275 2799 1454 2832 curarunt
1477 2807 1587 2843 quam
1608 2796 1652 2832 de
1676 2796 1869 2833 electorum
1886 2795 2163 2843 paqarcharum
2184 2795 2217 2832 si
2235 2795 2340 2832 nobis

110 2843 131 2877 1
170 2841 358 2888 placuerit
379 2841 631 2877 substitutione
654 2846 691 2878 et
715 2843 910 2879 traditione
933 2853 1058 2878 eorum
1082 2853 1176 2888 quae
1199 2841 1249 2877 ad
1265 2841 1493 2888 paqarchias
1515 2845 1551 2877 et
1574 2852 1668 2888 quae
1691 2841 1742 2877 ad
1763 2842 1857 2878 bona
1881 2852 2005 2878 eorum
2021 2842 2220 2894 pertinent.
2267 2838 2341 2877 Sed

110 2886 218 2922 etiam
249 2885 406 2921 curiales
438 2890 510 2921 tam
537 2887 785 2923 Alexandriae
814 2899 924 2934 quam
955 2888 993 2923 in
1025 2892 1181 2933 utraque
1203 2887 1374 2934 Aeqypto
1406 2887 1440 2922 ei
1461 2885 1612 2923 subiecti
1634 2891 1741 2923 erunt
1764 2890 1799 2923 et
1822 2897 1944 2922 omnes
1966 2896 2171 2939 quicunque
2186 2883 2338 2933 publica

110 2934 270 2966 tractant
300 2932 337 2966 in
366 2931 575 2977 reqionibus
602 2933 635 2967 ei
664 2932 834 2968 subiectis
864 2934 942 2968 eius
974 2932 1229 2968 exactionibus
1257 2931 1443 2968 attributa.
1492 2930 1541 2967 Et
1571 2932 1679 2968 liceat
1709 2932 1754 2974 ei,
1773 2931 1928 2967 ,etiamsi
1959 2942 1996 2967 in
2020 2930 2106 2967 aliis
2129 2929 2339 2978 regionibus

110 2976 185 3011 sint
215 2987 290 3012 non
321 2975 354 3011 ei
385 2976 550 3018 subditis,
581 2987 642 3012 eos
664 2977 714 3012 ad
734 2987 774 3012 se
796 2977 928 3013 ducere
947 2982 983 3013 et
998 2977 1152 3024 publica
1176 2977 1222 3013 ab
1246 2976 1298 3013 eis
1319 2976 1480 3023 exiqere,
1504 2979 1540 3012 et
1561 2976 1596 3012 si
1617 2977 1681 3023 qui
1703 2987 1829 3013 eorum
1848 2976 1916 3029 qui
1939 2975 2188 3012 Alexandriae
2211 2979 2277 3011 aut
2298 2974 2338 3010 in

111 3026 268 3067 utraque
291 3023 458 3067 Aeqypto
487 3021 678 3067 possident
706 3022 795 3057 alibi
822 3022 956 3069 deqant
987 3022 1046 3058 vel
1074 3021 1234 3058 habitent
1263 3021 1302 3056 in
1327 3021 1529 3068 provinciis
1559 3032 1633 3057 non
1652 3021 1687 3058 ei
1705 3021 1886 3063 subiectis,
1912 3020 1979 3056 bos
2001 3031 2144 3066 quoque
2167 3019 2339 3056 reducere

109 3066 148 3101 in
179 3066 363 3111 reyionem
395 3076 504 3112 quam
533 3065 778 3108 deseruerunt,
811 3071 851 3101 ut
881 3066 974 3102 nillil
1002 3067 1251 3113 impedimento
1283 3066 1331 3102 sit
1358 3065 1515 3113 publicis
1544 3076 1637 3112 quae
1664 3066 1739 3113 ipsi
1759 3065 1977 3101 incumbunt.
2023 3063 2128 3108 Quod
2149 3063 2241 3101 idem
2262 3063 2338 3109 fiet,

108 3111 142 3146 si
165 3112 228 3157 qui
248 3111 398 3157 publica
421 3110 573 3147 debeant
595 3110 646 3146 ad
666 3121 808 3146 mensas
833 3116 915 3147 tuas
936 3112 1169 3158 pertinentia,
1192 3115 1227 3148 et
1252 3114 1470 3147 tractatores
1496 3112 1633 3191 gaique
1655 3121 1781 3147 eorum
1804 3109 1920 3145 locum
1943 3110 2093 3162 explent
2115 3109 2339 3162 etexactio-

109 3156 215 3192 nibus
245 3155 429 3203 qeneralis
458 3155 515 3193 vel
542 3154 714 3203 specialis
742 3165 886 3192 mensae
914 3156 1116 3192 inserviunt
1146 3155 1324 3192 eiusmodi
1352 3155 1442 3202 quid
1473 3165 1495 3191 a
1549 3166 1630 3191 eum
1653 3154 1876 3191 rettulerint:
1908 3164 1992 3190 nam
2014 3158 2122 3191 etiam
2145 3165 2183 3190 m
2207 3154 2277 3190 hac
2298 3163 2340 3190 re

156 3327 170 3359 1
200 3322 426 3371 λαργιτιόηεε
451 3326 497 3359 Μ
516 3325 529 3370 ΙΙ
558 3327 578 3360 2
603 3323 771 3367 largitiosi
795 3323 844 3357 M
852 3323 864 3366 ΙΙ
892 3325 910 3357 7
936 3323 1127 3366 largitiosin
1152 3323 1197 3357 Μ
1262 3324 1303 3359 23
1329 3321 1557 3369 γινώσκοντα
1580 3323 1625 3356 Μ
1637 3321 1650 3366 ΙΙ
1668 3324 1711 3357 24
1736 3320 1958 3367 πατραρχῶν
1982 3323 2029 3357 Μ
2037 3322 2050 3367 ΙΙ
2067 3321 2103 3356 εἴ
2121 3334 2161 3356 τε
2181 3322 2232 3365 Μ,
2256 3334 2337 3356 corr.

108 3370 120 3414 ΙΙ
144 3367 247 3416 λόγος
271 3371 318 3404 Μ
339 3370 351 3415 ΙΙ
376 3372 396 3405 8
422 3373 542 3405 excidit
557 3373 634 3415 fere
662 3367 881 3413 ὑπομένουσι
899 3367 911 3412 ΙΙ
929 3371 949 3403 9
972 3366 1194 3412 μεταβαλλο·
1263 3369 1456 3413 Aqyloeusfl
1486 3365 1746 3413 έγκαταστήσει
1769 3370 1829 3401 καὶ
1854 3364 2064 3413 παραδώσει
2088 3368 2138 3408 ΔΙ,
2163 3379 2245 3401 corr.
2271 3364 2338 3402 Za-

108 3417 233 3459 μένων
255 3416 306 3458 M,
331 3429 416 3450 corr.
437 3415 654 3460 Zachariaefl
676 3417 717 3450 10
741 3408 961 3456 largitionum
979 3414 1026 3447 M
1038 3416 1051 3457 ss
1069 3414 1108 3448 11
1134 3413 1195 3447 ἐπὶ
1263 3414 1395 3448 chariae
1417 3413 1430 3456 ΙΙ
1457 3414 1499 3447 25
1522 3423 1619 3456 πατρ
1667 3415 1745 3455 χίας
1769 3413 1813 3446 Μ
1832 3412 1845 3457 ΙΙ
1867 3411 2156 3456 πολιτευομένων
2179 3412 2231 3454 M,
2254 3423 2337 3446 corr.

109 3458 228 3503 τούτῳ
262 3473 329 3495 cum
354 3461 461 3495 Scrim
488 3474 541 3495 ero
571 3462 658 3505 vuly.
691 3460 705 3503 ΙΙ
729 3464 808 3504 post
837 3455 1007 3502 ἄρχοντος
1039 3459 1195 3491 nonnulla
1263 3458 1432 3502 Ayylaeus
1449 3456 1462 3501 ΙΙ
1478 3459 1518 3492 27
1544 3453 1614 3492 κᾶν
1663 3459 1830 3499 αεΙιανὶαε]
1855 3460 1915 3491 καὶ
1931 3459 1977 3491 Μ
1988 3458 2001 3502 fl
2017 3459 2060 3492 29
2084 3457 2124 3490 έν
2148 3457 2227 3492 add.
2245 3455 2339 3491 Beck

105 3508 232 3548 perisse
256 3507 418 3540 existimat
467 3507 626 3540 achariae
650 3518 713 3539 non
735 3511 820 3539 recte
836 3503 850 3547 ss
869 3504 910 3538 12
934 3501 1196 3549 συγχωρήσεωσ
1261 3502 1274 3548 ΙΙ
1295 3499 1543 3545 ὑποκειμένων
1560 3503 1611 3545 M,
1630 3516 1712 3537 corr.
1731 3503 1946 3546 Zachariaell
1965 3504 2004 3537 31
2034 3499 2133 3544 αὐτῷ
2153 3500 2338 3536 Zachariae

109 3550 161 3591 sps,
185 3563 267 3583 corr.
290 3548 478 3585 Zachariae
494 3551 507 3595 ΙΙ
524 3562 602 3584 τινι
627 3548 845 3592 Zachariaefl
866 3549 905 3584 13
930 3544 952 3590 ἢ
976 3549 1038 3582 del.
1063 3546 1195 3582 Zacha-
1263 3549 1334 3591 (qui
1355 3549 1449 3581 etiam
1473 3549 1740 3591 inexaminatam
1764 3550 1838 3581 τοῖς
1862 3543 1974 3581 αὐτοῦ
1990 3547 2038 3581 M
2045 3548 2058 3591 ΙΙ
2077 3547 2119 3581 32
2143 3548 2256 3580 ἐκεῖνο
2273 3545 2337 3579 M·

109 3597 180 3628 riae
210 3594 223 3637 ΙΙ
256 3597 298 3629 14
328 3595 388 3640 Ῑαρ
412 3593 603 3630 ιτιονα1ἰοιὶ
630 3595 673 3628 M
698 3594 711 3639 ΙΙ
742 3595 781 3629 18
814 3589 1014 3639 πατάρχαις
1039 3593 1086 3626 Μ
1110 3592 1124 3636 ΙΙ
1153 3594 1194 3627 19
1263 3592 1276 3637 ΙΙ
1298 3592 1514 3635 ἐπικείμενοι
1536 3594 1586 3635 Μ,
1611 3606 1693 3627 corr.
1710 3594 1812 3627 Kroll
1826 3593 1839 3636 Ι
1855 3594 1933 3627 ταῖς
1955 3593 2109 3636 γενικαῖς
2131 3593 2191 3624 καὶ
2211 3587 2338 3624 ι’δικαῖς

109 3637 293 3685 πατάρχας
314 3641 359 3675 Μ
391 3642 397 3686 Ι
433 3642 474 3675 22
507 3638 568 3674 διὰ
597 3636 733 3675 ταύτοῦ
767 3651 836 3674 cum
861 3639 1047 3684 Scrimqero
1072 3639 1159 3681 vulq.
1183 3636 1196 3683 ΙΙ
1262 3638 1457 3684 τραπέζαις
1481 3638 1531 3681 Διί,
1556 3651 1637 3673 corr.
1664 3636 1851 3673 Zachariae

2359 381 2379 414 5

2360 604 2401 637 10

2362 830 2403 863 15

2361 1145 2402 1179 20

2361 1370 2403 1403 25

2360 1587 2459 1632 30‘
