<?xml version="1.0" encoding="UTF-8"?>
<!DOCTYPE html PUBLIC "-//W3C//DTD XHTML 1.0 Transitional//EN"
    "http://www.w3.org/TR/xhtml1/DTD/xhtml1-transitional.dtd">
<html xmlns="http://www.w3.org/1999/xhtml" xml:lang="en" lang="en">
 <head>
  <title>
</title>
<meta http-equiv="Content-Type" content="text/html;charset=utf-8" />
  <meta name='ocr-system' content='tesseract 3.04.00' />
  <meta name='ocr-capabilities' content='ocr_page ocr_carea ocr_par ocr_line ocrx_word'/>
</head>
<body>
  <div class='ocr_page' id='page_1' title='image "./corpusjuriscivil00krueuoft_0250.png"; bbox 0 0 2592 3840; ppageno 0'>
   <div class='ocr_carea' id='block_1_1' title="bbox 219 74 2442 136">
    <p class='ocr_par' dir='ltr' id='par_1_1' title="bbox 219 74 2442 136">
     <span class='ocr_line' id='line_1_1' title="bbox 219 74 2442 136; baseline -0.002 -13"><span class='ocrx_word' id='word_1_1' title='bbox 219 82 327 125; x_wconf 88' lang='lat' dir='ltr'><strong>Nov.</strong></span> <span class='ocrx_word' id='word_1_2' title='bbox 357 82 481 124; x_wconf 90' lang='lat' dir='ltr'><strong>XXX</strong></span> <span class='ocrx_word' id='word_1_3' title='bbox 512 96 572 136; x_wconf 87' lang='lat' dir='ltr'><strong>pr.</strong></span> <span class='ocrx_word' id='word_1_4' title='bbox 602 85 617 122; x_wconf 92' lang='lat'>1</span> <span class='ocrx_word' id='word_1_5' title='bbox 1298 74 1381 121; x_wconf 81' lang='lat'><strong>224</strong></span> <span class='ocrx_word' id='word_1_6' title='bbox 2065 89 2126 120; x_wconf 76' lang='lat' dir='ltr'><strong>nn</strong></span> <span class='ocrx_word' id='word_1_7' title='bbox 2154 88 2442 120; x_wconf 70' lang='lat' dir='ltr'><strong>rnoconsum</strong></span> 
     </span>
    </p>
   </div>
   <div class='ocr_carea' id='block_1_2' title="bbox 220 186 2445 728">
    <p class='ocr_par' dir='ltr' id='par_1_2' title="bbox 220 186 2445 728">
     <span class='ocr_line' id='line_1_2' title="bbox 220 186 2441 239; baseline -0.002 -11"><span class='ocrx_word' id='word_1_8' title='bbox 220 193 357 229; x_wconf 85' lang='grc' dir='ltr'><strong><em>παντὸς</em></strong></span> <span class='ocrx_word' id='word_1_9' title='bbox 378 193 508 239; x_wconf 79' lang='grc' dir='ltr'><em>ἐξῆρχε,</em></span> <span class='ocrx_word' id='word_1_10' title='bbox 529 194 588 226; x_wconf 81' lang='grc' dir='ltr'><strong>καὶ</strong></span> <span class='ocrx_word' id='word_1_11' title='bbox 604 190 729 238; x_wconf 78' lang='grc' dir='ltr'><strong><em>ἄνδρες</em></strong></span> <span class='ocrx_word' id='word_1_12' title='bbox 747 186 1037 234; x_wconf 84' lang='grc' dir='ltr'><strong><em>όνομαστότατοί</em></strong></span> <span class='ocrx_word' id='word_1_13' title='bbox 1053 201 1095 222; x_wconf 73' lang='grc' dir='ltr'><strong>τε</strong></span> <span class='ocrx_word' id='word_1_14' title='bbox 1113 190 1173 222; x_wconf 80' lang='grc' dir='ltr'><strong>καὶ</strong></span> <span class='ocrx_word' id='word_1_15' title='bbox 1189 201 1297 234; x_wconf 82' lang='grc' dir='ltr'><strong><em>φρον-</em></strong></span> <span class='ocrx_word' id='word_1_16' title='bbox 1366 191 1454 233; x_wconf 81' lang='lat' dir='ltr'><strong>erat,</strong></span> <span class='ocrx_word' id='word_1_17' title='bbox 1480 192 1516 224; x_wconf 84' lang='lat' dir='ltr'><strong>et</strong></span> <span class='ocrx_word' id='word_1_18' title='bbox 1538 188 1604 223; x_wconf 83' lang='lat' dir='ltr'><strong>viri</strong></span> <span class='ocrx_word' id='word_1_19' title='bbox 1627 188 1900 224; x_wconf 76' lang='lat' dir='ltr'><strong>nominatissimi</strong></span> <span class='ocrx_word' id='word_1_20' title='bbox 1930 191 1967 224; x_wconf 84' lang='lat' dir='ltr'><strong>et</strong></span> <span class='ocrx_word' id='word_1_21' title='bbox 1989 187 2227 223; x_wconf 83' lang='lat' dir='ltr'><strong>sollicitudine</strong></span> <span class='ocrx_word' id='word_1_22' title='bbox 2250 187 2346 231; x_wconf 81' lang='lat' dir='ltr'><strong>digni</strong></span> <span class='ocrx_word' id='word_1_23' title='bbox 2368 186 2441 223; x_wconf 84' lang='lat' dir='ltr'><strong>Ro-</strong></span> 
     </span>
     <span class='ocr_line' id='line_1_3' title="bbox 220 231 2443 283; baseline -0.002 -11"><span class='ocrx_word' id='word_1_24' title='bbox 220 236 318 273; x_wconf 77' lang='grc' dir='ltr'><strong><em>τίδος</em></strong></span> <span class='ocrx_word' id='word_1_25' title='bbox 348 235 443 278; x_wconf 80' lang='grc' dir='ltr'><strong><em>ἄξιοι</em></strong></span> <span class='ocrx_word' id='word_1_26' title='bbox 466 235 649 282; x_wconf 78' lang='grc' dir='ltr'><strong><em>Ῥωμαίοις</em></strong></span> <span class='ocrx_word' id='word_1_27' title='bbox 678 234 861 283; x_wconf 79' lang='grc' dir='ltr'><strong><em>γενόμενοι</em></strong></span> <span class='ocrx_word' id='word_1_28' title='bbox 891 232 1042 280; x_wconf 75' lang='grc' dir='ltr'><strong><em>μεγάλης</em></strong></span> <span class='ocrx_word' id='word_1_29' title='bbox 1072 233 1216 267; x_wconf 74' lang='grc' dir='ltr'><strong><em>ἐκεῖθεν</em></strong></span> <span class='ocrx_word' id='word_1_30' title='bbox 1239 231 1296 279; x_wconf 82' lang='grc' dir='ltr'><strong>ἦρ·</strong></span> <span class='ocrx_word' id='word_1_31' title='bbox 1365 234 1480 269; x_wconf 87' lang='lat' dir='ltr'><strong>manis</strong></span> <span class='ocrx_word' id='word_1_32' title='bbox 1514 233 1604 268; x_wconf 86' lang='lat' dir='ltr'><strong>facti</strong></span> <span class='ocrx_word' id='word_1_33' title='bbox 1637 243 1766 277; x_wconf 87' lang='lat' dir='ltr'><strong>magna</strong></span> <span class='ocrx_word' id='word_1_34' title='bbox 1799 233 1883 268; x_wconf 88' lang='lat' dir='ltr'><strong>inde</strong></span> <span class='ocrx_word' id='word_1_35' title='bbox 1916 233 2126 268; x_wconf 86' lang='lat' dir='ltr'><strong>floruerunt.</strong></span> <span class='ocrx_word' id='word_1_36' title='bbox 2174 231 2356 276; x_wconf 75' lang='lat' dir='ltr'>Terraque</span> <span class='ocrx_word' id='word_1_37' title='bbox 2388 232 2443 267; x_wconf 85' lang='lat' dir='ltr'><strong>eis</strong></span> 
     </span>
     <span class='ocr_line' id='line_1_4' title="bbox 222 276 2444 330; baseline -0.003 -13"><span class='ocrx_word' id='word_1_38' title='bbox 222 284 357 326; x_wconf 89' lang='grc' dir='ltr'><strong><em>θησαν.</em></strong></span> <span class='ocrx_word' id='word_1_39' title='bbox 403 283 450 329; x_wconf 81' lang='grc' dir='ltr'><strong>γῆ</strong></span> <span class='ocrx_word' id='word_1_40' title='bbox 479 296 520 317; x_wconf 79' lang='grc' dir='ltr'><strong>τε</strong></span> <span class='ocrx_word' id='word_1_41' title='bbox 551 280 669 316; x_wconf 75' lang='grc' dir='ltr'><strong><em>αὐτοῖς</em></strong></span> <span class='ocrx_word' id='word_1_42' title='bbox 696 283 774 314; x_wconf 83' lang='grc' dir='ltr'><strong><em>ἐστι</em></strong></span> <span class='ocrx_word' id='word_1_43' title='bbox 802 276 917 321; x_wconf 87' lang='grc' dir='ltr'><strong><em>πολλή</em></strong></span> <span class='ocrx_word' id='word_1_44' title='bbox 947 292 987 313; x_wconf 81' lang='grc' dir='ltr'><strong>τε</strong></span> <span class='ocrx_word' id='word_1_45' title='bbox 1018 280 1078 311; x_wconf 79' lang='grc' dir='ltr'><strong><em>καὶ</em></strong></span> <span class='ocrx_word' id='word_1_46' title='bbox 1101 277 1298 322; x_wconf 67' lang='grc' dir='ltr'><strong><em>θαυμαστὴ</em></strong></span> <span class='ocrx_word' id='word_1_47' title='bbox 1366 278 1538 324; x_wconf 72' lang='lat' dir='ltr'><strong>plurimat</strong></span> <span class='ocrx_word' id='word_1_48' title='bbox 1550 281 1588 313; x_wconf 84' lang='lat' dir='ltr'><strong>et</strong></span> <span class='ocrx_word' id='word_1_49' title='bbox 1618 278 1789 313; x_wconf 84' lang='lat' dir='ltr'><strong>mirabilis</strong></span> <span class='ocrx_word' id='word_1_50' title='bbox 1821 282 1857 313; x_wconf 86' lang='lat' dir='ltr'><strong>et</strong></span> <span class='ocrx_word' id='word_1_51' title='bbox 1886 279 1939 313; x_wconf 77' lang='lat' dir='ltr'><strong>ita</strong></span> <span class='ocrx_word' id='word_1_52' title='bbox 1970 278 2114 330; x_wconf 78' lang='lat' dir='ltr'><strong>placens</strong></span> <span class='ocrx_word' id='word_1_53' title='bbox 2142 276 2304 330; x_wconf 74' lang='lat' dir='ltr'><strong>imperio,</strong></span> <span class='ocrx_word' id='word_1_54' title='bbox 2335 279 2377 312; x_wconf 85' lang='lat' dir='ltr'><strong>ut</strong></span> <span class='ocrx_word' id='word_1_55' title='bbox 2406 279 2444 312; x_wconf 77' lang='lat' dir='ltr'><strong>et</strong></span> 
     </span>
     <span class='ocr_line' id='line_1_5' title="bbox 222 320 2443 373; baseline -0.002 -11"><span class='ocrx_word' id='word_1_56' title='bbox 222 332 282 363; x_wconf 81' lang='grc' dir='ltr'><strong><em>καὶ</em></strong></span> <span class='ocrx_word' id='word_1_57' title='bbox 313 324 428 362; x_wconf 69' lang='grc' dir='ltr'><strong><em>οὕτως</em></strong></span> <span class='ocrx_word' id='word_1_58' title='bbox 455 325 613 373; x_wconf 72' lang='grc' dir='ltr'><strong><em>ἀρέσασα</em></strong></span> <span class='ocrx_word' id='word_1_59' title='bbox 642 328 686 373; x_wconf 74' lang='grc' dir='ltr'><strong><em>τῇ</em></strong></span> <span class='ocrx_word' id='word_1_60' title='bbox 711 322 894 369; x_wconf 76' lang='grc' dir='ltr'><em>βασιλείᾳ,</em></span> <span class='ocrx_word' id='word_1_61' title='bbox 927 320 974 357; x_wconf 76' lang='grc' dir='ltr'><strong><em>ὠς</em></strong></span> <span class='ocrx_word' id='word_1_62' title='bbox 997 326 1057 357; x_wconf 78' lang='grc' dir='ltr'><strong><em>καὶ</em></strong></span> <span class='ocrx_word' id='word_1_63' title='bbox 1079 320 1191 369; x_wconf 82' lang='grc' dir='ltr'><strong><em>ἀρχὴν</em></strong></span> <span class='ocrx_word' id='word_1_64' title='bbox 1221 325 1298 357; x_wconf 72' lang='grc' dir='ltr'><strong><em>ἐπι·</em></strong></span> <span class='ocrx_word' id='word_1_65' title='bbox 1367 323 1714 359; x_wconf 86' lang='lat' dir='ltr'><strong>administrationem</strong></span> <span class='ocrx_word' id='word_1_66' title='bbox 1739 324 1914 359; x_wconf 82' lang='lat' dir='ltr'><strong>statueret</strong></span> <span class='ocrx_word' id='word_1_67' title='bbox 1932 323 2031 358; x_wconf 81' lang='lat' dir='ltr'><strong>illinc</strong></span> <span class='ocrx_word' id='word_1_68' title='bbox 2050 322 2336 367; x_wconf 79' lang='lat' dir='ltr'><strong>possessmnibus</strong></span> <span class='ocrx_word' id='word_1_69' title='bbox 2359 332 2443 366; x_wconf 89' lang='lat' dir='ltr'><strong>pro-</strong></span> 
     </span>
     <span class='ocr_line' id='line_1_6' title="bbox 222 365 2444 416; baseline -0.003 -9"><span class='ocrx_word' id='word_1_70' title='bbox 222 374 352 416; x_wconf 79' lang='grc' dir='ltr'><strong><em>στῆσαι</em></strong></span> <span class='ocrx_word' id='word_1_71' title='bbox 371 376 448 406; x_wconf 78' lang='grc' dir='ltr'><strong><em>ταῖς</em></strong></span> <span class='ocrx_word' id='word_1_72' title='bbox 469 374 580 406; x_wconf 76' lang='grc' dir='ltr'><strong><em>ἐκεῖσε</em></strong></span> <span class='ocrx_word' id='word_1_73' title='bbox 598 369 770 414; x_wconf 45' lang='grc' dir='ltr'><strong><em>κτήσεσιν</em></strong></span> <span class='ocrx_word' id='word_1_74' title='bbox 784 367 892 409; x_wconf 81' lang='grc' dir='ltr'><strong><em>ἰδίαν,</em></strong></span> <span class='ocrx_word' id='word_1_75' title='bbox 915 369 977 411; x_wconf 79' lang='grc' dir='ltr'><strong>τῆς</strong></span> <span class='ocrx_word' id='word_1_76' title='bbox 996 369 1175 411; x_wconf 75' lang='grc' dir='ltr'><strong><em>Ποντικῆς</em></strong></span> <span class='ocrx_word' id='word_1_77' title='bbox 1193 365 1300 415; x_wconf 79' lang='grc' dir='ltr'><strong><em>ἀρχῆς</em></strong></span> <span class='ocrx_word' id='word_1_78' title='bbox 1335 372 1354 404; x_wconf 89' lang='grc'>5</span> <span class='ocrx_word' id='word_1_79' title='bbox 1367 369 1491 414; x_wconf 82' lang='lat' dir='ltr'><strong>priam,</strong></span> <span class='ocrx_word' id='word_1_80' title='bbox 1513 368 1686 404; x_wconf 82' lang='lat' dir='ltr'><strong>Ponticae</strong></span> <span class='ocrx_word' id='word_1_81' title='bbox 1706 367 2022 405; x_wconf 79' lang='lat' dir='ltr'><strong>administrationis</strong></span> <span class='ocrx_word' id='word_1_82' title='bbox 2040 378 2112 403; x_wconf 89' lang='lat' dir='ltr'><strong>non</strong></span> <span class='ocrx_word' id='word_1_83' title='bbox 2129 367 2312 407; x_wconf 82' lang='lat' dir='ltr'><strong>minorem,</strong></span> <span class='ocrx_word' id='word_1_84' title='bbox 2332 366 2444 411; x_wconf 85' lang='lat' dir='ltr'><strong>magis</strong></span> 
     </span>
     <span class='ocr_line' id='line_1_7' title="bbox 251 411 2445 458; baseline -0.002 -8"><span class='ocrx_word' id='word_1_85' title='bbox 251 415 260 425; x_wconf 60' lang='lat'>³</span> <span class='ocrx_word' id='word_1_86' title='bbox 1368 417 1489 449; x_wconf 90' lang='lat' dir='ltr'><strong>autem</strong></span> <span class='ocrx_word' id='word_1_87' title='bbox 1513 414 1619 448; x_wconf 79' lang='lat' dir='ltr'><strong>etiam</strong></span> <span class='ocrx_word' id='word_1_88' title='bbox 1642 414 1829 458; x_wconf 86' lang='lat' dir='ltr'><strong>potiorem.</strong></span> <span class='ocrx_word' id='word_1_89' title='bbox 1876 413 2058 458; x_wconf 84' lang='lat' dir='ltr'><strong>Populosa</strong></span> <span class='ocrx_word' id='word_1_90' title='bbox 2087 412 2182 447; x_wconf 87' lang='lat' dir='ltr'><strong>enim</strong></span> <span class='ocrx_word' id='word_1_91' title='bbox 2212 411 2377 446; x_wconf 76' lang='lat' dir='ltr'><strong>consistit</strong></span> <span class='ocrx_word' id='word_1_92' title='bbox 2407 415 2445 446; x_wconf 89' lang='lat' dir='ltr'><strong>et</strong></span> 
     </span>
     <span class='ocr_line' id='line_1_8' title="bbox 223 455 2444 510; baseline -0.003 -13"><span class='ocrx_word' id='word_1_93' title='bbox 223 461 364 504; x_wconf 80' lang='grc' dir='ltr'><strong><em>ποτάτη</em></strong></span> <span class='ocrx_word' id='word_1_94' title='bbox 388 475 428 496; x_wconf 87' lang='grc' dir='ltr'><strong>τε</strong></span> <span class='ocrx_word' id='word_1_95' title='bbox 450 462 517 508; x_wconf 83' lang='grc' dir='ltr'><strong>γὰρ</strong></span> <span class='ocrx_word' id='word_1_96' title='bbox 539 462 743 502; x_wconf 82' lang='grc' dir='ltr'><strong><em>καθέστηκε</em></strong></span> <span class='ocrx_word' id='word_1_97' title='bbox 766 461 825 492; x_wconf 83' lang='grc' dir='ltr'><strong>καὶ</strong></span> <span class='ocrx_word' id='word_1_98' title='bbox 849 457 959 492; x_wconf 85' lang='grc' dir='ltr'><strong><em>πόλιν</em></strong></span> <span class='ocrx_word' id='word_1_99' title='bbox 985 460 1179 504; x_wconf 80' lang='grc' dir='ltr'><strong><em>παρέχεται</em></strong></span> <span class='ocrx_word' id='word_1_100' title='bbox 1202 461 1298 505; x_wconf 83' lang='grc' dir='ltr'><strong><em>μεγί-</em></strong></span> <span class='ocrx_word' id='word_1_101' title='bbox 1367 459 1492 494; x_wconf 83' lang='lat' dir='ltr'><strong>urbem</strong></span> <span class='ocrx_word' id='word_1_102' title='bbox 1520 459 1672 510; x_wconf 73' lang='lat' dir='ltr'><strong>praebet</strong></span> <span class='ocrx_word' id='word_1_103' title='bbox 1702 468 1865 502; x_wconf 83' lang='lat' dir='ltr'><strong>magnam</strong></span> <span class='ocrx_word' id='word_1_104' title='bbox 1897 457 2132 493; x_wconf 77' lang='lat' dir='ltr'><strong>amantissimi</strong></span> <span class='ocrx_word' id='word_1_105' title='bbox 2155 455 2317 491; x_wconf 76' lang='lat' dir='ltr'><strong>Caesaris</strong></span> <span class='ocrx_word' id='word_1_106' title='bbox 2339 456 2444 491; x_wconf 85' lang='lat' dir='ltr'><strong>nobis</strong></span> 
     </span>
     <span class='ocr_line' id='line_1_9' title="bbox 223 499 2445 551; baseline -0.003 -10"><span class='ocrx_word' id='word_1_107' title='bbox 223 519 314 550; x_wconf 84' lang='grc' dir='ltr'><strong><em>στην</em></strong></span> <span class='ocrx_word' id='word_1_108' title='bbox 342 506 409 549; x_wconf 81' lang='grc' dir='ltr'><strong>τὴν</strong></span> <span class='ocrx_word' id='word_1_109' title='bbox 431 508 495 540; x_wconf 83' lang='grc' dir='ltr'><strong>τοῦ</strong></span> <span class='ocrx_word' id='word_1_110' title='bbox 521 503 690 551; x_wconf 74' lang='grc' dir='ltr'><strong><em>φιλτάτου</em></strong></span> <span class='ocrx_word' id='word_1_111' title='bbox 711 507 893 549; x_wconf 77' lang='grc' dir='ltr'><strong><em>Καίσαρος</em></strong></span> <span class='ocrx_word' id='word_1_112' title='bbox 915 499 998 547; x_wconf 80' lang='grc' dir='ltr'><strong><em>ἡμῖν</em></strong></span> <span class='ocrx_word' id='word_1_113' title='bbox 1021 502 1216 547; x_wconf 80' lang='grc' dir='ltr'><strong><em>ἐπώνυμον</em></strong></span> <span class='ocrx_word' id='word_1_114' title='bbox 1235 504 1301 537; x_wconf 79' lang='grc' dir='ltr'><strong>τοῦ</strong></span> <span class='ocrx_word' id='word_1_115' title='bbox 1369 513 1621 548; x_wconf 77' lang='lat' dir='ltr'><strong>cognominem,</strong></span> <span class='ocrx_word' id='word_1_116' title='bbox 1642 503 1704 548; x_wconf 91' lang='lat' dir='ltr'><strong>qui</strong></span> <span class='ocrx_word' id='word_1_117' title='bbox 1722 503 1818 538; x_wconf 87' lang='lat' dir='ltr'><strong>dedit</strong></span> <span class='ocrx_word' id='word_1_118' title='bbox 1836 503 2051 548; x_wconf 88' lang='lat' dir='ltr'><strong>principium</strong></span> <span class='ocrx_word' id='word_1_119' title='bbox 2067 503 2200 537; x_wconf 92' lang='lat' dir='ltr'><strong>bonum</strong></span> <span class='ocrx_word' id='word_1_120' title='bbox 2215 511 2307 546; x_wconf 87' lang='lat' dir='ltr'><strong>quae</strong></span> <span class='ocrx_word' id='word_1_121' title='bbox 2320 504 2445 536; x_wconf 82' lang='lat' dir='ltr'><strong>nostra</strong></span> 
     </span>
     <span class='ocr_line' id='line_1_10' title="bbox 224 544 2444 597; baseline -0.006 -3"><span class='ocrx_word' id='word_1_122' title='bbox 224 549 350 586; x_wconf 65' lang='grc' dir='ltr'><strong><em>δόντος</em></strong></span> <span class='ocrx_word' id='word_1_123' title='bbox 372 550 483 596; x_wconf 65' lang='grc' dir='ltr'><strong><em>ἀρχὴν</em></strong></span> <span class='ocrx_word' id='word_1_124' title='bbox 506 549 651 597; x_wconf 65' lang='grc' dir='ltr'><strong><em>ἀγαθὴν</em></strong></span> <span class='ocrx_word' id='word_1_125' title='bbox 673 550 717 595; x_wconf 67' lang='grc' dir='ltr'><strong>τῇ</strong></span> <span class='ocrx_word' id='word_1_126' title='bbox 741 545 834 582; x_wconf 65' lang='grc' dir='ltr'><em>καθ’</em></span> <span class='ocrx_word' id='word_1_127' title='bbox 861 545 948 592; x_wconf 61' lang='grc' dir='ltr'>ἡμᾶς</span> <span class='ocrx_word' id='word_1_128' title='bbox 968 551 1157 593; x_wconf 69' lang='grc' dir='ltr'><strong><em>μοναρχίᾳ,</em></strong></span> <span class='ocrx_word' id='word_1_129' title='bbox 1181 545 1234 581; x_wconf 74' lang='grc' dir='ltr'><strong><em>δι’</em></strong></span> <span class='ocrx_word' id='word_1_130' title='bbox 1257 544 1301 582; x_wconf 72' lang='grc' dir='ltr'><strong>ὃν</strong></span> <span class='ocrx_word' id='word_1_131' title='bbox 1368 551 1424 586; x_wconf 84' lang='lat' dir='ltr'><strong>est</strong></span> <span class='ocrx_word' id='word_1_132' title='bbox 1446 548 1690 591; x_wconf 68' lang='lat' dir='ltr'><strong>monarchiae,</strong></span> <span class='ocrx_word' id='word_1_133' title='bbox 1723 558 1789 593; x_wconf 89' lang='lat' dir='ltr'><strong>per</strong></span> <span class='ocrx_word' id='word_1_134' title='bbox 1812 558 1916 594; x_wconf 92' lang='lat' dir='ltr'><strong>quem</strong></span> <span class='ocrx_word' id='word_1_135' title='bbox 1939 548 1976 583; x_wconf 89' lang='lat' dir='ltr'><strong>in</strong></span> <span class='ocrx_word' id='word_1_136' title='bbox 2001 547 2167 583; x_wconf 63' lang='lat' dir='ltr'><strong>omnibus.</strong></span> <span class='ocrx_word' id='word_1_137' title='bbox 2190 550 2308 581; x_wconf 86' lang='lat' dir='ltr'><strong>terrae</strong></span> <span class='ocrx_word' id='word_1_138' title='bbox 2330 544 2444 590; x_wconf 82' lang='lat' dir='ltr'><strong>genti-</strong></span> 
     </span>
     <span class='ocr_line' id='line_1_11' title="bbox 224 590 2444 640; baseline -0.002 -10"><span class='ocrx_word' id='word_1_139' title='bbox 224 600 265 630; x_wconf 81' lang='grc' dir='ltr'><strong>έν</strong></span> <span class='ocrx_word' id='word_1_140' title='bbox 293 593 410 630; x_wconf 80' lang='grc' dir='ltr'><strong><em>ἅπασι</em></strong></span> <span class='ocrx_word' id='word_1_141' title='bbox 437 599 510 629; x_wconf 76' lang='grc' dir='ltr'><strong><em>τοῖς</em></strong></span> <span class='ocrx_word' id='word_1_142' title='bbox 539 596 600 638; x_wconf 78' lang='grc' dir='ltr'><strong>τῆς</strong></span> <span class='ocrx_word' id='word_1_143' title='bbox 630 595 691 640; x_wconf 77' lang='grc' dir='ltr'><strong><em>γῆς</em></strong></span> <span class='ocrx_word' id='word_1_144' title='bbox 719 594 870 635; x_wconf 46' lang='grc' dir='ltr'><strong><em>ἔθνεσιν</em></strong></span> <span class='ocrx_word' id='word_1_145' title='bbox 899 590 1194 637; x_wconf 82' lang='grc' dir='ltr'><strong><em>ὀνομαστότατόν</em></strong></span> <span class='ocrx_word' id='word_1_146' title='bbox 1223 594 1301 627; x_wconf 81' lang='grc' dir='ltr'><strong><em>ἐστι</em></strong></span> <span class='ocrx_word' id='word_1_147' title='bbox 1315 596 1355 628; x_wconf 91' lang='grc'><strong>10</strong></span> <span class='ocrx_word' id='word_1_148' title='bbox 1368 594 1436 628; x_wconf 87' lang='lat' dir='ltr'><strong>bus</strong></span> <span class='ocrx_word' id='word_1_149' title='bbox 1459 593 1780 629; x_wconf 86' lang='lat' dir='ltr'><strong>nominatissimum</strong></span> <span class='ocrx_word' id='word_1_150' title='bbox 1810 597 1866 629; x_wconf 88' lang='lat' dir='ltr'><strong>est</strong></span> <span class='ocrx_word' id='word_1_151' title='bbox 1889 593 2052 629; x_wconf 78' lang='lat' dir='ltr'><strong>Caesaris</strong></span> <span class='ocrx_word' id='word_1_152' title='bbox 2075 601 2203 627; x_wconf 91' lang='lat' dir='ltr'><strong>nomen</strong></span> <span class='ocrx_word' id='word_1_153' title='bbox 2227 595 2263 626; x_wconf 86' lang='lat' dir='ltr'><strong>et</strong></span> <span class='ocrx_word' id='word_1_154' title='bbox 2285 601 2355 635; x_wconf 88' lang='lat' dir='ltr'><strong>quo</strong></span> <span class='ocrx_word' id='word_1_155' title='bbox 2377 599 2444 626; x_wconf 89' lang='lat' dir='ltr'><strong>nos</strong></span> 
     </span>
     <span class='ocr_line' id='line_1_12' title="bbox 223 635 2443 686; baseline -0.003 -10"><span class='ocrx_word' id='word_1_156' title='bbox 223 641 265 675; x_wconf 87' lang='grc' dir='ltr'><strong>τὸ</strong></span> <span class='ocrx_word' id='word_1_157' title='bbox 295 643 358 676; x_wconf 82' lang='grc' dir='ltr'><strong>τοῦ</strong></span> <span class='ocrx_word' id='word_1_158' title='bbox 383 643 561 686; x_wconf 78' lang='grc' dir='ltr'><strong><em>Καίσαρος</em></strong></span> <span class='ocrx_word' id='word_1_159' title='bbox 591 638 706 683; x_wconf 81' lang='grc' dir='ltr'><strong><em>ὄνομα</em></strong></span> <span class='ocrx_word' id='word_1_160' title='bbox 736 641 796 672; x_wconf 83' lang='grc' dir='ltr'><strong>καὶ</strong></span> <span class='ocrx_word' id='word_1_161' title='bbox 826 637 928 684; x_wconf 80' lang='grc' dir='ltr'><strong><em>ᾡπερ</em></strong></span> <span class='ocrx_word' id='word_1_162' title='bbox 955 635 1054 682; x_wconf 81' lang='grc' dir='ltr'><strong><em>ἡμεῖς</em></strong></span> <span class='ocrx_word' id='word_1_163' title='bbox 1084 635 1167 672; x_wconf 73' lang='grc' dir='ltr'><strong><em>ἀντ’</em></strong></span> <span class='ocrx_word' id='word_1_164' title='bbox 1194 635 1300 672; x_wconf 79' lang='grc' dir='ltr'><strong><em>ἄλλου</em></strong></span> <span class='ocrx_word' id='word_1_165' title='bbox 1369 649 1434 684; x_wconf 89' lang='lat' dir='ltr'><strong>pro</strong></span> <span class='ocrx_word' id='word_1_166' title='bbox 1457 638 1527 673; x_wconf 84' lang='lat' dir='ltr'><strong>alio</strong></span> <span class='ocrx_word' id='word_1_167' title='bbox 1552 637 1706 682; x_wconf 83' lang='lat' dir='ltr'><strong>quodam</strong></span> <span class='ocrx_word' id='word_1_168' title='bbox 1734 637 1971 683; x_wconf 82' lang='lat' dir='ltr'><strong>imperialium</strong></span> <span class='ocrx_word' id='word_1_169' title='bbox 2001 637 2183 681; x_wconf 82' lang='lat' dir='ltr'><strong>signorum</strong></span> <span class='ocrx_word' id='word_1_170' title='bbox 2204 635 2443 672; x_wconf 82' lang='lat' dir='ltr'><strong>nobilitamur.</strong></span> 
     </span>
     <span class='ocr_line' id='line_1_13' title="bbox 223 681 1214 728; baseline -0.003 -8"><span class='ocrx_word' id='word_1_171' title='bbox 223 686 319 720; x_wconf 79' lang='grc' dir='ltr'><strong><em>τινὸς</em></strong></span> <span class='ocrx_word' id='word_1_172' title='bbox 342 687 420 720; x_wconf 80' lang='grc' dir='ltr'><strong>τῶν</strong></span> <span class='ocrx_word' id='word_1_173' title='bbox 441 686 501 728; x_wconf 76' lang='grc' dir='ltr'><strong>τῆς</strong></span> <span class='ocrx_word' id='word_1_174' title='bbox 523 684 706 728; x_wconf 76' lang='grc' dir='ltr'><strong><em>βασιλείας</em></strong></span> <span class='ocrx_word' id='word_1_175' title='bbox 729 681 924 727; x_wconf 85' lang='grc' dir='ltr'><strong><em>συμβόλων</em></strong></span> <span class='ocrx_word' id='word_1_176' title='bbox 947 681 1214 728; x_wconf 76' lang='grc' dir='ltr'><strong><em>σεμνυνόμεθα.</em></strong></span> 
     </span>
    </p>
   </div>
   <div class='ocr_carea' id='block_1_3' title="bbox 222 411 1298 461">
    <p class='ocr_par' dir='ltr' id='par_1_3' title="bbox 222 411 1298 461">
     <span class='ocr_line' id='line_1_14' title="bbox 222 411 1298 461; baseline -0.006 -9"><span class='ocrx_word' id='word_1_177' title='bbox 222 431 286 452; x_wconf 82' lang='grc' dir='ltr'><strong>ουκ</strong></span> <span class='ocrx_word' id='word_1_178' title='bbox 310 414 460 458; x_wconf 80' lang='grc' dir='ltr'><em>ἐλάττω,</em></span> <span class='ocrx_word' id='word_1_179' title='bbox 484 415 619 461; x_wconf 81' lang='grc' dir='ltr'><strong><em>μᾶλλον</em></strong></span> <span class='ocrx_word' id='word_1_180' title='bbox 641 417 708 459; x_wconf 82' lang='grc' dir='ltr'><strong>μὲν</strong></span> <span class='ocrx_word' id='word_1_181' title='bbox 729 415 794 448; x_wconf 85' lang='grc' dir='ltr'><strong>οὐν</strong></span> <span class='ocrx_word' id='word_1_182' title='bbox 812 416 871 447; x_wconf 79' lang='grc' dir='ltr'><strong>καὶ</strong></span> <span class='ocrx_word' id='word_1_183' title='bbox 889 415 1014 457; x_wconf 82' lang='grc' dir='ltr'><strong><em>μείζω.</em></strong></span> <span class='ocrx_word' id='word_1_184' title='bbox 1057 411 1298 459; x_wconf 84' lang='grc' dir='ltr'><strong><em>πολυανθρω-</em></strong></span> 
     </span>
    </p>
   </div>
   <div class='ocr_carea' id='block_1_4' title="bbox 1230 795 1441 832">
    <p class='ocr_par' dir='ltr' id='par_1_4' title="bbox 1230 795 1441 832">
     <span class='ocr_line' id='line_1_15' title="bbox 1230 795 1441 832; baseline -0.005 -1"><span class='ocrx_word' id='word_1_185' title='bbox 1230 795 1387 832; x_wconf 87' lang='lat' dir='ltr'><strong>CAPUT</strong></span> <span class='ocrx_word' id='word_1_186' title='bbox 1411 795 1441 830; x_wconf 87' lang='lat'><strong>1.</strong></span> 
     </span>
    </p>
   </div>
   <div class='ocr_carea' id='block_1_5' title="bbox 226 858 2447 963">
    <p class='ocr_par' dir='ltr' id='par_1_5' title="bbox 226 858 2447 963">
     <span class='ocr_line' id='line_1_16' title="bbox 277 858 2447 909; baseline -0.001 -11"><span class='ocrx_word' id='word_1_187' title='bbox 277 862 415 906; x_wconf 75' lang='grc' dir='ltr'><strong><em>Ταύτην</em></strong></span> <span class='ocrx_word' id='word_1_188' title='bbox 440 861 483 905; x_wconf 86' lang='grc' dir='ltr'><strong>δὴ</strong></span> <span class='ocrx_word' id='word_1_189' title='bbox 513 861 580 905; x_wconf 79' lang='grc' dir='ltr'><strong>τὴν</strong></span> <span class='ocrx_word' id='word_1_190' title='bbox 607 859 733 909; x_wconf 78' lang='grc' dir='ltr'><strong><em>χώραν</em></strong></span> <span class='ocrx_word' id='word_1_191' title='bbox 762 858 853 909; x_wconf 79' lang='grc' dir='ltr'><strong><em>ἀρχῇ</em></strong></span> <span class='ocrx_word' id='word_1_192' title='bbox 883 859 1164 908; x_wconf 74' lang='grc' dir='ltr'><strong><em>παραδεδόσθω</em></strong></span> <span class='ocrx_word' id='word_1_193' title='bbox 1191 864 1303 909; x_wconf 72' lang='grc' dir='ltr'><strong><em>μικρᾷ</em></strong></span> <span class='ocrx_word' id='word_1_194' title='bbox 1414 862 1521 897; x_wconf 83' lang='lat' dir='ltr'><strong>Hanc</strong></span> <span class='ocrx_word' id='word_1_195' title='bbox 1542 861 1760 906; x_wconf 86' lang='lat' dir='ltr'><strong>provinciam</strong></span> <span class='ocrx_word' id='word_1_196' title='bbox 1783 861 1953 897; x_wconf 78' lang='lat' dir='ltr'><strong>traditam</strong></span> <span class='ocrx_word' id='word_1_197' title='bbox 1983 862 2109 906; x_wconf 81' lang='lat' dir='ltr'><strong>(parva</strong></span> <span class='ocrx_word' id='word_1_198' title='bbox 2131 861 2218 897; x_wconf 81' lang='lat' dir='ltr'><strong>satis</strong></span> <span class='ocrx_word' id='word_1_199' title='bbox 2246 861 2350 896; x_wconf 83' lang='lat' dir='ltr'><strong>nobis</strong></span> <span class='ocrx_word' id='word_1_200' title='bbox 2372 860 2447 896; x_wconf 71' lang='lat' dir='ltr'><strong>visa</strong></span> 
     </span>
     <span class='ocr_line' id='line_1_17' title="bbox 226 905 2445 963; baseline -0.001 -20"><span class='ocrx_word' id='word_1_201' title='bbox 226 907 366 955; x_wconf 79' lang='grc' dir='ltr'><strong><em>σφόδρα</em></strong></span> <span class='ocrx_word' id='word_1_202' title='bbox 398 905 619 963; x_wconf 29' lang='grc' dir='ltr'><strong><em>ἡμῖνίέφάνη</em></strong></span> <span class='ocrx_word' id='word_1_203' title='bbox 649 908 714 941; x_wconf 81' lang='grc' dir='ltr'><strong>τοῦ</strong></span> <span class='ocrx_word' id='word_1_204' title='bbox 736 905 982 962; x_wconf 53' lang='grc' dir='ltr'><strong>ἱπροξήκοντρς</strong></span> <span class='ocrx_word' id='word_1_205' title='bbox 1004 905 1163 949; x_wconf 81' lang='grc' dir='ltr'><strong><em>ἀνάξιον,</em></strong></span> <span class='ocrx_word' id='word_1_206' title='bbox 1187 907 1303 942; x_wconf 79' lang='grc' dir='ltr'><strong><em>ἄλλως</em></strong></span> <span class='ocrx_word' id='word_1_207' title='bbox 1370 912 1427 943; x_wconf 84' lang='lat' dir='ltr'><strong>est</strong></span> <span class='ocrx_word' id='word_1_208' title='bbox 1448 917 1555 952; x_wconf 86' lang='lat' dir='ltr'><strong>quam</strong></span> <span class='ocrx_word' id='word_1_209' title='bbox 1586 907 1689 942; x_wconf 91' lang='lat' dir='ltr'><strong>decet</strong></span> <span class='ocrx_word' id='word_1_210' title='bbox 1711 906 1887 950; x_wconf 84' lang='lat' dir='ltr'><strong>indigna),</strong></span> <span class='ocrx_word' id='word_1_211' title='bbox 1918 905 2068 951; x_wconf 87' lang='lat' dir='ltr'><strong>proinde</strong></span> <span class='ocrx_word' id='word_1_212' title='bbox 2097 906 2205 941; x_wconf 81' lang='lat' dir='ltr'><strong>etiam</strong></span> <span class='ocrx_word' id='word_1_213' title='bbox 2227 906 2445 941; x_wconf 80' lang='lat' dir='ltr'><strong>tumultuan-</strong></span> 
     </span>
    </p>
   </div>
   <div class='ocr_carea' id='block_1_6' title="bbox 224 949 2446 1007">
    <p class='ocr_par' dir='ltr' id='par_1_6' title="bbox 224 949 2446 1007">
     <span class='ocr_line' id='line_1_18' title="bbox 224 949 2446 1007; baseline -0 -20"><span class='ocrx_word' id='word_1_214' title='bbox 224 968 264 988; x_wconf 82' lang='grc' dir='ltr'><strong>τε</strong></span> <span class='ocrx_word' id='word_1_215' title='bbox 287 957 346 987; x_wconf 85' lang='grc' dir='ltr'><strong>καὶ</strong></span> <span class='ocrx_word' id='word_1_216' title='bbox 369 955 636 995; x_wconf 84' lang='grc' dir='ltr'><strong><em>στασιαζουσαν</em></strong></span> <span class='ocrx_word' id='word_1_217' title='bbox 659 951 772 995; x_wconf 75' lang='grc' dir='ltr'><strong><em>αὐτην</em></strong></span> <span class='ocrx_word' id='word_1_218' title='bbox 783 955 857 1006; x_wconf 63' lang='grc' dir='ltr'><strong>ἀεὶ</strong></span> <span class='ocrx_word' id='word_1_219' title='bbox 888 963 976 1007; x_wconf 68' lang='grc' dir='ltr'><strong><em>προς</em></strong></span> <span class='ocrx_word' id='word_1_220' title='bbox 998 952 1066 996; x_wconf 87' lang='grc' dir='ltr'><strong>τὴν</strong></span> <span class='ocrx_word' id='word_1_221' title='bbox 1090 954 1302 998; x_wconf 82' lang='grc' dir='ltr'><strong><em>ἐφεστῶσαν</em></strong></span> <span class='ocrx_word' id='word_1_222' title='bbox 1320 957 1357 988; x_wconf 85' lang='grc'><strong>15</strong></span> <span class='ocrx_word' id='word_1_223' title='bbox 1370 955 1443 988; x_wconf 82' lang='lat' dir='ltr'><strong>tem</strong></span> <span class='ocrx_word' id='word_1_224' title='bbox 1466 962 1545 988; x_wconf 81' lang='lat' dir='ltr'><strong>eam</strong></span> <span class='ocrx_word' id='word_1_225' title='bbox 1568 961 1707 997; x_wconf 82' lang='lat' dir='ltr'><strong>semper</strong></span> <span class='ocrx_word' id='word_1_226' title='bbox 1737 955 1774 986; x_wconf 80' lang='lat' dir='ltr'><strong>et</strong></span> <span class='ocrx_word' id='word_1_227' title='bbox 1796 951 1967 986; x_wconf 84' lang='lat' dir='ltr'><strong>adversus</strong></span> <span class='ocrx_word' id='word_1_228' title='bbox 1995 951 2195 986; x_wconf 70' lang='lat' dir='ltr'><strong>institutam</strong></span> <span class='ocrx_word' id='word_1_229' title='bbox 2226 950 2360 986; x_wconf 72' lang='lat' dir='ltr'><strong>nostris</strong></span> <span class='ocrx_word' id='word_1_230' title='bbox 2384 949 2446 986; x_wconf 85' lang='lat' dir='ltr'><strong>do-</strong></span> 
     </span>
    </p>
   </div>
   <div class='ocr_carea' id='block_1_7' title="bbox 222 995 1302 1188">
    <p class='ocr_par' dir='ltr' id='par_1_7' title="bbox 222 995 1302 1188">
     <span class='ocr_line' id='line_1_19' title="bbox 223 995 1301 1051; baseline -0.002 -18"><span class='ocrx_word' id='word_1_231' title='bbox 223 1002 296 1033; x_wconf 86' lang='grc' dir='ltr'><strong><em>τοῖς</em></strong></span> <span class='ocrx_word' id='word_1_232' title='bbox 319 995 497 1044; x_wconf 80' lang='grc' dir='ltr'><strong><em>ἡμετέροις</em></strong></span> <span class='ocrx_word' id='word_1_233' title='bbox 525 998 631 1031; x_wconf 79' lang='grc' dir='ltr'><strong><em>οἴκοις</em></strong></span> <span class='ocrx_word' id='word_1_234' title='bbox 654 997 866 1043; x_wconf 82' lang='grc' dir='ltr'><strong><em>θεωρουμεν</em></strong></span> <span class='ocrx_word' id='word_1_235' title='bbox 889 1011 1010 1051; x_wconf 83' lang='grc' dir='ltr'><strong><em>αρχην.</em></strong></span> <span class='ocrx_word' id='word_1_236' title='bbox 1056 1001 1117 1032; x_wconf 82' lang='grc' dir='ltr'><strong>καὶ</strong></span> <span class='ocrx_word' id='word_1_237' title='bbox 1139 1010 1301 1045; x_wconf 80' lang='grc' dir='ltr'><strong><em>μεμερισ-</em></strong></span> 
     </span>
     <span class='ocr_line' id='line_1_20' title="bbox 223 1040 1302 1090; baseline -0.001 -13"><span class='ocrx_word' id='word_1_238' title='bbox 223 1047 314 1087; x_wconf 82' lang='grc' dir='ltr'><strong>μένα</strong></span> <span class='ocrx_word' id='word_1_239' title='bbox 335 1056 376 1090; x_wconf 82' lang='grc' dir='ltr'><strong>γε</strong></span> <span class='ocrx_word' id='word_1_240' title='bbox 393 1043 439 1077; x_wconf 84' lang='grc' dir='ltr'><strong>τὰ</strong></span> <span class='ocrx_word' id='word_1_241' title='bbox 458 1045 519 1085; x_wconf 80' lang='grc' dir='ltr'><strong>τῆς</strong></span> <span class='ocrx_word' id='word_1_242' title='bbox 542 1041 681 1077; x_wconf 85' lang='grc' dir='ltr'><strong><em>πόλεως</em></strong></span> <span class='ocrx_word' id='word_1_243' title='bbox 699 1044 787 1084; x_wconf 79' lang='grc' dir='ltr'><strong><em>ἐστί,</em></strong></span> <span class='ocrx_word' id='word_1_244' title='bbox 812 1045 873 1076; x_wconf 82' lang='grc' dir='ltr'><strong>καὶ</strong></span> <span class='ocrx_word' id='word_1_245' title='bbox 895 1056 938 1077; x_wconf 88' lang='grc' dir='ltr'><strong>το</strong></span> <span class='ocrx_word' id='word_1_246' title='bbox 962 1045 1030 1086; x_wconf 81' lang='grc' dir='ltr'><strong>μέν</strong></span> <span class='ocrx_word' id='word_1_247' title='bbox 1050 1055 1087 1076; x_wconf 90' lang='grc' dir='ltr'><strong>τι</strong></span> <span class='ocrx_word' id='word_1_248' title='bbox 1105 1040 1302 1088; x_wconf 82' lang='grc' dir='ltr'><strong><em>ταμειακόν</em></strong></span> 
     </span>
     <span class='ocr_line' id='line_1_21' title="bbox 223 1084 1302 1142; baseline -0.001 -21"><span class='ocrx_word' id='word_1_249' title='bbox 223 1091 323 1122; x_wconf 83' lang='grc' dir='ltr'><strong><em>ἐστιν</em></strong></span> <span class='ocrx_word' id='word_1_250' title='bbox 343 1087 458 1142; x_wconf 50' lang='grc' dir='ltr'><strong><em>αὐτῆς)</em></strong></span> <span class='ocrx_word' id='word_1_251' title='bbox 482 1086 714 1132; x_wconf 75' lang='grc' dir='ltr'><strong><em>ἐλευθερικὸν</em></strong></span> <span class='ocrx_word' id='word_1_252' title='bbox 737 1085 778 1121; x_wconf 76' lang='grc' dir='ltr'><strong>δὲ</strong></span> <span class='ocrx_word' id='word_1_253' title='bbox 801 1086 947 1122; x_wconf 71' lang='grc' dir='ltr'><strong><em>καλοῦσι</em></strong></span> <span class='ocrx_word' id='word_1_254' title='bbox 966 1084 1139 1133; x_wconf 80' lang='grc' dir='ltr'><strong><em>θάτερον,</em></strong></span> <span class='ocrx_word' id='word_1_255' title='bbox 1162 1091 1223 1121; x_wconf 83' lang='grc' dir='ltr'><strong>καὶ</strong></span> <span class='ocrx_word' id='word_1_256' title='bbox 1236 1091 1302 1132; x_wconf 86' lang='grc' dir='ltr'><strong>μία</strong></span> 
     </span>
     <span class='ocr_line' id='line_1_22' title="bbox 222 1130 1301 1188; baseline -0.001 -21"><span class='ocrx_word' id='word_1_257' title='bbox 222 1136 289 1178; x_wconf 82' lang='grc' dir='ltr'><strong>μέν</strong></span> <span class='ocrx_word' id='word_1_258' title='bbox 312 1135 413 1186; x_wconf 47' lang='grc' dir='ltr'><strong><em>ἐστ-(ιν</em></strong></span> <span class='ocrx_word' id='word_1_259' title='bbox 435 1146 458 1176; x_wconf 90' lang='grc' dir='ltr'><strong><em>η</em></strong></span> <span class='ocrx_word' id='word_1_260' title='bbox 480 1130 583 1167; x_wconf 87' lang='grc' dir='ltr'><strong><em>πόλις</em></strong></span> <span class='ocrx_word' id='word_1_261' title='bbox 606 1134 659 1185; x_wconf 69' lang='grc' dir='ltr'><strong><em>τῷ</em></strong></span> <span class='ocrx_word' id='word_1_262' title='bbox 684 1131 878 1188; x_wconf 67' lang='grc' dir='ltr'><strong><em>περιβόλῳ,</em></strong></span> <span class='ocrx_word' id='word_1_263' title='bbox 913 1131 1023 1175; x_wconf 80' lang='grc' dir='ltr'><strong><em>διπλῆ</em></strong></span> <span class='ocrx_word' id='word_1_264' title='bbox 1047 1131 1088 1166; x_wconf 82' lang='grc' dir='ltr'><strong>δὲ</strong></span> <span class='ocrx_word' id='word_1_265' title='bbox 1109 1135 1187 1167; x_wconf 88' lang='grc' dir='ltr'><strong><em>ταῖς</em></strong></span> <span class='ocrx_word' id='word_1_266' title='bbox 1207 1131 1301 1180; x_wconf 85' lang='grc' dir='ltr'><strong><em>γνώ-</em></strong></span> 
     </span>
    </p>
   </div>
   <div class='ocr_carea' id='block_1_8' title="bbox 1369 995 2447 1177">
    <p class='ocr_par' dir='ltr' id='par_1_8' title="bbox 1369 995 2447 1177">
     <span class='ocr_line' id='line_1_23' title="bbox 1369 995 2447 1041; baseline -0.001 -9"><span class='ocrx_word' id='word_1_267' title='bbox 1369 998 1487 1032; x_wconf 88' lang='lat' dir='ltr'><strong>mibus</strong></span> <span class='ocrx_word' id='word_1_268' title='bbox 1522 997 1680 1032; x_wconf 85' lang='lat' dir='ltr'><strong>videmus</strong></span> <span class='ocrx_word' id='word_1_269' title='bbox 1715 996 2069 1032; x_wconf 82' lang='lat' dir='ltr'><strong>administrationem.</strong></span> <span class='ocrx_word' id='word_1_270' title='bbox 2123 995 2176 1031; x_wconf 88' lang='lat' dir='ltr'><strong>Et</strong></span> <span class='ocrx_word' id='word_1_271' title='bbox 2207 995 2319 1031; x_wconf 86' lang='lat' dir='ltr'><strong>divisa</strong></span> <span class='ocrx_word' id='word_1_272' title='bbox 2355 1005 2447 1041; x_wconf 80' lang='lat' dir='ltr'><strong>quae</strong></span> 
     </span>
     <span class='ocr_line' id='line_1_24' title="bbox 1371 1040 2446 1087; baseline -0.002 -9"><span class='ocrx_word' id='word_1_273' title='bbox 1371 1042 1525 1078; x_wconf 87' lang='lat' dir='ltr'><strong>civitatis</strong></span> <span class='ocrx_word' id='word_1_274' title='bbox 1557 1046 1656 1085; x_wconf 86' lang='lat' dir='ltr'><strong>sunt,</strong></span> <span class='ocrx_word' id='word_1_275' title='bbox 1692 1044 1729 1076; x_wconf 93' lang='lat' dir='ltr'><strong>et</strong></span> <span class='ocrx_word' id='word_1_276' title='bbox 1764 1041 1898 1087; x_wconf 85' lang='lat' dir='ltr'><strong>aliquid</strong></span> <span class='ocrx_word' id='word_1_277' title='bbox 1933 1040 2074 1086; x_wconf 90' lang='lat' dir='ltr'><strong>quidem</strong></span> <span class='ocrx_word' id='word_1_278' title='bbox 2106 1041 2182 1077; x_wconf 88' lang='lat' dir='ltr'><strong>eius</strong></span> <span class='ocrx_word' id='word_1_279' title='bbox 2217 1040 2348 1077; x_wconf 84' lang='lat' dir='ltr'><strong>aerarii</strong></span> <span class='ocrx_word' id='word_1_280' title='bbox 2380 1042 2446 1083; x_wconf 75' lang='lat' dir='ltr'><strong>est,</strong></span> 
     </span>
     <span class='ocr_line' id='line_1_25' title="bbox 1370 1085 2446 1131; baseline -0.003 -8"><span class='ocrx_word' id='word_1_281' title='bbox 1370 1087 1518 1123; x_wconf 85' lang='lat' dir='ltr'><strong>liberale</strong></span> <span class='ocrx_word' id='word_1_282' title='bbox 1541 1090 1662 1123; x_wconf 88' lang='lat' dir='ltr'><strong>autem</strong></span> <span class='ocrx_word' id='word_1_283' title='bbox 1684 1089 1816 1122; x_wconf 85' lang='lat' dir='ltr'><strong>vocant</strong></span> <span class='ocrx_word' id='word_1_284' title='bbox 1837 1086 1952 1121; x_wconf 85' lang='lat' dir='ltr'><strong>aliud:</strong></span> <span class='ocrx_word' id='word_1_285' title='bbox 1978 1090 2013 1121; x_wconf 85' lang='lat' dir='ltr'><strong>et</strong></span> <span class='ocrx_word' id='word_1_286' title='bbox 2031 1096 2105 1121; x_wconf 80' lang='lat' dir='ltr'><strong>una</strong></span> <span class='ocrx_word' id='word_1_287' title='bbox 2128 1086 2269 1131; x_wconf 89' lang='lat' dir='ltr'><strong>quidem</strong></span> <span class='ocrx_word' id='word_1_288' title='bbox 2291 1088 2348 1121; x_wconf 86' lang='lat' dir='ltr'><strong>est</strong></span> <span class='ocrx_word' id='word_1_289' title='bbox 2362 1085 2446 1121; x_wconf 84' lang='lat' dir='ltr'><strong>civi·</strong></span> 
     </span>
     <span class='ocr_line' id='line_1_26' title="bbox 1369 1130 2447 1177; baseline -0.002 -9"><span class='ocrx_word' id='word_1_290' title='bbox 1369 1136 1427 1168; x_wconf 88' lang='lat' dir='ltr'><strong>tas</strong></span> <span class='ocrx_word' id='word_1_291' title='bbox 1450 1143 1563 1175; x_wconf 91' lang='lat' dir='ltr'><strong>muro,</strong></span> <span class='ocrx_word' id='word_1_292' title='bbox 1595 1131 1728 1177; x_wconf 86' lang='lat' dir='ltr'><strong>duplex</strong></span> <span class='ocrx_word' id='word_1_293' title='bbox 1751 1134 1871 1167; x_wconf 89' lang='lat' dir='ltr'><strong>autem</strong></span> <span class='ocrx_word' id='word_1_294' title='bbox 1894 1131 2148 1175; x_wconf 82' lang='lat' dir='ltr'><strong>voluntatibus,</strong></span> <span class='ocrx_word' id='word_1_295' title='bbox 2179 1135 2220 1167; x_wconf 89' lang='lat' dir='ltr'><strong>ut</strong></span> <span class='ocrx_word' id='word_1_296' title='bbox 2242 1133 2281 1166; x_wconf 86' lang='lat' dir='ltr'><strong>et</strong></span> <span class='ocrx_word' id='word_1_297' title='bbox 2302 1130 2447 1167; x_wconf 82' lang='lat' dir='ltr'><strong>seditio-</strong></span> 
     </span>
    </p>
   </div>
   <div class='ocr_carea' id='block_1_9' title="bbox 222 1175 2449 1233">
    <p class='ocr_par' dir='ltr' id='par_1_9' title="bbox 222 1175 2449 1233">
     <span class='ocr_line' id='line_1_27' title="bbox 222 1175 2449 1233; baseline -0 -21"><span class='ocrx_word' id='word_1_298' title='bbox 222 1189 319 1233; x_wconf 71' lang='grc' dir='ltr'><strong><em>μαις·</em></strong></span> <span class='ocrx_word' id='word_1_299' title='bbox 357 1189 445 1212; x_wconf 86' lang='grc' dir='ltr'><strong><em>ωςτε</em></strong></span> <span class='ocrx_word' id='word_1_300' title='bbox 468 1180 528 1211; x_wconf 80' lang='grc' dir='ltr'><strong>καὶ</strong></span> <span class='ocrx_word' id='word_1_301' title='bbox 552 1188 717 1212; x_wconf 85' lang='grc' dir='ltr'><strong><em>στασεων</em></strong></span> <span class='ocrx_word' id='word_1_302' title='bbox 748 1181 908 1224; x_wconf 86' lang='grc' dir='ltr'><strong><em>αφορμαὶ</em></strong></span> <span class='ocrx_word' id='word_1_303' title='bbox 938 1180 998 1211; x_wconf 83' lang='grc' dir='ltr'><strong>καὶ</strong></span> <span class='ocrx_word' id='word_1_304' title='bbox 1023 1176 1210 1232; x_wconf 66' lang='grc' dir='ltr'><strong><em>διχονοίας,</em></strong></span> <span class='ocrx_word' id='word_1_305' title='bbox 1241 1181 1302 1211; x_wconf 84' lang='grc' dir='ltr'><strong>καὶ</strong></span> <span class='ocrx_word' id='word_1_306' title='bbox 1315 1180 1357 1212; x_wconf 84' lang='grc'><strong>20</strong></span> <span class='ocrx_word' id='word_1_307' title='bbox 1370 1189 1456 1213; x_wconf 90' lang='lat' dir='ltr'><strong>num</strong></span> <span class='ocrx_word' id='word_1_308' title='bbox 1478 1177 1688 1213; x_wconf 78' lang='lat' dir='ltr'><strong>occasiones</strong></span> <span class='ocrx_word' id='word_1_309' title='bbox 1719 1180 1757 1212; x_wconf 81' lang='lat' dir='ltr'><strong>et</strong></span> <span class='ocrx_word' id='word_1_310' title='bbox 1780 1177 1826 1211; x_wconf 89' lang='lat' dir='ltr'><strong>ad</strong></span> <span class='ocrx_word' id='word_1_311' title='bbox 1848 1176 1981 1211; x_wconf 85' lang='lat' dir='ltr'><strong>malum</strong></span> <span class='ocrx_word' id='word_1_312' title='bbox 2011 1176 2171 1211; x_wconf 84' lang='lat' dir='ltr'><strong>homines</strong></span> <span class='ocrx_word' id='word_1_313' title='bbox 2195 1175 2382 1213; x_wconf 78' lang='lat' dir='ltr'><strong>sollicitari</strong></span> <span class='ocrx_word' id='word_1_314' title='bbox 2403 1185 2449 1211; x_wconf 68' lang='grc' dir='ltr'><strong>ΒΣ</strong></span> 
     </span>
    </p>
   </div>
   <div class='ocr_carea' id='block_1_10' title="bbox 221 1219 1303 1412">
    <p class='ocr_par' dir='ltr' id='par_1_10' title="bbox 221 1219 1303 1412">
     <span class='ocr_line' id='line_1_28' title="bbox 223 1219 1303 1270; baseline -0.001 -13"><span class='ocrx_word' id='word_1_315' title='bbox 223 1225 254 1257; x_wconf 80' lang='grc' dir='ltr'><strong>εἰ</strong></span> <span class='ocrx_word' id='word_1_316' title='bbox 276 1236 314 1257; x_wconf 90' lang='grc' dir='ltr'><strong>τι</strong></span> <span class='ocrx_word' id='word_1_317' title='bbox 336 1222 447 1257; x_wconf 83' lang='grc' dir='ltr'><strong><em>κακὸν</em></strong></span> <span class='ocrx_word' id='word_1_318' title='bbox 477 1219 694 1268; x_wconf 79' lang='grc' dir='ltr'><strong><em>ἀνθρώποις</em></strong></span> <span class='ocrx_word' id='word_1_319' title='bbox 724 1222 875 1266; x_wconf 76' lang='grc' dir='ltr'><strong><em>ἐνοχλεῖ,</em></strong></span> <span class='ocrx_word' id='word_1_320' title='bbox 907 1222 1008 1270; x_wconf 85' lang='grc' dir='ltr'><strong><em>παρὰ</em></strong></span> <span class='ocrx_word' id='word_1_321' title='bbox 1036 1234 1168 1265; x_wconf 87' lang='grc' dir='ltr'><strong><em>ταυτης</em></strong></span> <span class='ocrx_word' id='word_1_322' title='bbox 1191 1225 1303 1265; x_wconf 80' lang='grc' dir='ltr'><strong><em>ἐστίν,</em></strong></span> 
     </span>
     <span class='ocr_line' id='line_1_29' title="bbox 223 1264 1303 1314; baseline -0.002 -11"><span class='ocrx_word' id='word_1_323' title='bbox 223 1266 272 1303; x_wconf 78' lang='grc' dir='ltr'><strong><em>ὥς</em></strong></span> <span class='ocrx_word' id='word_1_324' title='bbox 293 1282 334 1314; x_wconf 86' lang='grc' dir='ltr'><strong>γε</strong></span> <span class='ocrx_word' id='word_1_325' title='bbox 357 1267 528 1312; x_wconf 83' lang='grc' dir='ltr'><strong><em>οἰόμεθα,</em></strong></span> <span class='ocrx_word' id='word_1_326' title='bbox 559 1269 620 1310; x_wconf 79' lang='grc' dir='ltr'><strong>τῆς</strong></span> <span class='ocrx_word' id='word_1_327' title='bbox 643 1265 867 1313; x_wconf 84' lang='grc' dir='ltr'><strong><em>προφάσεως.</em></strong></span> <span class='ocrx_word' id='word_1_328' title='bbox 914 1264 960 1312; x_wconf 79' lang='grc' dir='ltr'><strong>ἣν</strong></span> <span class='ocrx_word' id='word_1_329' title='bbox 983 1264 1171 1302; x_wconf 75' lang='grc' dir='ltr'><strong><em>ἀνελόντες</em></strong></span> <span class='ocrx_word' id='word_1_330' title='bbox 1200 1267 1303 1311; x_wconf 74' lang='grc' dir='ltr'><strong><em>ἰσχύν</em></strong></span> 
     </span>
     <span class='ocr_line' id='line_1_30' title="bbox 223 1304 1302 1358; baseline 0 -11"><span class='ocrx_word' id='word_1_331' title='bbox 223 1326 263 1348; x_wconf 86' lang='grc' dir='ltr'><strong>τε</strong></span> <span class='ocrx_word' id='word_1_332' title='bbox 295 1309 370 1357; x_wconf 81' lang='grc' dir='ltr'><strong>ἅμα</strong></span> <span class='ocrx_word' id='word_1_333' title='bbox 400 1316 460 1347; x_wconf 82' lang='grc' dir='ltr'><strong>καὶ</strong></span> <span class='ocrx_word' id='word_1_334' title='bbox 491 1309 666 1357; x_wconf 83' lang='grc' dir='ltr'><strong><em>ὁμόνοιαν</em></strong></span> <span class='ocrx_word' id='word_1_335' title='bbox 695 1314 750 1356; x_wconf 77' lang='grc' dir='ltr'><strong>τῷ</strong></span> <span class='ocrx_word' id='word_1_336' title='bbox 774 1312 960 1358; x_wconf 80' lang='grc' dir='ltr'><strong><em>πράγματι</em></strong></span> <span class='ocrx_word' id='word_1_337' title='bbox 991 1310 1168 1356; x_wconf 81' lang='grc' dir='ltr'><strong><em>δώσομεν,</em></strong></span> <span class='ocrx_word' id='word_1_338' title='bbox 1199 1304 1238 1356; x_wconf 66' lang='grc' dir='ltr'><strong><em>ἧς</em></strong></span> <span class='ocrx_word' id='word_1_339' title='bbox 1261 1308 1302 1347; x_wconf 78' lang='grc' dir='ltr'><strong>οὗ</strong></span> 
     </span>
     <span class='ocr_line' id='line_1_31' title="bbox 221 1355 1302 1412; baseline -0.001 -20"><span class='ocrx_word' id='word_1_340' title='bbox 221 1357 361 1403; x_wconf 79' lang='grc' dir='ltr'><strong><em>μήποτε</em></strong></span> <span class='ocrx_word' id='word_1_341' title='bbox 399 1355 445 1392; x_wconf 74' lang='grc' dir='ltr'><strong>ἂν</strong></span> <span class='ocrx_word' id='word_1_342' title='bbox 485 1355 591 1403; x_wconf 70' lang='grc' dir='ltr'><strong><em>οὐδὲν</em></strong></span> <span class='ocrx_word' id='word_1_343' title='bbox 634 1359 674 1391; x_wconf 79' lang='grc' dir='ltr'><strong>ἐν</strong></span> <span class='ocrx_word' id='word_1_344' title='bbox 710 1356 926 1412; x_wconf 59' lang='grc' dir='ltr'><strong><em>ἀνθρώποις</em></strong></span> <span class='ocrx_word' id='word_1_345' title='bbox 966 1361 1108 1404; x_wconf 80' lang='grc' dir='ltr'><strong><em>γένοιτο</em></strong></span> <span class='ocrx_word' id='word_1_346' title='bbox 1147 1356 1302 1392; x_wconf 84' lang='grc' dir='ltr'><strong><em>κάλλιον.</em></strong></span> 
     </span>
    </p>
   </div>
   <div class='ocr_carea' id='block_1_11' title="bbox 1370 1220 2447 1358">
    <p class='ocr_par' dir='ltr' id='par_1_11' title="bbox 1370 1220 2447 1358">
     <span class='ocr_line' id='line_1_32' title="bbox 1370 1220 2447 1267; baseline -0.002 -9"><span class='ocrx_word' id='word_1_347' title='bbox 1370 1233 1415 1258; x_wconf 85' lang='lat' dir='ltr'><strong>ea</strong></span> <span class='ocrx_word' id='word_1_348' title='bbox 1437 1222 1486 1259; x_wconf 84' lang='lat' dir='ltr'><strong>sit</strong></span> <span class='ocrx_word' id='word_1_349' title='bbox 1508 1224 1549 1257; x_wconf 88' lang='lat' dir='ltr'><strong>ut</strong></span> <span class='ocrx_word' id='word_1_350' title='bbox 1567 1226 1736 1267; x_wconf 82' lang='lat' dir='ltr'><strong>putamus</strong></span> <span class='ocrx_word' id='word_1_351' title='bbox 1755 1222 1957 1257; x_wconf 85' lang='lat' dir='ltr'><strong>occasione.</strong></span> <span class='ocrx_word' id='word_1_352' title='bbox 2004 1221 2119 1265; x_wconf 77' lang='lat' dir='ltr'><strong>Quam</strong></span> <span class='ocrx_word' id='word_1_353' title='bbox 2138 1221 2352 1266; x_wconf 80' lang='lat' dir='ltr'><strong>perimentes</strong></span> <span class='ocrx_word' id='word_1_354' title='bbox 2371 1220 2447 1256; x_wconf 81' lang='lat' dir='ltr'><strong>for-</strong></span> 
     </span>
     <span class='ocr_line' id='line_1_33' title="bbox 1370 1266 2447 1309; baseline -0.001 -7"><span class='ocrx_word' id='word_1_355' title='bbox 1370 1268 1558 1303; x_wconf 83' lang='lat' dir='ltr'><strong>titudinem</strong></span> <span class='ocrx_word' id='word_1_356' title='bbox 1593 1267 1698 1303; x_wconf 85' lang='lat' dir='ltr'><strong>simul</strong></span> <span class='ocrx_word' id='word_1_357' title='bbox 1732 1269 1768 1302; x_wconf 87' lang='lat' dir='ltr'><strong>et</strong></span> <span class='ocrx_word' id='word_1_358' title='bbox 1801 1267 2073 1302; x_wconf 85' lang='lat' dir='ltr'><strong>unanimitatem</strong></span> <span class='ocrx_word' id='word_1_359' title='bbox 2107 1276 2239 1302; x_wconf 86' lang='lat' dir='ltr'><strong>causae</strong></span> <span class='ocrx_word' id='word_1_360' title='bbox 2273 1266 2447 1309; x_wconf 79' lang='lat' dir='ltr'><strong>dabimus,</strong></span> 
     </span>
     <span class='ocr_line' id='line_1_34' title="bbox 1371 1311 2299 1358; baseline -0.001 -10"><span class='ocrx_word' id='word_1_361' title='bbox 1371 1323 1441 1357; x_wconf 86' lang='lat' dir='ltr'><strong>qua</strong></span> <span class='ocrx_word' id='word_1_362' title='bbox 1464 1321 1658 1358; x_wconf 83' lang='lat' dir='ltr'><strong>numquam</strong></span> <span class='ocrx_word' id='word_1_363' title='bbox 1679 1312 1769 1347; x_wconf 89' lang='lat' dir='ltr'><strong>nihil</strong></span> <span class='ocrx_word' id='word_1_364' title='bbox 1790 1312 1829 1346; x_wconf 88' lang='lat' dir='ltr'><strong>in</strong></span> <span class='ocrx_word' id='word_1_365' title='bbox 1850 1311 2055 1347; x_wconf 88' lang='lat' dir='ltr'><strong>hominibus</strong></span> <span class='ocrx_word' id='word_1_366' title='bbox 2076 1311 2140 1347; x_wconf 86' lang='lat' dir='ltr'><strong>fiet</strong></span> <span class='ocrx_word' id='word_1_367' title='bbox 2161 1311 2299 1347; x_wconf 84' lang='lat' dir='ltr'><strong>melius.</strong></span> 
     </span>
    </p>
   </div>
   <div class='ocr_carea' id='block_1_12' title="bbox 222 1399 2449 1457">
    <p class='ocr_par' dir='ltr' id='par_1_12' title="bbox 222 1399 2449 1457">
     <span class='ocr_line' id='line_1_35' title="bbox 222 1399 2449 1457; baseline 0 -21"><span class='ocrx_word' id='word_1_368' title='bbox 222 1407 240 1439; x_wconf 85' lang='lat'>1</span> <span class='ocrx_word' id='word_1_369' title='bbox 301 1406 380 1436; x_wconf 84' lang='grc' dir='ltr'><strong><em>Ταῖς</em></strong></span> <span class='ocrx_word' id='word_1_370' title='bbox 409 1404 477 1447; x_wconf 78' lang='grc' dir='ltr'><strong>μὲν</strong></span> <span class='ocrx_word' id='word_1_371' title='bbox 505 1404 570 1437; x_wconf 84' lang='grc' dir='ltr'><strong>οὐν</strong></span> <span class='ocrx_word' id='word_1_372' title='bbox 594 1399 716 1437; x_wconf 75' lang='grc' dir='ltr'><strong><em>ἄλλαις</em></strong></span> <span class='ocrx_word' id='word_1_373' title='bbox 738 1414 875 1449; x_wconf 84' lang='grc' dir='ltr'><strong><em>αρχαις,</em></strong></span> <span class='ocrx_word' id='word_1_374' title='bbox 904 1399 944 1437; x_wconf 80' lang='grc' dir='ltr'><strong><em>ὁῖς</em></strong></span> <span class='ocrx_word' id='word_1_375' title='bbox 966 1405 1113 1457; x_wconf 52' lang='grc' dir='ltr'><strong><em>ἔναγχος</em></strong></span> <span class='ocrx_word' id='word_1_376' title='bbox 1136 1405 1176 1437; x_wconf 75' lang='grc' dir='ltr'><strong>ἐν</strong></span> <span class='ocrx_word' id='word_1_377' title='bbox 1200 1406 1301 1437; x_wconf 88' lang='grc' dir='ltr'><strong><em>Πισί-</em></strong></span> <span class='ocrx_word' id='word_1_378' title='bbox 1315 1405 1393 1440; x_wconf 85' lang='grc'><strong>251</strong></span> <span class='ocrx_word' id='word_1_379' title='bbox 1444 1403 1535 1438; x_wconf 87' lang='lat' dir='ltr'><strong>Aliis</strong></span> <span class='ocrx_word' id='word_1_380' title='bbox 1569 1403 1692 1447; x_wconf 85' lang='lat' dir='ltr'><strong>itaque</strong></span> <span class='ocrx_word' id='word_1_381' title='bbox 1725 1401 2108 1444; x_wconf 79' lang='lat' dir='ltr'><strong>administrationibus,</strong></span> <span class='ocrx_word' id='word_1_382' title='bbox 2144 1411 2234 1447; x_wconf 74' lang='lat' dir='ltr'><strong>quas</strong></span> <span class='ocrx_word' id='word_1_383' title='bbox 2264 1411 2379 1446; x_wconf 81' lang='lat' dir='ltr'><strong>nuper</strong></span> <span class='ocrx_word' id='word_1_384' title='bbox 2410 1400 2449 1436; x_wconf 80' lang='lat' dir='ltr'><strong>in</strong></span> 
     </span>
    </p>
   </div>
   <div class='ocr_carea' id='block_1_13' title="bbox 224 1445 1300 1503">
    <p class='ocr_par' dir='ltr' id='par_1_13' title="bbox 224 1445 1300 1503">
     <span class='ocr_line' id='line_1_36' title="bbox 224 1445 1300 1503; baseline -0.001 -21"><span class='ocrx_word' id='word_1_385' title='bbox 224 1447 301 1482; x_wconf 82' lang='grc' dir='ltr'><strong><em>δαις</em></strong></span> <span class='ocrx_word' id='word_1_386' title='bbox 323 1461 364 1482; x_wconf 75' lang='grc' dir='ltr'><strong>τε</strong></span> <span class='ocrx_word' id='word_1_387' title='bbox 386 1451 445 1482; x_wconf 81' lang='grc' dir='ltr'><strong>καὶ</strong></span> <span class='ocrx_word' id='word_1_388' title='bbox 469 1447 634 1482; x_wconf 85' lang='grc' dir='ltr'><strong><em>Λυκάοσι</em></strong></span> <span class='ocrx_word' id='word_1_389' title='bbox 657 1451 718 1501; x_wconf 51' lang='grc' dir='ltr'><strong><em>οιαὶ</em></strong></span> <span class='ocrx_word' id='word_1_390' title='bbox 744 1448 857 1503; x_wconf 58' lang='grc' dir='ltr'><strong><em>ᾃραξὶ</em></strong></span> <span class='ocrx_word' id='word_1_391' title='bbox 880 1459 1160 1492; x_wconf 79' lang='grc' dir='ltr'><strong><em>κατεστήσαμεν,</em></strong></span> <span class='ocrx_word' id='word_1_392' title='bbox 1186 1450 1224 1481; x_wconf 82' lang='grc' dir='ltr'><strong>ἐκ</strong></span> <span class='ocrx_word' id='word_1_393' title='bbox 1248 1445 1300 1481; x_wconf 89' lang='grc' dir='ltr'><strong>δι-</strong></span> 
     </span>
    </p>
   </div>
   <div class='ocr_carea' id='block_1_14' title="bbox 1369 1446 2448 1492">
    <p class='ocr_par' dir='ltr' id='par_1_14' title="bbox 1369 1446 2448 1492">
     <span class='ocr_line' id='line_1_37' title="bbox 1369 1446 2448 1492; baseline -0.003 -8"><span class='ocrx_word' id='word_1_394' title='bbox 1369 1448 1514 1484; x_wconf 87' lang='lat' dir='ltr'><strong>Pisidiis</strong></span> <span class='ocrx_word' id='word_1_395' title='bbox 1533 1451 1569 1484; x_wconf 88' lang='lat' dir='ltr'><strong>et</strong></span> <span class='ocrx_word' id='word_1_396' title='bbox 1588 1446 1818 1492; x_wconf 84' lang='lat' dir='ltr'><strong>Lycaonibus</strong></span> <span class='ocrx_word' id='word_1_397' title='bbox 1839 1451 1876 1482; x_wconf 87' lang='lat' dir='ltr'><strong>et</strong></span> <span class='ocrx_word' id='word_1_398' title='bbox 1894 1446 2097 1482; x_wconf 81' lang='lat' dir='ltr'><strong>Thracibus</strong></span> <span class='ocrx_word' id='word_1_399' title='bbox 2121 1446 2382 1487; x_wconf 84' lang='lat' dir='ltr'><strong>constituimus,</strong></span> <span class='ocrx_word' id='word_1_400' title='bbox 2403 1455 2448 1480; x_wconf 85' lang='lat' dir='ltr'><strong>ex</strong></span> 
     </span>
    </p>
   </div>
   <div class='ocr_carea' id='block_1_15' title="bbox 223 1490 2452 2080">
    <p class='ocr_par' dir='ltr' id='par_1_15' title="bbox 223 1490 2452 2035">
     <span class='ocr_line' id='line_1_38' title="bbox 224 1490 2448 1540; baseline -0 -13"><span class='ocrx_word' id='word_1_401' title='bbox 224 1492 312 1536; x_wconf 78' lang='grc' dir='ltr'><strong><em>πλῆς</em></strong></span> <span class='ocrx_word' id='word_1_402' title='bbox 340 1504 437 1527; x_wconf 83' lang='grc' dir='ltr'><strong><em>τινος</em></strong></span> <span class='ocrx_word' id='word_1_403' title='bbox 459 1491 610 1527; x_wconf 80' lang='grc' dir='ltr'><strong><em>συνόδου</em></strong></span> <span class='ocrx_word' id='word_1_404' title='bbox 640 1506 683 1527; x_wconf 88' lang='grc' dir='ltr'><strong>το</strong></span> <span class='ocrx_word' id='word_1_405' title='bbox 705 1504 821 1538; x_wconf 87' lang='grc' dir='ltr'><strong><em>σχημα</em></strong></span> <span class='ocrx_word' id='word_1_406' title='bbox 843 1506 883 1527; x_wconf 87' lang='grc' dir='ltr'><strong>τε</strong></span> <span class='ocrx_word' id='word_1_407' title='bbox 909 1496 968 1526; x_wconf 83' lang='grc' dir='ltr'><strong>καὶ</strong></span> <span class='ocrx_word' id='word_1_408' title='bbox 994 1492 1182 1540; x_wconf 81' lang='grc' dir='ltr'><strong><em>ἄθροισμα</em></strong></span> <span class='ocrx_word' id='word_1_409' title='bbox 1209 1493 1301 1527; x_wconf 81' lang='grc' dir='ltr'><strong><em>καθ·</em></strong></span> <span class='ocrx_word' id='word_1_410' title='bbox 1370 1494 1503 1539; x_wconf 86' lang='lat' dir='ltr'><strong>duplici</strong></span> <span class='ocrx_word' id='word_1_411' title='bbox 1527 1492 1680 1538; x_wconf 86' lang='lat' dir='ltr'><strong>quodam</strong></span> <span class='ocrx_word' id='word_1_412' title='bbox 1701 1495 1879 1528; x_wconf 86' lang='lat' dir='ltr'><strong>conventu</strong></span> <span class='ocrx_word' id='word_1_413' title='bbox 1897 1491 2014 1536; x_wconf 80' lang='lat' dir='ltr'><strong>figura</strong></span> <span class='ocrx_word' id='word_1_414' title='bbox 2033 1495 2070 1526; x_wconf 85' lang='lat' dir='ltr'><strong>et</strong></span> <span class='ocrx_word' id='word_1_415' title='bbox 2091 1491 2253 1527; x_wconf 82' lang='lat' dir='ltr'><strong>collectio</strong></span> <span class='ocrx_word' id='word_1_416' title='bbox 2273 1490 2448 1533; x_wconf 70' lang='lat' dir='ltr'><strong>consistit,</strong></span> 
     </span>
     <span class='ocr_line' id='line_1_39' title="bbox 223 1535 2451 1582; baseline 0 -10"><span class='ocrx_word' id='word_1_417' title='bbox 223 1536 391 1581; x_wconf 84' lang='grc' dir='ltr'><strong><em>ειστήκει·</em></strong></span> <span class='ocrx_word' id='word_1_418' title='bbox 410 1536 549 1581; x_wconf 81' lang='grc' dir='ltr'><strong><em>ταύτην</em></strong></span> <span class='ocrx_word' id='word_1_419' title='bbox 566 1536 606 1572; x_wconf 72' lang='grc' dir='ltr'><strong>δὲ</strong></span> <span class='ocrx_word' id='word_1_420' title='bbox 623 1535 666 1581; x_wconf 83' lang='grc' dir='ltr'><strong>δὴ</strong></span> <span class='ocrx_word' id='word_1_421' title='bbox 681 1536 748 1578; x_wconf 84' lang='grc' dir='ltr'><strong>τὴν</strong></span> <span class='ocrx_word' id='word_1_422' title='bbox 760 1536 1024 1573; x_wconf 81' lang='grc' dir='ltr'><strong><em>Καππαδοκῶν</em></strong></span> <span class='ocrx_word' id='word_1_423' title='bbox 1039 1540 1179 1582; x_wconf 82' lang='grc' dir='ltr'><strong><em>μείζονι</em></strong></span> <span class='ocrx_word' id='word_1_424' title='bbox 1195 1551 1301 1572; x_wconf 81' lang='grc' dir='ltr'><strong><em>κατα·</em></strong></span> <span class='ocrx_word' id='word_1_425' title='bbox 1370 1539 1463 1574; x_wconf 86' lang='lat' dir='ltr'><strong>hanc</strong></span> <span class='ocrx_word' id='word_1_426' title='bbox 1496 1542 1615 1574; x_wconf 81' lang='lat' dir='ltr'><strong>autem</strong></span> <span class='ocrx_word' id='word_1_427' title='bbox 1645 1537 1774 1572; x_wconf 85' lang='lat' dir='ltr'><strong>maiori</strong></span> <span class='ocrx_word' id='word_1_428' title='bbox 1796 1547 1926 1572; x_wconf 83' lang='lat' dir='ltr'><strong>ornare</strong></span> <span class='ocrx_word' id='word_1_429' title='bbox 1955 1537 2114 1572; x_wconf 80' lang='lat' dir='ltr'><strong>volentes</strong></span> <span class='ocrx_word' id='word_1_430' title='bbox 2137 1536 2252 1581; x_wconf 80' lang='lat' dir='ltr'><strong>figura</strong></span> <span class='ocrx_word' id='word_1_431' title='bbox 2273 1535 2451 1582; x_wconf 74' lang='lat' dir='ltr'><strong>triplicem</strong></span> 
     </span>
     <span class='ocr_line' id='line_1_40' title="bbox 223 1581 2449 1630; baseline -0 -13"><span class='ocrx_word' id='word_1_432' title='bbox 223 1584 398 1628; x_wconf 79' lang='grc' dir='ltr'><strong><em>κοσμῆσαι</em></strong></span> <span class='ocrx_word' id='word_1_433' title='bbox 421 1582 632 1628; x_wconf 80' lang='grc' dir='ltr'><strong><em>βουλόμενοι</em></strong></span> <span class='ocrx_word' id='word_1_434' title='bbox 656 1581 812 1627; x_wconf 85' lang='grc' dir='ltr'><strong><em>σχήματι</em></strong></span> <span class='ocrx_word' id='word_1_435' title='bbox 828 1582 982 1630; x_wconf 79' lang='grc' dir='ltr'><strong><em>τριπλῆν</em></strong></span> <span class='ocrx_word' id='word_1_436' title='bbox 1002 1583 1218 1628; x_wconf 77' lang='grc' dir='ltr'><strong><em>ἐπιτίθεμεν</em></strong></span> <span class='ocrx_word' id='word_1_437' title='bbox 1236 1582 1303 1626; x_wconf 87' lang='grc' dir='ltr'><strong>τὴν</strong></span> <span class='ocrx_word' id='word_1_438' title='bbox 1370 1585 1417 1619; x_wconf 91' lang='lat' dir='ltr'><strong>im</strong></span> <span class='ocrx_word' id='word_1_439' title='bbox 1444 1584 1583 1619; x_wconf 88' lang='lat' dir='ltr'><strong>onimus</strong></span> <span class='ocrx_word' id='word_1_440' title='bbox 1606 1585 1822 1628; x_wconf 80' lang='lat' dir='ltr'><strong>potestatem</strong></span> <span class='ocrx_word' id='word_1_441' title='bbox 1841 1581 1885 1617; x_wconf 82' lang='lat' dir='ltr'><strong>ci.</strong></span> <span class='ocrx_word' id='word_1_442' title='bbox 1933 1581 2003 1626; x_wconf 78' lang='lat' dir='ltr'><strong>Qui</strong></span> <span class='ocrx_word' id='word_1_443' title='bbox 2026 1581 2120 1617; x_wconf 83' lang='lat' dir='ltr'><strong>enim</strong></span> <span class='ocrx_word' id='word_1_444' title='bbox 2141 1581 2180 1616; x_wconf 92' lang='lat' dir='ltr'><strong>in</strong></span> <span class='ocrx_word' id='word_1_445' title='bbox 2202 1582 2272 1618; x_wconf 76' lang='lat' dir='ltr'><strong>hoc</strong></span> <span class='ocrx_word' id='word_1_446' title='bbox 2295 1583 2351 1617; x_wconf 56' lang='grc' dir='ltr'><strong>δὲ</strong></span> <span class='ocrx_word' id='word_1_447' title='bbox 2373 1581 2449 1616; x_wconf 89' lang='lat' dir='ltr'><strong>cin-</strong></span> 
     </span>
     <span class='ocr_line' id='line_1_41' title="bbox 224 1595 2449 1676; baseline -0 -14"><span class='ocrx_word' id='word_1_448' title='bbox 224 1629 388 1669; x_wconf 76' lang='grc' dir='ltr'><strong><em>ἐξουσίαν</em></strong></span> <span class='ocrx_word' id='word_1_449' title='bbox 412 1626 514 1676; x_wconf 76' lang='grc' dir='ltr'><strong><em>αὐτῇ.</em></strong></span> <span class='ocrx_word' id='word_1_450' title='bbox 550 1625 569 1663; x_wconf 84' lang='grc' dir='ltr'>ὁ</span> <span class='ocrx_word' id='word_1_451' title='bbox 589 1627 657 1675; x_wconf 83' lang='grc' dir='ltr'><strong>γὰρ</strong></span> <span class='ocrx_word' id='word_1_452' title='bbox 680 1626 773 1662; x_wconf 84' lang='grc' dir='ltr'><strong><em>κατὰ</em></strong></span> <span class='ocrx_word' id='word_1_453' title='bbox 793 1627 932 1670; x_wconf 79' lang='grc' dir='ltr'><strong><em>ταύτην</em></strong></span> <span class='ocrx_word' id='word_1_454' title='bbox 954 1628 1022 1671; x_wconf 87' lang='grc' dir='ltr'><strong>τὴν</strong></span> <span class='ocrx_word' id='word_1_455' title='bbox 1045 1625 1157 1675; x_wconf 78' lang='grc' dir='ltr'><strong><em>ἀρχὴν</em></strong></span> <span class='ocrx_word' id='word_1_456' title='bbox 1180 1626 1301 1675; x_wconf 85' lang='grc' dir='ltr'><strong><em>ἡγήσε-</em></strong></span> <span class='ocrx_word' id='word_1_457' title='bbox 1316 1632 1358 1664; x_wconf 88' lang='grc'><strong>30</strong></span> <span class='ocrx_word' id='word_1_458' title='bbox 1370 1595 1454 1674; x_wconf 60' lang='lat' dir='ltr'><strong>gufo</strong></span> <span class='ocrx_word' id='word_1_459' title='bbox 1485 1628 1644 1673; x_wconf 81' lang='lat' dir='ltr'><strong>praeerit</strong></span> <span class='ocrx_word' id='word_1_460' title='bbox 1674 1627 1816 1673; x_wconf 82' lang='lat' dir='ltr'><strong>quidem</strong></span> <span class='ocrx_word' id='word_1_461' title='bbox 1851 1627 1957 1662; x_wconf 88' lang='lat' dir='ltr'><strong>simul</strong></span> <span class='ocrx_word' id='word_1_462' title='bbox 1991 1630 2028 1662; x_wconf 80' lang='lat' dir='ltr'><strong>et</strong></span> <span class='ocrx_word' id='word_1_463' title='bbox 2063 1627 2157 1662; x_wconf 80' lang='lat' dir='ltr'><strong>civili</strong></span> <span class='ocrx_word' id='word_1_464' title='bbox 2190 1626 2287 1662; x_wconf 80' lang='lat' dir='ltr'><strong>omni</strong></span> <span class='ocrx_word' id='word_1_465' title='bbox 2317 1625 2449 1668; x_wconf 75' lang='lat' dir='ltr'><strong>officio,</strong></span> 
     </span>
     <span class='ocr_line' id='line_1_42' title="bbox 223 1670 2449 1719; baseline 0 -13"><span class='ocrx_word' id='word_1_466' title='bbox 223 1687 284 1707; x_wconf 78' lang='grc' dir='ltr'><strong>ται</strong></span> <span class='ocrx_word' id='word_1_467' title='bbox 306 1676 374 1718; x_wconf 75' lang='grc' dir='ltr'><strong>μὲν</strong></span> <span class='ocrx_word' id='word_1_468' title='bbox 397 1674 461 1708; x_wconf 83' lang='grc' dir='ltr'><strong>τοῦ</strong></span> <span class='ocrx_word' id='word_1_469' title='bbox 484 1671 595 1718; x_wconf 82' lang='grc' dir='ltr'><strong><em>νόμου</em></strong></span> <span class='ocrx_word' id='word_1_470' title='bbox 618 1675 679 1706; x_wconf 87' lang='grc' dir='ltr'><strong><em>καὶ</em></strong></span> <span class='ocrx_word' id='word_1_471' title='bbox 701 1674 763 1716; x_wconf 77' lang='grc' dir='ltr'><strong>τῆς</strong></span> <span class='ocrx_word' id='word_1_472' title='bbox 786 1672 969 1716; x_wconf 79' lang='grc' dir='ltr'><strong><em>πολιτικῆς</em></strong></span> <span class='ocrx_word' id='word_1_473' title='bbox 996 1670 1135 1716; x_wconf 79' lang='grc' dir='ltr'><strong><em>ἁπάσης</em></strong></span> <span class='ocrx_word' id='word_1_474' title='bbox 1157 1671 1302 1715; x_wconf 79' lang='grc' dir='ltr'><strong><em>τάξεως,</em></strong></span> <span class='ocrx_word' id='word_1_475' title='bbox 1372 1674 1528 1719; x_wconf 87' lang='lat' dir='ltr'><strong>praeerit</strong></span> <span class='ocrx_word' id='word_1_476' title='bbox 1551 1678 1671 1708; x_wconf 86' lang='lat' dir='ltr'><strong>autem</strong></span> <span class='ocrx_word' id='word_1_477' title='bbox 1693 1676 1730 1708; x_wconf 88' lang='lat' dir='ltr'><strong>et</strong></span> <span class='ocrx_word' id='word_1_478' title='bbox 1751 1672 1934 1714; x_wconf 86' lang='lat' dir='ltr'><strong>militibus,</strong></span> <span class='ocrx_word' id='word_1_479' title='bbox 1959 1673 1997 1707; x_wconf 87' lang='lat' dir='ltr'><strong>et</strong></span> <span class='ocrx_word' id='word_1_480' title='bbox 2016 1671 2078 1717; x_wconf 88' lang='lat' dir='ltr'><strong>qui</strong></span> <span class='ocrx_word' id='word_1_481' title='bbox 2096 1672 2134 1707; x_wconf 91' lang='lat' dir='ltr'><strong>in</strong></span> <span class='ocrx_word' id='word_1_482' title='bbox 2152 1673 2348 1708; x_wconf 70' lang='lat' dir='ltr'><strong>memorata</strong></span> <span class='ocrx_word' id='word_1_483' title='bbox 2366 1681 2449 1717; x_wconf 86' lang='lat' dir='ltr'><strong>pro-</strong></span> 
     </span>
     <span class='ocr_line' id='line_1_43' title="bbox 224 1716 2450 1764; baseline -0 -11"><span class='ocrx_word' id='word_1_484' title='bbox 224 1716 392 1764; x_wconf 78' lang='grc' dir='ltr'><strong><em>ἡγήσεται</em></strong></span> <span class='ocrx_word' id='word_1_485' title='bbox 422 1717 463 1753; x_wconf 71' lang='grc' dir='ltr'><strong>δὲ</strong></span> <span class='ocrx_word' id='word_1_486' title='bbox 490 1722 551 1752; x_wconf 82' lang='grc' dir='ltr'><strong>καὶ</strong></span> <span class='ocrx_word' id='word_1_487' title='bbox 581 1719 659 1752; x_wconf 81' lang='grc' dir='ltr'><strong>τῶν</strong></span> <span class='ocrx_word' id='word_1_488' title='bbox 690 1720 932 1763; x_wconf 80' lang='grc' dir='ltr'><strong><em>στρατιωτῶν</em></strong></span> <span class='ocrx_word' id='word_1_489' title='bbox 967 1719 1046 1753; x_wconf 80' lang='grc' dir='ltr'><strong>τῶν</strong></span> <span class='ocrx_word' id='word_1_490' title='bbox 1080 1731 1121 1752; x_wconf 82' lang='grc' dir='ltr'><strong>τε</strong></span> <span class='ocrx_word' id='word_1_491' title='bbox 1155 1720 1216 1753; x_wconf 81' lang='grc' dir='ltr'><strong>ἐπὶ</strong></span> <span class='ocrx_word' id='word_1_492' title='bbox 1244 1720 1305 1760; x_wconf 81' lang='grc' dir='ltr'><strong>τῆς</strong></span> <span class='ocrx_word' id='word_1_493' title='bbox 1373 1719 1491 1755; x_wconf 84' lang='lat' dir='ltr'><strong>vincia</strong></span> <span class='ocrx_word' id='word_1_494' title='bbox 1521 1723 1557 1754; x_wconf 82' lang='lat' dir='ltr'><strong>et</strong></span> <span class='ocrx_word' id='word_1_495' title='bbox 1588 1719 1648 1763; x_wconf 88' lang='lat' dir='ltr'><strong>qui</strong></span> <span class='ocrx_word' id='word_1_496' title='bbox 1683 1718 1721 1753; x_wconf 87' lang='lat' dir='ltr'><strong>in</strong></span> <span class='ocrx_word' id='word_1_497' title='bbox 1751 1717 1832 1753; x_wconf 80' lang='lat' dir='ltr'><strong>aliis</strong></span> <span class='ocrx_word' id='word_1_498' title='bbox 1862 1717 2066 1762; x_wconf 84' lang='lat' dir='ltr'><strong>regionibus</strong></span> <span class='ocrx_word' id='word_1_499' title='bbox 2096 1717 2268 1753; x_wconf 78' lang='lat' dir='ltr'><strong>Ponticae</strong></span> <span class='ocrx_word' id='word_1_500' title='bbox 2297 1716 2450 1753; x_wconf 75' lang='lat' dir='ltr'><strong>diocesis</strong></span> 
     </span>
     <span class='ocr_line' id='line_1_44' title="bbox 224 1761 2449 1815; baseline -0.001 -18"><span class='ocrx_word' id='word_1_501' title='bbox 224 1766 406 1810; x_wconf 79' lang='grc' dir='ltr'><strong><em>εἰρημένης</em></strong></span> <span class='ocrx_word' id='word_1_502' title='bbox 427 1764 546 1811; x_wconf 77' lang='grc' dir='ltr'><strong><em>χώρας</em></strong></span> <span class='ocrx_word' id='word_1_503' title='bbox 568 1764 647 1797; x_wconf 78' lang='grc' dir='ltr'><strong>τῶν</strong></span> <span class='ocrx_word' id='word_1_504' title='bbox 666 1776 707 1797; x_wconf 77' lang='grc' dir='ltr'><strong>τε</strong></span> <span class='ocrx_word' id='word_1_505' title='bbox 730 1764 772 1797; x_wconf 76' lang='grc' dir='ltr'><strong>ἐν</strong></span> <span class='ocrx_word' id='word_1_506' title='bbox 789 1766 868 1798; x_wconf 83' lang='grc' dir='ltr'><strong><em>ταῖς</em></strong></span> <span class='ocrx_word' id='word_1_507' title='bbox 890 1761 1013 1797; x_wconf 80' lang='grc' dir='ltr'><strong><em>ἄλλαις</em></strong></span> <span class='ocrx_word' id='word_1_508' title='bbox 1034 1765 1220 1809; x_wconf 72' lang='grc' dir='ltr'><strong><em>ἐπαρχίαις</em></strong></span> <span class='ocrx_word' id='word_1_509' title='bbox 1243 1764 1304 1806; x_wconf 75' lang='grc' dir='ltr'><strong>τῆς</strong></span> <span class='ocrx_word' id='word_1_510' title='bbox 1374 1764 1542 1800; x_wconf 84' lang='lat' dir='ltr'><strong>collocati</strong></span> <span class='ocrx_word' id='word_1_511' title='bbox 1565 1767 1666 1806; x_wconf 84' lang='lat' dir='ltr'><strong>sunt,</strong></span> <span class='ocrx_word' id='word_1_512' title='bbox 1695 1763 1732 1798; x_wconf 90' lang='lat' dir='ltr'><strong>in</strong></span> <span class='ocrx_word' id='word_1_513' title='bbox 1756 1763 1885 1815; x_wconf 70' lang='lat' dir='ltr'><strong>quibus</strong></span> <span class='ocrx_word' id='word_1_514' title='bbox 1914 1762 2047 1798; x_wconf 77' lang='lat' dir='ltr'><strong>aerarii</strong></span> <span class='ocrx_word' id='word_1_515' title='bbox 2069 1761 2215 1807; x_wconf 82' lang='lat' dir='ltr'><strong>praedia</strong></span> <span class='ocrx_word' id='word_1_516' title='bbox 2237 1761 2449 1803; x_wconf 67' lang='lat' dir='ltr'><strong>consistunt,</strong></span> 
     </span>
     <span class='ocr_line' id='line_1_45' title="bbox 225 1806 2451 1855; baseline -0.001 -12"><span class='ocrx_word' id='word_1_517' title='bbox 225 1810 400 1853; x_wconf 79' lang='grc' dir='ltr'><strong><em>Ποντικῇς</em></strong></span> <span class='ocrx_word' id='word_1_518' title='bbox 429 1807 637 1851; x_wconf 76' lang='grc' dir='ltr'><strong><em>διοικήσεως</em></strong></span> <span class='ocrx_word' id='word_1_519' title='bbox 668 1806 881 1855; x_wconf 79' lang='grc' dir='ltr'><strong><em>ἱδρυμένων,</em></strong></span> <span class='ocrx_word' id='word_1_520' title='bbox 906 1810 946 1842; x_wconf 80' lang='grc' dir='ltr'><strong>ἐν</strong></span> <span class='ocrx_word' id='word_1_521' title='bbox 970 1807 1024 1842; x_wconf 82' lang='grc' dir='ltr'><strong>αἶς</strong></span> <span class='ocrx_word' id='word_1_522' title='bbox 1052 1807 1099 1842; x_wconf 80' lang='grc' dir='ltr'><strong>τὰ</strong></span> <span class='ocrx_word' id='word_1_523' title='bbox 1126 1809 1304 1853; x_wconf 84' lang='grc' dir='ltr'><strong><em>ταμειακά</em></strong></span> <span class='ocrx_word' id='word_1_524' title='bbox 1373 1820 1417 1845; x_wconf 88' lang='lat' dir='ltr'><strong>ac</strong></span> <span class='ocrx_word' id='word_1_525' title='bbox 1441 1810 1473 1845; x_wconf 83' lang='lat' dir='ltr'><strong>si</strong></span> <span class='ocrx_word' id='word_1_526' title='bbox 1491 1809 1653 1844; x_wconf 82' lang='lat' dir='ltr'><strong>militaris</strong></span> <span class='ocrx_word' id='word_1_527' title='bbox 1673 1808 1741 1843; x_wconf 89' lang='lat' dir='ltr'><strong>hoc</strong></span> <span class='ocrx_word' id='word_1_528' title='bbox 1758 1818 1837 1853; x_wconf 79' lang='lat' dir='ltr'><strong>Ipso</strong></span> <span class='ocrx_word' id='word_1_529' title='bbox 1857 1810 1954 1844; x_wconf 77' lang='lat' dir='ltr'><strong>esset</strong></span> <span class='ocrx_word' id='word_1_530' title='bbox 1971 1807 2088 1842; x_wconf 78' lang='lat' dir='ltr'><strong>iudex.</strong></span> <span class='ocrx_word' id='word_1_531' title='bbox 2136 1806 2310 1842; x_wconf 75' lang='lat' dir='ltr'><strong>Dabimus</strong></span> <span class='ocrx_word' id='word_1_532' title='bbox 2330 1810 2451 1842; x_wconf 70' lang='lat' dir='ltr'><strong>autem</strong></span> 
     </span>
     <span class='ocr_line' id='line_1_46' title="bbox 224 1850 2449 1900; baseline 0 -13"><span class='ocrx_word' id='word_1_533' title='bbox 224 1858 338 1899; x_wconf 80' lang='grc' dir='ltr'><strong><em>χωρία</em></strong></span> <span class='ocrx_word' id='word_1_534' title='bbox 362 1854 597 1897; x_wconf 78' lang='grc' dir='ltr'><strong><em>καθέστηκεν,</em></strong></span> <span class='ocrx_word' id='word_1_535' title='bbox 629 1850 746 1900; x_wconf 74' lang='grc' dir='ltr'><strong><em>ὥςπερ</em></strong></span> <span class='ocrx_word' id='word_1_536' title='bbox 777 1853 825 1887; x_wconf 84' lang='grc' dir='ltr'><strong>ἂν</strong></span> <span class='ocrx_word' id='word_1_537' title='bbox 856 1855 887 1887; x_wconf 82' lang='grc' dir='ltr'><strong>εἰ</strong></span> <span class='ocrx_word' id='word_1_538' title='bbox 917 1854 1176 1899; x_wconf 78' lang='grc' dir='ltr'><strong><em>στρατιωτικὸς</em></strong></span> <span class='ocrx_word' id='word_1_539' title='bbox 1200 1850 1302 1888; x_wconf 79' lang='grc' dir='ltr'><strong><em>αὐτό·</em></strong></span> <span class='ocrx_word' id='word_1_540' title='bbox 1316 1856 1357 1888; x_wconf 85' lang='lat'><strong>35</strong></span> <span class='ocrx_word' id='word_1_541' title='bbox 1372 1855 1406 1890; x_wconf 86' lang='lat' dir='ltr'><strong>ei</strong></span> <span class='ocrx_word' id='word_1_542' title='bbox 1436 1857 1475 1890; x_wconf 88' lang='lat' dir='ltr'><strong>et</strong></span> <span class='ocrx_word' id='word_1_543' title='bbox 1501 1854 1632 1890; x_wconf 83' lang='lat' dir='ltr'><strong>aerarii</strong></span> <span class='ocrx_word' id='word_1_544' title='bbox 1663 1863 1831 1898; x_wconf 85' lang='lat' dir='ltr'><strong>praeesse</strong></span> <span class='ocrx_word' id='word_1_545' title='bbox 1860 1852 2075 1895; x_wconf 85' lang='lat' dir='ltr'><strong>hominibus,</strong></span> <span class='ocrx_word' id='word_1_546' title='bbox 2105 1855 2143 1888; x_wconf 90' lang='lat' dir='ltr'><strong>et</strong></span> <span class='ocrx_word' id='word_1_547' title='bbox 2163 1861 2285 1888; x_wconf 83' lang='lat' dir='ltr'><strong>omnes</strong></span> <span class='ocrx_word' id='word_1_548' title='bbox 2308 1851 2449 1896; x_wconf 82' lang='lat' dir='ltr'><strong>quanti-</strong></span> 
     </span>
     <span class='ocr_line' id='line_1_47' title="bbox 224 1894 2452 1946; baseline -0 -13"><span class='ocrx_word' id='word_1_549' title='bbox 224 1900 297 1933; x_wconf 82' lang='grc' dir='ltr'><strong>θεν</strong></span> <span class='ocrx_word' id='word_1_550' title='bbox 326 1897 519 1946; x_wconf 76' lang='grc' dir='ltr'><strong><em>ἐτύγχανεν</em></strong></span> <span class='ocrx_word' id='word_1_551' title='bbox 549 1898 689 1944; x_wconf 79' lang='grc' dir='ltr'><strong><em>ἅρχων·</em></strong></span> <span class='ocrx_word' id='word_1_552' title='bbox 733 1896 901 1944; x_wconf 77' lang='grc' dir='ltr'><strong><em>δώσομεν</em></strong></span> <span class='ocrx_word' id='word_1_553' title='bbox 930 1897 971 1932; x_wconf 75' lang='grc' dir='ltr'><strong>δὲ</strong></span> <span class='ocrx_word' id='word_1_554' title='bbox 1001 1894 1100 1942; x_wconf 73' lang='grc' dir='ltr'><strong><em>αὐτῷ</em></strong></span> <span class='ocrx_word' id='word_1_555' title='bbox 1132 1901 1192 1932; x_wconf 81' lang='grc' dir='ltr'><strong>καὶ</strong></span> <span class='ocrx_word' id='word_1_556' title='bbox 1224 1900 1303 1933; x_wconf 84' lang='grc' dir='ltr'><strong>τῶν</strong></span> <span class='ocrx_word' id='word_1_557' title='bbox 1373 1910 1525 1944; x_wconf 83' lang='lat' dir='ltr'><strong>cumque</strong></span> <span class='ocrx_word' id='word_1_558' title='bbox 1551 1899 1691 1945; x_wconf 80' lang='lat' dir='ltr'><strong>pridem</strong></span> <span class='ocrx_word' id='word_1_559' title='bbox 1720 1898 1901 1934; x_wconf 77' lang='lat' dir='ltr'><strong>comitiani</strong></span> <span class='ocrx_word' id='word_1_560' title='bbox 1932 1896 2042 1933; x_wconf 85' lang='lat' dir='ltr'><strong>officii</strong></span> <span class='ocrx_word' id='word_1_561' title='bbox 2069 1899 2155 1933; x_wconf 81' lang='lat' dir='ltr'><strong>sunt</strong></span> <span class='ocrx_word' id='word_1_562' title='bbox 2188 1899 2240 1939; x_wconf 82' lang='lat' dir='ltr'><strong>(et</strong></span> <span class='ocrx_word' id='word_1_563' title='bbox 2268 1895 2452 1933; x_wconf 73' lang='lat' dir='ltr'><strong>summarii</strong></span> 
     </span>
     <span class='ocr_line' id='line_1_48' title="bbox 225 1940 2450 1991; baseline -0 -13"><span class='ocrx_word' id='word_1_564' title='bbox 225 1946 432 1988; x_wconf 79' lang='grc' dir='ltr'><strong><em>ταμειακών</em></strong></span> <span class='ocrx_word' id='word_1_565' title='bbox 456 1943 579 1991; x_wconf 83' lang='grc' dir='ltr'><strong><em>ἄρχειν</em></strong></span> <span class='ocrx_word' id='word_1_566' title='bbox 602 1942 831 1989; x_wconf 80' lang='grc' dir='ltr'><strong><em>ἀνθρώπων,</em></strong></span> <span class='ocrx_word' id='word_1_567' title='bbox 855 1947 915 1978; x_wconf 84' lang='grc' dir='ltr'><strong>καὶ</strong></span> <span class='ocrx_word' id='word_1_568' title='bbox 936 1942 1069 1979; x_wconf 85' lang='grc' dir='ltr'><strong><em>πάντες</em></strong></span> <span class='ocrx_word' id='word_1_569' title='bbox 1091 1942 1220 1978; x_wconf 84' lang='grc' dir='ltr'><strong><em>ὁπόσοι</em></strong></span> <span class='ocrx_word' id='word_1_570' title='bbox 1242 1944 1303 1987; x_wconf 83' lang='grc' dir='ltr'><strong>τῆς</strong></span> <span class='ocrx_word' id='word_1_571' title='bbox 1371 1944 1521 1981; x_wconf 83' lang='lat' dir='ltr'><strong>dicimus</strong></span> <span class='ocrx_word' id='word_1_572' title='bbox 1545 1948 1582 1979; x_wconf 83' lang='lat' dir='ltr'><strong>et</strong></span> <span class='ocrx_word' id='word_1_573' title='bbox 1604 1944 1636 1980; x_wconf 85' lang='lat' dir='ltr'><strong>si</strong></span> <span class='ocrx_word' id='word_1_574' title='bbox 1659 1943 1745 1989; x_wconf 85' lang='lat' dir='ltr'><strong>quid</strong></span> <span class='ocrx_word' id='word_1_575' title='bbox 1766 1943 1840 1978; x_wconf 80' lang='lat' dir='ltr'><strong>tale</strong></span> <span class='ocrx_word' id='word_1_576' title='bbox 1861 1942 1960 1978; x_wconf 85' lang='lat' dir='ltr'><strong>aliud</strong></span> <span class='ocrx_word' id='word_1_577' title='bbox 1983 1946 2063 1986; x_wconf 82' lang='lat' dir='ltr'><strong>est),</strong></span> <span class='ocrx_word' id='word_1_578' title='bbox 2093 1942 2288 1978; x_wconf 81' lang='lat' dir='ltr'><strong>obaudient</strong></span> <span class='ocrx_word' id='word_1_579' title='bbox 2309 1941 2353 1978; x_wconf 80' lang='lat' dir='ltr'><strong>ci.</strong></span> <span class='ocrx_word' id='word_1_580' title='bbox 2399 1940 2450 1977; x_wconf 82' lang='lat' dir='ltr'><strong>Et</strong></span> 
     </span>
     <span class='ocr_line' id='line_1_49' title="bbox 225 1986 1302 2035; baseline -0.001 -11"><span class='ocrx_word' id='word_1_581' title='bbox 225 1987 354 2035; x_wconf 82' lang='grc' dir='ltr'><strong><em>πρώην</em></strong></span> <span class='ocrx_word' id='word_1_582' title='bbox 378 1991 584 2033; x_wconf 83' lang='grc' dir='ltr'><strong><em>κομιτιανῆς</em></strong></span> <span class='ocrx_word' id='word_1_583' title='bbox 606 1990 676 2023; x_wconf 82' lang='grc' dir='ltr'><strong><em>εἰσι</em></strong></span> <span class='ocrx_word' id='word_1_584' title='bbox 698 1988 832 2029; x_wconf 83' lang='grc' dir='ltr'><strong><em>τάξεως</em></strong></span> <span class='ocrx_word' id='word_1_585' title='bbox 861 1986 1090 2034; x_wconf 77' lang='grc' dir='ltr'><strong><em>(σουμμάριοί</em></strong></span> <span class='ocrx_word' id='word_1_586' title='bbox 1109 2003 1151 2023; x_wconf 80' lang='grc' dir='ltr'><strong>τε</strong></span> <span class='ocrx_word' id='word_1_587' title='bbox 1173 1991 1302 2035; x_wconf 78' lang='grc' dir='ltr'><strong><em>φαμέν,</em></strong></span> 
     </span>
    </p>

    <p class='ocr_par' dir='ltr' id='par_1_16' title="bbox 225 2031 1301 2080">
     <span class='ocr_line' id='line_1_50' title="bbox 225 2031 1301 2080; baseline 0.001 -13"><span class='ocrx_word' id='word_1_588' title='bbox 225 2037 284 2067; x_wconf 80' lang='grc' dir='ltr'><strong>καὶ</strong></span> <span class='ocrx_word' id='word_1_589' title='bbox 306 2035 341 2067; x_wconf 85' lang='grc' dir='ltr'><strong>εἴ</strong></span> <span class='ocrx_word' id='word_1_590' title='bbox 358 2047 394 2068; x_wconf 89' lang='grc' dir='ltr'><strong>τι</strong></span> <span class='ocrx_word' id='word_1_591' title='bbox 413 2035 578 2069; x_wconf 80' lang='grc' dir='ltr'><strong><em>τοιοῦτον</em></strong></span> <span class='ocrx_word' id='word_1_592' title='bbox 597 2031 722 2080; x_wconf 74' lang='grc' dir='ltr'><strong><em>ἕτερόν</em></strong></span> <span class='ocrx_word' id='word_1_593' title='bbox 743 2036 835 2076; x_wconf 83' lang='grc' dir='ltr'><strong><em>ἐστι)</em></strong></span> <span class='ocrx_word' id='word_1_594' title='bbox 854 2034 1143 2069; x_wconf 83' lang='grc' dir='ltr'><strong><em>κατακούσονται</em></strong></span> <span class='ocrx_word' id='word_1_595' title='bbox 1162 2033 1301 2069; x_wconf 82' lang='grc' dir='ltr'><strong><em>τούτου.</em></strong></span> 
     </span>
    </p>
   </div>
   <div class='ocr_carea' id='block_1_16' title="bbox 220 2121 2455 2980">
    <p class='ocr_par' dir='ltr' id='par_1_17' title="bbox 220 2121 2453 2400">
     <span class='ocr_line' id='line_1_51' title="bbox 225 2121 2451 2171; baseline 0 -13"><span class='ocrx_word' id='word_1_596' title='bbox 225 2123 438 2171; x_wconf 81' lang='lat' dir='ltr'><strong>imperabat,</strong></span> <span class='ocrx_word' id='word_1_597' title='bbox 461 2128 498 2159; x_wconf 89' lang='lat' dir='ltr'><strong>et</strong></span> <span class='ocrx_word' id='word_1_598' title='bbox 517 2124 737 2159; x_wconf 73' lang='lat' dir='ltr'><strong>celeberrimi</strong></span> <span class='ocrx_word' id='word_1_599' title='bbox 757 2124 825 2159; x_wconf 82' lang='lat' dir='ltr'><strong>viri</strong></span> <span class='ocrx_word' id='word_1_600' title='bbox 845 2125 979 2170; x_wconf 84' lang='lat' dir='ltr'><strong>quique</strong></span> <span class='ocrx_word' id='word_1_601' title='bbox 990 2124 1168 2159; x_wconf 85' lang='lat' dir='ltr'><strong>Romanis</strong></span> <span class='ocrx_word' id='word_1_602' title='bbox 1190 2134 1280 2159; x_wconf 89' lang='lat' dir='ltr'><strong>cura</strong></span> <span class='ocrx_word' id='word_1_603' title='bbox 1303 2123 1407 2169; x_wconf 78' lang='lat' dir='ltr'><strong>diqni</strong></span> <span class='ocrx_word' id='word_1_604' title='bbox 1426 2122 1641 2158; x_wconf 85' lang='lat' dir='ltr'><strong>videbantur</strong></span> <span class='ocrx_word' id='word_1_605' title='bbox 1662 2132 1797 2168; x_wconf 81' lang='lat' dir='ltr'><strong>maqna</strong></span> <span class='ocrx_word' id='word_1_606' title='bbox 1831 2121 1917 2158; x_wconf 77' lang='lat' dir='ltr'><strong>inde</strong></span> <span class='ocrx_word' id='word_1_607' title='bbox 1937 2122 2049 2158; x_wconf 84' lang='lat' dir='ltr'><strong>evecti</strong></span> <span class='ocrx_word' id='word_1_608' title='bbox 2070 2126 2178 2164; x_wconf 57' lang='lat' dir='ltr'><strong>sunu</strong></span> <span class='ocrx_word' id='word_1_609' title='bbox 2200 2126 2311 2168; x_wconf 84' lang='lat' dir='ltr'><strong>atque</strong></span> <span class='ocrx_word' id='word_1_610' title='bbox 2332 2127 2388 2158; x_wconf 82' lang='lat' dir='ltr'><strong>est</strong></span> <span class='ocrx_word' id='word_1_611' title='bbox 2404 2122 2451 2159; x_wconf 82' lang='lat' dir='ltr'><strong>iis</strong></span> 
     </span>
     <span class='ocr_line' id='line_1_52' title="bbox 227 2166 2451 2219; baseline 0 -16"><span class='ocrx_word' id='word_1_612' title='bbox 227 2175 326 2205; x_wconf 82' lang='lat' dir='ltr'><strong>terra</strong></span> <span class='ocrx_word' id='word_1_613' title='bbox 346 2169 470 2215; x_wconf 86' lang='lat' dir='ltr'><strong>ampla</strong></span> <span class='ocrx_word' id='word_1_614' title='bbox 497 2173 531 2204; x_wconf 86' lang='lat' dir='ltr'><strong>et</strong></span> <span class='ocrx_word' id='word_1_615' title='bbox 553 2168 729 2203; x_wconf 87' lang='lat' dir='ltr'><strong>mirabilis</strong></span> <span class='ocrx_word' id='word_1_616' title='bbox 760 2180 923 2215; x_wconf 86' lang='lat' dir='ltr'><strong>quaeque</strong></span> <span class='ocrx_word' id='word_1_617' title='bbox 946 2170 1098 2216; x_wconf 83' lang='lat' dir='ltr'><strong>imperio</strong></span> <span class='ocrx_word' id='word_1_618' title='bbox 1127 2169 1182 2204; x_wconf 83' lang='lat' dir='ltr'><strong>ita</strong></span> <span class='ocrx_word' id='word_1_619' title='bbox 1208 2168 1369 2215; x_wconf 79' lang='lat' dir='ltr'><strong>placuit,</strong></span> <span class='ocrx_word' id='word_1_620' title='bbox 1401 2171 1444 2203; x_wconf 88' lang='lat' dir='ltr'><strong>ut</strong></span> <span class='ocrx_word' id='word_1_621' title='bbox 1463 2166 1755 2214; x_wconf 79' lang='lat' dir='ltr'><strong>possessionibus</strong></span> <span class='ocrx_word' id='word_1_622' title='bbox 1785 2177 1878 2213; x_wconf 87' lang='lat' dir='ltr'><strong>quas</strong></span> <span class='ocrx_word' id='word_1_623' title='bbox 1906 2166 1957 2202; x_wconf 82' lang='lat' dir='ltr'><strong>ibi</strong></span> <span class='ocrx_word' id='word_1_624' title='bbox 1987 2166 2096 2202; x_wconf 77' lang='lat' dir='ltr'><strong>habet</strong></span> <span class='ocrx_word' id='word_1_625' title='bbox 2123 2168 2232 2202; x_wconf 85' lang='lat' dir='ltr'><strong>etiam</strong></span> <span class='ocrx_word' id='word_1_626' title='bbox 2258 2168 2451 2219; x_wconf 83' lang='lat' dir='ltr'><strong>proprium</strong></span> 
     </span>
     <span class='ocr_line' id='line_1_53' title="bbox 226 2210 2451 2260; baseline 0 -12"><span class='ocrx_word' id='word_1_627' title='bbox 226 2214 480 2260; x_wconf 79' lang='lat' dir='ltr'><strong>maqistratum</strong></span> <span class='ocrx_word' id='word_1_628' title='bbox 503 2213 659 2250; x_wconf 87' lang='lat' dir='ltr'><strong>Pontico</strong></span> <span class='ocrx_word' id='word_1_629' title='bbox 683 2215 900 2260; x_wconf 78' lang='lat' dir='ltr'><strong>maqistratu</strong></span> <span class='ocrx_word' id='word_1_630' title='bbox 923 2225 998 2249; x_wconf 86' lang='lat' dir='ltr'><strong>non</strong></span> <span class='ocrx_word' id='word_1_631' title='bbox 1020 2214 1206 2256; x_wconf 79' lang='lat' dir='ltr'><strong>minorem,</strong></span> <span class='ocrx_word' id='word_1_632' title='bbox 1236 2214 1324 2259; x_wconf 86' lang='lat' dir='ltr'><strong>quin</strong></span> <span class='ocrx_word' id='word_1_633' title='bbox 1347 2213 1455 2248; x_wconf 89' lang='lat' dir='ltr'><strong>etiam</strong></span> <span class='ocrx_word' id='word_1_634' title='bbox 1477 2213 1650 2248; x_wconf 87' lang='lat' dir='ltr'><strong>maiorem</strong></span> <span class='ocrx_word' id='word_1_635' title='bbox 1665 2216 1923 2259; x_wconf 82' lang='lat' dir='ltr'><strong>praeponeret.</strong></span> <span class='ocrx_word' id='word_1_636' title='bbox 1970 2210 2259 2258; x_wconf 85' lang='lat' dir='ltr'><strong>Populosissima</strong></span> <span class='ocrx_word' id='word_1_637' title='bbox 2281 2223 2375 2248; x_wconf 80' lang='lat' dir='ltr'><strong>cmm</strong></span> <span class='ocrx_word' id='word_1_638' title='bbox 2397 2217 2451 2248; x_wconf 80' lang='lat' dir='ltr'><strong>est</strong></span> 
     </span>
     <span class='ocr_line' id='line_1_54' title="bbox 225 2256 2451 2306; baseline -0.001 -12"><span class='ocrx_word' id='word_1_639' title='bbox 225 2264 258 2294; x_wconf 86' lang='lat' dir='ltr'><strong>et</strong></span> <span class='ocrx_word' id='word_1_640' title='bbox 281 2259 478 2294; x_wconf 77' lang='lat' dir='ltr'><strong>maximam</strong></span> <span class='ocrx_word' id='word_1_641' title='bbox 501 2258 623 2294; x_wconf 87' lang='lat' dir='ltr'><strong>urbem</strong></span> <span class='ocrx_word' id='word_1_642' title='bbox 637 2263 809 2306; x_wconf 80' lang='lat' dir='ltr'><strong>praestat</strong></span> <span class='ocrx_word' id='word_1_643' title='bbox 830 2259 1008 2294; x_wconf 78' lang='lat' dir='ltr'><strong>carissimi</strong></span> <span class='ocrx_word' id='word_1_644' title='bbox 1027 2258 1132 2294; x_wconf 84' lang='lat' dir='ltr'><strong>nobis</strong></span> <span class='ocrx_word' id='word_1_645' title='bbox 1152 2257 1316 2294; x_wconf 82' lang='lat' dir='ltr'><strong>Caesaris</strong></span> <span class='ocrx_word' id='word_1_646' title='bbox 1335 2259 1480 2293; x_wconf 85' lang='lat' dir='ltr'><strong>nomine</strong></span> <span class='ocrx_word' id='word_1_647' title='bbox 1501 2258 1690 2303; x_wconf 82' lang='lat' dir='ltr'><strong>insiqnem‚</strong></span> <span class='ocrx_word' id='word_1_648' title='bbox 1714 2257 1779 2303; x_wconf 88' lang='lat' dir='ltr'><strong>qui</strong></span> <span class='ocrx_word' id='word_1_649' title='bbox 1801 2256 1933 2292; x_wconf 85' lang='lat' dir='ltr'><strong>bonum</strong></span> <span class='ocrx_word' id='word_1_650' title='bbox 1952 2256 2094 2292; x_wconf 83' lang='lat' dir='ltr'><strong>initium</strong></span> <span class='ocrx_word' id='word_1_651' title='bbox 2117 2261 2243 2293; x_wconf 83' lang='lat' dir='ltr'><strong>nostro</strong></span> <span class='ocrx_word' id='word_1_652' title='bbox 2265 2257 2364 2293; x_wconf 76' lang='lat' dir='ltr'><strong>dedit</strong></span> <span class='ocrx_word' id='word_1_653' title='bbox 2385 2257 2451 2293; x_wconf 84' lang='lat' dir='ltr'><strong>im-</strong></span> 
     </span>
     <span class='ocr_line' id='line_1_55' title="bbox 220 2301 2453 2351; baseline -0 -12"><span class='ocrx_word' id='word_1_654' title='bbox 220 2305 341 2351; x_wconf 84' lang='lat' dir='ltr'><strong>perio,</strong></span> <span class='ocrx_word' id='word_1_655' title='bbox 359 2308 519 2350; x_wconf 86' lang='lat' dir='ltr'><strong>propter</strong></span> <span class='ocrx_word' id='word_1_656' title='bbox 541 2315 645 2349; x_wconf 84' lang='lat' dir='ltr'><strong>quem</strong></span> <span class='ocrx_word' id='word_1_657' title='bbox 669 2315 692 2339; x_wconf 90' lang='lat' dir='ltr'><strong>a</strong></span> <span class='ocrx_word' id='word_1_658' title='bbox 719 2304 770 2339; x_wconf 87' lang='lat' dir='ltr'><strong>ud</strong></span> <span class='ocrx_word' id='word_1_659' title='bbox 792 2315 916 2340; x_wconf 82' lang='lat' dir='ltr'><strong>omnes</strong></span> <span class='ocrx_word' id='word_1_660' title='bbox 938 2309 1056 2339; x_wconf 80' lang='lat' dir='ltr'><strong>terrae</strong></span> <span class='ocrx_word' id='word_1_661' title='bbox 1080 2308 1206 2350; x_wconf 80' lang='lat' dir='ltr'><strong>qentes</strong></span> <span class='ocrx_word' id='word_1_662' title='bbox 1228 2302 1495 2339; x_wconf 86' lang='lat' dir='ltr'><strong>celeberrimum</strong></span> <span class='ocrx_word' id='word_1_663' title='bbox 1518 2307 1573 2338; x_wconf 90' lang='lat' dir='ltr'><strong>est</strong></span> <span class='ocrx_word' id='word_1_664' title='bbox 1593 2302 1760 2338; x_wconf 80' lang='lat' dir='ltr'><strong>Caesaris</strong></span> <span class='ocrx_word' id='word_1_665' title='bbox 1781 2313 1912 2337; x_wconf 84' lang='lat' dir='ltr'><strong>nomen</strong></span> <span class='ocrx_word' id='word_1_666' title='bbox 1930 2305 1970 2338; x_wconf 79' lang='lat' dir='ltr'><strong>&#39;et</strong></span> <span class='ocrx_word' id='word_1_667' title='bbox 1991 2313 2065 2349; x_wconf 87' lang='lat' dir='ltr'><strong>quo</strong></span> <span class='ocrx_word' id='word_1_668' title='bbox 2088 2312 2158 2337; x_wconf 90' lang='lat' dir='ltr'><strong>nos</strong></span> <span class='ocrx_word' id='word_1_669' title='bbox 2176 2313 2269 2349; x_wconf 81' lang='lat' dir='ltr'><strong>prae</strong></span> <span class='ocrx_word' id='word_1_670' title='bbox 2288 2301 2453 2338; x_wconf 81' lang='lat' dir='ltr'><strong>omnibus</strong></span> 
     </span>
     <span class='ocr_line' id='line_1_56' title="bbox 227 2349 1637 2400; baseline -0.001 -17"><span class='ocrx_word' id='word_1_671' title='bbox 227 2350 354 2385; x_wconf 77' lang='lat' dir='ltr'><strong>ceteris</strong></span> <span class='ocrx_word' id='word_1_672' title='bbox 377 2349 519 2395; x_wconf 81' lang='lat' dir='ltr'><strong>imperii</strong></span> <span class='ocrx_word' id='word_1_673' title='bbox 543 2349 678 2400; x_wconf 67' lang='lat' dir='ltr'><strong>insiqni</strong></span> <span class='ocrx_word' id='word_1_674' title='bbox 702 2360 745 2384; x_wconf 87' lang='lat' dir='ltr'><strong>us</strong></span> <span class='ocrx_word' id='word_1_675' title='bbox 766 2350 981 2395; x_wconf 81' lang='lat' dir='ltr'><strong>qloriamur.</strong></span> <span class='ocrx_word' id='word_1_676' title='bbox 1634 2375 1637 2382; x_wconf 91' lang='lat'><strong>.</strong></span> 
     </span>
    </p>

    <p class='ocr_par' dir='ltr' id='par_1_18' title="bbox 227 2391 2455 2980">
     <span class='ocr_line' id='line_1_57' title="bbox 360 2391 2453 2441; baseline 0 -13"><span class='ocrx_word' id='word_1_677' title='bbox 360 2394 389 2429; x_wconf 91' lang='grc' dir='ltr'><strong>Ι.</strong></span> <span class='ocrx_word' id='word_1_678' title='bbox 438 2393 544 2429; x_wconf 85' lang='lat' dir='ltr'><strong>Hanc</strong></span> <span class='ocrx_word' id='word_1_679' title='bbox 567 2394 680 2440; x_wconf 78' lang='lat' dir='ltr'><strong>iqitur</strong></span> <span class='ocrx_word' id='word_1_680' title='bbox 703 2396 887 2440; x_wconf 78' lang='lat' dir='ltr'><strong>reqionem</strong></span> <span class='ocrx_word' id='word_1_681' title='bbox 911 2395 1145 2441; x_wconf 71' lang='lat' dir='ltr'><strong>maqistratui</strong></span> <span class='ocrx_word' id='word_1_682' title='bbox 1168 2393 1314 2429; x_wconf 85' lang='lat' dir='ltr'><strong>tradere</strong></span> <span class='ocrx_word' id='word_1_683' title='bbox 1333 2404 1451 2440; x_wconf 86' lang='lat' dir='ltr'><strong>parvo</strong></span> <span class='ocrx_word' id='word_1_684' title='bbox 1476 2391 1670 2428; x_wconf 85' lang='lat' dir='ltr'><strong>admodum</strong></span> <span class='ocrx_word' id='word_1_685' title='bbox 1693 2391 1798 2427; x_wconf 84' lang='lat' dir='ltr'><strong>nobis</strong></span> <span class='ocrx_word' id='word_1_686' title='bbox 1819 2403 1862 2428; x_wconf 87' lang='lat' dir='ltr'><strong>eo</strong></span> <span class='ocrx_word' id='word_1_687' title='bbox 1883 2391 1984 2439; x_wconf 87' lang='lat' dir='ltr'><strong>quod</strong></span> <span class='ocrx_word' id='word_1_688' title='bbox 2005 2392 2109 2428; x_wconf 83' lang='lat' dir='ltr'><strong>decet</strong></span> <span class='ocrx_word' id='word_1_689' title='bbox 2127 2392 2316 2439; x_wconf 80' lang='lat' dir='ltr'><strong>indiqnum</strong></span> <span class='ocrx_word' id='word_1_690' title='bbox 2337 2394 2453 2429; x_wconf 66' lang='lat' dir='ltr'><strong>visuum</strong></span> 
     </span>
     <span class='ocr_line' id='line_1_58' title="bbox 227 2436 2453 2486; baseline 0 -12"><span class='ocrx_word' id='word_1_691' title='bbox 227 2444 291 2480; x_wconf 84' lang='lat' dir='ltr'><strong>est,</strong></span> <span class='ocrx_word' id='word_1_692' title='bbox 319 2440 538 2485; x_wconf 84' lang='lat' dir='ltr'><strong>praesertim</strong></span> <span class='ocrx_word' id='word_1_693' title='bbox 570 2449 649 2474; x_wconf 90' lang='lat' dir='ltr'><strong>cum</strong></span> <span class='ocrx_word' id='word_1_694' title='bbox 680 2450 759 2475; x_wconf 87' lang='lat' dir='ltr'><strong>eam</strong></span> <span class='ocrx_word' id='word_1_695' title='bbox 788 2450 929 2486; x_wconf 82' lang='lat' dir='ltr'><strong>semper</strong></span> <span class='ocrx_word' id='word_1_696' title='bbox 951 2439 1138 2475; x_wconf 13' lang='lat' dir='ltr'><strong>,adversus</strong></span> <span class='ocrx_word' id='word_1_697' title='bbox 1171 2439 1424 2485; x_wconf 81' lang='lat' dir='ltr'><strong>maqistratum</strong></span> <span class='ocrx_word' id='word_1_698' title='bbox 1459 2438 1598 2474; x_wconf 81' lang='lat' dir='ltr'><strong>nostris</strong></span> <span class='ocrx_word' id='word_1_699' title='bbox 1625 2437 1790 2473; x_wconf 80' lang='lat' dir='ltr'><strong>domibus</strong></span> <span class='ocrx_word' id='word_1_700' title='bbox 1817 2438 2050 2483; x_wconf 85' lang='lat' dir='ltr'><strong>praefectum</strong></span> <span class='ocrx_word' id='word_1_701' title='bbox 2081 2436 2278 2474; x_wconf 74' lang='lat' dir='ltr'><strong>seditiones</strong></span> <span class='ocrx_word' id='word_1_702' title='bbox 2311 2447 2453 2474; x_wconf 74' lang='lat' dir='ltr'><strong>movere</strong></span> 
     </span>
     <span class='ocr_line' id='line_1_59' title="bbox 227 2481 2453 2530; baseline -0 -11"><span class='ocrx_word' id='word_1_703' title='bbox 227 2484 420 2519; x_wconf 86' lang='lat' dir='ltr'><strong>videamus.</strong></span> <span class='ocrx_word' id='word_1_704' title='bbox 474 2484 528 2518; x_wconf 85' lang='lat' dir='ltr'><strong>Ac</strong></span> <span class='ocrx_word' id='word_1_705' title='bbox 558 2483 673 2519; x_wconf 86' lang='lat' dir='ltr'><strong>divisa</strong></span> <span class='ocrx_word' id='word_1_706' title='bbox 702 2484 844 2530; x_wconf 85' lang='lat' dir='ltr'><strong>quidem</strong></span> <span class='ocrx_word' id='word_1_707' title='bbox 876 2485 1003 2520; x_wconf 82' lang='lat' dir='ltr'><strong>civitas</strong></span> <span class='ocrx_word' id='word_1_708' title='bbox 1031 2489 1087 2520; x_wconf 85' lang='lat' dir='ltr'><strong>est</strong></span> <span class='ocrx_word' id='word_1_709' title='bbox 1115 2484 1262 2530; x_wconf 87' lang='lat' dir='ltr'><strong>eiusque</strong></span> <span class='ocrx_word' id='word_1_710' title='bbox 1285 2484 1403 2519; x_wconf 90' lang='lat' dir='ltr'><strong>altera</strong></span> <span class='ocrx_word' id='word_1_711' title='bbox 1424 2493 1521 2529; x_wconf 87' lang='lat' dir='ltr'><strong>pars</strong></span> <span class='ocrx_word' id='word_1_712' title='bbox 1545 2482 1700 2518; x_wconf 82' lang='lat' dir='ltr'><strong>tamiaca</strong></span> <span class='ocrx_word' id='word_1_713' title='bbox 1723 2485 1795 2524; x_wconf 87' lang='lat' dir='ltr'><strong>est,</strong></span> <span class='ocrx_word' id='word_1_714' title='bbox 1829 2482 1947 2518; x_wconf 82' lang='lat' dir='ltr'><strong>altera</strong></span> <span class='ocrx_word' id='word_1_715' title='bbox 1969 2482 2137 2518; x_wconf 85' lang='lat' dir='ltr'><strong>immunis</strong></span> <span class='ocrx_word' id='word_1_716' title='bbox 2162 2481 2277 2529; x_wconf 86' lang='lat' dir='ltr'><strong>(quod</strong></span> <span class='ocrx_word' id='word_1_717' title='bbox 2297 2481 2453 2519; x_wconf 52' lang='lat' dir='ltr'><strong>elautae*</strong></span> 
     </span>
     <span class='ocr_line' id='line_1_60' title="bbox 228 2526 2455 2579; baseline 0 -17"><span class='ocrx_word' id='word_1_718' title='bbox 228 2529 332 2563; x_wconf 76' lang='lat' dir='ltr'><strong>rieon</strong></span> <span class='ocrx_word' id='word_1_719' title='bbox 356 2527 577 2579; x_wconf 84' lang='lat' dir='ltr'><strong>appellant),</strong></span> <span class='ocrx_word' id='word_1_720' title='bbox 608 2533 644 2564; x_wconf 88' lang='lat' dir='ltr'><strong>et</strong></span> <span class='ocrx_word' id='word_1_721' title='bbox 667 2540 740 2563; x_wconf 84' lang='lat' dir='ltr'><strong>una</strong></span> <span class='ocrx_word' id='word_1_722' title='bbox 764 2529 907 2575; x_wconf 85' lang='lat' dir='ltr'><strong>quidem</strong></span> <span class='ocrx_word' id='word_1_723' title='bbox 931 2530 1060 2566; x_wconf 84' lang='lat' dir='ltr'><strong>civitas</strong></span> <span class='ocrx_word' id='word_1_724' title='bbox 1090 2533 1146 2564; x_wconf 88' lang='lat' dir='ltr'><strong>est</strong></span> <span class='ocrx_word' id='word_1_725' title='bbox 1167 2529 1321 2571; x_wconf 86' lang='lat' dir='ltr'><strong>ambitu,</strong></span> <span class='ocrx_word' id='word_1_726' title='bbox 1352 2528 1494 2575; x_wconf 77' lang='lat' dir='ltr'><strong>duplex</strong></span> <span class='ocrx_word' id='word_1_727' title='bbox 1524 2532 1645 2564; x_wconf 84' lang='lat' dir='ltr'><strong>autem</strong></span> <span class='ocrx_word' id='word_1_728' title='bbox 1675 2526 1940 2563; x_wconf 86' lang='lat' dir='ltr'><strong>voluntatibus:</strong></span> <span class='ocrx_word' id='word_1_729' title='bbox 1976 2526 2074 2563; x_wconf 86' lang='lat' dir='ltr'><strong>unde</strong></span> <span class='ocrx_word' id='word_1_730' title='bbox 2107 2530 2146 2563; x_wconf 84' lang='lat' dir='ltr'><strong>et</strong></span> <span class='ocrx_word' id='word_1_731' title='bbox 2171 2526 2388 2563; x_wconf 73' lang='lat' dir='ltr'><strong>seditionum</strong></span> <span class='ocrx_word' id='word_1_732' title='bbox 2417 2530 2455 2563; x_wconf 83' lang='lat' dir='ltr'><strong>et</strong></span> 
     </span>
     <span class='ocr_line' id='line_1_61' title="bbox 229 2570 2453 2621; baseline 0 -14"><span class='ocrx_word' id='word_1_733' title='bbox 229 2572 463 2608; x_wconf 69' lang='lat' dir='ltr'><strong>dissensionis</strong></span> <span class='ocrx_word' id='word_1_734' title='bbox 485 2574 605 2619; x_wconf 87' lang='lat' dir='ltr'><strong>copia,</strong></span> <span class='ocrx_word' id='word_1_735' title='bbox 630 2577 674 2617; x_wconf 39' lang='lat' dir='ltr'><strong>‚et</strong></span> <span class='ocrx_word' id='word_1_736' title='bbox 695 2573 727 2608; x_wconf 89' lang='lat' dir='ltr'><strong>si</strong></span> <span class='ocrx_word' id='word_1_737' title='bbox 750 2573 840 2619; x_wconf 88' lang='lat' dir='ltr'><strong>quid</strong></span> <span class='ocrx_word' id='word_1_738' title='bbox 869 2574 957 2609; x_wconf 89' lang='lat' dir='ltr'><strong>mali</strong></span> <span class='ocrx_word' id='word_1_739' title='bbox 988 2574 1150 2610; x_wconf 75' lang='lat' dir='ltr'><strong>homines</strong></span> <span class='ocrx_word' id='word_1_740' title='bbox 1180 2574 1331 2621; x_wconf 75' lang='lat' dir='ltr'><strong>affliqit‚</strong></span> <span class='ocrx_word' id='word_1_741' title='bbox 1361 2584 1412 2609; x_wconf 78' lang='lat' dir='ltr'><strong>ex</strong></span> <span class='ocrx_word' id='word_1_742' title='bbox 1434 2573 1522 2616; x_wconf 79' lang='lat' dir='ltr'><strong>hac,</strong></span> <span class='ocrx_word' id='word_1_743' title='bbox 1552 2576 1595 2608; x_wconf 86' lang='lat' dir='ltr'><strong>ut</strong></span> <span class='ocrx_word' id='word_1_744' title='bbox 1609 2576 1797 2620; x_wconf 88' lang='lat' dir='ltr'><strong>putamus,</strong></span> <span class='ocrx_word' id='word_1_745' title='bbox 1829 2582 1942 2608; x_wconf 87' lang='lat' dir='ltr'><strong>causa</strong></span> <span class='ocrx_word' id='word_1_746' title='bbox 1960 2573 2015 2619; x_wconf 82' lang='lat' dir='ltr'><strong>fit.</strong></span> <span class='ocrx_word' id='word_1_747' title='bbox 2074 2570 2155 2615; x_wconf 75' lang='lat' dir='ltr'><strong>Qua</strong></span> <span class='ocrx_word' id='word_1_748' title='bbox 2174 2571 2319 2608; x_wconf 78' lang='lat' dir='ltr'><strong>sublata</strong></span> <span class='ocrx_word' id='word_1_749' title='bbox 2341 2571 2397 2608; x_wconf 83' lang='lat' dir='ltr'><strong>rei</strong></span> <span class='ocrx_word' id='word_1_750' title='bbox 2417 2575 2453 2608; x_wconf 78' lang='lat' dir='ltr'><strong>et</strong></span> 
     </span>
     <span class='ocr_line' id='line_1_62' title="bbox 227 2616 2452 2666; baseline -0 -13"><span class='ocrx_word' id='word_1_751' title='bbox 227 2620 250 2653; x_wconf 89' lang='lat'>1</span> <span class='ocrx_word' id='word_1_752' title='bbox 316 2617 430 2652; x_wconf 87' lang='lat' dir='ltr'><strong>robur</strong></span> <span class='ocrx_word' id='word_1_753' title='bbox 458 2618 564 2652; x_wconf 85' lang='lat' dir='ltr'><strong>simul</strong></span> <span class='ocrx_word' id='word_1_754' title='bbox 592 2622 628 2652; x_wconf 89' lang='lat' dir='ltr'><strong>et</strong></span> <span class='ocrx_word' id='word_1_755' title='bbox 658 2618 889 2653; x_wconf 83' lang='lat' dir='ltr'><strong>concordiam</strong></span> <span class='ocrx_word' id='word_1_756' title='bbox 920 2619 1103 2662; x_wconf 88' lang='lat' dir='ltr'><strong>dabimus,</strong></span> <span class='ocrx_word' id='word_1_757' title='bbox 1141 2630 1215 2666; x_wconf 87' lang='lat' dir='ltr'><strong>qua</strong></span> <span class='ocrx_word' id='word_1_758' title='bbox 1244 2618 1337 2654; x_wconf 83' lang='lat' dir='ltr'><strong>nilzil</strong></span> <span class='ocrx_word' id='word_1_759' title='bbox 1365 2629 1536 2664; x_wconf 90' lang='lat' dir='ltr'><strong>umquam</strong></span> <span class='ocrx_word' id='word_1_760' title='bbox 1572 2618 1669 2653; x_wconf 86' lang='lat' dir='ltr'><strong>inter</strong></span> <span class='ocrx_word' id='word_1_761' title='bbox 1695 2616 1857 2653; x_wconf 77' lang='lat' dir='ltr'><strong>homines</strong></span> <span class='ocrx_word' id='word_1_762' title='bbox 1883 2617 1930 2662; x_wconf 82' lang='lat' dir='ltr'><strong>fit</strong></span> <span class='ocrx_word' id='word_1_763' title='bbox 1949 2616 2154 2664; x_wconf 62' lang='lat' dir='ltr'><strong>pulch-ius.</strong></span> <span class='ocrx_word' id='word_1_764' title='bbox 2249 2617 2368 2664; x_wconf 75' lang='lat' dir='ltr'><strong>Atque</strong></span> <span class='ocrx_word' id='word_1_765' title='bbox 2397 2627 2452 2653; x_wconf 83' lang='lat' dir='ltr'><strong>ce-</strong></span> 
     </span>
     <span class='ocr_line' id='line_1_63' title="bbox 231 2661 2453 2710; baseline 0 -13"><span class='ocrx_word' id='word_1_766' title='bbox 231 2663 318 2697; x_wconf 84' lang='lat' dir='ltr'><strong>teris</strong></span> <span class='ocrx_word' id='word_1_767' title='bbox 340 2662 622 2708; x_wconf 51' lang='lat' dir='ltr'><strong>magistr-mihim</strong></span> <span class='ocrx_word' id='word_1_768' title='bbox 655 2673 747 2708; x_wconf 85' lang='lat' dir='ltr'><strong>quos</strong></span> <span class='ocrx_word' id='word_1_769' title='bbox 770 2674 886 2709; x_wconf 86' lang='lat' dir='ltr'><strong>nuper</strong></span> <span class='ocrx_word' id='word_1_770' title='bbox 916 2664 955 2698; x_wconf 86' lang='lat' dir='ltr'><strong>in</strong></span> <span class='ocrx_word' id='word_1_771' title='bbox 980 2664 1117 2699; x_wconf 87' lang='lat' dir='ltr'><strong>Pisidis</strong></span> <span class='ocrx_word' id='word_1_772' title='bbox 1145 2669 1182 2700; x_wconf 91' lang='lat' dir='ltr'><strong>et</strong></span> <span class='ocrx_word' id='word_1_773' title='bbox 1205 2663 1436 2710; x_wconf 77' lang='lat' dir='ltr'><strong>Lycaonibus</strong></span> <span class='ocrx_word' id='word_1_774' title='bbox 1467 2667 1504 2699; x_wconf 88' lang='lat' dir='ltr'><strong>et</strong></span> <span class='ocrx_word' id='word_1_775' title='bbox 1527 2661 1724 2698; x_wconf 74' lang='lat' dir='ltr'><strong>Thracibus</strong></span> <span class='ocrx_word' id='word_1_776' title='bbox 1754 2662 2014 2704; x_wconf 83' lang='lat' dir='ltr'><strong>constituimus,</strong></span> <span class='ocrx_word' id='word_1_777' title='bbox 2046 2673 2097 2698; x_wconf 80' lang='lat' dir='ltr'><strong>ex</strong></span> <span class='ocrx_word' id='word_1_778' title='bbox 2125 2661 2266 2709; x_wconf 78' lang='lat' dir='ltr'><strong>duplici</strong></span> <span class='ocrx_word' id='word_1_779' title='bbox 2295 2661 2453 2708; x_wconf 85' lang='lat' dir='ltr'><strong>quadam</strong></span> 
     </span>
     <span class='ocr_line' id='line_1_64' title="bbox 230 2706 2454 2759; baseline 0 -18"><span class='ocrx_word' id='word_1_780' title='bbox 230 2707 500 2757; x_wconf 79' lang='lat' dir='ltr'><strong>consociatione</strong></span> <span class='ocrx_word' id='word_1_781' title='bbox 529 2712 565 2741; x_wconf 90' lang='lat' dir='ltr'><strong>et</strong></span> <span class='ocrx_word' id='word_1_782' title='bbox 594 2708 732 2752; x_wconf 84' lang='lat' dir='ltr'><strong>species</strong></span> <span class='ocrx_word' id='word_1_783' title='bbox 764 2714 800 2742; x_wconf 85' lang='lat' dir='ltr'><strong>et</strong></span> <span class='ocrx_word' id='word_1_784' title='bbox 830 2709 993 2744; x_wconf 83' lang='lat' dir='ltr'><strong>cumulus</strong></span> <span class='ocrx_word' id='word_1_785' title='bbox 1021 2709 1202 2745; x_wconf 85' lang='lat' dir='ltr'><strong>constitit:</strong></span> <span class='ocrx_word' id='word_1_786' title='bbox 1237 2709 1332 2744; x_wconf 76' lang='lat' dir='ltr'><strong>hunc</strong></span> <span class='ocrx_word' id='word_1_787' title='bbox 1363 2719 1448 2744; x_wconf 85' lang='lat' dir='ltr'><strong>vero</strong></span> <span class='ocrx_word' id='word_1_788' title='bbox 1482 2707 1740 2754; x_wconf 83' lang='lat' dir='ltr'><strong>Cappadocum</strong></span> <span class='ocrx_word' id='word_1_789' title='bbox 1771 2707 2024 2759; x_wconf 58' lang='lat' dir='ltr'><strong>magistratum</strong></span> <span class='ocrx_word' id='word_1_790' title='bbox 2056 2717 2136 2743; x_wconf 87' lang='lat' dir='ltr'><strong>cum</strong></span> <span class='ocrx_word' id='word_1_791' title='bbox 2166 2706 2298 2743; x_wconf 85' lang='lat' dir='ltr'><strong>maiori</strong></span> <span class='ocrx_word' id='word_1_792' title='bbox 2333 2707 2454 2754; x_wconf 77' lang='lat' dir='ltr'><strong>specie</strong></span> 
     </span>
     <span class='ocr_line' id='line_1_65' title="bbox 230 2745 2455 2832; baseline 0 -45"><span class='ocrx_word' id='word_1_793' title='bbox 230 2762 364 2802; x_wconf 79' lang='lat' dir='ltr'><strong>ornare</strong></span> <span class='ocrx_word' id='word_1_794' title='bbox 394 2751 557 2802; x_wconf 66' lang='lat' dir='ltr'><strong>velimus,</strong></span> <span class='ocrx_word' id='word_1_795' title='bbox 590 2752 765 2802; x_wconf 72' lang='lat' dir='ltr'><strong>triplicem</strong></span> <span class='ocrx_word' id='word_1_796' title='bbox 794 2754 828 2787; x_wconf 87' lang='lat' dir='ltr'><strong>ei</strong></span> <span class='ocrx_word' id='word_1_797' title='bbox 856 2758 1073 2798; x_wconf 90' lang='lat' dir='ltr'><strong>potestatem</strong></span> <span class='ocrx_word' id='word_1_798' title='bbox 1103 2754 1329 2801; x_wconf 82' lang='lat' dir='ltr'><strong>imponimus.</strong></span> <span class='ocrx_word' id='word_1_799' title='bbox 1389 2753 1485 2788; x_wconf 86' lang='lat' dir='ltr'><strong>Nam</strong></span> <span class='ocrx_word' id='word_1_800' title='bbox 1515 2753 1580 2799; x_wconf 89' lang='lat' dir='ltr'><strong>qui</strong></span> <span class='ocrx_word' id='word_1_801' title='bbox 1610 2752 1706 2788; x_wconf 79' lang='lat' dir='ltr'><strong>hunc</strong></span> <span class='ocrx_word' id='word_1_802' title='bbox 1735 2756 1989 2804; x_wconf 76' lang='lat' dir='ltr'><strong>maqtstratum</strong></span> <span class='ocrx_word' id='word_1_803' title='bbox 2017 2745 2119 2798; x_wconf 62' lang='lat' dir='ltr'><strong>qerbt</strong></span> <span class='ocrx_word' id='word_1_804' title='bbox 2148 2762 2229 2788; x_wconf 88' lang='lat' dir='ltr'><strong>cum</strong></span> <span class='ocrx_word' id='word_1_805' title='bbox 2259 2751 2399 2832; x_wconf 68' lang='lat' dir='ltr'><strong>lelqibus</strong></span> <span class='ocrx_word' id='word_1_806' title='bbox 2417 2755 2455 2787; x_wconf 78' lang='lat' dir='ltr'><strong>ct</strong></span> 
     </span>
     <span class='ocr_line' id='line_1_66' title="bbox 230 2796 2454 2847; baseline 0.001 -17"><span class='ocrx_word' id='word_1_807' title='bbox 230 2796 329 2831; x_wconf 85' lang='lat' dir='ltr'><strong>cimli</strong></span> <span class='ocrx_word' id='word_1_808' title='bbox 358 2796 484 2847; x_wconf 62' lang='lat' dir='ltr'><strong>officio</strong></span> <span class='ocrx_word' id='word_1_809' title='bbox 514 2807 610 2831; x_wconf 71' lang='lat' dir='ltr'><strong>omni</strong></span> <span class='ocrx_word' id='word_1_810' title='bbox 639 2797 816 2842; x_wconf 83' lang='lat' dir='ltr'><strong>praeerit,</strong></span> <span class='ocrx_word' id='word_1_811' title='bbox 848 2804 921 2832; x_wconf 81' lang='lat' dir='ltr'><strong>tum</strong></span> <span class='ocrx_word' id='word_1_812' title='bbox 949 2799 1122 2834; x_wconf 83' lang='lat' dir='ltr'><strong>militibus</strong></span> <span class='ocrx_word' id='word_1_813' title='bbox 1153 2804 1189 2835; x_wconf 87' lang='lat' dir='ltr'><strong>et</strong></span> <span class='ocrx_word' id='word_1_814' title='bbox 1218 2800 1282 2845; x_wconf 87' lang='lat' dir='ltr'><strong>qui</strong></span> <span class='ocrx_word' id='word_1_815' title='bbox 1310 2799 1349 2834; x_wconf 83' lang='lat' dir='ltr'><strong>in</strong></span> <span class='ocrx_word' id='word_1_816' title='bbox 1372 2798 1471 2834; x_wconf 87' lang='lat' dir='ltr'><strong>dicta</strong></span> <span class='ocrx_word' id='word_1_817' title='bbox 1501 2798 1652 2844; x_wconf 80' lang='lat' dir='ltr'><strong>reqione</strong></span> <span class='ocrx_word' id='word_1_818' title='bbox 1680 2801 1718 2833; x_wconf 87' lang='lat' dir='ltr'><strong>et</strong></span> <span class='ocrx_word' id='word_1_819' title='bbox 1746 2808 1808 2843; x_wconf 72' lang='lat' dir='ltr'><strong>qui</strong></span> <span class='ocrx_word' id='word_1_820' title='bbox 1838 2797 1878 2831; x_wconf 87' lang='lat' dir='ltr'><strong>in</strong></span> <span class='ocrx_word' id='word_1_821' title='bbox 1901 2797 2029 2833; x_wconf 85' lang='lat' dir='ltr'><strong>ceteris</strong></span> <span class='ocrx_word' id='word_1_822' title='bbox 2050 2796 2255 2844; x_wconf 82' lang='lat' dir='ltr'><strong>provinciis</strong></span> <span class='ocrx_word' id='word_1_823' title='bbox 2312 2796 2454 2832; x_wconf 81' lang='lat' dir='ltr'><strong>onticae</strong></span> 
     </span>
     <span class='ocr_line' id='line_1_67' title="bbox 230 2840 2453 2889; baseline 0 -13"><span class='ocrx_word' id='word_1_824' title='bbox 230 2840 420 2882; x_wconf 72' lang='lat' dir='ltr'><strong>dioecesis,</strong></span> <span class='ocrx_word' id='word_1_825' title='bbox 450 2841 488 2874; x_wconf 87' lang='lat' dir='ltr'><strong>in</strong></span> <span class='ocrx_word' id='word_1_826' title='bbox 512 2840 642 2886; x_wconf 87' lang='lat' dir='ltr'><strong>quibus</strong></span> <span class='ocrx_word' id='word_1_827' title='bbox 671 2842 826 2876; x_wconf 86' lang='lat' dir='ltr'><strong>tamiaca</strong></span> <span class='ocrx_word' id='word_1_828' title='bbox 849 2843 1008 2888; x_wconf 83' lang='lat' dir='ltr'><strong>praedia</strong></span> <span class='ocrx_word' id='word_1_829' title='bbox 1037 2848 1184 2886; x_wconf 79' lang='lat' dir='ltr'><strong>extant,</strong></span> <span class='ocrx_word' id='word_1_830' title='bbox 1217 2844 1388 2879; x_wconf 87' lang='lat' dir='ltr'><strong>collocati</strong></span> <span class='ocrx_word' id='word_1_831' title='bbox 1416 2847 1518 2886; x_wconf 85' lang='lat' dir='ltr'><strong>sunt,</strong></span> <span class='ocrx_word' id='word_1_832' title='bbox 1544 2841 1702 2889; x_wconf 85' lang='lat' dir='ltr'><strong>perinde</strong></span> <span class='ocrx_word' id='word_1_833' title='bbox 1730 2852 1775 2877; x_wconf 88' lang='lat' dir='ltr'><strong>ac</strong></span> <span class='ocrx_word' id='word_1_834' title='bbox 1802 2842 1836 2878; x_wconf 83' lang='lat' dir='ltr'><strong>si</strong></span> <span class='ocrx_word' id='word_1_835' title='bbox 1862 2853 1932 2888; x_wconf 86' lang='lat' dir='ltr'><strong>per</strong></span> <span class='ocrx_word' id='word_1_836' title='bbox 1957 2853 1997 2877; x_wconf 88' lang='lat' dir='ltr'><strong>se</strong></span> <span class='ocrx_word' id='word_1_837' title='bbox 2025 2841 2196 2878; x_wconf 86' lang='lat' dir='ltr'><strong>militaris</strong></span> <span class='ocrx_word' id='word_1_838' title='bbox 2222 2846 2316 2878; x_wconf 85' lang='lat' dir='ltr'><strong>esset</strong></span> <span class='ocrx_word' id='word_1_839' title='bbox 2339 2841 2453 2888; x_wconf 79' lang='lat' dir='ltr'><strong>maqi·</strong></span> 
     </span>
     <span class='ocr_line' id='line_1_68' title="bbox 228 2884 2454 2941; baseline 0 -20"><span class='ocrx_word' id='word_1_840' title='bbox 228 2892 368 2922; x_wconf 90' lang='lat' dir='ltr'><strong>stratus</strong></span> <span class='ocrx_word' id='word_1_841' title='bbox 374 2898 390 2927; x_wconf 91' lang='lat'><em>;</em></span> <span class='ocrx_word' id='word_1_842' title='bbox 421 2884 586 2920; x_wconf 86' lang='lat' dir='ltr'><strong>dabimus</strong></span> <span class='ocrx_word' id='word_1_843' title='bbox 609 2889 728 2920; x_wconf 86' lang='lat' dir='ltr'><strong>autem</strong></span> <span class='ocrx_word' id='word_1_844' title='bbox 757 2886 870 2921; x_wconf 89' lang='lat' dir='ltr'><strong>eidem</strong></span> <span class='ocrx_word' id='word_1_845' title='bbox 894 2888 1001 2922; x_wconf 80' lang='lat' dir='ltr'><strong>etiam</strong></span> <span class='ocrx_word' id='word_1_846' title='bbox 1034 2893 1075 2923; x_wconf 82' lang='lat' dir='ltr'><strong>ut</strong></span> <span class='ocrx_word' id='word_1_847' title='bbox 1105 2889 1269 2925; x_wconf 85' lang='lat' dir='ltr'><strong>tamiacis</strong></span> <span class='ocrx_word' id='word_1_848' title='bbox 1299 2888 1502 2924; x_wconf 74' lang='lat' dir='ltr'><strong>bominibus</strong></span> <span class='ocrx_word' id='word_1_849' title='bbox 1529 2888 1698 2941; x_wconf 83' lang='lat' dir='ltr'><strong>imperet,</strong></span> <span class='ocrx_word' id='word_1_850' title='bbox 1728 2891 1837 2933; x_wconf 85' lang='lat' dir='ltr'><strong>atque</strong></span> <span class='ocrx_word' id='word_1_851' title='bbox 1867 2897 1990 2923; x_wconf 84' lang='lat' dir='ltr'><strong>omnes</strong></span> <span class='ocrx_word' id='word_1_852' title='bbox 2023 2887 2238 2933; x_wconf 82' lang='lat' dir='ltr'><strong>quicumque</strong></span> <span class='ocrx_word' id='word_1_853' title='bbox 2269 2886 2454 2922; x_wconf 82' lang='lat' dir='ltr'><strong>comitiani</strong></span> 
     </span>
     <span class='ocr_line' id='line_1_69' title="bbox 229 2930 2453 2980; baseline 0 -14"><span class='ocrx_word' id='word_1_854' title='bbox 229 2930 329 2978; x_wconf 88' lang='lat' dir='ltr'><strong>quod</strong></span> <span class='ocrx_word' id='word_1_855' title='bbox 343 2930 454 2977; x_wconf 84' lang='lat' dir='ltr'><strong>prius</strong></span> <span class='ocrx_word' id='word_1_856' title='bbox 481 2930 557 2974; x_wconf 85' lang='lat' dir='ltr'><strong>fuit</strong></span> <span class='ocrx_word' id='word_1_857' title='bbox 587 2930 704 2975; x_wconf 84' lang='lat' dir='ltr'><strong>officii</strong></span> <span class='ocrx_word' id='word_1_858' title='bbox 735 2935 820 2965; x_wconf 88' lang='lat' dir='ltr'><strong>sunt</strong></span> <span class='ocrx_word' id='word_1_859' title='bbox 851 2933 1076 2974; x_wconf 83' lang='lat' dir='ltr'><strong>(summarios</strong></span> <span class='ocrx_word' id='word_1_860' title='bbox 1107 2933 1259 2969; x_wconf 88' lang='lat' dir='ltr'><strong>dicimus</strong></span> <span class='ocrx_word' id='word_1_861' title='bbox 1286 2938 1323 2969; x_wconf 88' lang='lat' dir='ltr'><strong>et</strong></span> <span class='ocrx_word' id='word_1_862' title='bbox 1349 2934 1383 2969; x_wconf 88' lang='lat' dir='ltr'><strong>si</strong></span> <span class='ocrx_word' id='word_1_863' title='bbox 1413 2932 1504 2980; x_wconf 85' lang='lat' dir='ltr'><strong>quid</strong></span> <span class='ocrx_word' id='word_1_864' title='bbox 1532 2931 1636 2968; x_wconf 81' lang='lat' dir='ltr'><strong>aliud</strong></span> <span class='ocrx_word' id='word_1_865' title='bbox 1666 2931 1842 2967; x_wconf 88' lang='lat' dir='ltr'><strong>eiusmodi</strong></span> <span class='ocrx_word' id='word_1_866' title='bbox 1885 2936 1953 2976; x_wconf 87' lang='lat' dir='ltr'><strong>est)</strong></span> <span class='ocrx_word' id='word_1_867' title='bbox 1979 2931 2170 2968; x_wconf 69' lang='lat' dir='ltr'><strong>oboedierit</strong></span> <span class='ocrx_word' id='word_1_868' title='bbox 2190 2930 2255 2967; x_wconf 83' lang='lat' dir='ltr'><strong>illi.</strong></span> <span class='ocrx_word' id='word_1_869' title='bbox 2313 2931 2367 2967; x_wconf 81' lang='lat' dir='ltr'><strong>Ac</strong></span> <span class='ocrx_word' id='word_1_870' title='bbox 2390 2931 2453 2966; x_wconf 86' lang='lat' dir='ltr'><strong>tri-</strong></span> 
     </span>
    </p>
   </div>
   <div class='ocr_carea' id='block_1_17' title="bbox 229 3015 1309 3605">
    <p class='ocr_par' dir='ltr' id='par_1_19' title="bbox 229 3015 1309 3605">
     <span class='ocr_line' id='line_1_70' title="bbox 275 3015 1308 3071; baseline 0.007 -22"><span class='ocrx_word' id='word_1_871' title='bbox 275 3023 295 3055; x_wconf 76' lang='lat'>2</span> <span class='ocrx_word' id='word_1_872' title='bbox 319 3018 470 3066; x_wconf 66' lang='grc' dir='ltr'><strong><em>μεγάλης</em></strong></span> <span class='ocrx_word' id='word_1_873' title='bbox 493 3021 556 3060; x_wconf 70' lang='lat' dir='ltr'><strong>Lg]</strong></span> <span class='ocrx_word' id='word_1_874' title='bbox 579 3015 740 3063; x_wconf 75' lang='grc' dir='ltr'><strong><em>μεγάλως</em></strong></span> <span class='ocrx_word' id='word_1_875' title='bbox 765 3021 806 3052; x_wconf 90' lang='grc' dir='ltr'><em>Μ</em></span> <span class='ocrx_word' id='word_1_876' title='bbox 828 3021 840 3063; x_wconf 89' lang='grc'><strong>11</strong></span> <span class='ocrx_word' id='word_1_877' title='bbox 866 3019 1038 3071; x_wconf 69' lang='grc' dir='ltr'><strong><em>ἤρθησαν</em></strong></span> <span class='ocrx_word' id='word_1_878' title='bbox 1061 3023 1102 3062; x_wconf 93' lang='lat' dir='ltr'><strong>L]</strong></span> <span class='ocrx_word' id='word_1_879' title='bbox 1137 3021 1308 3067; x_wconf 81' lang='grc' dir='ltr'><strong><em>ἤνθησαν</em></strong></span> 
     </span>
     <span class='ocr_line' id='line_1_71' title="bbox 231 3060 1307 3109; baseline 0.005 -12"><span class='ocrx_word' id='word_1_880' title='bbox 231 3067 292 3103; x_wconf 58' lang='lat' dir='ltr'><strong>Mc</strong></span> <span class='ocrx_word' id='word_1_881' title='bbox 315 3066 327 3109; x_wconf 91' lang='grc'><strong>11</strong></span> <span class='ocrx_word' id='word_1_882' title='bbox 354 3068 374 3100; x_wconf 83' lang='lat'><strong>3</strong></span> <span class='ocrx_word' id='word_1_883' title='bbox 399 3060 506 3107; x_wconf 77' lang='grc' dir='ltr'><strong><em>αὐτῆς</em></strong></span> <span class='ocrx_word' id='word_1_884' title='bbox 525 3065 557 3097; x_wconf 89' lang='lat' dir='ltr'><em>L</em></span> <span class='ocrx_word' id='word_1_885' title='bbox 581 3063 593 3106; x_wconf 92' lang='grc'><strong>11</strong></span> <span class='ocrx_word' id='word_1_886' title='bbox 619 3062 827 3107; x_wconf 79' lang='grc' dir='ltr'><strong><em>θαυμαστοὶ</em></strong></span> <span class='ocrx_word' id='word_1_887' title='bbox 851 3066 897 3098; x_wconf 89' lang='grc' dir='ltr'><strong>Μ</strong></span> <span class='ocrx_word' id='word_1_888' title='bbox 914 3065 927 3108; x_wconf 86' lang='grc'><strong>11</strong></span> <span class='ocrx_word' id='word_1_889' title='bbox 951 3069 972 3099; x_wconf 84' lang='grc'>4</span> <span class='ocrx_word' id='word_1_890' title='bbox 995 3062 1110 3099; x_wconf 71' lang='grc' dir='ltr'><strong><em>οὕτως</em></strong></span> <span class='ocrx_word' id='word_1_891' title='bbox 1134 3069 1198 3108; x_wconf 61' lang='grc' dir='ltr'><strong>ᾗς]</strong></span> <span class='ocrx_word' id='word_1_892' title='bbox 1225 3068 1307 3102; x_wconf 82' lang='grc' dir='ltr'><strong><em>οὔτε</em></strong></span> 
     </span>
     <span class='ocr_line' id='line_1_72' title="bbox 230 3109 1308 3155; baseline 0.004 -13"><span class='ocrx_word' id='word_1_893' title='bbox 230 3112 278 3145; x_wconf 84' lang='grc' dir='ltr'><em>Μ</em></span> <span class='ocrx_word' id='word_1_894' title='bbox 289 3111 302 3154; x_wconf 66' lang='lat' dir='ltr'>fl</span> <span class='ocrx_word' id='word_1_895' title='bbox 322 3113 342 3144; x_wconf 81' lang='grc'><strong>5</strong></span> <span class='ocrx_word' id='word_1_896' title='bbox 367 3109 508 3143; x_wconf 79' lang='grc' dir='ltr'><strong><em>ἐκεῖθεν</em></strong></span> <span class='ocrx_word' id='word_1_897' title='bbox 530 3110 582 3145; x_wconf 65' lang='lat' dir='ltr'><strong>Le</strong></span> <span class='ocrx_word' id='word_1_898' title='bbox 608 3110 619 3149; x_wconf 90' lang='grc' dir='ltr'><strong>ΙΙ</strong></span> <span class='ocrx_word' id='word_1_899' title='bbox 641 3109 816 3151; x_wconf 79' lang='grc' dir='ltr'><strong><em>Ποντικῆς</em></strong></span> <span class='ocrx_word' id='word_1_900' title='bbox 839 3112 958 3153; x_wconf 84' lang='lat' dir='ltr'><strong>scripsi</strong></span> <span class='ocrx_word' id='word_1_901' title='bbox 980 3124 1047 3143; x_wconf 88' lang='lat' dir='ltr'><strong>cum</strong></span> <span class='ocrx_word' id='word_1_902' title='bbox 1072 3114 1102 3151; x_wconf 84' lang='grc' dir='ltr'><strong>ς]</strong></span> <span class='ocrx_word' id='word_1_903' title='bbox 1126 3111 1308 3155; x_wconf 81' lang='grc' dir='ltr'><strong><em>πολιτικῆς</em></strong></span> 
     </span>
     <span class='ocr_line' id='line_1_73' title="bbox 231 3151 1307 3205; baseline 0 -15"><span class='ocrx_word' id='word_1_904' title='bbox 231 3156 305 3190; x_wconf 81' lang='lat' dir='ltr'><strong>ML</strong></span> <span class='ocrx_word' id='word_1_905' title='bbox 322 3155 335 3198; x_wconf 90' lang='grc'><strong>11</strong></span> <span class='ocrx_word' id='word_1_906' title='bbox 351 3159 369 3189; x_wconf 93' lang='grc'><strong>7</strong></span> <span class='ocrx_word' id='word_1_907' title='bbox 392 3152 500 3189; x_wconf 85' lang='grc' dir='ltr'><strong><em>πόλιν</em></strong></span> <span class='ocrx_word' id='word_1_908' title='bbox 512 3155 556 3195; x_wconf 92' lang='lat' dir='ltr'><strong>L]</strong></span> <span class='ocrx_word' id='word_1_909' title='bbox 579 3151 686 3187; x_wconf 85' lang='grc' dir='ltr'><strong><em>πόλιν</em></strong></span> <span class='ocrx_word' id='word_1_910' title='bbox 705 3165 746 3186; x_wconf 78' lang='grc' dir='ltr'><strong>τε</strong></span> <span class='ocrx_word' id='word_1_911' title='bbox 763 3155 813 3195; x_wconf 90' lang='lat' dir='ltr'><strong>M,</strong></span> <span class='ocrx_word' id='word_1_912' title='bbox 827 3155 894 3205; x_wconf 53' lang='grc' dir='ltr'><strong>εζερ.</strong></span> <span class='ocrx_word' id='word_1_913' title='bbox 910 3152 1018 3188; x_wconf 87' lang='grc' dir='ltr'><strong><em>πόλιν</em></strong></span> <span class='ocrx_word' id='word_1_914' title='bbox 1034 3156 1098 3201; x_wconf 76' lang='lat' dir='ltr'><strong>ys?</strong></span> <span class='ocrx_word' id='word_1_915' title='bbox 1117 3157 1129 3197; x_wconf 93' lang='grc'><strong>11</strong></span> <span class='ocrx_word' id='word_1_916' title='bbox 1145 3160 1165 3190; x_wconf 83' lang='grc'><strong>9</strong></span> <span class='ocrx_word' id='word_1_917' title='bbox 1187 3154 1236 3190; x_wconf 82' lang='grc' dir='ltr'><strong>δι’</strong></span> <span class='ocrx_word' id='word_1_918' title='bbox 1251 3155 1307 3198; x_wconf 77' lang='grc' dir='ltr'><strong>ὃν]</strong></span> 
     </span>
     <span class='ocr_line' id='line_1_74' title="bbox 230 3197 1301 3244; baseline 0.001 -10"><span class='ocrx_word' id='word_1_919' title='bbox 230 3199 288 3235; x_wconf 84' lang='grc' dir='ltr'><strong>διὸ</strong></span> <span class='ocrx_word' id='word_1_920' title='bbox 309 3200 358 3234; x_wconf 80' lang='lat' dir='ltr'><strong>L²</strong></span> <span class='ocrx_word' id='word_1_921' title='bbox 378 3201 390 3243; x_wconf 83' lang='grc'><strong>11</strong></span> <span class='ocrx_word' id='word_1_922' title='bbox 418 3202 455 3234; x_wconf 86' lang='grc'><strong>11</strong></span> <span class='ocrx_word' id='word_1_923' title='bbox 482 3201 542 3232; x_wconf 78' lang='grc' dir='ltr'><strong>καὶ</strong></span> <span class='ocrx_word' id='word_1_924' title='bbox 566 3198 758 3231; x_wconf 76' lang='lat' dir='ltr'><strong>delendum?</strong></span> <span class='ocrx_word' id='word_1_925' title='bbox 776 3197 788 3242; x_wconf 92' lang='grc'><strong>11</strong></span> <span class='ocrx_word' id='word_1_926' title='bbox 814 3200 982 3244; x_wconf 66' lang='grc' dir='ltr'><strong><em>ωσπερΕ</em></strong></span> <span class='ocrx_word' id='word_1_927' title='bbox 1006 3199 1018 3242; x_wconf 92' lang='grc'><strong>11</strong></span> <span class='ocrx_word' id='word_1_928' title='bbox 1046 3203 1084 3234; x_wconf 88' lang='grc'><strong>13</strong></span> <span class='ocrx_word' id='word_1_929' title='bbox 1110 3199 1155 3243; x_wconf 84' lang='grc' dir='ltr'><strong>δὴ</strong></span> <span class='ocrx_word' id='word_1_930' title='bbox 1178 3215 1235 3235; x_wconf 89' lang='lat' dir='ltr'><strong>om.</strong></span> <span class='ocrx_word' id='word_1_931' title='bbox 1250 3215 1269 3238; x_wconf 80' lang='grc' dir='ltr'><strong><em>ς</em></strong></span> <span class='ocrx_word' id='word_1_932' title='bbox 1297 3204 1301 3244; x_wconf 93' lang='grc' dir='ltr'>Ι</span> 
     </span>
     <span class='ocr_line' id='line_1_75' title="bbox 229 3206 1309 3290; baseline -0.001 -11"><span class='ocrx_word' id='word_1_933' title='bbox 229 3245 338 3290; x_wconf 82' lang='grc' dir='ltr'><strong><em>μικρὰ</em></strong></span> <span class='ocrx_word' id='word_1_934' title='bbox 355 3246 386 3279; x_wconf 92' lang='lat' dir='ltr'><em>L</em></span> <span class='ocrx_word' id='word_1_935' title='bbox 399 3247 455 3288; x_wconf 71' lang='lat' dir='ltr'><strong>(qs.</strong></span> <span class='ocrx_word' id='word_1_936' title='bbox 469 3248 502 3285; x_wconf 76' lang='grc' dir='ltr'><strong>ς)</strong></span> <span class='ocrx_word' id='word_1_937' title='bbox 518 3247 529 3286; x_wconf 91' lang='grc'><strong>11</strong></span> <span class='ocrx_word' id='word_1_938' title='bbox 553 3246 591 3277; x_wconf 88' lang='grc'><strong>15</strong></span> <span class='ocrx_word' id='word_1_939' title='bbox 614 3239 670 3276; x_wconf 80' lang='grc' dir='ltr'><strong>ἀεὶ</strong></span> <span class='ocrx_word' id='word_1_940' title='bbox 691 3238 804 3284; x_wconf 73' lang='grc' dir='ltr'><strong><em>αὐτὴν</em></strong></span> <span class='ocrx_word' id='word_1_941' title='bbox 824 3244 854 3276; x_wconf 93' lang='lat' dir='ltr'><em>L</em></span> <span class='ocrx_word' id='word_1_942' title='bbox 873 3243 885 3286; x_wconf 87' lang='grc'><strong>11</strong></span> <span class='ocrx_word' id='word_1_943' title='bbox 907 3242 1006 3289; x_wconf 82' lang='grc' dir='ltr'><strong><em>πρὸς]</em></strong></span> <span class='ocrx_word' id='word_1_944' title='bbox 1028 3247 1061 3276; x_wconf 83' lang='lat' dir='ltr'><strong>et</strong></span> <span class='ocrx_word' id='word_1_945' title='bbox 1076 3246 1231 3279; x_wconf 78' lang='lat' dir='ltr'><strong>adversus</strong></span> <span class='ocrx_word' id='word_1_946' title='bbox 1255 3259 1274 3282; x_wconf 84' lang='grc' dir='ltr'><strong><em>ς</em></strong></span> <span class='ocrx_word' id='word_1_947' title='bbox 1297 3206 1309 3285; x_wconf 83' lang='grc'><strong>11</strong></span> 
     </span>
     <span class='ocr_line' id='line_1_76' title="bbox 234 3284 1309 3335; baseline -0.002 -10"><span class='ocrx_word' id='word_1_948' title='bbox 234 3294 273 3325; x_wconf 98' lang='grc'><strong>17</strong></span> <span class='ocrx_word' id='word_1_949' title='bbox 297 3303 335 3324; x_wconf 87' lang='grc' dir='ltr'><strong>τι</strong></span> <span class='ocrx_word' id='word_1_950' title='bbox 359 3291 443 3324; x_wconf 82' lang='lat' dir='ltr'><strong>delet</strong></span> <span class='ocrx_word' id='word_1_951' title='bbox 467 3289 654 3332; x_wconf 80' lang='lat' dir='ltr'><strong>Hombequ</strong></span> <span class='ocrx_word' id='word_1_952' title='bbox 672 3287 684 3331; x_wconf 94' lang='grc'><strong>11</strong></span> <span class='ocrx_word' id='word_1_953' title='bbox 704 3289 743 3322; x_wconf 88' lang='grc'><strong>18</strong></span> <span class='ocrx_word' id='word_1_954' title='bbox 764 3284 882 3321; x_wconf 75' lang='grc' dir='ltr'><strong><em>αὐτοῖς</em></strong></span> <span class='ocrx_word' id='word_1_955' title='bbox 904 3289 934 3321; x_wconf 88' lang='lat' dir='ltr'><em>L</em></span> <span class='ocrx_word' id='word_1_956' title='bbox 949 3291 961 3331; x_wconf 91' lang='grc'><strong>11</strong></span> <span class='ocrx_word' id='word_1_957' title='bbox 981 3290 1023 3322; x_wconf 83' lang='lat'><strong>20</strong></span> <span class='ocrx_word' id='word_1_958' title='bbox 1047 3292 1107 3321; x_wconf 81' lang='grc' dir='ltr'><strong>καὶ</strong></span> <span class='ocrx_word' id='word_1_959' title='bbox 1131 3287 1309 3335; x_wconf 80' lang='grc' dir='ltr'><strong><em>διχρονίας</em></strong></span> 
     </span>
     <span class='ocr_line' id='line_1_77' title="bbox 231 3330 1309 3380; baseline -0.002 -10"><span class='ocrx_word' id='word_1_960' title='bbox 231 3338 290 3378; x_wconf 86' lang='lat' dir='ltr'><strong>L¹,</strong></span> <span class='ocrx_word' id='word_1_961' title='bbox 314 3337 374 3369; x_wconf 84' lang='grc' dir='ltr'><strong>καὶ</strong></span> <span class='ocrx_word' id='word_1_962' title='bbox 398 3331 576 3376; x_wconf 75' lang='grc' dir='ltr'><strong><em>διχονοίας</em></strong></span> <span class='ocrx_word' id='word_1_963' title='bbox 599 3347 656 3367; x_wconf 87' lang='lat' dir='ltr'><strong>om.</strong></span> <span class='ocrx_word' id='word_1_964' title='bbox 683 3345 702 3369; x_wconf 70' lang='lat' dir='ltr'>c</span> <span class='ocrx_word' id='word_1_965' title='bbox 729 3334 741 3376; x_wconf 90' lang='grc'><strong>11</strong></span> <span class='ocrx_word' id='word_1_966' title='bbox 773 3334 813 3367; x_wconf 83' lang='lat'><strong>21</strong></span> <span class='ocrx_word' id='word_1_967' title='bbox 841 3332 876 3365; x_wconf 85' lang='grc' dir='ltr'><strong>εἴ</strong></span> <span class='ocrx_word' id='word_1_968' title='bbox 894 3345 931 3365; x_wconf 84' lang='grc' dir='ltr'><strong>τι</strong></span> <span class='ocrx_word' id='word_1_969' title='bbox 953 3330 1065 3366; x_wconf 81' lang='grc' dir='ltr'><strong><em>κακὸν</em></strong></span> <span class='ocrx_word' id='word_1_970' title='bbox 1087 3331 1309 3380; x_wconf 74' lang='grc' dir='ltr'><strong><em>ἀνθρώπους</em></strong></span> 
     </span>
     <span class='ocr_line' id='line_1_78' title="bbox 231 3377 1307 3423; baseline -0.002 -9"><span class='ocrx_word' id='word_1_971' title='bbox 231 3381 377 3423; x_wconf 81' lang='grc' dir='ltr'><strong><em>ἐνοχθεῖ</em></strong></span> <span class='ocrx_word' id='word_1_972' title='bbox 399 3381 430 3413; x_wconf 90' lang='lat' dir='ltr'><strong><em>L</em></strong></span> <span class='ocrx_word' id='word_1_973' title='bbox 465 3380 507 3412; x_wconf 88' lang='lat' dir='ltr'><strong>ad</strong></span> <span class='ocrx_word' id='word_1_974' title='bbox 530 3379 653 3411; x_wconf 88' lang='lat' dir='ltr'><strong>malum</strong></span> <span class='ocrx_word' id='word_1_975' title='bbox 678 3378 830 3410; x_wconf 74' lang='lat' dir='ltr'><strong>homines</strong></span> <span class='ocrx_word' id='word_1_976' title='bbox 853 3377 1027 3410; x_wconf 82' lang='lat' dir='ltr'><strong>sollicitari</strong></span> <span class='ocrx_word' id='word_1_977' title='bbox 1053 3391 1071 3414; x_wconf 80' lang='grc' dir='ltr'><strong><em>ς</em></strong></span> <span class='ocrx_word' id='word_1_978' title='bbox 1100 3378 1112 3422; x_wconf 86' lang='grc'><strong>11</strong></span> <span class='ocrx_word' id='word_1_979' title='bbox 1140 3382 1180 3411; x_wconf 80' lang='lat'><strong>25</strong></span> <span class='ocrx_word' id='word_1_980' title='bbox 1211 3391 1307 3412; x_wconf 85' lang='grc' dir='ltr'><strong><em>πισι-</em></strong></span> 
     </span>
     <span class='ocr_line' id='line_1_79' title="bbox 232 3419 1302 3469; baseline -0.003 -10"><span class='ocrx_word' id='word_1_981' title='bbox 232 3425 324 3459; x_wconf 84' lang='grc' dir='ltr'><strong><em>δίαις</em></strong></span> <span class='ocrx_word' id='word_1_982' title='bbox 340 3427 431 3462; x_wconf 60' lang='lat' dir='ltr'><strong>MLg</strong></span> <span class='ocrx_word' id='word_1_983' title='bbox 446 3425 458 3469; x_wconf 91' lang='grc'><strong>11</strong></span> <span class='ocrx_word' id='word_1_984' title='bbox 478 3427 520 3459; x_wconf 80' lang='lat'><strong>26</strong></span> <span class='ocrx_word' id='word_1_985' title='bbox 540 3419 821 3466; x_wconf 79' lang='grc' dir='ltr'><strong><em>κατεστήσαμεν]</em></strong></span> <span class='ocrx_word' id='word_1_986' title='bbox 839 3426 881 3466; x_wconf 85' lang='lat' dir='ltr'><strong>cf.</strong></span> <span class='ocrx_word' id='word_1_987' title='bbox 895 3436 965 3455; x_wconf 83' lang='lat' dir='ltr'><strong>nov.</strong></span> <span class='ocrx_word' id='word_1_988' title='bbox 976 3425 1070 3455; x_wconf 90' lang='lat' dir='ltr'><strong>XXI</strong></span> <span class='ocrx_word' id='word_1_989' title='bbox 1079 3424 1143 3456; x_wconf 85' lang='lat' dir='ltr'><strong>V—</strong></span> <span class='ocrx_word' id='word_1_990' title='bbox 1151 3426 1226 3456; x_wconf 88' lang='lat' dir='ltr'><strong>XX</strong></span> <span class='ocrx_word' id='word_1_991' title='bbox 1234 3425 1284 3456; x_wconf 90' lang='lat' dir='ltr'><strong>VI</strong></span> <span class='ocrx_word' id='word_1_992' title='bbox 1297 3422 1302 3468; x_wconf 92' lang='grc'><strong>1</strong></span> 
     </span>
     <span class='ocr_line' id='line_1_80' title="bbox 232 3465 1303 3512; baseline -0.004 -7"><span class='ocrx_word' id='word_1_993' title='bbox 232 3474 273 3506; x_wconf 78' lang='grc'><strong>28</strong></span> <span class='ocrx_word' id='word_1_994' title='bbox 300 3468 344 3512; x_wconf 87' lang='grc' dir='ltr'><strong>δὴ</strong></span> <span class='ocrx_word' id='word_1_995' title='bbox 367 3469 434 3512; x_wconf 85' lang='grc' dir='ltr'><strong>τὴν</strong></span> <span class='ocrx_word' id='word_1_996' title='bbox 459 3465 723 3503; x_wconf 81' lang='grc' dir='ltr'><strong><em>Καππαδοκῶν</em></strong></span> <span class='ocrx_word' id='word_1_997' title='bbox 747 3480 805 3501; x_wconf 83' lang='grc' dir='ltr'><strong><em>οηι.</em></strong></span> <span class='ocrx_word' id='word_1_998' title='bbox 825 3468 879 3504; x_wconf 68' lang='lat' dir='ltr'><strong>Le</strong></span> <span class='ocrx_word' id='word_1_999' title='bbox 901 3467 914 3511; x_wconf 88' lang='grc'><strong>11</strong></span> <span class='ocrx_word' id='word_1_1000' title='bbox 935 3465 1013 3509; x_wconf 81' lang='grc' dir='ltr'><strong><em>τὴν]</em></strong></span> <span class='ocrx_word' id='word_1_1001' title='bbox 1036 3466 1103 3510; x_wconf 81' lang='grc' dir='ltr'><strong>τὴν</strong></span> <span class='ocrx_word' id='word_1_1002' title='bbox 1126 3469 1205 3501; x_wconf 83' lang='grc' dir='ltr'><strong>τῶν</strong></span> <span class='ocrx_word' id='word_1_1003' title='bbox 1229 3470 1264 3501; x_wconf 89' lang='grc' dir='ltr'><em>Β</em></span> <span class='ocrx_word' id='word_1_1004' title='bbox 1297 3469 1303 3511; x_wconf 90' lang='grc'><strong>1</strong></span> 
     </span>
     <span class='ocr_line' id='line_1_81' title="bbox 233 3509 1309 3558; baseline -0.004 -8"><span class='ocrx_word' id='word_1_1005' title='bbox 233 3519 271 3550; x_wconf 83' lang='grc'><strong>31</strong></span> <span class='ocrx_word' id='word_1_1006' title='bbox 299 3516 363 3549; x_wconf 81' lang='grc' dir='ltr'><strong>τοῦ</strong></span> <span class='ocrx_word' id='word_1_1007' title='bbox 387 3513 510 3558; x_wconf 87' lang='grc' dir='ltr'><strong><em>νόμου]</em></strong></span> <span class='ocrx_word' id='word_1_1008' title='bbox 539 3514 638 3547; x_wconf 88' lang='lat' dir='ltr'><strong>simul</strong></span> <span class='ocrx_word' id='word_1_1009' title='bbox 663 3515 699 3556; x_wconf 84' lang='lat' dir='ltr'><strong>(i.</strong></span> <span class='ocrx_word' id='word_1_1010' title='bbox 725 3526 751 3546; x_wconf 84' lang='lat' dir='ltr'><strong>e.</strong></span> <span class='ocrx_word' id='word_1_1011' title='bbox 777 3509 903 3556; x_wconf 65' lang='grc' dir='ltr'><strong>ὃμοῦἳ)</strong></span> <span class='ocrx_word' id='word_1_1012' title='bbox 928 3524 948 3549; x_wconf 76' lang='grc' dir='ltr'><strong><em>ς</em></strong></span> <span class='ocrx_word' id='word_1_1013' title='bbox 976 3514 988 3555; x_wconf 87' lang='grc'><strong>11</strong></span> <span class='ocrx_word' id='word_1_1014' title='bbox 1015 3515 1058 3546; x_wconf 83' lang='grc'><strong>34</strong></span> <span class='ocrx_word' id='word_1_1015' title='bbox 1086 3516 1216 3556; x_wconf 79' lang='grc' dir='ltr'><strong><em>ταμεία</em></strong></span> <span class='ocrx_word' id='word_1_1016' title='bbox 1249 3516 1309 3546; x_wconf 80' lang='grc' dir='ltr'><strong>καὶ</strong></span> 
     </span>
     <span class='ocr_line' id='line_1_82' title="bbox 233 3558 1041 3605; baseline -0.004 -11"><span class='ocrx_word' id='word_1_1017' title='bbox 233 3564 347 3603; x_wconf 85' lang='grc' dir='ltr'><strong><em>χωρία</em></strong></span> <span class='ocrx_word' id='word_1_1018' title='bbox 367 3562 398 3594; x_wconf 91' lang='lat' dir='ltr'><em>L</em></span> <span class='ocrx_word' id='word_1_1019' title='bbox 417 3561 429 3605; x_wconf 89' lang='grc'><strong>11</strong></span> <span class='ocrx_word' id='word_1_1020' title='bbox 453 3563 495 3594; x_wconf 89' lang='grc'><strong>38</strong></span> <span class='ocrx_word' id='word_1_1021' title='bbox 519 3558 734 3603; x_wconf 76' lang='grc' dir='ltr'><strong><em>κομητιανῆς</em></strong></span> <span class='ocrx_word' id='word_1_1022' title='bbox 750 3559 819 3591; x_wconf 88' lang='lat' dir='ltr'><strong>LB</strong></span> <span class='ocrx_word' id='word_1_1023' title='bbox 842 3559 899 3600; x_wconf 83' lang='lat' dir='ltr'><strong>(id.</strong></span> <span class='ocrx_word' id='word_1_1024' title='bbox 921 3559 997 3598; x_wconf 81' lang='grc'><strong>225,</strong></span> <span class='ocrx_word' id='word_1_1025' title='bbox 1011 3559 1041 3598; x_wconf 80' lang='grc'><strong>4)</strong></span> 
     </span>
    </p>
   </div>
   <div class='ocr_carea' id='block_1_18' title="bbox 1304 3422 1310 3512">
    <p class='ocr_par' dir='ltr' id='par_1_20' title="bbox 1304 3422 1310 3512">
     <span class='ocr_line' id='line_1_83' title="bbox 1304 3422 1310 3512; baseline 0 0"><span class='ocrx_word' id='word_1_1026' title='bbox 1304 3422 1310 3512; x_wconf 95' lang='lat' dir='ltr'><strong> </strong></span> 
     </span>
    </p>
   </div>
   <div class='ocr_carea' id='block_1_19' title="bbox 279 3646 1308 3694">
    <p class='ocr_par' dir='ltr' id='par_1_21' title="bbox 279 3646 1308 3694">
     <span class='ocr_line' id='line_1_84' title="bbox 279 3646 1308 3694; baseline -0.004 -11"><span class='ocrx_word' id='word_1_1027' title='bbox 279 3652 300 3684; x_wconf 86' lang='grc'>2</span> <span class='ocrx_word' id='word_1_1028' title='bbox 321 3651 377 3691; x_wconf 86' lang='lat' dir='ltr'><strong>eis]</strong></span> <span class='ocrx_word' id='word_1_1029' title='bbox 400 3651 446 3683; x_wconf 85' lang='lat' dir='ltr'><strong>eis</strong></span> <span class='ocrx_word' id='word_1_1030' title='bbox 462 3653 511 3683; x_wconf 83' lang='lat' dir='ltr'><strong>est</strong></span> <span class='ocrx_word' id='word_1_1031' title='bbox 526 3651 611 3694; x_wconf 76' lang='lat' dir='ltr'><strong>vulq.</strong></span> <span class='ocrx_word' id='word_1_1032' title='bbox 630 3649 643 3693; x_wconf 93' lang='grc'><strong>11</strong></span> <span class='ocrx_word' id='word_1_1033' title='bbox 659 3651 679 3683; x_wconf 90' lang='grc'><strong>3</strong></span> <span class='ocrx_word' id='word_1_1034' title='bbox 701 3651 740 3681; x_wconf 81' lang='grc' dir='ltr'><strong>ιιι</strong></span> <span class='ocrx_word' id='word_1_1035' title='bbox 755 3650 799 3689; x_wconf 83' lang='lat' dir='ltr'><strong>ct]</strong></span> <span class='ocrx_word' id='word_1_1036' title='bbox 821 3652 854 3682; x_wconf 89' lang='lat' dir='ltr'><strong>et</strong></span> <span class='ocrx_word' id='word_1_1037' title='bbox 871 3661 928 3682; x_wconf 87' lang='lat' dir='ltr'><strong>om.</strong></span> <span class='ocrx_word' id='word_1_1038' title='bbox 940 3648 1021 3681; x_wconf 84' lang='lat' dir='ltr'><strong>Tal.</strong></span> <span class='ocrx_word' id='word_1_1039' title='bbox 1037 3647 1051 3691; x_wconf 93' lang='grc'><strong>11</strong></span> <span class='ocrx_word' id='word_1_1040' title='bbox 1069 3650 1090 3681; x_wconf 85' lang='grc'>4</span> <span class='ocrx_word' id='word_1_1041' title='bbox 1110 3646 1182 3679; x_wconf 88' lang='lat' dir='ltr'><strong>illic</strong></span> <span class='ocrx_word' id='word_1_1042' title='bbox 1198 3649 1283 3691; x_wconf 74' lang='lat' dir='ltr'><strong>vuly.</strong></span> <span class='ocrx_word' id='word_1_1043' title='bbox 1296 3647 1308 3690; x_wconf 89' lang='grc'><strong>11</strong></span> 
     </span>
    </p>
   </div>
   <div class='ocr_carea' id='block_1_20' title="bbox 1374 3020 2455 3682">
    <p class='ocr_par' dir='ltr' id='par_1_22' title="bbox 1374 3020 2455 3682">
     <span class='ocr_line' id='line_1_85' title="bbox 1375 3020 2454 3066; baseline -0.005 -8"><span class='ocrx_word' id='word_1_1044' title='bbox 1375 3027 1396 3058; x_wconf 87' lang='lat'>5</span> <span class='ocrx_word' id='word_1_1045' title='bbox 1420 3023 1776 3056; x_wconf 80' lang='lat' dir='ltr'><strong>amministrationibus</strong></span> <span class='ocrx_word' id='word_1_1046' title='bbox 1804 3023 1838 3056; x_wconf 89' lang='lat' dir='ltr'><strong><em>V</em></strong></span> <span class='ocrx_word' id='word_1_1047' title='bbox 1860 3021 1873 3066; x_wconf 89' lang='grc'><strong>11</strong></span> <span class='ocrx_word' id='word_1_1048' title='bbox 1900 3024 1921 3057; x_wconf 89' lang='grc'><strong>6</strong></span> <span class='ocrx_word' id='word_1_1049' title='bbox 1943 3021 2086 3065; x_wconf 81' lang='lat' dir='ltr'><strong>populos</strong></span> <span class='ocrx_word' id='word_1_1050' title='bbox 2117 3022 2153 3056; x_wconf 88' lang='lat' dir='ltr'><strong><em>V</em></strong></span> <span class='ocrx_word' id='word_1_1051' title='bbox 2173 3021 2186 3061; x_wconf 89' lang='grc'><strong>11</strong></span> <span class='ocrx_word' id='word_1_1052' title='bbox 2213 3023 2233 3055; x_wconf 89' lang='grc'>8</span> <span class='ocrx_word' id='word_1_1053' title='bbox 2257 3020 2454 3063; x_wconf 79' lang='lat' dir='ltr'><strong>cognomine</strong></span> 
     </span>
     <span class='ocr_line' id='line_1_86' title="bbox 1377 3066 2454 3113; baseline -0.004 -11"><span class='ocrx_word' id='word_1_1054' title='bbox 1377 3070 1454 3103; x_wconf 85' lang='lat' dir='ltr'><strong>libri</strong></span> <span class='ocrx_word' id='word_1_1055' title='bbox 1469 3068 1482 3113; x_wconf 92' lang='grc'><strong>11</strong></span> <span class='ocrx_word' id='word_1_1056' title='bbox 1497 3069 1568 3111; x_wconf 88' lang='lat' dir='ltr'><strong>qui]</strong></span> <span class='ocrx_word' id='word_1_1057' title='bbox 1593 3068 1683 3110; x_wconf 88' lang='lat' dir='ltr'><strong>quod</strong></span> <span class='ocrx_word' id='word_1_1058' title='bbox 1703 3068 1738 3101; x_wconf 92' lang='lat' dir='ltr'><strong><em>V</em></strong></span> <span class='ocrx_word' id='word_1_1059' title='bbox 1754 3081 1813 3102; x_wconf 86' lang='lat' dir='ltr'><strong>om.</strong></span> <span class='ocrx_word' id='word_1_1060' title='bbox 1829 3067 1862 3101; x_wconf 91' lang='lat' dir='ltr'><em>T</em></span> <span class='ocrx_word' id='word_1_1061' title='bbox 1883 3067 1897 3111; x_wconf 91' lang='grc'><strong>11</strong></span> <span class='ocrx_word' id='word_1_1062' title='bbox 1921 3069 1941 3101; x_wconf 85' lang='grc'><strong>9</strong></span> <span class='ocrx_word' id='word_1_1063' title='bbox 1966 3070 2054 3100; x_wconf 85' lang='lat' dir='ltr'><strong>terra</strong></span> <span class='ocrx_word' id='word_1_1064' title='bbox 2078 3066 2252 3107; x_wconf 80' lang='lat' dir='ltr'><strong>egentibus</strong></span> <span class='ocrx_word' id='word_1_1065' title='bbox 2271 3066 2326 3107; x_wconf 91' lang='grc' dir='ltr'><strong>7ΙΙ</strong></span> <span class='ocrx_word' id='word_1_1066' title='bbox 2356 3067 2396 3100; x_wconf 91' lang='grc'><strong>10</strong></span> <span class='ocrx_word' id='word_1_1067' title='bbox 2420 3068 2454 3098; x_wconf 81' lang='lat' dir='ltr'><strong>et</strong></span> 
     </span>
     <span class='ocr_line' id='line_1_87' title="bbox 1375 3110 2454 3157; baseline -0.003 -11"><span class='ocrx_word' id='word_1_1068' title='bbox 1375 3116 1453 3155; x_wconf 89' lang='lat' dir='ltr'><strong>quo]</strong></span> <span class='ocrx_word' id='word_1_1069' title='bbox 1478 3117 1511 3146; x_wconf 90' lang='lat' dir='ltr'><strong>et</strong></span> <span class='ocrx_word' id='word_1_1070' title='bbox 1533 3124 1600 3155; x_wconf 84' lang='lat' dir='ltr'><strong>qua</strong></span> <span class='ocrx_word' id='word_1_1071' title='bbox 1620 3113 1654 3147; x_wconf 92' lang='lat' dir='ltr'><em>T</em></span> <span class='ocrx_word' id='word_1_1072' title='bbox 1672 3115 1721 3146; x_wconf 84' lang='lat' dir='ltr'><strong>cst</strong></span> <span class='ocrx_word' id='word_1_1073' title='bbox 1739 3123 1804 3155; x_wconf 87' lang='lat' dir='ltr'><strong>que</strong></span> <span class='ocrx_word' id='word_1_1074' title='bbox 1830 3112 1889 3157; x_wconf 93' lang='grc'><strong>711</strong></span> <span class='ocrx_word' id='word_1_1075' title='bbox 1913 3114 1950 3146; x_wconf 92' lang='grc'><strong>11</strong></span> <span class='ocrx_word' id='word_1_1076' title='bbox 1978 3111 2143 3154; x_wconf 83' lang='lat' dir='ltr'><strong>quoddam</strong></span> <span class='ocrx_word' id='word_1_1077' title='bbox 2165 3111 2222 3155; x_wconf 88' lang='grc'><strong>711</strong></span> <span class='ocrx_word' id='word_1_1078' title='bbox 2238 3110 2454 3144; x_wconf 78' lang='lat' dir='ltr'><strong>nobilitanus</strong></span> 
     </span>
     <span class='ocr_line' id='line_1_88' title="bbox 1383 3156 2455 3203; baseline -0.003 -12"><span class='ocrx_word' id='word_1_1079' title='bbox 1383 3159 1415 3192; x_wconf 90' lang='lat' dir='ltr'><strong><em>V</em></strong></span> <span class='ocrx_word' id='word_1_1080' title='bbox 1438 3158 1451 3203; x_wconf 90' lang='grc'><strong>11</strong></span> <span class='ocrx_word' id='word_1_1081' title='bbox 1482 3160 1522 3194; x_wconf 87' lang='grc'><strong>13</strong></span> <span class='ocrx_word' id='word_1_1082' title='bbox 1546 3158 1702 3191; x_wconf 83' lang='lat' dir='ltr'><strong>traditam</strong></span> <span class='ocrx_word' id='word_1_1083' title='bbox 1725 3158 1841 3201; x_wconf 81' lang='lat' dir='ltr'><strong>parua]</strong></span> <span class='ocrx_word' id='word_1_1084' title='bbox 1871 3156 2153 3190; x_wconf 82' lang='lat' dir='ltr'><strong>administrationi</strong></span> <span class='ocrx_word' id='word_1_1085' title='bbox 2182 3156 2311 3189; x_wconf 81' lang='lat' dir='ltr'><strong>tradere</strong></span> <span class='ocrx_word' id='word_1_1086' title='bbox 2332 3164 2455 3198; x_wconf 74' lang='lat' dir='ltr'><strong>parvae</strong></span> 
     </span>
     <span class='ocr_line' id='line_1_89' title="bbox 1375 3200 2452 3247; baseline -0.004 -11"><span class='ocrx_word' id='word_1_1087' title='bbox 1375 3205 1461 3247; x_wconf 79' lang='lat' dir='ltr'><strong>vuly.</strong></span> <span class='ocrx_word' id='word_1_1088' title='bbox 1480 3203 1493 3247; x_wconf 93' lang='grc'><strong>11</strong></span> <span class='ocrx_word' id='word_1_1089' title='bbox 1508 3204 1615 3236; x_wconf 84' lang='lat' dir='ltr'><strong>visum</strong></span> <span class='ocrx_word' id='word_1_1090' title='bbox 1631 3205 1680 3236; x_wconf 82' lang='lat' dir='ltr'><strong>est</strong></span> <span class='ocrx_word' id='word_1_1091' title='bbox 1698 3203 1782 3246; x_wconf 77' lang='lat' dir='ltr'><strong>vulq.</strong></span> <span class='ocrx_word' id='word_1_1092' title='bbox 1799 3203 1812 3246; x_wconf 89' lang='grc'><strong>11</strong></span> <span class='ocrx_word' id='word_1_1093' title='bbox 1832 3204 1875 3236; x_wconf 83' lang='grc'><strong>14</strong></span> <span class='ocrx_word' id='word_1_1094' title='bbox 1894 3202 2046 3243; x_wconf 82' lang='lat' dir='ltr'><strong>indigna]</strong></span> <span class='ocrx_word' id='word_1_1095' title='bbox 2061 3201 2163 3242; x_wconf 74' lang='lat' dir='ltr'><strong>digna</strong></span> <span class='ocrx_word' id='word_1_1096' title='bbox 2177 3202 2254 3235; x_wconf 81' lang='lat' dir='ltr'><strong>libri</strong></span> <span class='ocrx_word' id='word_1_1097' title='bbox 2263 3200 2452 3243; x_wconf 79' lang='lat' dir='ltr'><strong>(indignum</strong></span> 
     </span>
     <span class='ocr_line' id='line_1_90' title="bbox 1376 3242 2455 3291; baseline -0.003 -10"><span class='ocrx_word' id='word_1_1098' title='bbox 1376 3250 1477 3291; x_wconf 74' lang='lat' dir='ltr'><strong>vuly.)</strong></span> <span class='ocrx_word' id='word_1_1099' title='bbox 1492 3248 1504 3291; x_wconf 86' lang='grc'><strong>11</strong></span> <span class='ocrx_word' id='word_1_1100' title='bbox 1533 3251 1573 3283; x_wconf 89' lang='grc'><strong>15</strong></span> <span class='ocrx_word' id='word_1_1101' title='bbox 1598 3250 1632 3280; x_wconf 84' lang='lat' dir='ltr'><strong>et</strong></span> <span class='ocrx_word' id='word_1_1102' title='bbox 1655 3248 1815 3291; x_wconf 74' lang='lat' dir='ltr'><strong>deLvulq.</strong></span> <span class='ocrx_word' id='word_1_1103' title='bbox 1870 3247 2044 3279; x_wconf 81' lang='lat' dir='ltr'><strong>instituam</strong></span> <span class='ocrx_word' id='word_1_1104' title='bbox 2076 3245 2131 3289; x_wconf 92' lang='grc'><strong>711</strong></span> <span class='ocrx_word' id='word_1_1105' title='bbox 2158 3247 2199 3280; x_wconf 89' lang='grc'><strong>16</strong></span> <span class='ocrx_word' id='word_1_1106' title='bbox 2223 3245 2355 3278; x_wconf 77' lang='lat' dir='ltr'><strong>diuersa</strong></span> <span class='ocrx_word' id='word_1_1107' title='bbox 2385 3242 2455 3289; x_wconf 69' lang='lat' dir='ltr'><strong>V!</strong></span> 
     </span>
     <span class='ocr_line' id='line_1_91' title="bbox 1378 3289 2455 3336; baseline -0.003 -11"><span class='ocrx_word' id='word_1_1108' title='bbox 1378 3295 1418 3325; x_wconf 90' lang='grc'><strong>17</strong></span> <span class='ocrx_word' id='word_1_1109' title='bbox 1443 3293 1574 3325; x_wconf 87' lang='lat' dir='ltr'><strong>ciuitati</strong></span> <span class='ocrx_word' id='word_1_1110' title='bbox 1595 3293 1653 3336; x_wconf 89' lang='grc'><strong>711</strong></span> <span class='ocrx_word' id='word_1_1111' title='bbox 1669 3292 1786 3325; x_wconf 78' lang='lat' dir='ltr'><strong>errarii</strong></span> <span class='ocrx_word' id='word_1_1112' title='bbox 1859 3293 1904 3326; x_wconf 77' lang='lat' dir='ltr'><strong>al.</strong></span> <span class='ocrx_word' id='word_1_1113' title='bbox 1928 3293 1974 3333; x_wconf 78' lang='lat' dir='ltr'><strong>(et</strong></span> <span class='ocrx_word' id='word_1_1114' title='bbox 1989 3293 2037 3324; x_wconf 84' lang='lat' dir='ltr'><strong>sic</strong></span> <span class='ocrx_word' id='word_1_1115' title='bbox 2055 3293 2147 3333; x_wconf 82' lang='lat' dir='ltr'><strong>infra</strong></span> <span class='ocrx_word' id='word_1_1116' title='bbox 2164 3290 2301 3333; x_wconf 82' lang='lat' dir='ltr'><strong>passim)</strong></span> <span class='ocrx_word' id='word_1_1117' title='bbox 2317 3289 2331 3334; x_wconf 92' lang='grc'><strong>11</strong></span> <span class='ocrx_word' id='word_1_1118' title='bbox 2347 3290 2387 3323; x_wconf 83' lang='grc'><strong>21</strong></span> <span class='ocrx_word' id='word_1_1119' title='bbox 2414 3293 2455 3322; x_wconf 80' lang='lat' dir='ltr'><strong>ut</strong></span> 
     </span>
     <span class='ocr_line' id='line_1_92' title="bbox 1375 3334 2454 3378; baseline -0.002 -9"><span class='ocrx_word' id='word_1_1120' title='bbox 1375 3339 1541 3378; x_wconf 84' lang='lat' dir='ltr'><strong>putamus]</strong></span> <span class='ocrx_word' id='word_1_1121' title='bbox 1555 3340 1689 3370; x_wconf 86' lang='lat' dir='ltr'><strong>utamur</strong></span> <span class='ocrx_word' id='word_1_1122' title='bbox 1706 3338 1878 3371; x_wconf 83' lang='lat' dir='ltr'><strong>Vutamus</strong></span> <span class='ocrx_word' id='word_1_1123' title='bbox 1891 3336 1994 3371; x_wconf 85' lang='lat' dir='ltr'><strong>Neob.</strong></span> <span class='ocrx_word' id='word_1_1124' title='bbox 2041 3335 2239 3368; x_wconf 80' lang='lat' dir='ltr'><strong>fortitudine</strong></span> <span class='ocrx_word' id='word_1_1125' title='bbox 2257 3334 2312 3378; x_wconf 88' lang='grc'><strong>711</strong></span> <span class='ocrx_word' id='word_1_1126' title='bbox 2331 3335 2374 3368; x_wconf 84' lang='grc'><strong>23</strong></span> <span class='ocrx_word' id='word_1_1127' title='bbox 2387 3343 2454 3376; x_wconf 73' lang='lat' dir='ltr'><strong>qua·</strong></span> 
     </span>
     <span class='ocr_line' id='line_1_93' title="bbox 1381 3378 2452 3426; baseline -0.003 -12"><span class='ocrx_word' id='word_1_1128' title='bbox 1381 3382 1623 3426; x_wconf 73' lang='lat' dir='ltr'><strong>Osenbria&#39;yyen]</strong></span> <span class='ocrx_word' id='word_1_1129' title='bbox 1648 3393 1747 3424; x_wconf 84' lang='lat' dir='ltr'><strong>quam</strong></span> <span class='ocrx_word' id='word_1_1130' title='bbox 1773 3382 1807 3415; x_wconf 93' lang='lat' dir='ltr'><strong><em>V</em></strong></span> <span class='ocrx_word' id='word_1_1131' title='bbox 1824 3382 1981 3423; x_wconf 81' lang='lat' dir='ltr'><strong>quoniam</strong></span> <span class='ocrx_word' id='word_1_1132' title='bbox 2002 3382 2012 3393; x_wconf 91' lang='lat'><em>&#39;</em></span> <span class='ocrx_word' id='word_1_1133' title='bbox 2037 3381 2122 3424; x_wconf 82' lang='lat' dir='ltr'><strong>vulq.</strong></span> <span class='ocrx_word' id='word_1_1134' title='bbox 2139 3380 2152 3423; x_wconf 92' lang='grc'><strong>11</strong></span> <span class='ocrx_word' id='word_1_1135' title='bbox 2171 3382 2213 3413; x_wconf 83' lang='grc'><strong>27</strong></span> <span class='ocrx_word' id='word_1_1136' title='bbox 2233 3379 2328 3422; x_wconf 86' lang='lat' dir='ltr'><strong>dupli</strong></span> <span class='ocrx_word' id='word_1_1137' title='bbox 2348 3378 2452 3421; x_wconf 81' lang='lat' dir='ltr'><strong>quod-</strong></span> 
     </span>
     <span class='ocr_line' id='line_1_94' title="bbox 1377 3421 2454 3470; baseline -0.002 -13"><span class='ocrx_word' id='word_1_1138' title='bbox 1377 3425 1451 3457; x_wconf 82' lang='lat' dir='ltr'><strong>dam</strong></span> <span class='ocrx_word' id='word_1_1139' title='bbox 1475 3431 1645 3459; x_wconf 87' lang='lat' dir='ltr'><strong>conuentu</strong></span> <span class='ocrx_word' id='word_1_1140' title='bbox 1668 3427 1792 3469; x_wconf 82' lang='lat' dir='ltr'><strong>figurat</strong></span> <span class='ocrx_word' id='word_1_1141' title='bbox 1823 3426 1938 3470; x_wconf 85' lang='grc'><strong>71128</strong></span> <span class='ocrx_word' id='word_1_1142' title='bbox 1961 3426 2076 3459; x_wconf 85' lang='lat' dir='ltr'><strong>ornari</strong></span> <span class='ocrx_word' id='word_1_1143' title='bbox 2108 3425 2166 3467; x_wconf 83' lang='grc'><strong>711</strong></span> <span class='ocrx_word' id='word_1_1144' title='bbox 2180 3425 2322 3467; x_wconf 78' lang='lat' dir='ltr'><strong>figuram</strong></span> <span class='ocrx_word' id='word_1_1145' title='bbox 2354 3423 2417 3468; x_wconf 89' lang='lat' dir='ltr'><strong>VT</strong></span> <span class='ocrx_word' id='word_1_1146' title='bbox 2441 3421 2454 3467; x_wconf 92' lang='grc'><strong>11</strong></span> 
     </span>
     <span class='ocr_line' id='line_1_95' title="bbox 1378 3469 2453 3514; baseline -0.001 -13"><span class='ocrx_word' id='word_1_1147' title='bbox 1378 3471 1419 3502; x_wconf 89' lang='grc'><strong>30</strong></span> <span class='ocrx_word' id='word_1_1148' title='bbox 1444 3470 1543 3503; x_wconf 86' lang='lat' dir='ltr'><strong>simul</strong></span> <span class='ocrx_word' id='word_1_1149' title='bbox 1563 3474 1606 3512; x_wconf 84' lang='lat' dir='ltr'><strong>et]</strong></span> <span class='ocrx_word' id='word_1_1150' title='bbox 1637 3472 1737 3504; x_wconf 84' lang='lat' dir='ltr'><strong>simul</strong></span> <span class='ocrx_word' id='word_1_1151' title='bbox 1758 3472 1825 3514; x_wconf 85' lang='lat' dir='ltr'><strong>legi</strong></span> <span class='ocrx_word' id='word_1_1152' title='bbox 1849 3474 1882 3505; x_wconf 86' lang='lat' dir='ltr'><strong>et</strong></span> <span class='ocrx_word' id='word_1_1153' title='bbox 1904 3472 1991 3514; x_wconf 70' lang='lat' dir='ltr'><strong>vulo.</strong></span> <span class='ocrx_word' id='word_1_1154' title='bbox 2009 3470 2022 3514; x_wconf 76' lang='grc' dir='ltr'>Ι</span> <span class='ocrx_word' id='word_1_1155' title='bbox 2037 3473 2080 3504; x_wconf 83' lang='lat'><strong>32</strong></span> <span class='ocrx_word' id='word_1_1156' title='bbox 2104 3470 2236 3513; x_wconf 80' lang='lat' dir='ltr'><strong>pontice</strong></span> <span class='ocrx_word' id='word_1_1157' title='bbox 2260 3469 2453 3502; x_wconf 74' lang='lat' dir='ltr'><strong>diocesiseos</strong></span> 
     </span>
     <span class='ocr_line' id='line_1_96' title="bbox 1378 3510 2454 3564; baseline -0.001 -18"><span class='ocrx_word' id='word_1_1158' title='bbox 1378 3515 1411 3546; x_wconf 90' lang='grc' dir='ltr'><em>Τ</em></span> <span class='ocrx_word' id='word_1_1159' title='bbox 1430 3517 1463 3546; x_wconf 89' lang='lat' dir='ltr'><strong>et</strong></span> <span class='ocrx_word' id='word_1_1160' title='bbox 1485 3517 1720 3557; x_wconf 84' lang='lat' dir='ltr'><strong>ponticesiseos</strong></span> <span class='ocrx_word' id='word_1_1161' title='bbox 1750 3517 1783 3550; x_wconf 90' lang='lat' dir='ltr'><strong><em>V</em></strong></span> <span class='ocrx_word' id='word_1_1162' title='bbox 1798 3518 1811 3561; x_wconf 90' lang='grc'><strong>11</strong></span> <span class='ocrx_word' id='word_1_1163' title='bbox 1837 3518 1880 3551; x_wconf 86' lang='grc'><strong>33</strong></span> <span class='ocrx_word' id='word_1_1164' title='bbox 1904 3515 2059 3549; x_wconf 81' lang='lat' dir='ltr'><strong>collocati</strong></span> <span class='ocrx_word' id='word_1_1165' title='bbox 2082 3516 2181 3558; x_wconf 79' lang='lat' dir='ltr'><strong>vulq.]</strong></span> <span class='ocrx_word' id='word_1_1166' title='bbox 2205 3514 2319 3547; x_wconf 81' lang='lat' dir='ltr'><strong>collati</strong></span> <span class='ocrx_word' id='word_1_1167' title='bbox 2343 3510 2454 3564; x_wconf 64' lang='lat' dir='ltr'><strong>libr-1¹11</strong></span> 
     </span>
     <span class='ocr_line' id='line_1_97' title="bbox 1377 3556 2451 3603; baseline -0.003 -11"><span class='ocrx_word' id='word_1_1168' title='bbox 1377 3560 1418 3592; x_wconf 82' lang='lat'><strong>34</strong></span> <span class='ocrx_word' id='word_1_1169' title='bbox 1444 3569 1510 3591; x_wconf 81' lang='lat' dir='ltr'><strong>esse</strong></span> <span class='ocrx_word' id='word_1_1170' title='bbox 1535 3561 1612 3594; x_wconf 83' lang='lat' dir='ltr'><strong>libri</strong></span> <span class='ocrx_word' id='word_1_1171' title='bbox 1625 3561 1637 3603; x_wconf 88' lang='grc'><strong>11</strong></span> <span class='ocrx_word' id='word_1_1172' title='bbox 1656 3563 1698 3595; x_wconf 85' lang='grc'><strong>35</strong></span> <span class='ocrx_word' id='word_1_1173' title='bbox 1722 3562 1827 3594; x_wconf 80' lang='lat' dir='ltr'><strong>errari</strong></span> <span class='ocrx_word' id='word_1_1174' title='bbox 1854 3560 1970 3602; x_wconf 87' lang='grc'><strong>71136</strong></span> <span class='ocrx_word' id='word_1_1175' title='bbox 1994 3560 2161 3593; x_wconf 76' lang='lat' dir='ltr'><strong>comitiaci</strong></span> <span class='ocrx_word' id='word_1_1176' title='bbox 2182 3558 2298 3602; x_wconf 82' lang='grc' dir='ltr'><strong>7αἱ.11</strong></span> <span class='ocrx_word' id='word_1_1177' title='bbox 2321 3556 2451 3590; x_wconf 83' lang='lat' dir='ltr'><strong>*officu</strong></span> 
     </span>
     <span class='ocr_line' id='line_1_98' title="bbox 1374 3601 2451 3682; baseline 0.002 -47"><span class='ocrx_word' id='word_1_1178' title='bbox 1374 3605 1608 3682; x_wconf 67' lang='lat' dir='ltr'><strong>suntJVoslficiis</strong></span> <span class='ocrx_word' id='word_1_1179' title='bbox 1632 3606 1709 3639; x_wconf 83' lang='lat' dir='ltr'><strong>libri</strong></span> <span class='ocrx_word' id='word_1_1180' title='bbox 1728 3609 1807 3638; x_wconf 88' lang='lat' dir='ltr'><strong>sunt</strong></span> <span class='ocrx_word' id='word_1_1181' title='bbox 1829 3605 1932 3638; x_wconf 85' lang='lat' dir='ltr'><strong>officii</strong></span> <span class='ocrx_word' id='word_1_1182' title='bbox 1955 3607 2040 3650; x_wconf 77' lang='lat' dir='ltr'><strong>vulq.</strong></span> <span class='ocrx_word' id='word_1_1183' title='bbox 2059 3604 2073 3650; x_wconf 86' lang='grc' dir='ltr'>Ι</span> <span class='ocrx_word' id='word_1_1184' title='bbox 2092 3604 2249 3638; x_wconf 69' lang='lat' dir='ltr'><strong>summati</strong></span> <span class='ocrx_word' id='word_1_1185' title='bbox 2272 3602 2330 3648; x_wconf 79' lang='grc'><strong>71</strong></span> <span class='ocrx_word' id='word_1_1186' title='bbox 2353 3603 2394 3637; x_wconf 86' lang='grc'><strong>37</strong></span> <span class='ocrx_word' id='word_1_1187' title='bbox 2419 3601 2451 3634; x_wconf 80' lang='grc' dir='ltr'><strong>οἱ</strong></span> 
     </span>
     <span class='ocr_line' id='line_1_99' title="bbox 1375 3660 2452 3682; baseline 0.007 -1"><span class='ocrx_word' id='word_1_1188' title='bbox 1375 3660 1434 3681; x_wconf 88' lang='lat' dir='ltr'><strong>om.</strong></span> <span class='ocrx_word' id='word_1_1189' title='bbox 1495 3661 1517 3682; x_wconf 79' lang='lat' dir='ltr'><strong>a</strong></span> <span class='ocrx_word' id='word_1_1190' title='bbox 1531 3674 1539 3682; x_wconf 88' lang='lat'><strong>.</strong></span> <span class='ocrx_word' id='word_1_1191' title='bbox 2450 3662 2452 3665; x_wconf 84' lang='lat'>&#39;</span> 
     </span>
    </p>
   </div>
   <div class='ocr_carea' id='block_1_21' title="bbox 2544 1708 2592 3501">
    <p class='ocr_par' dir='ltr' id='par_1_23' title="bbox 2544 1708 2592 3501">
     <span class='ocr_line' id='line_1_100' title="bbox 2544 1708 2592 3501; baseline 0 0"><span class='ocrx_word' id='word_1_1192' title='bbox 2544 1708 2592 3501; x_wconf 95' lang='lat' dir='ltr'><strong> </strong></span> 
     </span>
    </p>
   </div>
  </div>
 </body>
</html>
