2592 3840
281 78 387 121 Nov.
408 78 524 121 XCV
558 82 576 120 1
613 92 678 134 ep.

281 188 371 233 πρὸς
394 187 597 229 ὑπάντησιν
621 185 741 221 αὐτοῦ.
789 190 848 220 καὶ
871 190 972 232 μέχρι
1002 185 1088 221 τότε
1116 187 1181 221 τὰς
1203 186 1355 229 σιτήσεις

281 234 495 277 κομίζεσθαι
526 234 593 266 τὸν
628 235 688 266 ἐπὶ
716 234 778 274 τῆς
810 230 913 276 ἀρχῆς
943 232 1036 266 ὄντα
1066 235 1127 265 καὶ
1150 230 1355 266 διοικοῦντα

280 277 433 320 ταύτην·
469 281 528 311 καὶ
550 277 599 321 μὴ
623 279 695 311 τοῖς
719 276 910 321 συμβόλοις
941 278 1002 319 τῆς
1033 273 1140 320 ἀρχῆς
1163 276 1356 321 κρίνεσθαι

281 322 347 356 τὸν
381 321 511 366 χρόνον
545 320 634 365 μηδὲ
668 325 746 355 ταῖς
776 321 987 366 προςτάξεσι
1020 323 1084 355 τοῦ
1116 321 1256 367 θρόνου
1290 323 1354 355 τοῦ

282 368 358 409 σοῦ,
382 364 461 400 ἀλλ’
480 364 543 412 ἀφ’
570 365 682 412 οὗπερ
704 364 753 400 ἄν
777 365 825 400 ὠς
847 367 983 411 εἴρηται
1011 367 1074 409 τῆς
1102 365 1219 412 χώρας
1250 363 1356 401 αὐτὸς

283 414 440 455 ἐπιβαίη,
467 412 506 452 ἐξ
528 413 664 445 ἐκείνου
686 410 888 456 λαμβάνειν
911 411 973 445 τὰς
997 409 1168 455 δημοσίας
1191 410 1355 454 σιτήσεις,

281 459 382 500 μέχρι
405 454 445 490 δὲ
466 455 550 490 τότε
573 457 641 490 τὸν
664 458 723 491 ἐπὶ
753 458 831 490 τῶν
854 455 1080 503 πραγμάτων
1108 455 1202 491 ὄντα
1226 454 1357 491 ταύτας

282 501 495 544 κομιζεσθαι
519 504 579 534 καὶ
602 502 725 546 ἕτερον
747 500 884 546 μηδένα
907 502 984 535 τῶν
1007 499 1171 536 πάντων.
1222 498 1262 535 οὗ
1286 501 1356 547 γὰρ

283 543 435 579 ἀνεκτὸν
465 542 562 598 οὐδὲ,
578 546 749 591 φορητόν,
782 542 874 580 ὅλως
905 544 1064 591 ἄναρχον
1094 546 1357 592 καταλιμπάνε-

1353 73 1439 122 466

1945 89 2006 120 ΒΕ
2032 87 2491 122 mmlsm'ronmus

1425 187 1623 222 cursionem
1647 187 1735 223 eius.
1772 188 1822 223 Et
1845 196 1957 232 usque
1979 190 2064 222 tunc
2087 197 2246 224 annonas
2269 188 2433 233 accipere
2453 187 2492 223 in

1424 232 1566 275 cingulo
1591 233 1797 268 existentem
1828 236 1865 267 et
1886 233 2142 276 gubernantem
2163 242 2262 277 emn3
2294 235 2330 268 et
2352 244 2424 268 non
2447 242 2492 268 ex

1425 276 1594 312 codicillis
1626 277 1756 321 cinguli
1787 277 1944 312 iudicare
1975 280 2115 322 tempus
2152 287 2266 322 neque
2290 277 2491 323 praeceptis

1423 325 1506 356 tuae
1537 321 1641 365 sedis,
1672 322 1737 357 sed
1767 332 1811 357 ex
1834 331 1921 366 quo,
1952 321 2059 357 sicuti
2090 321 2223 357 dictum
2245 327 2315 366 est,
2349 323 2386 358 in
2433 332 2491 358 ro-

1391 370 1410 401 5
1423 365 1540 401 vincia
1569 366 1647 412 ipse
1676 367 1883 410 accesserit,
1918 366 2013 402 illius
2047 367 2210 412 accipere
2243 367 2297 402 rei
2319 367 2402 419 ‚pub
2430 376 2493 403 cae

1425 411 1674 454 emolumenta,
1710 422 1823 457 usque
1852 416 1939 447 tunc
1967 411 2083 457 (vero)
2113 422 2192 447 eum
2227 412 2288 457 qui
2317 422 2355 446 111
2386 411 2492 447 rebus

1424 456 1540 491 extitit
1569 466 1612 492 ea
1633 457 1819 509 percipere
1851 460 1886 492 et
1907 456 2015 491 alium
2037 456 2174 492 nullum
2197 456 2363 492 omnium.
2411 456 2493 492 Non

1425 501 1517 536 enim
1546 502 1716 546 possibile
1746 512 1860 546 neque
1887 501 2063 547 portabile
2093 503 2149 537 est
2171 502 2312 537 omnino
2340 501 2417 537 sine
2437 501 2492 537 iu-

1424 546 1503 580 dice
1532 546 1939 599 relinqui-provinciam,
1972 548 2107 582 statuto
2131 546 2272 591 quidem
2304 546 2406 592 quasi
2428 545 2493 581 ali·

282 591 375 644 σθαι
409 590 477 633 τὴν
512 604 668 644 χοζρανκ
680 590 972 636 προβαλλομένου
1007 594 1074 635 μέν
1086 633 1094 644 ἱ
1107 602 1205 625 τινος
1240 589 1357 634 δῆθεν
1373 593 1412 625 10
1425 602 1495 635 quo
1513 592 1559 626 ab
1579 601 1620 627 eo
1644 602 1704 635 qul
1723 602 1747 627 a
1766 592 1869 627 nobis
1894 591 2078 627 ordinatus
2097 594 2161 634 est,
2185 595 2227 626 ut
2250 591 2326 627 81118
2348 591 2495 643 impleut

282 634 354 670 ὑπο
378 636 441 669 τοῖ’)
469 648 544 680 παρ
588 649 693 679 ημων
715 636 1041 681 χειροτονηθέντος,
1071 633 1110 670 ὃς
1134 634 1244 670 αὐτοῦ
1269 635 1356 679 πλη·

282 679 390 724 ρώσει
424 680 492 714 τὸν
525 679 650 719 τόπον,
690 677 820 726 ἀνδρὸς
853 681 938 715 ἴσως
974 680 1199 728 πραγμάτων
1234 678 1358 716 ἀνεπι-

282 723 470 768 στήμονος,
506 726 570 758 τοῦ
608 723 647 759 δὲ
682 728 722 760 ἐν
757 722 876 760 αὐτοῖς
911 725 1016 760 ὄντος
1049 729 1122 760 τοῖς
1152 728 1264 773 ἔργοις
1299 729 1358 760 καὶ

282 767 557 824 ἀποχωροῦντος
589 772 652 813 τῆς
681 771 813 815 χώρας,
833 774 932 824 *πρὶν
962 773 1153 826 ξπιστῆνμι
1183 771 1251 805 τὸν
1278 770 1356 815 χρό-

1424 636 1561 676 locum,
1598 636 1739 672 homine
1769 637 1891 672 forsan
1922 647 2041 671 rerum
2071 647 2143 672 non
2174 636 2328 672 habente
2356 645 2493 681 expen-

1426 684 1592 722 mentum,
1616 681 1677 716 illo
1698 691 1778 716 vero
1803 683 1863 726 qui
1886 683 1923 716 in
1945 681 2032 726 ipsis
2055 685 2110 717 est
2134 681 2300 727 operibus
2323 683 2359 716 et
2381 681 2493 717 disoe-

1426 726 1530 761 dente
1562 727 1604 762 de
1632 726 1830 771 provincia,
1863 730 2053 771 antequam
2083 726 2246 761 adveniat
2276 729 2427 771 tempus,
2458 727 2495 760 et

1424 770 1622 806 fraudando
1655 771 1897 807 emolumentis
1928 781 2019 816 quae
2050 781 2129 806 eum
2159 771 2321 816 accipere
2352 771 2494 816 oportet

282 827 358 857 νον,
382 818 442 848 καὶ
465 819 773 862 αποστερουμένου
798 830 875 850 των
889 827 1145 871 σιτησεων,ἀς
1164 813 1277 850 αὐτὸν
1301 828 1357 849 κο·
1373 817 1411 849 15
1425 815 1538 851 donec
1563 817 1719 861 deponat
1743 817 1931 860 cingulum.
1975 816 2140 860 Deponet
2154 818 2274 851 autem
2290 826 2387 857 eum,
2410 815 2493 851 dum

280 860 455 903 μίξεσθαι
485 873 553 914 χρη
583 863 649 894 ἕως
680 858 727 894 ἂν
760 860 968 940 κατάθηται
991 861 1059 904 τὴν
1082 859 1202 906 αρχήν.
1249 873 1356 894 κατα-

283 905 437 947 θήσεται
455 903 494 938 δὲ
510 904 634 948 αυτὴν,
655 903 762 949 ἡνίκα
777 903 797 939 ὁ
820 904 880 940 διά
905 917 983 949 οχος
1003 907 1170 950 ἐπισταίη
1187 908 1230 953 τῇ
1248 905 1357 950 χώρᾳ,

283 948 346 982 δύο
368 947 486 993 μόνον
509 947 654 995 ἡμέραις
677 951 889 996 ἔμπροσθεν
912 952 976 985 τοῦ
1000 952 1063 994 τῆς
1078 953 1248 997 ἐπαρχίας
1272 953 1357 984 έκεῖ-

281 1007 347 1028 νον
369 996 551 1039 ἐπιβῆναι.

344 1037 439 1093 (βπ
449 1043 464 1073 ί
470 1038 490 1073 λ
499 1053 518 1073 ο
525 1052 548 1086 γ
556 1053 576 1074 ο
585 1040 634 1085 ς.>
679 1037 809 1094 ‘Aneo-
825 1037 972 1076 ἅπαντα
1007 1039 1357 1087 παραφυλάττεσθαι
1370 1041 1412 1074 20

282 1097 381 1130 παρα
413 1086 477 1118 τοῦ
502 1085 642 1130 θρόνου
672 1087 735 1129 τῆς
766 1097 828 1129 σης
857 1084 1031 1131 ὑπεροχῆς
1060 1087 1108 1120 εἰς
1134 1086 1177 1120 τὸ
1203 1083 1358 1128 διηνεκὲς

281 1128 509 1174 βουλόμεθα.
541 1133 602 1163 καὶ
631 1127 737 1173 ἡνίκα
769 1128 816 1165 ἄν
846 1131 981 1174 μάθοις
1012 1130 1213 1166 ἐπιστάντα
1243 1127 1357 1164 αὐτὸν

281 1176 325 1221 τῇ
349 1175 459 1219 χώρᾳ,
483 1175 522 1215 ἐξ
545 1177 680 1210 ἐκείνου
701 1177 941 1220 μετατιθέναι
961 1176 1022 1210 τὰς
1042 1175 1195 1219 σιτήσεις
1219 1176 1267 1209 εἰς
1288 1174 1357 1209 τὸν

282 1216 460 1274 διάδοχον,
477 1221 659 1273 τέπείτοιγε
681 1224 844 1267 χορηγεῖν
867 1218 975 1254 αὐτὰς
998 1221 1051 1264 τῷ
1075 1223 1238 1266 προτέρῳ
1263 1219 1355 1254 κατὰ

1425 870 1611 896 successor
1635 863 1827 896 accesserit
1847 861 1884 896 in
1908 861 2135 905 provinciam,
2158 864 2243 896 ante
2265 860 2355 897 duos
2379 860 2494 896 solum

1425 905 1499 941 dies
1524 916 1628 950 quam
1651 905 1867 950 provinciam
1889 905 1950 942 ille
1972 905 2199 949 ingrediatur.

1480 1037 1759 1083 (Epilogus.)
1803 1039 1903 1083 Quae
1926 1039 2043 1075 omnia
2065 1038 2238 1075 custodiri
2261 1047 2286 1073 a
2307 1036 2391 1074 sede
2411 1039 2496 1073 tuae

1425 1083 1645 1119 celsitudinis
1667 1083 1706 1118 in
1719 1087 1930 1130 perpetuum
1953 1085 2125 1128 volumus,
2149 1087 2185 1119 et
2205 1093 2288 1120 mox
2310 1086 2351 1118 ut
2366 1091 2495 1127 cogno-

1423 1128 1515 1163 veris
1541 1128 1721 1164 adstitisse
1751 1139 1833 1164 eum
1856 1129 2076 1174 provinciae,
2109 1139 2154 1164 ex
2176 1128 2238 1164 illo
2262 1131 2496 1173 transponere

1424 1174 1662 1209 emolumenta
1693 1173 1731 1209 in
1754 1184 2016 1217 successorem,
2049 1173 2207 1219 alioquin
2229 1172 2432 1208 ministrare
2452 1181 2497 1208 ea

1423 1218 1534 1263 priori
1558 1218 1752 1254 secundum
1775 1219 1872 1264 quod
1893 1230 1916 1255 a
1940 1219 2042 1255 nobis
2066 1218 2266 1264 depositum
2288 1221 2360 1260 est,
2383 1216 2496 1253 donec

281 1264 324 1298 τὸ
349 1278 424 1312 παρ
465 1266 570 1309 ημῶν
594 1263 886 1320 διατεταγμένον,
917 1268 983 1300 ἕως
1006 1264 1053 1300 ἄν
1077 1268 1137 1300 ἐπὶ
1158 1277 1218 1309 της
1240 1266 1356 1311 χώρας
1370 1267 1410 1299 25
1423 1265 1461 1298 111
1484 1264 1700 1309 provinciam
1731 1274 1920 1300 successor
1949 1264 2094 1300 veniens
2125 1267 2236 1299 semet
2264 1263 2383 1308 ipsum
2411 1261 2495 1298 sub·

281 1310 300 1343 ὁ
323 1307 486 1352 διάδοχος
509 1309 634 1345 ἐλθών
658 1312 787 1345 ἑαυτόν
809 1314 884 1346 τοῖς
907 1309 1077 1354 ὑπηκόοις
1100 1309 1269 1358 ἐπιδείξῃ.

344 1354 394 1388 Ta
423 1358 547 1389 τοίνυν
578 1355 820 1401 παραστάντα
852 1354 939 1401 ἡμῖν
971 1359 1031 1390 καὶ
1059 1354 1120 1390 διὰ
1150 1353 1256 1390 τοῦδε
1290 1355 1356 1389 τοῦ

282 1400 386 1434 θείου
426 1398 624 1444 δηλούμενα
664 1399 777 1445 νόμου
819 1398 840 1444 ἡ
882 1402 928 1445 σὴ
964 1398 1119 1447 ὑπεροχὴ
1159 1402 1252 1447 ἔργῳ
1296 1403 1356 1434 καὶ

282 1449 411 1490 πέρατι
436 1444 663 1491 παραδοῦναι
687 1447 890 1481 σπευσάτω.
964 1446 1047 1482 Dat.
1071 1446 1144 1481 kal.
1169 1447 1260 1481 Nov.
1285 1445 1355 1481 CP-

1424 1309 1524 1344 iectis
1548 1309 1723 1344 ostendat.

1481 1354 1579 1398 Quae
1602 1354 1711 1398 igitur
1734 1355 1944 1399 placuerunt
1965 1353 2068 1390 nobis
2094 1357 2130 1390 et
2151 1362 2217 1399 per
2238 1353 2333 1389 hanc
2356 1361 2496 1389 sacram

1424 1399 1604 1434 insinuata
1635 1403 1719 1434 sunt
1748 1400 1878 1442 legem,
1909 1402 1974 1434 tua
2005 1398 2177 1434 celsitudo
2208 1408 2230 1434 o
2277 1397 2309 1434 ri
2338 1396 2494 1433 effectui-

1423 1454 1492 1489 que
1517 1445 1725 1480 contradere
1748 1444 1903 1479 festinet.
2001 1444 2084 1479 Dat.
2109 1444 2181 1479 kal.
2241 1453 2295 1479 ov.
2322 1443 2391 1479 GP.
2412 1443 2494 1496 imp.

281 1491 365 1536 imp.
390 1490 486 1535 (dn.)
508 1490 697 1526 Iustiniani
727 1502 787 1536 pp.
811 1492 938 1538 (Aug.)
969 1502 1063 1527 anno
1087 1491 1186 1527 XIII.
1216 1491 1354 1536 Apione
1369 1489 1610 1525 301ustiniani
1645 1501 1706 1535 pp.
1742 1500 1837 1525 anno
1871 1489 1971 1525 xm.
2006 1489 2148 1535 Apione
2185 1488 2260 1525 viro
2299 1487 2495 1524 clarissimo

282 1546 314 1571 V.
341 1546 373 1571 0.
399 1546 496 1571 cons.

1319 1538 1365 1578 [a.
1380 1537 1459 1577 539]
1512 1545 1609 1570 cons.

281 1648 333 1685 Et
353 1659 466 1695 usque
492 1659 534 1685 eo
558 1659 725 1684 annonas
749 1650 904 1702 accipiat
927 1650 990 1695 qui
1012 1651 1262 1696 maqistratum
1285 1649 1380 1695 qerit
1403 1658 1553 1694 eumque
1575 1647 1805 1683 administrat
1810 1660 1826 1690 ;
1847 1658 1934 1684 neve
1951 1651 2089 1694 tempus
2111 1658 2162 1684 ex
2183 1646 2360 1683 codicillis
2382 1645 2495 1694 Μαρί-

280 1699 418 1730 stratus
449 1704 535 1730 neve
565 1705 615 1730 ex
643 1699 852 1741 praeceptis
883 1698 967 1730 tuae
988 1694 1083 1730 seclis
1105 1695 1293 1736 iudicetur,
1325 1693 1391 1729 sed
1411 1704 1461 1729 ex
1491 1703 1563 1739 quo
1589 1696 1759 1739 tempore,
1789 1693 1898 1728 sicuti
1921 1692 2055 1728 dictum
2078 1697 2142 1736 est,
2171 1693 2396 1739 provinciam
2418 1692 2498 1739 ipse

281 1738 496 1791 inqreditur‚
526 1749 575 1774 ex
597 1749 640 1774 eo
662 1738 827 1785 publicas
857 1750 1022 1775 annonas
1045 1741 1218 1787 accipiat,
1250 1749 1362 1785 usque
1391 1749 1434 1774 eo
1466 1741 1586 1773 autem
1616 1738 1649 1773 is
1681 1739 1744 1784 qui
1773 1749 1848 1774 rem
1879 1737 2110 1773 administrat
2139 1748 2201 1773 eas
2231 1738 2383 1783 auferat
2411 1747 2498 1774 neve

282 1784 376 1819 altus
400 1784 543 1819 omnino
568 1784 672 1819 ullus.
720 1783 847 1830 Neque
869 1785 962 1819 enim
986 1784 1212 1820 tolerandum
1242 1790 1296 1821 est
1319 1787 1383 1820 aut
1403 1783 1595 1828 ferendum
1615 1793 1770 1829 prorsus
1801 1783 1880 1818 siue
1902 1783 2121 1829 maqistratu
2141 1783 2367 1830 provinciam
2388 1781 2496 1818 relin-

282 1829 362 1875 qui,
394 1839 474 1864 cum
505 1828 587 1874 quis
615 1829 716 1874 forte
746 1829 931 1875 deleqetur
961 1829 1006 1865 ab
1037 1841 1079 1865 eo
1111 1830 1174 1877 qui
1205 1841 1229 1865 a
1251 1829 1355 1864 nobis
1378 1831 1521 1863 creatus
1543 1831 1608 1870 est,
1640 1828 1704 1874 qui
1726 1827 1843 1874 ipsius
1873 1827 1991 1863 locum
2013 1827 2173 1875 impleat,
2205 1826 2498 1873 homosortasse

281 1885 401 1909 rerum
424 1874 622 1926 imperitus,
654 1875 685 1909 is
704 1884 788 1910 vero
810 1875 872 1920 qui
895 1885 969 1910 rem
992 1875 1111 1921 ipsam
1134 1874 1364 1910 administrat
1392 1877 1429 1909 et
1453 1872 1497 1908 de
1514 1873 1710 1919 provincia
1732 1872 1891 1915 decedat,
1915 1873 2134 1918 priusquam
2158 1876 2297 1918 tempus
2316 1871 2496 1913 adveniat,

281 1924 318 1955 et
340 1929 494 1954 annonis
521 1919 701 1965 privatam
730 1930 823 1965 quas
853 1930 932 1954 eum
961 1920 1126 1966 accipere
1157 1923 1300 1967 oportet
1329 1918 1444 1954 donec
1465 1918 1717 1964 maqistratum
1743 1918 1913 1964 deponat.
1961 1916 2125 1971 Deponet
2147 1920 2265 1953 autem
2288 1927 2386 1959 cum,
2417 1927 2497 1952 cum

281 1974 469 1999 successor
491 1963 540 1998 ad
554 1963 783 2010 provinciam
807 1964 966 2006 accedat,
991 1965 1130 2001 duobus
1151 1965 1268 2000 solum
1291 1963 1417 1999 diebus
1440 1969 1526 1998 ante
1549 1973 1656 2008 quam
1679 1962 1742 1998 ille
1763 1962 1988 2009 provinciam
2010 1973 2049 1998 m
2074 1962 2249 1999 rediatur.

356 2022 361 2029 2
418 2008 453 2043 Ε
453 2009 662 2061 piloqus.
710 2008 811 2052 Quae
835 2010 954 2045 omnia
977 2021 1000 2045 a
1023 2011 1107 2046 sede
1132 2015 1214 2046 tuae
1236 2008 1466 2044 sublimitatis
1496 2008 1534 2042 iu
1554 2011 1781 2054 perpetuum·
1801 2007 1976 2043 custodiri
2000 2018 2043 2043 vo
2057 2018 2172 2049 umus,
2203 2009 2312 2053 atquc
2334 2005 2398 2042 ubi
2417 2016 2497 2041 eum

282 2054 331 2089 ad
352 2054 583 2100 promotam
612 2054 804 2089 accessisse
835 2055 1067 2101 coqnoveris,
1099 2065 1266 2091 annonas
1289 2065 1313 2088 a
1336 2053 1524 2089 decessore
1553 2053 1592 2087 in
1614 2062 1856 2088 successorem
1890 2053 2103 2098 transferri,
2134 2051 2273 2098 alioqui
2295 2061 2359 2087 eas
2378 2050 2498 2098 priori

280 2098 474 2134 secundum
498 2099 537 2134 id
559 2098 657 2144 quod
678 2110 702 2133 a
725 2098 827 2135 nobis
849 2100 1083 2135 constitutum
1105 2105 1160 2136 est
1180 2099 1349 2147 praeberi
1373 2098 1543 2139 iubemus,
1574 2097 1687 2133 donec
1708 2097 1748 2132 in
1766 2096 1994 2144 provinciam
2017 2107 2203 2134 successor
2224 2097 2361 2133 venerit
2390 2106 2499 2143 seque

280 2144 447 2180 subiectis
471 2143 676 2179 ostenderit.

415 2188 515 2231 Quae
533 2189 647 2235 iqitur
666 2188 770 2224 nobis
782 2189 1004 2235 placuerunt
1026 2193 1063 2224 et
1084 2199 1154 2235 per
1171 2187 1266 2223 hanc
1285 2198 1428 2224 sacram
1452 2187 1565 2233 leqem
1585 2186 1818 2223 declarantur
1842 2190 1904 2222 tua
1922 2186 2121 2223 sublimitas
2141 2186 2190 2222 ad
2208 2197 2300 2234 opus
2319 2184 2499 2232 effectum-

281 2246 350 2280 que
373 2233 553 2269 adducere
575 2233 727 2269 studeat.

329 2349 344 2380 1
367 2349 468 2389 μέχρι
490 2345 575 2379 τότε
588 2346 696 2386 ΜΒς]
720 2348 821 2390 μέχρι
836 2343 964 2378 τούτου
979 2347 1009 2379 L
1029 2347 1108 2387 (ἕως
1123 2344 1208 2379 τότε
1225 2344 1332 2386 Ῥοπ.)
1346 2344 1351 2388 Ι

282 2394 303 2426 4
326 2390 480 2436 πράξεσι
506 2392 535 2423 L
555 2391 604 2434 116
628 2390 666 2430 ἐξ
690 2391 837 2432 ἐκείνου]
861 2390 955 2423 illius
980 2402 999 2426 ς
1015 2391 1028 2434 ΙΙ
1047 2394 1064 2424 7
1089 2390 1168 2432 τὸν]
1193 2391 1272 2424 τῶν
1297 2391 1342 2423 Μ
1345 2389 1352 2434 Ι

281 2437 397 2470 ταῦτα
413 2435 630 2479 νομίζεσθαι
650 2437 695 2468 Μ
706 2438 717 2474 11
735 2437 753 2470 8
771 2431 825 2476 οὗ]
850 2431 933 2468 οὐδὲ
950 2437 980 2469 L
997 2435 1010 2481 ΙΙ
1038 2439 1076 2471 11
1088 2449 1136 2479 sq.
1157 2435 1225 2469 τὸν
1241 2434 1359 2469 τόπον

282 2479 463 2525 πληρώσει
486 2483 517 2514 L
545 2482 557 2524 ΙΙ
587 2483 626 2514 17
653 2481 821 2523 ἐπισταίη
846 2482 1044 2522 Zachariae]
1075 2482 1223 2524 ἐπιβαίη
1249 2482 1326 2514 libri
1344 2479 1360 2535 ΙΙ

283 2529 325 2560 29
334 2529 455 2559 subscr.
467 2539 524 2559 om.
538 2527 582 2558 M
583 2526 647 2559 Iul.
661 2526 672 2569 Η
685 2526 750 2558 dat.
766 2526 832 2558 kal.
842 2527 927 2559 Nov.
937 2537 1076 2560 -cons.
1090 2539 1120 2567 ς,
1137 2526 1273 2572 ἐγράφη
1286 2537 1357 2570 προ

282 2570 308 2603 ε’
326 2568 519 2603 καλανδῶν
536 2572 754 2615 Νοεμβρίων
771 2569 953 2613 βασιλείας
971 2568 1223 2605 Ἰουστινιανοῦ
1247 2569 1290 2604 τὸ
1306 2570 1357 2615 ιγ’

282 2612 454 2648 ὑπατείας
481 2612 654 2649 Ἀπίωνος
685 2618 759 2648 ΔτΙι.
808 2615 1025 2660 ἑξεφωνήθη
1057 2619 1144 2659 μηνὶ
1177 2618 1359 2660 νοεμβρίῳ

283 2659 464 2703 βασιλείας
488 2661 560 2693 ἔτει
584 2659 632 2705 ιγ’
658 2656 814 2702 ὑπατείᾳ
835 2657 997 2694 Ἀπίονος
1021 2663 1142 2695 Theoti.
1183 2662 1359 2694 Praestare

285 2714 390 2738 notam
415 2707 480 2738 diei
500 2708 531 2737 in
549 2717 568 2740 ς
589 2718 682 2748 quam
702 2707 792 2748 apud
806 2706 881 2738 Ath.
899 2708 1052 2740 traditam
1072 2719 1111 2740 ea·
1128 2708 1360 2749 subscriptione

284 2763 354 2783 nov.
379 2762 446 2793 seq.
472 2751 574 2793 efficit
596 2750 785 2783 Zachariae

330 2841 346 2872 1
372 2839 419 2871 Et
442 2851 501 2877 om.
527 2838 578 2871 1⁷¹
604 2839 616 2880 ΙΙ
644 2840 664 2872 2
689 2838 863 2879 cingulum
886 2839 920 2871 R
948 2838 961 2881 ΙΙ
988 2841 1021 2871 et
1042 2839 1295 2881 gubernantem]
1328 2841 1361 2872 et

285 2897 344 2918 om.
365 2883 442 2926 1⁷¹ss
460 2885 479 2917 3
502 2883 646 2916 iudicari
670 2884 764 2917 Beck
779 2882 793 2927 ss
810 2885 832 2916 4
855 2883 967 2923 sicuti]
994 2897 1052 2917 om.
1074 2884 1125 2917 V¹
1157 2887 1196 2917 ut
1227 2883 1277 2917 V³
1292 2883 1305 2927 ΙΙ
1322 2883 1359 2916 111

284 2928 488 2972 provinciam
511 2929 597 2972 only.
615 2927 665 2972 115
689 2929 759 2971 ipse
784 2928 890 2969 Beck]
914 2929 986 2971 ipsa
1011 2929 1088 2962 libri
1108 2929 1214 2971 ipsam
1236 2929 1323 2972 vulq.
1348 2927 1361 2972 ΙΙ

1426 2344 1598 2378 accesserit
1630 2344 1725 2385 Vnt]
1763 2343 1963 2377 accesserint
1984 2342 2058 2376 ΕΤ
2072 2343 2156 2387 vulq.
2187 2341 2200 2387 ΙΙ
2226 2342 2322 2376 illinc
2351 2343 2500 2385 accipere

1425 2389 1561 2432 publiea
1583 2388 1805 2421 emolumenta
1828 2389 1922 2422 Beck
1948 2388 1961 2430 ΙΙ
1991 2389 2012 2420 6
2035 2397 2111 2421 vero
2136 2389 2255 2422 addidi
2275 2389 2398 2428 (autem
2421 2389 2498 2422 add.

1427 2435 1533 2476 Beck)
1551 2433 1564 2478 ΙΙ
1579 2434 1638 2476 qui
1661 2434 1697 2466 in
1717 2433 1826 2474 rebus]
1851 2433 1910 2475 qui
1933 2432 2082 2466 omnium
2104 2433 2140 2465 in
2163 2432 2260 2465 rebus
2284 2431 2335 2467 V²
2349 2434 2383 2466 in
2399 2445 2465 2466 rac.
2487 2431 2500 2477 ΙΙ

1428 2482 1445 2513 7
1465 2480 1577 2512 existit
1591 2480 1683 2512 Beck
1701 2478 1713 2522 ΙΙ
1729 2478 1876 2520 accipere
1894 2477 1948 2522 ΤΙΙ
1965 2477 2126 2519 omnium]
2150 2479 2262 2511 uirum
2281 2477 2334 2512 Ra
2351 2479 2364 2519 ΙΙ
2379 2478 2399 2512 8
2423 2488 2500 2521 por-

1427 2524 1531 2558 tabile
1560 2525 1614 2558 Τα
1638 2523 1651 2567 ΙΙ
1675 2525 1695 2557 9
1719 2526 1852 2557 statu-o
1872 2523 1924 2556 V“
1947 2522 1960 2565 ss
1984 2522 2091 2564 aliqui
2113 2523 2162 2556 7ι
2191 2523 2204 2567 ΙΙ
2232 2525 2273 2557 10
2295 2522 2501 2556 ordinandus

1430 2570 1479 2603 T¹
1496 2569 1508 2613 ΙΙ
1528 2571 1566 2604 11
1594 2569 1760 2601 hominem
1784 2587 1827 2593 --
1848 2567 2023 2601 habentem
2048 2569 2133 2609 libri,
2157 2581 2239 2602 corr.
2253 2569 2339 2612 vulq.
2357 2567 2371 2611 ΙΙ
2391 2568 2432 2601 12
2446 2566 2500 2601 illi

1437 2615 1483 2647 V¹
1499 2620 1511 2656 ss
1539 2614 1750 2647 discendente
1773 2614 1806 2647 R
1837 2612 2053 2647 descendente
2073 2613 2122 2645 7ι
2137 2613 2149 2656 ΙΙ
2176 2614 2218 2647 14
2242 2613 2500 2646 emolumentum

1428 2659 1477 2692 R²
1494 2659 1507 2703 ΙΙ
1523 2661 1610 2700 eum]
1634 2659 1752 2692 cuius?
1775 2658 1825 2691 R¹
1841 2658 1854 2701 ΙΙ
1881 2660 1922 2692 15
1945 2660 2049 2701 ponat
2071 2657 2118 2690 R*
2141 2659 2154 2700 u
2179 2658 2333 2701 deponet]
2357 2657 2501 2701 deponat

1435 2704 1512 2738 VT*
1527 2704 1540 2747 ΙΙ
1557 2705 1635 2736 dum
1659 2716 1718 2736 om.
1740 2703 1796 2746 711
1816 2705 1857 2737 16
1881 2703 1986 2735 solum
2011 2702 2092 2735 duos
2112 2702 2170 2747 711
2186 2704 2225 2737 21
2249 2702 2420 2736 eelsitudis
2438 2701 2501 2746 Vfl
2556 2715 2558 2719 ·

1427 2750 1470 2783 22
1500 2749 1672 2782 adstetisse
1704 2748 1771 2791 711
1806 2757 2016 2791 nee-ponere
2050 2747 2099 2780 7ι
2124 2748 2136 2791 ΙΙ
2170 2749 2213 2783 23
2243 2758 2282 2780 ea
2309 2748 2411 2792 vala]
2445 2756 2501 2780 eas

1428 2795 1506 2827 libri
1520 2793 1533 2837 ΙΙ
1558 2795 1601 2827 24
1618 2793 1803 2836 depositum
1820 2794 1853 2826 R
1868 2793 1880 2835 ΙΙ
1905 2794 1946 2826 27
1969 2792 2065 2825 nobis
2088 2805 2145 2826 om.
2163 2794 2195 2826 T
2207 2793 2219 2835 ΙΙ
2235 2793 2279 2826 29
2290 2794 2412 2826 subscr.
2432 2791 2498 2825 dat.

1427 2838 1493 2870 kal.
1520 2845 1562 2872 no
1583 2839 1703 2871 Bamb.
1716 2838 1760 2871 II
1785 2837 1898 2870 datum
1918 2837 1982 2870 kls.
2006 2837 2196 2870 nouembris
2215 2841 2266 2880 e-p.
2288 2837 2501 2879 Imperatoris

1427 2883 1561 2916 Iustini.
1591 2893 1704 2925 prepo.
1735 2893 1824 2915 anno
1846 2882 1948 2915 XIII.
1979 2882 2098 2924 apione
2128 2883 2203 2915 uiro
2233 2881 2417 2915 clarissimo
2448 2882 2500 2915 ed.

1424 2929 1543 2971 princ„
1568 2940 1626 2961 om.
1643 2928 1713 2961 rell.
