2592 3840
254 68 360 112 Nov.
382 69 560 113 LXXIV
591 72 629 112 3.
662 73 687 112 4

1287 138 1290 141 ¹
1329 67 1416 115 374

1857 83 2019 130 QUIBUS
2047 83 2182 117 MODIS
2211 83 2472 117 NATURALES

1238 193 1394 229 CAPUT
1421 193 1486 228 111.

299 261 371 291 Καὶ
395 256 435 292 οὗ
460 259 613 303 λέληθεν
638 258 724 302 ἡμᾶς
756 257 804 293 ὠς
827 261 887 292 καὶ
911 257 930 293 ὁ
954 260 1014 303 τῆς
1037 259 1223 295 υἱοθεσίας
1246 260 1325 306 τρό-

252 315 319 337 πος
341 298 385 347 ἦν
409 304 520 339 πάλαι
544 308 617 339 τισὶ
640 305 718 338 τῶν
745 303 815 349 πρὸ
838 301 941 348 ἡμῶν
966 302 1244 351 αὐτοκρατόρων
1268 309 1328 341 ἐπὶ

252 351 330 383 τῶν
364 349 492 384 νόθων
526 351 604 384 τῶν
638 350 685 383 εἰς
715 353 880 396 γνησίους
914 350 1198 394 μεθισταμένων
1229 365 1327 395 νομι-

253 395 356 428 σθεὶς
391 392 454 428 οὐκ
485 393 657 438 ἀδόκιμος.
714 391 795 428 ἀλλ’
823 392 843 429 ὅ
865 408 905 441 γε
928 396 988 437 τῆς
1011 393 1176 439 εὐσεβοῦς
1200 395 1328 439 λήξεως

253 437 355 483 ἡμῶν
383 439 502 485 πατὴρ
526 443 585 474 καὶ
615 437 636 483 ἡ
658 437 816 480 διάταξις
839 437 861 483 ἡ
893 440 985 486 παρ’
1012 442 1146 475 ἐκείνου
1177 443 1328 476 τεθεῖσα

252 487 329 519 τῶν
359 483 537 520 τοιούτων
560 488 733 530 κατέγνω,
763 488 886 529 μένειν
911 483 951 519 δὲ
973 483 1139 529 κάκείνην
1168 488 1228 521 ἐπὶ
1250 488 1328 522 τῶν

253 531 375 573 ἑαυτῆς
396 529 493 574 ὅρων
514 529 734 574 βουλόμεθα,
760 528 884 574 ἐπειδὴ
904 532 965 573 τῆς
981 529 1215 577 σωφροσύνης
1233 530 1326 577 ἀκρι-

252 577 326 619 βῶς
350 577 562 618 ἐστόχασται
594 578 652 609 καὶ
676 574 717 609 οὗ
742 575 916 622 προςῆκόν
949 578 1026 610 ἐστι
1056 575 1104 612 τὰ
1134 576 1253 612 καλῶς
1275 580 1327 612 ἐκ·

252 620 455 666 βεβλημένοι
480 620 590 656 πάλιν
620 621 669 656 εἰς
692 620 880 655 πολιτείαν
904 621 1081 669 κατάγειν.

1441 260 1488 294 Et
1518 271 1583 296 nos
1614 272 1686 297 non
1719 261 1824 297 latuit
1852 261 1937 306 quia
1968 262 2076 298 etiam
2109 262 2312 308 adoptionis
2347 264 2472 301 modus

1398 310 1476 340 erat
1500 307 1696 351 antiquitus
1718 307 1764 342 ab
1789 306 1966 351 aliquibus
1989 309 2072 343 ante
2087 311 2169 350 ‚nos
2198 306 2471 353 imperatoribus

1399 361 1506 395 super
1538 352 1718 387 naturales
1749 352 1796 387 ad
1826 351 2001 397 legitimos
2025 352 2290 400 transferendos
2313 364 2383 389 non
2406 354 2471 390 im·

1397 396 1593 441 probabilis
1629 397 1849 434 aestimatus.
1910 397 1981 433 Sed
2014 407 2128 442 aeque
2162 398 2243 443 piae
2284 400 2473 435 memoriae

1365 445 1384 477 5
1397 444 1522 477 noster
1570 443 1648 478 ater
1672 445 1708 478 et
1731 442 1938 479 constitutio
1969 443 2014 479 ab
2045 443 2105 479 illo
2137 443 2280 497 prolata
2308 443 2396 480 talia
2418 454 2471 480 re-

1397 453 1594 531 prehendit.
1642 487 1789 524 Manere
1821 498 1903 533 ergo
1938 492 1975 524 et
2007 488 2104 524 illam
2137 499 2175 524 in
2206 490 2280 524 suis
2312 489 2472 525 terminis

1397 532 1579 576 volumus,
1602 534 1769 578 quoniam
1794 534 1994 570 castitatem
2018 534 2204 578 diligenter
2228 534 2473 577 consideravit,

1397 581 1433 612 et
1465 578 1710 623 incompetens
1740 582 1796 615 est
1827 588 1918 624 quae
1946 579 2037 615 bene
2067 579 2214 616 exclusa
2242 581 2328 615 sunt
2349 589 2474 616 rursus

1397 622 1443 659 ad
1466 623 1721 669 rempublicam
1745 634 1924 661 revocare.

1245 713 1401 750 CAPUT
1422 713 1484 750 lv.

310 766 463 803 Κάκεῖνο
496 766 535 802 δὲ
565 762 752 814 ἡγούμεθα
784 767 929 803 κάλλιον
962 769 1055 803 εἶναι
1086 768 1193 811 τάξαι
1228 782 1329 816 προς·
1346 774 1387 806 10
1442 769 1537 806 Illud
1560 780 1702 815 quoque
1728 770 1854 806 melius
1878 770 2094 806 arbitramur
2124 771 2342 808 constituere
2373 781 2470 808 com-

252 814 420 857 ηκόντως,
445 810 534 859 ὅπερ
559 816 597 847 ἐκ
620 812 749 857 πολλῆς
773 815 835 859 τῆς
858 815 936 848 τῶν
952 812 1186 861 πραγμάτων
1204 814 1327 861 ἐλάβο-
1382 819 1579 861 'petenter‚
1615 815 1709 860 quod
1741 825 1786 851 ex
1820 815 1971 861 plurimo
2007 826 2197 852 causarum
2230 817 2472 862 experimento

251 872 319 904 μεν
343 862 485 903 πείρας·
511 858 641 894 πολλαὶ
665 860 753 906 γοῦν
776 863 835 893 καὶ
858 859 980 905 ἐφεξῆς
1003 858 1099 894 δίκαι
1120 860 1328 908 προςηγγελ-
1399 860 1645 905 cognovimus3
1682 861 1815 896 multae
1838 861 1980 906 quidem
2002 864 2040 898 et
2063 862 2252 899 continuae
2276 862 2358 898 lites
2380 872 2472 898 nun-

251 907 356 949 μέναι
372 906 424 947 τῷ
443 902 603 949 ἡμετέρῳ
621 904 742 951 κράτει
761 906 824 940 τοῦ
843 904 1022 953 παρόντος
1041 904 1128 950 ἡμᾶς
1144 907 1192 941 εἰς
1206 910 1330 953 χρείαν
1399 906 1511 942 tiatae
1545 909 1692 942 nostrae
1729 906 1908 942 maiestati
1943 906 1990 942 ad
2021 917 2113 952 opus
2147 918 2214 944 1108
2249 907 2473 943 deduxerunt

251 949 385 997 ἤγαγον
416 948 539 994 νόμου.
587 949 711 993 ἐπειδὴ
743 950 811 997 γὰρ
834 953 893 984 καὶ
925 953 999 985 τοῖς
1023 949 1189 986 παλαιοῖς
1211 949 1329 999 ὃιηγό-
1397 951 1495 997 legis.
1543 951 1636 996 Quia
1660 951 1753 987 enim
1778 955 1814 987 et
1837 951 1993 998 antiquis
2018 953 2281 998 promulgatum
2307 955 2364 989 est
2385 953 2472 998 legi-

252 1009 374 1049 ρευται
398 995 519 1050 νόμους
551 998 610 1029 καὶ
643 993 727 1040 ἡμῖν
752 994 871 1030 αὐτοῖς
901 993 946 1031 τὰ
975 993 1066 1030 αὐτὰ
1086 994 1328 1039 διατέτακται,
1344 1000 1383 1033 15
1398 997 1466 1033 bus
1491 1001 1527 1033 et
1550 1007 1573 1032 a
1596 997 1700 1033 nobis
1723 997 1812 1042 ipsis
1833 1000 1917 1033 sunt
1939 997 2030 1033 haec
2054 997 2177 1033 eadem
2201 997 2408 1043 constituta,
2432 1001 2475 1033 ut

253 1052 340 1075 ωςτε
364 1052 445 1074 τους
470 1052 601 1088 γαμους
631 1044 690 1074 καὶ
713 1042 880 1088 γαμικῶν
904 1040 1138 1086 συμβολαίων
1161 1045 1268 1088 χωρὶς
1292 1044 1330 1076 ἐκ
1398 1053 1446 1078 1111
1474 1042 1546 1078 tiae
1577 1045 1614 1078 et
1644 1044 1747 1078 extra
1778 1042 1913 1079 dotalia
1936 1043 2150 1079 documenta
2173 1052 2218 1079 ex
2241 1043 2318 1079 solo
2341 1043 2474 1079 affectu

250 1084 360 1131 μόνης
391 1087 581 1131 ἐρρῶσθαι
614 1084 815 1121 διαθέσεως
845 1089 905 1120 καὶ
929 1090 1066 1134 κυρίους
1089 1087 1200 1130 εἶναι,
1232 1100 1331 1122 νενο-

252 1132 442 1176 θευμε’νων
456 1129 529 1177 (δὲ)
544 1130 628 1175 ἡμῖν
646 1132 820 1166 ἐντεῦθεν
836 1131 1146 1190 συναλλαγμάτων
1162 1131 1330 1176 ἐπλήσθη
1398 1144 1442 1170 ex
1466 1133 1535 1170 hoc
1559 1136 1614 1169 est
1638 1133 1815 1179 completa
1830 1133 2035 1179 respublica
2049 1136 2147 1177 (nam
2162 1133 2346 1170 introeunt
2362 1135 2474 1170 testes

252 1176 292 1211 τὸ
315 1176 522 1222 πολίτευμα,
544 1180 604 1211 καὶ
621 1181 774 1224 παρίασι
793 1176 968 1224 μάρτυρες
986 1176 1184 1213 ακινδύνως
1202 1177 1330 1225 ψευδό-
1400 1179 1476 1215 sine
1499 1179 1659 1225 periculo
1684 1178 1915 1223 mentientes,
1940 1179 2023 1225 quia
2045 1179 2100 1215 vir
2122 1179 2273 1215 vocabat
2295 1179 2474 1215 dominam

250 1235 351 1267 μενοι
383 1225 442 1256 καὶ
465 1219 522 1256 ὅτι
547 1227 674 1268 κυρίαν
698 1222 812 1257 ἐκάλει
833 1222 900 1267 τὴν
923 1225 1161 1258 συνοικοῦσαν
1189 1221 1208 1258 ὁ
1239 1221 1329 1270 ἀνὴρ
1343 1227 1385 1260 20
1399 1225 1646 1260 cohaerentem
1669 1227 1706 1260 et
1728 1224 1836 1260 istum
1855 1224 1918 1259 illa
1941 1224 2103 1261 similiter
2124 1224 2340 1268 nominabat,
2361 1228 2398 1260 et
2421 1224 2472 1261 Sic

251 1268 392 1311 κάκείνη
425 1269 555 1302 τοῦτον
578 1265 710 1312 ὁμοίως
744 1266 929 1313 ὠνόμαζε,
967 1271 1027 1302 καὶ
1058 1266 1173 1303 οὕτως
1210 1267 1330 1304 αὐτοῖς
1400 1270 1449 1305 eis
1474 1270 1658 1314 finguntur
1681 1270 1908 1306 matrimonia
1930 1280 2003 1306 non
2025 1280 2090 1316 pro
2115 1269 2264 1306 veritate
2286 1269 2474 1313 confecta),-

252 1310 448 1348 πλάττεται
488 1317 693 1348 συνοικέσια
735 1318 795 1348 καὶ
837 1312 886 1359 μὴ
928 1317 1006 1349 ταῖς
1046 1313 1233 1358 ἀληθείαις
1272 1327 1330 1349 συ-
1399 1316 1467 1351 hoc
1491 1315 1754 1351 aestimavimus
1780 1319 1949 1361 oportere
1972 1315 2167 1352 secundum
2199 1315 2383 1352 naturales
2413 1315 2474 1350 de-

252 1356 407 1393 στάντα·
443 1360 550 1393 τοῦτο
575 1357 751 1403 ᾠήθημεν
781 1361 909 1405 χρῆναι
938 1358 1030 1394 κατὰ
1059 1360 1142 1395 τοὺς
1165 1360 1331 1406 φυσικοὺς
1398 1361 1501 1396 finire
1534 1361 1642 1405 leges.
1699 1360 1872 1397 Novimus
1905 1361 2034 1396 etenim
2069 1365 2104 1397 et
2138 1360 2314 1397 castitatis
2350 1370 2475 1398 sumus

253 1404 409 1450 διορίσαι
430 1403 568 1448 νόμους.
611 1404 714 1450 ἴσμεν
732 1403 811 1453 γάρ,
835 1406 867 1439 εἰ
889 1408 950 1439 καὶ
974 1404 1209 1451 σωφροσύνης
1223 1407 1331 1450 ἐσμεν
1400 1409 1578 1442 amatores
1611 1409 1647 1442 et
1677 1406 1766 1442 haec
1797 1406 1931 1443 nostris
1967 1406 2146 1443 sancimus
2182 1406 2372 1444 subiectis:
2411 1405 2476 1442 sed

252 1451 401 1496 ἐρασταὶ
425 1452 485 1483 καὶ
508 1450 624 1484 ταῦτα
647 1453 720 1485 τοῖς
744 1449 923 1496 ἡμετέροις
946 1451 1219 1495 νομοθετοῦμεν
1241 1448 1330 1495 ὑπη-
1344 1455 1386 1487 25
1399 1452 1488 1488 nihil
1512 1455 1567 1488 est
1589 1452 1711 1488 furore
1734 1451 1866 1488 amoris
1889 1452 2155 1495 vehementium
2186 1462 2291 1498 quem
2320 1451 2475 1488 retinere

252 1495 363 1537 κόοις,
385 1492 466 1529 ἀλλ’
486 1493 592 1529 οὐδὲν
612 1495 705 1530 εἶναι
727 1499 859 1541 μανίας
882 1497 1053 1542 ἐρωτικῆς
1077 1494 1331 1543 σφοδρότερον,
1399 1497 1649 1542 philosophiae
1677 1499 1733 1533 est
1763 1497 1966 1542 perfectae,
2001 1497 2178 1534 monentis
2200 1499 2238 1533 et
2259 1496 2475 1533 insilientem

252 1539 295 1584 ἣν
320 1542 479 1583 ἐπισχεῖν
504 1540 716 1586 φιλοσοφίας
747 1544 847 1576 ἐστὶν
870 1538 1054 1587 ἀκριβοῦς,
1088 1541 1331 1586 νουθετούσης
1399 1547 1507 1587 atque
1537 1543 1779 1578 inhaerentem
1811 1542 2138 1589 concupiscentiam
2166 1539 2398 1587 refrenantis3
2434 1545 2477 1577 ut

252 1600 291 1620 τε
326 1590 386 1620 καὶ
421 1584 600 1629 πηδῶσαν
636 1589 695 1621 καὶ
731 1585 989 1643 σφαδάζουσαν
1022 1586 1090 1630 τὴν
1126 1587 1330 1632 ἐπιθυμίαν
1400 1589 1437 1623 hi
1462 1588 1524 1633 qui
1547 1589 1616 1624 hoc
1640 1588 1706 1623 tali
1727 1587 1931 1624 detinentur
1952 1588 2060 1634 (quo)
2076 1599 2122 1630 ,se
2141 1587 2373 1624 abstinebunt
2401 1597 2475 1624 ser-

253 1630 457 1674 ἐπεχούσης·
503 1628 591 1666 ὦςτε
630 1631 666 1666 οἱ
698 1645 816 1676 τουτῳ
856 1635 1111 1678 κεκρατημένοι
1146 1636 1244 1667 τίνος
1284 1630 1330 1667 ἂν
1398 1644 1502 1670 mone
1525 1635 1573 1670 ad
1596 1643 1657 1669 eas
1681 1644 1771 1679 quas
1795 1636 1927 1676 amant,
1951 1643 2057 1679 quem
2080 1634 2131 1669 eis
2154 1643 2228 1669 non
2250 1643 2316 1679 pet
2337 1632 2491 1680 blandiffi

252 1675 469 1720 ἀπόσχοιντο
501 1677 657 1723 ῥήματος
689 1678 775 1723 πρὸς
799 1676 861 1713 τὰς
886 1677 939 1712 ὡν
971 1678 1113 1725 ἐρῶσιν,
1150 1674 1239 1726 ὅπερ
1270 1676 1329 1712 αὖ·
1343 1682 1386 1714 30
1402 1682 1523 1715 menta
1547 1679 1764 1715 conferunt?
1788 1678 1941 1725 denique
1957 1680 1995 1714 in
2013 1682 2154 1715 tantum
2174 1678 2283 1714 etiam
2306 1680 2390 1715 ante
2403 1685 2476 1714 'nos

252 1726 328 1757 ταῖς
358 1721 400 1757 οὐ
425 1720 484 1756 διὰ
507 1721 697 1757 κολακείαν
727 1722 838 1769 προςά
861 1735 954 1764 ουσι;
991 1724 1184 1771 τοιγαροῦν
1206 1724 1330 1758 τοσοῦ·
1400 1725 1619 1770 legislatores
1637 1724 1729 1760 tales
1745 1724 1905 1760 scierunt
1919 1724 2118 1760 animorum
2133 1723 2294 1768 affectus,
2312 1727 2353 1759 ut
2368 1723 2477 1759 etiam

251 1781 317 1802 τον
348 1771 407 1802 καὶ
438 1768 474 1802 οἱ
500 1766 570 1814 πρὸ
602 1766 707 1813 ἡμῶν
730 1781 820 1813 νομο
853 1771 932 1803 ε’ται
963 1767 1027 1803 τὰς
1056 1767 1226 1803 τοιαύτας
1248 1766 1329 1812 ἠπί-
1399 1770 1611 1806 donationes
1632 1772 1819 1806 constante
1835 1769 2060 1806 matrimonio
2079 1769 2320 1814 prohiberent,
2344 1771 2386 1805 ut
2403 1778 2476 1804 non

252 1826 388 1848 σταντο
411 1815 496 1860 τῶν,
513 1815 641 1859 ψυχῶν
666 1812 858 1856 διαθέσεις,
884 1810 974 1848 ὥςτε
997 1816 1056 1848 καὶ
1078 1814 1142 1849 τὰς
1164 1816 1205 1849 ἐν
1223 1814 1328 1861 γάμῳ
1400 1815 1713 1862 concupiscentiae
1746 1815 1988 1860 magnitudine
2011 1814 2094 1851 victi
2124 1815 2277 1851 laterent
2303 1814 2477 1861 paulatim

252 1856 428 1893 κωλύουσι
452 1857 598 1905 δωρεάς,
630 1859 691 1894 ἵνα
713 1858 761 1905 μὴ
784 1861 828 1907 τῇ
853 1860 915 1903 τῆς
938 1859 1135 1903 ἐπιθυμίας
1157 1860 1328 1904 νικηθέν-
1401 1861 1568 1907 coniuges
1605 1862 1717 1897 semet
1741 1860 1839 1906 ipsos
1863 1870 1931 1897 sua
1953 1860 2094 1905 privare
2117 1860 2328 1896 substantia.
2375 1858 2476 1895 Haec

251 1916 312 1958 ng
329 1903 510 1959 ὑπερβολῇ
541 1903 699 1961 λάθοιωῖ
715 1904 808 1941 κατὰ
825 1903 959 1959 μικρὸν
983 1905 1129 1958 ἑαυτοὺς
1156 1905 1199 1960 οξ
1213 1918 1329 1960 συνοι-
1342 1908 1386 1941 35
1399 1916 1484 1952 ergo
1510 1909 1610 1943 casta
1632 1907 1708 1951 lege
1732 1906 1872 1942 sancire
1893 1906 1983 1942 bene
2006 1915 2046 1942 se
2067 1905 2201 1942 habere
2223 1904 2447 1942 credidimus.

252 1961 395 1985 κουντεε
429 1962 490 1994 της
526 1954 648 1984 ovatae
680 1963 951 1999 αφαιρουμενοι.
1006 1963 1122 1985 ταυτα
1157 1963 1223 1985 ουν
1260 1962 1330 1985 σω-

253 2009 359 2043 φρονι
383 1995 484 2042 νόμῳ
510 1994 851 2040 ὃιαθεσμοθετῆσαι
874 1994 992 2030 καλῶς
1023 1997 1119 2039 ἔχειν
1142 1993 1331 2041 ᾠήθημεν.
1834 2024 1837 2026 -

252 2044 271 2076 1
317 2039 398 2075 Ἐπὶ
425 2043 492 2085 μὲν
515 2034 579 2076 οὖν
609 2043 687 2076 τῶν
709 2040 891 2086 μειζόνων
921 2040 1141 2086 ἀξιωμάτων
1171 2044 1231 2076 καὶ
1262 2038 1332 2086 ὅσα
1399 2043 1422 2079 1
1466 2041 1510 2077 In
1533 2041 1728 2078 maioribus
1751 2042 1874 2087 itaque
1903 2041 2135 2086 dignitatibus
2166 2045 2204 2077 et
2256 2050 2478 2086 uaecumque

251 2090 351 2131 μέχρι
385 2087 462 2121 τῶν
493 2084 676 2134 ἡμετέρων
706 2089 783 2121 ἐστὶ
808 2085 1055 2133 συγκλητικῶν
1085 2090 1145 2121 καὶ
1171 2088 1250 2122 τῶν
1273 2100 1331 2132 με·
1401 2097 1514 2132 usque
1537 2086 1585 2122 ad
1609 2089 1753 2123 nostros
1775 2090 1832 2124 est
1855 2091 2039 2124 senatores
2055 2090 2092 2122 et
2106 2097 2143 2122 m
2215 2087 2224 2095 “
2253 2086 2476 2125 centissimos

385 2177 449 2213 ΙΙΙ.
499 2177 623 2223 Neque
639 2178 748 2258 [uait
770 2189 835 2213 nos
858 2179 965 2213 etiam
989 2179 1200 2224 adoptionis
1220 2180 1364 2213 modum
1395 2178 1482 2213 olim
1504 2174 1689 2213 nonnullis
1712 2188 1838 2213 eorum
1859 2179 1931 2258 θαι·
1954 2182 2039 2214 ante
2058 2188 2126 2213 nos
2147 2179 2301 2223 fuerunt
2322 2177 2478 2224 impera-

255 2223 391 2260 toribus
423 2222 472 2258 ad
502 2227 637 2259 natura
652 2233 690 2258 es
721 2223 900 2270 leqitimos
930 2222 1134 2259 reddendos
1164 2233 1239 2258 non
1269 2222 1458 2269 indiqnum
1489 2233 1565 2259 esse
1595 2222 1803 2258 iudicatum.
1891 2233 1991 2258 erum
2013 2233 2058 2259 ea
2078 2233 2216 2270 parens
2238 2226 2362 2259 noster
2387 2223 2479 2270 piae

253 2269 445 2305 memoriae
472 2274 507 2304 et
532 2269 742 2304 constitutio
767 2269 812 2305 ab
836 2269 899 2304 illo
925 2269 1000 2304 lata
1023 2268 1146 2307 reiecit
1153 2281 1167 2310 ;
1201 2279 1309 2314 quam
1337 2279 1483 2305 manere
1512 2268 1795 2315 ipsamquoque
1818 2268 1856 2304 in
1879 2279 1946 2304 suo
1969 2271 2068 2304 statu
2092 2268 2273 2312 volumus,
2306 2268 2478 2314 quoniam

253 2315 452 2350 castitatem
475 2317 645 2350 accurate
667 2318 804 2350 sectata
828 2319 882 2350 est
905 2324 971 2350 nec
994 2313 1096 2350 decet
1114 2324 1158 2349 ea
1178 2325 1272 2360 quae
1295 2317 1391 2350 recte
1414 2314 1571 2361 explosa
1590 2317 1676 2349 sunt
1698 2324 1827 2349 rursus
1850 2314 1888 2348 in
1914 2313 2171 2360 rempublicam
2193 2323 2376 2350 revocare.

386 2360 449 2395 IV.
496 2358 571 2396 Sed
593 2359 686 2395 illud
709 2371 852 2406 quoque
875 2364 917 2395 ut
940 2363 1027 2406 apte
1059 2359 1267 2395 ordinemus
1293 2360 1409 2395 satius
1439 2370 1516 2396 esse
1540 2359 1773 2402 arbitramur,
1793 2358 1895 2406 quod
1907 2369 1959 2396 ex
1972 2359 2086 2395 multa
2108 2370 2229 2396 rerum
2251 2359 2480 2406 experientia
2506 2368 2508 2371 ’

254 2407 476 2453 accepimus.-
508 2408 604 2441 certe
627 2407 760 2441 multae
784 2409 820 2441 et
845 2405 1040 2441 continuae
1064 2404 1144 2441 lites
1164 2404 1214 2440 ad
1235 2408 1398 2440 nostram
1421 2406 1643 2441 maiestatem
1666 2404 1809 2440 delatae
1832 2404 1883 2440 ad
1897 2405 2106 2458 praesentis
2127 2414 2197 2440 nos
2218 2404 2309 2451 leqis
2331 2405 2480 2441 necessi-

256 2456 361 2487 tatem
378 2451 623 2487 adduxerunt.
669 2450 764 2486 Nam
780 2461 860 2486 cum
877 2455 914 2486 et
931 2451 1093 2497 antiquis
1111 2450 1250 2496 leqibus
1259 2454 1497 2497 praeceptum
1513 2454 1550 2486 et
1563 2450 1657 2486 idem
1673 2461 1696 2485 a
1716 2449 1821 2486 nobis
1837 2450 1928 2497 ipsis
1943 2450 2177 2486 constitutum
2192 2450 2252 2492 sit,
2271 2453 2313 2486 ut
2329 2449 2480 2497 nuptiae

254 2498 360 2532 etiam
383 2497 460 2532 sine
483 2495 708 2543 nuptialibus
732 2496 976 2531 instrumentis
999 2507 1049 2532 ex
1071 2498 1150 2531 solo
1171 2496 1305 2542 affectu
1329 2495 1474 2532 valeant
1492 2499 1528 2532 et
1548 2499 1654 2532 ratae
1674 2495 1768 2539 sint,
1797 2495 1936 2542 (atqui)
1958 2495 2043 2531 inde
2061 2495 2263 2543 suppositis
2285 2496 2480 2532 contracti·

254 2542 319 2577 bus
342 2541 545 2588 respublica
576 2541 716 2594 repleta
746 2547 816 2585 est,
853 2545 888 2577 et
920 2545 1026 2577 testes
1051 2541 1242 2587 prodeunt
1270 2541 1416 2588 impune
1447 2541 1656 2577 mentientes
1688 2544 1724 2577 et
1745 2540 1861 2577 virum
1892 2540 2072 2576 dominam
2104 2551 2252 2577 vocasse
2279 2551 2360 2577 eam
2386 2551 2481 2588 quae

255 2598 334 2622 cum
358 2598 400 2622 eo
426 2588 523 2623 vivat
547 2592 582 2622 et
606 2587 706 2622 illam
737 2587 846 2622 simili
868 2597 947 2623 eum
979 2588 1123 2622 nomine
1146 2598 1169 2622 a
1193 2586 1363 2633 pellasse,
1393 2590 1503 2633 atque
1525 2586 1579 2622 ita
1598 2587 1792 2640 linguntur
1818 2586 1864 2621 iis
1886 2585 2118 2622 matrimonia
2141 2597 2235 2632 quae
2256 2596 2384 2622 revera
2406 2596 2481 2622 non

254 2637 339 2667 sunt
358 2636 567 2668 contracta:
602 2631 669 2667 boc
689 2632 883 2667 secundum
902 2632 1000 2678 leqes
1023 2597 1210 2667 naturales
1233 2630 1473 2677 definiendum
1496 2642 1573 2668 esse
1595 2631 1888 2668 existimavimus.
1936 2630 2021 2667 Etsi
2041 2631 2134 2667 enim
2157 2630 2336 2667 castitatis
2356 2641 2483 2667 sumus

255 2682 436 2713 amatores
468 2682 576 2723 atque
605 2677 779 2715 eiusmodi
810 2677 907 2724 leqes
936 2676 1105 2712 subiectis
1136 2676 1273 2712 nostris
1302 2676 1446 2719 damus,
1478 2681 1517 2713 at
1545 2678 1636 2713 satis
1663 2677 1796 2712 scimus
1826 2676 1919 2712 nihil
1947 2686 2024 2712 esse
2052 2675 2183 2722 furore
2213 2676 2350 2712 amoris
2379 2675 2480 2713 velte—

255 2723 418 2765 menthcs,
443 2733 547 2774 quem
567 2722 732 2758 cohibere
753 2721 1008 2769 philosophiae
1031 2726 1085 2758 est
1099 2732 1255 2765 severae,
1280 2733 1373 2768 quae
1393 2726 1428 2758 et
1445 2721 1690 2770 reprehendat
1711 2725 1747 2758 et
1769 2721 2009 2758 lascivientem
2029 2725 2138 2767 atque
2158 2720 2382 2758 exultantem
2397 2730 2481 2757 con-

255 2769 512 2816 cupiscentiam
535 2768 738 2814 contineat:
758 2767 852 2803 unde
876 2768 940 2814 qui
962 2767 1025 2803 illo
1051 2767 1137 2803 victi
1156 2771 1242 2803 sunt
1265 2778 1336 2814 quo
1361 2767 1468 2803 verbo
1493 2767 1720 2804 abstinebunt
1743 2766 1916 2803 adversus
1934 2776 1997 2803 eas
2020 2776 2112 2812 quas
2126 2770 2261 2809 amant,
2285 2765 2386 2813 quod
2406 2776 2481 2803 non

257 2815 294 2849 in
319 2823 382 2849 eas
405 2823 478 2860 per
508 2812 703 2848 blanditias
734 2813 955 2859 conferant?
992 2811 1107 2856 Quam
1139 2812 1183 2848 ob
1214 2823 1290 2847 rem
1321 2813 1429 2848 etiam
1460 2813 1524 2859 qui
1549 2816 1634 2849 ante
1659 2822 1728 2848 nos
1761 2812 1915 2857 fuerunt
1943 2810 2172 2857 leqislatores
2201 2810 2292 2848 adeo
2315 2811 2482 2859 coquitos

257 2859 459 2895 babuerunt
488 2857 666 2894 eiusmodi
686 2858 890 2893 animorum
914 2857 1079 2904 affectus,
1112 2862 1154 2893 ut
1176 2857 1232 2894 vel
1254 2857 1469 2893 donationes
1497 2861 1686 2894 constante
1708 2857 1940 2893 matrimonio

258 2905 343 2941 victi
371 2904 482 2939 nimia
507 2903 798 2950 concupiscentia
829 2903 1076 2950 imprudentes
1097 2913 1136 2938 se
1158 2903 1260 2954 ipsos
1276 2903 1460 2949 paulatim
1481 2902 1583 2939 bonis
1604 2903 1682 2938 suis
1698 2902 1901 2949 privarent.

256 2953 278 2987 1
323 2949 516 2996 disponere
543 2959 617 2995 par
648 2959 725 2984 esse
747 2948 928 2984 dua-imus.

305 3044 319 3075 1
348 3038 499 3074 λέλυθεν
523 3041 565 3073 Μ
585 3039 599 3083 ΙΙ
624 3042 665 3082 cf.
697 3040 774 3073 Cod.
789 3041 820 3080 5,
834 3047 880 3079 27,
895 3047 912 3073 6
929 3044 968 3078 ξι
994 3038 1007 3082 l}
1033 3040 1054 3073 4
1077 3042 1129 3085 γε]
1154 3049 1258 3081 aeque
1280 3050 1301 3075 ς
1325 3038 1336 3082 ss

259 3090 278 3122 ὃ
300 3084 469 3127 διάταξις]
492 3085 612 3119 Iustim‘
632 3085 712 3118 Cod.
727 3086 758 3125 5,
772 3092 818 3125 27,
833 3092 847 3118 ’1
868 3083 880 3127 ΙΙ
903 3085 924 3119 6
949 3081 1000 3125 δὲ]
1025 3094 1103 3127 ergo
1127 3084 1178 3127 ςΙΙ
1207 3085 1247 3119 13
1272 3084 1336 3117 τοῦ

258 3131 438 3178 παρόντος
462 3143 520 3166 om.
536 3129 586 3176 5ss
608 3132 648 3164 15
670 3126 913 3170 διατέτακται]
938 3131 980 3172 cf.
1002 3130 1084 3163 Νου.
1099 3129 1223 3163 XXII
1242 3142 1267 3163 c.
1282 3130 1301 3162 3
1326 3129 1337 3171 ΙΙ

262 3181 301 3214 18
327 3175 388 3211 *δὲ
413 3177 531 3210 addidi
553 3188 592 3210 ez·
614 3187 635 3212 ς’
660 3174 673 3220 ΙΙ
705 3177 747 3210 19
771 3177 843 3216 καὶ]
869 3186 944 3207 nam
969 3186 987 3210 ς
1018 3174 1030 3217 ΙΙ
1062 3176 1104 3208 20
1129 3176 1189 3207 καὶ
1212 3186 1303 3210 oms
1333 3173 1338 3215 Ι

260 3226 302 3258 22
326 3225 386 3257 καὶ
409 3221 469 3266 μὴ]
494 3232 562 3255 non
586 3232 623 3260 ς;
649 3221 816 3255 delendum
832 3221 960 3253 videtur
980 3221 1040 3252 καὶ
1057 3219 1069 3263 ΙΙ
1095 3221 1138 3253 24
1162 3219 1192 3252 εἰ
1217 3230 1308 3255 σοις
1333 3216 1338 3261 Ι

260 3272 302 3303 29
324 3266 455 3310 τούτῳ]
479 3268 543 3302 hoe
562 3266 625 3300 tali
648 3277 669 3303 e
689 3265 703 3307 [Ι
728 3267 772 3300 30
793 3262 987 3311 προςάσων
1010 3261 1147 3311 ὁρῶσιν
1172 3265 1230 3306 Μ,
1254 3276 1337 3298 corr.

261 3317 426 3359 Scrimqer

1990 2855 2207 2899 rebiberent,
2240 2867 2285 2893 ne
2308 2856 2482 2904 coniuqes

1303 2947 1309 2954 ⁶
1362 2948 1369 2955 .
1497 2948 1503 2955 ⁸
1561 2948 1568 2955 ι
1630 2948 1636 2955 .
1989 2911 2053 2937 aec
2075 2901 2190 2948 iqitur
2212 2901 2290 2983 lgge
2307 2901 2482 2949 prudenti

1021 2948 1139 2994 Atque
1170 2958 1208 2982 tn
1236 2947 1433 2983 maioribus
1465 2947 1703 2995 diqnttattbus
1733 2951 1769 2984 et
1797 2956 2042 2993 quaecumque
2070 2956 2185 2992 usque
2294 2950 2482 2984 senatores

1408 3041 1457 3080 cx]
1484 3039 1704 3071 instrumenta
1728 3041 1761 3071 et
1784 3048 1824 3071 ex
1847 3039 1880 3072 Τ
1903 3039 1915 3080 ΙΙ
1948 3040 1987 3071 17
2013 3037 2142 3070 falsatis
2163 3037 2323 3089 V¹vulq.]
2354 3037 2482 3071 falsitas

1409 3083 1460 3117 Τι
1483 3083 1638 3117 falsitatis
1660 3082 1755 3117 RV·
1765 3083 1817 3117 Τ*
1839 3082 1852 3126 ΙΙ
1882 3083 1922 3117 18
1947 3082 2122 3116 introeunt
2141 3082 2248 3124 Beck]
2272 3085 2481 3118 introeuntes

1408 3130 1485 3163 libri
1498 3129 1510 3172 ΙΙ
1536 3130 1577 3163 21
1603 3129 1683 3169 non]
1710 3138 1790 3161 uero
1814 3138 1882 3161 non
1907 3128 1941 3161 Τ
1954 3126 1967 3172 ΙΙ
1988 3127 2033 3162 22
2055 3127 2283 3161 estimauimus
2309 3129 2355 3170 T]
2379 3129 2480 3163 exsti-

1406 3174 1570 3207 mauimus
1582 3174 1615 3207 R
1634 3173 1897 3206 existimauimus
1918 3172 2040 3216 Vvulq.
2060 3171 2073 3218 ΙΙ

1407 3219 1470 3252 etsi
1487 3219 1572 3261 vuly.
1591 3217 1604 3262 ΙΙ
1621 3219 1665 3253 24
1678 3218 1740 3251 1100
1754 3219 1786 3251 R
1801 3218 1814 3261 ΙΙ
1833 3219 1875 3252 25
1890 3215 1950 3261 est]
1972 3228 2039 3250 esse
2059 3218 2145 3262 vuly.
2164 3217 2177 3263 ΙΙ
2194 3220 2236 3253 26
2250 3218 2432 3262 phylosofle
2454 3220 2482 3254 V

1406 3264 1577 3307 filosophie
1594 3263 1627 3296 Τ
1637 3263 1841 3307 ss’momentis
1864 3262 1915 3297 1⁷⁰
1939 3263 2113 3296 morientis
2127 3264 2161 3297 Τ
2170 3264 2179 3284 ¹
2197 3263 2210 3308 ΙΙ
2228 3265 2270 3299 28
2287 3264 2337 3297 bii
2349 3264 2458 3299 RVT

1405 3310 1467 3343 hoc
1491 3307 1558 3342 tale
1584 3309 1617 3342 T
1624 3308 1635 3329 ¹
1659 3308 1725 3342 tale
1744 3309 1806 3342 hoo
1830 3308 1879 3342 Β*
1896 3307 1909 3352 ΙΙ
1926 3318 1992 3350 quo
2013 3309 2144 3343 addidit
2153 3309 2248 3344 Beck
2264 3309 2277 3353 ΙΙ
2293 3311 2339 3352 se]
2363 3310 2394 3343 εἰ·
2414 3309 2449 3344 R

1405 3355 1467 3387 etsi
1487 3354 1542 3398 Vll
1569 3355 1611 3388 29
1633 3356 1757 3387 amaret
1777 3354 1811 3388 R
1833 3353 1846 3397 ΙΙ
1869 3354 1979 3395 quem]
2003 3353 2046 3386 al.
2071 3364 2136 3396 que
2160 3354 2210 3387 12²
2222 3356 2255 3389 in
2269 3367 2384 3401 mar-97
2395 3365 2481 3398 quae

1406 3400 1491 3443 vuly.
1516 3398 1528 3442 ΙΙ
1559 3398 1630 3432 eius
1650 3399 1698 3433 V²
1732 3399 1763 3432 ei
1788 3399 1821 3433 T
1843 3398 1857 3443 11
1885 3409 1951 3432 non
1977 3399 2102 3432 deLR²
2133 3398 2146 3443 ss
2173 3400 2214 3435 31
2236 3402 2397 3434 suerunt
2429 3400 2479 3435 V·

1406 3445 1528 3477 scietur
1555 3444 1604 3477 Τι
1618 3444 1631 3488 ΙΙ
1657 3445 1791 3478 effectus
1811 3444 1905 3478 V¹T
1963 3445 2005 3478 33
2031 3443 2174 3478 laterent
2196 3445 2321 3487 R¹T²J
2345 3445 2477 3479 laten·

1415 3490 1462 3523 V¹
1487 3489 1672 3523 laterentnr
1684 3489 1735 3523 R2
1757 3489 1905 3523 latentur
1963 3489 1976 3510 ⁸
1999 3489 2141 3523 latenter
2155 3490 2207 3524 T·
2222 3492 2307 3535 vulq.
2326 3489 2339 3535 ΙΙ
2355 3492 2399 3525 34
2409 3491 2478 3534 pri-

1406 3545 1483 3567 vare
1499 3535 1643 3577 Gentius]
1666 3535 1795 3578 priuati
1808 3534 1944 3568 RV¹T
1963 3535 2136 3577 prium-ent
2155 3535 2301 3579 V³vu19.
2324 3537 2336 3579 ss
2364 3536 2407 3570 35
2427 3535 2479 3569 lex

1415 3580 1466 3613 V²
1492 3581 1504 3623 ΙΙ
1527 3581 1570 3614 38
1592 3582 1625 3614 et
1643 3590 1869 3624 quaecumque
1883 3599 1927 3604 —
1939 3581 2014 3621 375,
2029 3588 2041 3615 1
2062 3581 2209 3623 patimur
2224 3582 2355 3625 scripsit
2375 3580 2427 3615 V*
2445 3583 2479 3615 in

1406 3639 1472 3660 ras.
1489 3627 1530 3671 1}
1543 3638 1624 3660 vers.
1641 3625 1662 3692 11

1407 3682 1467 3704 nos
1491 3673 1538 3704 est
1561 3671 1637 3705 RV

321 3453 335 3485 1
363 3461 430 3482 non
455 3460 515 3481 nos
539 3450 572 3482 lt
599 3447 612 3492 ss
643 3450 665 3482 4
689 3446 882 3480 exstimatus
905 3447 938 3479 R
977 3447 1186 3478 existimatus
1206 3446 1291 3489 vulq.
1328 3446 1339 3486 ΙΙ

263 3499 281 3529 5
306 3495 446 3538 prolata]
481 3496 513 3527 et
534 3493 666 3535 prolata
690 3492 738 3525 R¹
766 3491 779 3535 ΙΙ
810 3492 830 3526 8
855 3492 914 3532 est]
945 3492 977 3523 et
1001 3490 1171 3524 R¹V¹T¹
1199 3489 1212 3533 ΙΙ
1239 3492 1337 3532 quae]

264 3543 321 3583 qui
344 3541 451 3573 V¹T¹
481 3539 493 3583 ΙΙ
525 3538 676 3571 exclausa
697 3537 748 3571 V¹
774 3536 787 3581 ΙΙ
820 3538 860 3571 10
874 3538 961 3570 rubr.
986 3535 1053 3573 Qui
1076 3536 1148 3569 sine
1172 3535 1338 3568 dotalibus

264 3585 491 3618 instrumentis
520 3584 654 3626 nuptias
686 3583 882 3616 contrahere
913 3583 1051 3624 possunt
1082 3581 1158 3615 RT
1178 3582 1210 3615 in
1235 3593 1337 3624 mar-9.

264 3634 320 3673 (cs.
337 3632 412 3667 Iul.)
441 3631 453 3673 ss
486 3632 527 3664 14
550 3631 597 3661 est
622 3642 679 3663 om.
702 3628 736 3662 V
755 3627 768 3672 ΙΙ
803 3630 843 3663 15
866 3628 931 3670 ipsi
960 3626 1011 3661 1⁷¹
1039 3625 1053 3671 ΙΙ
1079 3626 1237 3659 instituta
1267 3626 1300 3660 V
1327 3625 1339 3669 ΙΙ

1685 3627 1729 3662 39
1740 3635 1846 3669 usque
1856 3624 1912 3667 ad]
1935 3625 1978 3659 ad
1990 3636 2095 3669 usque
2106 3626 2155 3659 R¹
2170 3626 2184 3670 ΙΙ
2202 3628 2331 3661 nostros
2345 3628 2394 3660 est
2415 3625 2477 3667 1⁷³]

267 3677 308 3710 16
330 3677 465 3717 nuptiae
489 3677 531 3715 ct]
558 3677 590 3706 et
610 3674 728 3716 nuptie
753 3675 785 3706 et
807 3674 839 3706 Γ
858 3676 889 3706 et
910 3673 1028 3716 nuptie
1043 3672 1095 3705 T*
1111 3672 1125 3716 ΙΙ
1142 3672 1338 3705 documenta

1667 3672 1699 3705 T
1725 3674 1854 3706 nostros
1877 3673 1955 3704 sunt
1983 3671 2112 3706 Oeneius

1398 1098 1442 1123 va
1457 1090 1540 1124 eant
1563 1091 1599 1123 et
1622 1090 1724 1124 ratae
1744 1088 1828 1131 sint,
1853 1087 1917 1124 sed
1932 1087 2073 1125 falsatis
2090 1088 2334 1124 contractibus
2351 1091 2475 1125 nostra
2539 1105 2546 1110 ·

2089 3172 2235 3206 diffinire
2256 3174 2334 3207 libri
2349 3173 2363 3218 ΙΙ
2379 3175 2420 3209 23
2435 3176 2480 3217 et]
2536 3199 2541 3206 .
