2476 3854
108 183 173 215 m
191 181 288 215 nae
310 181 587 216 mammos
634 223 637 226 .

108 282 139 320 Β
179 283 234 326 τῷ
253 279 414 327 δημοσίῳ
428 279 702 327 ἐκδικουμένων.
744 277 906 325 Λίδομεν
922 278 1106 315 ὃὲ-ἅὸειαν
1119 282 1194 315 τοῖς

110 326 161 362 τὰ
177 331 397 374 ψηφίσματα
414 330 655 372 ποιουμένοις,
672 325 714 360 -εἵ
722 338 809 360 τινα
824 323 1095 370 κωμικὸν-δίχα
1111 329 1193 370 βου-

115 372 238 407 λευτοῦ
263 376 323 407 καὶ
340 371 522 414 ταξεώτου
546 371 650 414 ἄξιον
670 371 734 414 τῆς
753 374 1006 416 προειρημῧνης
1029 369 1194 418 ἐπιλογῆς

115 418 207 452 εἶναι
226 421 448 463 νομίσωσιν,
470 418 539 452 τὸν
554 417 721 452 τοιοῦτον
744 412 820 460 ἅμα
839 415 956 452 ἄλλοις
987 415 1051 451 δύο
1073 414 1190 462 κληρι·

115 466 186 497 κοῖς
201 460 225 506 ἢ
235 466 405 507 ιμοναχοῖς
421 461 678 503 ἐπιλέξασθαι,
702 457 800 495 οὕτω
817 464 941 505 μέντοι
957 462 1018 496 ἶνα
1034 457 1055 496 ὅ
1071 472 1192 506 κοσμι-

114 508 175 541 κὰς
205 505 226 541 ὃ
250 506 370 552 τούτῳ
399 509 453 550 τῷ
486 505 613 552 τρόπῳ
639 507 692 540 εἰς
715 506 917 549 ἐπισκοπὴν
946 505 1116 553 ἐπιλεγεὶς
1143 505 1192 549 μὴ

115 549 252 587 εὖθ’έως
284 554 476 587 ἐπίσκοπος
508 551 765 598 χειροτονηθῇ,
809 549 900 585 ἀλλὰ
937 553 1087 597 πρῶτον
1119 553 1194 586 τοῖς

114 597 289 642 κληρικοῖς
308 595 372 632 οὔκ
389 596 546 632 ’ἔλαττον
565 598 679 642 τριῶν
694 597 822 639 μηνῶν
842 597 1118 643 συναριθμηθῇ,
1133 598 1193 629 καὶ

114 637 210 676 οὕτω
232 639 457 688 τούς-,ἁγίους
484 640 641 677 κανόνας
671 645 732 676 καὶ
760 640 830 684 τὴν
850 640 951 686 ἱερὰν
982 643 1045 684 τῆς
1069 639 1191 684 ἐκκλη-

1179 165 1266 214 -595

1903 169 1944 212 Ν
1946 182 2011 213 ov.
2028 167 2213 213 CXXIII
2245 173 2281 213 1.
2315 171 2341 212 2

1263 279 1288 315 2
1338 279 1568 317 vindicandis.
1655 280 1797 316 Damus
1830 280 1949 315 autem
1983 278 2164 315 licentiam
2198 279 2344 316 decreta

1263 325 1495 369 facientibus,
1523 325 1557 361 si
1580 326 1780 371 quempiam
1808 324 1979 361 laicorum
1999 327 2150 369 ‘praeter
2175 326 2344 361 curialem

1263 373 1298 405 et
1314 370 1510 406 «officialem
1542 370 1686 416 dignum
1703 374 1906 406 memorata
1931 370 2105 405 electione
2136 379 2215 406 esse
2237 373 2342 415 puta·

1264 415 1386 458 verint,
1419 416 1515 451 hunc
1542 427 1622 452 cum
1641 416 1721 451 aliis
1746 416 1886 452 duobus
1902 415 2049 451 *clericis
2070 416 2133 450 aut
2155 416 2342 451 monachis

1230 463 1248 494 5
1262 460 1402 504 eligere,
1428 465 1468 495 ut
1490 461 1521 496 si
1544 461 1656 496 laicus
1680 461 1748 496 hoc
1765 461 1877 496 modo
1892 461 1947 497 :ad
1967 460 2212 506 episcopatum
2235 460 2342 505 eliga-

1262 507 1332 547 tur,
1374 516 1447 541 non
1482 508 1631 550 repente
1666 506 1854 551 episcopus
1893 505 2087 548 ordinetur,
2130 505 2194 542 sed
2228 506 2342 551 primo

1262 549 1400 585 clericis
1435 560 1508 585 non
1538 551 1656 586 minus
1692 551 1807 587 tribus
1842 551 2024 587 mensibus
2056 555 2342 594 connumeretur,

1260 598 1296 630 et
1319 595 1370 630 ita
1387 597 1535 630 sanctas
1558 596 1697 640 regulas
1729 600 1765 631 et
1794 596 2010 632 cotidianum
2035 596 2217 632 *ecelesiae
2241 596 2342 632 mini-

1261 640 1409 675 sterium
1432 640 1580 676 edoctus
1605 641 1795 685 episcopus
1820 641 2018 685 ordinetur-3
2052 641 2115 686 qui
2134 641 2229 677 enim
2252 641 2342 677 alios

114 690 192 720 σίας
215 685 437 733 λειτουργίαν
459 685 644 729 διδαχθεὶς
667 686 1138 743 ἐπίσκοπρςΐχειροτονηιῆῇ·
1170 682 1191 719 ὁ
1208 687 1247 720 10
1262 685 1367 720 debet
1382 685 1531 726 docere,
1562 686 1608 720 ab
1633 685 1713 721 aliis
1741 690 1826 731 post
1850 686 2108 722 ordinationem
2128 686 2248 722 doceri
2271 696 2344 722 non

113 730 179 777 γὰρ
202 730 327 766 ἄλλους
354 729 511 777 ὀφείλων
534 730 719 766 διδάσκειν
741 744 794 766 πα
854 735 989 776 ετέρων
1009 743 1102 776 μετα
1121 730 1193 773 τὴν

111 779 335 822 χειροτονίαν
359 775 600 811 διδάσκεσθαι
623 774 686 810 οὐκ
707 745 851 822 ὄφείλῗει.
898 778 945 810 Εἰ
968 775 1008 810 δὲ
1030 774 1078 810 οἷς
1098 775 1193 810 εἰκὸς

113 822 154 856 ἔν
176 833 251 856 τισι
272 822 400 857 τόποις
420 821 469 866 μὴ
494 820 677 868 εὑρεθεῖεν
699 825 783 867 τρία
806 819 983 867 πρόςωπα
1012 820 1101 867 πρὸς
1122 820 1192 863 τὴν

113 863 286 910 τοιαύτην
314 866 485 911 ἐπιλογὴν
509 865 714 910 ἐπιτήδεια,
746 866 880 907 ἐξέστω
912 870 985 900 τοῖς
1006 866 1052 900 τὰ
1080 869 1190 911 ψηφί-

1260 730 1376 766 debet.
1419 730 1464 765 =Si
1486 739 1582 772 vero,
1614 734 1655 765 ut
1683 731 1815 774 evenit,
1842 731 1883 766 'in
1908 731 2119 775 quibusdam
2150 732 2239 767 locis
2268 742 2344 767 non

1259 775 1485 811 inveniantur
1517 779 1591 810 tres
1622 785 1797 820 personae
1828 776 1874 810 ad
1903 776 2011 811 talem
2043 776 2253 812 electionem
2279 785 2343 821 op-

1260 823 1447 865 portunae,
1470 820 1577 855 liceat
1593 819 1738 856 decreta
1759 820 1975 856 facientibus
1998 821 2037 856 in
2053 822 2195 857 duabus
2219 825 2255 857 et
2270 831 2344 857 una

1260 875 1414 909 persona
1436 865 1618 901 decretum
1641 865 1775 909 facere,
1806 876 1927 901 omnes
1950 868 2069 902 tamen
2093 867 2208 903 dictas
2232 876 2255 902 a
2278 877 2343 903 no-

114 922 235 956 σματα
257 914 480 955 ποιουμένοις
503 914 564 947 ἐπὶ
585 910 649 946 δύο
673 910 695 955 ἢ
719 914 779 945 καὶ
802 912 856 945 ἑνὶ
881 911 1060 956 προςώπῳ
1081 913 1247 965 *storf-15
1261 910 1315 946 bis
1339 910 1495 946 habente
1517 910 1737 946 testationes.
1784 911 1823 946 Si
1841 921 1925 947 vero
1960 912 2020 956 qui
2044 912 2174 948 debent
2195 912 2343 957 episco-

114 967 235 999 σματα
265 957 470 1000 ποιεῖσθαι,
502 955 620 992 πάσας
649 960 773 1000 μέντοι
804 955 869 990 τὰς
900 958 1083 1011 εἰρημένας
1105 969 1192 999 ημιν

113 1002 233 1044 ἔχοντι
253 1005 456 1048 μαρτυρίας.
503 1003 550 1036 Εἰ
570 1000 610 1036 δὲ
632 1001 668 1036 οἱ
682 999 886 1048 ὀφείλοντες
908 1014 977 1036 τον
989 1003 1193 1036 ἐπίσκοπον

114 1045 354 1087 ἐπιλέξασθαι
385 1047 432 1081 τὰ
455 1049 608 1082 τοιαῦτα
630 1050 847 1092 ψηφίσματα
879 1046 981 1081 ἐντὸς
1004 1045 1043 1087 ἓξ
1064 1046 1193 1091 μηνῶν

112 1090 161 1135 μὴ
178 1091 384 1147 ποιήσῒουσι,
406 1093 606 1135 τηνικαῦτα
625 1093 679 1135 τῷ
695 1090 854 1135 κινδύνῳ
879 1093 942 1134 τῆς
965 1089 1058 1125 ἰδίας
1078 1092 1194 1136 ψυχῆς

1261 965 1346 1000 pum
1377 955 1520 999 eligere,
1552 955 1662 991 >citius
1695 956 1776 1000 ipsa
1807 956 1951 992 decreta
1984 957 2079 992 intra
2111 966 2174 992 sex
2205 967 2344 993 menses

1260 1011 1334 1036 non
1347 1000 1498 1043 faciant,
1522 1003 1609 1036 tunc
1626 1001 1788 1046 periculo
1802 1002 1971 1046 propriae
1995 1002 2134 1037 animae
2156 1003 2215 1038 ille
2240 1012 2344 1047 quem

1257 1046 1433 1091 competit
1462 1046 1628 1081 ordinare
1650 1046 1859 1126 episcopum
1883 1047 2042 1089 ordinet,
2075 1047 2238 1083 omnibus
2264 1047 2344 1083 aliis

1262 1101 1354 1135 quae
1378 1091 1618 1136 praediximus
1650 1101 1672 1127 o
1699 1091 1892 1127 servandis.
1939 1092 1978 1127 Si
2002 1092 2079 1136 quis
2113 1096 2233 1128 autem
2255 1093 2345 1128 citra.

113 1138 245 1171 ἐκεῖνος
267 1150 297 1180 ῳ
322 1137 472 1192 αρμόζει
493 1138 740 1191 χειροτονῆσαι
750 1135 837 1191 ἶ,τὸν
861 1137 1060 1172 ἐπίσκοπον
1081 1148 1192 1183 χειρο-
1204 1137 1248 1171 2ο
1262 1140 1492 1172 memoratam
1516 1132 1801 1172 obseriationem
1822 1137 2011 1182 episcopus
2022 1138 2222 1180 ordinetur,
2246 1138 2344 1173 iube-

113 1185 276 1225 τονείτω,
299 1195 455 1217 παντων
481 1195 559 1217 των
581 1181 705 1216 ἄλλων
736 1195 790 1215 ων
814 1181 1004 1227 εἰρήκαμεν
1026 1194 1193 1227 παραφυ-

114 1225 356 1270 λαττομένων.
401 1229 451 1262 Εἰ
485 1226 529 1261 δέ
558 1238 612 1262 τις
645 1226 745 1273 παρὰ
776 1226 853 1279 τὴν,
877 1226 1194 1271 μνημονευθεῖσαν

113 1271 377 1318 παραφυλακὴν
400 1274 593 1308 ἐπίσκοπος
613 1271 871 1318 χειροτονηθῃ,
901 1270 1091 1316 κελεύομεν
1112 1273 1193 1306 τοῦ-

113 1330 180 1352 τον
210 1319 302 1353 πᾶσι
317 1318 469 1371 ε’,τρόποις
499 1319 563 1373 τῆς
585 1318 782 1360 ἐπισκοπῆς
805 1315 1069 1362 ἐκβάλλεσθαι,
1101 1313 1192 1351 ἀλλὰ

114 1359 279 1397 κάκεῖνον
314 1374 406 1398 οὓτως
441 1376 541 1409 παρα
583 1363 701 1397 ταῦτα
736 1361 910 1415 §volanae
943 1363 1193 1415 χειροτονῆσαι
1206 1364 1248 1397 25
1263 1363 1457 1399 dominium
1482 1362 1510 1398 fi

113 1407 338 1453 χωρίζεσθαι
367 1409 427 1443 ἐπὶ
457 1410 523 1442 ἕνα
545 1407 715 1442 ἐνιαυτὸν
745 1418 809 1451 της
831 1406 1006 1452 ἱερατικης
1037 1406 1193 1453 λειτουρ-

114 1457 202 1496 γίας,
219 1456 283 1487 οιαὶ
300 1454 422 1488 πᾶσαν
435 1452 551 1487 αὐτοῦ
565 1452 634 1496 τὴν
649 1456 871 1498 περιουσίαν,
893 1449 971 1496 ἥτις
989 1449 1082 1486 καθ’
1100 1451 1194 1486 οἱον-

114 1496 250 1541 δήποτε
275 1496 407 1544 χρόνον
436 1496 461 1542 ἢ
491 1498 630 1544 τρόπον
661 1498 709 1532 εἰς
741 1496 810 1541 τὴν
834 1494 945 1532 αὐτοῦ
978 1495 1195 1532 δεσποτείαν

114 1542 307 1590 περιῆλθε,
340 1541 402 1577 διὰ
411 1542 475 1587 ,τὸ
509 1545 674 1588 πταῖσμα
705 1539 729 1577 ὃ
757 1545 903 1585 ἐποίησε
933 1543 977 1589 τῇ
1002 1540 1195 1586 δεσποτεία

113 1589 176 1631 τῆς
199 1588 383 1632 ἐκκλησίας
405 1588 445 1632 ἧς
468 1587 666 1624 ἐπίσκοπός
689 1589 790 1623 ἐστιν
811 1585 1046 1622 ἀδικεῖσθαι.

1257 1192 1340 1217 mus
1374 1182 1470 1217 hunc
1505 1182 1669 1218 omnibus
1703 1181 1817 1218 modis
1853 1182 2062 1227 episcopatu
2092 1183 2244 1228 ‘depelli3
2282 1182 2346 1218 sed

1262 1227 1368 1262 etiam
1390 1227 1508 1270 iilum,
1541 1226 1602 1272 qui
1623 1231 1767 1272 praeter
1789 1227 1880 1262 haec
1904 1228 2142 1272 praesumpsit
2165 1228 2344 1271 ordinare,

1262 1272 1438 1317 segregari
1460 1282 1531 1307 uno
1553 1282 1650 1308 anno
1675 1282 1779 1308 sacro
1803 1272 2010 1316 ministerio,
2043 1276 2080 1308 et
2102 1283 2243 1309 omnem
2262 1273 2346 1308 eius

1262 1317 1501 1353 substantiam
1547 1327 1615 1353 uae
1631 1318 1791 1363 quolibet
1813 1319 1973 1362 tempore
1992 1321 2060 1353 >aut
2083 1318 2187 1354 modo
2210 1318 2248 1353 in
2268 1318 2344 1354 eius

1583 1365 1643 1398 cta
1667 1366 1729 1398 est
1762 1367 1911 1408 propter
1938 1363 2086 1408 >culpam
2145 1373 2225 1399 uam
2255 1363 2346 1399 fecit

1263 1408 1417 1445 dominio
1439 1408 1614 1446 ecclesiae
1634 1409 1739 1444 euius
1761 1408 1956 1455 episcopus
1979 1413 2035 1445 est
2057 1408 2116 1445 vin
2140 1409 2241 1445 icari.

1208 1590 1252 1623 30

1117 1699 1274 1738 CAPUT
1296 1699 1344 1738 11.

181 1767 231 1802 Εἰ
260 1765 304 1803 δι’
326 1778 380 1802 τις
408 1769 473 1802 τοῦ
504 1767 595 1814 πρὸς
624 1768 694 1813 τὴν
715 1772 940 1815 χειροτονίαν
972 1767 1194 1815 ἐπιλεγέντυς

114 1812 315 1862 ἐπισκοπῆς,
332 1811 567 1866 κατηγορήσει
588 1811 649 1860 ἐφ’
666 1812 863 1858 οἱᾳδῄποτε
886 1814 986 1857 αἰτίᾳ
1010 1811 1192 1893 δυναέενῃ

112 1857 207 1892 κατὰ
230 1858 312 1893 τοὺς
326 1870 456 1903 νομονς
478 1856 502 1901 ἢ
525 1858 608 1893 uve
625 1860 785 1895 κανόνας
804 1860 848 1907 τῇ
866 1856 980 1894 αὐτοῦ
1000 1860 1094 1904 qam
1127 1862 1195 1893 ’σαι

113 1907 325 1950 χειροτονίᾳ,
344 1903 609 1950 &nemeaea-901
626 1901 647 1948 ἡ
661 1901 790 1940 τούτου
805 1907 1017 1951 χειροτονία,
1032 1907 1092 1938 καὶ
1106 1903 1194 1950 πρό·

1330 1768 1368 1805 Si
1398 1769 1477 1815 quis
1507 1771 1630 1805 autem
1655 1769 1707 1805 ‘ad
1736 1769 1996 1817 ordinationem
2027 1768 2181 1805 electum
2205 1768 2346 1814 episco-

1261 1817 1370 1860 patus
1391 1815 1619 1851 accusaverit
1646 1814 1685 1850 in
1706 1815 1869 1860 qualibet
1898 1823 2010 1851 causa
2039 1824 2130 1860 quae
2151 1814 2268 1860 possit
2291 1823 2346 1850 se-

1262 1861 1420 1897 cundum
1450 1860 1545 1906 leges
1574 1862 1641 1895 aut
1662 1869 1822 1897 canones
1854 1860 1929 1897 e‘rus
1957 1859 2130 1905 impedire
2152 1859 2346 1896 ordinatio-

1262 1914 1364 1949 nem,
1397 1905 1580 1942 differatur
1602 1904 1708 1942 huius
1729 1906 1907 1942 ordinatio
1932 1908 1968 1941 et
1990 1905 2092 1951 prins
2112 1907 2244 1942 eontm
2266 1914 2347 1941 eum

182 2003 204 2048 §
222 2007 242 2039 2
265 2003 466 2048 Κελεύομεν
488 2004 572 2039 τοὺς
595 2006 868 2052 ψηφιζομένους,
893 2005 930 2039 εἴ
946 2018 1031 2040 τινα
1053 2003 1228 2050 κοσμικὸν
1252 2003 1357 2047 ἄξιον
1379 2007 1442 2050 τῆς
1466 2008 1777 2053 προειρημένης-
1792 2008 1834 2041 12
1853 2004 1916 2041 οὐκ
1938 2004 2074 2053 ὀφείλει
2098 2009 2194 2042 habet
2208 2005 2347 2052 Epana-

115 2062 197 2094 qoqe
217 2052 249 2092 8,
263 2058 289 2084 4.
316 2069 356 2074 -
381 2051 403 2094 §
424 2052 444 2084 2
470 2062 509 2084 ex
524 2050 553 2083 S
573 2053 688 2094 repetit
710 2051 843 2084 Nomoc.
868 2052 901 2085 L
926 2053 972 2086 tit.
988 2054 1008 2086 8
1027 2065 1064 2096 p.
1079 2053 1145 2087 612
1167 2051 1291 2095 VoelL).

251 2095 439 2129 Summaria
453 2108 484 2129 υ.
499 2097 563 2129 1——
573 2097 593 2129 8
610 2097 727 2129 habent
747 2092 842 2130 Ἢτπ.
859 2098 912 2139 15,
926 2105 943 2132 8
960 2105 990 2131 et
1001 2098 1056 2140 34,
1070 2104 1103 2136 ²3
1127 2097 1260 2131 Nomoc.
1274 2097 1335 2130 XI
1341 2097 1427 2131 Vzit.
1442 2099 1473 2139 1,
1487 2104 1527 2131 11.
1542 2115 1585 2122 —
1609 2110 1638 2131 v.
1655 2098 1786 2132 17—26
1802 2098 2006 2132 summarium
2026 2104 2115 2131 extat
2133 2092 2226 2132 Ῥοπ.
2242 2099 2296 2140 34,
2310 2105 2346 2137 2;

295 2153 326 2173 υ.
346 2141 475 2175 1Ἶ-21
501 2142 677 2174 summaria
698 2137 792 2183 Ῥοπ.
821 2143 872 2183 19,
890 2149 908 2177 8
933 2149 964 2176 et
986 2142 1119 2176 Nomoc.
1135 2141 1197 2175 XI
1201 2141 1288 2176 Vm.
1303 2144 1334 2184 1,
1349 2149 1378 2176 9.

182 2197 211 2219 c.
235 2185 285 2218 ΙΙ.
308 2185 372 2218 ΙΙΙ
390 2197 430 2218 esc
453 2185 483 2219 S
504 2187 620 2228 repetit
643 2185 775 2219 Nomoc.
802 2187 833 2219 L
858 2188 903 2220 tit.
920 2188 960 2221 16
981 2200 1016 2230 p.
1031 2188 1097 2220 623
1121 2186 1220 2220 Voell.
1245 2205 1290 2212 —
1315 2187 1529 2221 Summarium
1554 2200 1581 2221 c.
1594 2188 1641 2220 II
1644 2200 1698 2230 pr.
1724 2188 1820 2221 habet
1844 2187 1976 2221 Nomoc.
1991 2188 2053 2221 XI
2058 2188 2143 2221 Vtit.
2159 2189 2189 2230 1,
2203 2195 2232 2222 8.

117 2305 142 2340 2
186 2304 310 2341 curiae
332 2309 366 2341 et
384 2306 478 2351 fisco
502 2305 742 2342 vindicentur.

1235 2272 1245 2298 5

819 2305 958 2342 Damus
972 2309 1090 2342 autem
1111 2305 1326 2352 facultatem
1350 2305 1396 2341 iis
1418 2306 1485 2352 qui
1505 2306 1650 2342 decreta
1671 2306 1829 2352 faciunt,
1852 2304 1885 2341 si
1904 2316 2009 2352 quem
2033 2305 2176 2350 laicum,
2197 2311 2348 2354 praeter

118 2349 290 2386 curialem
321 2353 358 2386 et
386 2351 601 2396 officialem,
627 2350 822 2398 praedicta
851 2351 1024 2387 electione
1047 2350 1194 2403 diqnum
1215 2351 1442 2397 putaverint,
1477 2351 1584 2386 talem
1609 2350 1786 2387 hominem
1818 2362 1898 2387 cum
1922 2351 2007 2386 aliis
2036 2350 2178 2388 duobus
2207 2353 2348 2389 clericis

119 2398 182 2431 aut
205 2394 390 2430 monachis
410 2395 585 2442 eliqendi‚
610 2396 663 2432 ita
686 2400 803 2431 tamen
826 2400 868 2431 ut
890 2396 1005 2432 laicus
1028 2406 1090 2441 qut
1113 2395 1183 2431 hoc
1205 2395 1312 2431 modo
1336 2394 1386 2431 ad
1406 2396 1657 2442 episcopatum
1682 2395 1817 2431 clectus
1839 2399 1894 2431 est
1915 2407 1990 2431 non
2009 2397 2131 2432 statim
2154 2398 2348 2444 episcopus

119 2443 273 2482 creetur,
301 2439 366 2475 sed
382 2440 492 2492 prius
515 2440 655 2476 clericis
684 2451 758 2476 non
781 2443 899 2476 minus
931 2441 1045 2477 tribus
1075 2441 1253 2477 mensibus
1282 2440 1548 2483 adnumeretur,
1577 2445 1617 2476 at
1642 2452 1687 2476 ue
1714 2441 1767 2476 ita
1788 2446 1936 2476 sanctos
1967 2451 2124 2477 canones
2146 2448 2182 2478 et
2202 2452 2348 2478 sacrum

119 2484 289 2521 ecclesiae
311 2485 547 2520 ministerium
570 2485 718 2521 edoctus
741 2486 934 2532 episcopus
957 2489 1117 2522 creetur:
1137 2486 1205 2536 qui
1225 2486 1318 2520 enim
1341 2484 1436 2521 alios
1457 2484 1586 2522 docere
1634 2485 1730 2527 ebet,
1761 2486 1806 2522 ab
1830 2486 1915 2521 aliis
1931 2489 2019 2532 post
2041 2487 2259 2523 creationem
2282 2487 2347 2523 do-

120 2529 193 2565 ceri
216 2540 290 2565 non
313 2528 424 2565 debet.
472 2529 612 2573 Quodsi
638 2530 741 2574 forte
770 2532 807 2566 in
833 2531 1043 2576 quibusdam
1074 2530 1163 2566 locis
1192 2541 1266 2566 non
1290 2531 1521 2566 inveniantur
1553 2535 1626 2566 tres
1638 2541 1835 2611 Jersonae
1866 2530 1917 2566 ad
1937 2530 2114 2566 eiusmodi
2141 2532 2348 2568 electionem

1663 2587 1682 2611 e

119 2574 283 2618 idoneae,
305 2574 412 2610 liceat
434 2574 480 2610 iis
503 2575 566 2621 qui
588 2574 731 2611 decreta
752 2576 900 2621 faciunt
922 2575 967 2611 de
991 2575 1131 2611 duabus
1152 2574 1210 2611 vel
1229 2575 1338 2611 etiam
1361 2585 1436 2610 una
1455 2586 1615 2622 persona

1683 2580 1783 2611 creta
1803 2575 1943 2621 facere,
1966 2586 2062 2628 quae
2086 2580 2202 2612 tamen
2227 2578 2348 2614 omnia

121 2631 144 2655 a
166 2618 269 2655 nobis
290 2618 398 2655 modo
422 2619 519 2655 dicta
543 2621 746 2656 testimonia
769 2619 909 2656 haheat.
956 2619 998 2656 Si
1018 2631 1102 2656 vero
1126 2620 1153 2655 ii
1176 2619 1242 2666 qui
1262 2621 1469 2666 episcopum
1491 2619 1625 2666 eliqere
1648 2619 1777 2657 debent
1799 2619 1971 2656 eiusmodi
1994 2619 2139 2657 decreta
2161 2622 2260 2657 intra
2279 2633 2349 2658 sex

120 2675 257 2699 menses
279 2674 354 2699 non
373 2665 550 2710 fecerint,
576 2668 660 2701 tunc
675 2665 844 2712 periculo
870 2666 1014 2701 animae
1035 2676 1124 2701 suae
1146 2665 1178 2699 is
1201 2665 1263 2700 cui
1283 2665 1451 2711 competit
1474 2676 1600 2701 creare
1622 2665 1832 2712 episcopum
1856 2669 1967 2709 creet,
1999 2670 2040 2701 ut
2063 2670 2181 2702 tamen
2205 2667 2347 2713 reliqua

121 2709 240 2744 omnia
288 2719 356 2744 uae
379 2709 540 2745 diximus
563 2709 803 2746 observentur.
851 2709 893 2746 Si
916 2711 998 2756 quis
1021 2721 1107 2747 vero
1132 2714 1260 2745 contra
1283 2709 1567 2746 observationem
1596 2710 1702 2746 modo
1726 2713 1959 2746 memoratam
1988 2722 2008 2746 e
2035 2711 2182 2758 iscopus
2204 2716 2348 2748 creatus

121 2754 186 2796 sit,
218 2753 255 2788 iu

335 2765 376 2789 us
404 2766 484 2790 eum
509 2754 671 2790 omnibus
694 2754 810 2790 modis
832 2755 884 2808 ab·
900 2756 1113 2802 episcopatu
1126 2754 1286 2807 ,repellss-
1317 2765 1438 2790 verum
1462 2756 1568 2791 etiam
1592 2755 1693 2791 illum
1722 2755 1787 2801 qui
1810 2755 1984 2791 adversus
2031 2766 2096 2791 aec
2119 2767 2245 2792 creare
2268 2768 2348 2793 eum

121 2809 232 2834 ausus
254 2799 313 2841 sit,
335 2809 404 2845 per
426 2810 536 2835 unum
559 2810 694 2835 annum
716 2811 882 2846 separari
908 2811 931 2835 a
954 2810 1059 2835 sacro
1083 2803 1292 2842 ministerio,
1316 2802 1355 2835 at
1382 2811 1425 2835 ue
1449 2811 1586 2835 omnem
1609 2801 1686 2836 eius
1705 2800 1954 2842 substantiam,
1980 2811 2075 2846 quae
2094 2801 2348 2848 qualicumque

123 2848 282 2895 tempore
305 2847 371 2880 aut
392 2844 497 2880 modo
521 2844 559 2879 in
582 2844 778 2880 dominium
800 2845 876 2880 eius
892 2845 1112 2892 pervenerit,
1140 2847 1296 2891 propter
1318 2843 1362 2881 de
1377 2844 1484 2880 ictum
1508 2845 1608 2891 quod
1630 2845 1845 2881 commiserit
1867 2844 2027 2882 dominio
2051 2846 2222 2882 ecclesiae
2245 2847 2348 2882 cuius

121 2898 314 2936 episcopus
335 2888 383 2924 sit
406 2889 593 2925 vindicari.

255 2933 302 2969 11.
350 2932 393 2968 Si
415 2935 498 2980 quis
520 2938 638 2970 autem
660 2945 739 2970 eum
763 2935 826 2981 qui
848 2934 898 2970 ad
919 2935 1136 2970 creationem
1159 2934 1279 2987 episco
1308 2937 1392 2970 atus
1413 2934 1546 2970 electus
1568 2938 1621 2970 est
1644 2935 1871 2971 accusaverit
1893 2946 1943 2971 ea:
1961 2935 2214 2982 qualicumque
2235 2947 2347 2972 causa

121 2989 216 3025 quae
237 2977 431 3014 secundum
455 2979 552 3025 leqes
574 2980 631 3016 vel
652 2990 809 3016 canones
832 2981 1048 3016 creationem
1072 2979 1150 3016 eius
1172 2990 1266 3026 impe
1292 2980 1345 3015 ire
1365 2979 1495 3027 possit,
1520 2979 1715 3026 differatur
1737 2981 1815 3016 eius
1838 2981 1984 3023 creatio,
2016 2984 2053 3016 et
2066 2981 2177 3027 prius
2200 2990 2346 3016 causam

190 3115 211 3147 3
233 3115 307 3154 καὶ]
330 3109 353 3154 ἢ
378 3113 407 3146 S
420 3112 432 3156 11
458 3115 479 3146 4
501 3116 711 3155 νομίσουσιν
736 3114 791 3156 Μ,
815 3114 951 3148 Νοηιοσ.
966 3114 998 3147 L
1024 3115 1069 3147 tit.
1084 3115 1117 3155 8]
1141 3125 1200 3147 νο-

122 3159 255 3200 μίσωσι
279 3158 430 3201 SEpan.
457 3158 471 3201 11
501 3155 577 3199 δύο]
609 3161 704 3202 τρισὶ
728 3160 839 3203 Epan.
866 3158 880 3202 11
911 3161 930 3192 5
956 3153 1052 3192 οὕτω
1075 3160 1201 3202 μέντοι

124 3201 243 3244 omen
268 3203 289 3234 6
311 3200 332 3234 o‘
357 3203 569 3245 ont-Epami!
596 3206 612 3236 7
638 3198 776 3237 εὐθέως
800 3217 857 3238 om.
872 3205 982 3247 Εριιη.
1000 3204 1012 3246 11
1043 3205 1063 3237 9
1087 3202 1200 3248 ἱερὰν]

126 3245 333 3278 cotidianum
358 3248 394 3287 (i.
420 3260 446 3280 e.
469 3243 562 3280 καθ’
589 3245 763 3292 ἡμέρανῗ)
786 3261 806 3285 ς
833 3250 846 3292 11
877 3250 916 3283 13
941 3243 1106 3291 εὑρεθείη
1128 3250 1155 3282 S
1187 3248 1202 3302 11

129 3292 169 3324 15
193 3287 296 3340 ἢηΜ]
321 3291 552 3335 οηι.8ς1ιιί.11
576 3296 804 3336 ψηφίσματα]
828 3295 994 3327 decretum
1011 3305 1031 3330 ς
1055 3293 1067 3336 11
1093 3295 1133 3328 18
1157 3305 1202 3326 τα

127 3345 279 3366 τοιαυτα
295 3337 522 3378 ψηφίσματα]
543 3337 642 3370 eitius
661 3338 732 3379 ipsa
747 3339 877 3372 decreta
892 3351 912 3375 ς
926 3339 939 3380 11
960 3340 999 3372 19
1020 3338 1202 3380 ποιήσωσι

127 3379 156 3411 S
167 3391 198 3409 υ.
214 3379 234 3412 1.
259 3378 272 3421 11
300 3380 342 3412 20
365 3383 611 3422 χειροτονείτω
635 3383 692 3424 Μ,
710 3383 843 3417 Nomoc.
857 3384 889 3417 L
903 3385 962 3423 tit]
993 3385 1202 3427 χειροτονεί-

128 3422 214 3455 σθω
239 3422 295 3464 811
313 3423 355 3456 32
377 3423 599 3465 *ἐπισκοπῆς
623 3428 700 3459 dedi
722 3439 760 3460 ea:
780 3439 800 3463 ς
815 3429 891 3469 Iul,
913 3430 970 3470 qui
993 3429 1109 3461 habent
1133 3427 1201 3470 epi·

126 3469 290 3508 scopatus]
314 3466 512 3502 ἐπισκόπου
532 3469 582 3508 Μ,
598 3482 654 3502 om.
669 3471 698 3503 S
712 3471 725 3514 11
741 3471 966 3517 κατηγορήσῃ
990 3473 1019 3506 S
1030 3485 1059 3505 v.
1074 3474 1094 3506 l.

194 3599 210 3631 1
236 3597 445 3631 nendicantis
466 3598 545 3642 R²fl
561 3602 684 3642 autem]
708 3604 818 3634 autem
841 3603 872 3634 ei
891 3603 925 3635 R
941 3603 954 3646 11
972 3606 992 3638 2
1015 3606 1201 3648 quempiam

137 3643 275 3685 Vvul9.]
300 3652 493 3684 quemquam
519 3643 616 3687 RTu
643 3646 832 3679 carnalem?
857 3647 905 3678 Β*
922 3647 935 3690 11
963 3649 983 3681 3
1008 3649 1203 3682 electionem

129 3687 180 3719 R⁶
198 3687 211 3729 11
227 3697 295 3719 esse
317 3698 373 3720 om.
396 3687 458 3726 Vll
484 3689 505 3721 4
528 3690 614 3728 oum]
639 3700 713 3724 eum
737 3701 811 3722 cum
835 3690 895 3734 Ru
925 3693 945 3724 5
970 3695 1008 3724 ut
1029 3694 1120 3733 VT1]
1144 3698 1202 3726 aut

130 3731 216 3765 RT²
240 3734 291 3774 (ut
315 3743 396 3766 corr.
411 3731 473 3772 T³)
490 3731 502 3775 11
527 3732 557 3765 si
579 3731 695 3774 laicus]
719 3734 862 3767 alicuius
885 3735 964 3778 13¹1!
989 3737 1091 3770 huius
1114 3738 1203 3770 modi

1270 3113 1320 3147 Τ2
1338 3112 1351 3157 11
1367 3115 1385 3146 7
1403 3112 1543 3147 clericus
1560 3113 1593 3146 R
1610 3112 1623 3156 11
1646 3115 1667 3148 8
1685 3112 1891 3146 cotidianum
1907 3124 2003 3147 usum
2020 3112 2156 3146 ecclesie
2176 3113 2231 3145 uel
2246 3112 2345 3144 mini-

1267 3159 1404 3191 sterium
1426 3159 1460 3191 V
1479 3159 1491 3201 11
1518 3160 1558 3192 10
1583 3158 1699 3192 docere
1722 3159 1820 3191 debet
1845 3159 1903 3202 Τ11
1925 3160 2010 3200 post]
2035 3168 2114 3200 prae
2137 3156 2215 3200 3¹11
2243 3158 2278 3191 11
2307 3158 2346 3189 ut

1269 3203 1382 3236 euenit
1404 3203 1440 3235 in
1470 3204 1612 3247 Vvulq]
1648 3206 1686 3236 ut
1714 3203 1874 3237 conuenit
1903 3204 1939 3235 in
1962 3203 2012 3235 R²
2056 3204 2095 3234 ut
2125 3201 2273 3233 euenerit
2295 3202 2344 3234 Τι

1269 3248 1382 3281 euenit
1406 3249 1445 3281 ut
1467 3248 1502 3280 in
1526 3248 1578 3282 Τ2
1610 3249 1758 3281 euenerit
1778 3251 1817 3281 ut
1837 3248 1871 3280 in
1895 3247 1969 3290 1221}
1998 3248 2038 3280 12
2062 3247 2237 3289 oportuerea
2259 3245 2312 3278 V·
2333 3244 2346 3289 11

1273 3295 1313 3327 14
1337 3304 1448 3325 omnes
1471 3295 1582 3326 tamen
1607 3294 1655 3334 T]
1691 3304 1746 3326 eos
1768 3295 1877 3325 tamen
1902 3301 2014 3324 omnes
2038 3292 2087 3330 (os
2110 3290 2172 3332 13¹)
2202 3290 2236 3322 R
2256 3291 2344 3333 vulq.

1270 3349 1324 3370 eos
1347 3348 1458 3370 omnes
1479 3337 1536 3381 Vss
1552 3338 1657 3371 dictas
1678 3338 1775 3378 RTq
1799 3338 1866 3369 iam
1887 3336 1989 3368 dictas
2010 3335 2136 3376 Vvulq.
2160 3334 2345 3376 praedictas

1272 3383 1320 3415 Τ2
1339 3382 1350 3422 11
1376 3384 1416 3416 15
1441 3383 1627 3415 *habentes
1652 3384 1728 3415 libri
1743 3382 1755 3425 11
1784 3383 1823 3414 16
1846 3380 1941 3412 cuius
1967 3380 1999 3411 T
2006 3379 2015 3399 ¹
2032 3379 2044 3421 11
2071 3379 2159 3411 inter
2182 3379 2230 3411 R¹
2249 3379 2262 3422 11
2276 3381 2344 3420 sex]

1270 3438 1293 3459 v
1317 3427 1367 3460 Τι
1384 3427 1397 3470 11
1416 3429 1455 3461 17
1479 3437 1547 3460 non
1572 3435 1602 3461 et
1622 3426 1772 3470 periculo
1796 3438 1853 3458 om.
1869 3424 1917 3456 T¹
1936 3423 1948 3465 11
1966 3424 2006 3456 18
2028 3422 2178 3455 ordinari
2201 3423 2311 3456 R¹T¹
2333 3424 2346 3466 11

1272 3474 1313 3505 19
1337 3472 1482 3504 diximus
1506 3473 1539 3504 T
1546 3473 1632 3514 vulq.
1653 3471 1664 3514 11
1682 3472 1721 3504 21
1743 3469 1848 3502 modis
1864 3468 2017 3500 omnibus
2035 3468 2067 3499 T
2078 3467 2090 3510 11
2110 3469 2152 3500 22
2171 3468 2234 3500 hoc
2250 3477 2345 3510 prae·

1269 3517 1445 3560 sumpserit
1462 3518 1494 3549 R
1507 3518 1596 3559 vulq.
1613 3518 1624 3557 11
1644 3517 1686 3548 25
1703 3515 1834 3556 culpam
1851 3512 1960 3553 quam]
1983 3522 2082 3552 quam
2097 3512 2227 3553 culpam
2245 3522 2345 3553 quam

1272 3562 1321 3594 Τι
1341 3562 1353 3602 ΙΙ
1369 3563 1411 3595 31
1424 3564 1511 3594 rubr.
1529 3561 1578 3592 De
1593 3558 1858 3592 accusationibus
1874 3556 2104 3599 episcoporum
2124 3556 2229 3589 VTin
2243 3569 2344 3600 marq.

1270 3607 1322 3646 (ex
1335 3606 1414 3647 Iul.)
1432 3605 1444 3648 11
1459 3607 1571 3637 autem
1594 3615 1649 3636 om.
1668 3604 1701 3636 V
1713 3604 1724 3644 11
1740 3602 1862 3634 electus
1877 3602 1909 3633 Τ
1915 3602 1924 3620 ¹
1951 3601 2091 3633 electum
2108 3611 2164 3633 om.
2186 3601 2229 3634 V¹
2246 3601 2258 3644 11
2276 3601 2346 3644 epi-

1270 3660 1389 3692 scopus
1414 3651 1445 3682 T
1453 3650 1463 3670 ¹
1499 3649 1686 3690 episcopum
1713 3646 1765 3679 T²
1785 3646 1797 3689 11
1827 3647 1870 3678 32
1895 3647 2003 3685 causa]
2028 3655 2098 3677 eam
2121 3645 2155 3678 R
2173 3644 2243 3688 1133
2269 3656 2346 3679 can-

1270 3705 1372 3726 nones
1387 3694 1418 3726 T
1431 3694 1443 3735 11
1460 3692 1613 3734 impediri
1626 3691 1672 3724 R¹
1690 3690 1702 3734 11
1717 3689 1921 3723 ordinationi
1937 3690 1982 3722 ΕΙ
1993 3690 2025 3722 T
2032 3689 2042 3710 ¹
2061 3689 2073 3734 11
2089 3690 2134 3724 34
2145 3690 2281 3723 diffatur
2298 3690 2347 3724 V¹

1271 3738 1484 3770 differebatur
1510 3738 1558 3769 Τι

2012 3789 2077 3822 75*
