2476 3854
149 97 257 141 Nov.
278 96 490 142 CXLVIII
519 110 581 153 pr.
608 102 643 141 1.
666 99 691 138 2
1222 94 1308 142 722
1988 114 2048 145 nn
2075 114 2383 148 mnumnu'rm

1218 245 1318 290 ffiff

448 319 625 374 ΠΕΡΙ
675 318 1201 373 ΣΥΓΧῼΡΗΣΕῼΣ
1249 320 1637 375 ΛΟΙΠΑΔῼΝ
1686 323 2085 378 ΔΗΜΟΣΙῼΝ.

948 395 1154 444 (Ἰουστῖνος
1175 397 1384 446 Αἴγουστος
1408 398 1583 447 ἔδικτον.)

281 466 584 521 ζΠροοίμιον.)
623 464 737 510 Ὅσην
772 471 856 511 περὶ
886 465 933 502 τὰ
962 467 1066 502 κοινὰ
1097 468 1176 502 τῶν
1205 467 1434 514 πραγμάτων
1465 465 1577 504 εὐθὺς
1609 470 1647 503 ἐκ
1677 473 1880 515 προοιμίων
1908 470 1971 513 τῆς
2001 468 2170 517 ἡμετέρας
2199 468 2382 515 βασιλείας

148 514 403 566 ἐποιησαμεθα
433 510 614 565 πρόνοιάν
644 525 685 546 τε
716 516 775 547 καὶ
805 510 968 556 σπουδὴν
998 513 1061 556 τῆς
1093 511 1364 559 παραδοθείσης
1393 512 1480 556 ἡμῖν
1511 516 1549 548 ἐκ
1580 514 1671 548 θεοῦ
1702 514 1883 550 πολιτείας
1912 513 2122 560 κηδόμενοι,
2158 516 2196 556 ἐξ
2227 507 2282 550 ῶν
2312 514 2380 559 ἤδη

148 570 384 603 πεπραχαμεν
418 570 577 603 φανερον
608 556 880 601 κατεστήσαμεν
903 554 1030 593 ἅπασι.
1077 557 1120 593 τὸ
1142 558 1213 605 γάρ
1238 556 1412 602 δημόσιον
1434 561 1551 604 χρέεσι
1570 557 1711 594 πολλοῖς
1733 563 2113 606 καταπεφορτισμένον
2136 558 2299 606 εὑρόντες
2321 564 2382 594 καὶ

149 602 236 648 πρὸς
258 603 326 645 τὴν
351 602 507 646 ἐσχάτην
531 599 690 648 ἀπορίαν
711 602 845 637 ἐλάσαν
869 604 917 638 εἰς
939 601 1086 637 ἑαυτοὺς
1110 600 1207 647 ἡμεῖς
1231 600 1483 646 ἀνεδεξάμεθα
1506 604 1549 638 τὸ
1573 603 1730 650 ὄφλημα,
1753 605 1885 651 βάρους
1903 618 1944 640 τε
1963 609 2022 639 καὶ
2039 603 2233 648 δυςχεοείας
2249 603 2382 649 πολλῆς

147 646 421 688 ἀπαλλάξαντες
452 648 571 682 τοῦτο.
618 651 679 681 καὶ
709 648 752 682 τὸ
778 647 1041 694 στρατιωτικὸν
1065 646 1106 681 δέ
1127 650 1333 695 παραρρυὲν
1357 646 1426 691 ἤδη
1449 651 1493 691 τῆ
1520 650 1598 684 τῶν
1620 646 1831 697 ἀναγκαίων
1863 646 2010 697 ἀπορίᾳ,
2043 648 2092 685 οἷς
2115 639 2158 685 ”cb
2183 649 2382 694 πολίτευμα

147 696 224 727 ταῖς
254 694 333 727 τιίν
364 693 566 738 βαρβάρων
598 690 742 738 ἐφόδοις
775 705 815 727 τε
845 696 905 727 καὶ
929 691 1136 739 ἐπιδρομαῖς
1161 692 1326 740 ἀμέτροις
1348 684 1690 738 καταβλάπτεσθαι,
1714 692 1807 730 καθ’
1834 692 1922 730 ὅσον
1943 699 2089 742 γέγονεν
2112 695 2198 740 ἡμῖν
2222 693 2381 730 δυνατὸν

147 739 210 790 τῆς
239 736 384 782 δεούσης
415 735 708 783 ἐπανορθώσεως
739 736 921 783 ἀξιοῦμεν.
969 737 1064 782 πλὴν
1095 735 1177 773 ἀλλ’
1204 736 1267 773 οὐκ
1300 737 1382 784 ἄχρι
1406 739 1549 774 τούτων
1571 742 1631 773 καὶ
1654 738 1780 784 μόνων
1803 739 1879 775 δεῖν
1902 739 2080 786 ᾠήθημεν
2103 742 2172 785 τὴν
2195 743 2278 787 περὶ
2299 739 2382 775 τοὺς

147 782 323 827 υπηκόους
347 785 479 826 στῆναι
503 782 694 827 βοήθειαν,
719 781 811 819 ἀλλὰ
832 787 895 818 καί
915 794 1013 819 τινος
1036 782 1144 827 ἄλλης
1164 781 1386 829 μεταδοῦναι
1409 783 1676 830 φιλανθρώπου
1691 786 1835 832 γνώμης
1850 789 1923 821 τοῖς
1941 782 2128 821 ὑποτελέσι
2143 788 2383 831 νενομίκαμεν

145 829 275 873 χρῆναι
299 826 570 874 ἐλευθεροῦντες
595 827 725 864 αὐτοὺς
748 830 824 864 τῶν
847 827 931 877 παρ’
959 826 1082 863 αὐτῶν
1108 827 1355 874 ἐλλειμμάτων
1378 825 1625 875 ὀφειλομένων
1648 831 1702 874 τῷ
1723 828 1896 875 δημοσίῳ.

1164 919 1319 956 CAPUT
1343 920 1371 955 I.

283 986 420 1030 Κοινὴν
452 990 576 1022 τοίνυν
607 991 666 1022 καὶ
697 986 836 1030 ταύτην
866 986 972 1032 ἡμῶν
1002 985 1072 1031 τὴν
1102 984 1309 1034 εὐεργεσίαν
1341 987 1389 1021 εἰς
1413 983 1578 1022 ἅπαντας
1598 988 1863 1023 ἐπεκτείνοντες
1885 988 2137 1035 συγχωροῦμεν
2159 989 2225 1023 τοῦ
2249 985 2383 1035 προλα-

146 1029 278 1078 βόντος
298 1032 425 1076 χρόνον
447 1035 550 1078 μέχρι
574 1034 635 1076 τῆς
655 1035 801 1068 octavae
826 1031 1068 1076 ἐπινεμήσεως
1090 1036 1150 1067 καὶ
1175 1030 1283 1075 αὐτῆς
1307 1033 1370 1067 τοῦ
1395 1033 1592 1067 ἐνεστῶτος
1613 1031 1741 1067 κύκλου
1762 1032 1808 1067 τὰ
1830 1029 2045 1078 ὀφειλόμενα
2072 1031 2173 1078 παρὰ
2197 1033 2274 1068 τῶν
2297 1030 2383 1067 ὑπο-

147 1077 265 1113 τελῶν
296 1076 514 1122 ἐλλείμματα
543 1079 599 1120 τῷ
631 1075 801 1123 δημοσίῳ,
834 1081 893 1112 καὶ
921 1078 1147 1123 θεσπίζομεν
1169 1076 1347 1123 μηδεμίαν
1371 1077 1552 1123 εἴςπραξιν
1575 1078 1750 1120 γενέσθαι
1772 1079 1851 1113 τῶν
1874 1079 1915 1112 ἐν
1939 1075 2111 1113 λοιπάσιν
2134 1075 2381 1125 ὀφειλομένων

147 1122 230 1168 ἄχρι
260 1125 323 1179 τῆς
351 1123 534 1169 εἰρημένης
565 1121 816 1166 ἐπινεμήσεως,
849 1123 920 1158 εἴτε
951 1122 1019 1167 τὴν
1041 1123 1187 1170 γενικὴν
1210 1124 1282 1157 εἴτε
1303 1122 1372 1166 τὴν
1395 1120 1515 1166 ἰδικήν
1538 1120 1725 1168 τράπεζαν
1747 1124 1810 1167 τῆς
1833 1124 1896 1167 σῆς
1919 1121 2152 1166 ἐνδοξότητος
2174 1124 2291 1159 ταῦτα
2314 1122 2382 1169 ὁρᾷ

146 1165 168 1212 ἢ
192 1168 261 1212 τὴν
284 1167 394 1212 αρχὴν
414 1168 491 1203 τῶν
515 1169 615 1214 παρὰ
635 1166 812 1215 Ἰλλυριοῖς
835 1167 942 1214 ἱερῶν
967 1172 1204 1214 πραιτωρίων
1226 1167 1249 1212 ἢ
1271 1169 1335 1203 τοῦ
1361 1166 1595 1209 ἐνδοξοτάτου
1617 1165 1871 1203 Ἰουστινιανοῡ
1896 1167 2052 1214 ἐπάρχου
2075 1169 2152 1203 τῶν
2169 1170 2230 1204 ἐπὶ
2245 1168 2383 1202 Μυσίας

146 1217 205 1247 καὶ
231 1213 394 1248 Σκυθίας
425 1215 702 1262 στρατιωτικῶν
732 1212 944 1260 καταλόγων
977 1211 998 1257 ἢ
1021 1217 1080 1248 καὶ
1100 1214 1178 1248 τῶν
1202 1214 1321 1248 θείων
1343 1211 1449 1257 ἡμῶν
1473 1213 1676 1259 θησαυρῶν
1694 1211 1718 1256 ἢ
1736 1213 1800 1247 τοῦ
1826 1212 2023 1258 ἱερωτάτου
2046 1210 2151 1259 ἡμῶν
2174 1215 2336 1258 ταμιείου
2358 1209 2382 1255 ἢ

146 1259 211 1293 τοῦ
239 1260 343 1294 θείου
374 1262 612 1303 πατριμονίου
643 1256 665 1303 ἢ
696 1261 761 1293 τοῦ
788 1258 1171 1314 μεγαλοπρεπεστάτου
1194 1257 1421 1313 κουράτωρος
1443 1258 1520 1293 τῶν
1543 1258 1684 1292 οἰκιῶν·
1710 1254 1802 1292 ἀλλὰ
1827 1260 1904 1293 πᾶν
1927 1254 2016 1294 ὅσον
2039 1260 2079 1293 ἕν
2101 1271 2141 1294 τε
2164 1261 2298 1304 χρυσίῳ
2322 1259 2383 1292 καὶ

2408 746 2449 778 10

2407 1083 2448 1116 15

146 1302 287 1350 ἀργῦρῳ
319 1307 380 1338 καὶ
410 1305 543 1351 ἑτέροις
576 1302 686 1339 εἴδεσι
715 1307 1028 1350 κεχρεωστημένον
1059 1306 1124 1348 εἰη,
1154 1305 1262 1339 τοῦτο
1293 1316 1385 1339 πασι
1408 1306 1482 1338 τοῖς
1505 1301 1687 1350 ὄφείλουσι
1711 1303 1981 1350 συγχωρείσθω,
2005 1300 2100 1339 ὥστε
2123 1302 2208 1338 οὔτε
2228 1304 2382 1350 γεωργοὶ
2405 1308 2448 1341 20

147 1354 230 1390 οὔτε
258 1355 450 1410 μισθωταὶ
482 1353 565 1389 οὔτε
586 1357 802 1402 ἐμφυτευταὶ
826 1354 910 1390 οὔτε
932 1356 1006 1400 μὴν
1029 1355 1065 1390 οἱ
1086 1358 1294 1410 κεκτημένοι,
1317 1354 1648 1401 εἰςπραχθήσονται
1671 1354 1717 1390 τὰ
1740 1353 1960 1400 ὀφειλόμενα
1983 1356 2038 1398 τῷ
2061 1352 2222 1399 δημοσίῳ
2248 1351 2382 1399 ἐλλείμ-
2423 1355 2425 1357 ’

145 1414 243 1445 ματα
266 1414 337 1435 των
359 1413 441 1446 αχρι
464 1401 526 1443 τῆς
549 1401 731 1447 εἰρημένης
755 1401 997 1446 ἐπινεμήσεως
1016 1404 1076 1435 καὶ
1100 1412 1207 1444 αυτης
1229 1413 1383 1446 χρονων.

1156 1490 1312 1527 CAPUT
1336 1490 1382 1526 11.

278 1557 509 1604 Ἐξαιροῦμεν
533 1557 573 1592 δὲ
595 1558 728 1603 ταύτης
751 1558 858 1604 ἡμῶν
881 1561 942 1604 τῆς
966 1558 1170 1606 φιλοτιμίας
1193 1558 1257 1594 τάς
1279 1572 1319 1593 τε
1342 1557 1604 1605 στρατιωτικὰς
1619 1561 1678 1592 καὶ
1695 1556 1946 1605 φοιδερατικὰς
1963 1557 2215 1595 discussionae.
2251 1558 2384 1593 ταύτας

146 1605 213 1652 γὰρ
236 1606 313 1640 τῶν
336 1602 524 1640 ὑποτελῶν
547 1601 631 1638 ουδὲ
653 1601 746 1639 ὅλως
769 1606 1037 1640 καθάπτεσθαι
1061 1608 1264 1649 συμβαίνει,
1290 1601 1371 1638 ἀλλ’
1398 1606 1548 1638 ἐκείνων
1568 1607 1627 1638 καὶ
1650 1602 1778 1649 μόνων
1801 1605 1878 1639 τῶν
1895 1605 1935 1638 ἐκ
1951 1605 2016 1639 τοῦ
2034 1602 2204 1648 δημοσίου
2217 1601 2382 1648 χρήματα

146 1651 438 1695 χορηγηθέντων,
469 1651 517 1684 εἰς
549 1648 670 1695 κέρδος
695 1663 735 1685 τε
765 1651 896 1686 οἰκεῖον
928 1649 1230 1697 ἀπενεγκαμένων
1258 1649 1304 1684 τὰ
1336 1652 1408 1684 τοῖς
1431 1652 1704 1695 στρατιωτικοῖς
1727 1647 1910 1707 τάγμασιν
1932 1647 1956 1693 ἢ
1980 1648 2241 1695 φοιδερατικοῖς
2263 1646 2381 1683 ἐπιδο-

148 1696 267 1731 θέντα
298 1695 398 1742 παρὰ
430 1695 495 1730 τοῦ
527 1693 707 1739 δημοσίου.
755 1697 787 1730 εἰ
817 1695 857 1731 δὲ
887 1700 950 1731 καί
974 1709 1059 1730 τινα
1090 1695 1190 1742 παρὰ
1214 1697 1287 1730 τοῖς
1310 1694 1510 1742 λεγομένοις
1534 1690 1746 1730 ὒποδέκταις
1765 1709 1787 1739 η
1812 1691 2029 1738 ἆπαιτηταῖς
2051 1692 2075 1738 ἢ
2099 1691 2337 1740 ἐκλήπτορσιν
2359 1690 2384 1737 ἢ

146 1787 423 1867 ΑιήΝου-ἳοθξζβ
434 1787 525 1821 VIII
543 1787 670 1825 luscini,
689 1787 815 1822 Graece
833 1794 955 1821 tantum
978 1794 1065 1821 extat
1089 1789 1122 1822 in
1139 1786 1179 1820 M
1200 1787 1246 1830 (sl
1263 1788 1329 1821 410
1353 1788 1435 1821 inter
1459 1786 1580 1821 luscini
1601 1774 1744 1820 novellas
1763 1786 1886 1829 prima)
1910 1792 1942 1820 et
1955 1785 2159 1830 L.—Ep2·ae.
2178 1785 2299 1819 Theod.
2321 1786 2384 1820 148

214 1846 267 1867 an.
333 1858 342 1875 ‚
380 1857 389 1866 .

428 2050 529 2102 DE
571 2049 1058 2102 INDULGENTIA
1105 1979 1575 2111 RZ'IKZJZIZORUM
1621 2048 2094 2101 PUBLICORUM.

958 2140 1140 2188 <Iustinus
1162 2126 1349 2188 Auqustus
1372 2139 1555 2186 edictum.)

281 2208 549 2256 Praefatio.
596 2208 778 2253 Quantum
833 2209 1057 2246 rovidentiae
1088 2212 1123 2244 et
1152 2208 1267 2244 studii
1294 2208 1333 2243 in
1363 2218 1423 2244 res
1452 2217 1658 2244 communes
1679 2207 1800 2243 statim
1824 2218 1848 2243 a
1867 2205 2080 2254 primordiis
2101 2205 2245 2256 imperii
2266 2206 2385 2243 nostri

147 2254 413 2298 contulerimus,
447 2254 532 2290 dum
563 2254 722 2291 traditae
752 2266 799 2291 no
823 2255 855 2290 is
885 2266 908 2290 a
939 2254 1006 2290 deo
1030 2255 1085 2290 rei
1112 2253 1252 2289 ublicae
1275 2263 1400 2289 curam
1422 2252 1643 2294 adhibemus,
1673 2263 1723 2288 ex
1744 2252 1791 2288 iis
1814 2262 1908 2299 quae
1930 2253 2002 2288 iam
2025 2251 2200 2298 pessimus
2222 2251 2387 2288 omnibus

145 2302 379 2348 manifestum
407 2300 573 2346 fecimus.
622 2299 766 2336 Ftscnm
796 2300 889 2337 enim
913 2310 992 2335 cum
1016 2310 1075 2334 mu
1092 2300 1138 2334 tis
1161 2298 1288 2334 debitis
1313 2302 1502 2334 oneratum
1525 2301 1560 2334 et
1582 2297 1633 2333 ad
1653 2301 1853 2334 extremam
1877 2297 2038 2344 inopiam
2061 2296 2230 2333 adactum
2252 2297 2386 2333 inveni-

145 2357 276 2390 remus,
299 2347 338 2381 in
358 2356 426 2382 nos
443 2346 544 2393 ipsos
567 2356 651 2382 aere
675 2345 792 2382 alieno
816 2348 962 2392 recepto
987 2356 1096 2381 onere
1119 2347 1228 2390 atque
1251 2343 1473 2390 difficultate
1495 2353 1629 2390 maqna
1653 2342 1898 2379 liberavimus..
1937 2341 2075 2378 Deinde
2097 2352 2172 2379 rem
2195 2342 2386 2378 militarem

145 2403 267 2428 rerum
297 2391 582 2427 necessariarum
609 2391 767 2438 penuria
798 2391 871 2426 iam
902 2390 1091 2437 dilapsam,
1121 2389 1175 2425 ita
1206 2392 1248 2425 ut
1269 2399 1328 2424 res
1348 2388 1497 2436 publica
1521 2387 1760 2424 barbarorum
1782 2387 2030 2424 invasionibus
2052 2385 2387 2434 irruptionibusque

145 2437 297 2483 infinitis
321 2436 619 2483 labefactaretur,
645 2436 768 2483 quoad
790 2436 867 2472 eius
888 2436 1017 2481 facere
1033 2435 1233 2482 potuimus,
1257 2434 1390 2469 idonea
1413 2433 1661 2470 emendatione
1684 2433 1890 2479 diqnamur.
1926 2431 2149 2478 Quamquam
2172 2442 2246 2467 non
2268 2431 2307 2467 in
2330 2430 2388 2467 liis

147 2487 287 2519 tantum
320 2492 422 2528 opem
451 2481 618 2517 subiectis
647 2481 908 2528 praestandam
931 2480 1123 2516 subsistere
1147 2482 1315 2526 oportere
1334 2479 1554 2526 putavimus,
1578 2478 1643 2514 sed
1664 2478 1770 2513 etiam
1794 2477 1945 2514 alterius
1969 2476 2155 2512 cuiusdam
2179 2476 2386 2513 clementiae

141 2528 345 2607 participes
364 2526 559 2572 faciendos
581 2526 759 2562 subiectos
783 2526 955 2562 arbitrati
975 2535 1110 2567 sumus,
1135 2531 1174 2560 ut
1197 2535 1259 2561 eos
1283 2535 1307 2560 a
1329 2524 1481 2570 reliquis
1499 2524 1591 2569 fisco
1617 2522 1744 2559 debitis
1768 2522 2012 2559 liberaremus.

300 2599 309 2608 .
360 2571 549 2607 Commune
572 2572 686 2617 iqitur
710 2570 776 2607 boc
800 2582 943 2617 quoque
963 2571 1049 2606 bene
1078 2570 1170 2606 cium
1188 2573 1352 2605 nostrum
1376 2570 1413 2605 in
1438 2579 1560 2604 omnes
1581 2567 1815 2604 extendentes
1832 2567 2026 2614 praeteriti
2049 2566 2222 2613 temporis
2242 2565 2386 2613 reliqua

147 2629 190 2653 us
218 2628 261 2653 ue
285 2616 334 2652 ad
357 2621 520 2653 octavam
544 2621 579 2652 et
602 2617 719 2663 ipsam
735 2617 943 2663 praesentis
966 2616 1060 2662 cyci
1079 2614 1310 2651 indictionem
1334 2625 1357 2650 a
1380 2613 1547 2650 subiectis
1566 2614 1658 2659 fisco
1683 2612 1802 2648 debita
1824 2612 2048 2654 remittimus,
2073 2616 2183 2658 atque
2204 2611 2387 2647 sancimus

147 2629 283 2698 nullam
303 2661 386 2706 sieri
408 2662 636 2697 exactionem
659 2672 785 2697 eorum
808 2672 902 2708 quae
925 2661 963 2696 in
986 2660 1137 2707 reliquis
1159 2670 1273 2706 usque
1296 2659 1346 2695 ad
1367 2658 1475 2694 modo
1499 2658 1632 2694 dictam
1655 2657 1887 2693 indictionem
1919 2656 2103 2700 debentur,
2135 2656 2210 2692 sive
2230 2666 2384 2703 qenero-

148 2707 215 2743 lem
246 2707 322 2742 sive
353 2717 371 2741 s
398 2706 544 2742 ecialem
575 2717 732 2742 mensam
762 2707 905 2759 qloriae
937 2710 1019 2742 tuae
1049 2708 1214 2752 spectant
1239 2705 1294 2741 vel
1312 2704 1586 2751 praefecturam
1609 2703 1708 2738 sacri
1730 2701 1832 2749 apud
1854 2699 2006 2749 illyrios
2023 2701 2207 2748 praetorii
2228 2700 2285 2738 vel
2305 2699 2386 2747 qlo-

147 2751 338 2787 riosissimi
383 2751 558 2786 ustiniani
583 2752 766 2803 praefecti
798 2762 1029 2787 numerorum
1059 2750 1269 2786 militarium
1298 2750 1335 2785 in
1359 2749 1498 2785 Moesia
1522 2752 1557 2784 et
1580 2747 1732 2794 Scythia
1756 2746 1812 2783 vel
1833 2746 1941 2783 etiam
1964 2756 2154 2782 sacrorum
2177 2750 2387 2782 nostrorum

148 2796 399 2832 thesaurorum
430 2795 485 2832 vel
514 2796 732 2832 sanctissimi
762 2797 881 2832 nostri
909 2796 1046 2832 aerarii
1074 2796 1131 2832 vel
1159 2795 1257 2831 sacri
1279 2794 1498 2841 patrimonii
1528 2793 1584 2829 vel
1609 2792 1955 2838 maqnificentissimi
1986 2792 2168 2828 curatoris
2197 2789 2386 2827 domuum:

147 2853 269 2878 verum
299 2840 477 2887 quidquid
508 2846 580 2876 tam
611 2841 648 2876 in
672 2852 765 2877 auro
790 2853 898 2888 quam
917 2844 1071 2888 arqento
1095 2840 1247 2887 aliisque
1270 2839 1456 2887 speciebus
1478 2837 1633 2874 debitum
1655 2837 1772 2883 fuerit
1794 2836 1834 2872 id
1858 2847 1963 2873 omne
1985 2836 2147 2872 omnibus
2166 2834 2386 2872 debitoribus

147 2887 364 2928 remittatur,
397 2890 436 2920 ut
468 2896 583 2931 neque
614 2897 636 2920 a
665 2886 804 2922 colonis
834 2897 950 2932 neque
979 2898 1002 2921 a
1026 2885 1304 2922 conductoribus
1327 2895 1442 2936 neque
1465 2883 1509 2919 ab
1534 2882 1773 2930 emphyteutis
1796 2892 1911 2928 neque
1933 2881 2050 2928 maqis
2072 2892 2096 2917 a
2113 2878 2386 2928 possessoribus

147 2932 289 2978 reliqua
310 2931 401 2975 fisco
425 2930 545 2966 debita
563 2941 638 2977 pro
664 2935 824 2977 tempore
847 2931 946 2977 quod
967 2935 1021 2966 est
1043 2941 1157 2983 usque
1180 2930 1230 2966 ad
1249 2929 1475 2976 praedictam
1498 2928 1730 2964 indictionem
1753 2931 1789 2964 et
1811 2927 1927 2973 ipsam
1950 2927 2160 2973 exiqantur.
2342 2967 2351 2975 .

282 2976 328 3012 11.
379 2974 596 3021 Excipimus
625 2980 744 3011 autem
777 2976 821 3011 ab
856 2976 924 3011 bac
950 2976 1166 3012 liberalitate
1189 2978 1314 3011 nostra
1338 2974 1512 3010 militares
1534 2977 1570 3009 et
1590 2972 1865 3020 foederatorum
1886 2971 2137 3007 discussiones.
2185 2968 2268 3004 Hae
2290 2977 2385 3021 enim

146 3022 325 3059 subiectos
356 3021 500 3057 omnino
532 3030 605 3056 non
636 3021 839 3066 attinqunt,
870 3031 993 3057 verum
1023 3021 1106 3056 illos
1133 3021 1233 3056 solos
1265 3020 1395 3066 quibus
1426 3029 1450 3054 a
1477 3018 1569 3063 fisco
1601 3029 1668 3065 sup
1697 3017 1853 3054 editatae
1882 3018 1967 3051 sunt
1992 3014 2172 3062 pecuniae
2202 3013 2325 3066 etqui
2347 3022 2386 3048 m

148 3069 287 3104 lucrum
303 3077 356 3113 pr
405 3066 500 3105 rium
524 3069 779 3101 converterunt
802 3077 894 3112 quae
917 3065 1134 3102 militaribus
1156 3065 1214 3102 vel
1232 3064 1511 3111 foederatorum
1535 3062 1658 3099 ordini
1681 3072 1723 3098 us
1745 3061 1833 3097 data
1856 3064 1943 3096 sunt
1965 3071 1988 3096 a
2008 3059 2108 3105 fisco.
2143 3057 2218 3094 Sed
2238 3068 2270 3093 si
2291 3067 2386 3104 quae

147 3114 255 3150 etiam
286 3077 481 3160 apu‘ffi'eos
509 3110 573 3157 qui
602 3109 774 3146 dicuntur
804 3114 1034 3157 susceptores
1065 3110 1121 3147 vel
1151 3113 1346 3147 exactores
1373 3108 1430 3145 vel
1460 3111 1670 3154 acceptores
1698 3107 1773 3143 sive
1804 3106 1843 3141 in
1874 3115 1966 3140 auro
1999 3104 2133 3141 sivein
2156 3106 2309 3150 arqento
2332 3101 2389 3139 vel

194 3263 214 3295 2
240 3262 327 3294 rubr.
344 3260 432 3292 Πεοὶ
455 3253 709 3302 συγχωρήσεως
733 3252 920 3299 δημοσίων
936 3257 1024 3299 Alli,
1048 3257 1136 3301 Περὶ
1161 3254 1229 3289 λοι·
1302 3251 1434 3296 ταύτης
1458 3253 1488 3286 L
1506 3252 1519 3296 fl
1539 3254 1579 3287 16
1604 3248 1690 3297 ὂρᾶς
1715 3252 1760 3285 Μ
1770 3251 1782 3295 ΙΙ
1804 3254 1840 3286 17
1869 3251 1958 3293 τῶν]
1987 3250 2055 3293 τὴν
2082 3252 2110 3285 L
2129 3250 2142 3295 ΙΙ
2158 3248 2234 3284 ἰλλυ
2259 3253 2323 3284 ίοις
2343 3250 2375 3284 L

148 3303 281 3341 πάδων
309 3290 429 3339 Timoli.
459 3303 471 3347 ΙΙ
501 3304 520 3337 3
546 3304 642 3337 inscr-
670 3314 728 3335 om.
754 3302 838 3342 ML,
862 3303 985 3335 inserui
1007 3314 1045 3334 ez·
1069 3303 1144 3334 Am.
1173 3300 1185 3343 ΙΙ
1211 3302 1232 3335 4
1303 3296 1490 3355 ἰλλυρικοῖς
1516 3297 1561 3331 M
1584 3297 1596 3340 ΙΙ
1629 3300 1668 3331 de
1700 3298 1758 3330 hoc
1786 3298 1955 3340 praefecto
1987 3298 2029 3340 cs:
2056 3309 2127 3329 nov.
2152 3297 2221 3329 XL
2266 3303 2296 3330 et
2320 3295 2351 3329 L
2373 3274 2387 3340 ΙῙ

141 3347 232 3385 Ὅσα
257 3352 307 3385 cit.
336 3350 456 3383 Theocl.
484 3348 496 3392 11
530 3349 548 3381 7
580 3345 715 3380 ἐλάσαν
740 3346 798 3388 Μ]
822 3342 982 3379 ἑλάσσαν
1006 3347 1048 3387 L,
1073 3343 1233 3379 ἐλασθὲν
1304 3345 1345 3377 18
1370 3357 1391 3385 η
1416 3344 1476 3375 καὶ
1500 3343 1564 3375 τοῦ
1591 3340 1787 3387 ἱερωτάτου
1806 3342 1835 3375 L
1853 3341 1865 3385 ΙΙ
1886 3343 1925 3376 19
1950 3340 2076 3375 οἰκιῶν
2094 3343 2138 3375 Μ
2148 3339 2228 3380 (τὸν
2244 3338 2386 3395 κόμητα

149 3410 217 3430 cum
243 3396 439 3430 Haloandro
465 3394 550 3437 vuly.
578 3392 591 3437 ss
613 3394 632 3426 8
658 3391 841 3436 παραρυέν
866 3391 933 3433 Mu
957 3391 1000 3436 τῇ
1027 3404 1084 3423 om.
1111 3391 1141 3423 L
1160 3390 1172 3434 n
1191 3392 1231 3424 10
1301 3387 1378 3421 τῶν
1409 3386 1534 3421 οἶκιιῐῗν
1558 3388 1660 3428 ΑιΙι.)]
1693 3387 1837 3421 οἰκείων
1863 3388 1893 3420 L
1919 3386 1932 3429 ΙΙ
1963 3388 2004 3421 20
2019 3399 2069 3430 sq.
2095 3381 2240 3419 *οὗδέ-
2259 3381 2383 3418 ουδὲ-

148 3438 318 3484 ἠξιοῦμεν
344 3440 529 3473 Zachariae
545 3437 557 3482 ΙΙ
585 3435 680 3479 πλὴν
701 3435 741 3470 δὲ
764 3432 844 3470 ἀλλ’
873 3437 903 3469 L
921 3436 933 3479 ΙΙ
955 3438 990 3469 11
1019 3432 1230 3480 φιλανθρῶ-
1301 3429 1384 3466 οἶδὲ
1399 3433 1469 3466 ML
1485 3433 1497 3474 ΙΙ
1518 3433 1555 3466 21
1572 3432 1799 3476 μισθωτοὶΙΣ
1817 3432 1828 3475 ΙΙ
1847 3433 2019 3477 φυτευταὶ
2032 3431 2081 3465 La
2097 3430 2110 3475 ΙΙ
2129 3431 2172 3465 22
2184 3432 2244 3464 καὶ
2258 3443 2317 3464 om.
2330 3427 2386 3474 Lu

148 3498 218 3520 που
249 3482 472 3529 μεταδοῦναι
498 3484 528 3516 L
563 3482 576 3527 ΙΙ
609 3484 649 3517 12
682 3480 990 3526 *ἐλευθεροῦντες]
1026 3478 1232 3523 ἐλευθέρους
1302 3479 1344 3511 23
1363 3477 1584 3511 discusstonas
1601 3478 1630 3511 L
1649 3475 1900 3512 δυσκσυσίονας
1914 3477 1956 3510 Μ
1969 3473 2204 3510 δισουεείονας
2219 3476 2294 3510 Ath.
2313 3475 2382 3509 cod.

148 3532 220 3564 ML
242 3527 408 3573 (ποιήσας
427 3537 503 3572 post
526 3525 687 3571 δημοσίῳ
714 3529 791 3562 add.
818 3539 885 3561 cum
911 3527 1107 3559 Haloanclro
1131 3525 1230 3568 vuly.)
1302 3523 1345 3557 24
1367 3517 1496 3563 *ἀλ-λ’]
1521 3519 1545 3565 ἢ
1571 3523 1653 3564 ML,
1677 3521 1773 3565 πλὴν
1800 3523 1940 3555 Homber
1965 3522 1995 3562 k,
2020 3520 2052 3554 εἰ
2074 3518 2124 3565 μὴ
2153 3521 2383 3563 osenbrfiyqen

146 3575 158 3621 11
182 3573 409 3620 ἐλειμμάτων
442 3576 485 3615 (et
516 3576 563 3608 sic
594 3575 736 3615 saepius)
772 3573 821 3614 M,
858 3568 1079 3615 ἐλλειμάτων
1112 3571 1153 3611 (et
1183 3571 1231 3603 sic
1300 3568 1356 3611 (ι’-[ἶ
1371 3569 1446 3610 720,
1460 3570 1508 3609 35)
1526 3568 1537 3611 ΙΙ
1557 3568 1597 3601 25
1622 3567 1874 3613 χορηγηθέντα
1899 3567 1928 3600 L
1976 3565 2158 3601 ἐπιθέντα
2183 3565 2239 3599 Μ’ι
2256 3564 2269 3609 ΙΙ
2287 3565 2329 3598 26
2352 3563 2384 3598 οἱ

144 3622 344 3664 plerumque)
369 3621 400 3654 L
427 3618 440 3663 ΙΙ
473 3620 514 3652 14
545 3620 697 3652 octausas
722 3619 764 3660 L,
799 3630 856 3651 om.
875 3617 921 3651 M
945 3619 978 3651 in
1011 3616 1071 3649 lac.
1098 3615 1229 3650 12—15
1302 3610 1341 3646 δὲ
1365 3615 1427 3645 καί
1449 3625 1532 3646 τινα
1555 3614 1583 3647 L
1609 3615 1696 3654 ΑεΙι.]
1721 3613 1888 3658 εἰρημένα
1912 3613 1975 3645 καί
1994 3623 2078 3645 τινα
2103 3611 2149 3644 Μ

147 3667 207 3701 liu.
236 3666 249 3711 ss
279 3660 531 3709 ἐπινεμήσεως]
566 3665 586 3697 i.
613 3677 638 3697 e.
665 3676 762 3707 usque
795 3664 842 3696 ad
865 3663 930 3696 kal.
958 3662 1048 3705 Sept.
1076 3674 1105 3694 a.
1130 3661 1194 3695 560
1218 3659 1229 3704 I}

2406 1645 2448 1679 25
