2476 3854
131 101 238 146 Nov.
260 89 484 147 0111111111
514 104 552 146 4.
584 106 608 145 5
1196 99 1282 148 672

132 216 230 260 ρίους
245 214 327 250 τοὺς
342 211 453 249 αὑτοῦ
469 214 561 249 κατὰ
577 212 623 248 τὰ
636 212 874 270 μοναστήρια,
890 216 950 248 καὶ
962 213 1218 249 πυνθανέσθω

1911 117 2127 156 QUOMODO
2156 111 2361 153 01³0an

1287 224 1348 251 eos
1373 214 1433 260 qui
1456 214 1681 260 appellantur
1702 216 1918 260 responsarii
1947 217 2023 253 eius
2050 227 2114 263 per
2136 219 2361 262 monasteria,

133 262 194 293 καὶ
211 260 311 305 παρὰ
327 261 404 294 τῶν
419 257 608 306 γειτόνων,
631 272 681 302 μη
705 271 775 294 που
799 272 835 293 τι
853 258 1014 305 πονηρὸν
1036 260 1100 294 ἐπί
1120 270 1217 294 τινος
1283 263 1319 295 et
1342 260 1501 304 requirat
1530 260 1637 296 etiam
1665 259 1818 305 vicinos,
1850 270 1895 298 ne
1924 261 2017 298 forte
2046 263 2182 307 aliquid
2211 268 2362 308 nequam

131 305 209 340 τῶν
239 308 495 350 μοναστηρίων
525 304 603 339 τῶν
634 302 791 350 ἐγγύθεν
821 307 979 350 γίνεται,
1011 307 1070 339 καὶ
1100 304 1217 339 ταῦτα
1283 305 1320 340 in
1353 305 1472 350 aliquo
1503 300 1798 342 monasteriorum
1854 307 1988 343 roximo
2019 307 2077 351 fit,
2110 309 2146 344 et
2171 304 2261 344 haec
2284 308 2361 344 ’11111-

132 346 281 385 ἅπαντα
312 351 567 393 σωφρονιζέτω
603 352 664 383 καὶ
693 350 756 392 τῆς
788 347 1027 395 προςηκούσης
1058 345 1214 390 ἀξιούτω
1283 356 1385 385 versa
1410 350 1559 395 castiget
1582 353 1620 387 et
1639 317 1853 396 competenffl
1872 351 1978 397 digna
1997 351 2110 389 faciat
2125 350 2360 398 providentia.

131 399 312 441 προνοίας.
356 392 447 429 ἀλλὰ
471 391 568 428 καὶὸ
590 391 730 429 πόλεως
753 394 902 438 ἑκάστης
923 396 1115 429 ἐπίσκοπος
1133 393 1213 429 τού-
1251 399 1270 431 5
1285 395 1353 430 Sed
1388 396 1494 431 etiam
1528 396 1808 441 uniuscuiusque
1842 396 1993 433 civitatis
2029 398 2218 443 episeopus
2257 397 2363 434 11111110

1310 440 1539 476 revidentia‘m
1570 440 1720 484 habeat,
1752 441 1824 477 sive
1852 441 2058 487 patriarcha
2088 441 2161 479 sive
2183 443 2362 489 metropo-

131 451 194 476 του
219 440 397 486 πρόνοιαν
421 441 542 483 ἐχέτω,
570 439 641 474 εἴτε
665 438 886 484 πατριάρχης
909 439 980 474 εἴτε
1002 438 1215 485 μητροπολί-

820 485 827 493 ’
1311 488 1348 520 ta
1372 486 1445 521 sive
1469 485 1598 532 singuli
1621 486 1694 522 sint
1717 486 1975 532 episcoporum,
2000 492 2037 523 et
2058 487 2363 524 reverentissimos

131 488 193 529 της
216 486 287 519 εἴτε
310 486 370 519 καὶ
394 486 470 518 τῶν
493 481 588 518 καθ’
615 486 769 519 ἕκαστον
792 487 855 527 εἰη,
884 487 944 518 καὶ
967 484 1050 520 τοὺς
1073 481 1215 529 εὐλαβε-

132 529 283 564 ’στάτους
313 527 469 564 ἐκδίκους
501 530 563 573 τῆς
587 529 771 573 ἐκκλησίας
800 531 863 573 τῆς
895 527 1007 564 αὑτοῦ
1039 528 1215 566 στελλέτω
1286 531 1490 567 defensores
1522 531 1695 567 ecclesiae
1718 531 1837 567 mittat
1867 532 1958 568 haec
1984 528 2204 579 requirentes
2228 534 2265 569 01
2287 543 2363 569 ser-

132 575 249 609 ταῦτα
285 572 557 622 ἀναζητοῦντας
592 578 653 608 καὶ
687 573 1036 621 παραφυλάττοντας
1073 578 1132 609 καὶ
1167 575 1215 620 μὴ
1284 578 1407 612 ventes
1438 577 1474 612 01
1503 580 1577 612 non
1607 577 1761 612 sinentes
1793 577 1983 622 quicquam
2011 577 2090 614 fleri
2124 581 2226 615 extra
2280 583 2364 614 uam

132 621 406 666 συγχωροῦντας
435 616 524 665 μηδ’
551 616 677 654 ὁτιοῦν
707 620 878 667 γίνεσθαι
910 620 983 661 ἔξω
1015 621 1080 655 τοῦ
1114 632 1215 665 προς·
1231 623 1271 655 10
1286 621 1404 663 decet,
1437 621 1501 657 sed
1524 623 1560 657 et
1589 621 1620 657 si
1643 621 1729 667 quid
1751 622 1833 664 fiat,
1864 623 2033 659 velociter
2063 623 2131 659 hoc
2162 628 2263 659 einen
2288 627 2361 660 are.

130 664 289 709 ήκοντος,
314 660 405 700 ἀλλὰ
429 667 489 698 καὶ
506 665 588 699 εἴτι
603 668 755 711 γένοιτο,
779 665 923 700 θᾶττον
939 667 1048 701 τοῦτο
1068 667 1180 700 ἔπανο
1204 685 1216 692 ·
1286 666 1539 703 sanctissimus
1582 669 1701 702 autem
1768 667 1949 704 &triarcha
1989 668 2215 705 felicissimae
2255 668 2363 705 huius

131 711 303 744 θοῦντας.
352 709 371 743 ὁ
398 707 438 743 δὲ
462 707 662 757 ἄγιώτατος
686 711 906 755 πατριάρχης
926 708 1057 754 ταύτης
1080 712 1142 754 τῆς
1162 725 1217 745 ευ·
1287 711 1384 747 urbis
1416 711 1461 747 de
1489 712 1713 748 monasteriis
1768 712 1801 748 ic
1858 713 1959 749 ositis
1988 713 2147 757 similiter
2175 713 2363 758 examinet,

131 753 300 799 δαίμονος
322 754 462 790 πόλεως
492 756 538 789 τὰ
564 758 645 801 περὶ
668 756 746 790 τῶν
772 756 939 790 ἐνταῦθα
962 760 1217 802 μοναστηρίων
1284 757 1354 802 (et)
1377 756 1542 793 custodes
1574 757 1626 792 rei
1658 757 1724 793 deo
1755 764 1836 793 ama
1862 758 1926 795 iles
1956 759 2127 795 ecclesiae
2158 758 2363 795 defensores

131 798 265 844 ὁμοίως
288 800 504 843 ἐξεταζέτω,
535 804 596 834 καὶ
620 799 778 846 φύλακας
807 801 872 835 τοῦ
901 801 1107 848 πράγματος
1137 801 1217 836 τοὺς
1285 802 1530 838 sanctissimae
1554 802 1699 838 maioris
1724 803 1895 839 ecclesiae
1918 807 1954 839 et
1970 814 2058 849 quos
2082 804 2260 850 putaverit
2282 812 2362 850 per—

130 844 436 891 θεοφιλεστάτους
465 843 765 890 έκκλησιεκὸίκους
796 847 858 889 τῆς
881 844 1085 893 ἁγιωτάτης
1108 846 1213 893 μεγά·
1233 847 1398 883 15100100
1422 851 1458 884 01
1478 847 1746 884 honestissimos
1769 857 1846 883 esse
1870 849 2074 893 constituat,
2097 851 2139 885 111
2160 852 2225 895 'per
2241 849 2363 895 plures

131 889 191 933 λης
213 890 398 934 ἐκκλησίας
421 894 481 925 καὶ
498 888 559 926 οὓς
574 888 622 926 ἂν
637 894 818 936 νομίσειεν
834 888 990 937 ἀκριβεῖς
1013 895 1072 926 καὶ
1089 902 1216 937 σεμνο·
1285 892 1448 928 custodia
1481 893 1580 928 facta
1615 891 1733 928 adhuc
1766 893 1919 939 amplius
1956 893 2155 932 observatio
2190 894 2227 930 et
2254 896 2365 941 'super

129 933 259 970 τάτὸυς
290 935 383 970 εἶναι
415 936 731 980 καταστησάσθω,
764 937 824 972 ἵνα
855 933 915 970 διὰ
943 935 1125 972 πλειόνων
1155 939 1217 981 τῆς
1284 938 1443 984 'peccatis
1466 937 1623 974 vindicta
1645 937 1719 974 fiat.

131 979 288 1026 φυλακῆς
318 984 506 1027 γινομένης
536 983 591 1016 ἔτι
621 983 758 1027 μείζων
789 978 811 1026 ’ἦ
842 981 987 1028 τήρησις
1018 986 1077 1016 καὶ
1108 980 1130 1026 ἦ
1156 984 1217 1018 ἐπὶ

131 1030 204 1061 τοῖς
228 1023 487 1073 ἁμαρτήμασιν
510 1025 685 1070 ἐκδίκησις
705 1030 863 1073 γένηται.

1135 1139 1291 1175 CAPUT
1317 1139 1360 1176 V.

186 1209 252 1241 Δεῖ
273 1205 313 1241 δὲ
335 1208 488 1241 ἕκαστον
511 1207 755 1253 μοναστήριον
780 1203 852 1242 ὑπὸ
873 1204 1072 1254 ἡγούμενον
1091 1206 1216 1242 τελοῦν
1231 1209 1272 1242 20
1353 1207 1505 1251 Oportet
1540 1210 1659 1244 autem
1694 1208 1971 1254 unumquodque
2006 1207 2260 1245 monasterium
2297 1209 2365 1246 sub

131 1254 240 1295 ἔχειν,
276 1243 449 1296 καθάπερ
483 1252 647 1286 εἰπόντες
681 1252 860 1297 ἔφθημεν,
895 1252 978 1287 τοὺς
1012 1251 1217 1299 λεγομένους
1285 1252 1416 1288 abbate
1449 1253 1698 1297 constitutum,
1728 1254 1822 1290 sicut
1853 1253 2112 1300 praediximus,
2142 1254 2274 1290 habere
2302 1263 2364 1290 eos

131 1295 433 1344 ἀποκρισιαρίους,
467 1295 602 1343 ἄνδρας
624 1298 866 1343 γεγηρακότας
892 1301 951 1331 καὶ
975 1295 1042 1341 ἤδη
1065 1298 1134 1332 τὸν
1152 1311 1215 1343 μο-
1284 1297 1345 1342 qui
1361 1301 1534 1334 vocantur
1548 1299 1782 1344 responsarii‚
1807 1299 1901 1335 viros
1918 1309 2021 1336 senes
2040 1301 2078 1335 et
2091 1299 2164 1335 iam
2180 1298 2363 1335 monaehi·

130 1343 280 1386 ναχικὸν
303 1341 422 1377 ἆθλον
446 1339 736 1390 ἀγωνισαμένους
758 1345 817 1377 καὶ
841 1339 882 1376 οὗ
903 1341 1036 1388 ῥᾳδίως
1058 1343 1123 1378 τὰς
1146 1355 1214 1377 σω-
1284 1353 1365 1378 eum
1397 1346 1577 1380 certamen
1606 1348 1814 1390 superantes
1849 1347 1885 1380 et
1914 1355 1987 1380 non
2017 1344 2122 1381 facile
2158 1343 2365 1390 corporales

130 1389 283 1432 ματικὰς
306 1390 471 1434 ἐπηρείας
494 1386 763 1435 ὑφισταμένους,
794 1387 830 1422 οἳ
849 1391 920 1422 τοῖς
944 1389 1129 1435 πράγμασι
1155 1392 1215 1422 καὶ
1283 1388 1467 1424 violentias
1491 1399 1674 1434 passuros,
1722 1389 1760 1425 ui
1780 1400 1902 1425 eorum
1924 1390 2031 1426 rebus
2055 1393 2092 1426 et
2111 1396 2234 1425 eorum
2257 1392 2363 1438 00011-

131 1437 207 1468 ταῖς
240 1430 363 1467 αὐτῶν
395 1430 668 1476 ἀπησχόληνται
691 1437 831 1480 χρείαις.
880 1436 940 1467 καὶ
963 1430 1004 1468 οὐ
1029 1434 1145 1478 μόνον
1169 1434 1214 1467 εἴ·
1228 1436 1269 1469 25
1282 1437 1413 1478 pentur
1435 1434 1660 1471 utilitatibus.
1741 1439 1757 1470 t
1780 1445 1852 1471 non
1875 1435 1989 1471 solum
2013 1435 2045 1471 si
2062 1435 2218 1471 virorum
2240 1444 2364 1470 mona.-

130 1491 198 1524 περ
223 1475 293 1513 ἇνδ
316 1479 370 1512 ὦν
386 1478 438 1522 εἴη
462 1480 504 1513 τὸ
521 1478 778 1525 μοναστήριον,
803 1475 886 1512 ἀλλ’
905 1479 935 1512 εἰ
958 1480 1214 1526 καὶγυναικῶν
1284 1479 1448 1523 sterium,
1473 1479 1536 1515 sed
1559 1480 1590 1515 si
1614 1481 1720 1516 etiam
1742 1480 1928 1516 mulierum
1953 1480 2146 1526 contingat,
2173 1485 2252 1516 esse
2275 1479 2364 1516 dues

130 1524 250 1567 τυχόν,
275 1536 292 1557 ε
307 1537 367 1559 ναι
388 1521 451 1558 δύο
471 1524 574 1558 τινὰς
597 1521 620 1567 ἢ
637 1526 730 1569 τρεῖς
753 1522 888 1569 ἄνδρας
911 1522 935 1567 ἢ
957 1522 1160 1567 εὐνούχους,
1184 1525 1215 1558 εἰ
1283 1524 1420 1569 aliquos
1443 1526 1507 1560 aut
1530 1529 1603 1560 tres
1625 1526 1719 1562 viros
1743 1528 1808 1562 aut
1828 1526 2022 1569 eunuchos,
2050 1527 2081 1562 si
2103 1525 2275 1571 possibile
2299 1526 2364 1568 est,

131 1567 301 1613 δυνατόν,
333 1567 356 1612 ἢ
379 1570 456 1603 τῶν
478 1569 732 1615 γεγηρακότων
760 1582 800 1603 τε
830 1571 888 1602 καὶ
913 1571 973 1604 ἐπὶ
997 1570 1214 1617 σωφροσύνῃ
1282 1573 1346 1604 aut
1380 1579 1481 1605 senes
1518 1572 1554 1605 et
1591 1571 1766 1607 castitatis
1801 1571 2042 1607 testimonium
2075 1571 2268 1614 habentes,
2304 1569 2365 1616 qui

130 1617 469 1660 μεμαρτυρημένων,
502 1616 605 1659 οἵπερ
622 1614 667 1648 τὰ
685 1613 882 1661 πράγματα
900 1612 1024 1649 αὐταῖς
1039 1615 1214 1661 πράξουσι
1283 1624 1411 1650 causas
1445 1619 1552 1660 agant
1587 1619 1622 1652 et
1652 1616 1865 1652 ineffabilem
1897 1616 1948 1652 eis
1979 1617 2175 1662 praebeant
2209 1625 2364 1652 commu-

130 1663 190 1693 καὶ
213 1660 281 1703 τὴν
305 1658 462 1705 ἄρρητον
487 1658 611 1694 αὐταῖς
630 1657 850 1694 &tuscianum
873 1663 1080 1704 κοινωνίαν,
1109 1657 1213 1704 ἡνίκα
1228 1662 1269 1695 30
1282 1660 1441 1703 nionem,
1474 1671 1555 1695 cum
1585 1661 1691 1697 huius
1721 1664 1861 1707 tempus
1892 1661 2012 1698 fuerit.
2060 1661 2097 1697 Si
2119 1671 2202 1697 vero
2233 1659 2278 1696 de
2299 1656 2363 1696 811-

130 1703 260 1739 τούτου
295 1705 424 1750 καιρός.
481 1705 513 1738 εἰ
548 1703 588 1739 δὲ
621 1709 706 1750 περί
741 1716 838 1739 τινος
875 1706 939 1739 τοῦ
973 1710 1214 1753 μοναστηρίου
1283 1715 1353 1750 qua
1376 1705 1581 1741 monasterii
1604 1707 1758 1742 utilitate
1782 1710 1845 1742 aut
1867 1707 1914 1742 ad
1935 1717 2041 1743 unam
2062 1706 2364 1742 reverentissime.-

128 1754 246 1795 χρείας
268 1747 291 1794 ἢ
314 1751 361 1784 εἰς
384 1753 474 1793 μίαν
496 1751 574 1784 τῶν
592 1747 871 1794 εὖλαβεστάτων
895 1747 1100 1796 ἇσκητριῶν
1124 1748 1212 1784 ἀνα·
1282 1761 1362 1786 rum
1381 1751 1613 1787 ascetriarum
1636 1752 1838 1797 pertinente
1862 1752 1982 1787 dicere
1998 1751 2132 1796 aliquid
2146 1750 2364 1788 necessario-

158 1798 324 1841 ερομένης
346 1795 463 1830 εἰπεῖν
485 1809 522 1829 τι
540 1797 618 1829 τῶν
634 1792 845 1842 ἀναγκαίων
868 1794 1069 1839 βούλοιντο,
1094 1797 1211 1831 ἐντεύ-
1281 1805 1362 1831 rum
1385 1796 1572 1839 voluerint,
1596 1797 1787 1843 loquentur
1810 1797 2015 1833 abbatissae
2038 1802 2074 1832 et
2096 1797 2199 1833 alteri
2221 1796 2365 1842 penitus

130 1809 255 1882 ἔονται
278 1841 323 1888 τῇ
339 1838 515 1888 ἡγουμένῃ
539 1839 635 1888 μόνῃ
659 1844 719 1874 καὶ
735 1841 840 1888 ἑτέρᾳ
864 1841 1050 1876 παντελῶς
1068 1839 1216 1886 οὐδεμιᾷ
1603 1851 1606 1854 ·

130 1963 152 1987 a
181 1951 390 1986 ocrisiarios
419 1952 482 1998 qui
505 1955 681 1988 vocantur
709 1951 748 1986 in
771 1952 991 1988 monasteria
1015 1953 1149 1994 mittat,
1181 1955 1216 1988 et
1241 1963 1292 1988 ex
1312 1952 1441 1988 vicinis
1471 1962 1614 1998 quoque
1645 1956 1818 1998 quaerat,
1853 1962 1938 1987 num
1966 1951 2056 1997 quid
2078 1953 2186 1998 sorte
2207 1953 2296 1989 mati
2324 1953 2363 1989 in

129 1962 253 2042 atquo
284 1996 333 2032 ea·
362 1997 592 2033 monasteriis
622 1997 749 2033 vicinis
768 1996 855 2042 fiat,
886 2000 995 2043 atque
1017 1996 1106 2033 baec
1130 1998 1251 2034 omnia
1279 1998 1431 2044 castiqet
1460 2002 1497 2033 et
1526 2007 1569 2032 ea
1593 2007 1667 2043 qua
1690 1997 1791 2033 decet
1818 1996 2049 2044 providentia
2079 1997 2192 2044 diqna
2222 1996 2362 2035 habeat.

129 2040 204 2078 Sed
226 2041 334 2078 etiam
358 2042 462 2077 cuius
488 2053 533 2078 ue
556 2042 713 2078 civitatis
736 2042 927 2088 episcopus
950 2051 1074 2077 curam
1097 2043 1130 2078 ei
1152 2044 1210 2078 rei
1217 2042 1411 2085 adhibeat,
1433 2043 1507 2078 sive
1525 2041 1745 2088 patriarcba
1767 2043 1842 2079 sive
1861 2041 2160 2088 metropolitanus
2180 2044 2257 2078 sive
2268 2054 2364 2079 unus

128 2098 178 2123 ex
204 2086 432 2133 sinqulorum
471 2097 618 2123 ocorum
642 2087 823 2134 episcopis
845 2087 904 2130 sit,
927 2092 963 2123 et
985 2087 1278 2133 reliqiosissimos
1300 2087 1514 2134 defensores
1537 2087 1708 2123 ecclesiae
1726 2098 1814 2123 suae
1829 2086 1958 2131 mittat,
2009 2087 2046 2122 ui
2062 2086 2152 2124 haec
2165 2088 2365 2141 exquirant

128 2136 163 2168 et
188 2131 395 2168 custodiant
425 2143 491 2168 nec
515 2132 710 2178 quidquam
740 2137 889 2179 praeter
920 2131 959 2168 id
981 2132 1080 2178 quod
1101 2133 1202 2169 decet
1228 2133 1312 2178 fieri
1332 2133 1537 2180 patiantur,
1567 2131 1632 2168 sed
1653 2132 1761 2169 etiam
1790 2133 1823 2168 si
1846 2132 1936 2179 quid
1964 2097 2107 2178 sqactum
2128 2133 2189 2175 sit,
2218 2132 2259 2168 td
2273 2143 2364 2181 pro·

131 2178 225 2212 tinus
248 2177 443 2214 emendent.
491 2177 749 2213 Sanctissimus
779 2182 898 2214 autem
927 2177 1144 2225 patriarcba
1175 2179 1281 2214 tutius
1302 2178 1424 2224 felicis
1448 2178 1604 2214 civitatis
1634 2188 1728 2224 quae
1758 2177 1808 2213 ad
1830 2182 2050 2213 monasterus
2078 2177 2137 2213 bic
2157 2178 2232 2214 sita
2250 2178 2364 2226 perti-

129 2227 215 2258 nent
236 2223 403 2260 similiter
426 2223 628 2266 examinet,
660 2227 695 2258 et
718 2222 885 2258 custodes
907 2223 962 2259 rei
986 2222 1053 2259 deo
1078 2224 1283 2259 carissimos
1312 2223 1524 2269 defensores
1553 2223 1801 2259 sanctissimae
1823 2223 1973 2259 maioris
1995 2222 2166 2259 ecclesiae
2195 2227 2233 2260 et
2256 2233 2363 2270 quos-

130 2279 280 2314 cumque
301 2268 493 2314 diliqentes
516 2269 612 2304 viros
635 2266 975 2314 honestissimosque
998 2279 1075 2305 esse
1091 2269 1280 2315 putaverit
1302 2269 1518 2311 constituat,
1546 2274 1590 2304 ut
1612 2268 1777 2304 custodia
1806 2279 1874 2315 per
1899 2267 2029 2314 plures
2050 2268 2235 2315 praestita
2257 2269 2364 2305 etim

129 2314 247 2348 maior
270 2313 471 2349 observatio
494 2318 529 2349 et
550 2324 622 2361 pro
647 2313 787 2349 delictis
811 2313 969 2350 vindicta
989 2314 1135 2350 existat.

249 2358 306 2394 ⁴V.
358 2357 511 2405 Oportet
534 2363 652 2394 autem
676 2358 958 2405 unumquodque
982 2359 1238 2396 monasterium
1261 2360 1326 2395 sub
1343 2358 1518 2406 praesule
1538 2359 1782 2400 constitutum,
1805 2358 1899 2393 sicut
1915 2361 2024 2394 antea
2039 2357 2210 2401 dixsimus,
2234 2357 2366 2396 habere

129 2404 389 2450 apocrisiarios
412 2404 475 2450 qui
499 2408 689 2446 vocantur,
722 2405 821 2441 viros
843 2408 962 2440 aetate
982 2410 1176 2452 provectos
1204 2408 1241 2441 et
1261 2403 1473 2440 monachico
1505 2404 1699 2440 certamine
1722 2405 1794 2439 iam
1813 2403 2033 2449 perfunctos
2061 2414 2126 2439 nec
2143 2402 2262 2450 facile
2284 2413 2364 2440 cor-

126 2450 231 2495 poris
255 2449 409 2496 impetus
426 2460 619 2496 passuroS,
643 2449 707 2495 qui
729 2449 836 2485 rebus
860 2453 899 2485 at
925 2460 969 2485 ue
991 2450 1206 2486 utilitatibus
1228 2460 1351 2497 eorum
1376 2449 1546 2496 occupati
1569 2452 1768 2485 teneantur.
1815 2447 1893 2483 Nec
1917 2452 2055 2500 tantum
2078 2449 2113 2484 si
2134 2449 2294 2485 virorum
2315 2450 2363 2485 sit

128 2495 406 2538 monasterium,
435 2494 500 2530 sed
522 2495 628 2531 etiam
651 2495 684 2529 si
705 2495 809 2540 sorte
831 2505 891 2530 mu
907 2496 1041 2538 ierum,
1071 2495 1164 2531 duos
1186 2495 1243 2531 vel
1266 2498 1339 2531 tres
1369 2505 1447 2530 esse
1469 2494 1568 2530 viros
1591 2498 1656 2530 aut
1678 2492 1872 2536 eunuchos,
1903 2503 1934 2528 si
1955 2493 2041 2538 fieri
2059 2496 2197 2540 potest,
2228 2498 2294 2531 aut
2310 2502 2366 2531 ew

127 2540 272 2575 senibus
302 2544 337 2574 et
360 2545 520 2586 propter
550 2540 752 2576 castitatem
775 2539 958 2586 probatis,
991 2541 1055 2587 qui
1084 2542 1231 2587 neqotia
1261 2550 1384 2576 earum
1409 2543 1596 2586 peraqant
1626 2542 1661 2576 et
1683 2549 1857 2576 arcanam
1879 2539 2173 2582 communionem,
2204 2539 2267 2576 ubi
2288 2539 2366 2575 eius

128 2586 184 2618 rei
206 2588 345 2630 tempus
367 2589 431 2627 est,
462 2586 506 2620 iis
529 2584 755 2620 distribuant.
802 2583 942 2628 Quodsi
963 2585 1008 2621 dc
1030 2586 1176 2632 neqotio
1209 2585 1332 2631 aliquo
1363 2585 1574 2620 monasterii
1604 2584 1662 2621 vel
1683 2584 1782 2630 quod
1804 2583 1854 2619 ad
1875 2594 1984 2619 unam
2013 2594 2062 2619 ex
2085 2583 2366 2630 religiosissimis
2436 2611 2444 2617 .

128 2629 461 2665 sanctimonialibus
482 2631 682 2676 pertineat,
714 2629 823 2666 verba
847 2632 1052 2666 necessaria
1073 2632 1201 2678 facere
1224 2631 1350 2672 velint,
1384 2641 1462 2666 oum
1486 2630 1565 2666 sola
1588 2630 1771 2666 abbatissa
1802 2639 1917 2675 neque
1940 2628 2015 2664 alia
2038 2629 2184 2665 omnino
2215 2629 2294 2665 ulla
2314 2640 2366 2666 ex
2432 2635 2434 2637 ’

177 2743 194 2775 1
220 2738 303 2774 τοὺς
328 2736 439 2774 α’·ὖτοῦ
465 2742 645 2787 ΜΒΒΟς,
670 2741 751 2776 τοὺς
775 2744 875 2776 om.A
892 2743 904 2787 ΙΙ
922 2742 1026 2784 κατὰ]
1052 2745 1112 2775 καὶ
1132 2744 1182 2776 B⁶
1204 2744 1215 2784 ΙΙ

129 2785 175 2832 τᾲ
194 2790 252 2819 o'm.
270 2787 337 2820 Cv.
354 2787 372 2818 l.
391 2787 403 2830 ΙΙ
422 2787 441 2820 2
459 2789 517 2819 καὶ
535 2788 632 2832 παρὰ
650 2789 727 2822 ’τῶν
746 2789 836 2830 0(ς)]
861 2790 919 2821 καὶ
935 2788 1012 2822 τῶν
1029 2789 1067 2820 ἐκ
1087 2788 1140 2830 (ἐν
1155 2789 1214 2826 M)

130 2830 241 2878 JILIJ'
276 2831 313 2864 ἐκ
338 2831 415 2864 τῶν
432 2833 461 2864 A
486 2834 546 2864 καὶ
570 2833 608 2865 ἐκ
629 2833 706 2866 τῶν
731 2841 797 2867 cum
816 2833 1013 2867 Haloandro
1032 2834 1118 2877 v‘ulq.
1135 2833 1147 2878 ΙΙ
1165 2832 1214 2876 μή

130 2887 200 2911 που
217 2876 328 2917 CLB]
360 2874 471 2919 μήπω
497 2878 543 2910 Μ
570 2875 699 2920 μήπως
721 2874 752 2911 A
770 2878 783 2921 ΙΙ
801 2878 820 2911 3
844 2878 921 2912 τῶν
945 2876 1114 2924 ἐγγύθεν]
1138 2878 1215 2911 τῶν

131 2918 288 2968 ἐγγύθεν
313 2917 436 2955 αὐτῶν
466 2923 500 2964 C',
526 2935 583 2955 om.
598 2924 625 2955 A
645 2923 657 2966 ΙΙ
680 2923 797 2956 ταῦτα
823 2936 880 2956 om.
895 2926 924 2956 A
942 2922 954 2963 ΙΙ
981 2926 1001 2957 4
1026 2922 1150 2958 πάντα
1180 2925 1214 2965 C,

130 2965 272 3001 πάντας
287 2967 318 3000 A
335 2967 348 3010 ΙΙ
365 2969 384 3001 5
401 2965 553 3009 πόλεως]
578 2968 640 3010 τῆς
656 2965 795 3001 πόλεως
811 2969 841 3001 A
857 2967 870 3012 ΙΙ
888 2967 1032 3002 τούτων
1048 2970 1078 3002 A
1094 2967 1107 3014 ss
1126 2971 1146 3002 6
1162 2981 1213 3002 τι-

130 3012 233 3046 θέτω
257 3012 287 3047 C
307 3012 318 3055 ΙΙ
336 3014 354 3046 7
379 3011 448 3045 εἴτε
473 3014 532 3045 καὶ
555 3032 599 3036 -
621 3011 686 3055 εἴη]
710 3014 778 3046 sive
802 3013 928 3056 singuli
953 3014 1022 3047 sint
1046 3015 1213 3058 episcopo-

130 3069 203 3091 rum
229 3069 248 3094 ς
265 3056 278 3101 ΙΙ
294 3059 354 3090 ’καὶ
372 3062 437 3091 oin.
454 3059 509 3102 ’ος
525 3057 537 3101 ΙΙ
556 3058 576 3092 8
596 3058 658 3100 τῆς
678 3056 861 3100 ἐκκλησίας
880 3058 940 3101 τῆς
961 3055 1072 3092 αὐτοῦ
1093 3055 1215 3102 (αὐτῆς

131 3102 216 3145 ML)
232 3100 415 3136 ’στελλέτω
430 3101 542 3142 BML
565 3102 627 3146 ’τῆς
646 3102 774 3136 ἑαυτοῦ
791 3101 967 3137 στελλέτω
985 3103 1168 3146 ἐκκλησίας
1184 3105 1214 3137 A

130 3148 193 3190 τῆς
209 3146 394 3190 ἐκκλησίας
404 3149 469 3181 ”aaz
484 3143 582 3181 οὕτω
600 3145 776 3181 στελλέτω
797 3149 826 3181 C
854 3148 1010 3183 ecclesiae
1026 3150 1139 3182 mittat
1163 3161 1182 3185 ς
1204 3149 1216 3193 11

133 3196 174 3227 10
189 3193 263 3233 ἔξω
276 3192 449 3242 γίνεσθὰι
465 3194 494 3228 C
514 3192 587 3233 ἔξω
600 3192 775 3237 γενέσθαι
786 3194 814 3226 A
832 3192 844 3230 ΙΙ
865 3195 901 3228 11
918 3196 978 3227 καὶ
989 3194 1025 3227 εἴ
1035 3197 1084 3236 τι]
1100 3192 1167 3228 κᾶν
1180 3206 1215 3227 τι

1283 2799 1410 2822 σονται
1431 2789 1461 2821 A
1479 2787 1492 2832 fl
1510 2784 1551 2821 27
1576 2786 1717 2829 τύχοιεν
1746 2787 1828 2828 Οίς)
1845 2786 1857 2824 ΙΙ
1875 2782 1896 2829 ἢ
1917 2788 2008 2831 τρεῖς
2032 2799 2090 2821 om.
2104 2786 2135 2820 L
2153 2785 2166 2831 ss
2181 2783 2204 2830 ἢ
2228 2800 2286 2822 om.
2299 2788 2330 2822 Δ
2352 2779 2366 2835 [Ι

1282 2833 1314 2867 εἰ
1333 2835 1392 2867 LA
1402 2834 1466 2875 Ge]
1490 2828 1514 2876 ἢ
1537 2832 1568 2865 εἰ
1587 2833 1663 2865 ΜΒ
1679 2831 1692 2876 ΙΙ
1711 2833 1753 2866 28
1766 2845 1814 2876 sq.
1840 2827 1862 2874 ἢ
1885 2831 1963 2864 τῶν
1978 2850 2022 2856 -
2036 2843 2242 2877 μεμαρτυρη
2269 2834 2366 2867 ένων

1283 2880 1384 2921 Aeg]
1409 2878 1714 2923 μαρτυρουμένους
1725 2876 1836 2911 MLB
1855 2877 1924 2917 ξ129
1951 2873 2073 2911 αὐταῖς
2096 2889 2154 2910 om.
2167 2878 2228 2914 Ac
2272 2877 2364 2930 προξ-

1285 2969 1406 3010 MLB]
1430 2966 1552 3013 καιρὸς
1575 2966 1628 3010 εἰἠ
1657 2967 1715 3004 C:
1739 2964 1860 3010 δεήσοι
1883 2964 2004 3011 καιρός
2026 2965 2148 3010 A1132
2169 2962 2192 3009 ἢ
2215 2979 2273 3001 om.
2297 2968 2329 3001 A
2351 2966 2364 3012 ΙΙ

1283 3015 1326 3048 3-1
1348 3013 1443 3057 μόνη
1467 3014 1512 3055 τῆ
1535 3009 1711 3058 ἡγουμένη
1734 3013 1777 3053 Α,
1800 3011 1894 3057 μόνῃ
1920 3024 1977 3044 om.
1995 3011 2051 3047 Ce
2067 3011 2080 3054 fl
2097 3008 2284 3046 παντελῶς
2306 3008 2365 3046 οὗ·

1283 3056 1387 3102 δεμιᾶ
1414 3058 1518 3103 ἑτέρα
1540 3059 1618 3091 τῶν
1641 3057 1689 3091 εἰς
1711 3056 1753 3090 τὸ
1778 3053 2021 3100 μοναστήριον
2043 3056 2226 3102 γυναικῶν
2249 3057 2281 3090 A

1347 3150 1366 3183 2
1391 3148 1502 3188 etiam]
1527 3151 1559 3180 et
1585 3146 1642 3190 Tss
1659 3156 1900 3188 nequamquam
1926 3146 1958 3179 T
1967 3145 1977 3165 ¹
1996 3145 2007 3186 ΙΙ
2032 3146 2051 3179 3
2076 3147 2276 3179 monasterio
2303 3141 2364 3192 Τ,

1283 3194 1331 3235 fit]
1365 3193 1409 3226 011
1435 3193 1488 3226 Ti
1515 3192 1528 3236 ΙΙ
1558 3193 1579 3225 6
1608 3191 1821 3235 prouidentia
1852 3192 1884 3224 T
1905 3191 1918 3235 ΙΙ
1947 3193 1965 3224 'l
1992 3191 2134 3234 singulis
2159 3199 2171 3225 t

1284 2739 1555 2786 ἆπησχόληνται
1580 2742 1702 2783 MLB]
1739 2737 2002 2783 ἀπασχολοῖντο
2031 2738 2088 2778 Ος·
2122 2739 2366 2795 ἐναπασχολή-
2431 2775 2438 2779 ,

1284 2923 1373 2964 ξωσι
1397 2924 1428 2957 A
1455 2923 1467 2967 ΙΙ
1497 2924 1535 2957 31
1562 2921 1705 2964 τούτου]
1730 2922 1794 2956 τοῦ
1818 2921 1980 2955 τοιούτου
2005 2923 2051 2962 L.
2076 2923 2182 2956 om.A
2203 2922 2218 2967 u
2243 2933 2365 2967 καιρος
2433 2952 2437 2954 .

2199 3190 2213 3236 ΙΙ
2240 3194 2274 3225 et
2303 3203 2363 3227 om·
2427 3202 2434 3207 ⁴·

130 3241 161 3272 A
180 3237 192 3284 ss
209 3240 349 3284 γένοιτο
366 3239 413 3281 'CJ
436 3240 585 3285 γένηται
602 3239 638 3272 Β
665 3240 826 3282 ,συμβαίη
851 3236 898 3278 A,
916 3252 973 3271 om.
989 3240 1061 3272 ML
1080 3239 1092 3279 ΙΙ
1107 3240 1216 3273 τοῦτο

131 3297 189 3318 om.
209 3286 237 3317 A
256 3286 267 3326 ΙΙ
286 3282 550 3329 *ἐπανορθοῦν
575 3285 651 3318 libri
665 3282 678 3321 ΙΙ
706 3281 746 3317 12
770 3283 833 3325 τῆς
856 3279 1063 3324 εὐδαίμονος
1085 3283 1217 3327 ταύτης

135 3330 189 3366 Ος
204 3328 218 3373 ll
238 3332 278 3364 13
296 3329 473 3363 ἐντεῦθεν
489 3330 524 3363 Β
541 3327 556 3375 ΙΙ
573 3331 615 3363 14
631 3324 762 3373 ὁμοίως
779 3342 836 3362 οηι.
852 3329 880 3362 C
894 3328 906 3372 ΙΙ
926 3331 964 3362 Ῑῖ)
981 3327 1215 3372 ἐκκλησιεκδί-

131 3385 209 3408 κους
223 3375 300 3408 MB
309 3377 340 3417 ς]
366 3372 522 3409 ἐκδίκους
539 3375 637 3408 LAC'
657 3374 670 3418 ΙΙ
697 3375 737 3410 16
753 3376 938 3416 νομίσοιεν
953 3375 999 3407 M
1014 3375 1026 3418 ΙΙ
1048 3376 1085 3409 17
1107 3387 1215 3408 κατα-

131 3419 302 3462 στησάτω
324 3421 353 3454 0
367 3420 379 3464 ΙΙ
397 3417 457 3454 διὰ
478 3416 675 3462 πλειόνων]
695 3417 857 3454 πλείονος
877 3419 908 3451 L
927 3419 939 3461 ΙΙ
958 3421 997 3453 18
1018 3422 1215 3463 γινομένης]

131 3462 398 3519 προβαινούσης
421 3467 452 3499 A
470 3466 482 3510 ΙΙ
498 3466 693 3523 μεῖζον,Ιι“
709 3465 722 3509 ΙΙ
742 3466 783 3500 19
805 3466 958 3517 γίνεται·
970 3465 998 3499 G
1011 3464 1023 3504 ΙΙ
1040 3466 1082 3498 20
1105 3477 1214 3520 μονα-

132 3521 291 3590 ἶῖἕίὶἷῖν
297 3509 884 3606 ἕῖἶὲἷοῖεῇλι’ἒέυἷχῗνυέῗὲτῗῖῑῃ
899 3508 1215 3598 ἷῗῖἶίιῖἶζοέἒέοέιῗῖ

131 3603 294 3634 vocantur
317 3614 337 3638 ς
353 3601 367 3646 ΙΙ
392 3602 434 3636 22
458 3600 527 3635 τὸν
549 3600 747 3645 μοναχικόν
770 3593 892 3634 ἆθλον
914 3601 1015 3641 ACe]
1039 3599 1080 3634 τὸ
1104 3611 1215 3643 μονα-

131 3643 234 3687 χικόν
259 3647 371 3680 MLB
395 3646 410 3689 11
433 3648 474 3680 23
500 3642 789 3692 ἀγωνισαμένους
814 3646 917 3679 MLA
1005 3642 1214 3689 διανυσαμέ-

131 3702 212 3725 νους
240 3691 298 3728 Ος
317 3693 388 3736 [124
412 3690 458 3733 oi]
483 3690 519 3724 οἳ
540 3694 600 3724 καὶ
624 3693 659 3725 Β
676 3692 688 3735 ΙΙ
714 3693 797 3732 τοῖς]
821 3692 894 3725 τοῖς
918 3691 1041 3725 αυτῶν
1068 3690 1214 3735 Cra-1125

1286 3240 1317 3272 T
1336 3238 1348 3282 ss
1373 3239 1393 3273 8
1419 3236 1572 3271 eeclesiae
1596 3236 1708 3269 mittat
1728 3236 1833 3277 Beck]
1864 3237 1896 3269 et
1917 3237 2125 3269 committant
2150 3237 2183 3270 T
2191 3244 2203 3270 t
2223 3235 2237 3282 11
2265 3238 2307 3271 10
2330 3237 2363 3271 et

1285 3291 1369 3318 om.t
1391 3283 1403 3325 ΙΙ
1433 3284 1468 3316 11
1497 3281 1589 3315 urbis
1611 3281 1711 3314 huius
1735 3289 1746 3314 t
1770 3281 1783 3325 ΙΙ
1810 3282 1851 3315 12
1874 3281 1930 3314 1110
1952 3282 2052 3324 vala]
2078 3282 2128 3314 his
2153 3282 2204 3316 Te
2228 3283 2240 3325 ΙΙ
2266 3283 2306 3317 13
2330 3282 2364 3315 et

1284 3330 1361 3362 add.
1386 3329 1474 3370 vuly.
1491 3326 1504 3371 ss
1525 3329 1566 3362 14
1589 3328 1682 3368 quos]
1707 3328 1772 3359 tres
1796 3327 1836 3371 1ss
1856 3328 1895 3361 16
1921 3326 2061 3370 amplior
2085 3327 2170 3371 vuly.
2189 3325 2256 3369 1121
2284 3336 2361 3373 oon7

1283 3373 1399 3407 stitum
1422 3373 1509 3405 010111
1532 3382 1632 3415 supra
1657 3371 1800 3405 diximus
1830 3372 1861 3405 T
1882 3372 1895 3415 ΙΙ
1925 3373 1967 3406 22
1992 3374 2025 3405 01
2048 3371 2125 3414 iam]
2163 3370 2263 3405 etiam
2289 3368 2362 3405 Tse

1283 3421 1317 3452 et
1337 3419 1483 3462 T¹vu19.
1501 3417 1513 3461 ss
1531 3417 1784 3450 monaehichum
1810 3425 1821 3451 t
1838 3415 1851 3461 ΙΙ
1868 3418 1909 3451 25
1930 3416 2146 3458 utilitatibus]
2170 3415 2362 3450 hereditati·

1284 3463 1345 3496 bus
1359 3462 1588 3496 hutilitatibus
1606 3466 1638 3496 ι’ι
1655 3462 1668 3507 ΙΙ
1686 3462 1836 3496 uirorum
1854 3461 1911 3503 Tt]
1928 3461 1972 3494 sit
1985 3462 2062 3496 add.
2073 3462 2158 3507 vuly.
2177 3460 2190 3506 ΙΙ
2207 3461 2250 3496 26
2263 3460 2362 3496 etiam

1283 3509 1311 3542 01
1330 3509 1361 3541 T
1368 3509 1455 3552 vulq.
1474 3508 1486 3551 ΙΙ
1504 3510 1624 3550 congat
1648 3511 1682 3541 ιιι
1700 3508 1712 3551 ΙΙ
1730 3502 1771 3542 27
1789 3508 1877 3540 viros
1893 3509 1964 3548 aut]
1989 3507 2080 3540 uiros
2099 3508 2158 3539 aut
2179 3506 2235 3540 uel
2256 3505 2327 3540 1²¹1
2346 3502 2362 3551 Ι

1284 3554 1429 3587 enuohos
1454 3554 1486 3587 T
1507 3552 1520 3598 ΙΙ
1537 3555 1578 3588 28
1602 3564 1699 3587 senex
1729 3554 1759 3586 T
1776 3553 1788 3596 ΙΙ
1807 3554 1849 3588 29
1874 3551 1920 3585 010
1941 3553 2041 3597 vulq.]
2066 3552 2097 3585 ei
2122 3551 2176 3586 Tt
2197 3551 2210 3596 ΙΙ
2233 3552 2275 3586 30
2299 3549 2360 3584 ali-

1283 3609 1349 3642 qua
1374 3599 1479 3639 Beck]
1512 3599 1579 3631 alia
1601 3599 1653 3633 Tt
1677 3597 1691 3643 [Ι
1717 3599 1759 3633 31
1784 3597 1826 3630 ad
1849 3607 1949 3630 unam
1972 3600 2032 3630 aut
2056 3596 2105 3631 T*
2127 3595 2141 3640 11
2163 3594 2359 3630 reuerentis-

1282 3645 1396 3677 simam
1423 3645 1516 3686 libri,
1532 3657 1615 3678 corr.
1632 3644 1716 3686 vulq.
1736 3642 1749 3687 ΙΙ
1765 3644 1808 3676 32
1832 3642 2039 3686 asistriarnm
2058 3642 2091 3675 T
2113 3641 2291 3675 assistriam
2315 3647 2328 3674 t
2346 3634 2360 3686 ΙΙ

1283 3689 1465 3733 pertinenti
1487 3698 1496 3723 t
1518 3689 1664 3732 pertinet
1683 3689 1713 3722 T
1726 3689 1739 3732 ΙΙ
1757 3690 1799 3722 33
1821 3687 1968 3721 uoluerit
1988 3687 2020 3721 T
2032 3686 2045 3731 ΙΙ
2059 3685 2281 3729 loquebantur
2303 3692 2315 3720 t
