2476 3854
166 108 273 152 Nov.
306 107 419 152 CXV
448 111 485 151 5.
517 110 543 152 6

166 218 291 266 ἄγουσι
320 222 558 265 προκρίματος
590 218 628 250 ἐκ
658 216 789 261 ταύτης
820 218 881 261 τῆς
912 217 1139 265 προθεσμίας
1167 220 1250 263 περὶ

167 268 316 310 χρονίαν
340 262 581 310 παραγραφὴν
605 260 626 305 ἢ
644 263 683 295 ἐν
699 262 788 309 ἄλλῃ
813 261 1009 307 οἱᾳὸήποτε
1032 265 1174 307 νομίμῳ
1196 259 1247 296 δι·

166 308 352 356 καιολογίᾳ
376 307 561 344 παντελῶς
585 310 784 353 γινομένου.

1237 102 1321 152 548

1749 117 1811 151 ΠΤ
1840 117 1933 150 CUM
1962 117 2022 148 DE
2049 115 2389 150 APPELLA'HONE

1318 216 1480 253 videlicet
1503 215 1684 252 actoribus
1698 215 1916 261 praeiudicio
1941 225 1984 251 ex
2000 215 2067 251 hoc
2087 215 2270 252 intervallo
2292 215 2388 251 circa

1316 261 1545 306 temporalem
1568 261 1884 307 praescriptionem
1914 264 1977 296 aut
2005 260 2043 296 in
2074 260 2145 296 alia
2167 269 2388 307 quacumque

1318 307 1473 351 legitima
1496 306 1707 351 allegatione
1729 307 1869 352 penitus
1893 305 2104 351 generando.

1159 419 1315 456 CAPUT
1337 418 1396 454 VI.

233 498 327 544 Πρὸς
351 498 488 552 τούτοις
519 500 579 532 καὶ
603 496 692 532 ἄλλο
716 496 911 542 κεφάλαιον
942 496 1033 544 πρὸς
1060 498 1124 534 τὰς
1146 495 1245 533 ἀντι-

1367 496 1425 532 Ad
1449 497 1537 533 haec
1560 496 1658 533 aliud
1682 497 1877 543 capitulum
1901 497 1946 532 ad
1968 496 2140 542 pecuniae
2166 493 2388 531 constitutio·

166 545 341 590 φωνήσεις
376 557 397 586 η
423 555 486 576 ουν
518 541 725 585 ὑποσχέσεις
761 540 973 587 ἀποβλέπον
1003 545 1056 588 τῷ
1088 544 1246 589 παρόντι
1282 547 1394 578 5nem
1418 552 1482 577 seu
1504 542 1771 595 promissionem
1799 542 1994 588 respiciens
2025 541 2093 576 hac
2116 541 2192 586 lege
2215 539 2387 585 praevidi-

165 590 267 633 νόμῳ
293 591 502 642 συνεί(ομεν
526 585 765 623 διατυπῶσαι.
814 588 1040 635 θεσπίζομεν
1059 593 1192 632 τοίνυν,
1217 587 1252 622 εἴ

166 636 257 669 ποτέ
274 644 328 667 τις
346 631 368 675 ἢ
383 635 474 678 υπὲρ
497 633 627 667 ἑαυτοῦ
651 631 674 677 ἢ
691 630 782 678 ὑπὲρ
802 631 912 667 ἄλλου
936 634 1125 680 προςώπου
1146 631 1246 669 ἄντι-

166 677 360 724 φωνήσειε,
385 676 501 724 λέγων
524 677 635 720 τυχόν
658 691 733 712 τινι
756 677 807 712 τὸ
834 677 997 714 ἱκανόν
1022 691 1093 714 σοι
1117 679 1246 721 ποιῶ,

166 725 296 758 τοῦτον
325 724 385 757 ἐπὶ
409 725 454 770 τῇ
478 722 655 778 ποσότητι
678 719 724 766 ἣν
748 720 795 757 ἂν
818 723 914 758 εἴποι
937 724 1084 769 τρόποις
1106 721 1247 759 ἅπασιν

1313 597 1392 623 mus
1415 587 1569 623 definire.
1617 588 1803 624 Sancimus
1823 589 1941 632 igitur,
1965 586 1996 623 si
2015 586 2156 632 quando
2177 585 2306 638 aliquis
2325 586 2390 638 aut

1314 643 1378 678 pro
1411 642 1450 668 se
1481 636 1543 668 aut
1575 643 1640 678 pro
1672 633 1742 668 alia
1765 643 1915 678 persona
1946 631 2133 677 pecuniam
2163 631 2389 667 constituent

1314 678 1368 714 vel
1392 678 1625 723 spoponderit
1655 678 1776 714 dicens
1799 678 1891 714 forte
1916 677 2125 722 cuicumque
2156 676 2272 712 satis
2300 674 2390 711 tibi

1315 723 1456 766 facio,
1481 733 1561 758 eum
1583 723 1621 758 in
1642 723 1840 768 quantitate
1863 733 1969 770 quam
1993 723 2122 758 dixerit
2143 721 2256 757 modis
2277 720 2388 756 omni-

166 767 385 803 ὑποκεῖσθαι
417 771 477 802 καὶ
500 781 567 811 την
591 782 674 802 αντι
705 768 842 812 ω’νησιν
872 768 941 812 τὴν
965 767 1063 804 ἰδίαν
1087 769 1247 815 πληροῦν
1263 770 1301 803 10
1315 769 1382 804 bus
1411 768 1560 812 obligari
1589 772 1625 803 et
1646 768 1917 814 promissionem
1946 778 2010 803 seu
2038 767 2264 813 sponsionem
2287 775 2390 802 suam

165 817 225 847 καὶ
254 813 296 847 τὸ
330 816 428 858 χρέος
458 811 662 860 ἆναγκάζεσ
698 826 736 847 αι
766 812 1016 858 καταβάλλειν.
1065 816 1100 849 εἴ
1122 826 1176 849 τις
1208 812 1247 848 δὲ

165 859 260 893 εἴποι
290 857 340 892 τὸ
367 858 533 892 ἱκανόν
557 870 627 892 σοι
651 858 913 905 γενήσεται,
943 861 1076 894 τοῦτον
1099 859 1157 894 οἶα
1181 860 1245 893 τοῦ

165 903 330 938 τοιούτου
363 902 469 956 λόγου
501 900 724 948 ἀπροςιόπως
754 904 937 947 εἰρημένου
973 903 1100 939 &cavet
1133 903 1246 950 μηδὲν

166 949 320 983 εἰπόντα
339 959 453 982 ουτως
474 949 512 982 ἐκ
529 948 646 1002 πάσης
662 948 875 994 εἰςπράξεως
898 948 1093 996 ἐλεύθερον
1163 949 1245 983 λάτ-

1314 813 1506 858 adimplere
1537 815 1572 848 et
1602 813 1758 849 debitum
1788 813 1951 859 compelli
1982 813 2192 858 persolvere.
2241 811 2279 846 Si
2310 809 2389 856 quis

1315 862 1433 894 autem
1466 858 1595 894 dixerit
1626 859 1742 894 satis
1775 859 1863 894 tibi
1894 858 1996 901 fiet,
2031 868 2111 893 eum
2133 857 2195 892 tali
2218 855 2325 892 verbo
2348 859 2390 891 ut

1314 904 1587 949 inpersonaliter
1611 903 1704 940 dicto
1728 907 1909 949 tamquam
1940 903 1972 938 si
1993 902 2082 938 nihil
2135 901 2312 938 romiserit
2339 901 2390 936 ita

1314 950 1359 984 ab
1391 949 1487 984 omni
1519 950 1705 985 exactione
1734 949 1886 984 liberum
1917 947 2059 984 servari.
2129 947 2141 982 i
2164 946 2243 993 quis
2269 946 2390 982 autem

165 994 309 1029 τεσθαι.
357 994 387 1026 εἰ
418 991 461 1027 δέ
486 1004 538 1028 τις
567 995 662 1027 εὶποι
690 994 943 1049 γενῄσεταί
973 1006 1046 1029 σοι
1074 1008 1124 1030 το
1152 995 1244 1029 ἱκα-
1263 996 1301 1028 15
1315 994 1443 1031 dixerit
1471 994 1559 1029 fiet
1581 994 1669 1031 tibi
1691 994 1806 1030 satis
1831 1003 1852 1028 a
1876 1003 1939 1028 me
1969 995 2011 1029 et
2035 992 2192 1028 abillo
2222 993 2266 1027 et
2287 990 2389 1035 illo,

165 1039 247 1074 νον
281 1035 384 1084 παρ’
418 1040 527 1082 ἐμοῦ
564 1041 638 1072 καὶ
672 1051 793 1085 παρα
821 1037 958 1073 τοῦδε
988 1043 1060 1074 καὶ
1090 1038 1245 1084 τοῦδε,

166 1086 311 1118 ἐκείνοις
332 1085 401 1127 μὲν
425 1081 484 1118 οὓς
516 1081 561 1117 ἂν
586 1081 808 1128 ὀνομάσειεν,
841 1084 872 1117 εἰ
901 1085 950 1128 μὴ
983 1088 1244 1127 συναινέσουσι,

164 1127 278 1174 μηδὲν
293 1130 331 1162 ἐκ
350 1130 410 1172 τῆς
428 1128 594 1171 τοιαύτης
610 1130 733 1175 φωνῆς
747 1129 919 1175 γίνεσθαι
937 1129 1131 1176 πρόκριμα,
1155 1127 1245 1164 ἀλλὰ

164 1172 255 1219 μηδὲ
290 1170 411 1227 auron!
436 1175 505 1208 τὸν
539 1175 647 1208 τοῦτο
684 1173 837 1209 εἰπόντα
866 1170 956 1220 ὑπὲρ
988 1178 1136 1210 ἐκείνων
1171 1177 1247 1210 τῶν

1313 1040 1383 1075 illis
1415 1039 1556 1084 quidem
1585 1049 1675 1084 quos
1707 1038 1938 1075 nominaverit
1972 1048 2044 1074 non
2076 1036 2391 1079 consentientibus,

1314 1085 1452 1120 nullum
1475 1095 1520 1120 ex
1538 1085 1600 1120 tali
1616 1094 1702 1121 voce
1717 1084 1794 1119 fieri
1813 1083 2086 1130 praeiudicium,
2110 1082 2174 1118 sed
2192 1092 2259 1117 nec
2274 1081 2391 1127 ipsum

1315 1130 1377 1175 qui
1400 1130 1468 1165 hoc
1493 1130 1623 1165 dixerit
1652 1140 1718 1176 pro
1751 1129 1820 1165 illis
1851 1128 2015 1174 personis
2046 1138 2136 1174 quas
2159 1126 2392 1163 nominaverit

1315 1175 1469 1220 aliquam
1501 1176 1720 1211 exactionem
1752 1175 1943 1216 sustinere,
1979 1184 2045 1219 pro
2077 1183 2115 1209 se
2147 1175 2265 1208 autem
2295 1171 2393 1217 quod

166 1220 370 1264 προςώπων
387 1231 480 1263 απερ
497 1216 714 1263 ὀνομάσειεν
729 1218 926 1262 ἆπαίτησίν
941 1233 1026 1254 τινα
1042 1219 1246 1265 ὑπομένειν,
1261 1222 1301 1254 20
1316 1220 1510 1256 secundum
1540 1221 1635 1264 leges
1670 1220 1798 1256 debere
1829 1222 2044 1256 monstratus
2074 1218 2184 1254 fuerit
2217 1227 2283 1264 pro
2312 1219 2393 1253 rata

166 1263 256 1309 ὑπὲρ
280 1265 408 1298 ἑαυτοῦ
434 1262 474 1298 δὲ
504 1260 594 1309 ὅπερ
625 1267 663 1298 ἐκ
685 1265 750 1299 τοῦ
775 1265 868 1298 κατὰ
896 1264 978 1299 τοὺς
1001 1265 1132 1309 νόμους
1156 1263 1246 1301 ἀπο-

166 1308 395 1354 δεικνυμένου
425 1311 545 1357 χρέους
576 1309 780 1355 ἐποφείλων
812 1315 940 1355 φανείη
971 1310 1063 1345 κατὰ
1094 1310 1137 1345 τὸ
1172 1313 1247 1345 ἐπι-

165 1354 302 1401 βάλλον
335 1352 434 1397 αὐτῷ
466 1357 570 1401 μέρος
592 1354 709 1399 μόνον
741 1354 988 1399 καταβάλλειν.
1037 1356 1068 1390 εἰ
1092 1354 1132 1390 δὲ
1155 1356 1248 1391 εἴποι

165 1401 408 1448 γενήσεταί
430 1411 501 1433 σοι
532 1399 584 1434 τὸ
609 1399 772 1434 ἱκανὸν
803 1398 909 1446 παρ’
938 1402 1048 1445 ἐμοῦ
1079 1398 1102 1445 ἢ
1125 1401 1247 1447 παρὰ

165 1459 187 1480 τ
197 1459 216 1479 ο
225 1447 245 1478 ὗ
255 1443 301 1480 δε
336 1442 357 1488 ἢ
392 1445 469 1479 τοῦ
478 1442 500 1479 ὃ
506 1458 540 1488 ε,
553 1489 561 1499 “
575 1446 776 1498 τηνικαῦτα
809 1449 881 1479 τοῖς
910 1447 978 1490 μὲν
1010 1444 1248 1491 ὃνομασθεῖσι
1262 1447 1303 1480 25
1316 1446 1452 1482 miserit
1485 1447 1662 1491 integrum
1696 1447 1835 1493 quidem

166 1490 367 1537 προςώποις
400 1490 493 1524 κατὰ
522 1502 591 1524 τον
620 1503 750 1535 ομοιον
784 1491 925 1536 τρόπον
958 1491 1007 1535 μὴ
1038 1493 1248 1526 συναινοῦσι

165 1534 256 1580 μηδὲ
276 1538 315 1570 ἓν
335 1535 509 1582 γίνεσθαι
534 1535 727 1581 πρόκριμα,
752 1532 867 1570 αὐτὸν
883 1534 922 1569 δὲ
937 1536 1005 1571 τὸν
1025 1538 1132 1571 τοῦτο
1148 1533 1247 1571 ἀντι-

166 1580 392 1628 φωνήσαντα
409 1577 577 1625 ἀκέραιον
592 1583 660 1625 μὲν
676 1580 718 1615 τὸ
735 1583 834 1626 χρέος
849 1577 1121 1627 ἀναγκάζεσθαι
1140 1595 1248 1616 κατα-

165 1625 331 1672 βάλλειν·
369 1626 406 1659 εἴ
422 1639 506 1659 τινα
537 1623 576 1659 δὲ
598 1625 690 1660 κατὰ
715 1627 792 1659 τῶν
824 1622 1114 1670 ὀνομασθέντων
1145 1638 1247 1672 προς-

166 1671 284 1706 ώπων
299 1675 481 1716 νομίσειεν
497 1667 805 1726 ἑαυτῷηάρμόζειν
823 1668 981 1718 ἀγωγήν,
1001 1669 1140 1716 ταύτην
1154 1669 1247 1706 κατὰ
1261 1673 1302 1707 30

165 1718 248 1752 τοὺς
270 1716 398 1760 νόμους
422 1728 491 1750 κατ
534 1729 657 1750 αυτων
681 1717 901 1762 προτιθέναι
926 1720 985 1750 καὶ
1009 1718 1071 1761 τῆς
1094 1730 1171 1752 των
1187 1714 1248 1752 νό-

165 1775 247 1807 μων
270 1762 444 1807 βοηθείας
467 1757 672 1796 ἀπολαύειν.

210 1805 305 1853 (En
315 1811 330 1841 ί
335 1805 497 1853 λογος.>
528 1802 696 1842 Ἄπαντα
717 1804 756 1841 δὲ
774 1808 892 1842 ταῦτα
911 1810 1056 1852 κρατεῖν
1076 1808 1248 1849 θεσπίζο-

164 1866 232 1896 μεν
248 1855 308 1887 ἐπὶ
324 1855 401 1886 ταῖς
417 1849 642 1886 ὑποθέσεσιν
657 1848 822 1895 άπάσαις,
839 1848 924 1887 ὅσαι
935 1851 1045 1897 μήπω
1059 1850 1246 1900 δικαστικῇ

1315 1269 1454 1301 tantum
1485 1266 1649 1310 portione
1680 1266 1890 1311 persolvere.
1939 1265 1977 1300 Si
2000 1266 2119 1300 autem
2145 1263 2274 1300 dixerit
2303 1262 2392 1298 fiet

1316 1311 1399 1346 tibi
1430 1311 1544 1346 satis
1574 1314 1651 1346 aut
1674 1321 1696 1346 a
1719 1321 1781 1346 me
1812 1312 1891 1346 aut
1921 1309 2083 1345 abillo
2109 1310 2152 1344 et
2173 1308 2276 1351 illo,
2305 1309 2391 1343 tunc

1317 1356 1507 1391 nominatis
1540 1356 1681 1401 quidem
1713 1355 1817 1391 simili
1847 1355 1952 1391 modo
1985 1365 2058 1390 non
2089 1353 2392 1390 consentientibus

1317 1402 1452 1436 nullum
1475 1401 1554 1436 fieri
1574 1402 1842 1446 praeiudicium,
1867 1400 1879 1435 i
1907 1411 1984 1436 sum
2005 1402 2123 1435 autem
2142 1398 2204 1445 qui
2222 1399 2292 1435 hoc
2309 1407 2391 1444 pro-

1895 1446 2026 1481 ebitum
2062 1444 2141 1490 cogi
2172 1443 2391 1491 persolvere;

1317 1492 1347 1527 si
1371 1502 1476 1536 quam
1498 1496 1618 1527 autem
1647 1497 1772 1528 contra
1795 1491 1994 1527 nominatas
2023 1499 2193 1535 personas
2217 1488 2394 1535 putaverit

1317 1537 1385 1572 sibi
1416 1537 1593 1573 actionem
1625 1541 1835 1584 competere,
1867 1546 1946 1571 eam
1976 1535 2171 1572 seeundum
2201 1535 2298 1580 leges
2329 1533 2392 1571 ad·

1316 1592 1439 1619 versus
1464 1593 1525 1619 eos
1548 1593 1748 1629 proponere
1771 1585 1807 1619 et
1829 1582 1947 1627 legum
1970 1580 2104 1617 auxilio
2125 1579 2307 1627 perpotiti.

1380 1806 1654 1852 <Epilogus.)
1699 1806 1797 1842 Haec
1821 1809 1940 1842 autem
1963 1805 2124 1842 obtinere
2153 1804 2332 1841 sancimus
2354 1803 2394 1840 in

1317 1852 1435 1888 causis
1460 1852 1634 1896 omnibus,
1669 1862 1759 1897 quae
1783 1852 1938 1888 nondum
1961 1850 2119 1887 iudiciali
2142 1849 2317 1886 sententia
2339 1849 2394 1887 vel

230 1956 256 1978 c.
268 1944 319 1978 VI
336 1943 577 1997 (Θεσπίζομεν
594 1941 636 1997 εἴ,
641 1945 735 1978 ποτέ
752 1954 806 1977 τις
820 1969 961 1977 .......
964 1945 975 1985 )
999 1951 1087 1978 extat
1105 1944 1141 1977 B
1155 1945 1208 1986 26,
1223 1951 1252 1986 2,
1266 1950 1283 1978 3
1307 1943 1395 1997 (inde
1410 1943 1460 1977 13⁸
1484 1945 1524 1977 A
1537 1945 1592 1985 50,
1606 1951 1619 1977 1
1638 1956 1674 1986 p.
1689 1944 1732 1997 8Q
1750 1943 1877 1985 Zach.).
1924 1943 2087 1996 Summam
2107 1943 2201 1995 ¹¹⁶1th
2221 1941 2395 1997 Appendic-

166 1989 312 2034 E'cloyae
326 1989 378 2022 229
403 1989 604 2030 (Zacharme
624 1985 816 2022 Ανέκδοτα
835 2001 870 2032 p.
895 1990 972 2031 190)
998 1997 1027 2023 ει
1050 1990 1236 2033 Anonymus
1262 1989 1466 2023 Bodlezanus
1490 1991 1532 2023 zb-
1555 2002 1590 2032 p.
1611 1990 1675 2023 215
1704 1989 1751 2031 (ιη’
1775 1995 1907 2031 utroque
1931 1994 2047 2021 citatur
2069 1998 2180 2033 νεαρα
2203 1997 2248 2035 (ιγ
2263 1987 2288 2030 ),
2317 1986 2394 2021 Am.

166 2047 286 2068 summa
309 2035 464 2077 repetitur
486 2034 519 2068 in
538 2035 710 2077 paratinis
734 2036 808 2067 Atta.
828 2036 868 2069 15
894 2039 953 2073 §8.

164 2153 358 2201 putaverit,
382 2163 445 2188 eas
462 2153 656 2189 secundum
681 2154 778 2201 leqes
800 2158 982 2198 exerceat,
1005 2155 1057 2191 ita
1073 2154 1211 2191 scilicet
1233 2158 1274 2190 ut
1289 2153 1427 2189 nullum
1449 2153 1715 2201 praeiudicium
1738 2153 1921 2189 actoribus
1943 2163 1992 2190 ex
2007 2153 2079 2189 ista
2102 2151 2278 2189 dilatione
2297 2152 2396 2190 circa

166 2199 396 2281 temporgllem

446 2199 742 2245 raescrzptionem
766 2203 829 2234 aut
852 2200 890 2234 in
913 2199 989 2235 alia
1013 2199 1091 2236 ulla
1116 2200 1275 2247 leqitima
1299 2199 1517 2245 alleqatione
1541 2199 1684 2235 omnino
1709 2199 1860 2235 oriatur.

446 2247 611 2280 raeterea
646 2244 749 2296 aliud
782 2255 852 2291 quo
879 2255 925 2281 ue
959 2250 1073 2297 caput
1107 2245 1205 2292 quod
1238 2244 1288 2280 ad
1317 2245 1531 2281 constitutae
1557 2244 1741 2292 pecuniae
1771 2244 2011 2291 obliqationes
2045 2254 2109 2280 seu
2138 2243 2396 2290 promissiones

164 2293 306 2338 spectat
334 2289 519 2336 praesenti
542 2289 619 2336 leqe
640 2290 790 2336 definire
813 2301 860 2325 no
885 2290 917 2325 is
940 2301 1053 2326 msum
1077 2295 1140 2326 est.
1188 2289 1379 2326 Sancimus
1401 2290 1524 2336 iqitur,
1554 2290 1588 2326 si
1611 2288 1757 2342 quando
1783 2290 1864 2336 quis
1887 2294 1951 2325 aut
1978 2300 2050 2336 pro
2082 2299 2120 2324 se
2141 2292 2206 2324 aut
2224 2299 2296 2336 pro
2320 2289 2396 2326 alia

164 2335 323 2382 persona
343 2335 537 2381 pecuniam
560 2335 789 2371 constituerit
812 2335 935 2371 dicens
955 2336 1059 2383 forte
1082 2336 1194 2372 alicui
1217 2335 1303 2372 satis
1327 2335 1393 2371 tibi
1416 2335 1522 2378 facio,
1547 2340 1587 2371 ut
1606 2346 1639 2370 is
1663 2335 1701 2371 in
1721 2335 1956 2382 quantitatem
1980 2344 2241 2381 quamcumque
2258 2333 2397 2372 dixerit

167 2380 330 2417 omnibus
364 2380 479 2415 modis
515 2380 696 2426 obligetur
730 2385 765 2416 et
800 2381 1034 2417 constitutum
1068 2392 1092 2417 a
1122 2392 1161 2418 se
1191 2381 1342 2428 impleat
1375 2383 1485 2428 atque
1515 2380 1669 2417 debitum
1701 2380 1841 2416 solvere
1876 2384 2040 2427 coyatur.
2088 2378 2130 2415 Si
2160 2380 2242 2426 quis
2275 2382 2396 2417 autem

167 2425 304 2462 dixerit
327 2427 413 2461 satis
437 2425 504 2461 tibi
525 2425 606 2470 fiet,
637 2426 671 2462 is
693 2436 773 2462 cum
797 2427 970 2462 eiusmodi
1000 2427 1109 2463 verba
1139 2426 1432 2474 impersonaliter
1451 2425 1610 2479 prolata
1632 2427 1722 2469 sint,
1747 2425 1904 2472 perinde
1926 2435 1970 2461 ac
2000 2425 2032 2460 si
2051 2424 2143 2460 nihil
2165 2424 2319 2468 dixerit,
2349 2424 2395 2462 ab

167 2471 263 2507 omni
293 2471 487 2506 exactione
517 2470 608 2507 liber
636 2475 809 2508 servetur.

856 2470 997 2515 Quodsi
1024 2472 1106 2518 quis
1137 2471 1275 2508 dixerit
1303 2471 1366 2507 fiet
1395 2471 1462 2507 tibi
1490 2471 1578 2507 satis
1609 2481 1633 2506 a
1655 2480 1711 2507 me
1741 2473 1778 2507 et
1808 2471 1853 2506 ab
1876 2470 1946 2508 hoc
1976 2475 2012 2506 et
2040 2470 2113 2512 illo,
2148 2469 2231 2522 illis·
2253 2469 2396 2517 quidem

167 2526 258 2597 {uos
280 2516 531 2559 nominaverit,
554 2516 626 2552 nisi
649 2517 886 2560 consentiant,
909 2517 1048 2552 nullum
1072 2528 1121 2554 ex
1144 2516 1320 2553 eiusmodi
1341 2526 1426 2553 voce
1445 2516 1711 2564 praeiudicium
1735 2516 1889 2561 oriatur,
1913 2516 1977 2552 sed
1999 2526 2044 2551 ne
2067 2515 2145 2562 ipse
2157 2515 2310 2596 ‘quidem
2333 2516 2400 2563 qui

194 2572 237 2596 oc
260 2561 356 2597 dixit
384 2572 455 2607 pro
479 2561 552 2596 illis

609 2563 750 2598 ersonis
781 2573 874 2609 quas
906 2563 1144 2599 nominaverit
1173 2562 1400 2599 exactionem
1431 2562 1543 2598 ullam
1573 2561 1716 2604 subeat,
1739 2572 1815 2609 pro
1838 2573 1877 2598 se
1905 2571 1989 2599 vero
2021 2561 2062 2597 id
2083 2571 2155 2608 quo

2204 2571 2254 2597 ex
2277 2560 2396 2598 debito

167 2606 362 2641 secundum
386 2606 483 2652 leqes
501 2617 575 2652 pro
600 2611 660 2642 ato
691 2607 819 2644 debere
841 2618 920 2643 eum
945 2608 1161 2655 apparuerit
1190 2619 1262 2654 pro
1287 2611 1370 2643 rata
1395 2607 1589 2644 dumtaxat
1611 2611 1718 2654 parte
1741 2606 1867 2643 solvat.
1915 2605 1959 2643 Si
1980 2616 2063 2643 vero
2087 2606 2224 2642 dixerit
2247 2605 2310 2642 fiet
2331 2606 2398 2643 tibi

170 2650 258 2687 satis
281 2661 304 2685 a
326 2660 382 2685 me
411 2651 466 2686 vel
490 2652 536 2687 ab
560 2652 629 2687 hoc
653 2652 707 2688 vel
730 2653 804 2695 illo,
837 2656 923 2688 tunc
952 2653 1120 2699 personis
1152 2652 1294 2700 quidem
1323 2654 1518 2689 nominatis
1547 2652 1658 2689 simili
1689 2652 1795 2688 modo
1825 2663 1898 2688 non
1929 2651 2230 2688 consentientibus
2259 2651 2397 2688 nuttam

166 2696 235 2740 fiat
255 2696 537 2742 praeiudicium,
570 2697 648 2743 ipse
671 2708 755 2733 vero
775 2698 847 2750 qui
866 2697 936 2734 hoc
958 2699 1145 2735 constituit
1175 2699 1355 2745 inteqrum
1379 2697 1535 2734 debitum
1565 2698 1703 2734 solvere
1726 2702 1903 2744 coyatur;
1937 2697 1970 2732 si
1994 2707 2101 2743 quam
2125 2700 2244 2748 autem
2267 2700 2397 2733 contra

164 2751 347 2787 personas
377 2742 582 2777 nominatas
608 2747 798 2788 putaverit
827 2741 895 2779 sibi
927 2748 1128 2791 competere
1159 2744 1356 2786 actionem,
1392 2743 1487 2780 hanc
1515 2742 1710 2780 secundum
1741 2742 1838 2789 leqes
1868 2742 2041 2779 adversus
2071 2751 2134 2778 eas
2164 2741 2333 2778 instituat
2361 2745 2399 2779 et

169 2786 289 2832 tequm
311 2786 453 2821 auxilio
475 2787 637 2832 fruatur.

306 2830 396 2876 Epi
402 2831 415 2865 ί
423 2842 443 2866 o
450 2843 545 2877 qus.
594 2832 695 2868 Haec
718 2837 837 2869 autem
870 2835 990 2869 omnia
1021 2834 1139 2870 valere
1166 2835 1349 2870 sancimus
1379 2835 1417 2870 in
1440 2834 1561 2870 causis
1592 2833 1756 2870 omnibus
1786 2842 2030 2879 quaecumque
2054 2830 2212 2868 nondum
2233 2830 2399 2868 iudiciali

236 2968 252 3000 1
275 2968 514 3011 προκρίματος
536 2975 609 2999 ante
624 2968 813 3011 γινομένου
833 2968 879 3009 (3)
896 2969 967 3001 coll.
981 2968 1014 3002 A
1034 2968 1046 3012 11
1074 2971 1093 3002 2
1108 2972 1253 3013 χρονίας

171 3011 408 3056 παραγραφῆς
428 3011 460 3044 A
485 3010 497 3053 11
514 3013 655 3053 νομίμῳ
680 3024 736 3044 om.
761 3012 817 3044 Pr.
831 3013 895 3055 Ep.
920 3011 932 3055 11
957 3014 979 3047 4
1002 3011 1056 3046 ιθ’
1071 3026 1171 3057 mary.
1186 3016 1217 3047 A

172 3059 190 3091 7
205 3067 259 3090 τις
275 3053 308 3098 ἢ]
325 3053 347 3098 ἢ
367 3068 425 3088 om.
437 3056 486 3089 B‘
497 3057 508 3096 11
520 3053 797 3101 *ἀντιφωνήσοι
812 3052 1070 3102 (ἀντιφωνήσει
1080 3059 1141 3101 B‘)
1156 3060 1232 3093 libri
1247 3060 1253 3102 1

173 3104 192 3136 8
217 3103 292 3135 τινὶ
313 3100 425 3143 τυχὸν
449 3101 479 3134 A
496 3100 509 3144 11
534 3102 554 3134 9
578 3101 684 3134 τοῦτο
710 3101 741 3134 L
758 3093 809 3144 1Ιῆ
835 3100 881 3135 ἂν
903 3102 980 3136 εἷπε
1005 3104 1035 3136 A
1060 3103 1072 3147 11
1102 3106 1139 3137 10
1164 3102 1252 3146 πλη-

172 3148 250 3192 ροῖν
271 3147 303 3180 A
321 3146 334 3191 11
352 3148 393 3181 12
415 3145 498 3188 εἴπη
521 3146 553 3179 A
570 3146 582 3189 11
606 3144 676 3187 οἷα]
700 3142 761 3179 διὰ
786 3149 815 3179 Α
833 3147 845 3189 11
874 3149 915 3181 14
939 3148 978 3180 ἐκ
1001 3147 1127 3191 πάσης]
1156 3146 1251 3183 ἁπά-

172 3203 235 3235 σης
259 3194 339 3226 coni.
364 3192 541 3225 Heimbach
562 3204 624 3224 non
646 3199 726 3224 recte
745 3190 757 3234 11
782 3193 822 3225 16
846 3194 906 3224 καὶ
930 3192 1040 3236 παρὰ]
1067 3192 1166 3235 παρὰ
1192 3207 1248 3227 om.

172 3239 203 3271 A
220 3239 231 3280 11
250 3239 310 3270 καὶ
325 3233 432 3270 τοῦδε
449 3249 507 3270 om.
522 3236 572 3270 B·
591 3249 618 3270 v.
634 3236 653 3269 l.
672 3236 684 3279 11
706 3238 744 3269 17
758 3236 910 3269 ἐκείνους
926 3238 1006 3270 LaA
1027 3239 1038 3280 11
1054 3235 1102 3271 ἂν
1121 3252 1177 3271 om.
1192 3239 1223 3272 A
1241 3238 1253 3283 11

173 3282 407 3316 συναινοῦσιν
428 3283 459 3315 Α
477 3281 489 3326 11
510 3283 549 3316 18
572 3283 680 3326 κρίμα
705 3281 736 3314 L
754 3281 765 3324 11
789 3283 828 3315 19
852 3282 972 3323 τοῦτο]
996 3283 1163 3316 τοιοῦτον
1186 3284 1218 3317 A
1241 3287 1252 3359 11

174 3331 215 3362 20
240 3325 345 3371 ἅπερ]
371 3323 465 3372 ὅπερ
489 3323 537 3360 ἂν
560 3326 591 3360 A
609 3328 621 3364 11
637 3322 839 3369 *ὀνομάσαι
860 3322 1044 3370 (ὀνομάσει
1058 3328 1119 3370 B‘)
1146 3330 1221 3362 libri
1242 3328 1253 3372 1

173 3371 376 3415 ὑποστῆναι
389 3375 420 3406 A
439 3373 451 3416 11
468 3374 506 3406 21
521 3385 568 3416 sq.
594 3366 685 3415 ὅπερ
701 3372 739 3404 ἐκ
757 3371 820 3404 τοῦ
835 3390 875 3395 —-
892 3370 1095 3417 ἐποφείλων
1111 3376 1250 3416 φανείη]

173 3418 215 3451 τὸ
240 3418 333 3451 κατὰ
364 3416 444 3451 τοὺς
473 3415 603 3460 νόμους
633 3413 939 3460 ἀποδεικνύμενον
962 3419 1058 3461 χρέος
1088 3418 1128 3450 έν
1152 3409 1251 3461 οἷπερ

174 3460 332 3509 ὀφείλων
362 3463 458 3508 φανῆ
484 3463 532 3503 A,
575 3463 614 3495 ἐκ
644 3462 708 3495 τοῦ
741 3469 769 3495 et
799 3457 1098 3506 ἀποδεικνυμένου
1134 3465 1252 3507 χρέους

175 3523 231 3542 om.
257 3520 276 3544 ς
302 3511 313 3550 11
345 3510 386 3542 23
410 3506 526 3551 μόνον
555 3510 659 3552 μέρος
689 3504 928 3552 καταβάλλειν
951 3508 981 3540 A
1015 3508 1117 3552 με’ρος
1143 3519 1251 3541 κατα-

174 3551 320 3597 βάλλειν
345 3550 576 3597 (καταβαλεῖν
589 3553 651 3594 La)
674 3551 790 3596 μόνον
813 3552 845 3586 L
863 3551 934 3595 1124
958 3548 1050 3597 παρ’
1073 3552 1168 3596 ἐμοῦ]
1194 3556 1251 3586 aut

174 3609 194 3631 a
217 3609 268 3631 me
291 3611 311 3634 ς
340 3599 344 3639 Ι
369 3598 469 3645 παρὰ
492 3595 608 3638 τοῦδε]
634 3596 733 3643 παρὰ
759 3610 817 3631 om.
842 3598 889 3639 L,
915 3597 966 3631 Bt
985 3599 996 3639 11
1022 3599 1063 3632 25
1088 3595 1111 3640 ἢ
1132 3595 1249 3639 τοῦδε]

174 3646 235 3676 καὶ
257 3643 321 3676 τοῦ
347 3656 363 3675 ε
387 3644 446 3679 As-
472 3642 484 3686 11
507 3645 549 3677 26
572 3643 772 3687 προςώποις
795 3656 852 3677 om.
878 3653 899 3679 ς·
919 3642 932 3686 11
960 3644 1001 3677 27
1027 3638 1151 3685 αὐτὸν]
1183 3642 1251 3677 τὸν

177 3689 206 3721 Λ
225 3688 237 3732 11
252 3687 318 3721 τὸν
337 3688 445 3721 wito
470 3701 527 3721 om.
541 3689 584 3731 A,
609 3687 674 3722 τὸν
696 3701 755 3723 om.
768 3688 817 3722 L¹
835 3687 906 3733 ”28
930 3685 1147 3733 καταβαλεῖν
1167 3689 1218 3723 Ε“
1237 3688 1251 3727 ss

1320 2971 1362 3003 30
1378 2972 1519 3012 νομίσοι
1539 2968 1655 3002 ἆαυτῶ
1677 2965 1849 3012 ἁρμόζειν
1862 2965 1987 3000 MLBr
2008 2968 2190 3009 νομίσοιον
2209 2959 2309 2999 aiv&
2332 2961 2397 3011 ἁρ-

1317 3012 1442 3058 μόζειν
1456 3016 1486 3047 Α
1507 3014 1626 3055 ἑαυτῷ
1641 3010 1815 3056 ἁρμόζειν
1830 3012 1968 3054 νομίζει
1976 3011 2042 3049 Β”;
2066 3012 2245 3053 νομίσειεν
2256 3009 2398 3058 scrip-siu

1320 3061 1358 3093 31
1387 3055 1500 3092 αὐτὸν
1526 3058 1571 3091 L¹
1599 3058 1611 3101 11
1642 3058 1718 3090 τῶν
1741 3053 1878 3100 νόμων]
1914 3055 1996 3097 legis
2020 3067 2039 3092 ς
2067 3055 2080 3095 11
2109 3056 2151 3090 32
2175 3050 2396 3099 ἀποβάλλειν

1321 3106 1369 3138 L⁰
1396 3105 1407 3147 11
1431 3105 1473 3139 33
1491 3098 1659 3137 Ἄπαντα
1683 3099 1722 3135 δὲ
1744 3100 1870 3143 ταῦτα]
1902 3100 1994 3133 Haeo
2018 3103 2128 3133 autem
2152 3111 2172 3137 ς
2198 3102 2210 3142 11
2241 3102 2283 3134 34
2307 3097 2392 3136 ὑπο.

1319 3148 1446 3182 θέσεσι
1470 3147 1602 3182 πάσαις
1625 3147 1656 3179 A
1918 3149 1925 3157 ’

1377 3239 1397 3271 2
1421 3237 1456 3269 in
1477 3235 1731 3277 aliquaoumque
1753 3234 1803 3267 V⁰
1822 3235 1868 3278 113
1894 3234 2079 3277 ignorando
2102 3235 2134 3269 Τ
2142 3235 2152 3256 ¹
2170 3235 2183 3280 11
2200 3237 2222 3270 4
2235 3239 2322 3270 rubr.
2345 3236 2396 3271 De

1319 3282 1502 3315 constituta
1524 3281 1667 3323 pecunia
1691 3280 1758 3313 ΕΤ
1770 3281 1803 3313 vin
1820 3292 1922 3324 marq.
1944 3282 1996 3321 (ex
2011 3280 2089 3322 Iul.)
2108 3281 2119 3324 11
2136 3283 2155 3315 5
2180 3281 2395 3323 promissione

1323 3329 1354 3361 T
1367 3327 1379 3371 11
1397 3328 1417 3361 6
1433 3328 1492 3359 aut
1507 3337 1567 3370 pro
1585 3328 1631 3367 se]
1649 3327 1706 3358 aut
1723 3338 1780 3358 om.
1799 3325 1856 3369 1711
1872 3327 1890 3359 ’7
1909 3326 2051 3369 pecunia
2074 3326 2103 3360 V
2116 3326 2128 3370 11
2147 3328 2166 3361 8
2184 3326 2247 3368 vel]
2265 3329 2325 3360 aut
2341 3326 2375 3361 T

1320 3373 1519 3415 quicumque
1542 3371 1589 3403 V¹
1614 3371 1734 3412 cuique
1751 3370 1806 3412 Τ11
1825 3370 1886 3403 tibi
1911 3370 1992 3404 satis
2015 3370 2097 3403 satio
2121 3371 2234 3413 (factio
2250 3371 2315 3414 1⁷¹)
2339 3371 2374 3406 T

1318 3420 1339 3453 9
1364 3418 1450 3458 eum]
1475 3417 1510 3448 in
1533 3426 1605 3449 eum
1630 3416 1679 3449 13¹
1704 3414 1716 3459 11
1740 3414 1825 3447 dixit
1851 3416 1889 3454 Τ,
1914 3416 2035 3449 dixerit
2059 3429 2117 3449 om.
2132 3417 2179 3449 R¹
2196 3416 2208 3469 11
2238 3419 2277 3451 10
2301 3426 2394 3450 suam

1320 3475 1377 3497 om.
1394 3462 1442 3495 R¹
1459 3462 1471 3504 11
1493 3464 1529 3495 11
1548 3461 1738 3503 persoluere
1754 3460 1908 3503 compelli
1929 3462 1961 3494 Τ
1973 3461 1985 3505 11
2003 3463 2044 3495 12
2067 3461 2125 3494 flet
2147 3461 2211 3494 tibi
2231 3462 2311 3494 satis
2327 3462 2361 3496 R
2381 3459 2396 3539 11

1320 3509 1370 3548 ut]
1394 3509 1428 3539 et
1448 3506 1504 3550 Vll
1525 3509 1564 3542 13
1588 3507 1689 3548 dicto]
1713 3505 1842 3549 prolato
1869 3507 1899 3539 Τ
1912 3506 1924 3550 11
1944 3508 1985 3540 14
2008 3507 2198 3540 conseruari
2221 3506 2278 3550 Τ11
2298 3507 2338 3541 15
2362 3515 2379 3539 e

1319 3552 1380 3585 illo
1398 3551 1446 3585 13²
1458 3554 1556 3595 υιιΙφ]
1581 3555 1613 3585 et
1634 3552 1671 3594 V,
1697 3564 1754 3585 om.
1769 3550 1861 3584 R¹T
1875 3552 1886 3593 11
1912 3552 1954 3586 16
1977 3551 2058 3594 illis]
2082 3552 2129 3585 eis
2154 3551 2216 3593 T²,
2242 3564 2300 3585 om.
2315 3550 2368 3585 T²
2383 3551 2395 3595 11

1323 3599 1362 3632 18
1387 3598 1467 3630 haec
1491 3598 1522 3630 T
1536 3599 1547 3639 11
1568 3597 1651 3638 illis]
1675 3595 1751 3630 aliis
1767 3596 1830 3639 Τ11
1855 3597 1894 3630 21
1918 3599 1954 3629 tf]
1978 3597 2039 3641 Ru
2063 3596 2103 3638 si]
2126 3596 2178 3629 sin
2197 3596 2250 3630 Τι
2272 3595 2395 3638 siquis

1322 3642 1371 3676 Τ2
1418 3643 1461 3676 24
1477 3645 1535 3675 aut
1556 3642 1612 3686 711
1628 3643 1671 3677 25
1686 3642 1866 3684 integrum]
1888 3641 1999 3685 ipsum
2018 3641 2186 3683 integrum
2205 3641 2236 3675 T
2250 3640 2263 3685 11
2279 3642 2322 3676 26
2334 3641 2394 3675 aut

1318 3689 1365 3722 R*
1413 3698 1569 3732 personas
1593 3685 1727 3735 ormRfl
1744 3688 1785 3722 27
1803 3688 1887 3728 eam]
1912 3691 1977 3720 tam
1997 3687 2116 3731 T1128
2137 3695 2338 3730 praeponere
2366 3685 2398 3719 Υ
