2592 3840
242 89 350 132 Nov.
379 90 506 134 XXII
538 94 599 133 15.
634 93 684 132 16

243 196 264 242 ἢ
289 198 606 247 συλλῃστεὺουσαν,
639 198 660 242 ἢ
688 196 839 246 τάνδρὸς
869 195 1083 244 ἀγνοοῦντος
1113 194 1135 239 ἢ
1163 201 1223 232 καὶ
1247 211 1314 232 κω-

244 242 388 278 λύοντος
427 250 621 292 χαίρουσαν
663 249 734 278 τοῖς
773 241 866 287 μεθ’
903 243 1037 288 ἑτέρων
1078 239 1183 276 οὐδὲν
1226 240 1316 290 αὐτῇ

243 288 495 335 προςηκόντων
527 293 752 332 συμποσίοις,
783 284 805 331 ἢ
835 290 894 321 καὶ
922 286 1070 321 ἄκοντος
1098 289 1162 321 τοῦ
1186 284 1315 333 ἀνδρὸς

242 331 385 380 εὐλόγου
398 334 609 380 προφάσεως
626 337 732 379 χωρὶς
750 330 943 367 ἄπόκοιτον
958 335 1163 378 γινομένην,
1181 329 1314 377 ἢπαρὰ

242 377 308 421 τὴν
339 378 447 413 αὐτοῦ
481 378 632 426 γνώμην
665 375 917 423 ἱπποδρομίαις
950 375 1145 422 χαίρουσάν
1180 390 1220 411 τε
1254 379 1314 411 καὶ

243 427 536 470 παραγινομένην
558 421 580 466 ἢ
604 422 771 469 θεάτροις
794 419 1099 467 παραβάλλουσαν
1123 423 1256 467 (φαμὲν
1275 419 1315 455 δὲ

241 471 314 502 τοῖς
345 469 442 503 ἔνθα
473 480 495 502 σ
540 470 600 502 ναὶ
631 471 690 501 καὶ
719 466 764 501 τὰ
797 465 945 500 τοιαῦτά
968 467 1077 507 ἐστιν,
1112 464 1134 510 ἢ
1157 470 1217 500 καὶ
1240 462 1313 513 ὅπῃ

245 512 384 557 θηρίοις
407 512 494 559 πρὸς
517 510 735 559 ανθρώπους
757 509 779 555 ἡ
801 510 921 556 μάχη),
953 507 975 554 ἢ
999 510 1188 555 ἐπιβουλὰς
1212 510 1312 554 αὐτῷ

243 556 451 603 ῥάπτουσαν
479 557 541 591 τὰς
570 559 608 590 ἐκ
638 555 837 610 φαρμάκων
866 554 888 599 ἢ
918 556 1039 601 ξίφους
1068 553 1091 598 ἢ
1121 554 1215 590 καθ’
1242 556 1314 589 ἕτε-

242 615 307 635 οον
328 605 516 648 γινομένας
535 601 672 648 τρόπον

243 634 267 688 ἦ
295 650 355 680 καὶ
383 649 690 690 συνεπισταμένην
720 649 792 680 τοῖς
822 643 1021 692 τυραννίδα
1050 645 1261 687 μελετῶσιν,
1293 644 1315 688 ἢ

242 694 300 724 καὶ
324 691 599 737 παραποιήσεως
620 693 744 732 ἔνοχον
767 691 1024 732 καθεστῶσαν,
1057 688 1079 734 ἢ
1102 690 1164 725 τὰς
1187 690 1313 736 τολμη-

242 736 303 780 ρὰς
326 733 432 778 αὐτῆς
462 740 577 783 χεῖρας
608 735 810 782 ἐπάγουσαν
843 732 948 779 αὐτῷ.
1001 739 1061 770 καὶ
1083 735 1152 783 γὰρ
1175 734 1219 779 δὴ
1242 748 1314 770 τοι-

240 778 344 814 ούτου
377 779 473 814 τινὸς
502 794 542 826 γε
564 778 687 814 ονότος
718 778 872 815 δίδωσιν
903 777 922 814 ὁ
951 779 1059 824 νόμος
1088 773 1191 815 οὗτος
1226 778 1314 815 ἄπο-

242 825 453 868 πέμπεσθαι
483 793 564 858 ἀνέ
824 824 832 835 ’
934 822 951 834 ’⁴

240 872 299 902 καὶ
327 867 442 912 μόνην
471 867 618 910 δείξειεν
649 870 789 912 αἰτίαν,
825 873 885 903 καὶ
913 869 1114 918 κερδαίνειν
1147 872 1216 915 μὲν
1247 869 1315 913 τὴν

240 917 385 959 προῖκα,
410 913 475 956 τὴν
499 911 539 947 δὲ
560 918 807 960 ποογαμιαίαν
832 913 973 961 δωρεὰν
995 916 1101 969 ἔχειν.

239 957 264 994 8
321 959 367 991 Ei
410 956 450 991 δὲ
490 962 550 992 καὶ
622 957 751 1006 άτερον
786 956 910 994 αὐτῶν
951 972 1144 1014 προςωπον
1179 958 1315 1008 ἀλόγως

240 1000 429 1055 ῥεπούδιον
451 1006 636 1049 πέμψειεν,
671 1003 769 1048 αὐτῷ
801 1002 921 1048 τούτῳ
947 1019 1002 1048 τῳ
1033 1004 1216 1048 διαζεῦξαι
1248 1005 1315 1040 τὸν

1303 82 1382 131 156

2197 99 2257 130 DE
2283 100 2462 133 umus

1383 197 1601 238 latronibus,
1635 199 1700 232 aut
1729 196 1804 231 viro
1829 196 2010 231 nesciente
2032 196 2089 231 vel
2112 197 2220 232 etiam
2248 197 2463 242 prohibente

1385 242 1598 286 gaudentem
1618 241 1786 277 conviviis
1804 241 1958 276 aliorum
1980 240 2069 276 nihil
2093 241 2162 276 sibi
2186 244 2463 288 competentium

1383 287 1437 323 vel
1461 286 1568 321 etiam
1590 287 1701 322 invito
1725 286 1801 321 viro
1826 286 1919 321 citra
1941 285 2188 322 rationabilem
2209 296 2355 322 causam
2372 287 2462 325 foris

1382 334 1654 377 pernoctantem
1678 333 1743 366 aut
1766 334 1868 366 extra
1890 330 1967 366 eius
1991 330 2211 366 voluntatem
2241 332 2462 369 circensibus

1349 381 1368 412 5
1384 376 1664 421 congaudentem
1696 377 1733 411 et
1765 375 1983 420 spectaculis
2006 375 2249 412 inhaerentem
2272 380 2337 412 aut
2359 377 2462 414 thea-

1382 422 1447 457 tris
1471 422 1715 457 advenientem
1739 421 1904 462 (dicimus
1922 422 2053 464 autem,
2077 420 2140 456 ubi
2164 431 2293 457 scenae
2316 425 2354 457 et
2374 422 2464 467 talia

1383 468 1484 507 sunt,
1509 469 1572 500 aut
1595 465 1703 501 etiam
1727 465 1791 501 ubi
1814 465 1939 501 bestiis
1964 465 2133 502 adversus
2157 466 2319 502 homines
2342 476 2464 512 pugna

1382 514 1469 554 est),
1501 513 1566 546 aut
1587 510 1736 546 insidias
1761 510 1830 546 sibi
1852 510 2044 546 facientem
2068 521 2112 546 ex
2132 511 2278 547 venenis
2301 515 2366 548 aut
2388 511 2463 558 gla-

1383 556 1440 591 dio
1464 559 1528 591 aut
1552 554 1621 591 alio
1644 555 1762 590 factas
1785 555 1903 598 modo,
1928 565 1973 591 ex
1997 556 2125 600 quibus
2150 556 2247 592 circa
2268 557 2376 592 vitam
2398 567 2462 610 pe-
2506 567 2509 569 ·

695 601 735 642 ἐξ
758 615 811 635 ων
834 603 916 647 περὶ
939 600 982 634 τὸ
1008 602 1073 644 ζῆν
1097 598 1116 636 ὅ
1140 598 1314 642 κίνδυνος,
1330 604 1370 636 10
1383 601 1533 636 ticulum
1557 602 1630 643 est,
1663 603 1729 635 aut
1761 600 1868 636 etiam
1900 601 2080 636 consciam
2109 601 2334 647 tyrannidem
2353 601 2463 638 medi·

1383 646 1555 687 tentibus,
1576 647 1640 680 aut
1657 645 1828 681 falsitatis
1849 655 1949 681 ream
1965 645 2207 691 constitutam,
2225 650 2289 682 aut
2307 646 2464 683 audaces

1385 691 1463 726 eius
1486 699 1614 725 manus
1638 690 1850 726 inferentem
1869 690 1957 725 sibi:
1983 690 2122 726 scilicet
2138 691 2204 727 tali
2226 691 2347 737 aliquo
2364 691 2464 728 facto

1384 736 1447 771 dat
1476 735 1534 771 lex
1564 735 1655 770 haec
1686 735 1761 771 viro
1793 735 1935 771 abicere
1965 735 2166 780 mulierem,
2201 736 2259 772 vel
2292 737 2325 772 si
2355 746 2465 772 unam

1384 781 1512 815 harum
1545 781 1582 815 et
1605 779 1719 816 solam
1742 780 1949 825 probaverit
1972 790 2137 825 causam,
2170 783 2207 817 et
2228 781 2363 817 lucrari
2385 781 2464 827 qui-

552 827 586 870 ρὶ
609 823 676 867 τὴν
698 838 873 871 γαμετην,
906 838 974 859 καν
997 826 1029 859 εἰ
1060 830 1149 871 μίαν
1172 824 1315 860 τούτων
1332 829 1371 861 15
1386 826 1465 861 dem
1488 825 1626 868 dotem,
1654 825 1938 871 antenuptialem
1961 835 2046 862 vero
2069 825 2203 862 habere
2225 826 2464 862 donationem.

1382 961 1408 996 3
1454 960 1491 996 Si
1514 971 1599 996 vero
1623 961 1737 996 altera
1760 961 1888 996 harum
1910 970 2067 1006 persona
2094 961 2387 997 irrationabiliter
2407 971 2465 997 re-

1383 1005 1528 1051 pudium
1551 1006 1699 1048 miserit,
1725 1009 1761 1041 et
1784 1006 1854 1041 hoc
1877 1005 1996 1050 ipsum
2019 1006 2179 1042 solvendi
2198 1006 2466 1042 matrimonium

237 1059 351 1101 γαμον
365 1045 479 1103 ,λόγου
501 1052 609 1094 χωρὶς
639 1046 849 1084 ὑπεύθυνον
875 1052 979 1103 ἔσται
1002 1054 1080 1086 ταῖς
1102 1051 1315 1105 ἔμπροσθεν
1327 1054 1371 1086 20
1384 1051 1461 1087 sine
1483 1050 1634 1093 ratione,
1659 1050 1804 1086 subdita
1827 1050 1896 1086 erit
1918 1050 2054 1086 dudum
2077 1061 2100 1086 a
2122 1051 2228 1087 nobis
2251 1051 2358 1087 dictis
2377 1061 2464 1096 poe-

238 1105 320 1135 ημιν
343 1105 418 1146 ειρῚη
447 1095 541 1127 ε’ναις
563 1097 719 1128 ποιναῖς·
752 1094 841 1141 πρὸς
863 1109 916 1138 τῳ
941 1094 1008 1138 τὴν
1029 1109 1188 1143 γαμετην
1207 1108 1313 1131 ὐπευ-

239 1138 356 1170 &mov
385 1151 404 1171 ο
460 1149 475 1171 ς
504 1140 542 1172 ἐκ
573 1140 652 1173 τῶν
681 1140 713 1173 εἰ
757 1142 880 1184 με’νων
903 1141 1033 1174 αἰτιῶν
1056 1137 1078 1184 ἢ
1100 1142 1162 1184 τῆς
1185 1138 1249 1175 ἄλό
1273 1154 1314 1175 ου

238 1182 380 1225 πομπῆς
426 1186 595 1227 ινομένην
617 1187 677 1217 καὶ
700 1196 748 1218 εις
771 1188 990 1219 πενταετίαν
1013 1182 1100 1229 ὅλην
1119 1184 1208 1240 προς
1234 1153 1312 1220 byei}-

1382 1096 1450 1131 nis.
1498 1096 1650 1141 Insuper
1679 1096 1788 1131 etiam
1819 1105 1912 1131 uxor
1940 1105 2004 1131 rea
2027 1096 2169 1132 omnino
2192 1106 2237 1132 ex
2259 1096 2466 1132 memoratis

1383 1141 1503 1176 causis
1526 1152 1593 1186 pro
1616 1140 1873 1177 irrationabilis
1897 1140 2040 1186 repudii
2062 1141 2231 1177 missione
2252 1141 2352 1177 facta
2370 1145 2408 1176 et
2426 1141 2466 1176 in

1383 1186 1662 1230 quinquennium
1685 1189 1802 1222 totum
1825 1185 1873 1220 ad
1889 1185 2086 1221 secundum
2108 1187 2229 1222 venire
2251 1185 2466 1231 prohibetur

237 1239 341 1278 τερον
377 1228 395 1260 ἐ
417 1227 500 1261 θεῖν
532 1227 741 1263 κωλύεσθαι
775 1233 1014 1283 συνοικέσιον,
1048 1234 1109 1264 καὶ
1139 1243 1206 1265 τον
1242 1229 1313 1278 πρὸ
1382 1231 1662 1272 matrimonium,
1703 1235 1740 1266 et
1773 1234 1858 1266 ante
1893 1231 2174 1276 quinquennium
2209 1231 2356 1277 nuptias
2391 1224 2466 1266 non

237 1282 297 1313 της
329 1276 540 1326 πενταετίας
567 1272 685 1318 γάμον
718 1273 768 1318 μὴ
798 1273 1004 1309 ανεύθυνον
1033 1275 1142 1317 εἶναι,
1176 1274 1226 1320 μὴ
1254 1275 1314 1323 γά·
1327 1278 1370 1311 25
1383 1286 1463 1312 esse
1495 1277 1574 1311 sine
1604 1279 1711 1312 reatu
1740 1285 1856 1321 neque
1887 1276 2063 1320 legitimas
2093 1276 2232 1320 vocari,
2263 1276 2327 1312 Sed
2350 1275 2466 1312 omnis

236 1327 325 1358 μον·
360 1315 448 1350 ama
479 1330 563 1359 πας,
600 1322 729 1363 φησιν,
763 1317 783 1353 ὁ
814 1317 1030 1374 ρουλόμενος
1064 1324 1220 1376 προςίτω
1255 1324 1316 1355 καὶ
1382 1321 1504 1357 volens
1529 1321 1637 1357 adeat
1660 1323 1698 1357 et
1721 1323 1868 1357 accuset
1897 1320 2035 1356 factum
2057 1323 2241 1367 tamquam
2263 1323 2392 1358 contra
2412 1321 2465 1356 le·

238 1365 478 1439 xagjyopslvw
501 1364 565 1397 τοῦ
596 1366 786 1410 γινομένου
811 1375 858 1398 ως
889 1376 989 1411 παρα
1011 1364 1078 1400 τὸν
1100 1379 1215 1410 νόμον
1235 1365 1314 1401 τολ-

236 1418 284 1448 μη
319 1418 427 1441 εντος.

1381 1376 1461 1411 gem
1483 1370 1768 1412 praesumptum.

1205 1501 1362 1538 CAPUT
1389 1502 1487 1539 XVI.

287 1563 335 1596 Ei
365 1561 406 1597 δὲ
435 1567 494 1598 καὶ
523 1561 675 1620 εὐλόγως
694 1563 726 1622 ,ἡ
754 1566 851 1622 γυνηι
873 1566 916 1621 τὸ
941 1565 1132 1622 ῥεπσῦδιον
1164 1568 1313 1604 στείλειε

1427 1569 1465 1605 Si
1487 1579 1572 1606 vero
1596 1569 1704 1605 etiam
1735 1569 1997 1606 rationabiliter
2028 1563 2157 1605 mulier
2187 1567 2377 1614 repudium
2399 1567 2464 1604 mi-

238 1610 297 1640 καὶ
319 1608 505 1655 κρατήσειε
526 1622 604 1643 των
626 1623 799 1657 αγωνων,
830 1626 852 1654 η
875 1626 894 1646 ο
918 1611 1024 1668 ἀνηρ-
1037 1610 1174 1660 ἀλόγως
1197 1612 1313 1658 αὐτὴν
1325 1617 1368 1650 30
1381 1615 1469 1651 serit
1492 1617 1528 1650 et
1550 1615 1588 1650 iu
1611 1615 1866 1650 certaminibus
1890 1614 2032 1658 vicerit,
2066 1617 2132 1650 aut
2153 1614 2207 1651 vir
2236 1613 2464 1650 irrationabi-

238 1651 544 1698 ἀποπεμψάμενος
577 1653 752 1690 ὖποπέσοι
785 1660 864 1692 ταῖς
898 1669 1056 1699 ποιναις,
1091 1657 1311 1705 κερδαινέτω

237 1698 304 1739 μὲν
327 1698 373 1731 τὰ
396 1697 500 1743 κέρδη
521 1698 567 1733 τὰ
587 1701 799 1746 ἔμπροσθεν
823 1703 1008 1748 εἰρημένα,
1040 1702 1247 1750 ἐρυθριάτω
1273 1703 1314 1739 δὲ

239 1744 326 1787 πρὶν
338 1742 504 1778 ἐνιαυτὸν
519 1741 655 1787 ἐξήκειν
669 1746 716 1780 εἰς
728 1744 895 1802 δειξτερον
908 1749 1044 1800 φοιτᾶν-
1048 1748 1175 1802 γάμον.
1200 1746 1313 1804 υρπερ

266 1784 275 1797 ἱ

236 1889 285 1919 μη
307 1875 555 1924 κεκρατηκότι,
579 1882 639 1912 καὶ
661 1882 878 1927 παραχρῆμα
899 1885 1029 1929 γαμεῖν
1050 1883 1207 1923 ἔξεστιν·
1231 1886 1310 1920 ἐπεὶ

235 1918 390 1976 μηξεμία
420 1925 503 1976 περὶ
532 1922 598 1966 τὴν
626 1926 704 1979 τῆς.
715 1928 821 1972 γονῆς
843 1925 1014 1981 σύγχυσιν
1038 1927 1179 1982 εὔλογός
1210 1931 1311 1964 ἐστιν

235 1978 400 2001 υπονοια.
445 1979 535 2015 οπερ
564 1970 624 2003 ἐπὶ
651 1982 729 2004 των
758 1984 942 2017 γυναικων
966 1985 1033 2015 την
1056 1985 1127 2019 προ
1152 1975 1217 2008 τοῦ
1239 1977 1307 2009 ένι·

1380 1660 1462 1695 liter
1493 1669 1571 1696 eam
1595 1660 1753 1704 abiciens
1777 1659 1999 1696 subiacuerit
2027 1659 2171 1704 poenis,
2201 1660 2363 1695 lucretur
2385 1657 2464 1704 qui-

1382 1705 1462 1741 dem
1496 1705 1598 1740 lucra
1632 1705 1798 1751 primitus
1834 1705 1949 1748 dicta,
1992 1704 2184 1740 erubescat
2223 1705 2344 1740 autem
2380 1706 2465 1738 ante

1381 1761 1516 1786 annum
1546 1750 1762 1796 completum
1793 1749 1840 1785 ad
1871 1749 2030 1787 secunda
2059 1753 2145 1785 vota
2173 1749 2305 1784 venire.
2361 1747 2466 1793 Quod

237 1799 278 1819 ⁰¹²
303 1787 602 1843 παξαῆυλακτέῡν
624 1787 709 1834 ἡμῖν
732 1792 780 1826 ἐπ
822 1791 967 1839 ανδρός·
991 1806 1044 1836 τῳ
1068 1806 1134 1840 γαρ
1159 1791 1312 1841 εὖλογως
1381 1806 1455 1831 non
1474 1795 1735 1831 observandum
1758 1795 1862 1831 nobis
1887 1798 1943 1831 est
1964 1795 2003 1832 in
2025 1794 2102 1830 viro
2120 1793 2382 1830 rationabiliter
2398 1793 2464 1831 ob·
2546 1834 2547 1838 Ἰ

237 1844 468 1885 κεκρατηκοτι
497 1846 575 1868 των
602 1834 781 1870 τοιούτων
809 1835 959 1883 κερδῶν,
990 1834 1082 1873 ὅπου
1104 1851 1145 1885 γε
1169 1842 1229 1873 καὶ
1252 1842 1307 1884 τῷ
1321 1843 1365 1876 35
1378 1840 1508 1876 tinenti
1538 1840 1627 1876 talia
1649 1841 1768 1884 lucra,
1784 1850 1787 1852 “
1802 1850 1884 1876 cum
1917 1843 1954 1876 et
1977 1850 2052 1876 non
2074 1839 2252 1875 obtinenti
2274 1838 2384 1874 etiam
2406 1847 2464 1874 re-
2525 1855 2527 1858 ·

1405 1889 1486 1921 ente
1507 1885 1653 1930 nuptias
1677 1885 1797 1921 facere
1818 1885 1921 1928 licet,
1981 1884 2126 1920 uoniam
2158 1883 2258 1919 nulla
2282 1883 2380 1920 circa
2405 1893 2464 1918 so·

1378 1897 1471 1966 fiolis
1507 1930 1754 1967 confusionem
1787 1929 1966 1966 rationab'
1985 1930 1993 1937 '
2050 1931 2108 1965 est
2141 1928 2313 1974 suspicio.
2360 1926 2464 1973 Quod

1376 1976 1415 2011 in
1436 1975 1648 2012 mulieribus
1679 1977 1764 2011 ante
1793 1975 1878 2011 anni
1909 1974 2183 2020 completionem
2212 1976 2312 2010 recte
2339 1972 2464 2020 prohi—

280 2092 353 2124 cap.
374 2081 454 2114 XV
472 2081 493 2124 ξ
514 2083 534 2116 3
560 2083 759 2126 aliquantum
783 2092 906 2118 mutata
929 2093 959 2119 et
977 2099 1049 2131 cap.
1074 2087 1175 2121 XVI
1187 2100 1241 2131 pr.
1267 2095 1379 2122 extant
1401 2089 1438 2122 B
1461 2090 1516 2130 28,
1541 2096 1570 2131 ’1,
1591 2095 1609 2122 2
1632 2089 1697 2131 (13⁸
1716 2101 1754 2132 p·
1778 2089 1842 2123 153
1859 2089 1991 2131 Zach.).

235 2202 309 2226 una
332 2192 626 2236 latrocinantem,
656 2195 711 2247 vel
733 2207 828 2242 quae
858 2197 937 2232 viro
966 2197 1162 2244 iqnorante
1193 2203 1257 2235 aut
1283 2201 1391 2236 etiam
1402 2200 1630 2291 sffl'ffibm‘e
1653 2201 1811 2237 aliorum
1842 2200 1936 2236 nibil
1966 2199 2016 2235 ad
2036 2210 2077 2234 se
2096 2199 2355 2246 pertinentium
2378 2208 2464 2234 con-

236 2236 341 2288 viviis
371 2237 547 2288 qaudeat,
576 2239 633 2275 vel
656 2243 763 2275 ettam
795 2241 873 2276 viro
904 2242 1017 2278 invito
1047 2244 1126 2279 sine
1149 2244 1246 2280 iusta
1269 2256 1381 2281 causa

235 2282 452 2318 circensibus
481 2283 677 2319 delectetur
704 2285 822 2331 iisque
843 2286 1003 2330 intersit,
1034 2288 1091 2324 vel
1117 2288 1260 2325 theatra
1278 2294 1389 2342 petat
1419 2292 1477 2333 (ea

1426 2246 1503 2281 oris
1550 2249 1729 2288 ernoctct,
1757 2245 1815 2282 vel
1840 2250 1970 2281 contra
1999 2244 2100 2280 illius
2124 2243 2344 2280 voluntatem
2367 2242 2464 2279 ludis

1532 2290 1659 2326 icimus
1692 2290 1755 2325 ubi
1782 2301 1939 2326 scaenae
1973 2300 2018 2325 ac
2050 2288 2141 2325 talia
2168 2291 2273 2332 sunt,
2308 2292 2375 2324 aut
2402 2287 2467 2325 ubi

235 2325 426 2361 bestiarum
450 2338 529 2379 cum
551 2328 754 2379 bominibus
776 2332 999 2376 certamina),
1023 2333 1079 2369 vel
1099 2333 1253 2369 insidias
1271 2335 1344 2381 ipsi
1365 2338 1487 2371 struat
1503 2346 1553 2371 ex
1573 2336 1717 2371 venenis
1737 2339 1805 2371 aut
1825 2334 1952 2382 yladio
1975 2337 2041 2370 aut
2063 2333 2137 2369 alio
2161 2333 2272 2370 modo
2291 2336 2463 2381 paratas,

234 2370 330 2406 unde
352 2371 397 2406 de
423 2377 497 2408 vita
520 2372 711 2410 discrimen
730 2375 796 2417 sit,
829 2375 885 2412 vel
906 2378 1014 2412 etiam
1035 2378 1183 2413 conscia
1210 2379 1259 2414 sit
1290 2380 1519 2426 tyrannidem
1549 2379 1796 2423 molientibuS,
1824 2380 1882 2416 vel
1905 2379 2014 2415 ctiam
2042 2377 2224 2420 falsitatis
2252 2389 2319 2414 rea
2343 2378 2462 2424 facta,

235 2415 290 2450 vel
312 2415 469 2452 audaces
491 2428 619 2453 manus
640 2429 727 2454 suas
749 2420 822 2466 ipsi
843 2420 996 2467 inqerat.
1045 2422 1189 2459 Etenim
1212 2424 1246 2459 si
1268 2425 1340 2460 tale
1363 2424 1453 2471 quid
1472 2425 1617 2471 factum
1638 2425 1706 2468 sit,
1742 2425 1807 2461 lex
1832 2424 1897 2460 illa
1928 2425 2006 2460 viro
2030 2422 2215 2466 concedit,
2245 2426 2287 2459 ut
2308 2432 2464 2460 uxorem
2526 2439 2527 2443 ¹

235 2460 408 2503 dimittat,
439 2462 547 2497 etiam
569 2463 603 2498 si
627 2474 738 2499 unam
760 2464 906 2500 illarum
930 2477 1077 2503 causam
1096 2468 1213 2504 solam
1236 2469 1475 2516 probaverit,
1508 2473 1620 2516 utque
1642 2474 1680 2506 et
1701 2469 1822 2506 dotem
1845 2469 2008 2506 lucretur
2030 2471 2067 2504 et
2089 2467 2376 2515 antenuptialem
2398 2466 2463 2504 do-

235 2504 417 2541 nationem
434 2506 503 2541 sibi
527 2506 666 2544 habeat.

234 2548 260 2584 8
326 2548 463 2601 Quodsi
494 2551 672 2588 alterutra
706 2553 835 2590 harum
863 2566 1105 2602 personarum
1138 2558 1217 2594 sine
1250 2559 1348 2595 iusta
1384 2570 1497 2595 causa
1526 2570 1567 2596 re
1594 2558 1717 2596 udium
1748 2558 1905 2601 miserit,
1936 2569 1979 2595 eo
2013 2558 2115 2606 ipso,
2147 2557 2250 2604 quod
2277 2551 2467 2594 matrim&

235 2593 334 2628 nium
363 2605 441 2630 sme
471 2606 583 2631 causa
612 2597 792 2640 dissolvit,
823 2599 986 2636 obnoxia
1016 2602 1088 2638 crit
1107 2603 1242 2648 poenis
1271 2609 1356 2640 ante
1378 2616 1403 2639 a
1426 2604 1530 2640 nobis

1578 2605 1679 2648 ictis:
1706 2608 1972 2656 praeterquam
1995 2602 2096 2650 quod
2118 2613 2218 2639 uxor
2242 2601 2388 2638 omnino
2411 2599 2466 2639 cx?

236 2638 444 2673 criminibus
475 2650 601 2692 supra·
626 2641 732 2677 dictis
762 2648 828 2694 aut
861 2655 912 2680 ex
944 2646 1098 2691 repudio
1133 2648 1211 2683 sine
1245 2659 1358 2684 causa
1392 2650 1503 2685 misso
1538 2660 1604 2686 rea
1637 2649 1745 2695 facta
1777 2660 1848 2696 per
1875 2648 2162 2695 quinquennium
2196 2647 2380 2694 intem-um
2413 2644 2465 2690 ad

235 2681 428 2717 secundum
456 2694 661 2731 comuqzum
689 2697 809 2723 venire
831 2688 1062 2734 prohibetur,
1100 2696 1137 2727 et
1167 2703 1261 2738 quae
1291 2697 1377 2729 ante
1407 2694 1692 2746 quinquennium
1723 2694 1816 2740 sient
1845 2704 1896 2729 nu
1924 2693 1996 2729 tiae
2025 2703 2102 2729 non
2129 2692 2277 2740 impune
2307 2691 2463 2739 futter-ac

235 2730 332 2768 sunt,
364 2738 438 2762 non
462 2727 559 2774 leqitz

238 2774 447 2817 temptatum
467 2778 609 2818 arquat.

562 2741 641 2765 mae
663 2732 828 2777 nuptiae:
858 2733 924 2768 sed
947 2734 1161 2782 quicumque
1179 2737 1292 2780 volet,
1323 2739 1455 2785 inquit,
1487 2738 1657 2781 accedat,
1688 2743 1726 2775 et
1746 2737 1848 2785 quod

1890 2741 2011 2774 actum
2034 2741 2102 2780 est,
2132 2741 2176 2774 ut
2193 2739 2326 2773 contra
2349 2735 2462 2784 leyen:

370 2814 466 2852 XVI.
526 2816 599 2869 Sed
618 2819 725 2854 etiam
747 2821 781 2873 si
799 2822 1000 2874 mulier-ex
1023 2824 1120 2860 iusta
1144 2837 1255 2863 causa
1277 2828 1469 2875 repudium
1491 2829 1632 2865 miserit
1662 2832 1700 2865 et
1720 2828 1818 2865 litem
1841 2827 1987 2871 vicerit,
2017 2827 2094 2864 sive
2116 2827 2173 2864 vir
2195 2838 2239 2863 ea
2266 2827 2345 2862 sinc
2364 2822 2466 2863 iusta

237 2870 349 2911 causa
372 2860 520 2896 dimas-sa
542 2873 581 2897 m
596 2874 740 2909 poenas
763 2865 845 2901 illas
868 2867 1054 2910 inciderit,
1088 2869 1152 2905 illa
1175 2872 1319 2917 quidem
1341 2874 1494 2919 auferat
1521 2874 1627 2910 lucra
1652 2884 1747 2926 quae
1769 2877 1854 2909 ante
1877 2873 1977 2908 dicta
1999 2876 2103 2916 sunt,
2133 2871 2324 2908 crubescat
2343 2873 2463 2908 autem

230 2915 340 2951 prius
362 2916 472 2958 quam
494 2917 612 2942 annus
637 2910 822 2944 transierit
838 2911 889 2946 ad
908 2913 1085 2948 secundas
1108 2916 1257 2962 nuptias
1287 2918 1458 2964 miqrare.

1517 2918 1626 2962 Quod
1645 2918 1789 2965 quidem
1809 2918 1848 2953 in
1872 2918 1950 2954 ciro
1974 2917 2080 2954 nobis
2103 2915 2365 2954 observandum
2387 2924 2463 2954 non

235 2954 312 2991 est;
345 2961 377 2985 et
401 2961 494 2986 emm
517 2951 580 2996 qui
603 2951 705 2988 lucra
727 2953 793 2988 illa
815 2965 866 2991 ex
887 2956 984 2992 iusta
1006 2968 1118 2994 causa
1142 2959 1313 3005 obtinuit,
1346 2963 1640 3010 quandoquidem
1674 2963 1732 3000 vel
1761 2964 1797 2999 ei
1818 2962 1881 3010 qui
1903 2962 2180 3015 non-obtinuit,
2210 2961 2319 2997 etiam
2336 2959 2465 3013 ..station
2516 2981 2519 2988 ·

236 3004 390 3031 uxorem
420 2994 551 3031 ducere
585 2996 686 3032 licet:
719 2999 891 3044 quoniam
923 3001 1026 3036 nulla
1057 3002 1101 3038 de
1130 3004 1268 3040 subolis

1302 3008 1519 3054 confusione
1555 3009 1653 3044 iusta
1682 3012 1738 3044 est
1758 3008 1949 3055 suspiciae
1983 3006 2025 3044 sd
2054 3006 2155 3054 quod
2182 3006 2223 3042 in
2255 3003 2463 3043 mulieribus

280 3111 301 3143 6
318 3119 348 3142 π
396 3109 621 3154 αγινομένην]
635 3110 829 3163 spectaculis
841 3112 1065 3147 inhaerentem
1078 3127 1098 3152 ς
1115 3115 1129 3159 1
1147 3119 1186 3152 18
1207 3116 1309 3163 πρός-

236 3165 340 3188 ωπον
385 3155 540 3205 acherius
553 3166 621 3187 cum
637 3156 668 3195 ς]
689 3165 894 3199 προςωπων
908 3158 955 3190 Μ
966 3157 978 3202 ΙΙ
995 3161 1035 3192 25
1055 3158 1105 3202 μὴ
1123 3157 1168 3206 γά
1253 3163 1309 3204 Μ]

235 3209 342 3241 neque
360 3198 526 3241 legitimas
541 3199 652 3232 vocari
675 3211 695 3236 ς
718 3196 815 3240 (οὐδὲ
836 3199 984 3244 νόμιμος
1006 3201 1114 3247 γάμος
1137 3174 1310 3248 umbos-

233 3255 296 3276 ται
308 3243 374 3286 Β);
401 3244 460 3287 leq.
484 3240 591 3288 μη<δδ
610 3239 764 3287 νόμιμον
783 3242 981 3290 κληθῆναι)
1003 3246 1143 3293 γάμονῗ
1168 3254 1210 3290 cf.
1234 3253 1310 3286 cod.

235 3290 266 3328 5,
282 3296 323 3328 Π,
337 3296 353 3322 8
372 3293 387 3327 §
402 3293 418 3319 4
436 3288 448 3331 11
467 3289 510 3323 26
528 3290 639 3333 φησὶν
652 3301 709 3322 om.
723 3289 781 3325 Be
796 3289 809 3332 ΙΙ
828 3291 868 3323 27
891 3295 1204 3337 κατηγορείτωσαν
1218 3296 1280 3329 M⁰
1300 3295 1312 3340 ΙΙ

234 3334 277 3366 29
303 3329 494 3386 ρεποῦδιον
515 3334 573 3374 Μ]
595 3330 780 3387 ζιαζύγιον
799 3333 932 3388 1311130(
950 3334 1160 3382 1’κρατήσειε
1184 3340 1239 3382 (cf.
1266 3342 1310 3381 ς)]

233 3388 369 3465 ’5391τᾶἶῖ
369 3377 841 3456 ’ἓὲςΒὲεύῖῖατηπλῗῖῑῗΏη
869 3391 892 3420 '¹
915 3383 1230 3466 2ffi133w³22⁶⁹5v²⁶
1253 3398 1311 3454 ⁰''¹.'

233 3466 301 3498 τᾶν
313 3467 360 3500 M
369 3467 382 3511 11
399 3469 442 3501 34
463 3464 524 3502 ἐπ’
540 3434 670 3520 ἕιῗέρές
686 3467 751 3501 τοῦ
770 3434 807 3501 ιζ’)
840 3464 923 3515 ’γως
941 3439 1195 3513 κεκρατηκότρος
1211 3441 1310 3507 Ezeti-

235 3512 385 3554 bequius
400 3525 468 3545 cum
489 3512 540 3556 ς11
565 3515 607 3547 35
626 3523 719 3547 οπου
737 3524 778 3558 γε
800 3530 847 3537 -
867 3515 911 3548 36
937 3511 1169 3558 κεκρατηκότι
1193 3530 1250 3550 om.
1276 3519 1310 3551 B

282 3601 294 3631 1
326 3599 533 3634 latronoibus
561 3602 610 3635 1⁷¹
637 3601 744 3645 [vel]
775 3604 835 3636 aut
857 3603 892 3636 Β
917 3602 931 3647 fl
961 3605 981 3637 2
1013 3603 1179 3646 gaudente
1211 3607 1262 3640 V¹

233 3643 398 3685 coniugiis
422 3645 484 3689 Rn
512 3648 533 3679 4
557 3647 817 3688 pernocitautem
849 3646 914 3693 V!
941 3650 960 3682 5
984 3649 1192 3682 coherentem
1217 3651 1264 3684 12¹
1297 3606 1311 3696 11

1380 3123 1401 3155 6
1425 3120 1695 3155 adiuuenientem
1713 3122 1747 3155 Β
1763 3122 1888 3166 ssscene
1921 3123 1967 3162 V]
1989 3131 2087 3154 scena
2106 3120 2239 3164 Rvulq.
2258 3117 2272 3164 Ι
2295 3120 2316 3154 8
2339 3118 2463 3167 satiens

1380 3167 1446 3198 tem
1470 3167 1610 3199 uenenis
1641 3166 1698 3211 Vn
1714 3168 1735 3201 9
1759 3167 1842 3200 alias
1866 3167 1963 3201 ΒῑΤι
1982 3165 1995 3211 ΙΙ
2016 3166 2105 3199 faota
2131 3165 2235 3198 factas
2258 3163 2377 3205 (factos
2396 3162 2465 3205 γ’)

1389 3210 1440 3242 V¹
1458 3208 1471 3254 ΙΙ
1490 3212 1530 3244 10
1554 3212 1763 3253 tyrannidem
1795 3211 1848 3246 1⁷³
1872 3213 1905 3246 in
1929 3223 1996 3246 ras.
2017 3212 2104 3245 7—8
2124 3208 2214 3254 littss
2236 3209 2278 3243 12
2301 3207 2384 3242 talin
2402 3206 2465 3254 V}
2510 3219 2511 3222 ¹

1383 3255 1423 3288 13
1451 3254 1504 3287 lex
1534 3256 1615 3288 haec
1646 3266 1666 3288 a
1695 3256 1771 3290 uiro
1804 3257 1839 3291 V
1867 3267 1951 3290 uero
1978 3255 2033 3289 lex
2059 3256 2140 3288 haec
2160 3254 2195 3287 R
2223 3252 2236 3298 11
2269 3254 2310 3288 14
2341 3253 2462 3287 horum
2498 3291 2504 3300 Ι

1380 3298 1458 3331 RV
1473 3298 1486 3342 ΙΙ
1515 3301 1555 3333 18
1579 3300 1718 3334 alteram
1747 3301 1796 3335 V¹
1815 3301 1828 3345 11
1850 3310 2066 3344 personarum
2088 3300 2174 3344 vulq.
2201 3297 2214 3342 11
2239 3296 2460 3341 περιιᾱίιωιίιε
2510 3334 2517 3343 ,

1381 3342 1445 3375 erit
1477 3342 1558 3388 V¹ss
1586 3346 1624 3379 19
1649 3348 1682 3378 et
1701 3346 1765 3379 hoc
1788 3346 1910 3389 ipsum]
1936 3347 1997 3389 leq.
2023 3355 2063 3379 ex
2085 3345 2149 3378 hoo
2171 3341 2300 3387 ipson}
2325 3344 2366 3377 21
2391 3350 2460 3375 om-

1380 3386 1514 3419 nimodo
1535 3387 1591 3431 Vn
1609 3391 1651 3423 22
1671 3390 1896 3424 irrationabili
1920 3391 1993 3425 edd.
2012 3388 2189 3435 “repudiis
2209 3387 2263 3421 V⁰
2277 3386 2290 3431 11
2323 3389 2365 3422 23
2383 3394 2460 3430 pro·
2502 3399 2507 3404 ·

1380 3430 1527 3472 hibetur]
1552 3433 1704 3475 proibere
1723 3437 1831 3468 totum
1843 3436 1893 3469 Β*
1911 3435 1924 3478 11
1940 3437 1983 3469 29
2007 3436 2095 3469 rubr.
2114 3433 2231 3467 soluto
2247 3429 2459 3466 matrimonio

1380 3477 1419 3507 ut
1447 3485 1506 3517 per
1537 3487 1661 3511 annum
1694 3479 1858 3513 abstineat
1886 3479 2007 3513 mulier
2037 3489 2058 3511 a
2088 3477 2243 3512 secundis
2273 3476 2403 3519 nuptiis
2426 3474 2459 3509 Β

1378 3519 1472 3596 3ξὲιὲ
1489 3520 1766 3609 ῗξῇὶοηὲΙίΙίῐειέ
1780 3525 1830 3557 Βι
1847 3523 2157 3612 Πιίἶῖοειῖὲαῖιιιὶετίι
2176 3521 2230 3556 V⁰
2247 3520 2260 3565 11
2275 3523 2318 3556 32
2343 3518 2458 3554 erube-

1589 3576 1631 3598 an
1708 3578 1750 3600 an
1767 3579 1833 3601 enu
1921 3579 1948 3601 ιε

1386 3607 1465 3651 Vq
1483 3609 1631 3651 replente
1656 3611 1734 3657 R¹11
1761 3615 1803 3647 38
1827 3580 1968 3646 riiuliere
1990 3613 2026 3646 Β
2050 3612 2056 3657 1
2080 3611 2352 3654 complectionem
2385 3608 2419 3644 V
2443 3602 2458 3651 Ι

1376 3652 1572 3695 prohibetur
1591 3674 1634 3679 —
1658 3657 1734 3699 157,
1755 3664 1770 3691 7
1795 3657 1940 3701 Theodol
1962 3670 2025 3691 scr.
2046 3657 2098 3692 Β2
2120 3659 2154 3690 in
2175 3667 2242 3689 ras.
2265 3657 2288 3689 4
2310 3663 2456 3688 versuum

2074 3570 2116 3603 35
2141 3577 2216 3600 oum
2240 3576 2308 3599 nou
2333 3567 2367 3598 et
2388 3572 2457 3597 non
2520 3567 2522 3570 ’
