2592 3840
267 80 463 125 Nov.xc
492 95 552 138 pr.
587 86 605 125 1
1330 78 1415 128 446

267 192 481 238 προςθεῖναί
506 206 543 227 τι
568 194 613 240 τῇ
644 194 708 227 τοῦ
740 190 948 240 πράγματος
977 190 1159 239 ἀκριβείᾳ,
1188 196 1248 228 καὶ
1277 193 1339 229 τὰς
1406 197 1481 229 tere
1501 194 1537 228 et
1560 203 1625 229 nos
1646 192 1787 229 adicere
1810 193 1943 239 aliquid
1964 203 2096 230 causae
2113 194 2301 230 subtilitati
2325 198 2361 231 et
2381 194 2476 230 falsa

267 236 573 283 ψευδομαρτυρίας
596 236 689 272 καθ’
715 235 804 272 ὅσον
826 237 906 273 οἶόν
930 241 973 273 τε·
1003 240 1102 273 ἐστιν
1127 238 1336 274 ἐλαττῶσαι.
1406 238 1609 274 testimonia
1643 241 1814 284 quantum
1849 244 1903 274 est
1940 239 2108 285 possibile
2141 240 2328 276 minorare.
2387 240 2476 275 Tale

267 284 410 317 τοιοῦτο
444 282 512 329 γάρ
546 297 582 317 τι
613 286 672 316 καὶ
706 284 776 317 νῦν
811 281 883 318 ὑπὸ
916 284 968 326 τῷ
1007 283 1251 339 λαμπροτάτῳ
1280 286 1343 328 τῆς
1409 283 1502 319 enim
1525 282 1693 328 quiddam
1712 284 1819 320 etiam
1840 294 1937 320 nune
1968 284 2064 329 apud
2095 284 2329 320 clarissimum
2353 285 2474 330 Bithy-

268 328 444 361 Βιθυνῶν
468 330 637 372 ἐπαρχίας
659 326 806 372 ἄρχοντι
830 328 998 375 πραχθὲν
1021 341 1169 374 ευρομεν
1191 330 1250 364 ἐπὶ
1265 327 1341 363 δια·
1410 328 1490 363 niae
1513 328 1714 374 provinciae
1737 329 1889 364 iudicem
1910 334 2049 373 gestum
2077 329 2274 365 invenimus
2305 330 2343 365 in
2364 333 2475 366 testa·

268 371 366 419 θὴκῃ
391 371 592 415 δειχθείσης
613 373 810 420 μαρτύρων
826 371 1103 419 παραποιήσεως
1126 371 1253 418 δεινῆς,
1277 386 1339 408 σα-
1377 378 1395 409 5
1408 376 1527 409 mento
1562 377 1707 409 ostensa
1728 374 1871 409 testium
1890 374 2047 410 falsitate
2069 375 2221 419 pessima
2244 376 2367 420 aperte
2389 384 2475 411 con-

269 419 343 462 φῶς
366 416 651 470 διελεγχθέντων
673 431 714 452 τε
736 421 797 452 καὶ
819 419 866 453 τὰ
897 417 1083 453 τελευταῖα
1106 418 1341 466 συνομολογη-
1408 418 1583 454 victorum
1607 421 1643 454 et
1664 419 1852 455 novissime
1876 419 2129 461 confessorum,
2157 419 2241 464 quia
2264 429 2345 455 cum
2366 421 2476 455 testa-

268 463 433 502 σάντων,
458 459 518 496 ὃτι
541 463 603 505 τῆς
627 460 805 506 διαθήκης
827 465 882 498 ἔτι
904 467 1091 510 γινομένης
1114 463 1341 507 ἐτελεύτησεν
1408 466 1565 499 mentum
1588 463 1689 499 fieret
1712 467 1748 499 et
1777 464 1904 500 fuisset
1928 464 2095 500 defuncta
2117 464 2298 507 testatrix,
2333 464 2477 500 testium

267 505 288 550 ἡ
313 505 559 550 διατιθεμένη,
586 508 663 542 τῶν
687 506 726 542 δὲ
748 505 943 560 μαρτύρων
967 511 1060 543 τινὲς
1083 508 1340 554 ἐφηλαβόμενοι
1409 518 1491 544 vero
1516 508 1661 553 quidam
1691 512 1852 545 tenentes
1881 509 1952 544 iam
1978 513 2142 545 mortuae
2170 519 2314 545 manum
2340 509 2392 544 ita
2413 518 2478 554 per

267 553 392 597 νεκρᾶς
415 550 481 595 ἤδη
512 554 575 595 τῆς
604 553 719 599 χειρὸς
742 549 839 587 οὕτω
862 553 954 587 κατά
979 555 1042 588 τοῦ
1062 554 1195 600 χάρτου
1218 551 1286 597 τήν
1301 567 1341 588 τε
1409 555 1545 589 cartam
1568 554 1700 599 virgam
1724 557 1857 589 rectam
1880 558 1917 590 et
1939 565 1983 590 ex
2001 556 2112 590 latere
2132 554 2275 590 ductam
2291 554 2479 590 traxerunt

267 596 416 631 εὐθεῖαν
446 596 514 640 τήν
544 609 584 631 τε
614 597 773 644 πλαγίαν
804 597 971 633 εἵλκυσαν
1000 602 1060 633 καὶ
1081 600 1124 634 τὸ
1157 598 1340 644 σύμβολον
1355 603 1395 636 10
1409 603 1444 634 et
1467 598 1605 642 signum
1627 599 1838 635 venerabilis
1862 600 1977 635 crucis
1993 599 2103 635 videri
2126 599 2309 645 scripsisse
2329 598 2476 635 defunc-

267 643 330 676 τοῦ
350 645 469 686 τιμίου
489 643 643 688 σταυροῦ
665 641 783 678 δοκεῖν
802 646 1019 690 γεγραφέναι
1042 644 1109 688 τὴν
1131 643 1340 688 τελευτήσα-
1408 646 1481 678 tam
1496 653 1583 689 prae
1610 648 1807 680 araverunt.
1855 644 1931 680 Nos
1946 644 2055 698 igitur
2077 644 2123 680 ad
2139 645 2226 680 haec
2249 644 2478 690 respicientes

266 698 336 720 σαν
359 684 642 733 παρεσκεύασαν.
689 686 805 732 Ἡμεῖς
827 693 952 723 τοίνυν
978 690 1026 723 εἰς
1048 690 1163 725 ταῦτα
1186 688 1341 734 ὁρῶντες
1409 689 1480 724 alia
1512 689 1573 733 qui
1598 699 1654 724 em
1683 688 1727 724 de
1758 688 1862 725 modo
1891 692 2035 726 testium
2064 690 2137 725 alia
2167 699 2250 726 vero
2282 689 2326 726 de
2357 699 2479 725 eorum

265 732 312 764 τὰ
335 734 402 776 μὲν
425 735 507 777 περὶ
538 733 600 766 τοῦ
624 731 761 780 τρόπου
790 734 867 768 τῶν
890 733 1087 781 μαρτύρων
1116 734 1161 769 τὰ
1191 733 1231 769 δὲ
1260 738 1342 780 περὶ
1410 736 1507 769 statu
1538 734 1799 770 aestimavimus
1831 738 1997 779 oportere
2027 735 2182 770 definire.
2231 734 2330 779 Quae
2358 735 2479 779 itaque

265 778 329 819 τῆς
359 774 483 811 αὐτῶν
517 777 772 824 καταστάσεως
809 776 988 823 ᾠήθημεν
1022 781 1150 825 χρῆναι
1185 778 1341 825 διορίσα-
1410 779 1506 815 dicta
1530 782 1615 814 sunt
1638 779 1684 814 ab
1708 779 1864 824 antiquis
1887 779 2149 824 legislatoribus
2179 780 2217 815 in
2240 779 2478 825 prohibitione

266 822 367 856 σθαι.
415 822 462 856 τὰ
472 824 547 866 ’μὲν
562 826 625 858 οὐν
641 825 809 868 εἰρημένα
826 827 900 858 τοῖς
915 823 1026 859 πάλαι
1045 825 1261 868 νομοθέταις
1281 827 1342 859 ἐπὶ
1360 829 1396 860 15
1410 824 1537 859 horum
1557 834 1646 869 quos
1662 824 1925 870 suspenderunt
1939 825 2178 861 testimonium
2197 825 2384 871 perhibere
2399 827 2479 859 rata

265 866 418 947 ›cml-1563
441 867 583 903 τούτων
614 865 673 903 οὓς
697 869 891 917 ἐξείργουσι
912 873 1109 917 μαρτυρίας
1138 871 1261 905 πάντα
1283 867 1341 903 κύ·
1410 869 1530 905 omnia
1552 869 1733 914 ponimus:

265 925 325 956 ρια
349 916 388 946 τί
418 925 519 956 εμεν·

2180 95 2240 127 DE
2267 94 2476 127 'misnens

1266 993 1422 1031 CAPUT
1444 994 1473 1030 Ι.

310 1060 535 1104 θεσπίζομεν
558 1059 614 1103 δέ,
645 1064 706 1095 καὶ
756 1059 885 1097 άλιστα
918 1063 978 1096 ἐπὶ
1001 1063 1062 1106 τῆς
1082 1061 1235 1110 μεγάλης
1257 1060 1342 1096 mt-
1463 1061 1640 1096 sancimus
1664 1063 1801 1104 autem,
1833 1063 1871 1096 et
1893 1060 2085 1106 praecipue
2115 1060 2153 1097 in
2175 1061 2245 1096 hac
2268 1060 2424 1097 maxima
2446 1062 2482 1096 et

265 1117 325 1149 της
349 1109 408 1140 καὶ
432 1103 639 1150 εὐδαίμονος
663 1076 820 1148 πόλιὲως,
847 1107 944 1142 ἔνθα
968 1108 1117 1151 πλείστη
1139 1108 1343 1163 καθέστηκε
1411 1106 1616 1142 felicissima
1640 1106 1792 1148 civitate,
1817 1106 1878 1142 ubi
1892 1106 2046 1151 plurima
2062 1106 2224 1142 consistit
2242 1106 2321 1150 (deo
2339 1105 2482 1148 favente

264 1151 366 1190 (θεὸς
387 1149 427 1185 δὲ
443 1149 608 1198 ἡγείσθω
631 1153 695 1186 τοῦ
713 1151 832 1199 λόγου)
856 1151 1003 1186 πολλῶν
1026 1155 1086 1186 καὶ
1102 1150 1259 1199 ἀγαθῶν
1278 1167 1341 1187 αν-
1356 1154 1398 1187 20
1412 1151 1578 1193 sermoni)
1597 1151 1788 1186 multorum
1804 1152 2047 1197 bonorumque
2061 1151 2165 1196 copia
2176 1153 2342 1194 virorum,
2366 1151 2482 1187 bonae

265 1195 364 1241 δρῶν
388 1194 555 1243 εὐπορία,
589 1193 854 1240 εὖυπολήπτυυς
883 1195 959 1231 δεῖν
981 1197 1074 1232 εἶναι
1106 1197 1187 1232 τοὺς
1209 1196 1342 1243 μάρτυ-
1412 1197 1586 1242 opinionis
1611 1207 1690 1232 esse
1714 1198 1879 1241 oportere
1894 1200 2004 1232 testes
2028 1200 2065 1232 et
2087 1201 2150 1232 aut
2171 1198 2334 1232 carentes
2357 1195 2480 1231 huius·

263 1253 337 1298 ρας,
361 1239 459 1285 καὶῆ
475 1245 653 1287 κρείττους
671 1244 734 1286 τῆς
750 1240 918 1285 τοιαύτης
942 1241 1109 1287 διαβολῆς
1131 1241 1191 1278 διὰ
1215 1243 1258 1278 τὸ
1281 1244 1344 1286 τῆς
1410 1242 1506 1278 modi
1526 1242 1754 1286 derogatione
1784 1252 1849 1295 per
1879 1241 2058 1286 dignitatis
2081 1246 2145 1277 aut
2177 1241 2324 1278 militiae
2343 1240 2481 1277 antdi-

266 1288 367 1328 αξίας
398 1284 422 1330 ἢ
445 1291 635 1335 στρατείας
663 1285 687 1331 ἢ
709 1285 873 1332 εὐπορίας
901 1284 923 1331 ἢ
946 1285 1206 1332 ἐπιτηδεύσεως
1229 1285 1342 1332 ἀναμ-
1411 1287 1575 1322 vitiarum
1599 1291 1662 1322 aut
1684 1286 1794 1322 officil
1818 1297 1980 1330 causam,
2011 1288 2075 1322 aut
2105 1287 2136 1322 si
2159 1298 2231 1323 non
2250 1288 2340 1322 tales
2365 1285 2482 1322 cousi-

265 1330 494 1378 φιςβὴτητον,
516 1330 539 1375 ἢ
563 1332 664 1379 εἴπερ
687 1329 729 1378 οὗ
745 1334 904 1367 τοιοῦτοι
928 1333 1165 1375 καθεστᾶσιν,
1190 1329 1253 1377 ὑφ’
1269 1334 1342 1367 ἑτέ·
1411 1335 1528 1374 stunt,
1558 1343 1603 1368 ex
1630 1335 1782 1377 utroque
1804 1334 1924 1367 tamen
1944 1331 2027 1377 quia
2063 1335 2147 1368 sunt
2168 1332 2239 1368 fide
2262 1331 2359 1377 digni
2381 1331 2482 1368 testi·

264 1391 342 1423 ρων
372 1378 459 1423 γοῦν
491 1373 550 1411 ὅτι
570 1378 795 1412 καθεστᾶσιν
816 1374 1023 1418 ἀξιόπιστοι
1041 1379 1341 1425 μαρτυρούμενοι·
1357 1379 1398 1412 25
1411 1377 1568 1413 monium
1607 1377 1777 1421 erhibere‚
1803 1380 1839 1413 et
1854 1388 1926 1413 non
1942 1376 2113 1423 quosdam
2131 1376 2286 1413 artifices
2308 1376 2483 1422 ignobiles

264 1426 324 1456 καὶ
353 1421 401 1466 μή
433 1434 534 1457 τινας
558 1421 778 1469 ἐπιδιφρίους
807 1421 898 1467 μηδὲ
919 1427 1110 1468 χαμερπεῖς
1138 1422 1229 1467 μηδὲ
1252 1437 1343 1459 παν·
1410 1433 1525 1467 neque
1547 1422 1578 1458 v'
1597 1422 1736 1458 'ssimos
1760 1432 1827 1458 nec
1850 1422 1955 1458 nimis
1978 1423 2151 1459 obscuros
2175 1422 2222 1458 ad
2244 1421 2483 1458 testimonium

265 1471 371 1502 τοίως
394 1464 551 1511 ἀσήμους
583 1469 643 1503 ἐπὶ
666 1471 869 1515 μαρτυρίαν
893 1469 1000 1511 ἰέναι,
1033 1465 1114 1503 ἀλλ’
1133 1465 1222 1503 ὥςτε
1244 1469 1343 1513 εἴπερ
1411 1467 1623 1513 procedere,
1664 1468 1728 1504 sed
1757 1471 1799 1503 ut
1826 1468 1856 1503 si
1885 1477 1955 1512 qua
1989 1467 2032 1503 de
2066 1468 2122 1503 his
2152 1467 2328 1504 dubitatio
2362 1466 2482 1510 fuerit,

265 1510 558 1567 ἅμφιςβητηθείη
574 1513 621 1547 τὰ
637 1511 719 1547 κατ’
740 1509 876 1555 αὐτούς,
901 1511 1086 1548 δύνασθαι
1107 1511 1239 1558 ῥᾳδίως
1255 1513 1342 1548 ἀπο·
1410 1513 1524 1558 possit
1554 1512 1659 1548 facile
1690 1513 1927 1549 demonstrari
1960 1512 2105 1549 testium
2126 1513 2216 1556 vita,
2253 1513 2338 1559 quia
2366 1512 2482 1548 incul-

267 1557 450 1593 δεικνυναι
467 1558 533 1592 τὸν
548 1559 626 1593 τῶν
640 1558 951 1604 μαρτυρησάντων
974 1562 1057 1603 βίον
1081 1557 1129 1593 ῶς
1157 1557 1344 1603 ἅμεμπτός
1410 1558 1540 1603 pabilis
1564 1560 1672 1603 atque
1695 1558 1879 1594 moderata
1902 1560 1967 1594 est.

266 1606 288 1640 1
335 1616 375 1638 τε
390 1606 450 1637 καὶ
466 1602 620 1647 ἐπιεικὴς
635 1604 697 1646 εἴη.
747 1605 792 1637 Εἰ
813 1602 853 1637 δὲ
873 1602 1053 1650 ἅγνωστοί
1074 1616 1167 1639 τινες
1189 1604 1261 1639 εἶεν
1284 1606 1343 1637 καὶ
1356 1604 1430 1639 301
1479 1604 1516 1639 Si
1539 1613 1621 1639 vero
1645 1603 1757 1647 ignoti
1780 1603 1923 1650 quidam
1950 1603 2083 1639 fuerint
2114 1603 2270 1649 undique
2292 1605 2329 1638 et
2352 1602 2483 1648 aliquid

267 1646 507 1691 πανταχόθεν
537 1645 682 1693 ἀφανεῖς
709 1652 772 1683 καί
800 1662 836 1683 τι
860 1651 1007 1695 φανεῖεν
1038 1645 1132 1684 ὅλως
1162 1652 1245 1695 περὶ
1275 1648 1344 1692 τὴν
1411 1648 1644 1694 apparuerint
1682 1648 1778 1684 circa
1813 1648 2005 1684 testimonii
2035 1647 2220 1684 veritatem
2256 1658 2483 1693 corrumpere

266 1697 468 1739 μαρτυρίαν
497 1694 575 1727 τῶν
598 1692 753 1736 ἀληθῶν
785 1692 999 1740 διαφθεῖραι
1023 1692 1255 1736 σπεύδοντες,
1286 1692 1343 1728 δύ·
1411 1694 1632 1737 festinantes,
1657 1704 1763 1739 posse
1786 1703 1848 1730 eos
1865 1694 1971 1729 etiam
1989 1693 2193 1729 verberibus
2217 1693 2419 1729 subiacere·
2447 1698 2485 1728 et

267 1739 409 1773 νασθαι
442 1741 503 1772 καὶ
536 1736 710 1783 βασάνοις
742 1735 871 1774 αὐτοὺς
906 1736 1142 1782 ὑποκεῖσθαι,
1177 1742 1237 1774 καὶ
1265 1738 1345 1774 τοὺς
1411 1739 1566 1781 iudices,
1591 1739 1622 1774 si
1646 1738 1788 1784 quidem
1812 1738 2118 1775 administratores
2141 1739 2292 1781 fuerint,
2322 1737 2392 1783 ipsi
2410 1719 2484 1774 ’hoc

268 1782 446 1825 δικαστάς,
467 1784 499 1818 εἰ
517 1786 584 1828 μὲν
600 1782 770 1831 ἄρχοντες
790 1784 870 1826 εἷεν,
892 1781 1019 1819 αὐτοὺς
1037 1785 1143 1820 τοῦτο
1160 1783 1345 1830 πράττειν,
1412 1788 1538 1828 agant,
1566 1784 1597 1820 si
1624 1794 1706 1820 vero
1739 1784 1800 1820 alii
1829 1787 1972 1829 praeter
1994 1793 2056 1819 eos
2080 1783 2141 1829 qui
2163 1783 2484 1819 administrationes

267 1831 298 1863 εἰ
329 1827 370 1863 δὲ
392 1831 507 1872 ἕτεροι
539 1829 638 1875 παρὰ
667 1829 748 1864 τοὺς
778 1828 843 1863 τοὶς
866 1826 975 1876 ἀρχὰς
999 1831 1154 1872 ὲγοντας,
1178 1829 1345 1864 ἐνταῦθα
1357 1832 1399 1865 35
1413 1830 1561 1870 habent,
1590 1828 1642 1864 ibi
1672 1830 1813 1874 quidem
1843 1832 2028 1865 assumant
2055 1829 2296 1874 apparitorem
2324 1827 2484 1873 magnifi-

266 1876 334 1917 μὲν
357 1873 657 1920 παραλαμβάνειν
684 1875 753 1909 τὸν
777 1872 1030 1920 ὑπουργοῦντα
1052 1876 1107 1918 τῷ
1129 1873 1344 1922 μεγαλοπρε-
1413 1874 1609 1910 centissimi
1621 1875 1795 1919 praetoris
1812 1874 1938 1920 plebis,
1961 1873 1999 1909 in
2015 1874 2197 1919 provincia
2219 1883 2303 1909 vero
2325 1873 2484 1909 locorum

267 1919 438 1963 πεστάτῳ
463 1923 644 1965 πραίτωρι
673 1921 750 1954 τῶν
774 1918 912 1975 δήμων,
943 1919 1036 1954 κατὰ
1063 1918 1186 1965 χώραν
1215 1918 1255 1954 δὲ
1276 1919 1345 1954 τὸν
1414 1919 1646 1964 defensorem,
1667 1923 1704 1955 et
1726 1929 1791 1966 per
1814 1929 1876 1956 eos
1899 1919 2055 1954 inferant
2069 1919 2121 1955 eis
2137 1918 2322 1957 verberum
2345 1918 2483 1964 experi-

266 1966 344 1999 τῶν
367 1964 497 2000 τόπων
520 1962 672 2006 ἔκδικον,
696 1967 757 1998 καὶ
780 1963 816 1999 δι
858 1961 981 1999 αὐτῶν
1006 1966 1198 2011 προςάγειν
1226 1961 1346 1999 αὐτοῖς

312 2070 338 2090 c.
353 2057 376 2090 Ι
392 2058 488 2090 habet
502 2055 681 2091 Nomocstm
692 2057 756 2089 XI
762 2057 850 2090 Vtit.
864 2057 897 2098 9,
911 2063 926 2089 2
945 2069 983 2089 ez·
996 2055 1042 2089 B.
1075 2055 1289 2088 Summarz'um
1306 2062 1352 2089 est
1367 2056 1400 2089 in
1420 2055 1572 2089 Proeliiri
1590 2056 1660 2089 cod.
1677 2054 1864 2088 Bodleiano
1877 2055 1943 2089 264
1959 2067 1995 2098 p.
2012 2056 2074 2089 176
2087 2067 2117 2088 n.
2129 2057 2147 2089 7
2162 2054 2284 2095 ΖαοΙι.;
2307 2067 2337 2088 υ.
2351 2055 2485 2090 24-26

268 2109 357 2136 notat
379 2102 558 2136 Prochiron
585 2103 638 2143 27,
652 2110 676 2136 1.
697 2119 744 2126 —
766 2102 819 2143 §1
847 2103 890 2134 in.
917 2108 1134 2144 aryumentum
1159 2107 1305 2144 repetunt
1322 2102 1487 2144 paratitlo
1507 2101 1685 2134 Athanasii
1704 2102 1726 2134 4
1751 2104 1815 2139 §10
1833 2101 1876 2133 in.

267 2191 321 2227 rei
344 2190 579 2227 subtilitatem
603 2190 744 2237 aliquid
766 2189 970 2226 addendum
994 2194 1102 2237 alque
1116 2189 1219 2236 salsa
1242 2189 1442 2226 testimonia
1462 2193 1638 2235 quantum
1651 2188 1734 2234 fieri
1786 2188 1875 2224 ossit
1897 2187 2137 2224 imminuenda
2152 2198 2239 2225 esse.
2276 2187 2371 2225 Nam
2394 2188 2486 2226 eius-

267 2235 365 2272 modi
395 2235 484 2282 quid
514 2247 610 2271 nunc
641 2247 785 2288 quoque
813 2235 879 2271 sub
913 2235 1114 2271 clarissimo
1137 2234 1336 2281 Bithyniae
1360 2235 1578 2281 provinciae
1603 2200 1782 2281 praesidii
1803 2234 1946 2279 factum
1975 2233 2173 2285 inuenimus
2203 2234 2242 2269 in
2274 2238 2485 2272 testamento

266 2281 372 2328 qravi
397 2281 537 2316 testium
559 2281 726 2327 falsitate
747 2281 905 2328 probata
926 2282 1053 2327 aperte
1073 2281 1317 2316 convictorum
1333 2291 1377 2315 ac
1394 2284 1584 2326 postremo
1601 2279 1864 2325 confessorum,
1889 2282 2116 2321 testatrwem,
2140 2289 2218 2314 cum
2239 2282 2486 2316 testamentum

243 2359 247 2364 Α
268 2326 386 2362 adbuc
410 2327 660 2371 conficeretur,
690 2330 871 2362 mortuam
894 2336 990 2368 esse,
1022 2325 1219 2362 nonnullos
1242 2329 1362 2361 autem
1388 2326 1529 2361 testium
1552 2325 1625 2360 iam
1648 2329 1813 2360 mortuae
1835 2334 1944 2359 manu
1968 2322 2152 2404 prehensa
2183 2323 2267 2361 inde
2297 2325 2336 2360 in
2359 2324 2487 2361 charta

266 2375 402 2408 rectam
424 2376 459 2407 et
484 2376 727 2407 transversam
752 2372 882 2407 lineam
905 2370 1055 2407 duxisse
1078 2377 1188 2416 atque
1211 2370 1390 2416 effecisse,
1413 2374 1455 2406 ut
1478 2370 1652 2415 defuncta
1674 2369 1816 2416 siquam
1841 2380 1972 2405 venera
1996 2368 2056 2404 ilis
2078 2369 2196 2404 crucis
2225 2370 2413 2417 scrtPsisse
2435 2370 2486 2407 vi-

268 2417 422 2453 deretur.
478 2416 556 2452 Nos
587 2417 701 2463 iqitur
730 2415 820 2452 haec
851 2427 869 2451 s
897 2421 1055 2452 ectantes
1084 2417 1159 2452 alia
1190 2416 1234 2452 de
1262 2415 1369 2451 modo
1402 2416 1542 2451 testium
1573 2415 1648 2450 alia
1678 2414 1723 2451 de
1752 2425 1878 2450 eorum
1907 2418 2006 2450 statu
2036 2413 2240 2466 definienda
2263 2415 2485 2462 putavimus.

268 2464 386 2508 Atque
409 2472 502 2542 {tibae
525 2473 549 2497 α
573 2461 750 2498 veteribus
775 2427 1043 2508 teqisiiztoribus
1067 2461 1112 2498 de
1123 2460 1369 2508 prohibitione
1393 2471 1517 2496 eorum
1540 2470 1632 2507 quos
1654 2470 1678 2495 a
1702 2459 1903 2495 testimonio
1923 2463 2106 2495 removent
2127 2459 2224 2495 ducta
2245 2464 2342 2503 sunt,
2365 2461 2488 2496 omnia

267 2513 351 2542 rata
374 2518 413 2542 re
465 2517 574 2542 imus:

403 2552 431 2587 Ι.
478 2551 659 2587 sancimus
689 2555 825 2595 autem,
856 2551 1055 2598 praecipue
1085 2552 1124 2586 in
1154 2551 1224 2587 Ιιαο
1245 2561 1380 2597 maqna
1412 2554 1448 2586 et
1476 2548 1581 2595 felici
1610 2549 1713 2591 urbe,
1745 2549 1806 2585 ubi
1828 2549 1988 2585 maxima
2018 2552 2124 2585 extat
2151 2549 2253 2592 (deus
2274 2549 2322 2586 sit
2344 2560 2488 2598 auspex

267 2597 453 2635 sermonis)
477 2597 671 2632 multorum
694 2597 855 2632 virorum
879 2596 1056 2632 bonorum
1080 2597 1197 2643 copia,
1221 2599 1261 2630 ut
1286 2600 1393 2632 testes
1415 2595 1487 2631 sint
1510 2593 1626 2629 bonae
1650 2594 1943 2635 existimationis,
1967 2599 2002 2630 et
2025 2594 2080 2631 vel
2096 2599 2253 2641 propter
2276 2594 2487 2642 diqnitatem

269 2642 324 2678 vel
346 2642 510 2677 militiam
534 2642 591 2677 vel
612 2641 757 2676 divitias
787 2642 843 2677 vel
872 2641 1110 2677 indubitatam
1143 2641 1261 2687 officii
1284 2641 1460 2676 rationem
1491 2639 1667 2675 eiusmodi
1695 2639 1876 2675 calumnia
1908 2639 2133 2685 superiores,
2164 2639 2220 2676 vel
2246 2640 2281 2676 si
2303 2641 2393 2677 tales
2414 2651 2488 2676 non

268 2688 352 2728 sint,
377 2691 473 2722 certe
488 2686 642 2721 aliorum
667 2687 866 2722 testimonio
892 2690 931 2721 ut
943 2687 1017 2731 fide
1036 2686 1075 2722 di
1100 2687 1138 2721 ni
1153 2686 1317 2733 probati,
1341 2697 1428 2721 neve
1443 2685 1506 2731 qui
1527 2684 1704 2719 sellularii
1727 2695 1796 2720 neu
1819 2684 1918 2719 humi
1931 2688 2097 2731 repentes
2119 2695 2189 2720 neu
2209 2684 2322 2732 plane
2344 2684 2488 2721 obscuri

269 2731 319 2766 ad
342 2731 580 2767 testimonium
604 2731 760 2773 veniant,
792 2731 857 2767 sed
879 2734 927 2773 ut,
960 2731 1055 2777 siqui
1081 2742 1134 2766 em
1166 2731 1210 2766 de
1240 2731 1286 2766 iis
1309 2729 1502 2772 dubitetur,
1532 2729 1647 2774 facile
1669 2729 1915 2765 demonstrari
1938 2730 2061 2776 possit
2090 2729 2199 2766 vitam
2228 2729 2370 2765 testium
2397 2729 2486 2766 inte-

270 2779 289 2812 1
334 2787 440 2823 yram
463 2780 497 2811 et
520 2775 745 2811 moderatam
768 2787 853 2811 esse.
947 2775 1085 2819 Quodsi
1108 2778 1172 2822 qui
1195 2776 1311 2822 iqnoti
1334 2780 1369 2811 et
1389 2774 1500 2822 plane
1523 2773 1666 2810 obscuri
1688 2774 1778 2817 sint,
1811 2778 1922 2820 atque
1944 2774 2089 2809 omnino
2121 2773 2210 2826 quid
2230 2774 2422 2811 videantur
2443 2774 2488 2811 de

272 2821 466 2857 testimonii
487 2821 638 2856 veritate
668 2832 900 2867 corrumpere
929 2821 1035 2863 velle,
1068 2821 1173 2856 liceat
1204 2822 1310 2855 etiam
1337 2819 1523 2855 tormentis
1554 2830 1617 2854 eos
1638 2819 1753 2855 subici
1758 2832 1773 2860 ;
1802 2824 1839 2855 et
1860 2818 2016 2861 iudices,
2046 2818 2221 2864 siquidem
2251 2819 2488 2866 maqistratus

269 2867 353 2908 sint,
379 2866 450 2912 ipsi
473 2865 541 2901 boc
562 2870 692 2911 ayant,
724 2866 781 2901 sin
804 2870 922 2901 autem
949 2866 1014 2900 alii
1031 2871 1181 2911 praeter
1200 2876 1262 2901 eos
1286 2865 1349 2911 qui
1373 2865 1609 2911 maqistratus
1631 2863 1781 2907 babent,
1815 2863 1872 2899 llic
1904 2863 2047 2909 quidem
2076 2864 2324 2910 apparitorem
2346 2866 2486 2911 maqni-

266 2911 489 2958 ficentissimi
510 2911 695 2957 praetoris
712 2910 848 2957 plebis,
881 2911 919 2945 in
945 2911 1140 2957 provincia
1173 2915 1291 2945 autem
1325 2910 1487 2945 locorum
1513 2909 1742 2954 defensorem
1765 2908 1960 2945 adhibeant
1990 2913 2024 2944 et
2048 2919 2122 2956 per
2144 2919 2206 2944 eos
2230 2911 2487 2946 tormentorum

1416 3000 1436 3034 3
1459 3001 1542 3032 tunc
1566 2998 1656 3033 RV*
1668 2999 1701 3032 T
1712 2998 1725 3042 ΙΙ
1739 2997 1903 3031 bithiniae
1928 2999 2006 3032 libri
2021 2998 2034 3042 ΙΙ
2050 3000 2070 3033 5
2094 2998 2270 3042 pessimum
2287 2999 2337 3033 R¹
2353 2999 2367 3045 ΙΙ
2383 3001 2405 3035 6
2428 3011 2487 3035 no·

1414 3044 1550 3077 uissima
1572 3043 1606 3076 R
1624 3043 1637 3086 ss
1662 3045 1683 3077 9
1706 3044 1828 3077 rectam
1853 3043 1958 3084 Beck]
1983 3044 2101 3077 factam
2127 3045 2204 3078 libri
2223 3044 2236 3088 ΙΙ
2260 3044 2397 3078 ductum
2420 3046 2453 3079 R

326 3005 347 3038 6
370 3000 425 3035 ἐλε
448 2978 619 3045 χθέντων
643 2977 841 3044 L—ss-‘l—h'u
865 3013 924 3034 om.
948 3012 968 3037 ς
986 2978 1080 3042 ἶΙΙἿΙΟ
1112 2999 1279 3034 εἵλκυσαν
1309 3013 1347 3033 ex

271 3062 353 3083 corr.
367 3049 399 3082 L
416 3048 421 3091 Ι
448 3049 485 3082 11
514 3047 769 3092 ἑγγεγραφέναι
783 3046 813 3078 L
832 3045 844 3087 ΙΙ
862 3047 903 3078 15
919 3043 1082 3079 παλαιοῖς
1096 3047 1125 3079 L
1143 3046 1155 3089 ΙΙ
1178 3047 1215 3080 16
1240 3044 1347 3089 ἐξείρ-

270 3094 430 3127 κουσίΙιΙ
454 3092 466 3135 ΙΙ
493 3093 532 3126 18
557 3088 596 3124 δὲ
619 3104 677 3124 om.
693 3091 727 3123 Β
743 3090 755 3133 ΙΙ
775 3092 816 3124 20
838 3088 994 3131 πολλῶν]
1019 3088 1142 3124 καλῶν
1155 3092 1349 3124 Haloander

271 3140 352 3173 male
369 3138 382 3178 ΙΙ
407 3139 447 3172 21
469 3133 712 3179 εὖπολήπτους
729 3136 778 3176 M,
792 3136 952 3169 Nomocstn
965 3149 1017 3178 pr.
1035 3135 1047 3174 ΙΙ
1067 3133 1121 3169 δεῖ
1136 3134 1314 3169 Nomoc.‘¹’'²
1336 3133 1349 3179 ΙΙ

272 3187 314 3219 22
338 3184 399 3226 τῆς
423 3195 481 3216 om.
495 3183 527 3215 L
542 3180 719 3216 Nemeam
749 3180 761 3223 ΙΙ
792 3178 851 3213 διὰ
875 3179 918 3213 τὸ
943 3200 987 3204 -
1010 3176 1346 3235 ἀναμφισβήτητον]

271 3241 330 3274 per
346 3248 388 3253 —
404 3238 537 3261 eausam
558 3239 577 3263 ς
592 3226 604 3270 ΙΙ
624 3228 666 3260 23
688 3228 874 3270 στρατείας
897 3223 920 3267 ἢ
944 3221 1045 3265 ἀξίας
1069 3226 1104 3258 Β
1122 3226 1134 3269 ΙΙ
1153 3228 1195 3259 24
1207 3238 1254 3269 sq.
1280 3221 1329 3270 ὑφ

271 3275 406 3320 ἑτέρων
428 3293 472 3297 -
493 3269 790 3316 μαρτυρούμενοι]
828 3281 865 3303 ex
889 3274 1031 3312 utroque
1054 3289 1098 3295 —
1122 3271 1346 3303 testimonium

271 3320 445 3363 perhibere
469 3330 488 3355 ς
503 3318 516 3356 ΙΙ
536 3319 577 3351 25
600 3318 705 3350 malim
729 3318 1033 3360 μαρτυρουμένους
1050 3315 1062 3358 ΙΙ
1081 3316 1122 3350 28
1148 3312 1346 3357 δύνασθαι]

273 3363 459 3398 δύνασθαι
474 3360 602 3397 ἄδειαν
618 3362 711 3404 ἔχειν
726 3362 759 3394 Β
776 3361 788 3404 ΙΙ
807 3362 848 3395 29
865 3359 933 3394 τὸν
950 3374 1007 3394 om.
1022 3361 1067 3394 M
1079 3359 1093 3404 ΙΙ
1110 3363 1150 3395 30
1164 3373 1203 3393 τε
1217 3373 1275 3394 om.
1291 3361 1326 3394 Β
1337 3366 1347 3397 l!

273 3413 315 3444 30
339 3413 399 3443 καὶ
424 3403 665 3450 πανταχόθεν
697 3403 856 3452 ἀφανεῖς]
887 3405 1035 3447 undique
1059 3417 1078 3442 ς
1104 3405 1117 3450 ΙΙ
1149 3407 1188 3440 31
1215 3408 1278 3438 καί
1298 3408 1346 3446 τι]

272 3458 334 3489 καί
354 3468 410 3488 τοι
434 3455 593 3488 Nemeam
611 3453 623 3496 ΙΙ
639 3448 731 3485 ὅλως
755 3465 812 3487 om.
828 3463 847 3488 ς
864 3451 877 3495 ΙΙ
893 3453 990 3494 31sq.
1010 3449 1078 3492 τὴν
1100 3452 1172 3490 (om.
1187 3452 1247 3491 La)
1272 3451 1348 3483 τῶν

273 3498 428 3542 ἀληθῶν
443 3501 643 3543 μαρτυρίαν
658 3498 688 3531 L
703 3499 715 3540 ΙΙ
735 3498 777 3531 34
789 3494 961 3550 ἄρζοντας
977 3497 1023 3529 L⁰
1040 3496 1053 3539 ΙΙ
1071 3496 1113 3530 36
1128 3496 1207 3538 μὲν]
1223 3494 1272 3539 μὴ
1287 3496 1328 3528 Μ
1336 3494 1348 3540 ΙΙ

274 3548 316 3579 38
337 3546 413 3578 τῶν
436 3557 494 3578 οηι.
516 3545 675 3578 Νοηιοσ.’”
684 3555 738 3586 pr.
768 3541 782 3587 ΙΙ
809 3543 936 3582 αυτοῖς]
962 3537 1089 3574 αὐτοὺς
1116 3541 1163 3573 La

1416 3091 1457 3123 10
1482 3088 1684 3122 uenerabilis
1709 3107 1745 3112 —
1777 3089 1819 3122 14
1841 3087 2067 3131 prohibitione
2089 3101 2151 3123 scr.
2166 3089 2216 3122 R²
2236 3091 2268 3123 in
2285 3103 2351 3124 ras.
2365 3092 2387 3125 4
2402 3103 2454 3124 υν.

1414 3134 1578 3167 uiden·-
1598 3133 1646 3167 V¹
1664 3133 1677 3175 11
1695 3134 1736 3167 12
1752 3132 1791 3165 de
1803 3132 1911 3173 modo]
1933 3133 1972 3166 de
1985 3133 2081 3167 domo
2099 3133 2190 3168 17²5„
2204 3147 2282 3176 rae„
2296 3134 2370 3179 R(²)
2393 3135 2488 3170 demo

1417 3179 1466 3212 T¹
1488 3178 1501 3221 ΙΙ
1530 3180 1569 3213 13
1593 3177 1855 3211 existimauimus
1874 3177 1946 3220 R(²)
1971 3178 1983 3221 ΙΙ
2006 3178 2182 3221 *definireJ
2208 3179 2355 3214 detinere
2380 3180 2458 3215 libri
2477 3182 2489 3223 ΙΙ

1414 3223 1462 3256 ita
1483 3222 1540 3268 Vl}
1561 3224 1600 3257 15
1626 3234 1738 3256 eorum
1760 3223 1815 3266 Vn
1832 3223 2074 3266 suspenderunt
2094 3224 2196 3266 RV⁸J
2220 3227 2419 3269 suspensunt
2439 3225 2487 3259 V¹

1414 3270 1628 3311 susceperunt
1643 3268 1675 3301 T
1688 3269 1700 3311 ΙΙ
1719 3269 1760 3302 16
1775 3268 1928 3300 omnibus
1950 3269 2004 3310 Vn
2027 3270 2066 3303 18
2088 3271 2131 3310 et]
2155 3270 2253 3302 etiam
2273 3269 2330 3314 ΤΙΙ
2345 3270 2488 3304 maxima

1415 3317 1448 3346 et
1471 3326 1529 3347 om.
1544 3313 1577 3346 R
1600 3315 1611 3355 ΙΙ
1643 3315 1684 3347 19
1709 3312 1778 3354 ubi]
1803 3315 1842 3346 ut
1863 3313 1897 3346 V
1913 3313 1925 3356 ΙΙ
1955 3315 1996 3347 20
2021 3325 2167 3348 sermone
2191 3316 2243 3348 Ra
2266 3315 2280 3359 ΙΙ
2306 3314 2487 3349 multorum

1415 3358 1642 3400 bonorumque
1659 3358 1752 3400 copia
1767 3358 1913 3391 virorum
1933 3360 2033 3401 vulo]
2059 3360 2222 3393 bonorum
2240 3359 2487 3403 multorumque

1416 3404 1509 3447 copia
1533 3403 1682 3436 uirorum
1707 3404 1934 3445 (uirorumque
1951 3404 2015 3446 Ra)
2039 3405 2108 3438 RT
2131 3404 2313 3439 multorum
2335 3405 2486 3439 uirorum

1415 3459 1499 3490 quae
1512 3450 1609 3490 (quae
1622 3450 1682 3482 del.
1694 3446 1757 3490 V»)
1770 3448 1865 3491 copia
1877 3449 2038 3482 bonorum
2054 3451 2088 3484 V
2099 3449 2112 3494 ss
2128 3451 2168 3485 21
2184 3451 2342 3492 carentes]
2356 3452 2487 3484 ennete·

1425 3494 1470 3526 17¹
1498 3493 1511 3538 ΙΙ
1543 3494 1740 3527 huiusmodo
1766 3493 1817 3527 Τι
1845 3493 1858 3537 ΙΙ
1887 3495 1929 3528 23
1953 3497 2033 3536 non]
2070 3505 2160 3528 nune
2188 3496 2220 3528 T
2243 3495 2257 3538 Ι
2290 3496 2333 3529 24
2363 3498 2470 3529 tamen

1414 3540 1457 3572 tuin
1472 3539 1503 3572 T
1525 3552 1563 3569 u
1586 3540 1633 3573 V¹
1651 3539 1664 3581 ΙΙ
1681 3541 1722 3574 25
1736 3549 1803 3572 non
1820 3552 1877 3572 om.
1898 3538 1955 3583 Vss
1971 3540 2012 3573 27
2026 3540 2072 3573 eis
2089 3540 2144 3584 Vn
2162 3541 2203 3575 28
2217 3541 2297 3582 vita]
2321 3540 2396 3573 iura
2412 3497 2487 3585 1Ἶῆ

1415 3586 1457 3618 30
1481 3583 1606 3626 aliqui·
1628 3585 1660 3618 T
1667 3586 1676 3605 ¹
1694 3585 1707 3629 ΙΙ
1724 3585 1762 3618 31
1790 3585 1980 3627 apparuerit
1993 3585 2105 3627 RVT,
2117 3598 2199 3619 corr.
2213 3587 2296 3628 vulq-
2315 3585 2328 3628 ΙΙ
2345 3587 2388 3620 32
2410 3595 2486 3619 eum

1422 3629 1479 3674 Vn
1495 3632 1528 3662 et
1553 3642 1610 3663 om.
1626 3630 1674 3663 Β·
1696 3631 1709 3674 ΙΙ
1735 3630 1779 3663 34
1803 3629 1874 3670 alii]
1899 3628 1997 3663 aliter
2019 3630 2052 3663 R
2076 3630 2089 3674 ΙΙ
2114 3631 2156 3665 35
2180 3629 2267 3675 *ibiJ
2288 3631 2351 3676 ipsi
2376 3631 2454 3667 libri
2471 3629 2485 3677 Ι

334 3683 348 3715 1
374 3678 573 3712 subtilitatis
596 3678 645 3712 V⁸
672 3678 685 3721 ΙΙ
714 3679 734 3711 2
758 3676 915 3721 possibile
939 3678 990 3710 est
1014 3674 1077 3717 ΤΞ,
1101 3677 1151 3709 est
1174 3687 1234 3708 om.
1260 3675 1293 3708 T
1301 3675 1312 3695 ¹
1335 3674 1348 3718 ΙΙ
1412 3676 1565 3709 asumant
1587 3675 1707 3719 RV¹11
1726 3676 1767 3710 37
1792 3674 1999 3708 defensorum
2024 3674 2148 3709 RVT¹
