<?xml version="1.0" encoding="UTF-8"?>
<!DOCTYPE html PUBLIC "-//W3C//DTD XHTML 1.0 Transitional//EN"
    "http://www.w3.org/TR/xhtml1/DTD/xhtml1-transitional.dtd">
<html xmlns="http://www.w3.org/1999/xhtml" xml:lang="en" lang="en">
 <head>
  <title>
</title>
<meta http-equiv="Content-Type" content="text/html;charset=utf-8" />
  <meta name='ocr-system' content='tesseract 3.04.00' />
  <meta name='ocr-capabilities' content='ocr_page ocr_carea ocr_par ocr_line ocrx_word'/>
</head>
<body>
  <div class='ocr_page' id='page_1' title='image "./corpusjuriscivil00krueuoft_0710.png"; bbox 0 0 2476 3854; ppageno 0'>
   <div class='ocr_carea' id='block_1_1' title="bbox 130 111 2352 167">
    <p class='ocr_par' dir='ltr' id='par_1_1' title="bbox 130 111 2352 167">
     <span class='ocr_line' id='line_1_1' title="bbox 130 111 2352 167; baseline 0.004 -10"><span class='ocrx_word' id='word_1_1' title='bbox 130 112 238 157; x_wconf 86' lang='lat' dir='ltr'><strong>Nov.</strong></span> <span class='ocrx_word' id='word_1_2' title='bbox 260 113 481 159; x_wconf 81' lang='lat' dir='ltr'>CXXXIV</span> <span class='ocrx_word' id='word_1_3' title='bbox 509 118 535 159; x_wconf 88' lang='grc'>9</span> <span class='ocrx_word' id='word_1_4' title='bbox 1201 111 1285 162; x_wconf 82' lang='lat'><strong>684</strong></span> <span class='ocrx_word' id='word_1_5' title='bbox 1720 129 1781 164; x_wconf 75' lang='lat' dir='ltr'><strong>tn·</strong></span> <span class='ocrx_word' id='word_1_6' title='bbox 1809 131 1945 164; x_wconf 75' lang='lat' dir='ltr'><strong>mmm</strong></span> <span class='ocrx_word' id='word_1_7' title='bbox 1972 132 2163 165; x_wconf 75' lang='lat' dir='ltr'><strong>mmmm</strong></span> <span class='ocrx_word' id='word_1_8' title='bbox 2190 133 2352 167; x_wconf 70' lang='lat' dir='ltr'><strong>mcmw</strong></span> 
     </span>
    </p>
   </div>
   <div class='ocr_carea' id='block_1_2' title="bbox 126 219 2356 1628">
    <p class='ocr_par' dir='ltr' id='par_1_2' title="bbox 128 219 2355 772">
     <span class='ocr_line' id='line_1_2' title="bbox 130 219 2352 277; baseline 0.005 -18"><span class='ocrx_word' id='word_1_9' title='bbox 130 219 235 270; x_wconf 78' lang='grc' dir='ltr'><strong><em>ἀνδρὶ</em></strong></span> <span class='ocrx_word' id='word_1_10' title='bbox 266 226 492 272; x_wconf 71' lang='grc' dir='ltr'><em>γαμηθεῖσα,</em></span> <span class='ocrx_word' id='word_1_11' title='bbox 529 226 662 267; x_wconf 74' lang='grc' dir='ltr'><strong><em>ἐξέστω</em></strong></span> <span class='ocrx_word' id='word_1_12' title='bbox 694 223 827 270; x_wconf 69' lang='grc' dir='ltr'><strong><em>ὁμοίως</em></strong></span> <span class='ocrx_word' id='word_1_13' title='bbox 856 226 902 270; x_wconf 82' lang='grc' dir='ltr'><strong><em>τῆ</em></strong></span> <span class='ocrx_word' id='word_1_14' title='bbox 929 230 1071 274; x_wconf 73' lang='grc' dir='ltr'><strong><em>γυναικὶ</em></strong></span> <span class='ocrx_word' id='word_1_15' title='bbox 1101 222 1124 270; x_wconf 83' lang='grc' dir='ltr'><em>ἢ</em></span> <span class='ocrx_word' id='word_1_16' title='bbox 1156 223 1208 262; x_wconf 80' lang='grc' dir='ltr'><strong>δι’</strong></span> <span class='ocrx_word' id='word_1_17' title='bbox 1280 227 1488 272; x_wconf 79' lang='lat' dir='ltr'><strong>coniuncta,</strong></span> <span class='ocrx_word' id='word_1_18' title='bbox 1523 227 1628 264; x_wconf 80' lang='lat' dir='ltr'><strong>liceat</strong></span> <span class='ocrx_word' id='word_1_19' title='bbox 1660 228 1819 266; x_wconf 77' lang='lat' dir='ltr'><strong>similiter</strong></span> <span class='ocrx_word' id='word_1_20' title='bbox 1852 229 1990 266; x_wconf 86' lang='lat' dir='ltr'><strong>mulieri</strong></span> <span class='ocrx_word' id='word_1_21' title='bbox 2024 233 2087 267; x_wconf 80' lang='lat' dir='ltr'><strong>aut</strong></span> <span class='ocrx_word' id='word_1_22' title='bbox 2119 239 2184 277; x_wconf 85' lang='lat' dir='ltr'><strong>per</strong></span> <span class='ocrx_word' id='word_1_23' title='bbox 2213 241 2254 267; x_wconf 81' lang='lat' dir='ltr'><strong>se</strong></span> <span class='ocrx_word' id='word_1_24' title='bbox 2286 235 2352 269; x_wconf 76' lang='lat' dir='ltr'><strong>aut</strong></span> 
     </span>
     <span class='ocr_line' id='line_1_3' title="bbox 129 261 2349 321; baseline 0.005 -18"><span class='ocrx_word' id='word_1_25' title='bbox 129 270 255 314; x_wconf 70' lang='grc' dir='ltr'><strong><em>ἑαυτῆς</em></strong></span> <span class='ocrx_word' id='word_1_26' title='bbox 284 269 307 314; x_wconf 86' lang='grc' dir='ltr'><em>ἢ</em></span> <span class='ocrx_word' id='word_1_27' title='bbox 331 268 381 306; x_wconf 78' lang='grc' dir='ltr'><strong>δι’</strong></span> <span class='ocrx_word' id='word_1_28' title='bbox 407 263 460 305; x_wconf 77' lang='grc' dir='ltr'><strong>ὦν</strong></span> <span class='ocrx_word' id='word_1_29' title='bbox 492 267 538 305; x_wconf 80' lang='grc' dir='ltr'><strong>ἂν</strong></span> <span class='ocrx_word' id='word_1_30' title='bbox 562 270 759 316; x_wconf 70' lang='grc' dir='ltr'><strong><em>βουληθείη</em></strong></span> <span class='ocrx_word' id='word_1_31' title='bbox 783 270 829 305; x_wconf 82' lang='grc' dir='ltr'><strong><em>τὰ</em></strong></span> <span class='ocrx_word' id='word_1_32' title='bbox 854 261 965 306; x_wconf 71' lang='grc' dir='ltr'><strong><em>οἰκεῖα</em></strong></span> <span class='ocrx_word' id='word_1_33' title='bbox 989 273 1206 316; x_wconf 74' lang='grc' dir='ltr'><strong><em>προτιθέναι</em></strong></span> <span class='ocrx_word' id='word_1_34' title='bbox 1299 283 1337 308; x_wconf 85' lang='lat' dir='ltr'><strong>er</strong></span> <span class='ocrx_word' id='word_1_35' title='bbox 1360 283 1449 318; x_wconf 80' lang='lat' dir='ltr'><strong>quos</strong></span> <span class='ocrx_word' id='word_1_36' title='bbox 1480 273 1631 318; x_wconf 82' lang='lat' dir='ltr'><strong>voluerit</strong></span> <span class='ocrx_word' id='word_1_37' title='bbox 1651 275 1795 320; x_wconf 80' lang='lat' dir='ltr'><strong>propria</strong></span> <span class='ocrx_word' id='word_1_38' title='bbox 1824 275 1903 311; x_wconf 80' lang='lat' dir='ltr'><strong>iura</strong></span> <span class='ocrx_word' id='word_1_39' title='bbox 1930 285 2130 321; x_wconf 78' lang='lat' dir='ltr'><strong>proponere</strong></span> <span class='ocrx_word' id='word_1_40' title='bbox 2153 277 2349 313; x_wconf 83' lang='lat' dir='ltr'><strong>secundum</strong></span> 
     </span>
     <span class='ocr_line' id='line_1_4' title="bbox 130 313 2354 367; baseline 0.004 -18"><span class='ocrx_word' id='word_1_41' title='bbox 130 313 251 349; x_wconf 83' lang='grc' dir='ltr'><strong><em>δίκαια</em></strong></span> <span class='ocrx_word' id='word_1_42' title='bbox 280 316 373 350; x_wconf 77' lang='grc' dir='ltr'><strong><em>κατὰ</em></strong></span> <span class='ocrx_word' id='word_1_43' title='bbox 404 316 471 350; x_wconf 87' lang='grc' dir='ltr'><strong>τὸν</strong></span> <span class='ocrx_word' id='word_1_44' title='bbox 500 314 638 360; x_wconf 61' lang='grc' dir='ltr'><strong><em>νόμον.»</em></strong></span> <span class='ocrx_word' id='word_1_45' title='bbox 680 316 749 350; x_wconf 83' lang='grc' dir='ltr'><strong>τὸν</strong></span> <span class='ocrx_word' id='word_1_46' title='bbox 780 313 819 350; x_wconf 74' lang='grc' dir='ltr'><strong>δὲ</strong></span> <span class='ocrx_word' id='word_1_47' title='bbox 851 316 950 362; x_wconf 83' lang='grc' dir='ltr'><strong><em>παρὰ</em></strong></span> <span class='ocrx_word' id='word_1_48' title='bbox 983 318 1099 351; x_wconf 85' lang='grc' dir='ltr'><strong><em>ταῦτα</em></strong></span> <span class='ocrx_word' id='word_1_49' title='bbox 1129 316 1208 352; x_wconf 84' lang='grc' dir='ltr'><strong><em>τολ-</em></strong></span> <span class='ocrx_word' id='word_1_50' title='bbox 1292 328 1398 363; x_wconf 87' lang='lat' dir='ltr'><strong>egem.</strong></span> <span class='ocrx_word' id='word_1_51' title='bbox 1445 317 1539 354; x_wconf 89' lang='lat' dir='ltr'><strong>Eum</strong></span> <span class='ocrx_word' id='word_1_52' title='bbox 1569 329 1652 355; x_wconf 88' lang='lat' dir='ltr'><strong>vero</strong></span> <span class='ocrx_word' id='word_1_53' title='bbox 1686 321 1747 365; x_wconf 89' lang='lat' dir='ltr'><strong>qui</strong></span> <span class='ocrx_word' id='word_1_54' title='bbox 1781 324 1924 365; x_wconf 78' lang='lat' dir='ltr'><strong>praeter</strong></span> <span class='ocrx_word' id='word_1_55' title='bbox 1957 321 2047 357; x_wconf 78' lang='lat' dir='ltr'><strong>haec</strong></span> <span class='ocrx_word' id='word_1_56' title='bbox 2101 322 2354 367; x_wconf 77' lang='lat' dir='ltr'><strong>raesumpserit</strong></span> 
     </span>
     <span class='ocr_line' id='line_1_5' title="bbox 129 331 2352 418; baseline 0.004 -24"><span class='ocrx_word' id='word_1_57' title='bbox 129 361 257 404; x_wconf 83' lang='grc' dir='ltr'><strong><em>μῶντα</em></strong></span> <span class='ocrx_word' id='word_1_58' title='bbox 281 361 421 407; x_wconf 81' lang='grc' dir='ltr'><strong><em>πρᾶξαί</em></strong></span> <span class='ocrx_word' id='word_1_59' title='bbox 432 374 468 395; x_wconf 87' lang='grc' dir='ltr'><strong>τι</strong></span> <span class='ocrx_word' id='word_1_60' title='bbox 483 362 561 395; x_wconf 84' lang='grc' dir='ltr'><strong>τῶν</strong></span> <span class='ocrx_word' id='word_1_61' title='bbox 577 363 848 407; x_wconf 76' lang='grc' dir='ltr'><strong><em>προειρημένων</em></strong></span> <span class='ocrx_word' id='word_1_62' title='bbox 871 358 1068 406; x_wconf 73' lang='grc' dir='ltr'><strong><em>κελεύομεν,</em></strong></span> <span class='ocrx_word' id='word_1_63' title='bbox 1091 363 1123 396; x_wconf 76' lang='grc' dir='ltr'><strong>εἰ</strong></span> <span class='ocrx_word' id='word_1_64' title='bbox 1143 364 1211 407; x_wconf 73' lang='grc' dir='ltr'><strong>μὲν</strong></span> <span class='ocrx_word' id='word_1_65' title='bbox 1278 373 1382 407; x_wconf 83' lang='lat' dir='ltr'><strong>agere</strong></span> <span class='ocrx_word' id='word_1_66' title='bbox 1405 362 1537 417; x_wconf 71' lang='lat' dir='ltr'><strong>aliquid</strong></span> <span class='ocrx_word' id='word_1_67' title='bbox 1565 364 1829 418; x_wconf 73' lang='lat' dir='ltr'><strong>praedictorum</strong></span> <span class='ocrx_word' id='word_1_68' title='bbox 1850 365 2029 409; x_wconf 80' lang='lat' dir='ltr'><strong>iubemus,</strong></span> <span class='ocrx_word' id='word_1_69' title='bbox 2061 331 2099 402; x_wconf 50' lang='lat' dir='ltr'><strong>s?</strong></span> <span class='ocrx_word' id='word_1_70' title='bbox 2115 366 2256 412; x_wconf 87' lang='lat' dir='ltr'><strong>quidem</strong></span> <span class='ocrx_word' id='word_1_71' title='bbox 2277 376 2352 402; x_wconf 72' lang='lat' dir='ltr'><strong>ma-</strong></span> 
     </span>
     <span class='ocr_line' id='line_1_6' title="bbox 128 403 2353 454; baseline 0.004 -15"><span class='ocrx_word' id='word_1_72' title='bbox 128 407 265 450; x_wconf 82' lang='grc' dir='ltr'><strong><em>μείζων</em></strong></span> <span class='ocrx_word' id='word_1_73' title='bbox 289 404 411 451; x_wconf 76' lang='grc' dir='ltr'><strong><em>ἅρχων</em></strong></span> <span class='ocrx_word' id='word_1_74' title='bbox 441 406 506 448; x_wconf 83' lang='grc' dir='ltr'><strong><em>εἴη,</em></strong></span> <span class='ocrx_word' id='word_1_75' title='bbox 537 405 568 440; x_wconf 83' lang='grc' dir='ltr'><strong>κ’</strong></span> <span class='ocrx_word' id='word_1_76' title='bbox 593 410 735 452; x_wconf 84' lang='grc' dir='ltr'><strong><em>χρυσίου</em></strong></span> <span class='ocrx_word' id='word_1_77' title='bbox 765 405 912 452; x_wconf 79' lang='grc' dir='ltr'><strong><em>λιτρῶν,</em></strong></span> <span class='ocrx_word' id='word_1_78' title='bbox 943 407 974 441; x_wconf 81' lang='grc' dir='ltr'><strong>εἰ</strong></span> <span class='ocrx_word' id='word_1_79' title='bbox 1004 404 1045 441; x_wconf 75' lang='grc' dir='ltr'><strong>δὲ</strong></span> <span class='ocrx_word' id='word_1_80' title='bbox 1073 403 1207 452; x_wconf 81' lang='grc' dir='ltr'><strong><em>ἥττων,</em></strong></span> <span class='ocrx_word' id='word_1_81' title='bbox 1245 411 1263 443; x_wconf 89' lang='grc'>5</span> <span class='ocrx_word' id='word_1_82' title='bbox 1278 409 1370 443; x_wconf 84' lang='lat' dir='ltr'><strong>iores</strong></span> <span class='ocrx_word' id='word_1_83' title='bbox 1393 407 1528 444; x_wconf 78' lang='lat' dir='ltr'><strong>iudlces</strong></span> <span class='ocrx_word' id='word_1_84' title='bbox 1551 411 1636 451; x_wconf 78' lang='lat' dir='ltr'><strong>sint,</strong></span> <span class='ocrx_word' id='word_1_85' title='bbox 1659 409 1728 445; x_wconf 91' lang='lat' dir='ltr'><strong>XX</strong></span> <span class='ocrx_word' id='word_1_86' title='bbox 1750 410 1830 446; x_wconf 80' lang='lat' dir='ltr'><strong>auri</strong></span> <span class='ocrx_word' id='word_1_87' title='bbox 1852 410 2032 454; x_wconf 75' lang='lat' dir='ltr'><strong>librarum,</strong></span> <span class='ocrx_word' id='word_1_88' title='bbox 2056 411 2088 447; x_wconf 84' lang='lat' dir='ltr'><strong>si</strong></span> <span class='ocrx_word' id='word_1_89' title='bbox 2103 421 2184 448; x_wconf 87' lang='lat' dir='ltr'><strong>vero</strong></span> <span class='ocrx_word' id='word_1_90' title='bbox 2200 412 2353 448; x_wconf 86' lang='lat' dir='ltr'><strong>minores</strong></span> 
     </span>
     <span class='ocr_line' id='line_1_7' title="bbox 130 449 2353 501; baseline 0.005 -18"><span class='ocrx_word' id='word_1_91' title='bbox 130 449 152 483; x_wconf 87' lang='grc' dir='ltr'><strong><em>ι’</em></strong></span> <span class='ocrx_word' id='word_1_92' title='bbox 177 454 321 495; x_wconf 82' lang='grc' dir='ltr'><em>χρυσίου</em></span> <span class='ocrx_word' id='word_1_93' title='bbox 346 450 479 496; x_wconf 78' lang='grc' dir='ltr'><strong><em>λιτρῶν</em></strong></span> <span class='ocrx_word' id='word_1_94' title='bbox 503 452 610 498; x_wconf 82' lang='grc' dir='ltr'><strong><em>ποινῇ</em></strong></span> <span class='ocrx_word' id='word_1_95' title='bbox 645 449 882 495; x_wconf 74' lang='grc' dir='ltr'><strong><em>ὑποκεῖσθαι,</em></strong></span> <span class='ocrx_word' id='word_1_96' title='bbox 912 452 995 486; x_wconf 68' lang='grc' dir='ltr'><strong><em>τοὺς</em></strong></span> <span class='ocrx_word' id='word_1_97' title='bbox 1018 450 1058 486; x_wconf 71' lang='grc' dir='ltr'><strong>δὲ</strong></span> <span class='ocrx_word' id='word_1_98' title='bbox 1081 449 1210 499; x_wconf 83' lang='grc' dir='ltr'><strong><em>ὑπουρ-</em></strong></span> <span class='ocrx_word' id='word_1_99' title='bbox 1278 457 1371 495; x_wconf 80' lang='lat' dir='ltr'><strong>sunt,</strong></span> <span class='ocrx_word' id='word_1_100' title='bbox 1395 453 1429 488; x_wconf 94' lang='lat' dir='ltr'>X</span> <span class='ocrx_word' id='word_1_101' title='bbox 1452 453 1532 489; x_wconf 84' lang='lat' dir='ltr'><strong>auri</strong></span> <span class='ocrx_word' id='word_1_102' title='bbox 1554 453 1723 490; x_wconf 81' lang='lat' dir='ltr'><strong>librarum</strong></span> <span class='ocrx_word' id='word_1_103' title='bbox 1745 465 1883 501; x_wconf 78' lang='lat' dir='ltr'><strong>poenae</strong></span> <span class='ocrx_word' id='word_1_104' title='bbox 1906 456 2100 500; x_wconf 79' lang='lat' dir='ltr'><strong>subiacere,</strong></span> <span class='ocrx_word' id='word_1_105' title='bbox 2125 457 2353 494; x_wconf 79' lang='lat' dir='ltr'><strong>oboedientes</strong></span> 
     </span>
     <span class='ocr_line' id='line_1_8' title="bbox 129 492 2353 547; baseline 0.004 -19"><span class='ocrx_word' id='word_1_106' title='bbox 129 496 281 542; x_wconf 73' lang='grc' dir='ltr'><strong><em>γοῦντας</em></strong></span> <span class='ocrx_word' id='word_1_107' title='bbox 312 492 431 529; x_wconf 74' lang='grc' dir='ltr'><strong><em>αὐτοῖς</em></strong></span> <span class='ocrx_word' id='word_1_108' title='bbox 462 497 522 530; x_wconf 78' lang='grc' dir='ltr'><strong><em>ἐπὶ</em></strong></span> <span class='ocrx_word' id='word_1_109' title='bbox 552 501 625 530; x_wconf 83' lang='grc' dir='ltr'><strong><em>τοῖς</em></strong></span> <span class='ocrx_word' id='word_1_110' title='bbox 655 499 922 542; x_wconf 78' lang='grc' dir='ltr'><strong><em>προειρημένοις</em></strong></span> <span class='ocrx_word' id='word_1_111' title='bbox 947 501 1211 543; x_wconf 43' lang='grc' dir='ltr'><strong><em>’γυμνουμένους</em></strong></span> <span class='ocrx_word' id='word_1_112' title='bbox 1279 501 1399 533; x_wconf 79' lang='lat' dir='ltr'><strong>autem</strong></span> <span class='ocrx_word' id='word_1_113' title='bbox 1422 498 1473 534; x_wconf 84' lang='lat' dir='ltr'><strong>eis</strong></span> <span class='ocrx_word' id='word_1_114' title='bbox 1496 498 1533 534; x_wconf 91' lang='lat' dir='ltr'><strong>in</strong></span> <span class='ocrx_word' id='word_1_115' title='bbox 1556 500 1747 544; x_wconf 78' lang='lat' dir='ltr'><strong>praedictis</strong></span> <span class='ocrx_word' id='word_1_116' title='bbox 1769 500 1889 537; x_wconf 80' lang='lat' dir='ltr'><strong>causis</strong></span> <span class='ocrx_word' id='word_1_117' title='bbox 1906 501 2077 546; x_wconf 76' lang='lat' dir='ltr'><strong>spoliatos</strong></span> <span class='ocrx_word' id='word_1_118' title='bbox 2101 501 2242 546; x_wconf 85' lang='lat' dir='ltr'><strong>cingulo</strong></span> <span class='ocrx_word' id='word_1_119' title='bbox 2266 511 2353 547; x_wconf 85' lang='lat' dir='ltr'><strong>poe·</strong></span> 
     </span>
     <span class='ocr_line' id='line_1_9' title="bbox 129 539 2354 589; baseline 0.004 -16"><span class='ocrx_word' id='word_1_120' title='bbox 129 541 192 582; x_wconf 81' lang='grc' dir='ltr'><strong><em>τῆς</em></strong></span> <span class='ocrx_word' id='word_1_121' title='bbox 227 540 340 583; x_wconf 80' lang='grc' dir='ltr'><strong><em>ζώνης</em></strong></span> <span class='ocrx_word' id='word_1_122' title='bbox 375 539 549 584; x_wconf 82' lang='grc' dir='ltr'><strong><em>βασάνοις</em></strong></span> <span class='ocrx_word' id='word_1_123' title='bbox 581 539 859 585; x_wconf 75' lang='grc' dir='ltr'><strong><em>ὑποβάλλει-σθαι</em></strong></span> <span class='ocrx_word' id='word_1_124' title='bbox 892 545 952 576; x_wconf 79' lang='grc' dir='ltr'><strong>καὶ</strong></span> <span class='ocrx_word' id='word_1_125' title='bbox 987 543 1034 577; x_wconf 75' lang='grc' dir='ltr'><strong>εἰς</strong></span> <span class='ocrx_word' id='word_1_126' title='bbox 1066 543 1210 589; x_wconf 76' lang='grc' dir='ltr'><strong><em>έξορίαν</em></strong></span> <span class='ocrx_word' id='word_1_127' title='bbox 1279 544 1333 578; x_wconf 86' lang='lat' dir='ltr'><strong>nis</strong></span> <span class='ocrx_word' id='word_1_128' title='bbox 1363 543 1479 579; x_wconf 86' lang='lat' dir='ltr'><strong>subici</strong></span> <span class='ocrx_word' id='word_1_129' title='bbox 1511 547 1548 579; x_wconf 84' lang='lat' dir='ltr'><strong>et</strong></span> <span class='ocrx_word' id='word_1_130' title='bbox 1575 544 1614 580; x_wconf 87' lang='lat' dir='ltr'><strong>in</strong></span> <span class='ocrx_word' id='word_1_131' title='bbox 1643 545 1787 581; x_wconf 82' lang='lat' dir='ltr'><strong>exilium</strong></span> <span class='ocrx_word' id='word_1_132' title='bbox 1815 546 1996 582; x_wconf 78' lang='lat' dir='ltr'><strong>destinari.</strong></span> <span class='ocrx_word' id='word_1_133' title='bbox 2044 546 2082 582; x_wconf 87' lang='lat' dir='ltr'><strong>Si</strong></span> <span class='ocrx_word' id='word_1_134' title='bbox 2114 556 2197 583; x_wconf 85' lang='lat' dir='ltr'><strong>vero</strong></span> <span class='ocrx_word' id='word_1_135' title='bbox 2227 547 2354 583; x_wconf 82' lang='lat' dir='ltr'><strong>mulier</strong></span> 
     </span>
     <span class='ocr_line' id='line_1_10' title="bbox 130 582 2353 633; baseline 0.004 -15"><span class='ocrx_word' id='word_1_136' title='bbox 130 585 353 629; x_wconf 73' lang='grc' dir='ltr'><strong><em>πέμπεσθαι.</em></strong></span> <span class='ocrx_word' id='word_1_137' title='bbox 401 587 432 619; x_wconf 87' lang='grc' dir='ltr'><strong>εἰ</strong></span> <span class='ocrx_word' id='word_1_138' title='bbox 463 583 503 619; x_wconf 79' lang='grc' dir='ltr'><strong>δὲ</strong></span> <span class='ocrx_word' id='word_1_139' title='bbox 532 582 554 628; x_wconf 80' lang='grc' dir='ltr'><em>ἦ</em></span> <span class='ocrx_word' id='word_1_140' title='bbox 584 589 674 632; x_wconf 80' lang='grc' dir='ltr'><strong><em>γυνὴ</em></strong></span> <span class='ocrx_word' id='word_1_141' title='bbox 705 586 796 631; x_wconf 83' lang='grc' dir='ltr'><strong><em>μετὰ</em></strong></span> <span class='ocrx_word' id='word_1_142' title='bbox 821 586 979 632; x_wconf 83' lang='grc' dir='ltr'><strong><em>νόμιμον</em></strong></span> <span class='ocrx_word' id='word_1_143' title='bbox 1002 586 1210 633; x_wconf 78' lang='grc' dir='ltr'><strong><em>ὑπόμνησιν</em></strong></span> <span class='ocrx_word' id='word_1_144' title='bbox 1278 590 1360 632; x_wconf 85' lang='lat' dir='ltr'><strong>post</strong></span> <span class='ocrx_word' id='word_1_145' title='bbox 1383 588 1573 633; x_wconf 76' lang='lat' dir='ltr'><strong>legItimam</strong></span> <span class='ocrx_word' id='word_1_146' title='bbox 1602 589 1876 626; x_wconf 70' lang='lat' dir='ltr'><strong>admonitionem</strong></span> <span class='ocrx_word' id='word_1_147' title='bbox 1904 591 2059 627; x_wconf 81' lang='lat' dir='ltr'><strong>noluerit</strong></span> <span class='ocrx_word' id='word_1_148' title='bbox 2080 591 2266 628; x_wconf 76' lang='lat' dir='ltr'><strong>instituere</strong></span> <span class='ocrx_word' id='word_1_149' title='bbox 2288 592 2353 628; x_wconf 68' lang='lat' dir='ltr'><strong>ali-</strong></span> 
     </span>
     <span class='ocr_line' id='line_1_11' title="bbox 128 628 2355 689; baseline 0.005 -27"><span class='ocrx_word' id='word_1_150' title='bbox 128 630 177 673; x_wconf 78' lang='grc' dir='ltr'><strong>μη</strong></span> <span class='ocrx_word' id='word_1_151' title='bbox 213 629 410 674; x_wconf 73' lang='grc' dir='ltr'><strong><em>βουληθείη</em></strong></span> <span class='ocrx_word' id='word_1_152' title='bbox 443 628 724 676; x_wconf 85' lang='grc' dir='ltr'><strong><em>προβάλλεσθαί</em></strong></span> <span class='ocrx_word' id='word_1_153' title='bbox 755 645 839 666; x_wconf 85' lang='grc' dir='ltr'><strong><em>τινα</em></strong></span> <span class='ocrx_word' id='word_1_154' title='bbox 873 633 940 667; x_wconf 89' lang='grc' dir='ltr'><strong>τὸν</strong></span> <span class='ocrx_word' id='word_1_155' title='bbox 974 630 1065 679; x_wconf 77' lang='grc' dir='ltr'><strong><em>ὑπὲρ</em></strong></span> <span class='ocrx_word' id='word_1_156' title='bbox 1102 631 1210 689; x_wconf 62' lang='grc' dir='ltr'><strong><em>αὐτῆς</em></strong></span> <span class='ocrx_word' id='word_1_157' title='bbox 1226 637 1264 670; x_wconf 91' lang='grc'><strong>10</strong></span> <span class='ocrx_word' id='word_1_158' title='bbox 1279 643 1400 677; x_wconf 89' lang='lat' dir='ltr'><strong>quem,</strong></span> <span class='ocrx_word' id='word_1_159' title='bbox 1433 635 1493 679; x_wconf 90' lang='lat' dir='ltr'><strong>qui</strong></span> <span class='ocrx_word' id='word_1_160' title='bbox 1521 644 1586 679; x_wconf 86' lang='lat' dir='ltr'><strong>pro</strong></span> <span class='ocrx_word' id='word_1_161' title='bbox 1616 644 1659 671; x_wconf 81' lang='lat' dir='ltr'><strong>ea</strong></span> <span class='ocrx_word' id='word_1_162' title='bbox 1685 636 1916 681; x_wconf 82' lang='lat' dir='ltr'><strong>respondeat,</strong></span> <span class='ocrx_word' id='word_1_163' title='bbox 1948 638 2012 672; x_wconf 78' lang='lat' dir='ltr'><strong>aut</strong></span> <span class='ocrx_word' id='word_1_164' title='bbox 2040 637 2179 682; x_wconf 76' lang='lat' dir='ltr'><strong>litigans</strong></span> <span class='ocrx_word' id='word_1_165' title='bbox 2210 637 2355 673; x_wconf 72' lang='lat' dir='ltr'><strong>addicta</strong></span> 
     </span>
     <span class='ocr_line' id='line_1_12' title="bbox 129 674 2354 728; baseline 0.004 -20"><span class='ocrx_word' id='word_1_166' title='bbox 129 674 301 720; x_wconf 77' lang='grc' dir='ltr'><strong><em>ἇποκρινό</em></strong></span> <span class='ocrx_word' id='word_1_167' title='bbox 331 688 424 718; x_wconf 82' lang='grc' dir='ltr'><strong><em>ενον,</em></strong></span> <span class='ocrx_word' id='word_1_168' title='bbox 449 674 472 718; x_wconf 80' lang='grc' dir='ltr'><em>ἢ</em></span> <span class='ocrx_word' id='word_1_169' title='bbox 488 679 547 709; x_wconf 84' lang='grc' dir='ltr'><strong>καὶ</strong></span> <span class='ocrx_word' id='word_1_170' title='bbox 564 675 782 721; x_wconf 78' lang='grc' dir='ltr'><strong><em>δικασαμένη</em></strong></span> <span class='ocrx_word' id='word_1_171' title='bbox 806 678 1022 724; x_wconf 75' lang='grc' dir='ltr'><strong><em>κατακριθῇ,</em></strong></span> <span class='ocrx_word' id='word_1_172' title='bbox 1046 676 1136 722; x_wconf 81' lang='grc' dir='ltr'><strong><em>μηδὲ</em></strong></span> <span class='ocrx_word' id='word_1_173' title='bbox 1152 675 1209 712; x_wconf 86' lang='grc' dir='ltr'><strong><em>ου’-</em></strong></span> <span class='ocrx_word' id='word_1_174' title='bbox 1279 679 1342 721; x_wconf 77' lang='lat' dir='ltr'><strong>eit,</strong></span> <span class='ocrx_word' id='word_1_175' title='bbox 1374 688 1440 714; x_wconf 85' lang='lat' dir='ltr'><strong>nec</strong></span> <span class='ocrx_word' id='word_1_176' title='bbox 1464 678 1516 714; x_wconf 76' lang='lat' dir='ltr'><strong>sic</strong></span> <span class='ocrx_word' id='word_1_177' title='bbox 1539 679 1672 716; x_wconf 82' lang='lat' dir='ltr'><strong>includi</strong></span> <span class='ocrx_word' id='word_1_178' title='bbox 1691 685 1761 716; x_wconf 64' lang='lat' dir='ltr'><strong>aut</strong></span> <span class='ocrx_word' id='word_1_179' title='bbox 1789 681 1961 717; x_wconf 72' lang='lat' dir='ltr'><strong>custodiri</strong></span> <span class='ocrx_word' id='word_1_180' title='bbox 1984 691 2081 725; x_wconf 73' lang='lat' dir='ltr'><strong>eum,</strong></span> <span class='ocrx_word' id='word_1_181' title='bbox 2114 681 2177 718; x_wconf 76' lang='lat' dir='ltr'><strong>sed</strong></span> <span class='ocrx_word' id='word_1_182' title='bbox 2199 681 2354 728; x_wconf 65' lang='lat' dir='ltr'><strong>legitima</strong></span> 
     </span>
     <span class='ocr_line' id='line_1_13' title="bbox 128 689 2033 772; baseline 0.005 -19"><span class='ocrx_word' id='word_1_183' title='bbox 128 731 199 753; x_wconf 75' lang='grc' dir='ltr'><strong><em>τως</em></strong></span> <span class='ocrx_word' id='word_1_184' title='bbox 230 689 457 766; x_wconf 56' lang='grc' dir='ltr'><strong><em>ἐγκλιὲίεσθαι</em></strong></span> <span class='ocrx_word' id='word_1_185' title='bbox 486 718 508 764; x_wconf 86' lang='grc' dir='ltr'><em>ἢ</em></span> <span class='ocrx_word' id='word_1_186' title='bbox 532 719 784 767; x_wconf 74' lang='grc' dir='ltr'><strong><em>φυλάττεσθαι</em></strong></span> <span class='ocrx_word' id='word_1_187' title='bbox 809 719 933 766; x_wconf 77' lang='grc' dir='ltr'><strong><em>αὐτήν,</em></strong></span> <span class='ocrx_word' id='word_1_188' title='bbox 963 720 1052 758; x_wconf 80' lang='grc' dir='ltr'><strong><em>ἀλλὰ</em></strong></span> <span class='ocrx_word' id='word_1_189' title='bbox 1079 723 1126 758; x_wconf 81' lang='grc' dir='ltr'><strong><em>τὰ</em></strong></span> <span class='ocrx_word' id='word_1_190' title='bbox 1149 723 1208 758; x_wconf 87' lang='grc' dir='ltr'><strong>νό-</strong></span> <span class='ocrx_word' id='word_1_191' title='bbox 1278 725 1315 759; x_wconf 85' lang='lat' dir='ltr'><strong>in</strong></span> <span class='ocrx_word' id='word_1_192' title='bbox 1338 724 1619 769; x_wconf 77' lang='lat' dir='ltr'><strong>competentibus</strong></span> <span class='ocrx_word' id='word_1_193' title='bbox 1643 725 1677 761; x_wconf 85' lang='lat' dir='ltr'><strong>ei</strong></span> <span class='ocrx_word' id='word_1_194' title='bbox 1699 725 1806 762; x_wconf 85' lang='lat' dir='ltr'><strong>rebus</strong></span> <span class='ocrx_word' id='word_1_195' title='bbox 1830 726 2033 772; x_wconf 81' lang='lat' dir='ltr'><strong>procedere.</strong></span> 
     </span>
    </p>

    <p class='ocr_par' dir='ltr' id='par_1_3' title="bbox 127 765 1208 814">
     <span class='ocr_line' id='line_1_14' title="bbox 127 765 1208 814; baseline 0.006 -18"><span class='ocrx_word' id='word_1_196' title='bbox 127 778 219 808; x_wconf 82' lang='grc' dir='ltr'><strong><em>μιμα</em></strong></span> <span class='ocrx_word' id='word_1_197' title='bbox 251 767 310 799; x_wconf 81' lang='grc' dir='ltr'><strong><em>ἐπὶ</em></strong></span> <span class='ocrx_word' id='word_1_198' title='bbox 342 769 415 800; x_wconf 75' lang='grc' dir='ltr'><strong><em>τοῖς</em></strong></span> <span class='ocrx_word' id='word_1_199' title='bbox 439 767 671 811; x_wconf 77' lang='grc' dir='ltr'><strong><em>προεήκουσιν</em></strong></span> <span class='ocrx_word' id='word_1_200' title='bbox 703 765 794 814; x_wconf 82' lang='grc' dir='ltr'><strong><em>αὐτῇ</em></strong></span> <span class='ocrx_word' id='word_1_201' title='bbox 826 768 1013 814; x_wconf 78' lang='grc' dir='ltr'><strong><em>πράγμασι</em></strong></span> <span class='ocrx_word' id='word_1_202' title='bbox 1036 771 1208 814; x_wconf 78' lang='grc' dir='ltr'><strong><em>προϊέναι.</em></strong></span> 
     </span>
    </p>

    <p class='ocr_par' dir='ltr' id='par_1_4' title="bbox 127 808 2356 1493">
     <span class='ocr_line' id='line_1_15' title="bbox 128 808 2354 862; baseline 0.004 -16"><span class='ocrx_word' id='word_1_203' title='bbox 128 812 160 855; x_wconf 52' lang='lat'><strong>1„</strong></span> <span class='ocrx_word' id='word_1_204' title='bbox 197 811 245 843; x_wconf 84' lang='lat' dir='ltr'><strong>Et</strong></span> <span class='ocrx_word' id='word_1_205' title='bbox 269 808 309 843; x_wconf 71' lang='grc' dir='ltr'><strong>δὲ</strong></span> <span class='ocrx_word' id='word_1_206' title='bbox 333 809 488 857; x_wconf 76' lang='grc' dir='ltr'><strong><em>ἔγκλημα</em></strong></span> <span class='ocrx_word' id='word_1_207' title='bbox 511 811 563 854; x_wconf 79' lang='grc' dir='ltr'><strong>εἴη</strong></span> <span class='ocrx_word' id='word_1_208' title='bbox 583 811 626 846; x_wconf 84' lang='grc' dir='ltr'><strong><em>τὸ</em></strong></span> <span class='ocrx_word' id='word_1_209' title='bbox 648 812 873 859; x_wconf 75' lang='grc' dir='ltr'><strong><em>ἐπαγόμενον</em></strong></span> <span class='ocrx_word' id='word_1_210' title='bbox 896 814 940 857; x_wconf 84' lang='grc' dir='ltr'><strong><em>τῆ</em></strong></span> <span class='ocrx_word' id='word_1_211' title='bbox 963 817 1121 860; x_wconf 79' lang='grc' dir='ltr'><strong><em>γυναικί,</em></strong></span> <span class='ocrx_word' id='word_1_212' title='bbox 1146 810 1206 860; x_wconf 74' lang='grc' dir='ltr'><strong>ἐφ’</strong></span> <span class='ocrx_word' id='word_1_213' title='bbox 1278 815 1301 850; x_wconf 94' lang='grc'>1</span> <span class='ocrx_word' id='word_1_214' title='bbox 1347 812 1384 848; x_wconf 90' lang='lat' dir='ltr'><strong>Si</strong></span> <span class='ocrx_word' id='word_1_215' title='bbox 1407 822 1489 850; x_wconf 86' lang='lat' dir='ltr'><strong>vero</strong></span> <span class='ocrx_word' id='word_1_216' title='bbox 1514 814 1645 850; x_wconf 86' lang='lat' dir='ltr'>crimen</span> <span class='ocrx_word' id='word_1_217' title='bbox 1668 814 1715 851; x_wconf 83' lang='lat' dir='ltr'><strong>sit</strong></span> <span class='ocrx_word' id='word_1_218' title='bbox 1745 815 1840 862; x_wconf 86' lang='lat' dir='ltr'><strong>quod</strong></span> <span class='ocrx_word' id='word_1_219' title='bbox 1862 815 2014 852; x_wconf 79' lang='lat' dir='ltr'><strong>infertur</strong></span> <span class='ocrx_word' id='word_1_220' title='bbox 2036 817 2191 861; x_wconf 86' lang='lat' dir='ltr'><strong>mulieri,</strong></span> <span class='ocrx_word' id='word_1_221' title='bbox 2221 817 2259 853; x_wconf 88' lang='lat' dir='ltr'><strong>in</strong></span> <span class='ocrx_word' id='word_1_222' title='bbox 2282 827 2354 862; x_wconf 88' lang='lat' dir='ltr'><strong>quo</strong></span> 
     </span>
     <span class='ocr_line' id='line_1_16' title="bbox 128 849 2354 913; baseline 0.005 -26"><span class='ocrx_word' id='word_1_223' title='bbox 128 856 158 897; x_wconf 72' lang='grc' dir='ltr'><em>ᾧ</em></span> <span class='ocrx_word' id='word_1_224' title='bbox 183 852 323 901; x_wconf 77' lang='grc' dir='ltr'><strong><em>ἀνάγκη</em></strong></span> <span class='ocrx_word' id='word_1_225' title='bbox 347 858 447 890; x_wconf 82' lang='grc' dir='ltr'><strong><em>ἐστὶν</em></strong></span> <span class='ocrx_word' id='word_1_226' title='bbox 473 853 587 900; x_wconf 77' lang='grc' dir='ltr'><strong><em>αὐτὴν</em></strong></span> <span class='ocrx_word' id='word_1_227' title='bbox 611 856 861 903; x_wconf 76' lang='grc' dir='ltr'><strong><em>φυλαχθῆναι,</em></strong></span> <span class='ocrx_word' id='word_1_228' title='bbox 891 849 928 892; x_wconf 70' lang='grc' dir='ltr'><strong>εἷ</strong></span> <span class='ocrx_word' id='word_1_229' title='bbox 945 860 1012 903; x_wconf 78' lang='grc' dir='ltr'><strong>μὲν</strong></span> <span class='ocrx_word' id='word_1_230' title='bbox 1035 860 1208 913; x_wconf 57' lang='grc' dir='ltr'><strong><em>ἐγγυητὴν</em></strong></span> <span class='ocrx_word' id='word_1_231' title='bbox 1224 863 1264 895; x_wconf 83' lang='grc'>15</span> <span class='ocrx_word' id='word_1_232' title='bbox 1277 859 1518 894; x_wconf 78' lang='lat' dir='ltr'><strong>necessarium</strong></span> <span class='ocrx_word' id='word_1_233' title='bbox 1550 862 1605 895; x_wconf 77' lang='lat' dir='ltr'><strong>est</strong></span> <span class='ocrx_word' id='word_1_234' title='bbox 1630 859 1745 905; x_wconf 72' lang='lat' dir='ltr'><strong>ipsam</strong></span> <span class='ocrx_word' id='word_1_235' title='bbox 1773 861 1964 906; x_wconf 76' lang='lat' dir='ltr'><strong>custodiri,</strong></span> <span class='ocrx_word' id='word_1_236' title='bbox 1995 861 2026 897; x_wconf 79' lang='lat' dir='ltr'><strong>si</strong></span> <span class='ocrx_word' id='word_1_237' title='bbox 2049 862 2189 907; x_wconf 84' lang='lat' dir='ltr'><strong>quidem</strong></span> <span class='ocrx_word' id='word_1_238' title='bbox 2211 862 2354 899; x_wconf 84' lang='lat' dir='ltr'><strong>fideius-</strong></span> 
     </span>
     <span class='ocr_line' id='line_1_17' title="bbox 128 898 2355 952; baseline 0.004 -19"><span class='ocrx_word' id='word_1_239' title='bbox 128 901 318 944; x_wconf 79' lang='grc' dir='ltr'><strong><em>προςιόπου</em></strong></span> <span class='ocrx_word' id='word_1_240' title='bbox 343 898 517 945; x_wconf 79' lang='grc' dir='ltr'><strong><em>δυνηθείη</em></strong></span> <span class='ocrx_word' id='word_1_241' title='bbox 542 905 750 950; x_wconf 81' lang='grc' dir='ltr'><strong><em>παρασχεῖν,</em></strong></span> <span class='ocrx_word' id='word_1_242' title='bbox 776 900 877 946; x_wconf 76' lang='grc' dir='ltr'><strong><em>αὐτῷ</em></strong></span> <span class='ocrx_word' id='word_1_243' title='bbox 899 904 1092 950; x_wconf 77' lang='grc' dir='ltr'><strong><em>πιστευθῃ,</em></strong></span> <span class='ocrx_word' id='word_1_244' title='bbox 1116 905 1147 938; x_wconf 79' lang='grc' dir='ltr'><strong>εἰ</strong></span> <span class='ocrx_word' id='word_1_245' title='bbox 1171 903 1211 938; x_wconf 78' lang='grc' dir='ltr'><strong>δὲ</strong></span> <span class='ocrx_word' id='word_1_246' title='bbox 1278 913 1393 939; x_wconf 83' lang='lat' dir='ltr'><strong>sorem</strong></span> <span class='ocrx_word' id='word_1_247' title='bbox 1423 913 1597 949; x_wconf 82' lang='lat' dir='ltr'><strong>personae</strong></span> <span class='ocrx_word' id='word_1_248' title='bbox 1629 907 1749 950; x_wconf 84' lang='lat' dir='ltr'><strong>potest</strong></span> <span class='ocrx_word' id='word_1_249' title='bbox 1783 908 1980 951; x_wconf 79' lang='lat' dir='ltr'><strong>praestare,</strong></span> <span class='ocrx_word' id='word_1_250' title='bbox 2014 906 2084 952; x_wconf 82' lang='lat' dir='ltr'><strong>ipsi</strong></span> <span class='ocrx_word' id='word_1_251' title='bbox 2113 907 2288 951; x_wconf 77' lang='lat' dir='ltr'><strong>credatur,</strong></span> <span class='ocrx_word' id='word_1_252' title='bbox 2322 908 2355 944; x_wconf 84' lang='lat' dir='ltr'><strong>si</strong></span> 
     </span>
     <span class='ocr_line' id='line_1_18' title="bbox 128 943 2354 995; baseline 0.004 -17"><span class='ocrx_word' id='word_1_253' title='bbox 128 944 254 989; x_wconf 81' lang='grc' dir='ltr'><strong><em>ὀμόσει</em></strong></span> <span class='ocrx_word' id='word_1_254' title='bbox 270 945 319 989; x_wconf 83' lang='grc' dir='ltr'><strong>μὴ</strong></span> <span class='ocrx_word' id='word_1_255' title='bbox 338 943 526 980; x_wconf 77' lang='grc' dir='ltr'><strong><em>δύνασθαι</em></strong></span> <span class='ocrx_word' id='word_1_256' title='bbox 543 945 670 981; x_wconf 82' lang='grc' dir='ltr'><strong><em>δοῦναι</em></strong></span> <span class='ocrx_word' id='word_1_257' title='bbox 686 945 871 994; x_wconf 79' lang='grc' dir='ltr'><strong><em>ἐγγυητήν,</em></strong></span> <span class='ocrx_word' id='word_1_258' title='bbox 889 949 1091 993; x_wconf 77' lang='grc' dir='ltr'><strong><em>ἐξωμοσίαν</em></strong></span> <span class='ocrx_word' id='word_1_259' title='bbox 1107 947 1210 992; x_wconf 85' lang='grc' dir='ltr'><strong><em>ποιή-</em></strong></span> <span class='ocrx_word' id='word_1_260' title='bbox 1277 958 1358 984; x_wconf 87' lang='lat' dir='ltr'><strong>vero</strong></span> <span class='ocrx_word' id='word_1_261' title='bbox 1382 949 1552 985; x_wconf 76' lang='lat' dir='ltr'><strong>iuraverit</strong></span> <span class='ocrx_word' id='word_1_262' title='bbox 1574 960 1647 986; x_wconf 91' lang='lat' dir='ltr'><strong>non</strong></span> <span class='ocrx_word' id='word_1_263' title='bbox 1696 960 1777 986; x_wconf 88' lang='lat' dir='ltr'><strong>osse</strong></span> <span class='ocrx_word' id='word_1_264' title='bbox 1798 962 1838 987; x_wconf 82' lang='lat' dir='ltr'><strong>se</strong></span> <span class='ocrx_word' id='word_1_265' title='bbox 1860 951 1945 987; x_wconf 79' lang='lat' dir='ltr'><strong>dare</strong></span> <span class='ocrx_word' id='word_1_266' title='bbox 1966 951 2227 995; x_wconf 85' lang='lat' dir='ltr'><strong>fideiussorem,</strong></span> <span class='ocrx_word' id='word_1_267' title='bbox 2255 951 2354 988; x_wconf 72' lang='lat' dir='ltr'><strong>iura-</strong></span> 
     </span>
     <span class='ocr_line' id='line_1_19' title="bbox 128 990 2355 1039; baseline 0.004 -14"><span class='ocrx_word' id='word_1_268' title='bbox 128 1003 181 1025; x_wconf 79' lang='grc' dir='ltr'><strong>σει</strong></span> <span class='ocrx_word' id='word_1_269' title='bbox 213 994 294 1035; x_wconf 87' lang='grc' dir='ltr'><strong><em>περὶ</em></strong></span> <span class='ocrx_word' id='word_1_270' title='bbox 325 992 388 1035; x_wconf 78' lang='grc' dir='ltr'><strong><em>τῆς</em></strong></span> <span class='ocrx_word' id='word_1_271' title='bbox 415 993 463 1025; x_wconf 84' lang='grc' dir='ltr'><strong>εἰς</strong></span> <span class='ocrx_word' id='word_1_272' title='bbox 491 992 534 1026; x_wconf 81' lang='grc' dir='ltr'><strong><em>τὸ</em></strong></span> <span class='ocrx_word' id='word_1_273' title='bbox 568 990 801 1038; x_wconf 79' lang='grc' dir='ltr'><strong><em>δικαστήριον</em></strong></span> <span class='ocrx_word' id='word_1_274' title='bbox 831 992 1062 1039; x_wconf 76' lang='grc' dir='ltr'><strong><em>προςεδρείαε.</em></strong></span> <span class='ocrx_word' id='word_1_275' title='bbox 1111 996 1141 1029; x_wconf 84' lang='grc' dir='ltr'><strong>εἰ</strong></span> <span class='ocrx_word' id='word_1_276' title='bbox 1171 994 1211 1029; x_wconf 79' lang='grc' dir='ltr'><strong>δὲ</strong></span> <span class='ocrx_word' id='word_1_277' title='bbox 1277 994 1406 1029; x_wconf 78' lang='lat' dir='ltr'><strong>toriam</strong></span> <span class='ocrx_word' id='word_1_278' title='bbox 1435 995 1636 1030; x_wconf 76' lang='lat' dir='ltr'><strong>cautionem</strong></span> <span class='ocrx_word' id='word_1_279' title='bbox 1675 995 1770 1031; x_wconf 75' lang='lat' dir='ltr'><strong>aciat</strong></span> <span class='ocrx_word' id='word_1_280' title='bbox 1802 997 1846 1032; x_wconf 89' lang='lat' dir='ltr'><strong>de</strong></span> <span class='ocrx_word' id='word_1_281' title='bbox 1869 997 2116 1032; x_wconf 75' lang='lat' dir='ltr'><strong>observatione</strong></span> <span class='ocrx_word' id='word_1_282' title='bbox 2137 996 2268 1033; x_wconf 84' lang='lat' dir='ltr'><strong>iudicii.</strong></span> <span class='ocrx_word' id='word_1_283' title='bbox 2316 997 2355 1034; x_wconf 79' lang='lat' dir='ltr'><strong>Si</strong></span> 
     </span>
     <span class='ocr_line' id='line_1_20' title="bbox 127 1032 2355 1087; baseline 0.005 -19"><span class='ocrx_word' id='word_1_284' title='bbox 127 1035 335 1081; x_wconf 84' lang='grc' dir='ltr'><strong><em>βαρύτατον</em></strong></span> <span class='ocrx_word' id='word_1_285' title='bbox 358 1034 526 1082; x_wconf 68' lang='grc' dir='ltr'><strong><em>εὑρεθείη</em></strong></span> <span class='ocrx_word' id='word_1_286' title='bbox 554 1037 597 1072; x_wconf 88' lang='grc' dir='ltr'><strong><em>τὸ</em></strong></span> <span class='ocrx_word' id='word_1_287' title='bbox 622 1037 778 1084; x_wconf 80' lang='grc' dir='ltr'><strong><em>ἔγκλημα</em></strong></span> <span class='ocrx_word' id='word_1_288' title='bbox 802 1036 863 1084; x_wconf 79' lang='grc' dir='ltr'><strong>ἐφ’</strong></span> <span class='ocrx_word' id='word_1_289' title='bbox 890 1032 922 1081; x_wconf 70' lang='grc' dir='ltr'><em>ᾧ</em></span> <span class='ocrx_word' id='word_1_290' title='bbox 951 1043 1209 1086; x_wconf 74' lang='grc' dir='ltr'><strong><em>κατηγορεῖται,</em></strong></span> <span class='ocrx_word' id='word_1_291' title='bbox 1278 1048 1361 1075; x_wconf 88' lang='lat' dir='ltr'><strong>vero</strong></span> <span class='ocrx_word' id='word_1_292' title='bbox 1385 1040 1630 1083; x_wconf 78' lang='lat' dir='ltr'><strong>gravissimum</strong></span> <span class='ocrx_word' id='word_1_293' title='bbox 1658 1041 1858 1078; x_wconf 79' lang='lat' dir='ltr'><strong>inveniatur</strong></span> <span class='ocrx_word' id='word_1_294' title='bbox 1889 1042 2020 1077; x_wconf 86' lang='lat' dir='ltr'><strong>crimen</strong></span> <span class='ocrx_word' id='word_1_295' title='bbox 2048 1042 2087 1077; x_wconf 86' lang='lat' dir='ltr'><strong>in</strong></span> <span class='ocrx_word' id='word_1_296' title='bbox 2113 1052 2183 1087; x_wconf 90' lang='lat' dir='ltr'><strong>quo</strong></span> <span class='ocrx_word' id='word_1_297' title='bbox 2206 1052 2355 1079; x_wconf 63' lang='lat' dir='ltr'><strong>accusa·</strong></span> 
     </span>
     <span class='ocr_line' id='line_1_21' title="bbox 127 1079 2355 1132; baseline 0.005 -19"><span class='ocrx_word' id='word_1_298' title='bbox 127 1082 174 1115; x_wconf 76' lang='grc' dir='ltr'><strong>εἰς</strong></span> <span class='ocrx_word' id='word_1_299' title='bbox 197 1080 440 1126; x_wconf 80' lang='grc' dir='ltr'><strong><em>μοναστήριον</em></strong></span> <span class='ocrx_word' id='word_1_300' title='bbox 463 1079 486 1125; x_wconf 88' lang='grc' dir='ltr'><em>ἢ</em></span> <span class='ocrx_word' id='word_1_301' title='bbox 510 1082 558 1117; x_wconf 72' lang='grc' dir='ltr'><strong>εἰς</strong></span> <span class='ocrx_word' id='word_1_302' title='bbox 581 1081 798 1128; x_wconf 55' lang='grc' dir='ltr'><strong><em>ἇσκητήριορι</em></strong></span> <span class='ocrx_word' id='word_1_303' title='bbox 822 1085 840 1116; x_wconf 82' lang='grc' dir='ltr'>έ</span> <span class='ocrx_word' id='word_1_304' title='bbox 866 1083 1080 1128; x_wconf 82' lang='grc' dir='ltr'><strong><em>βάλλεσθαι,</em></strong></span> <span class='ocrx_word' id='word_1_305' title='bbox 1108 1084 1131 1128; x_wconf 81' lang='grc' dir='ltr'><em>ἢ</em></span> <span class='ocrx_word' id='word_1_306' title='bbox 1150 1099 1210 1132; x_wconf 74' lang='grc' dir='ltr'><strong>γυ·</strong></span> <span class='ocrx_word' id='word_1_307' title='bbox 1223 1087 1264 1120; x_wconf 83' lang='grc'><strong>20</strong></span> <span class='ocrx_word' id='word_1_308' title='bbox 1277 1086 1348 1126; x_wconf 84' lang='lat' dir='ltr'><strong>tur,</strong></span> <span class='ocrx_word' id='word_1_309' title='bbox 1377 1084 1414 1119; x_wconf 90' lang='lat' dir='ltr'><strong>in</strong></span> <span class='ocrx_word' id='word_1_310' title='bbox 1437 1086 1692 1121; x_wconf 78' lang='lat' dir='ltr'><strong>monasterium</strong></span> <span class='ocrx_word' id='word_1_311' title='bbox 1715 1090 1779 1122; x_wconf 78' lang='lat' dir='ltr'><strong>aut</strong></span> <span class='ocrx_word' id='word_1_312' title='bbox 1800 1087 1838 1122; x_wconf 89' lang='lat' dir='ltr'><strong>in</strong></span> <span class='ocrx_word' id='word_1_313' title='bbox 1860 1087 2071 1123; x_wconf 82' lang='lat' dir='ltr'><strong>asceterium</strong></span> <span class='ocrx_word' id='word_1_314' title='bbox 2093 1088 2268 1129; x_wconf 75' lang='lat' dir='ltr'><strong>mittatur,</strong></span> <span class='ocrx_word' id='word_1_315' title='bbox 2290 1090 2355 1124; x_wconf 74' lang='lat' dir='ltr'><strong>aut</strong></span> 
     </span>
     <span class='ocr_line' id='line_1_22' title="bbox 127 1124 2355 1177; baseline 0.004 -16"><span class='ocrx_word' id='word_1_316' title='bbox 127 1126 223 1167; x_wconf 69' lang='grc' dir='ltr'><strong><em>ναιξὶ</em></strong></span> <span class='ocrx_word' id='word_1_317' title='bbox 248 1125 523 1171; x_wconf 70' lang='grc' dir='ltr'><strong><em>παραδίδοσθαι</em></strong></span> <span class='ocrx_word' id='word_1_318' title='bbox 547 1124 660 1171; x_wconf 76' lang='grc' dir='ltr'><strong><em>αὐτὴν</em></strong></span> <span class='ocrx_word' id='word_1_319' title='bbox 676 1126 725 1162; x_wconf 79' lang='grc' dir='ltr'><strong><em>δι’</em></strong></span> <span class='ocrx_word' id='word_1_320' title='bbox 751 1129 806 1163; x_wconf 70' lang='grc' dir='ltr'><strong>ὢν</strong></span> <span class='ocrx_word' id='word_1_321' title='bbox 851 1129 988 1174; x_wconf 67' lang='grc' dir='ltr'><strong><em>υνατὸν</em></strong></span> <span class='ocrx_word' id='word_1_322' title='bbox 1012 1129 1211 1176; x_wconf 74' lang='grc' dir='ltr'><strong><em>σωφρόνως</em></strong></span> <span class='ocrx_word' id='word_1_323' title='bbox 1277 1130 1483 1166; x_wconf 75' lang='lat' dir='ltr'><strong>mulierIbus</strong></span> <span class='ocrx_word' id='word_1_324' title='bbox 1508 1130 1682 1174; x_wconf 75' lang='lat' dir='ltr'><strong>tradatur,</strong></span> <span class='ocrx_word' id='word_1_325' title='bbox 1706 1142 1770 1177; x_wconf 86' lang='lat' dir='ltr'><strong>per</strong></span> <span class='ocrx_word' id='word_1_326' title='bbox 1785 1142 1874 1176; x_wconf 81' lang='lat' dir='ltr'><strong>quas</strong></span> <span class='ocrx_word' id='word_1_327' title='bbox 1897 1135 2016 1177; x_wconf 82' lang='lat' dir='ltr'><strong>potest</strong></span> <span class='ocrx_word' id='word_1_328' title='bbox 2038 1132 2170 1177; x_wconf 83' lang='lat' dir='ltr'><strong>pudice</strong></span> <span class='ocrx_word' id='word_1_329' title='bbox 2191 1136 2229 1168; x_wconf 83' lang='lat' dir='ltr'><strong>et</strong></span> <span class='ocrx_word' id='word_1_330' title='bbox 2245 1133 2355 1169; x_wconf 83' lang='lat' dir='ltr'><strong>libere</strong></span> 
     </span>
     <span class='ocr_line' id='line_1_23' title="bbox 127 1169 2355 1230; baseline 0.004 -25"><span class='ocrx_word' id='word_1_331' title='bbox 127 1175 186 1205; x_wconf 83' lang='grc' dir='ltr'><strong>καὶ</strong></span> <span class='ocrx_word' id='word_1_332' title='bbox 211 1170 424 1218; x_wconf 74' lang='grc' dir='ltr'><strong><em>ἐλευθερίως</em></strong></span> <span class='ocrx_word' id='word_1_333' title='bbox 446 1169 560 1216; x_wconf 75' lang='grc' dir='ltr'><strong><em>αὐτὴν</em></strong></span> <span class='ocrx_word' id='word_1_334' title='bbox 584 1172 827 1219; x_wconf 72' lang='grc' dir='ltr'><strong><em>φυλαχθῆναι,</em></strong></span> <span class='ocrx_word' id='word_1_335' title='bbox 851 1176 917 1209; x_wconf 77' lang='grc' dir='ltr'><strong>ἕως</strong></span> <span class='ocrx_word' id='word_1_336' title='bbox 939 1175 981 1209; x_wconf 82' lang='grc' dir='ltr'><strong>οὗ</strong></span> <span class='ocrx_word' id='word_1_337' title='bbox 1001 1176 1044 1210; x_wconf 83' lang='grc' dir='ltr'><strong><em>τὸ</em></strong></span> <span class='ocrx_word' id='word_1_338' title='bbox 1061 1176 1211 1230; x_wconf 61' lang='grc' dir='ltr'><strong><em>πρᾶγμα</em></strong></span> <span class='ocrx_word' id='word_1_339' title='bbox 1277 1175 1450 1211; x_wconf 85' lang='lat' dir='ltr'><strong>custodiri</strong></span> <span class='ocrx_word' id='word_1_340' title='bbox 1473 1176 1586 1212; x_wconf 87' lang='lat' dir='ltr'><strong>donec</strong></span> <span class='ocrx_word' id='word_1_341' title='bbox 1611 1185 1723 1212; x_wconf 75' lang='lat' dir='ltr'><strong>causa</strong></span> <span class='ocrx_word' id='word_1_342' title='bbox 1745 1177 1819 1213; x_wconf 81' lang='lat' dir='ltr'><strong>eius</strong></span> <span class='ocrx_word' id='word_1_343' title='bbox 1843 1177 2097 1220; x_wconf 74' lang='lat' dir='ltr'><strong>manifestetur,</strong></span> <span class='ocrx_word' id='word_1_344' title='bbox 2126 1180 2213 1213; x_wconf 83' lang='lat' dir='ltr'><strong>tunc</strong></span> <span class='ocrx_word' id='word_1_345' title='bbox 2236 1182 2355 1214; x_wconf 64' lang='lat' dir='ltr'><strong>autem</strong></span> 
     </span>
     <span class='ocr_line' id='line_1_24' title="bbox 129 1214 2354 1268; baseline 0.004 -18"><span class='ocrx_word' id='word_1_346' title='bbox 129 1214 237 1260; x_wconf 77' lang='grc' dir='ltr'><strong><em>αὐτῆς</em></strong></span> <span class='ocrx_word' id='word_1_347' title='bbox 261 1218 480 1264; x_wconf 72' lang='grc' dir='ltr'><strong><em>φανερωθῇ·</em></strong></span> <span class='ocrx_word' id='word_1_348' title='bbox 505 1217 590 1252; x_wconf 85' lang='grc' dir='ltr'><strong><em>τότε</em></strong></span> <span class='ocrx_word' id='word_1_349' title='bbox 609 1216 648 1252; x_wconf 79' lang='grc' dir='ltr'><strong>δὲ</strong></span> <span class='ocrx_word' id='word_1_350' title='bbox 664 1220 781 1253; x_wconf 78' lang='grc' dir='ltr'><strong><em>ἐκεῖνα</em></strong></span> <span class='ocrx_word' id='word_1_351' title='bbox 801 1223 1015 1264; x_wconf 84' lang='grc' dir='ltr'><strong><em>προβαίνειν</em></strong></span> <span class='ocrx_word' id='word_1_352' title='bbox 1033 1218 1095 1256; x_wconf 77' lang='grc' dir='ltr'><strong><em>ἐπ’</em></strong></span> <span class='ocrx_word' id='word_1_353' title='bbox 1120 1222 1209 1267; x_wconf 81' lang='grc' dir='ltr'><strong>αυτῂ</strong></span> <span class='ocrx_word' id='word_1_354' title='bbox 1277 1219 1338 1256; x_wconf 82' lang='lat' dir='ltr'><strong>illa</strong></span> <span class='ocrx_word' id='word_1_355' title='bbox 1357 1221 1552 1266; x_wconf 82' lang='lat' dir='ltr'><strong>procedant</strong></span> <span class='ocrx_word' id='word_1_356' title='bbox 1570 1221 1608 1256; x_wconf 83' lang='lat' dir='ltr'><strong>in</strong></span> <span class='ocrx_word' id='word_1_357' title='bbox 1628 1231 1671 1257; x_wconf 73' lang='lat' dir='ltr'><strong>ea</strong></span> <span class='ocrx_word' id='word_1_358' title='bbox 1691 1232 1782 1267; x_wconf 81' lang='lat' dir='ltr'><strong>quae</strong></span> <span class='ocrx_word' id='word_1_359' title='bbox 1803 1223 1938 1268; x_wconf 84' lang='lat' dir='ltr'><strong>legibus</strong></span> <span class='ocrx_word' id='word_1_360' title='bbox 1960 1222 2106 1258; x_wconf 72' lang='lat' dir='ltr'><strong>definita</strong></span> <span class='ocrx_word' id='word_1_361' title='bbox 2127 1225 2221 1259; x_wconf 74' lang='lat' dir='ltr'><strong>sunt.</strong></span> <span class='ocrx_word' id='word_1_362' title='bbox 2263 1223 2354 1260; x_wconf 79' lang='lat' dir='ltr'><strong>Nul-</strong></span> 
     </span>
     <span class='ocr_line' id='line_1_25' title="bbox 127 1261 2354 1320; baseline 0.004 -25"><span class='ocrx_word' id='word_1_363' title='bbox 127 1261 173 1295; x_wconf 79' lang='grc' dir='ltr'><strong><em>τὰ</em></strong></span> <span class='ocrx_word' id='word_1_364' title='bbox 209 1265 282 1297; x_wconf 81' lang='grc' dir='ltr'><strong><em>τοῖς</em></strong></span> <span class='ocrx_word' id='word_1_365' title='bbox 315 1262 439 1307; x_wconf 79' lang='grc' dir='ltr'><strong><em>νόμοις</em></strong></span> <span class='ocrx_word' id='word_1_366' title='bbox 474 1261 703 1309; x_wconf 78' lang='grc' dir='ltr'><strong><em>διωρισμένα.</em></strong></span> <span class='ocrx_word' id='word_1_367' title='bbox 752 1261 922 1320; x_wconf 67' lang='grc' dir='ltr'><strong><em>οὐδεμίαν</em></strong></span> <span class='ocrx_word' id='word_1_368' title='bbox 953 1265 1024 1313; x_wconf 83' lang='grc' dir='ltr'><strong><em>γὰρ</em></strong></span> <span class='ocrx_word' id='word_1_369' title='bbox 1058 1269 1209 1312; x_wconf 82' lang='grc' dir='ltr'><strong><em>γυναῖκα</em></strong></span> <span class='ocrx_word' id='word_1_370' title='bbox 1276 1265 1346 1301; x_wconf 80' lang='lat' dir='ltr'><strong>lam</strong></span> <span class='ocrx_word' id='word_1_371' title='bbox 1376 1266 1469 1301; x_wconf 87' lang='lat' dir='ltr'><strong>enim</strong></span> <span class='ocrx_word' id='word_1_372' title='bbox 1499 1266 1680 1302; x_wconf 86' lang='lat' dir='ltr'><strong>mulierem</strong></span> <span class='ocrx_word' id='word_1_373' title='bbox 1711 1277 1777 1313; x_wconf 86' lang='lat' dir='ltr'><strong>pro</strong></span> <span class='ocrx_word' id='word_1_374' title='bbox 1805 1268 2012 1313; x_wconf 65' lang='lat' dir='ltr'><strong>pecuniaria</strong></span> <span class='ocrx_word' id='word_1_375' title='bbox 2042 1267 2156 1304; x_wconf 75' lang='lat' dir='ltr'><strong>fiscali</strong></span> <span class='ocrx_word' id='word_1_376' title='bbox 2186 1267 2258 1304; x_wconf 81' lang='lat' dir='ltr'><strong>Sive</strong></span> <span class='ocrx_word' id='word_1_377' title='bbox 2280 1269 2354 1315; x_wconf 77' lang='lat' dir='ltr'><strong>pri·</strong></span> 
     </span>
     <span class='ocr_line' id='line_1_26' title="bbox 128 1306 2354 1358; baseline 0.004 -18"><span class='ocrx_word' id='word_1_378' title='bbox 128 1306 218 1352; x_wconf 77' lang='grc' dir='ltr'><strong><em>ὑπὲρ</em></strong></span> <span class='ocrx_word' id='word_1_379' title='bbox 240 1309 456 1352; x_wconf 75' lang='grc' dir='ltr'><strong><em>χρηματικῆς</em></strong></span> <span class='ocrx_word' id='word_1_380' title='bbox 489 1309 603 1343; x_wconf 73' lang='grc' dir='ltr'><strong><em>αἰτίας</em></strong></span> <span class='ocrx_word' id='word_1_381' title='bbox 627 1307 796 1352; x_wconf 76' lang='grc' dir='ltr'><strong><em>δημοσίας</em></strong></span> <span class='ocrx_word' id='word_1_382' title='bbox 826 1324 848 1353; x_wconf 92' lang='grc' dir='ltr'><strong>η</strong></span> <span class='ocrx_word' id='word_1_383' title='bbox 872 1308 1051 1354; x_wconf 75' lang='grc' dir='ltr'><strong><em>ἰδιωτικῆς</em></strong></span> <span class='ocrx_word' id='word_1_384' title='bbox 1074 1308 1096 1354; x_wconf 87' lang='grc' dir='ltr'><em>ἢ</em></span> <span class='ocrx_word' id='word_1_385' title='bbox 1119 1309 1210 1356; x_wconf 79' lang='grc' dir='ltr'><strong><em>ὑπὲρ</em></strong></span> <span class='ocrx_word' id='word_1_386' title='bbox 1223 1314 1264 1347; x_wconf 85' lang='grc'><strong>25</strong></span> <span class='ocrx_word' id='word_1_387' title='bbox 1276 1315 1359 1347; x_wconf 81' lang='lat' dir='ltr'><strong>vata</strong></span> <span class='ocrx_word' id='word_1_388' title='bbox 1383 1321 1493 1347; x_wconf 82' lang='lat' dir='ltr'><strong>causa</strong></span> <span class='ocrx_word' id='word_1_389' title='bbox 1522 1316 1585 1347; x_wconf 83' lang='lat' dir='ltr'><strong>aut</strong></span> <span class='ocrx_word' id='word_1_390' title='bbox 1615 1322 1680 1358; x_wconf 84' lang='lat' dir='ltr'><strong>pro</strong></span> <span class='ocrx_word' id='word_1_391' title='bbox 1712 1312 1885 1349; x_wconf 83' lang='lat' dir='ltr'><strong>criminali</strong></span> <span class='ocrx_word' id='word_1_392' title='bbox 1914 1313 2072 1358; x_wconf 85' lang='lat' dir='ltr'><strong>quolibet</strong></span> <span class='ocrx_word' id='word_1_393' title='bbox 2097 1313 2201 1349; x_wconf 88' lang='lat' dir='ltr'><strong>modo</strong></span> <span class='ocrx_word' id='word_1_394' title='bbox 2231 1318 2295 1350; x_wconf 74' lang='lat' dir='ltr'><strong>aut</strong></span> <span class='ocrx_word' id='word_1_395' title='bbox 2316 1314 2354 1350; x_wconf 88' lang='lat' dir='ltr'><strong>in</strong></span> 
     </span>
     <span class='ocr_line' id='line_1_27' title="bbox 128 1350 2356 1403; baseline 0.004 -18"><span class='ocrx_word' id='word_1_396' title='bbox 128 1351 344 1397; x_wconf 80' lang='grc' dir='ltr'><strong><em>ἐγκλήματος</em></strong></span> <span class='ocrx_word' id='word_1_397' title='bbox 367 1350 580 1396; x_wconf 81' lang='grc' dir='ltr'><strong><em>οἱουὸήποτε</em></strong></span> <span class='ocrx_word' id='word_1_398' title='bbox 604 1353 628 1398; x_wconf 84' lang='grc' dir='ltr'><em>ἢ</em></span> <span class='ocrx_word' id='word_1_399' title='bbox 650 1356 697 1389; x_wconf 76' lang='grc' dir='ltr'><strong>εἰς</strong></span> <span class='ocrx_word' id='word_1_400' title='bbox 717 1355 878 1401; x_wconf 77' lang='grc' dir='ltr'><strong><em>φρουρὰν</em></strong></span> <span class='ocrx_word' id='word_1_401' title='bbox 901 1354 1104 1400; x_wconf 77' lang='grc' dir='ltr'><strong><em>βάλλεσθαι</em></strong></span> <span class='ocrx_word' id='word_1_402' title='bbox 1127 1369 1208 1402; x_wconf 90' lang='grc' dir='ltr'><strong><em>συγ-</em></strong></span> <span class='ocrx_word' id='word_1_403' title='bbox 1277 1366 1455 1392; x_wconf 81' lang='lat' dir='ltr'><strong>carcerem</strong></span> <span class='ocrx_word' id='word_1_404' title='bbox 1484 1357 1578 1392; x_wconf 85' lang='lat' dir='ltr'><strong>mitti</strong></span> <span class='ocrx_word' id='word_1_405' title='bbox 1602 1358 1828 1394; x_wconf 81' lang='lat' dir='ltr'><strong>concedimus</strong></span> <span class='ocrx_word' id='word_1_406' title='bbox 1858 1363 1921 1394; x_wconf 78' lang='lat' dir='ltr'><strong>aut</strong></span> <span class='ocrx_word' id='word_1_407' title='bbox 1944 1368 1967 1394; x_wconf 72' lang='lat'><em>8</em></span> <span class='ocrx_word' id='word_1_408' title='bbox 1989 1358 2072 1394; x_wconf 82' lang='lat' dir='ltr'><strong>viris</strong></span> <span class='ocrx_word' id='word_1_409' title='bbox 2096 1358 2284 1403; x_wconf 79' lang='lat' dir='ltr'><strong>custodiri,</strong></span> <span class='ocrx_word' id='word_1_410' title='bbox 2314 1362 2356 1394; x_wconf 78' lang='lat' dir='ltr'><strong>ut</strong></span> 
     </span>
     <span class='ocr_line' id='line_1_28' title="bbox 127 1395 2354 1454; baseline 0.004 -23"><span class='ocrx_word' id='word_1_411' title='bbox 127 1399 312 1443; x_wconf 83' lang='grc' dir='ltr'><strong><em>χωροῦμεν</em></strong></span> <span class='ocrx_word' id='word_1_412' title='bbox 335 1396 356 1454; x_wconf 63' lang='grc' dir='ltr'><em>ἢ</em></span> <span class='ocrx_word' id='word_1_413' title='bbox 380 1395 432 1433; x_wconf 78' lang='grc' dir='ltr'><strong><em>δι’</em></strong></span> <span class='ocrx_word' id='word_1_414' title='bbox 451 1395 599 1444; x_wconf 78' lang='grc' dir='ltr'><strong><em>ἀνδρῶν</em></strong></span> <span class='ocrx_word' id='word_1_415' title='bbox 622 1399 884 1446; x_wconf 78' lang='grc' dir='ltr'><strong><em>φυλάττεσθαι,</em></strong></span> <span class='ocrx_word' id='word_1_416' title='bbox 908 1402 968 1435; x_wconf 82' lang='grc' dir='ltr'><strong>ἴνα</strong></span> <span class='ocrx_word' id='word_1_417' title='bbox 991 1401 1040 1445; x_wconf 88' lang='grc' dir='ltr'><strong>μὴ</strong></span> <span class='ocrx_word' id='word_1_418' title='bbox 1056 1399 1116 1435; x_wconf 82' lang='grc' dir='ltr'><strong><em>διὰ</em></strong></span> <span class='ocrx_word' id='word_1_419' title='bbox 1132 1403 1209 1436; x_wconf 78' lang='grc' dir='ltr'><strong>τῶν</strong></span> <span class='ocrx_word' id='word_1_420' title='bbox 1276 1411 1347 1438; x_wconf 87' lang='lat' dir='ltr'><strong>non</strong></span> <span class='ocrx_word' id='word_1_421' title='bbox 1371 1412 1435 1446; x_wconf 88' lang='lat' dir='ltr'><strong>per</strong></span> <span class='ocrx_word' id='word_1_422' title='bbox 1457 1402 1661 1438; x_wconf 82' lang='lat' dir='ltr'><strong>huiusmodi</strong></span> <span class='ocrx_word' id='word_1_423' title='bbox 1685 1404 1891 1439; x_wconf 72' lang='lat' dir='ltr'><strong>occasiones</strong></span> <span class='ocrx_word' id='word_1_424' title='bbox 1919 1404 2145 1440; x_wconf 69' lang='lat' dir='ltr'><strong>inveniuntur</strong></span> <span class='ocrx_word' id='word_1_425' title='bbox 2174 1404 2271 1440; x_wconf 58' lang='lat' dir='ltr'><strong>circs</strong></span> <span class='ocrx_word' id='word_1_426' title='bbox 2293 1413 2354 1440; x_wconf 65' lang='lat' dir='ltr'><strong>ca·</strong></span> 
     </span>
     <span class='ocr_line' id='line_1_29' title="bbox 127 1442 1654 1493; baseline 0.005 -18"><span class='ocrx_word' id='word_1_427' title='bbox 127 1442 304 1478; x_wconf 78' lang='grc' dir='ltr'><strong><em>τοιούτων</em></strong></span> <span class='ocrx_word' id='word_1_428' title='bbox 334 1445 511 1490; x_wconf 76' lang='grc' dir='ltr'><strong><em>αφορμῶν</em></strong></span> <span class='ocrx_word' id='word_1_429' title='bbox 541 1443 723 1490; x_wconf 75' lang='grc' dir='ltr'><strong><em>εὑρεθῶσι</em></strong></span> <span class='ocrx_word' id='word_1_430' title='bbox 754 1449 836 1492; x_wconf 80' lang='grc' dir='ltr'><strong><em>περὶ</em></strong></span> <span class='ocrx_word' id='word_1_431' title='bbox 871 1446 938 1490; x_wconf 87' lang='grc' dir='ltr'><strong>τὴν</strong></span> <span class='ocrx_word' id='word_1_432' title='bbox 969 1446 1210 1493; x_wconf 80' lang='grc' dir='ltr'><strong><em>σωφροσύνην</em></strong></span> <span class='ocrx_word' id='word_1_433' title='bbox 1276 1447 1434 1482; x_wconf 76' lang='lat' dir='ltr'><strong>stitatem</strong></span> <span class='ocrx_word' id='word_1_434' title='bbox 1456 1447 1654 1483; x_wconf 83' lang='lat' dir='ltr'><strong>iniuriatae.</strong></span> 
     </span>
    </p>

    <p class='ocr_par' dir='ltr' id='par_1_5' title="bbox 126 1485 2354 1628">
     <span class='ocr_line' id='line_1_30' title="bbox 126 1485 2354 1539; baseline 0.003 -16"><span class='ocrx_word' id='word_1_435' title='bbox 126 1488 151 1523; x_wconf 80' lang='lat'>2</span> <span class='ocrx_word' id='word_1_436' title='bbox 198 1485 439 1535; x_wconf 80' lang='grc' dir='ltr'><strong><em>ὑβριζόμεναι.</em></strong></span> <span class='ocrx_word' id='word_1_437' title='bbox 500 1489 738 1536; x_wconf 86' lang='grc' dir='ltr'><strong><em>Μονάστριαν</em></strong></span> <span class='ocrx_word' id='word_1_438' title='bbox 760 1494 885 1534; x_wconf 81' lang='grc' dir='ltr'><strong><em>μέντοι</em></strong></span> <span class='ocrx_word' id='word_1_439' title='bbox 902 1490 926 1535; x_wconf 81' lang='grc' dir='ltr'><em>ἢ</em></span> <span class='ocrx_word' id='word_1_440' title='bbox 942 1488 1137 1537; x_wconf 84' lang='grc' dir='ltr'><strong><em>ἆσκήτριαν</em></strong></span> <span class='ocrx_word' id='word_1_441' title='bbox 1153 1489 1206 1526; x_wconf 74' lang='grc' dir='ltr'><strong><em>δι’</em></strong></span> <span class='ocrx_word' id='word_1_442' title='bbox 1275 1493 1300 1528; x_wconf 81' lang='grc'><strong>2</strong></span> <span class='ocrx_word' id='word_1_443' title='bbox 1346 1492 1579 1528; x_wconf 84' lang='lat' dir='ltr'><strong>Monastriam</strong></span> <span class='ocrx_word' id='word_1_444' title='bbox 1616 1492 1754 1538; x_wconf 86' lang='lat' dir='ltr'><strong>quidem</strong></span> <span class='ocrx_word' id='word_1_445' title='bbox 1794 1496 1858 1529; x_wconf 79' lang='lat' dir='ltr'><strong>aut</strong></span> <span class='ocrx_word' id='word_1_446' title='bbox 1891 1493 2078 1529; x_wconf 72' lang='lat' dir='ltr'><strong>ascetriam</strong></span> <span class='ocrx_word' id='word_1_447' title='bbox 2117 1502 2183 1539; x_wconf 86' lang='lat' dir='ltr'><strong>per</strong></span> <span class='ocrx_word' id='word_1_448' title='bbox 2220 1492 2354 1530; x_wconf 70' lang='lat' dir='ltr'><strong>nullam</strong></span> 
     </span>
     <span class='ocr_line' id='line_1_31' title="bbox 127 1530 2353 1592; baseline 0.005 -27"><span class='ocrx_word' id='word_1_449' title='bbox 127 1530 297 1578; x_wconf 79' lang='grc' dir='ltr'><strong><em>οὐδεμίαν</em></strong></span> <span class='ocrx_word' id='word_1_450' title='bbox 326 1534 515 1581; x_wconf 78' lang='grc' dir='ltr'><strong><em>ἐναγωγὴν</em></strong></span> <span class='ocrx_word' id='word_1_451' title='bbox 545 1532 770 1592; x_wconf 54' lang='grc' dir='ltr'><strong><em>«Ξῖ-ἕλκεσθαι</em></strong></span> <span class='ocrx_word' id='word_1_452' title='bbox 793 1538 1044 1583; x_wconf 83' lang='grc' dir='ltr'><strong><em>συγχωροῦμεν</em></strong></span> <span class='ocrx_word' id='word_1_453' title='bbox 1069 1539 1108 1572; x_wconf 71' lang='grc' dir='ltr'><strong>ἐκ</strong></span> <span class='ocrx_word' id='word_1_454' title='bbox 1130 1538 1208 1572; x_wconf 82' lang='grc' dir='ltr'><strong>τῶν</strong></span> <span class='ocrx_word' id='word_1_455' title='bbox 1221 1539 1263 1572; x_wconf 87' lang='lat'><strong>30</strong></span> <span class='ocrx_word' id='word_1_456' title='bbox 1276 1537 1452 1573; x_wconf 81' lang='lat' dir='ltr'><strong>actionem</strong></span> <span class='ocrx_word' id='word_1_457' title='bbox 1486 1538 1579 1573; x_wconf 78' lang='lat' dir='ltr'><strong>trahi</strong></span> <span class='ocrx_word' id='word_1_458' title='bbox 1609 1539 1835 1575; x_wconf 73' lang='lat' dir='ltr'><strong>concedimus</strong></span> <span class='ocrx_word' id='word_1_459' title='bbox 1870 1538 1914 1575; x_wconf 84' lang='lat' dir='ltr'><strong>de</strong></span> <span class='ocrx_word' id='word_1_460' title='bbox 1942 1539 2095 1585; x_wconf 81' lang='lat' dir='ltr'><strong>propriis</strong></span> <span class='ocrx_word' id='word_1_461' title='bbox 2128 1539 2353 1576; x_wconf 72' lang='lat' dir='ltr'><strong>monasteriis</strong></span> 
     </span>
     <span class='ocr_line' id='line_1_32' title="bbox 127 1579 1555 1628; baseline 0.005 -16"><span class='ocrx_word' id='word_1_462' title='bbox 127 1579 270 1613; x_wconf 79' lang='grc' dir='ltr'><strong><em>οἰκείων</em></strong></span> <span class='ocrx_word' id='word_1_463' title='bbox 289 1584 544 1625; x_wconf 89' lang='grc' dir='ltr'><strong><em>μοναστηρίων</em></strong></span> <span class='ocrx_word' id='word_1_464' title='bbox 566 1595 588 1624; x_wconf 88' lang='grc' dir='ltr'><strong>η</strong></span> <span class='ocrx_word' id='word_1_465' title='bbox 613 1579 851 1628; x_wconf 79' lang='grc' dir='ltr'><strong><em>ἅσκητηρίων.</em></strong></span> <span class='ocrx_word' id='word_1_466' title='bbox 1275 1588 1340 1618; x_wconf 75' lang='lat' dir='ltr'><strong>aut</strong></span> <span class='ocrx_word' id='word_1_467' title='bbox 1362 1583 1555 1619; x_wconf 74' lang='lat' dir='ltr'><strong>asceteriis.</strong></span> 
     </span>
    </p>
   </div>
   <div class='ocr_carea' id='block_1_3' title="bbox 262 1670 2354 1763">
    <p class='ocr_par' dir='ltr' id='par_1_6' title="bbox 262 1670 2354 1763">
     <span class='ocr_line' id='line_1_33' title="bbox 262 1670 2354 1720; baseline 0.004 -16"><span class='ocrx_word' id='word_1_468' title='bbox 262 1670 284 1714; x_wconf 59' lang='grc' dir='ltr'>ᾗ</span> <span class='ocrx_word' id='word_1_469' title='bbox 303 1673 319 1705; x_wconf 92' lang='grc'>1</span> <span class='ocrx_word' id='word_1_470' title='bbox 345 1672 493 1705; x_wconf 81' lang='lat' dir='ltr'><strong>clausula</strong></span> <span class='ocrx_word' id='word_1_471' title='bbox 515 1674 674 1714; x_wconf 77' lang='lat'>(24—31)</span> <span class='ocrx_word' id='word_1_472' title='bbox 699 1680 786 1708; x_wconf 75' lang='lat' dir='ltr'><strong>extat</strong></span> <span class='ocrx_word' id='word_1_473' title='bbox 808 1672 987 1708; x_wconf 69' lang='lat' dir='ltr'><strong>Nomoc.dm</strong></span> <span class='ocrx_word' id='word_1_474' title='bbox 1011 1674 1111 1707; x_wconf 84' lang='lat' dir='ltr'><strong>XIV</strong></span> <span class='ocrx_word' id='word_1_475' title='bbox 1123 1675 1170 1708; x_wconf 77' lang='lat' dir='ltr'><strong>tie.</strong></span> <span class='ocrx_word' id='word_1_476' title='bbox 1190 1677 1223 1716; x_wconf 85' lang='lat'><strong>9,</strong></span> <span class='ocrx_word' id='word_1_477' title='bbox 1239 1682 1264 1708; x_wconf 89' lang='lat'><strong>1.</strong></span> <span class='ocrx_word' id='word_1_478' title='bbox 1297 1693 1341 1699; x_wconf 91' lang='lat'><em>-</em></span> <span class='ocrx_word' id='word_1_479' title='bbox 1372 1675 1506 1708; x_wconf 83' lang='lat' dir='ltr'><strong>Summa</strong></span> <span class='ocrx_word' id='word_1_480' title='bbox 1529 1675 1605 1708; x_wconf 77' lang='lat' dir='ltr'><strong>Aelz.</strong></span> <span class='ocrx_word' id='word_1_481' title='bbox 1629 1675 1650 1717; x_wconf 63' lang='lat'><strong>5</strong></span> <span class='ocrx_word' id='word_1_482' title='bbox 1674 1677 1690 1709; x_wconf 90' lang='lat'>1</span> <span class='ocrx_word' id='word_1_483' title='bbox 1715 1677 1870 1718; x_wconf 79' lang='lat' dir='ltr'><strong>repetitur</strong></span> <span class='ocrx_word' id='word_1_484' title='bbox 1893 1676 1926 1709; x_wconf 75' lang='lat' dir='ltr'><strong>in</strong></span> <span class='ocrx_word' id='word_1_485' title='bbox 1946 1676 2117 1719; x_wconf 73' lang='lat' dir='ltr'><strong>paratitlis</strong></span> <span class='ocrx_word' id='word_1_486' title='bbox 2139 1675 2214 1710; x_wconf 63' lang='lat' dir='ltr'><strong>Aeli.</strong></span> <span class='ocrx_word' id='word_1_487' title='bbox 2235 1678 2276 1712; x_wconf 84' lang='lat'><strong>15</strong></span> <span class='ocrx_word' id='word_1_488' title='bbox 2293 1681 2310 1718; x_wconf 68' lang='grc'><strong><em>5</em></strong></span> <span class='ocrx_word' id='word_1_489' title='bbox 2325 1684 2354 1720; x_wconf 86' lang='grc'><strong>2,</strong></span> 
     </span>
     <span class='ocr_line' id='line_1_34' title="bbox 327 1716 1826 1763; baseline 0.001 -13"><span class='ocrx_word' id='word_1_490' title='bbox 327 1716 349 1760; x_wconf 80' lang='lat'>§</span> <span class='ocrx_word' id='word_1_491' title='bbox 364 1718 384 1750; x_wconf 87' lang='grc'><strong>2</strong></span> <span class='ocrx_word' id='word_1_492' title='bbox 407 1729 528 1751; x_wconf 84' lang='lat' dir='ltr'><strong>summa</strong></span> <span class='ocrx_word' id='word_1_493' title='bbox 552 1720 594 1752; x_wconf 79' lang='lat' dir='ltr'><strong>ib.</strong></span> <span class='ocrx_word' id='word_1_494' title='bbox 611 1721 627 1752; x_wconf 87' lang='lat'>1</span> <span class='ocrx_word' id='word_1_495' title='bbox 649 1724 708 1758; x_wconf 74' lang='lat'><strong>§45</strong></span> <span class='ocrx_word' id='word_1_496' title='bbox 741 1721 945 1753; x_wconf 73' lang='lat' dir='ltr'><strong>eunzmarium</strong></span> <span class='ocrx_word' id='word_1_497' title='bbox 969 1718 989 1762; x_wconf 64' lang='grc' dir='ltr'>ξ</span> <span class='ocrx_word' id='word_1_498' title='bbox 1013 1720 1033 1753; x_wconf 88' lang='grc'>2</span> <span class='ocrx_word' id='word_1_499' title='bbox 1057 1720 1154 1753; x_wconf 77' lang='lat' dir='ltr'><strong>habet</strong></span> <span class='ocrx_word' id='word_1_500' title='bbox 1176 1720 1308 1754; x_wconf 83' lang='lat' dir='ltr'><strong>Nomoc.</strong></span> <span class='ocrx_word' id='word_1_501' title='bbox 1325 1720 1422 1753; x_wconf 86' lang='lat' dir='ltr'><strong>XIV</strong></span> <span class='ocrx_word' id='word_1_502' title='bbox 1437 1722 1483 1753; x_wconf 78' lang='lat' dir='ltr'><strong>tit.</strong></span> <span class='ocrx_word' id='word_1_503' title='bbox 1501 1722 1558 1760; x_wconf 86' lang='lat'><strong>9,1</strong></span> <span class='ocrx_word' id='word_1_504' title='bbox 1580 1732 1616 1763; x_wconf 88' lang='lat' dir='ltr'><strong>p.</strong></span> <span class='ocrx_word' id='word_1_505' title='bbox 1635 1721 1697 1754; x_wconf 89' lang='grc'><strong>541</strong></span> <span class='ocrx_word' id='word_1_506' title='bbox 1720 1720 1826 1754; x_wconf 83' lang='lat' dir='ltr'><strong>Pitra.</strong></span> 
     </span>
    </p>
   </div>
   <div class='ocr_carea' id='block_1_4' title="bbox 126 1811 276 1816">
    <p class='ocr_par' dir='ltr' id='par_1_7' title="bbox 126 1811 276 1816">
     <span class='ocr_line' id='line_1_35' title="bbox 126 1811 276 1816; baseline 0 0"><span class='ocrx_word' id='word_1_507' title='bbox 126 1811 276 1816; x_wconf 95' lang='lat' dir='ltr'><strong> </strong></span> 
     </span>
    </p>
   </div>
   <div class='ocr_carea' id='block_1_5' title="bbox 118 1871 2357 2544">
    <p class='ocr_par' dir='ltr' id='par_1_8' title="bbox 118 1871 2357 2544">
     <span class='ocr_line' id='line_1_36' title="bbox 125 1871 2355 1928; baseline 0.003 -21"><span class='ocrx_word' id='word_1_508' title='bbox 125 1871 289 1908; x_wconf 83' lang='lat' dir='ltr'><strong>similiter</strong></span> <span class='ocrx_word' id='word_1_509' title='bbox 312 1872 454 1907; x_wconf 84' lang='lat' dir='ltr'><strong>mulieri</strong></span> <span class='ocrx_word' id='word_1_510' title='bbox 484 1872 540 1909; x_wconf 88' lang='lat' dir='ltr'><strong>vel</strong></span> <span class='ocrx_word' id='word_1_511' title='bbox 560 1884 629 1920; x_wconf 85' lang='lat' dir='ltr'><strong>per</strong></span> <span class='ocrx_word' id='word_1_512' title='bbox 649 1884 688 1910; x_wconf 86' lang='lat' dir='ltr'><strong>se</strong></span> <span class='ocrx_word' id='word_1_513' title='bbox 710 1873 767 1910; x_wconf 88' lang='lat' dir='ltr'><strong>vel</strong></span> <span class='ocrx_word' id='word_1_514' title='bbox 785 1884 854 1920; x_wconf 81' lang='lat' dir='ltr'><strong>per</strong></span> <span class='ocrx_word' id='word_1_515' title='bbox 878 1885 1120 1921; x_wconf 82' lang='lat' dir='ltr'><strong>quoscumque</strong></span> <span class='ocrx_word' id='word_1_516' title='bbox 1144 1874 1297 1911; x_wconf 88' lang='lat' dir='ltr'><strong>voluerit</strong></span> <span class='ocrx_word' id='word_1_517' title='bbox 1319 1875 1402 1910; x_wconf 85' lang='lat' dir='ltr'><strong>iura</strong></span> <span class='ocrx_word' id='word_1_518' title='bbox 1423 1885 1492 1910; x_wconf 86' lang='lat' dir='ltr'><strong>sua</strong></span> <span class='ocrx_word' id='word_1_519' title='bbox 1520 1873 1713 1910; x_wconf 84' lang='lat' dir='ltr'><strong>secundum</strong></span> <span class='ocrx_word' id='word_1_520' title='bbox 1737 1875 1851 1921; x_wconf 69' lang='lat' dir='ltr'><strong>leyem</strong></span> <span class='ocrx_word' id='word_1_521' title='bbox 1873 1885 2088 1928; x_wconf 80' lang='lat' dir='ltr'><strong>proponere</strong></span> <span class='ocrx_word' id='word_1_522' title='bbox 2118 1876 2236 1912; x_wconf 83' lang='lat' dir='ltr'><strong>liceat.</strong></span> <span class='ocrx_word' id='word_1_523' title='bbox 2281 1875 2355 1920; x_wconf 68' lang='lat' dir='ltr'><strong>Qua·</strong></span> 
     </span>
     <span class='ocr_line' id='line_1_37' title="bbox 125 1917 2353 1968; baseline 0.002 -15"><span class='ocrx_word' id='word_1_524' title='bbox 125 1928 210 1953; x_wconf 83' lang='lat' dir='ltr'><strong>vero</strong></span> <span class='ocrx_word' id='word_1_525' title='bbox 243 1922 371 1952; x_wconf 88' lang='lat' dir='ltr'><strong>contra</strong></span> <span class='ocrx_word' id='word_1_526' title='bbox 402 1917 489 1953; x_wconf 77' lang='lat' dir='ltr'><strong>haec</strong></span> <span class='ocrx_word' id='word_1_527' title='bbox 512 1920 706 1965; x_wconf 82' lang='lat' dir='ltr'><strong>quicquam</strong></span> <span class='ocrx_word' id='word_1_528' title='bbox 738 1930 788 1955; x_wconf 81' lang='lat' dir='ltr'><strong>ex</strong></span> <span class='ocrx_word' id='word_1_529' title='bbox 816 1919 1017 1966; x_wconf 78' lang='lat' dir='ltr'><strong>praedictis</strong></span> <span class='ocrx_word' id='word_1_530' title='bbox 1040 1920 1147 1956; x_wconf 83' lang='lat' dir='ltr'><strong>rebus</strong></span> <span class='ocrx_word' id='word_1_531' title='bbox 1168 1921 1296 1966; x_wconf 83' lang='lat' dir='ltr'><strong>facere</strong></span> <span class='ocrx_word' id='word_1_532' title='bbox 1327 1919 1478 1963; x_wconf 85' lang='lat' dir='ltr'><strong>audeat,</strong></span> <span class='ocrx_word' id='word_1_533' title='bbox 1507 1918 1667 1956; x_wconf 79' lang='lat' dir='ltr'><strong>iubemus</strong></span> <span class='ocrx_word' id='word_1_534' title='bbox 1696 1931 1792 1963; x_wconf 89' lang='lat' dir='ltr'><strong>eum,</strong></span> <span class='ocrx_word' id='word_1_535' title='bbox 1822 1920 1856 1956; x_wconf 83' lang='lat' dir='ltr'><strong>si</strong></span> <span class='ocrx_word' id='word_1_536' title='bbox 1884 1931 2001 1956; x_wconf 74' lang='lat' dir='ltr'><strong>mator</strong></span> <span class='ocrx_word' id='word_1_537' title='bbox 2029 1921 2079 1957; x_wconf 80' lang='lat' dir='ltr'><strong>sit</strong></span> <span class='ocrx_word' id='word_1_538' title='bbox 2107 1922 2353 1968; x_wconf 70' lang='lat' dir='ltr'><strong>maqistratus,</strong></span> 
     </span>
     <span class='ocr_line' id='line_1_38' title="bbox 125 1962 2354 2019; baseline 0.002 -21"><span class='ocrx_word' id='word_1_539' title='bbox 125 1962 252 2007; x_wconf 73' lang='lat' dir='ltr'><strong>viqimi</strong></span> <span class='ocrx_word' id='word_1_540' title='bbox 275 1962 450 2000; x_wconf 76' lang='lat' dir='ltr'><strong>librarum</strong></span> <span class='ocrx_word' id='word_1_541' title='bbox 474 1964 567 2006; x_wconf 82' lang='lat' dir='ltr'><strong>auri,</strong></span> <span class='ocrx_word' id='word_1_542' title='bbox 591 1965 647 1999; x_wconf 83' lang='lat' dir='ltr'><strong>sin</strong></span> <span class='ocrx_word' id='word_1_543' title='bbox 669 1964 799 2006; x_wconf 82' lang='lat' dir='ltr'><strong>minor,</strong></span> <span class='ocrx_word' id='word_1_544' title='bbox 825 1964 944 2001; x_wconf 86' lang='lat' dir='ltr'><strong>decem</strong></span> <span class='ocrx_word' id='word_1_545' title='bbox 967 1964 1139 2001; x_wconf 84' lang='lat' dir='ltr'><strong>librarum</strong></span> <span class='ocrx_word' id='word_1_546' title='bbox 1165 1965 1248 2000; x_wconf 86' lang='lat' dir='ltr'><strong>auri</strong></span> <span class='ocrx_word' id='word_1_547' title='bbox 1263 1975 1408 2011; x_wconf 86' lang='lat' dir='ltr'><strong>poenae</strong></span> <span class='ocrx_word' id='word_1_548' title='bbox 1429 1964 1614 2016; x_wconf 67' lang='lat' dir='ltr'><strong>subiacere</strong></span> <span class='ocrx_word' id='word_1_549' title='bbox 1621 1977 1639 2016; x_wconf 53' lang='grc' dir='ltr'><strong>,ζ</strong></span> <span class='ocrx_word' id='word_1_550' title='bbox 1670 1967 1737 2018; x_wconf 75' lang='lat' dir='ltr'><strong>qui.</strong></span> <span class='ocrx_word' id='word_1_551' title='bbox 1757 1976 1841 2001; x_wconf 86' lang='lat' dir='ltr'><strong>vero</strong></span> <span class='ocrx_word' id='word_1_552' title='bbox 1867 1976 2015 2018; x_wconf 79' lang='lat' dir='ltr'><strong>operam</strong></span> <span class='ocrx_word' id='word_1_553' title='bbox 2036 1970 2231 2019; x_wconf 73' lang='lat' dir='ltr'><strong>praestant</strong></span> <span class='ocrx_word' id='word_1_554' title='bbox 2249 1965 2295 2019; x_wconf 67' lang='lat' dir='ltr'><strong>iis</strong></span> <span class='ocrx_word' id='word_1_555' title='bbox 2315 1967 2354 2002; x_wconf 82' lang='lat' dir='ltr'><strong>in</strong></span> 
     </span>
     <span class='ocr_line' id='line_1_39' title="bbox 118 2007 2354 2058; baseline 0.003 -16"><span class='ocrx_word' id='word_1_556' title='bbox 118 2007 325 2053; x_wconf 82' lang='lat' dir='ltr'><strong>praedictis</strong></span> <span class='ocrx_word' id='word_1_557' title='bbox 341 2007 459 2051; x_wconf 87' lang='lat' dir='ltr'><strong>rebus,</strong></span> <span class='ocrx_word' id='word_1_558' title='bbox 482 2019 545 2044; x_wconf 85' lang='lat' dir='ltr'><strong>eos</strong></span> <span class='ocrx_word' id='word_1_559' title='bbox 561 2009 705 2056; x_wconf 77' lang='lat' dir='ltr'><strong>cinqulo</strong></span> <span class='ocrx_word' id='word_1_560' title='bbox 729 2014 862 2046; x_wconf 80' lang='lat' dir='ltr'><strong>exutos</strong></span> <span class='ocrx_word' id='word_1_561' title='bbox 886 2011 1071 2046; x_wconf 85' lang='lat' dir='ltr'><strong>tormentis</strong></span> <span class='ocrx_word' id='word_1_562' title='bbox 1093 2010 1209 2046; x_wconf 83' lang='lat' dir='ltr'><strong>subici</strong></span> <span class='ocrx_word' id='word_1_563' title='bbox 1215 2015 1341 2056; x_wconf 60' lang='lat' dir='ltr'><strong>&gt;atque</strong></span> <span class='ocrx_word' id='word_1_564' title='bbox 1363 2010 1401 2044; x_wconf 84' lang='lat' dir='ltr'><strong>in</strong></span> <span class='ocrx_word' id='word_1_565' title='bbox 1417 2010 1567 2045; x_wconf 77' lang='lat' dir='ltr'><strong>exiltum</strong></span> <span class='ocrx_word' id='word_1_566' title='bbox 1589 2013 1694 2046; x_wconf 72' lang='lat' dir='ltr'><strong>mtttz.</strong></span> <span class='ocrx_word' id='word_1_567' title='bbox 1741 2009 1879 2053; x_wconf 81' lang='lat' dir='ltr'><strong>Quodsi</strong></span> <span class='ocrx_word' id='word_1_568' title='bbox 1901 2010 2029 2046; x_wconf 76' lang='lat' dir='ltr'><strong>multer</strong></span> <span class='ocrx_word' id='word_1_569' title='bbox 2044 2016 2136 2058; x_wconf 88' lang='lat' dir='ltr'><strong>post</strong></span> <span class='ocrx_word' id='word_1_570' title='bbox 2159 2011 2354 2058; x_wconf 75' lang='lat' dir='ltr'><strong>leqmmam</strong></span> 
     </span>
     <span class='ocr_line' id='line_1_40' title="bbox 125 2052 2354 2102; baseline 0.003 -15"><span class='ocrx_word' id='word_1_571' title='bbox 125 2052 331 2088; x_wconf 79' lang='lat' dir='ltr'><strong>citationem</strong></span> <span class='ocrx_word' id='word_1_572' title='bbox 354 2053 511 2090; x_wconf 87' lang='lat' dir='ltr'><strong>noluerit</strong></span> <span class='ocrx_word' id='word_1_573' title='bbox 535 2055 720 2091; x_wconf 76' lang='lat' dir='ltr'><strong>instituere</strong></span> <span class='ocrx_word' id='word_1_574' title='bbox 743 2055 899 2101; x_wconf 83' lang='lat' dir='ltr'><strong>aliquem</strong></span> <span class='ocrx_word' id='word_1_575' title='bbox 930 2056 993 2101; x_wconf 84' lang='lat' dir='ltr'><strong>qui</strong></span> <span class='ocrx_word' id='word_1_576' title='bbox 1012 2067 1084 2102; x_wconf 84' lang='lat' dir='ltr'><strong>pro</strong></span> <span class='ocrx_word' id='word_1_577' title='bbox 1108 2056 1191 2102; x_wconf 85' lang='lat' dir='ltr'><strong>ipsa</strong></span> <span class='ocrx_word' id='word_1_578' title='bbox 1214 2054 1451 2101; x_wconf 84' lang='lat' dir='ltr'><strong>respoudeat,</strong></span> <span class='ocrx_word' id='word_1_579' title='bbox 1483 2054 1540 2092; x_wconf 82' lang='lat' dir='ltr'><strong>vel</strong></span> <span class='ocrx_word' id='word_1_580' title='bbox 1561 2055 1668 2091; x_wconf 82' lang='lat' dir='ltr'><strong>etiam</strong></span> <span class='ocrx_word' id='word_1_581' title='bbox 1691 2055 1787 2091; x_wconf 88' lang='lat' dir='ltr'><strong>litem</strong></span> <span class='ocrx_word' id='word_1_582' title='bbox 1813 2059 2006 2102; x_wconf 86' lang='lat' dir='ltr'><strong>persecuta</strong></span> <span class='ocrx_word' id='word_1_583' title='bbox 2037 2056 2272 2092; x_wconf 79' lang='lat' dir='ltr'><strong>condemnata</strong></span> <span class='ocrx_word' id='word_1_584' title='bbox 2294 2058 2354 2101; x_wconf 76' lang='lat' dir='ltr'><strong>sit,</strong></span> 
     </span>
     <span class='ocr_line' id='line_1_41' title="bbox 124 2097 2352 2153; baseline 0.003 -21"><span class='ocrx_word' id='word_1_585' title='bbox 124 2109 170 2133; x_wconf 87' lang='lat' dir='ltr'><strong>ne</strong></span> <span class='ocrx_word' id='word_1_586' title='bbox 191 2098 245 2133; x_wconf 84' lang='lat' dir='ltr'><strong>sic</strong></span> <span class='ocrx_word' id='word_1_587' title='bbox 268 2097 411 2144; x_wconf 81' lang='lat' dir='ltr'><strong>quidem</strong></span> <span class='ocrx_word' id='word_1_588' title='bbox 435 2098 643 2135; x_wconf 84' lang='lat' dir='ltr'><strong>includatur</strong></span> <span class='ocrx_word' id='word_1_589' title='bbox 662 2103 725 2135; x_wconf 89' lang='lat' dir='ltr'><strong>aut</strong></span> <span class='ocrx_word' id='word_1_590' title='bbox 749 2100 986 2143; x_wconf 72' lang='lat' dir='ltr'><strong>custodiatur,</strong></span> <span class='ocrx_word' id='word_1_591' title='bbox 1010 2100 1075 2136; x_wconf 87' lang='lat' dir='ltr'><strong>sed</strong></span> <span class='ocrx_word' id='word_1_592' title='bbox 1098 2111 1191 2147; x_wconf 83' lang='lat' dir='ltr'><strong>quae</strong></span> <span class='ocrx_word' id='word_1_593' title='bbox 1215 2100 1374 2146; x_wconf 80' lang='lat' dir='ltr'><strong>leqitima</strong></span> <span class='ocrx_word' id='word_1_594' title='bbox 1396 2103 1482 2136; x_wconf 83' lang='lat' dir='ltr'><strong>sunt</strong></span> <span class='ocrx_word' id='word_1_595' title='bbox 1503 2099 1542 2134; x_wconf 81' lang='lat' dir='ltr'><strong>in</strong></span> <span class='ocrx_word' id='word_1_596' title='bbox 1557 2099 1664 2136; x_wconf 88' lang='lat' dir='ltr'><strong>rebus</strong></span> <span class='ocrx_word' id='word_1_597' title='bbox 1687 2100 1737 2135; x_wconf 86' lang='lat' dir='ltr'><strong>ad</strong></span> <span class='ocrx_word' id='word_1_598' title='bbox 1758 2111 1836 2136; x_wconf 89' lang='lat' dir='ltr'><strong>eam</strong></span> <span class='ocrx_word' id='word_1_599' title='bbox 1852 2101 2118 2152; x_wconf 72' lang='lat' dir='ltr'><strong>pertinentibus</strong></span> <span class='ocrx_word' id='word_1_600' title='bbox 2139 2100 2352 2153; x_wconf 66' lang='lat' dir='ltr'><strong>procedant.</strong></span> 
     </span>
     <span class='ocr_line' id='line_1_42' title="bbox 124 2142 2354 2227; baseline 0.002 -48"><span class='ocrx_word' id='word_1_601' title='bbox 124 2145 147 2179; x_wconf 91' lang='lat'>1</span> <span class='ocrx_word' id='word_1_602' title='bbox 193 2142 235 2178; x_wconf 75' lang='lat' dir='ltr'><strong>Sa·</strong></span> <span class='ocrx_word' id='word_1_603' title='bbox 250 2153 334 2179; x_wconf 83' lang='lat' dir='ltr'><strong>vero</strong></span> <span class='ocrx_word' id='word_1_604' title='bbox 359 2143 493 2179; x_wconf 74' lang='lat' dir='ltr'><strong>m‘men</strong></span> <span class='ocrx_word' id='word_1_605' title='bbox 515 2145 565 2181; x_wconf 84' lang='lat' dir='ltr'><strong>sit</strong></span> <span class='ocrx_word' id='word_1_606' title='bbox 587 2145 686 2191; x_wconf 81' lang='lat' dir='ltr'><strong>quod</strong></span> <span class='ocrx_word' id='word_1_607' title='bbox 708 2145 746 2180; x_wconf 79' lang='lat' dir='ltr'><strong>in</strong></span> <span class='ocrx_word' id='word_1_608' title='bbox 765 2145 948 2181; x_wconf 83' lang='lat' dir='ltr'><strong>mulierem</strong></span> <span class='ocrx_word' id='word_1_609' title='bbox 970 2147 1198 2227; x_wconf 46' lang='lat' dir='ltr'><strong>conferatur,</strong></span> <span class='ocrx_word' id='word_1_610' title='bbox 1220 2150 1376 2192; x_wconf 86' lang='lat' dir='ltr'><strong>propter</strong></span> <span class='ocrx_word' id='word_1_611' title='bbox 1399 2144 1499 2191; x_wconf 86' lang='lat' dir='ltr'><strong>quod</strong></span> <span class='ocrx_word' id='word_1_612' title='bbox 1521 2156 1599 2180; x_wconf 87' lang='lat' dir='ltr'><strong>eam</strong></span> <span class='ocrx_word' id='word_1_613' title='bbox 1622 2145 1797 2181; x_wconf 85' lang='lat' dir='ltr'><strong>custodiri</strong></span> <span class='ocrx_word' id='word_1_614' title='bbox 1815 2156 1958 2182; x_wconf 87' lang='lat' dir='ltr'><strong>necesse</strong></span> <span class='ocrx_word' id='word_1_615' title='bbox 1974 2150 2034 2188; x_wconf 78' lang='lat' dir='ltr'><strong>stt,</strong></span> <span class='ocrx_word' id='word_1_616' title='bbox 2055 2157 2086 2181; x_wconf 76' lang='lat' dir='ltr'><strong>st</strong></span> <span class='ocrx_word' id='word_1_617' title='bbox 2103 2146 2246 2192; x_wconf 70' lang='lat' dir='ltr'><strong>quedem</strong></span> <span class='ocrx_word' id='word_1_618' title='bbox 2265 2146 2354 2192; x_wconf 80' lang='lat' dir='ltr'><strong>fide-</strong></span> 
     </span>
     <span class='ocr_line' id='line_1_43' title="bbox 123 2189 2355 2243; baseline 0.003 -20"><span class='ocrx_word' id='word_1_619' title='bbox 123 2189 298 2224; x_wconf 88' lang='lat' dir='ltr'><strong>iussorem</strong></span> <span class='ocrx_word' id='word_1_620' title='bbox 315 2199 390 2235; x_wconf 84' lang='lat' dir='ltr'><strong>pro</strong></span> <span class='ocrx_word' id='word_1_621' title='bbox 402 2200 565 2236; x_wconf 85' lang='lat' dir='ltr'><strong>persona</strong></span> <span class='ocrx_word' id='word_1_622' title='bbox 587 2201 656 2225; x_wconf 82' lang='lat' dir='ltr'><strong>sua</strong></span> <span class='ocrx_word' id='word_1_623' title='bbox 679 2189 768 2226; x_wconf 84' lang='lat' dir='ltr'><strong>dare</strong></span> <span class='ocrx_word' id='word_1_624' title='bbox 785 2192 919 2237; x_wconf 78' lang='lat' dir='ltr'><strong>possit,</strong></span> <span class='ocrx_word' id='word_1_625' title='bbox 943 2192 977 2227; x_wconf 83' lang='lat' dir='ltr'><strong>ei</strong></span> <span class='ocrx_word' id='word_1_626' title='bbox 995 2191 1024 2236; x_wconf 82' lang='lat' dir='ltr'><strong><em>fi</em></strong></span> <span class='ocrx_word' id='word_1_627' title='bbox 1050 2202 1088 2227; x_wconf 85' lang='lat' dir='ltr'><strong>es</strong></span> <span class='ocrx_word' id='word_1_628' title='bbox 1111 2191 1300 2233; x_wconf 78' lang='lat' dir='ltr'><strong>habeatur,</strong></span> <span class='ocrx_word' id='word_1_629' title='bbox 1323 2191 1357 2226; x_wconf 79' lang='lat' dir='ltr'><strong>si</strong></span> <span class='ocrx_word' id='word_1_630' title='bbox 1372 2194 1492 2226; x_wconf 88' lang='lat' dir='ltr'><strong>autem</strong></span> <span class='ocrx_word' id='word_1_631' title='bbox 1515 2190 1690 2226; x_wconf 81' lang='lat' dir='ltr'><strong>iuraverit</strong></span> <span class='ocrx_word' id='word_1_632' title='bbox 1711 2201 1750 2226; x_wconf 86' lang='lat' dir='ltr'><strong>se</strong></span> <span class='ocrx_word' id='word_1_633' title='bbox 1764 2190 2012 2236; x_wconf 82' lang='lat' dir='ltr'><strong>fideiussorem</strong></span> <span class='ocrx_word' id='word_1_634' title='bbox 2033 2190 2122 2243; x_wconf 73' lang='lat' dir='ltr'><strong>dare</strong></span> <span class='ocrx_word' id='word_1_635' title='bbox 2145 2201 2218 2227; x_wconf 86' lang='lat' dir='ltr'><strong>non</strong></span> <span class='ocrx_word' id='word_1_636' title='bbox 2230 2202 2355 2238; x_wconf 79' lang='lat' dir='ltr'><strong>posse,</strong></span> 
     </span>
     <span class='ocr_line' id='line_1_44' title="bbox 123 2234 2356 2288; baseline 0.003 -20"><span class='ocrx_word' id='word_1_637' title='bbox 123 2234 340 2269; x_wconf 84' lang='lat' dir='ltr'><strong>iuratoriam</strong></span> <span class='ocrx_word' id='word_1_638' title='bbox 358 2235 561 2271; x_wconf 79' lang='lat' dir='ltr'><strong>cautionem</strong></span> <span class='ocrx_word' id='word_1_639' title='bbox 580 2241 742 2281; x_wconf 86' lang='lat' dir='ltr'><strong>praestet</strong></span> <span class='ocrx_word' id='word_1_640' title='bbox 756 2247 796 2272; x_wconf 85' lang='lat' dir='ltr'><strong>se</strong></span> <span class='ocrx_word' id='word_1_641' title='bbox 811 2237 848 2271; x_wconf 86' lang='lat' dir='ltr'><strong>in</strong></span> <span class='ocrx_word' id='word_1_642' title='bbox 864 2236 998 2272; x_wconf 76' lang='lat' dir='ltr'><strong>iudicio</strong></span> <span class='ocrx_word' id='word_1_643' title='bbox 1013 2241 1166 2283; x_wconf 83' lang='lat' dir='ltr'><strong>praesto</strong></span> <span class='ocrx_word' id='word_1_644' title='bbox 1181 2237 1275 2282; x_wconf 89' lang='lat' dir='ltr'><strong>fore.</strong></span> <span class='ocrx_word' id='word_1_645' title='bbox 1323 2234 1458 2279; x_wconf 81' lang='lat' dir='ltr'><strong>Quodsi</strong></span> <span class='ocrx_word' id='word_1_646' title='bbox 1475 2236 1727 2288; x_wconf 63' lang='lat' dir='ltr'><strong>pravissimum</strong></span> <span class='ocrx_word' id='word_1_647' title='bbox 1743 2247 1821 2272; x_wconf 87' lang='lat' dir='ltr'><strong>esse</strong></span> <span class='ocrx_word' id='word_1_648' title='bbox 1835 2236 2039 2272; x_wconf 81' lang='lat' dir='ltr'><strong>inveniatur</strong></span> <span class='ocrx_word' id='word_1_649' title='bbox 2054 2246 2187 2272; x_wconf 64' lang='lat' dir='ltr'><strong>crimen</strong></span> <span class='ocrx_word' id='word_1_650' title='bbox 2196 2241 2356 2284; x_wconf 80' lang='lat' dir='ltr'><strong>propter</strong></span> 
     </span>
     <span class='ocr_line' id='line_1_45' title="bbox 150 2279 2357 2334; baseline 0.002 -21"><span class='ocrx_word' id='word_1_651' title='bbox 150 2279 224 2314; x_wconf 90' lang='lat' dir='ltr'><strong>uod</strong></span> <span class='ocrx_word' id='word_1_652' title='bbox 254 2284 453 2323; x_wconf 78' lang='lat' dir='ltr'><strong>accusetur,</strong></span> <span class='ocrx_word' id='word_1_653' title='bbox 486 2281 523 2315; x_wconf 83' lang='lat' dir='ltr'><strong>in</strong></span> <span class='ocrx_word' id='word_1_654' title='bbox 546 2281 803 2316; x_wconf 83' lang='lat' dir='ltr'><strong>monasterium</strong></span> <span class='ocrx_word' id='word_1_655' title='bbox 833 2281 888 2318; x_wconf 86' lang='lat' dir='ltr'><strong>vel</strong></span> <span class='ocrx_word' id='word_1_656' title='bbox 910 2282 948 2316; x_wconf 85' lang='lat' dir='ltr'><strong>in</strong></span> <span class='ocrx_word' id='word_1_657' title='bbox 971 2282 1181 2318; x_wconf 82' lang='lat' dir='ltr'><strong>asceterium</strong></span> <span class='ocrx_word' id='word_1_658' title='bbox 1205 2281 1419 2324; x_wconf 59' lang='lat' dir='ltr'><strong>efficiatur,</strong></span> <span class='ocrx_word' id='word_1_659' title='bbox 1451 2284 1515 2317; x_wconf 88' lang='lat' dir='ltr'><strong>aut</strong></span> <span class='ocrx_word' id='word_1_660' title='bbox 1544 2281 1752 2317; x_wconf 78' lang='lat' dir='ltr'><strong>mulimbus</strong></span> <span class='ocrx_word' id='word_1_661' title='bbox 1782 2281 1949 2317; x_wconf 83' lang='lat' dir='ltr'><strong>tradatur</strong></span> <span class='ocrx_word' id='word_1_662' title='bbox 1972 2292 2045 2328; x_wconf 85' lang='lat' dir='ltr'><strong>per</strong></span> <span class='ocrx_word' id='word_1_663' title='bbox 2076 2292 2168 2327; x_wconf 87' lang='lat' dir='ltr'><strong>quas</strong></span> <span class='ocrx_word' id='word_1_664' title='bbox 2198 2288 2297 2334; x_wconf 78' lang='lat' dir='ltr'><strong>caste</strong></span> <span class='ocrx_word' id='word_1_665' title='bbox 2318 2285 2357 2318; x_wconf 80' lang='lat' dir='ltr'><strong>et</strong></span> 
     </span>
     <span class='ocr_line' id='line_1_46' title="bbox 138 2323 2355 2378; baseline 0.002 -19"><span class='ocrx_word' id='word_1_666' title='bbox 138 2323 321 2360; x_wconf 81' lang='lat' dir='ltr'><strong>ibe&#39;raliter</strong></span> <span class='ocrx_word' id='word_1_667' title='bbox 344 2325 519 2361; x_wconf 84' lang='lat' dir='ltr'><strong>custodiri</strong></span> <span class='ocrx_word' id='word_1_668' title='bbox 538 2326 673 2373; x_wconf 82' lang='lat' dir='ltr'><strong>possit,</strong></span> <span class='ocrx_word' id='word_1_669' title='bbox 706 2326 819 2362; x_wconf 82' lang='lat' dir='ltr'><strong>donec</strong></span> <span class='ocrx_word' id='word_1_670' title='bbox 842 2337 954 2362; x_wconf 86' lang='lat' dir='ltr'><strong>causa</strong></span> <span class='ocrx_word' id='word_1_671' title='bbox 977 2328 1054 2363; x_wconf 86' lang='lat' dir='ltr'><strong>eius</strong></span> <span class='ocrx_word' id='word_1_672' title='bbox 1063 2326 1269 2374; x_wconf 81' lang='lat' dir='ltr'><strong>,probetur;</strong></span> <span class='ocrx_word' id='word_1_673' title='bbox 1303 2331 1388 2361; x_wconf 85' lang='lat' dir='ltr'><strong>tunc</strong></span> <span class='ocrx_word' id='word_1_674' title='bbox 1410 2336 1494 2362; x_wconf 86' lang='lat' dir='ltr'><strong>vero</strong></span> <span class='ocrx_word' id='word_1_675' title='bbox 1521 2325 1588 2361; x_wconf 80' lang='lat' dir='ltr'><strong>illa</strong></span> <span class='ocrx_word' id='word_1_676' title='bbox 1610 2330 1738 2362; x_wconf 87' lang='lat' dir='ltr'><strong>contra</strong></span> <span class='ocrx_word' id='word_1_677' title='bbox 1768 2337 1847 2362; x_wconf 90' lang='lat' dir='ltr'><strong>eam</strong></span> <span class='ocrx_word' id='word_1_678' title='bbox 1867 2326 2070 2378; x_wconf 79' lang='lat' dir='ltr'><strong>procedant</strong></span> <span class='ocrx_word' id='word_1_679' title='bbox 2100 2337 2193 2372; x_wconf 84' lang='lat' dir='ltr'><strong>quae</strong></span> <span class='ocrx_word' id='word_1_680' title='bbox 2216 2326 2355 2373; x_wconf 71' lang='lat' dir='ltr'><strong>leqzbus</strong></span> 
     </span>
     <span class='ocr_line' id='line_1_47' title="bbox 124 2368 2355 2425; baseline 0.002 -21"><span class='ocrx_word' id='word_1_681' title='bbox 124 2368 273 2414; x_wconf 82' lang='lat' dir='ltr'><strong>definita</strong></span> <span class='ocrx_word' id='word_1_682' title='bbox 288 2375 382 2406; x_wconf 85' lang='lat' dir='ltr'><strong>sunt.</strong></span> <span class='ocrx_word' id='word_1_683' title='bbox 429 2370 556 2417; x_wconf 83' lang='lat' dir='ltr'><strong>Neque</strong></span> <span class='ocrx_word' id='word_1_684' title='bbox 570 2372 663 2406; x_wconf 84' lang='lat' dir='ltr'><strong>enim</strong></span> <span class='ocrx_word' id='word_1_685' title='bbox 685 2372 795 2407; x_wconf 83' lang='lat' dir='ltr'><strong>ullam</strong></span> <span class='ocrx_word' id='word_1_686' title='bbox 811 2372 993 2408; x_wconf 79' lang='lat' dir='ltr'><strong>mulierem</strong></span> <span class='ocrx_word' id='word_1_687' title='bbox 1010 2378 1170 2419; x_wconf 88' lang='lat' dir='ltr'><strong>propter</strong></span> <span class='ocrx_word' id='word_1_688' title='bbox 1192 2382 1338 2408; x_wconf 87' lang='lat' dir='ltr'><strong>causam</strong></span> <span class='ocrx_word' id='word_1_689' title='bbox 1359 2371 1610 2422; x_wconf 42' lang='lat' dir='ltr'><strong>pecunia-riam</strong></span> <span class='ocrx_word' id='word_1_690' title='bbox 1630 2371 1814 2418; x_wconf 82' lang='lat' dir='ltr'><strong>publicam</strong></span> <span class='ocrx_word' id='word_1_691' title='bbox 1838 2372 1894 2408; x_wconf 84' lang='lat' dir='ltr'><strong>vel</strong></span> <span class='ocrx_word' id='word_1_692' title='bbox 1907 2374 2094 2424; x_wconf 61' lang='lat' dir='ltr'><strong>prugatam</strong></span> <span class='ocrx_word' id='word_1_693' title='bbox 2117 2374 2181 2423; x_wconf 74' lang='lat' dir='ltr'><strong>aut</strong></span> <span class='ocrx_word' id='word_1_694' title='bbox 2197 2376 2355 2425; x_wconf 64' lang='lat' dir='ltr'><strong>propter</strong></span> 
     </span>
     <span class='ocr_line' id='line_1_48' title="bbox 124 2414 2353 2471; baseline 0.002 -22"><span class='ocrx_word' id='word_1_695' title='bbox 124 2415 257 2450; x_wconf 81' lang='lat' dir='ltr'><strong>crimen</strong></span> <span class='ocrx_word' id='word_1_696' title='bbox 283 2414 394 2450; x_wconf 85' lang='lat' dir='ltr'><strong>ullum</strong></span> <span class='ocrx_word' id='word_1_697' title='bbox 417 2421 482 2452; x_wconf 86' lang='lat' dir='ltr'><strong>aut</strong></span> <span class='ocrx_word' id='word_1_698' title='bbox 501 2417 539 2451; x_wconf 83' lang='lat' dir='ltr'><strong>in</strong></span> <span class='ocrx_word' id='word_1_699' title='bbox 555 2426 737 2452; x_wconf 84' lang='lat' dir='ltr'><strong>carcerem</strong></span> <span class='ocrx_word' id='word_1_700' title='bbox 760 2417 855 2453; x_wconf 83' lang='lat' dir='ltr'><strong>mitti</strong></span> <span class='ocrx_word' id='word_1_701' title='bbox 875 2422 939 2452; x_wconf 90' lang='lat' dir='ltr'><strong>aut</strong></span> <span class='ocrx_word' id='word_1_702' title='bbox 957 2429 1028 2464; x_wconf 86' lang='lat' dir='ltr'><strong>per</strong></span> <span class='ocrx_word' id='word_1_703' title='bbox 1044 2418 1142 2454; x_wconf 86' lang='lat' dir='ltr'><strong>viros</strong></span> <span class='ocrx_word' id='word_1_704' title='bbox 1165 2417 1340 2453; x_wconf 82' lang='lat' dir='ltr'><strong>custodiri</strong></span> <span class='ocrx_word' id='word_1_705' title='bbox 1359 2416 1609 2463; x_wconf 70' lang='lat' dir='ltr'><strong>permittamus,</strong></span> <span class='ocrx_word' id='word_1_706' title='bbox 1633 2427 1679 2453; x_wconf 82' lang='lat' dir='ltr'><strong>ne</strong></span> <span class='ocrx_word' id='word_1_707' title='bbox 1696 2427 1768 2469; x_wconf 82' lang='lat' dir='ltr'><strong>per</strong></span> <span class='ocrx_word' id='word_1_708' title='bbox 1790 2416 1993 2456; x_wconf 71' lang='lat' dir='ltr'><strong>huiusmodt</strong></span> <span class='ocrx_word' id='word_1_709' title='bbox 2017 2427 2224 2452; x_wconf 79' lang='lat' dir='ltr'><strong>occaszones</strong></span> <span class='ocrx_word' id='word_1_710' title='bbox 2246 2422 2353 2471; x_wconf 72' lang='lat' dir='ltr'><strong>caset-</strong></span> 
     </span>
     <span class='ocr_line' id='line_1_49' title="bbox 123 2460 2354 2509; baseline 0.003 -15"><span class='ocrx_word' id='word_1_711' title='bbox 123 2460 147 2495; x_wconf 79' lang='lat'>2</span> <span class='ocrx_word' id='word_1_712' title='bbox 195 2460 262 2495; x_wconf 83' lang='lat' dir='ltr'><strong>tati</strong></span> <span class='ocrx_word' id='word_1_713' title='bbox 283 2470 408 2495; x_wconf 84' lang='lat' dir='ltr'><strong>earum</strong></span> <span class='ocrx_word' id='word_1_714' title='bbox 431 2461 600 2497; x_wconf 83' lang='lat' dir='ltr'><strong>iniuriam</strong></span> <span class='ocrx_word' id='word_1_715' title='bbox 633 2462 767 2507; x_wconf 82' lang='lat' dir='ltr'><strong>inferri</strong></span> <span class='ocrx_word' id='word_1_716' title='bbox 790 2464 1046 2509; x_wconf 82' lang='lat' dir='ltr'><strong>comperiatur.</strong></span> <span class='ocrx_word' id='word_1_717' title='bbox 1149 2462 1369 2499; x_wconf 74' lang='lat' dir='ltr'><strong>Monachum</strong></span> <span class='ocrx_word' id='word_1_718' title='bbox 1392 2472 1476 2498; x_wconf 82' lang='lat' dir='ltr'><strong>vero</strong></span> <span class='ocrx_word' id='word_1_719' title='bbox 1508 2461 1565 2498; x_wconf 84' lang='lat' dir='ltr'><strong>vel</strong></span> <span class='ocrx_word' id='word_1_720' title='bbox 1583 2462 1892 2498; x_wconf 70' lang='lat' dir='ltr'><strong>sanctamonialem</strong></span> <span class='ocrx_word' id='word_1_721' title='bbox 1920 2472 1990 2509; x_wconf 83' lang='lat' dir='ltr'><strong>per</strong></span> <span class='ocrx_word' id='word_1_722' title='bbox 2012 2461 2150 2497; x_wconf 79' lang='lat' dir='ltr'><strong>nullam</strong></span> <span class='ocrx_word' id='word_1_723' title='bbox 2179 2464 2354 2500; x_wconf 63' lang='lat' dir='ltr'><strong>acconem</strong></span> 
     </span>
     <span class='ocr_line' id='line_1_50' title="bbox 124 2506 1224 2544; baseline 0.004 -5"><span class='ocrx_word' id='word_1_724' title='bbox 124 2515 144 2540; x_wconf 91' lang='lat' dir='ltr'><strong>e</strong></span> <span class='ocrx_word' id='word_1_725' title='bbox 165 2506 395 2541; x_wconf 67' lang='lat' dir='ltr'><strong>monasterus</strong></span> <span class='ocrx_word' id='word_1_726' title='bbox 416 2507 493 2542; x_wconf 86' lang='lat' dir='ltr'><strong>suis</strong></span> <span class='ocrx_word' id='word_1_727' title='bbox 516 2507 573 2543; x_wconf 86' lang='lat' dir='ltr'><strong>vel</strong></span> <span class='ocrx_word' id='word_1_728' title='bbox 595 2507 779 2543; x_wconf 75' lang='lat' dir='ltr'><strong>asceteriis</strong></span> <span class='ocrx_word' id='word_1_729' title='bbox 802 2507 965 2544; x_wconf 73' lang='lat' dir='ltr'><strong>abstrahi</strong></span> <span class='ocrx_word' id='word_1_730' title='bbox 986 2507 1224 2544; x_wconf 84' lang='lat' dir='ltr'><strong>concedimus.</strong></span> 
     </span>
    </p>
   </div>
   <div class='ocr_carea' id='block_1_6' title="bbox 2147 2603 2340 2612">
    <p class='ocr_par' dir='ltr' id='par_1_9' title="bbox 2147 2603 2340 2612">
     <span class='ocr_line' id='line_1_51' title="bbox 2147 2603 2340 2612; baseline 0 1242"><span class='ocrx_word' id='word_1_731' title='bbox 2147 2603 2340 2612; x_wconf 95' lang='lat' dir='ltr'><strong> </strong></span> 
     </span>
    </p>
   </div>
   <div class='ocr_carea' id='block_1_7' title="bbox 123 2659 2354 2942">
    <p class='ocr_par' dir='ltr' id='par_1_10' title="bbox 123 2659 2354 2942">
     <span class='ocr_line' id='line_1_52' title="bbox 191 2659 2353 2718; baseline 0 -22"><span class='ocrx_word' id='word_1_732' title='bbox 191 2664 207 2696; x_wconf 87' lang='lat'>1</span> <span class='ocrx_word' id='word_1_733' title='bbox 233 2661 439 2708; x_wconf 79' lang='grc' dir='ltr'><strong><em>γαμηθεῖσα</em></strong></span> <span class='ocrx_word' id='word_1_734' title='bbox 472 2659 578 2709; x_wconf 75' lang='grc' dir='ltr'><strong><em>ἀνδρὶ</em></strong></span> <span class='ocrx_word' id='word_1_735' title='bbox 604 2664 655 2697; x_wconf 78' lang='lat' dir='ltr'><strong>Bt</strong></span> <span class='ocrx_word' id='word_1_736' title='bbox 680 2665 692 2707; x_wconf 89' lang='grc' dir='ltr'><strong>ΙΙ</strong></span> <span class='ocrx_word' id='word_1_737' title='bbox 720 2666 740 2698; x_wconf 97' lang='grc'><strong>2</strong></span> <span class='ocrx_word' id='word_1_738' title='bbox 764 2661 873 2707; x_wconf 76' lang='grc' dir='ltr'><strong><em>αὐτῆς</em></strong></span> <span class='ocrx_word' id='word_1_739' title='bbox 898 2666 927 2698; x_wconf 88' lang='lat' dir='ltr'><em>L</em></span> <span class='ocrx_word' id='word_1_740' title='bbox 952 2665 964 2708; x_wconf 74' lang='grc' dir='ltr'><strong>Ι]</strong></span> <span class='ocrx_word' id='word_1_741' title='bbox 995 2667 1015 2699; x_wconf 87' lang='lat'><strong>3</strong></span> <span class='ocrx_word' id='word_1_742' title='bbox 1044 2665 1113 2700; x_wconf 85' lang='grc' dir='ltr'><strong>τὸν</strong></span> <span class='ocrx_word' id='word_1_743' title='bbox 1144 2678 1204 2699; x_wconf 86' lang='lat' dir='ltr'><strong>om.</strong></span> <span class='ocrx_word' id='word_1_744' title='bbox 1271 2663 1406 2707; x_wconf 79' lang='lat' dir='ltr'><strong>spoliati</strong></span> <span class='ocrx_word' id='word_1_745' title='bbox 1437 2663 1473 2698; x_wconf 98' lang='lat' dir='ltr'><strong><em>V</em></strong></span> <span class='ocrx_word' id='word_1_746' title='bbox 1502 2663 1654 2707; x_wconf 78' lang='lat' dir='ltr'><strong>spoliatis</strong></span> <span class='ocrx_word' id='word_1_747' title='bbox 1679 2662 1731 2697; x_wconf 69' lang='grc' dir='ltr'><strong>Τ2</strong></span> <span class='ocrx_word' id='word_1_748' title='bbox 1748 2665 1767 2697; x_wconf 80' lang='grc' dir='ltr'>ὀ</span> <span class='ocrx_word' id='word_1_749' title='bbox 1784 2676 1806 2697; x_wconf 85' lang='grc' dir='ltr'><strong><em>υ</em></strong></span> <span class='ocrx_word' id='word_1_750' title='bbox 1834 2662 1849 2708; x_wconf 80' lang='grc' dir='ltr'><strong>ΙΙ</strong></span> <span class='ocrx_word' id='word_1_751' title='bbox 1875 2663 2020 2706; x_wconf 82' lang='lat' dir='ltr'><strong>cingulis</strong></span> <span class='ocrx_word' id='word_1_752' title='bbox 2043 2676 2064 2697; x_wconf 83' lang='grc' dir='ltr'><strong>υ</strong></span> <span class='ocrx_word' id='word_1_753' title='bbox 2090 2662 2104 2708; x_wconf 81' lang='grc' dir='ltr'><strong>[Ι</strong></span> <span class='ocrx_word' id='word_1_754' title='bbox 2133 2665 2154 2699; x_wconf 90' lang='grc'>8</span> <span class='ocrx_word' id='word_1_755' title='bbox 2178 2663 2285 2717; x_wconf 65' lang='lat' dir='ltr'><strong>subici</strong></span> <span class='ocrx_word' id='word_1_756' title='bbox 2303 2665 2353 2718; x_wconf 62' lang='lat' dir='ltr'><strong>pt]</strong></span> 
     </span>
     <span class='ocr_line' id='line_1_53' title="bbox 124 2707 2353 2755; baseline 0 -13"><span class='ocrx_word' id='word_1_757' title='bbox 124 2708 157 2742; x_wconf 99' lang='lat' dir='ltr'><em>L</em></span> <span class='ocrx_word' id='word_1_758' title='bbox 179 2707 192 2751; x_wconf 83' lang='grc'>[1</span> <span class='ocrx_word' id='word_1_759' title='bbox 216 2710 239 2742; x_wconf 88' lang='grc'>4</span> <span class='ocrx_word' id='word_1_760' title='bbox 261 2708 458 2752; x_wconf 81' lang='grc' dir='ltr'><strong><em>εἰρημένων</em></strong></span> <span class='ocrx_word' id='word_1_761' title='bbox 485 2710 551 2742; x_wconf 87' lang='lat' dir='ltr'><strong>LB</strong></span> <span class='ocrx_word' id='word_1_762' title='bbox 575 2708 588 2747; x_wconf 79' lang='grc' dir='ltr'><strong>ΙΙ</strong></span> <span class='ocrx_word' id='word_1_763' title='bbox 618 2710 637 2742; x_wconf 85' lang='grc'>5</span> <span class='ocrx_word' id='word_1_764' title='bbox 660 2712 797 2753; x_wconf 80' lang='grc' dir='ltr'><strong><em>μείζων</em></strong></span> <span class='ocrx_word' id='word_1_765' title='bbox 821 2709 944 2755; x_wconf 81' lang='grc' dir='ltr'><strong><em>ἅρχων</em></strong></span> <span class='ocrx_word' id='word_1_766' title='bbox 967 2710 1032 2753; x_wconf 81' lang='grc' dir='ltr'><strong><em>εἴη]</em></strong></span> <span class='ocrx_word' id='word_1_767' title='bbox 1064 2711 1205 2744; x_wconf 75' lang='lat' dir='ltr'><strong>maiores</strong></span> <span class='ocrx_word' id='word_1_768' title='bbox 1272 2709 1411 2743; x_wconf 82' lang='lat' dir='ltr'><strong>subitiet</strong></span> <span class='ocrx_word' id='word_1_769' title='bbox 1431 2710 1493 2743; x_wconf 88' lang='lat' dir='ltr'><strong>VT</strong></span> <span class='ocrx_word' id='word_1_770' title='bbox 1512 2708 1704 2742; x_wconf 78' lang='lat' dir='ltr'><strong>subiaceant</strong></span> <span class='ocrx_word' id='word_1_771' title='bbox 1725 2710 1759 2742; x_wconf 80' lang='lat' dir='ltr'><strong>et</strong></span> <span class='ocrx_word' id='word_1_772' title='bbox 1779 2710 1797 2742; x_wconf 83' lang='lat' dir='ltr'><em>b</em></span> <span class='ocrx_word' id='word_1_773' title='bbox 1819 2708 1832 2752; x_wconf 84' lang='grc' dir='ltr'><strong>[Ι</strong></span> <span class='ocrx_word' id='word_1_774' title='bbox 1858 2709 1957 2742; x_wconf 86' lang='lat' dir='ltr'><strong>exilio</strong></span> <span class='ocrx_word' id='word_1_775' title='bbox 1983 2712 1999 2742; x_wconf 86' lang='lat' dir='ltr'><em>b</em></span> <span class='ocrx_word' id='word_1_776' title='bbox 2013 2722 2033 2742; x_wconf 89' lang='lat' dir='ltr'><em>v</em></span> <span class='ocrx_word' id='word_1_777' title='bbox 2050 2709 2063 2753; x_wconf 92' lang='grc' dir='ltr'><strong>ΙΙ</strong></span> <span class='ocrx_word' id='word_1_778' title='bbox 2088 2711 2108 2744; x_wconf 85' lang='grc'>9</span> <span class='ocrx_word' id='word_1_779' title='bbox 2132 2708 2279 2743; x_wconf 66' lang='lat' dir='ltr'><strong>noluerit</strong></span> <span class='ocrx_word' id='word_1_780' title='bbox 2301 2720 2353 2743; x_wconf 80' lang='lat' dir='ltr'><strong>ui-</strong></span> 
     </span>
     <span class='ocr_line' id='line_1_54' title="bbox 123 2751 2354 2807; baseline 0.001 -22"><span class='ocrx_word' id='word_1_781' title='bbox 123 2753 250 2786; x_wconf 87' lang='lat' dir='ltr'><strong>iudices</strong></span> <span class='ocrx_word' id='word_1_782' title='bbox 273 2753 341 2785; x_wconf 82' lang='lat' dir='ltr'><strong>sint</strong></span> <span class='ocrx_word' id='word_1_783' title='bbox 364 2766 382 2789; x_wconf 85' lang='grc' dir='ltr'><strong><em>ς</em></strong></span> <span class='ocrx_word' id='word_1_784' title='bbox 411 2754 423 2796; x_wconf 80' lang='grc' dir='ltr'><strong>[Ι</strong></span> <span class='ocrx_word' id='word_1_785' title='bbox 454 2751 574 2798; x_wconf 78' lang='grc' dir='ltr'><strong><em>λίτρας</em></strong></span> <span class='ocrx_word' id='word_1_786' title='bbox 597 2755 628 2787; x_wconf 91' lang='lat' dir='ltr'><em>L</em></span> <span class='ocrx_word' id='word_1_787' title='bbox 655 2754 668 2798; x_wconf 79' lang='lat' dir='ltr'>ss</span> <span class='ocrx_word' id='word_1_788' title='bbox 698 2751 831 2796; x_wconf 75' lang='grc' dir='ltr'><strong><em>ἥττων]</em></strong></span> <span class='ocrx_word' id='word_1_789' title='bbox 870 2756 1013 2789; x_wconf 83' lang='lat' dir='ltr'><strong>minores</strong></span> <span class='ocrx_word' id='word_1_790' title='bbox 1036 2759 1117 2789; x_wconf 80' lang='lat' dir='ltr'><strong>sunt</strong></span> <span class='ocrx_word' id='word_1_791' title='bbox 1140 2768 1159 2793; x_wconf 85' lang='grc' dir='ltr'><em>ς</em></span> <span class='ocrx_word' id='word_1_792' title='bbox 1193 2755 1205 2799; x_wconf 81' lang='grc' dir='ltr'><strong>Η</strong></span> <span class='ocrx_word' id='word_1_793' title='bbox 1272 2755 1422 2796; x_wconf 82' lang='lat' dir='ltr'><strong>stituere]</strong></span> <span class='ocrx_word' id='word_1_794' title='bbox 1439 2754 1625 2787; x_wconf 80' lang='lat' dir='ltr'><strong>instituerit</strong></span> <span class='ocrx_word' id='word_1_795' title='bbox 1641 2753 1690 2787; x_wconf 61' lang='grc' dir='ltr'><strong>Β*</strong></span> <span class='ocrx_word' id='word_1_796' title='bbox 1714 2764 1782 2787; x_wconf 88' lang='lat' dir='ltr'><strong>non</strong></span> <span class='ocrx_word' id='word_1_797' title='bbox 1797 2754 1983 2787; x_wconf 79' lang='lat' dir='ltr'><strong>instituerit</strong></span> <span class='ocrx_word' id='word_1_798' title='bbox 1996 2754 2045 2788; x_wconf 85' lang='lat' dir='ltr'><strong>R²</strong></span> <span class='ocrx_word' id='word_1_799' title='bbox 2062 2754 2075 2798; x_wconf 82' lang='lat' dir='ltr'>ss</span> <span class='ocrx_word' id='word_1_800' title='bbox 2090 2753 2203 2796; x_wconf 76' lang='lat' dir='ltr'><strong>alique</strong></span> <span class='ocrx_word' id='word_1_801' title='bbox 2217 2754 2266 2788; x_wconf 70' lang='lat'><strong>12¹</strong></span> <span class='ocrx_word' id='word_1_802' title='bbox 2291 2754 2354 2807; x_wconf 71' lang='lat' dir='ltr'><strong>ali-</strong></span> 
     </span>
     <span class='ocr_line' id='line_1_55' title="bbox 126 2796 2354 2845; baseline -0 -12"><span class='ocrx_word' id='word_1_803' title='bbox 126 2800 146 2832; x_wconf 88' lang='grc'><strong>6</strong></span> <span class='ocrx_word' id='word_1_804' title='bbox 163 2796 295 2839; x_wconf 82' lang='grc' dir='ltr'><strong><em>ποινὴν</em></strong></span> <span class='ocrx_word' id='word_1_805' title='bbox 311 2798 361 2831; x_wconf 79' lang='lat' dir='ltr'><strong>B⁶</strong></span> <span class='ocrx_word' id='word_1_806' title='bbox 376 2798 388 2838; x_wconf 85' lang='grc' dir='ltr'><strong>ΙΙ</strong></span> <span class='ocrx_word' id='word_1_807' title='bbox 409 2801 426 2831; x_wconf 84' lang='lat'>7</span> <span class='ocrx_word' id='word_1_808' title='bbox 446 2799 505 2832; x_wconf 82' lang='grc' dir='ltr'><strong><em>ἐπὶ</em></strong></span> <span class='ocrx_word' id='word_1_809' title='bbox 521 2801 593 2832; x_wconf 78' lang='grc' dir='ltr'><strong><em>τοῖς</em></strong></span> <span class='ocrx_word' id='word_1_810' title='bbox 608 2803 875 2845; x_wconf 72' lang='grc' dir='ltr'><strong><em>προειρημένοις</em></strong></span> <span class='ocrx_word' id='word_1_811' title='bbox 889 2803 943 2844; x_wconf 87' lang='lat' dir='ltr'><strong>(cf.</strong></span> <span class='ocrx_word' id='word_1_812' title='bbox 958 2803 991 2843; x_wconf 84' lang='lat'><strong>4)</strong></span> <span class='ocrx_word' id='word_1_813' title='bbox 1007 2802 1204 2845; x_wconf 77' lang='lat' dir='ltr'><strong>Homberyk]</strong></span> <span class='ocrx_word' id='word_1_814' title='bbox 1273 2800 1353 2842; x_wconf 85' lang='lat' dir='ltr'><strong>quid</strong></span> <span class='ocrx_word' id='word_1_815' title='bbox 1376 2813 1397 2833; x_wconf 92' lang='grc' dir='ltr'><strong>υ</strong></span> <span class='ocrx_word' id='word_1_816' title='bbox 1420 2800 1426 2843; x_wconf 92' lang='grc' dir='ltr'>Ι</span> <span class='ocrx_word' id='word_1_817' title='bbox 1447 2802 1486 2834; x_wconf 86' lang='grc'>10</span> <span class='ocrx_word' id='word_1_818' title='bbox 1504 2810 1574 2833; x_wconf 81' lang='lat' dir='ltr'><strong>eam</strong></span> <span class='ocrx_word' id='word_1_819' title='bbox 1595 2801 1612 2833; x_wconf 81' lang='grc' dir='ltr'><strong>ὁ</strong></span> <span class='ocrx_word' id='word_1_820' title='bbox 1628 2799 1640 2843; x_wconf 88' lang='grc' dir='ltr'><strong>ΙΙ</strong></span> <span class='ocrx_word' id='word_1_821' title='bbox 1658 2799 1801 2840; x_wconf 81' lang='lat' dir='ltr'><strong>addicta]</strong></span> <span class='ocrx_word' id='word_1_822' title='bbox 1826 2801 1885 2832; x_wconf 81' lang='lat' dir='ltr'><strong>aut</strong></span> <span class='ocrx_word' id='word_1_823' title='bbox 1900 2799 1990 2832; x_wconf 78' lang='lat' dir='ltr'><strong>dicta</strong></span> <span class='ocrx_word' id='word_1_824' title='bbox 2003 2812 2025 2832; x_wconf 84' lang='grc' dir='ltr'><strong>υ</strong></span> <span class='ocrx_word' id='word_1_825' title='bbox 2048 2800 2139 2832; x_wconf 76' lang='lat' dir='ltr'><strong>uicta</strong></span> <span class='ocrx_word' id='word_1_826' title='bbox 2157 2799 2191 2832; x_wconf 85' lang='lat' dir='ltr'><strong><em>R</em></strong></span> <span class='ocrx_word' id='word_1_827' title='bbox 2206 2799 2220 2844; x_wconf 72' lang='lat' dir='ltr'>fl</span> <span class='ocrx_word' id='word_1_828' title='bbox 2240 2802 2278 2834; x_wconf 89' lang='lat'><strong>11</strong></span> <span class='ocrx_word' id='word_1_829' title='bbox 2296 2801 2354 2843; x_wconf 74' lang='lat' dir='ltr'><strong>nt]</strong></span> 
     </span>
     <span class='ocr_line' id='line_1_56' title="bbox 125 2840 2354 2890; baseline 0 -13"><span class='ocrx_word' id='word_1_830' title='bbox 125 2845 186 2877; x_wconf 70' lang='grc' dir='ltr'><strong><em>ἐπὶ</em></strong></span> <span class='ocrx_word' id='word_1_831' title='bbox 209 2845 287 2876; x_wconf 69' lang='grc' dir='ltr'><strong><em>ταῖς</em></strong></span> <span class='ocrx_word' id='word_1_832' title='bbox 310 2844 580 2888; x_wconf 79' lang='grc' dir='ltr'><strong><em>προειρημέναις</em></strong></span> <span class='ocrx_word' id='word_1_833' title='bbox 603 2840 726 2888; x_wconf 78' lang='grc' dir='ltr'><strong><em>ἀρχαῖς</em></strong></span> <span class='ocrx_word' id='word_1_834' title='bbox 742 2847 864 2887; x_wconf 91' lang='lat' dir='ltr'><em>MLB,</em></span> <span class='ocrx_word' id='word_1_835' title='bbox 889 2859 927 2879; x_wconf 76' lang='lat' dir='ltr'><strong>ex</strong></span> <span class='ocrx_word' id='word_1_836' title='bbox 951 2858 971 2882; x_wconf 83' lang='grc' dir='ltr'><strong>ς·</strong></span> <span class='ocrx_word' id='word_1_837' title='bbox 994 2846 1123 2880; x_wconf 77' lang='grc' dir='ltr'><strong><em>αἰτίαις</em></strong></span> <span class='ocrx_word' id='word_1_838' title='bbox 1143 2859 1205 2890; x_wconf 88' lang='lat' dir='ltr'><strong>pro</strong></span> <span class='ocrx_word' id='word_1_839' title='bbox 1273 2845 1344 2878; x_wconf 87' lang='lat' dir='ltr'><strong>siue</strong></span> <span class='ocrx_word' id='word_1_840' title='bbox 1370 2848 1387 2879; x_wconf 89' lang='lat' dir='ltr'><strong><em>b</em></strong></span> <span class='ocrx_word' id='word_1_841' title='bbox 1406 2844 1412 2889; x_wconf 89' lang='grc' dir='ltr'>Ι</span> <span class='ocrx_word' id='word_1_842' title='bbox 1435 2844 1578 2877; x_wconf 83' lang='lat' dir='ltr'><strong>includit</strong></span> <span class='ocrx_word' id='word_1_843' title='bbox 1603 2846 1620 2878; x_wconf 85' lang='lat' dir='ltr'><strong><em>b</em></strong></span> <span class='ocrx_word' id='word_1_844' title='bbox 1638 2844 1651 2888; x_wconf 79' lang='grc' dir='ltr'><strong>ΙΙ</strong></span> <span class='ocrx_word' id='word_1_845' title='bbox 1668 2844 1834 2877; x_wconf 84' lang='lat' dir='ltr'><strong>custodire</strong></span> <span class='ocrx_word' id='word_1_846' title='bbox 1851 2845 1910 2878; x_wconf 87' lang='lat' dir='ltr'><strong>Tb</strong></span> <span class='ocrx_word' id='word_1_847' title='bbox 1926 2844 1938 2889; x_wconf 87' lang='grc' dir='ltr'><strong>ΙΙ</strong></span> <span class='ocrx_word' id='word_1_848' title='bbox 1957 2844 2139 2886; x_wconf 73' lang='lat' dir='ltr'><strong>legitimam</strong></span> <span class='ocrx_word' id='word_1_849' title='bbox 2161 2846 2179 2878; x_wconf 83' lang='lat' dir='ltr'><strong><em>b</em></strong></span> <span class='ocrx_word' id='word_1_850' title='bbox 2202 2844 2354 2888; x_wconf 73' lang='lat' dir='ltr'><strong>legitima</strong></span> 
     </span>
     <span class='ocr_line' id='line_1_57' title="bbox 125 2885 2353 2942; baseline 0.001 -20"><span class='ocrx_word' id='word_1_851' title='bbox 125 2885 245 2933; x_wconf 69' lang='grc' dir='ltr'><strong><em>ἀρχαῖς</em></strong></span> <span class='ocrx_word' id='word_1_852' title='bbox 270 2901 351 2922; x_wconf 88' lang='lat' dir='ltr'><strong>corr.</strong></span> <span class='ocrx_word' id='word_1_853' title='bbox 376 2889 594 2923; x_wconf 78' lang='lat' dir='ltr'><strong>Lcunclavius</strong></span> <span class='ocrx_word' id='word_1_854' title='bbox 618 2890 742 2923; x_wconf 86' lang='lat' dir='ltr'><strong>Notatt.</strong></span> <span class='ocrx_word' id='word_1_855' title='bbox 759 2891 804 2923; x_wconf 92' lang='lat' dir='ltr'><strong>II</strong></span> <span class='ocrx_word' id='word_1_856' title='bbox 823 2892 900 2934; x_wconf 78' lang='lat'><strong>272,</strong></span> <span class='ocrx_word' id='word_1_857' title='bbox 922 2894 1020 2925; x_wconf 83' lang='lat' dir='ltr'><strong>verba</strong></span> <span class='ocrx_word' id='word_1_858' title='bbox 1044 2900 1205 2934; x_wconf 83' lang='lat' dir='ltr'><strong>tamquam</strong></span> <span class='ocrx_word' id='word_1_859' title='bbox 1272 2891 1347 2923; x_wconf 85' lang='lat' dir='ltr'><strong>iura</strong></span> <span class='ocrx_word' id='word_1_860' title='bbox 1371 2891 1501 2934; x_wconf 74' lang='lat' dir='ltr'><strong>Rvulq.</strong></span> <span class='ocrx_word' id='word_1_861' title='bbox 1518 2890 1529 2933; x_wconf 89' lang='grc' dir='ltr'><strong>ΙΙ</strong></span> <span class='ocrx_word' id='word_1_862' title='bbox 1550 2890 1592 2923; x_wconf 83' lang='grc'><strong>12</strong></span> <span class='ocrx_word' id='word_1_863' title='bbox 1616 2890 1698 2922; x_wconf 80' lang='lat' dir='ltr'><strong>eisv</strong></span> <span class='ocrx_word' id='word_1_864' title='bbox 1715 2889 1727 2933; x_wconf 91' lang='grc' dir='ltr'><strong>ΙΙ</strong></span> <span class='ocrx_word' id='word_1_865' title='bbox 1748 2891 1789 2923; x_wconf 88' lang='grc'><strong>14</strong></span> <span class='ocrx_word' id='word_1_866' title='bbox 1811 2889 2005 2942; x_wconf 47' lang='lat' dir='ltr'><strong>mulieris-v</strong></span> <span class='ocrx_word' id='word_1_867' title='bbox 2019 2889 2032 2934; x_wconf 85' lang='grc' dir='ltr'><strong>ΙΙ</strong></span> <span class='ocrx_word' id='word_1_868' title='bbox 2051 2889 2139 2932; x_wconf 83' lang='lat' dir='ltr'><strong>quod</strong></span> <span class='ocrx_word' id='word_1_869' title='bbox 2163 2888 2271 2942; x_wconf 66' lang='lat'><strong>121115</strong></span> <span class='ocrx_word' id='word_1_870' title='bbox 2295 2900 2353 2924; x_wconf 83' lang='lat' dir='ltr'><strong>ne·</strong></span> 
     </span>
    </p>
   </div>
   <div class='ocr_carea' id='block_1_8' title="bbox 123 2929 1704 2980">
    <p class='ocr_par' dir='ltr' id='par_1_11' title="bbox 123 2929 1704 2980">
     <span class='ocr_line' id='line_1_58' title="bbox 123 2929 1704 2980; baseline 0.003 -13"><span class='ocrx_word' id='word_1_871' title='bbox 123 2936 283 2979; x_wconf 76' lang='lat' dir='ltr'><strong>ylossema</strong></span> <span class='ocrx_word' id='word_1_872' title='bbox 294 2946 326 2968; x_wconf 85' lang='lat' dir='ltr'><strong>v.</strong></span> <span class='ocrx_word' id='word_1_873' title='bbox 342 2929 460 2967; x_wconf 77' lang='grc' dir='ltr'><strong><em>αὐτοῖς</em></strong></span> <span class='ocrx_word' id='word_1_874' title='bbox 472 2935 608 2967; x_wconf 82' lang='lat' dir='ltr'><strong>delenda</strong></span> <span class='ocrx_word' id='word_1_875' title='bbox 622 2936 744 2968; x_wconf 84' lang='lat' dir='ltr'><strong>iudicat</strong></span> <span class='ocrx_word' id='word_1_876' title='bbox 756 2936 942 2970; x_wconf 81' lang='lat' dir='ltr'><strong>Zachariae</strong></span> <span class='ocrx_word' id='word_1_877' title='bbox 960 2936 972 2980; x_wconf 87' lang='grc' dir='ltr'><strong>ΙΙ</strong></span> <span class='ocrx_word' id='word_1_878' title='bbox 989 2938 1009 2971; x_wconf 89' lang='grc'>8</span> <span class='ocrx_word' id='word_1_879' title='bbox 1022 2935 1205 2980; x_wconf 76' lang='grc' dir='ltr'><strong><em>βασάνοις]</em></strong></span> <span class='ocrx_word' id='word_1_880' title='bbox 1697 2934 1704 2941; x_wconf 76' lang='grc'><strong>’</strong></span> 
     </span>
    </p>
   </div>
   <div class='ocr_carea' id='block_1_9' title="bbox 124 2934 2354 3082">
    <p class='ocr_par' dir='ltr' id='par_1_12' title="bbox 124 2934 2354 3082">
     <span class='ocr_line' id='line_1_59' title="bbox 1273 2934 2354 2980; baseline 0 -12"><span class='ocrx_word' id='word_1_881' title='bbox 1273 2936 1413 2968; x_wconf 84' lang='lat' dir='ltr'><strong>cessario</strong></span> <span class='ocrx_word' id='word_1_882' title='bbox 1430 2938 1478 2968; x_wconf 82' lang='lat' dir='ltr'><strong>est</strong></span> <span class='ocrx_word' id='word_1_883' title='bbox 1493 2935 1598 2977; x_wconf 83' lang='lat' dir='ltr'><strong>ipsam</strong></span> <span class='ocrx_word' id='word_1_884' title='bbox 1620 2937 1637 2968; x_wconf 78' lang='lat' dir='ltr'><strong><em>b</em></strong></span> <span class='ocrx_word' id='word_1_885' title='bbox 1649 2947 1670 2967; x_wconf 81' lang='grc' dir='ltr'><strong><em>υ</em></strong></span> <span class='ocrx_word' id='word_1_886' title='bbox 1693 2945 1801 2978; x_wconf 78' lang='lat' dir='ltr'><strong>lpsam</strong></span> <span class='ocrx_word' id='word_1_887' title='bbox 1817 2945 2036 2968; x_wconf 80' lang='lat' dir='ltr'><strong>necessarium</strong></span> <span class='ocrx_word' id='word_1_888' title='bbox 2053 2936 2103 2967; x_wconf 75' lang='lat' dir='ltr'><strong>est</strong></span> <span class='ocrx_word' id='word_1_889' title='bbox 2120 2934 2178 2978; x_wconf 58' lang='grc' dir='ltr'><strong>ΤΒ</strong></span> <span class='ocrx_word' id='word_1_890' title='bbox 2201 2943 2272 2977; x_wconf 78' lang='lat' dir='ltr'><strong>ipsa</strong></span> <span class='ocrx_word' id='word_1_891' title='bbox 2291 2935 2326 2968; x_wconf 91' lang='lat' dir='ltr'><strong><em>V</em></strong></span> <span class='ocrx_word' id='word_1_892' title='bbox 2341 2934 2354 2980; x_wconf 81' lang='grc' dir='ltr'><strong>ΙΙ</strong></span> 
     </span>
     <span class='ocr_line' id='line_1_60' title="bbox 124 2975 2353 3027; baseline -0 -14"><span class='ocrx_word' id='word_1_893' title='bbox 124 2978 241 3023; x_wconf 82' lang='lat' dir='ltr'><strong>poenis</strong></span> <span class='ocrx_word' id='word_1_894' title='bbox 258 2990 278 3015; x_wconf 78' lang='grc' dir='ltr'><em>ς</em></span> <span class='ocrx_word' id='word_1_895' title='bbox 293 2978 307 3018; x_wconf 87' lang='grc' dir='ltr'><strong>ΙΙ</strong></span> <span class='ocrx_word' id='word_1_896' title='bbox 324 2981 344 3013; x_wconf 87' lang='lat'>9</span> <span class='ocrx_word' id='word_1_897' title='bbox 362 2978 404 3020; x_wconf 85' lang='grc' dir='ltr'><strong>εἰ]</strong></span> <span class='ocrx_word' id='word_1_898' title='bbox 429 2975 450 3020; x_wconf 87' lang='grc' dir='ltr'>ἡ</span> <span class='ocrx_word' id='word_1_899' title='bbox 470 2979 515 3012; x_wconf 88' lang='grc' dir='ltr'><strong>Μ</strong></span> <span class='ocrx_word' id='word_1_900' title='bbox 525 2978 538 3022; x_wconf 80' lang='grc' dir='ltr'><strong>ΙΙ</strong></span> <span class='ocrx_word' id='word_1_901' title='bbox 557 2981 596 3013; x_wconf 91' lang='grc'><strong>10</strong></span> <span class='ocrx_word' id='word_1_902' title='bbox 614 2978 868 3023; x_wconf 74' lang='grc' dir='ltr'><strong><em>προβαλέσθαι</em></strong></span> <span class='ocrx_word' id='word_1_903' title='bbox 884 2981 969 3014; x_wconf 76' lang='lat' dir='ltr'><strong>LB⁶</strong></span> <span class='ocrx_word' id='word_1_904' title='bbox 987 2981 1000 3023; x_wconf 86' lang='grc' dir='ltr'><strong>ΙΙ</strong></span> <span class='ocrx_word' id='word_1_905' title='bbox 1018 2984 1056 3016; x_wconf 91' lang='grc'><strong>11</strong></span> <span class='ocrx_word' id='word_1_906' title='bbox 1075 2979 1206 3027; x_wconf 83' lang='grc' dir='ltr'><strong><em>ἀγωνι-</em></strong></span> <span class='ocrx_word' id='word_1_907' title='bbox 1273 2980 1303 3014; x_wconf 88' lang='lat' dir='ltr'><strong>si</strong></span> <span class='ocrx_word' id='word_1_908' title='bbox 1326 2980 1433 3023; x_wconf 84' lang='lat' dir='ltr'><strong>quode</strong></span> <span class='ocrx_word' id='word_1_909' title='bbox 1456 2979 1659 3013; x_wconf 87' lang='lat' dir='ltr'><strong>fideiussoris</strong></span> <span class='ocrx_word' id='word_1_910' title='bbox 1682 2989 1854 3022; x_wconf 77' lang='lat' dir='ltr'><strong>personam</strong></span> <span class='ocrx_word' id='word_1_911' title='bbox 1875 2991 1897 3012; x_wconf 83' lang='grc' dir='ltr'><strong><em>υ</em></strong></span> <span class='ocrx_word' id='word_1_912' title='bbox 1913 2979 1926 3023; x_wconf 84' lang='grc' dir='ltr'><strong>ΙΙ</strong></span> <span class='ocrx_word' id='word_1_913' title='bbox 1954 2981 1995 3013; x_wconf 88' lang='grc'>16</span> <span class='ocrx_word' id='word_1_914' title='bbox 2015 2981 2182 3022; x_wconf 74' lang='lat' dir='ltr'><strong>praestare</strong></span> <span class='ocrx_word' id='word_1_915' title='bbox 2195 2980 2304 3022; x_wconf 77' lang='lat' dir='ltr'><strong>potest</strong></span> <span class='ocrx_word' id='word_1_916' title='bbox 2319 2979 2353 3012; x_wconf 82' lang='lat' dir='ltr'><strong><em>R</em></strong></span> 
     </span>
     <span class='ocr_line' id='line_1_61' title="bbox 126 3022 1207 3082; baseline 0.002 -25"><span class='ocrx_word' id='word_1_917' title='bbox 126 3023 280 3067; x_wconf 83' lang='grc' dir='ltr'><strong><em>ζόμενον</em></strong></span> <span class='ocrx_word' id='word_1_918' title='bbox 304 3024 356 3058; x_wconf 78' lang='lat' dir='ltr'><strong>B⁶</strong></span> <span class='ocrx_word' id='word_1_919' title='bbox 378 3024 391 3067; x_wconf 91' lang='grc' dir='ltr'><strong>ΙΙ</strong></span> <span class='ocrx_word' id='word_1_920' title='bbox 423 3026 464 3059; x_wconf 89' lang='grc'><strong>13</strong></span> <span class='ocrx_word' id='word_1_921' title='bbox 489 3025 549 3058; x_wconf 82' lang='grc' dir='ltr'><strong>ἐπὶ</strong></span> <span class='ocrx_word' id='word_1_922' title='bbox 573 3024 636 3057; x_wconf 81' lang='grc' dir='ltr'><strong>τοῦ</strong></span> <span class='ocrx_word' id='word_1_923' title='bbox 662 3022 1020 3080; x_wconf 44' lang='grc' dir='ltr'><strong><em>προσήκοντοςῖαὗτῇ</em></strong></span> <span class='ocrx_word' id='word_1_924' title='bbox 1045 3027 1207 3082; x_wconf 61' lang='grc' dir='ltr'><strong><em>πράγμα-</em></strong></span> 
     </span>
    </p>
   </div>
   <div class='ocr_carea' id='block_1_10' title="bbox 124 3023 2353 3115">
    <p class='ocr_par' dir='ltr' id='par_1_13' title="bbox 124 3023 2353 3115">
     <span class='ocr_line' id='line_1_62' title="bbox 1273 3023 2353 3071; baseline -0.002 -12"><span class='ocrx_word' id='word_1_925' title='bbox 1273 3027 1360 3068; x_wconf 77' lang='lat' dir='ltr'><strong>vulq.</strong></span> <span class='ocrx_word' id='word_1_926' title='bbox 1380 3025 1392 3069; x_wconf 78' lang='grc' dir='ltr'><strong>[Ι</strong></span> <span class='ocrx_word' id='word_1_927' title='bbox 1409 3025 1480 3069; x_wconf 82' lang='lat' dir='ltr'><strong>ipsa</strong></span> <span class='ocrx_word' id='word_1_928' title='bbox 1500 3024 1555 3065; x_wconf 75' lang='lat' dir='ltr'><strong>Vll</strong></span> <span class='ocrx_word' id='word_1_929' title='bbox 1574 3025 1714 3057; x_wconf 80' lang='lat' dir='ltr'><strong>dedatur</strong></span> <span class='ocrx_word' id='word_1_930' title='bbox 1730 3024 1779 3057; x_wconf 60' lang='grc' dir='ltr'><strong>Β*</strong></span> <span class='ocrx_word' id='word_1_931' title='bbox 1794 3023 1806 3068; x_wconf 85' lang='grc' dir='ltr'><strong>ΙΙ</strong></span> <span class='ocrx_word' id='word_1_932' title='bbox 1827 3026 1867 3058; x_wconf 85' lang='grc'>17</span> <span class='ocrx_word' id='word_1_933' title='bbox 1879 3033 1913 3056; x_wconf 84' lang='lat' dir='ltr'><strong>se</strong></span> <span class='ocrx_word' id='word_1_934' title='bbox 1929 3034 1997 3056; x_wconf 88' lang='lat' dir='ltr'><strong>non</strong></span> <span class='ocrx_word' id='word_1_935' title='bbox 2013 3034 2107 3067; x_wconf 79' lang='lat' dir='ltr'><strong>posse</strong></span> <span class='ocrx_word' id='word_1_936' title='bbox 2123 3024 2162 3065; x_wconf 88' lang='lat' dir='ltr'><strong>T,</strong></span> <span class='ocrx_word' id='word_1_937' title='bbox 2178 3034 2211 3056; x_wconf 87' lang='lat' dir='ltr'><strong>se</strong></span> <span class='ocrx_word' id='word_1_938' title='bbox 2227 3036 2285 3057; x_wconf 87' lang='lat' dir='ltr'><strong>om.</strong></span> <span class='ocrx_word' id='word_1_939' title='bbox 2296 3023 2353 3071; x_wconf 77' lang='lat' dir='ltr'><strong>Rss</strong></span> 
     </span>
     <span class='ocr_line' id='line_1_63' title="bbox 124 3065 1283 3115; baseline 0.001 -12"><span class='ocrx_word' id='word_1_940' title='bbox 124 3080 184 3104; x_wconf 80' lang='grc' dir='ltr'><strong>τος</strong></span> <span class='ocrx_word' id='word_1_941' title='bbox 208 3068 261 3103; x_wconf 73' lang='lat' dir='ltr'><strong>Bt</strong></span> <span class='ocrx_word' id='word_1_942' title='bbox 281 3068 294 3114; x_wconf 83' lang='grc' dir='ltr'><strong>ΙΙ</strong></span> <span class='ocrx_word' id='word_1_943' title='bbox 317 3065 438 3103; x_wconf 68' lang='grc' dir='ltr'><strong><em>αὐτοῖς</em></strong></span> <span class='ocrx_word' id='word_1_944' title='bbox 459 3070 491 3103; x_wconf 87' lang='lat' dir='ltr'><em>L</em></span> <span class='ocrx_word' id='word_1_945' title='bbox 514 3068 527 3111; x_wconf 77' lang='grc' dir='ltr'><strong>ΙΙ</strong></span> <span class='ocrx_word' id='word_1_946' title='bbox 556 3071 595 3103; x_wconf 86' lang='grc'>15</span> <span class='ocrx_word' id='word_1_947' title='bbox 621 3067 852 3113; x_wconf 71' lang='grc' dir='ltr'><strong><em>φυλαχθῆναι</em></strong></span> <span class='ocrx_word' id='word_1_948' title='bbox 877 3070 990 3114; x_wconf 86' lang='grc' dir='ltr'><strong><em>αυτὴν</em></strong></span> <span class='ocrx_word' id='word_1_949' title='bbox 1010 3073 1061 3113; x_wconf 88' lang='lat' dir='ltr'><strong>L,</strong></span> <span class='ocrx_word' id='word_1_950' title='bbox 1093 3085 1208 3115; x_wconf 88' lang='grc' dir='ltr'><strong><em>αυτην</em></strong></span> <span class='ocrx_word' id='word_1_951' title='bbox 1274 3070 1283 3078; x_wconf 79' lang='grc'><strong><em>’</em></strong></span> 
     </span>
    </p>
   </div>
   <div class='ocr_carea' id='block_1_11' title="bbox 126 3068 2351 3206">
    <p class='ocr_par' dir='ltr' id='par_1_14' title="bbox 126 3068 2351 3206">
     <span class='ocr_line' id='line_1_64' title="bbox 1272 3068 2351 3112; baseline 0 -10"><span class='ocrx_word' id='word_1_952' title='bbox 1272 3071 1434 3104; x_wconf 74' lang='lat' dir='ltr'><strong>iuratoria</strong></span> <span class='ocrx_word' id='word_1_953' title='bbox 1458 3069 1611 3102; x_wconf 82' lang='lat' dir='ltr'><strong>cautione</strong></span> <span class='ocrx_word' id='word_1_954' title='bbox 1634 3081 1655 3101; x_wconf 89' lang='lat' dir='ltr'><em>v</em></span> <span class='ocrx_word' id='word_1_955' title='bbox 1672 3069 1684 3112; x_wconf 91' lang='grc' dir='ltr'><strong>ΙΙ</strong></span> <span class='ocrx_word' id='word_1_956' title='bbox 1706 3070 1745 3103; x_wconf 89' lang='grc'>19</span> <span class='ocrx_word' id='word_1_957' title='bbox 1761 3069 1797 3101; x_wconf 90' lang='lat' dir='ltr'><strong>in</strong></span> <span class='ocrx_word' id='word_1_958' title='bbox 1814 3070 1891 3110; x_wconf 89' lang='lat' dir='ltr'><strong>quo]</strong></span> <span class='ocrx_word' id='word_1_959' title='bbox 1916 3068 1966 3101; x_wconf 87' lang='lat' dir='ltr'><strong>hii</strong></span> <span class='ocrx_word' id='word_1_960' title='bbox 1986 3068 2074 3110; x_wconf 88' lang='lat' dir='ltr'><strong>quod</strong></span> <span class='ocrx_word' id='word_1_961' title='bbox 2099 3071 2116 3102; x_wconf 87' lang='grc' dir='ltr'>ὁ</span> <span class='ocrx_word' id='word_1_962' title='bbox 2133 3068 2146 3112; x_wconf 81' lang='grc' dir='ltr'><strong>ΙΙ</strong></span> <span class='ocrx_word' id='word_1_963' title='bbox 2171 3069 2213 3103; x_wconf 90' lang='grc'><strong>20</strong></span> <span class='ocrx_word' id='word_1_964' title='bbox 2238 3079 2351 3102; x_wconf 80' lang='lat' dir='ltr'><strong>mona-</strong></span> 
     </span>
     <span class='ocr_line' id='line_1_65' title="bbox 126 3112 2351 3161; baseline -0.001 -12"><span class='ocrx_word' id='word_1_965' title='bbox 126 3129 185 3149; x_wconf 87' lang='lat' dir='ltr'><strong>om.</strong></span> <span class='ocrx_word' id='word_1_966' title='bbox 200 3114 251 3148; x_wconf 76' lang='grc' dir='ltr'><strong>ΒΓ</strong></span> <span class='ocrx_word' id='word_1_967' title='bbox 265 3114 278 3159; x_wconf 86' lang='grc' dir='ltr'><strong>ΙΙ</strong></span> <span class='ocrx_word' id='word_1_968' title='bbox 306 3116 346 3149; x_wconf 88' lang='grc'>16</span> <span class='ocrx_word' id='word_1_969' title='bbox 370 3114 582 3157; x_wconf 70' lang='grc' dir='ltr'><strong><em>πιστευθείη</em></strong></span> <span class='ocrx_word' id='word_1_970' title='bbox 608 3115 675 3153; x_wconf 71' lang='lat' dir='ltr'><strong>B03</strong></span> <span class='ocrx_word' id='word_1_971' title='bbox 710 3117 769 3156; x_wconf 64' lang='lat' dir='ltr'><strong>leq.</strong></span> <span class='ocrx_word' id='word_1_972' title='bbox 794 3116 1066 3158; x_wconf 65' lang='grc' dir='ltr'><strong><em>πιστευθῆναιῖ</em></strong></span> <span class='ocrx_word' id='word_1_973' title='bbox 1082 3118 1093 3161; x_wconf 82' lang='grc' dir='ltr'><strong>ΙΙ</strong></span> <span class='ocrx_word' id='word_1_974' title='bbox 1121 3119 1163 3152; x_wconf 90' lang='grc'><strong>20</strong></span> <span class='ocrx_word' id='word_1_975' title='bbox 1184 3112 1207 3160; x_wconf 87' lang='grc' dir='ltr'><em>ἢ</em></span> <span class='ocrx_word' id='word_1_976' title='bbox 1274 3116 1375 3148; x_wconf 83' lang='lat' dir='ltr'><strong>sterio</strong></span> <span class='ocrx_word' id='word_1_977' title='bbox 1394 3117 1410 3147; x_wconf 88' lang='lat' dir='ltr'><strong><em>b</em></strong></span> <span class='ocrx_word' id='word_1_978' title='bbox 1423 3127 1443 3147; x_wconf 89' lang='lat' dir='ltr'><em>v</em></span> <span class='ocrx_word' id='word_1_979' title='bbox 1462 3113 1474 3157; x_wconf 80' lang='grc' dir='ltr'><strong>ΙΙ</strong></span> <span class='ocrx_word' id='word_1_980' title='bbox 1490 3115 1526 3146; x_wconf 88' lang='lat' dir='ltr'><strong>in</strong></span> <span class='ocrx_word' id='word_1_981' title='bbox 1544 3114 1681 3147; x_wconf 83' lang='lat' dir='ltr'><strong>om.RT</strong></span> <span class='ocrx_word' id='word_1_982' title='bbox 1695 3114 1707 3155; x_wconf 86' lang='grc' dir='ltr'><strong>ΙΙ</strong></span> <span class='ocrx_word' id='word_1_983' title='bbox 1722 3113 1911 3146; x_wconf 66' lang='lat' dir='ltr'><strong>azenerium</strong></span> <span class='ocrx_word' id='word_1_984' title='bbox 1927 3115 1944 3146; x_wconf 80' lang='grc' dir='ltr'>ὁ</span> <span class='ocrx_word' id='word_1_985' title='bbox 1969 3113 2154 3146; x_wconf 80' lang='lat' dir='ltr'><strong>asisterium</strong></span> <span class='ocrx_word' id='word_1_986' title='bbox 2170 3113 2206 3147; x_wconf 88' lang='lat' dir='ltr'><strong><em>V</em></strong></span> <span class='ocrx_word' id='word_1_987' title='bbox 2221 3114 2351 3147; x_wconf 82' lang='lat' dir='ltr'><strong>assiste-</strong></span> 
     </span>
     <span class='ocr_line' id='line_1_66' title="bbox 126 3157 1208 3206; baseline 0.002 -13"><span class='ocrx_word' id='word_1_988' title='bbox 126 3157 343 3205; x_wconf 82' lang='grc' dir='ltr'><strong><em>ἆσκητήριον</em></strong></span> <span class='ocrx_word' id='word_1_989' title='bbox 366 3161 398 3193; x_wconf 90' lang='lat' dir='ltr'><em>L</em></span> <span class='ocrx_word' id='word_1_990' title='bbox 423 3162 479 3205; x_wconf 67' lang='lat' dir='ltr'><strong>(cf</strong></span> <span class='ocrx_word' id='word_1_991' title='bbox 505 3161 551 3193; x_wconf 87' lang='lat' dir='ltr'><strong>ad</strong></span> <span class='ocrx_word' id='word_1_992' title='bbox 573 3160 615 3202; x_wconf 82' lang='grc' dir='ltr'><strong>ς),</strong></span> <span class='ocrx_word' id='word_1_993' title='bbox 648 3172 707 3192; x_wconf 83' lang='lat' dir='ltr'><strong>om.</strong></span> <span class='ocrx_word' id='word_1_994' title='bbox 729 3160 764 3193; x_wconf 90' lang='lat' dir='ltr'><em>B</em></span> <span class='ocrx_word' id='word_1_995' title='bbox 787 3159 800 3203; x_wconf 83' lang='grc' dir='ltr'><strong>ΙΙ</strong></span> <span class='ocrx_word' id='word_1_996' title='bbox 826 3162 866 3193; x_wconf 87' lang='grc'><strong>23</strong></span> <span class='ocrx_word' id='word_1_997' title='bbox 894 3157 1002 3203; x_wconf 71' lang='grc' dir='ltr'><strong><em>αὐτῆς</em></strong></span> <span class='ocrx_word' id='word_1_998' title='bbox 1026 3175 1083 3194; x_wconf 88' lang='lat' dir='ltr'><strong>om.</strong></span> <span class='ocrx_word' id='word_1_999' title='bbox 1104 3163 1172 3195; x_wconf 89' lang='lat' dir='ltr'><strong>LB</strong></span> <span class='ocrx_word' id='word_1_1000' title='bbox 1195 3163 1208 3206; x_wconf 82' lang='grc' dir='ltr'><strong>ΙΙ</strong></span> 
     </span>
    </p>
   </div>
   <div class='ocr_carea' id='block_1_12' title="bbox 125 3157 2352 3383">
    <p class='ocr_par' dir='ltr' id='par_1_15' title="bbox 125 3157 2352 3383">
     <span class='ocr_line' id='line_1_67' title="bbox 1274 3157 2352 3202; baseline 0 -10"><span class='ocrx_word' id='word_1_1001' title='bbox 1274 3160 1361 3193; x_wconf 88' lang='lat' dir='ltr'><strong>rium</strong></span> <span class='ocrx_word' id='word_1_1002' title='bbox 1378 3160 1407 3192; x_wconf 75' lang='lat' dir='ltr'><strong><em>R</em></strong></span> <span class='ocrx_word' id='word_1_1003' title='bbox 1424 3158 1591 3192; x_wconf 82' lang='lat' dir='ltr'><strong>sisterium</strong></span> <span class='ocrx_word' id='word_1_1004' title='bbox 1605 3158 1639 3192; x_wconf 88' lang='lat' dir='ltr'><em>T</em></span> <span class='ocrx_word' id='word_1_1005' title='bbox 1656 3158 1841 3200; x_wconf 78' lang='lat' dir='ltr'><strong>asoytherio</strong></span> <span class='ocrx_word' id='word_1_1006' title='bbox 1853 3170 1874 3190; x_wconf 85' lang='lat' dir='ltr'><em>v</em></span> <span class='ocrx_word' id='word_1_1007' title='bbox 1890 3158 1903 3201; x_wconf 82' lang='lat' dir='ltr'>ss</span> <span class='ocrx_word' id='word_1_1008' title='bbox 1920 3158 2057 3191; x_wconf 79' lang='lat' dir='ltr'><strong>mitatm·</strong></span> <span class='ocrx_word' id='word_1_1009' title='bbox 2071 3159 2103 3191; x_wconf 89' lang='lat' dir='ltr'><em>T</em></span> <span class='ocrx_word' id='word_1_1010' title='bbox 2117 3157 2129 3201; x_wconf 90' lang='grc' dir='ltr'><strong>ΙΙ</strong></span> <span class='ocrx_word' id='word_1_1011' title='bbox 2146 3160 2185 3192; x_wconf 86' lang='grc'><strong>21</strong></span> <span class='ocrx_word' id='word_1_1012' title='bbox 2199 3159 2352 3202; x_wconf 72' lang='grc' dir='ltr'><strong><em>*ρηᾱίοοῙ</em></strong></span> 
     </span>
     <span class='ocr_line' id='line_1_68' title="bbox 127 3201 2352 3256; baseline -0 -17"><span class='ocrx_word' id='word_1_1013' title='bbox 127 3203 170 3248; x_wconf 83' lang='grc' dir='ltr'><strong>δὴ</strong></span> <span class='ocrx_word' id='word_1_1014' title='bbox 196 3207 246 3239; x_wconf 80' lang='lat' dir='ltr'><strong>L⁴²</strong></span> <span class='ocrx_word' id='word_1_1015' title='bbox 275 3207 287 3248; x_wconf 86' lang='grc' dir='ltr'><strong>ΙΙ</strong></span> <span class='ocrx_word' id='word_1_1016' title='bbox 315 3201 424 3247; x_wconf 74' lang='grc' dir='ltr'><strong><em>αὐτῆς</em></strong></span> <span class='ocrx_word' id='word_1_1017' title='bbox 448 3205 499 3239; x_wconf 76' lang='lat' dir='ltr'><strong>Bt</strong></span> <span class='ocrx_word' id='word_1_1018' title='bbox 513 3205 526 3248; x_wconf 89' lang='grc' dir='ltr'><strong>ΙΙ</strong></span> <span class='ocrx_word' id='word_1_1019' title='bbox 553 3206 595 3239; x_wconf 86' lang='grc'><strong>25</strong></span> <span class='ocrx_word' id='word_1_1020' title='bbox 620 3201 711 3249; x_wconf 79' lang='grc' dir='ltr'><strong><em>ὑπὲρ</em></strong></span> <span class='ocrx_word' id='word_1_1021' title='bbox 736 3202 951 3250; x_wconf 71' lang='grc' dir='ltr'><strong><em>ἐγκλήματος</em></strong></span> <span class='ocrx_word' id='word_1_1022' title='bbox 982 3204 1206 3249; x_wconf 73' lang='grc' dir='ltr'><strong><em>οἱανδήποτε]</em></strong></span> <span class='ocrx_word' id='word_1_1023' title='bbox 1274 3204 1408 3248; x_wconf 78' lang='lat' dir='ltr'><strong>publice</strong></span> <span class='ocrx_word' id='word_1_1024' title='bbox 1433 3205 1509 3237; x_wconf 78' lang='lat' dir='ltr'><strong>libri</strong></span> <span class='ocrx_word' id='word_1_1025' title='bbox 1536 3204 1548 3246; x_wconf 67' lang='grc' dir='ltr'><strong>ΙΙ</strong></span> <span class='ocrx_word' id='word_1_1026' title='bbox 1575 3203 1618 3237; x_wconf 88' lang='grc'><strong>22</strong></span> <span class='ocrx_word' id='word_1_1027' title='bbox 1641 3205 1763 3243; x_wconf 76' lang='lat' dir='ltr'><strong>autem]</strong></span> <span class='ocrx_word' id='word_1_1028' title='bbox 1796 3215 1835 3233; x_wconf 69' lang='grc' dir='ltr'><strong>υ</strong></span> <span class='ocrx_word' id='word_1_1029' title='bbox 1861 3202 1912 3236; x_wconf 82' lang='lat' dir='ltr'><strong>R¹</strong></span> <span class='ocrx_word' id='word_1_1030' title='bbox 1939 3203 1951 3246; x_wconf 83' lang='grc' dir='ltr'><strong>ΙΙ</strong></span> <span class='ocrx_word' id='word_1_1031' title='bbox 1979 3205 2022 3238; x_wconf 84' lang='grc'><strong>23</strong></span> <span class='ocrx_word' id='word_1_1032' title='bbox 2047 3203 2226 3256; x_wconf 54' lang='lat' dir='ltr'><strong>procedam}</strong></span> <span class='ocrx_word' id='word_1_1033' title='bbox 2248 3203 2310 3238; x_wconf 70' lang='lat' dir='ltr'><strong>illa</strong></span> <span class='ocrx_word' id='word_1_1034' title='bbox 2332 3206 2352 3238; x_wconf 69' lang='lat' dir='ltr'><strong><em>b</em></strong></span> 
     </span>
     <span class='ocr_line' id='line_1_69' title="bbox 125 3247 2320 3304; baseline -0 -21"><span class='ocrx_word' id='word_1_1035' title='bbox 125 3262 186 3304; x_wconf 68' lang='lat' dir='ltr'><strong>pro</strong></span> <span class='ocrx_word' id='word_1_1036' title='bbox 211 3250 379 3284; x_wconf 84' lang='lat' dir='ltr'><strong>criminali</strong></span> <span class='ocrx_word' id='word_1_1037' title='bbox 410 3250 562 3293; x_wconf 77' lang='lat' dir='ltr'><strong>quolibet</strong></span> <span class='ocrx_word' id='word_1_1038' title='bbox 590 3249 687 3283; x_wconf 84' lang='lat' dir='ltr'><strong>modo</strong></span> <span class='ocrx_word' id='word_1_1039' title='bbox 711 3261 731 3286; x_wconf 78' lang='grc' dir='ltr'><em>ς</em></span> <span class='ocrx_word' id='word_1_1040' title='bbox 759 3250 773 3294; x_wconf 77' lang='grc' dir='ltr'><strong>ΙΙ</strong></span> <span class='ocrx_word' id='word_1_1041' title='bbox 800 3252 840 3284; x_wconf 92' lang='grc'>31</span> <span class='ocrx_word' id='word_1_1042' title='bbox 867 3247 972 3284; x_wconf 82' lang='grc' dir='ltr'><strong><em>ἰδίων</em></strong></span> <span class='ocrx_word' id='word_1_1043' title='bbox 995 3252 1173 3286; x_wconf 63' lang='lat' dir='ltr'><strong>Nomocflrr·</strong></span> <span class='ocrx_word' id='word_1_1044' title='bbox 1195 3253 1207 3292; x_wconf 82' lang='grc' dir='ltr'><strong>ΙΙ</strong></span> <span class='ocrx_word' id='word_1_1045' title='bbox 1272 3249 1429 3292; x_wconf 76' lang='lat' dir='ltr'><strong>procedat</strong></span> <span class='ocrx_word' id='word_1_1046' title='bbox 1451 3247 1512 3281; x_wconf 77' lang='lat' dir='ltr'><strong>illa</strong></span> <span class='ocrx_word' id='word_1_1047' title='bbox 1534 3260 1555 3280; x_wconf 87' lang='grc' dir='ltr'><strong><em>υ</em></strong></span> <span class='ocrx_word' id='word_1_1048' title='bbox 1579 3247 1592 3291; x_wconf 73' lang='lat'><strong>{1</strong></span> <span class='ocrx_word' id='word_1_1049' title='bbox 1616 3257 1686 3281; x_wconf 78' lang='lat' dir='ltr'><strong>eam</strong></span> <span class='ocrx_word' id='word_1_1050' title='bbox 1703 3247 1808 3281; x_wconf 86' lang='lat' dir='ltr'><strong>RVT</strong></span> <span class='ocrx_word' id='word_1_1051' title='bbox 1827 3248 1840 3289; x_wconf 90' lang='grc'>11</span> <span class='ocrx_word' id='word_1_1052' title='bbox 1855 3247 1949 3281; x_wconf 81' lang='lat' dir='ltr'><strong>nulla</strong></span> <span class='ocrx_word' id='word_1_1053' title='bbox 1974 3248 2051 3300; x_wconf 67' lang='lat' dir='ltr'><strong>13²)ss</strong></span> <span class='ocrx_word' id='word_1_1054' title='bbox 2079 3250 2122 3282; x_wconf 89' lang='grc'><strong>24</strong></span> <span class='ocrx_word' id='word_1_1055' title='bbox 2145 3249 2283 3301; x_wconf 69' lang='lat' dir='ltr'><strong>muliere</strong></span> <span class='ocrx_word' id='word_1_1056' title='bbox 2297 3259 2320 3282; x_wconf 79' lang='grc' dir='ltr'><strong><em>υ</em></strong></span> 
     </span>
     <span class='ocr_line' id='line_1_70' title="bbox 127 3293 2317 3338; baseline 0 -10"><span class='ocrx_word' id='word_1_1057' title='bbox 127 3296 331 3337; x_wconf 80' lang='grc' dir='ltr'><strong><em>ασκητοιῶν</em></strong></span> <span class='ocrx_word' id='word_1_1058' title='bbox 349 3297 410 3331; x_wconf 74' lang='lat' dir='ltr'><strong>L0,</strong></span> <span class='ocrx_word' id='word_1_1059' title='bbox 1272 3293 1497 3338; x_wconf 83' lang='lat' dir='ltr'><strong>pecuniariam</strong></span> <span class='ocrx_word' id='word_1_1060' title='bbox 1522 3295 1573 3326; x_wconf 83' lang='lat' dir='ltr'><strong>bv</strong></span> <span class='ocrx_word' id='word_1_1061' title='bbox 1607 3303 1749 3336; x_wconf 78' lang='lat' dir='ltr'><strong>pecunia</strong></span> <span class='ocrx_word' id='word_1_1062' title='bbox 1774 3293 1873 3337; x_wconf 65' lang='lat' dir='ltr'><strong>RVH</strong></span> <span class='ocrx_word' id='word_1_1063' title='bbox 1888 3293 2008 3326; x_wconf 80' lang='lat' dir='ltr'><strong>fisoahs</strong></span> <span class='ocrx_word' id='word_1_1064' title='bbox 2030 3294 2062 3328; x_wconf 92' lang='lat' dir='ltr'><strong><em>V</em></strong></span> <span class='ocrx_word' id='word_1_1065' title='bbox 2086 3293 2249 3327; x_wconf 77' lang='lat' dir='ltr'><strong>fiscalium</strong></span> <span class='ocrx_word' id='word_1_1066' title='bbox 2266 3293 2317 3328; x_wconf 84' lang='lat' dir='ltr'><strong>T¹</strong></span> 
     </span>
     <span class='ocr_line' id='line_1_71' title="bbox 240 3330 2306 3383; baseline -0.001 -10"><span class='ocrx_word' id='word_1_1067' title='bbox 240 3330 252 3342; x_wconf 34' lang='lat' dir='ltr'><strong>l</strong></span> <span class='ocrx_word' id='word_1_1068' title='bbox 1272 3340 1438 3383; x_wconf 81' lang='lat' dir='ltr'><strong>priuatam</strong></span> <span class='ocrx_word' id='word_1_1069' title='bbox 1462 3348 1595 3371; x_wconf 77' lang='lat' dir='ltr'><strong>causam</strong></span> <span class='ocrx_word' id='word_1_1070' title='bbox 1617 3350 1638 3371; x_wconf 85' lang='grc' dir='ltr'><strong>ν</strong></span> <span class='ocrx_word' id='word_1_1071' title='bbox 1667 3338 1678 3380; x_wconf 94' lang='grc' dir='ltr'><strong>ΙΙ</strong></span> <span class='ocrx_word' id='word_1_1072' title='bbox 1707 3339 1750 3372; x_wconf 85' lang='grc'><strong>25</strong></span> <span class='ocrx_word' id='word_1_1073' title='bbox 1781 3348 1841 3380; x_wconf 87' lang='lat' dir='ltr'><strong>pro</strong></span> <span class='ocrx_word' id='word_1_1074' title='bbox 1873 3351 1930 3371; x_wconf 87' lang='lat' dir='ltr'><strong>om.</strong></span> <span class='ocrx_word' id='word_1_1075' title='bbox 1958 3341 2008 3372; x_wconf 81' lang='lat' dir='ltr'><strong>bv</strong></span> <span class='ocrx_word' id='word_1_1076' title='bbox 2034 3338 2046 3382; x_wconf 90' lang='grc' dir='ltr'><strong>ΙΙ</strong></span> <span class='ocrx_word' id='word_1_1077' title='bbox 2075 3338 2264 3372; x_wconf 73' lang='lat' dir='ltr'><strong>criminalia</strong></span> <span class='ocrx_word' id='word_1_1078' title='bbox 2284 3350 2306 3371; x_wconf 81' lang='lat' dir='ltr'><em>v</em></span> 
     </span>
    </p>
   </div>
   <div class='ocr_carea' id='block_1_13' title="bbox 1238 2668 1242 2759">
    <p class='ocr_par' dir='ltr' id='par_1_16' title="bbox 1238 2668 1242 2759">
     <span class='ocr_line' id='line_1_72' title="bbox 1238 2668 1242 2759; baseline 0 0"><span class='ocrx_word' id='word_1_1079' title='bbox 1238 2668 1242 2759; x_wconf 95' lang='lat' dir='ltr'><strong> </strong></span> 
     </span>
    </p>
   </div>
   <div class='ocr_carea' id='block_1_14' title="bbox 1238 2939 1241 3030">
    <p class='ocr_par' dir='ltr' id='par_1_17' title="bbox 1238 2939 1241 3030">
     <span class='ocr_line' id='line_1_73' title="bbox 1238 2939 1241 3030; baseline 0 0"><span class='ocrx_word' id='word_1_1080' title='bbox 1238 2939 1241 3030; x_wconf 95' lang='lat' dir='ltr'><strong> </strong></span> 
     </span>
    </p>
   </div>
   <div class='ocr_carea' id='block_1_15' title="bbox 1239 3032 1242 3195">
    <p class='ocr_par' dir='ltr' id='par_1_18' title="bbox 1239 3032 1242 3195">
     <span class='ocr_line' id='line_1_74' title="bbox 1239 3032 1242 3195; baseline 0 0"><span class='ocrx_word' id='word_1_1081' title='bbox 1239 3032 1242 3195; x_wconf 95' lang='lat' dir='ltr'><strong> </strong></span> 
     </span>
    </p>
   </div>
   <div class='ocr_carea' id='block_1_16' title="bbox 127 3382 2429 3427">
    <p class='ocr_par' dir='ltr' id='par_1_19' title="bbox 127 3382 2429 3427">
     <span class='ocr_line' id='line_1_75' title="bbox 127 3382 2429 3427; baseline 0.002 -15"><span class='ocrx_word' id='word_1_1082' title='bbox 127 3404 1194 3412; x_wconf 40' lang='lat' dir='ltr'><strong>ffl—-m——ffi</strong></span> <span class='ocrx_word' id='word_1_1083' title='bbox 1273 3385 1316 3419; x_wconf 88' lang='lat'><strong>26</strong></span> <span class='ocrx_word' id='word_1_1084' title='bbox 1340 3392 1469 3416; x_wconf 79' lang='lat' dir='ltr'><strong>carcere</strong></span> <span class='ocrx_word' id='word_1_1085' title='bbox 1496 3383 1563 3416; x_wconf 92' lang='lat' dir='ltr'><strong>VT</strong></span> <span class='ocrx_word' id='word_1_1086' title='bbox 1572 3382 1618 3426; x_wconf 76' lang='lat' dir='ltr'><strong>bn</strong></span> <span class='ocrx_word' id='word_1_1087' title='bbox 1643 3383 1806 3417; x_wconf 79' lang='lat' dir='ltr'><strong>credimus</strong></span> <span class='ocrx_word' id='word_1_1088' title='bbox 1829 3386 1876 3417; x_wconf 84' lang='lat' dir='ltr'><strong>bv</strong></span> <span class='ocrx_word' id='word_1_1089' title='bbox 1900 3383 1913 3427; x_wconf 80' lang='grc' dir='ltr'><strong>ΙΙ</strong></span> <span class='ocrx_word' id='word_1_1090' title='bbox 1938 3386 2007 3425; x_wconf 78' lang='lat' dir='ltr'><strong>aut]</strong></span> <span class='ocrx_word' id='word_1_1091' title='bbox 2031 3386 2090 3417; x_wconf 81' lang='lat' dir='ltr'><strong>aut</strong></span> <span class='ocrx_word' id='word_1_1092' title='bbox 2113 3384 2142 3416; x_wconf 85' lang='lat' dir='ltr'><strong>si</strong></span> <span class='ocrx_word' id='word_1_1093' title='bbox 2167 3386 2184 3416; x_wconf 89' lang='lat' dir='ltr'><em>b</em></span> <span class='ocrx_word' id='word_1_1094' title='bbox 2209 3383 2223 3427; x_wconf 86' lang='grc' dir='ltr'><strong>ΙΙ</strong></span> <span class='ocrx_word' id='word_1_1095' title='bbox 2246 3393 2266 3416; x_wconf 78' lang='lat' dir='ltr'><strong>a</strong></span> <span class='ocrx_word' id='word_1_1096' title='bbox 2291 3394 2348 3417; x_wconf 76' lang='lat' dir='ltr'><strong>om.</strong></span> <span class='ocrx_word' id='word_1_1097' title='bbox 2390 3390 2394 3396; x_wconf 71' lang='lat'><strong>⁴</strong></span> <span class='ocrx_word' id='word_1_1098' title='bbox 2423 3397 2429 3404; x_wconf 80' lang='lat'><strong>·</strong></span> 
     </span>
    </p>
   </div>
   <div class='ocr_carea' id='block_1_17' title="bbox 127 3427 2350 3701">
    <p class='ocr_par' dir='ltr' id='par_1_20' title="bbox 1272 3427 2348 3472">
     <span class='ocr_line' id='line_1_76' title="bbox 1272 3427 2348 3472; baseline 0 -10"><span class='ocrx_word' id='word_1_1099' title='bbox 1272 3429 1306 3462; x_wconf 86' lang='lat' dir='ltr'><em>R</em></span> <span class='ocrx_word' id='word_1_1100' title='bbox 1330 3429 1342 3472; x_wconf 93' lang='grc' dir='ltr'><strong>ΙΙ</strong></span> <span class='ocrx_word' id='word_1_1101' title='bbox 1370 3428 1455 3461; x_wconf 85' lang='lat' dir='ltr'><strong>iuris</strong></span> <span class='ocrx_word' id='word_1_1102' title='bbox 1483 3427 1533 3461; x_wconf 84' lang='lat' dir='ltr'><strong>R¹</strong></span> <span class='ocrx_word' id='word_1_1103' title='bbox 1561 3427 1574 3471; x_wconf 81' lang='grc' dir='ltr'><strong>ΙΙ</strong></span> <span class='ocrx_word' id='word_1_1104' title='bbox 1602 3428 1746 3461; x_wconf 79' lang='lat' dir='ltr'><strong>custodit</strong></span> <span class='ocrx_word' id='word_1_1105' title='bbox 1778 3430 1796 3462; x_wconf 83' lang='grc' dir='ltr'>ὁ</span> <span class='ocrx_word' id='word_1_1106' title='bbox 1822 3427 1835 3472; x_wconf 85' lang='grc' dir='ltr'><strong>ΙΙ</strong></span> <span class='ocrx_word' id='word_1_1107' title='bbox 1865 3431 1914 3470; x_wconf 83' lang='lat' dir='ltr'><strong>ut]</strong></span> <span class='ocrx_word' id='word_1_1108' title='bbox 1950 3431 2008 3461; x_wconf 81' lang='lat' dir='ltr'><strong>aut</strong></span> <span class='ocrx_word' id='word_1_1109' title='bbox 2040 3429 2100 3469; x_wconf 86' lang='lat' dir='ltr'><strong>R¹‚</strong></span> <span class='ocrx_word' id='word_1_1110' title='bbox 2135 3441 2194 3462; x_wconf 89' lang='lat' dir='ltr'><strong>om.</strong></span> <span class='ocrx_word' id='word_1_1111' title='bbox 2220 3431 2237 3462; x_wconf 84' lang='lat' dir='ltr'><em>b</em></span> <span class='ocrx_word' id='word_1_1112' title='bbox 2265 3427 2277 3471; x_wconf 81' lang='grc' dir='ltr'><strong>ΙΙ</strong></span> <span class='ocrx_word' id='word_1_1113' title='bbox 2306 3428 2348 3462; x_wconf 83' lang='grc'><strong>27</strong></span> 
     </span>
    </p>

    <p class='ocr_par' dir='ltr' id='par_1_21' title="bbox 175 3472 2350 3520">
     <span class='ocr_line' id='line_1_77' title="bbox 175 3472 2350 3520; baseline -0.002 -9"><span class='ocrx_word' id='word_1_1114' title='bbox 175 3480 191 3513; x_wconf 88' lang='grc'>1</span> <span class='ocrx_word' id='word_1_1115' title='bbox 216 3481 275 3510; x_wconf 82' lang='lat' dir='ltr'><strong>aut</strong></span> <span class='ocrx_word' id='word_1_1116' title='bbox 291 3488 349 3520; x_wconf 83' lang='lat' dir='ltr'><strong>per</strong></span> <span class='ocrx_word' id='word_1_1117' title='bbox 365 3479 411 3516; x_wconf 78' lang='lat' dir='ltr'><strong>sel</strong></span> <span class='ocrx_word' id='word_1_1118' title='bbox 436 3486 533 3518; x_wconf 85' lang='lat' dir='ltr'><strong>agere</strong></span> <span class='ocrx_word' id='word_1_1119' title='bbox 549 3475 597 3519; x_wconf 77' lang='grc' dir='ltr'><strong>υΙΙ</strong></span> <span class='ocrx_word' id='word_1_1120' title='bbox 617 3476 637 3509; x_wconf 88' lang='grc'><strong>2</strong></span> <span class='ocrx_word' id='word_1_1121' title='bbox 662 3474 751 3517; x_wconf 85' lang='lat' dir='ltr'><strong>quod</strong></span> <span class='ocrx_word' id='word_1_1122' title='bbox 773 3486 794 3507; x_wconf 87' lang='grc' dir='ltr'>υ</span> <span class='ocrx_word' id='word_1_1123' title='bbox 811 3473 824 3518; x_wconf 72' lang='grc' dir='ltr'><strong>ΙΙ</strong></span> <span class='ocrx_word' id='word_1_1124' title='bbox 839 3473 1031 3515; x_wconf 74' lang='lat' dir='ltr'><strong>secundum]</strong></span> <span class='ocrx_word' id='word_1_1125' title='bbox 1056 3476 1104 3506; x_wconf 81' lang='lat' dir='ltr'><strong>set</strong></span> <span class='ocrx_word' id='word_1_1126' title='bbox 1124 3474 1174 3507; x_wconf 70' lang='lat'><strong>13¹</strong></span> <span class='ocrx_word' id='word_1_1127' title='bbox 1193 3474 1206 3520; x_wconf 79' lang='grc' dir='ltr'>Η</span> <span class='ocrx_word' id='word_1_1128' title='bbox 1271 3484 1332 3516; x_wconf 86' lang='lat' dir='ltr'><strong>per</strong></span> <span class='ocrx_word' id='word_1_1129' title='bbox 1355 3484 1421 3506; x_wconf 90' lang='lat' dir='ltr'><strong>non</strong></span> <span class='ocrx_word' id='word_1_1130' title='bbox 1447 3473 1494 3506; x_wconf 66' lang='lat'><strong>13¹</strong></span> <span class='ocrx_word' id='word_1_1131' title='bbox 1517 3473 1530 3516; x_wconf 83' lang='grc' dir='ltr'><strong>ΙΙ</strong></span> <span class='ocrx_word' id='word_1_1132' title='bbox 1553 3473 1757 3507; x_wconf 78' lang='lat' dir='ltr'><strong>occasionem</strong></span> <span class='ocrx_word' id='word_1_1133' title='bbox 1779 3486 1800 3506; x_wconf 86' lang='lat' dir='ltr'><strong><em>v</em></strong></span> <span class='ocrx_word' id='word_1_1134' title='bbox 1820 3472 1833 3517; x_wconf 78' lang='grc' dir='ltr'><strong>ΙΙ</strong></span> <span class='ocrx_word' id='word_1_1135' title='bbox 1847 3473 2041 3506; x_wconf 77' lang='lat' dir='ltr'><strong>inueniatur</strong></span> <span class='ocrx_word' id='word_1_1136' title='bbox 2066 3476 2083 3507; x_wconf 80' lang='lat' dir='ltr'><strong><em>b</em></strong></span> <span class='ocrx_word' id='word_1_1137' title='bbox 2099 3472 2112 3518; x_wconf 84' lang='grc' dir='ltr'><strong>ΙΙ</strong></span> <span class='ocrx_word' id='word_1_1138' title='bbox 2138 3474 2180 3507; x_wconf 88' lang='grc'><strong>28</strong></span> <span class='ocrx_word' id='word_1_1139' title='bbox 2205 3472 2350 3506; x_wconf 69' lang='lat' dir='ltr'><strong>iniuriae</strong></span> 
     </span>
    </p>

    <p class='ocr_par' dir='ltr' id='par_1_22' title="bbox 127 3516 2349 3701">
     <span class='ocr_line' id='line_1_78' title="bbox 127 3516 2349 3570; baseline -0.003 -14"><span class='ocrx_word' id='word_1_1140' title='bbox 127 3524 146 3557; x_wconf 87' lang='lat'>3</span> <span class='ocrx_word' id='word_1_1141' title='bbox 173 3534 313 3564; x_wconf 86' lang='lat' dir='ltr'><strong>eumque</strong></span> <span class='ocrx_word' id='word_1_1142' title='bbox 339 3523 371 3556; x_wconf 90' lang='lat' dir='ltr'><em>T</em></span> <span class='ocrx_word' id='word_1_1143' title='bbox 395 3522 407 3565; x_wconf 74' lang='lat' dir='ltr'>u</span> <span class='ocrx_word' id='word_1_1144' title='bbox 437 3532 513 3554; x_wconf 85' lang='lat' dir='ltr'><strong>vero</strong></span> <span class='ocrx_word' id='word_1_1145' title='bbox 539 3533 597 3554; x_wconf 89' lang='lat' dir='ltr'><strong>om.</strong></span> <span class='ocrx_word' id='word_1_1146' title='bbox 622 3520 656 3554; x_wconf 93' lang='lat' dir='ltr'><strong><em>V</em></strong></span> <span class='ocrx_word' id='word_1_1147' title='bbox 671 3519 684 3565; x_wconf 78' lang='grc' dir='ltr'><strong>ΙΙ</strong></span> <span class='ocrx_word' id='word_1_1148' title='bbox 714 3529 828 3564; x_wconf 85' lang='lat' dir='ltr'><strong>preces</strong></span> <span class='ocrx_word' id='word_1_1149' title='bbox 853 3521 870 3552; x_wconf 85' lang='lat' dir='ltr'><em>b</em></span> <span class='ocrx_word' id='word_1_1150' title='bbox 895 3519 908 3563; x_wconf 84' lang='grc' dir='ltr'><strong>ΙΙ</strong></span> <span class='ocrx_word' id='word_1_1151' title='bbox 934 3521 955 3552; x_wconf 91' lang='grc'>4</span> <span class='ocrx_word' id='word_1_1152' title='bbox 978 3518 1118 3560; x_wconf 84' lang='lat' dir='ltr'><strong>aliquid]</strong></span> <span class='ocrx_word' id='word_1_1153' title='bbox 1143 3519 1204 3552; x_wconf 83' lang='lat' dir='ltr'><strong>ali·</strong></span> <span class='ocrx_word' id='word_1_1154' title='bbox 1273 3522 1325 3552; x_wconf 82' lang='lat' dir='ltr'><strong>bv</strong></span> <span class='ocrx_word' id='word_1_1155' title='bbox 1352 3519 1365 3558; x_wconf 88' lang='grc' dir='ltr'><strong>ΙΙ</strong></span> <span class='ocrx_word' id='word_1_1156' title='bbox 1394 3520 1435 3552; x_wconf 86' lang='grc'><strong>29</strong></span> <span class='ocrx_word' id='word_1_1157' title='bbox 1460 3519 1691 3551; x_wconf 78' lang='lat' dir='ltr'><strong>monasteriam</strong></span> <span class='ocrx_word' id='word_1_1158' title='bbox 1716 3519 1797 3552; x_wconf 79' lang='lat' dir='ltr'><strong><em>V⁰b</em></strong></span> <span class='ocrx_word' id='word_1_1159' title='bbox 1833 3519 2031 3552; x_wconf 76' lang='lat' dir='ltr'><strong>monasteria</strong></span> <span class='ocrx_word' id='word_1_1160' title='bbox 2053 3518 2103 3552; x_wconf 60' lang='grc' dir='ltr'><strong>Β*</strong></span> <span class='ocrx_word' id='word_1_1161' title='bbox 2121 3516 2202 3551; x_wconf 62' lang='grc' dir='ltr'><strong>Ῡῡυ</strong></span> <span class='ocrx_word' id='word_1_1162' title='bbox 2236 3527 2349 3570; x_wconf 53' lang='lat' dir='ltr'><strong>monu-</strong></span> 
     </span>
     <span class='ocr_line' id='line_1_79' title="bbox 128 3563 2348 3610; baseline -0.003 -9"><span class='ocrx_word' id='word_1_1163' title='bbox 128 3568 208 3610; x_wconf 86' lang='lat' dir='ltr'><strong>quid</strong></span> <span class='ocrx_word' id='word_1_1164' title='bbox 233 3568 337 3610; x_wconf 82' lang='lat' dir='ltr'><strong>aliqui</strong></span> <span class='ocrx_word' id='word_1_1165' title='bbox 364 3568 418 3600; x_wconf 77' lang='lat' dir='ltr'><strong>T⁰</strong></span> <span class='ocrx_word' id='word_1_1166' title='bbox 447 3566 459 3610; x_wconf 82' lang='grc' dir='ltr'><strong>ΙΙ</strong></span> <span class='ocrx_word' id='word_1_1167' title='bbox 487 3565 623 3599; x_wconf 77' lang='lat' dir='ltr'><strong>maioris</strong></span> <span class='ocrx_word' id='word_1_1168' title='bbox 650 3568 667 3598; x_wconf 85' lang='lat' dir='ltr'><strong><em>b</em></strong></span> <span class='ocrx_word' id='word_1_1169' title='bbox 696 3565 708 3610; x_wconf 76' lang='lat' dir='ltr'><strong>u</strong></span> <span class='ocrx_word' id='word_1_1170' title='bbox 738 3567 758 3599; x_wconf 88' lang='lat'>5</span> <span class='ocrx_word' id='word_1_1171' title='bbox 782 3564 942 3598; x_wconf 79' lang='lat' dir='ltr'><strong>librarum</strong></span> <span class='ocrx_word' id='word_1_1172' title='bbox 966 3565 1064 3607; x_wconf 79' lang='lat' dir='ltr'><strong>vu19.]</strong></span> <span class='ocrx_word' id='word_1_1173' title='bbox 1102 3564 1205 3598; x_wconf 84' lang='lat' dir='ltr'><strong>libras</strong></span> <span class='ocrx_word' id='word_1_1174' title='bbox 1236 3592 1237 3596; x_wconf 73' lang='grc'><strong><em>,</em></strong></span> <span class='ocrx_word' id='word_1_1175' title='bbox 1271 3564 1386 3596; x_wconf 59' lang='lat' dir='ltr'><strong>stenae</strong></span> <span class='ocrx_word' id='word_1_1176' title='bbox 1413 3563 1459 3596; x_wconf 55' lang='lat'><strong>12³</strong></span> <span class='ocrx_word' id='word_1_1177' title='bbox 1477 3567 1490 3608; x_wconf 69' lang='grc' dir='ltr'><strong>ΙΙ</strong></span> <span class='ocrx_word' id='word_1_1178' title='bbox 1511 3564 1678 3597; x_wconf 80' lang='lat' dir='ltr'><strong>ascitriam</strong></span> <span class='ocrx_word' id='word_1_1179' title='bbox 1703 3566 1720 3597; x_wconf 84' lang='lat' dir='ltr'><strong><em>b</em></strong></span> <span class='ocrx_word' id='word_1_1180' title='bbox 1756 3564 1941 3607; x_wconf 79' lang='lat' dir='ltr'><strong>ascytherin</strong></span> <span class='ocrx_word' id='word_1_1181' title='bbox 1963 3577 1985 3597; x_wconf 83' lang='grc' dir='ltr'><strong>ν</strong></span> <span class='ocrx_word' id='word_1_1182' title='bbox 2018 3563 2183 3597; x_wconf 73' lang='lat' dir='ltr'><strong>asistriam</strong></span> <span class='ocrx_word' id='word_1_1183' title='bbox 2208 3563 2240 3597; x_wconf 84' lang='lat' dir='ltr'><em>T</em></span> <span class='ocrx_word' id='word_1_1184' title='bbox 2269 3571 2348 3595; x_wconf 76' lang='lat' dir='ltr'><strong>assi-</strong></span> 
     </span>
     <span class='ocr_line' id='line_1_80' title="bbox 129 3604 2349 3668; baseline -0.003 -22"><span class='ocrx_word' id='word_1_1185' title='bbox 129 3615 206 3646; x_wconf 77' lang='lat' dir='ltr'><strong>libri</strong></span> <span class='ocrx_word' id='word_1_1186' title='bbox 220 3612 232 3657; x_wconf 82' lang='grc' dir='ltr'><strong>ΙΙ</strong></span> <span class='ocrx_word' id='word_1_1187' title='bbox 250 3614 278 3646; x_wconf 84' lang='lat' dir='ltr'><strong>si</strong></span> <span class='ocrx_word' id='word_1_1188' title='bbox 294 3614 382 3653; x_wconf 89' lang='lat' dir='ltr'><strong>vero]</strong></span> <span class='ocrx_word' id='word_1_1189' title='bbox 407 3611 478 3644; x_wconf 80' lang='lat' dir='ltr'><strong>siue</strong></span> <span class='ocrx_word' id='word_1_1190' title='bbox 495 3612 527 3644; x_wconf 85' lang='lat' dir='ltr'><strong><em>R</em></strong></span> <span class='ocrx_word' id='word_1_1191' title='bbox 543 3612 555 3655; x_wconf 74' lang='grc' dir='ltr'><strong>ΙΙ</strong></span> <span class='ocrx_word' id='word_1_1192' title='bbox 575 3612 594 3645; x_wconf 89' lang='grc'>6</span> <span class='ocrx_word' id='word_1_1193' title='bbox 618 3610 687 3643; x_wconf 83' lang='lat' dir='ltr'><strong>sint</strong></span> <span class='ocrx_word' id='word_1_1194' title='bbox 702 3611 787 3655; x_wconf 76' lang='lat' dir='ltr'><strong>vulq.</strong></span> <span class='ocrx_word' id='word_1_1195' title='bbox 807 3610 819 3653; x_wconf 74' lang='grc' dir='ltr'><strong>ΙΙ</strong></span> <span class='ocrx_word' id='word_1_1196' title='bbox 835 3610 881 3652; x_wconf 84' lang='lat' dir='ltr'>X]</span> <span class='ocrx_word' id='word_1_1197' title='bbox 905 3609 1126 3642; x_wconf 80' lang='lat' dir='ltr'><strong>decennarum</strong></span> <span class='ocrx_word' id='word_1_1198' title='bbox 1146 3611 1177 3642; x_wconf 73' lang='lat' dir='ltr'><strong>R,</strong></span> <span class='ocrx_word' id='word_1_1199' title='bbox 1191 3612 1202 3651; x_wconf 77' lang='grc' dir='ltr'>Η</span> <span class='ocrx_word' id='word_1_1200' title='bbox 1234 3610 1237 3668; x_wconf 54' lang='lat' dir='ltr'>fl</span> <span class='ocrx_word' id='word_1_1201' title='bbox 1270 3609 1370 3642; x_wconf 83' lang='lat' dir='ltr'><strong>steria</strong></span> <span class='ocrx_word' id='word_1_1202' title='bbox 1395 3609 1441 3642; x_wconf 65' lang='lat'><strong>13¹</strong></span> <span class='ocrx_word' id='word_1_1203' title='bbox 1477 3609 1661 3643; x_wconf 72' lang='lat' dir='ltr'><strong>assistet-ias</strong></span> <span class='ocrx_word' id='word_1_1204' title='bbox 1685 3609 1736 3642; x_wconf 66' lang='lat'><strong>12³</strong></span> <span class='ocrx_word' id='word_1_1205' title='bbox 1769 3609 1970 3661; x_wconf 64' lang='lat' dir='ltr'><strong>assisteriam</strong></span> <span class='ocrx_word' id='word_1_1206' title='bbox 1990 3609 2044 3643; x_wconf 79' lang='lat' dir='ltr'><strong><em>V⁶</em></strong></span> <span class='ocrx_word' id='word_1_1207' title='bbox 2079 3607 2247 3661; x_wconf 55' lang='lat' dir='ltr'><strong>aecsstefia</strong></span> <span class='ocrx_word' id='word_1_1208' title='bbox 2268 3604 2318 3640; x_wconf 62' lang='lat' dir='ltr'><strong>Vb</strong></span> <span class='ocrx_word' id='word_1_1209' title='bbox 2335 3605 2349 3651; x_wconf 80' lang='grc' dir='ltr'>Ι</span> 
     </span>
     <span class='ocr_line' id='line_1_81' title="bbox 127 3652 2347 3701; baseline -0.001 -10"><span class='ocrx_word' id='word_1_1210' title='bbox 127 3657 288 3691; x_wconf 79' lang='lat' dir='ltr'><strong>librarum</strong></span> <span class='ocrx_word' id='word_1_1211' title='bbox 313 3658 386 3690; x_wconf 78' lang='lat' dir='ltr'><strong>auri</strong></span> <span class='ocrx_word' id='word_1_1212' title='bbox 410 3658 444 3690; x_wconf 82' lang='lat' dir='ltr'><em>R</em></span> <span class='ocrx_word' id='word_1_1213' title='bbox 467 3657 573 3701; x_wconf 59' lang='lat' dir='ltr'><strong>vulq„</strong></span> <span class='ocrx_word' id='word_1_1214' title='bbox 608 3656 683 3689; x_wconf 86' lang='lat' dir='ltr'><strong>auri</strong></span> <span class='ocrx_word' id='word_1_1215' title='bbox 707 3668 765 3689; x_wconf 88' lang='lat' dir='ltr'><strong>om.</strong></span> <span class='ocrx_word' id='word_1_1216' title='bbox 792 3656 825 3689; x_wconf 89' lang='lat' dir='ltr'><em>T</em></span> <span class='ocrx_word' id='word_1_1217' title='bbox 838 3655 851 3699; x_wconf 83' lang='lat' dir='ltr'>ss</span> <span class='ocrx_word' id='word_1_1218' title='bbox 873 3665 957 3698; x_wconf 83' lang='lat' dir='ltr'><strong>pene</strong></span> <span class='ocrx_word' id='word_1_1219' title='bbox 982 3655 1025 3696; x_wconf 87' lang='lat' dir='ltr'><strong>R]</strong></span> <span class='ocrx_word' id='word_1_1220' title='bbox 1060 3665 1146 3698; x_wconf 85' lang='lat' dir='ltr'><strong>pena</strong></span> <span class='ocrx_word' id='word_1_1221' title='bbox 1176 3655 1211 3689; x_wconf 93' lang='lat' dir='ltr'><strong><em>V</em></strong></span> <span class='ocrx_word' id='word_1_1222' title='bbox 1235 3688 1236 3695; x_wconf 65' lang='grc'><strong><em>,</em></strong></span> <span class='ocrx_word' id='word_1_1223' title='bbox 1271 3655 1311 3689; x_wconf 86' lang='grc'>31</span> <span class='ocrx_word' id='word_1_1224' title='bbox 1339 3654 1500 3688; x_wconf 77' lang='lat' dir='ltr'><strong>asciteriis</strong></span> <span class='ocrx_word' id='word_1_1225' title='bbox 1522 3657 1539 3688; x_wconf 84' lang='grc' dir='ltr'><strong>ὁ</strong></span> <span class='ocrx_word' id='word_1_1226' title='bbox 1571 3654 1742 3699; x_wconf 80' lang='lat' dir='ltr'><strong>asoyteriis</strong></span> <span class='ocrx_word' id='word_1_1227' title='bbox 1763 3666 1784 3687; x_wconf 86' lang='lat' dir='ltr'><em>v</em></span> <span class='ocrx_word' id='word_1_1228' title='bbox 1816 3654 1976 3689; x_wconf 74' lang='lat' dir='ltr'><strong>asisterus</strong></span> <span class='ocrx_word' id='word_1_1229' title='bbox 1993 3654 2026 3688; x_wconf 90' lang='lat' dir='ltr'><em>T</em></span> <span class='ocrx_word' id='word_1_1230' title='bbox 2050 3655 2225 3688; x_wconf 67' lang='lat' dir='ltr'><strong>assnsterun</strong></span> <span class='ocrx_word' id='word_1_1231' title='bbox 2242 3652 2274 3686; x_wconf 88' lang='lat' dir='ltr'><strong><em>R</em></strong></span> <span class='ocrx_word' id='word_1_1232' title='bbox 2296 3661 2347 3688; x_wconf 68' lang='lat' dir='ltr'><strong>as·</strong></span> 
     </span>
    </p>
   </div>
   <div class='ocr_carea' id='block_1_18' title="bbox 127 3696 1482 3746">
    <p class='ocr_par' dir='ltr' id='par_1_23' title="bbox 127 3696 1482 3746">
     <span class='ocr_line' id='line_1_82' title="bbox 127 3696 1482 3746; baseline -0.003 -10"><span class='ocrx_word' id='word_1_1233' title='bbox 127 3713 245 3746; x_wconf 84' lang='lat' dir='ltr'><strong>penam</strong></span> <span class='ocrx_word' id='word_1_1234' title='bbox 271 3704 332 3737; x_wconf 88' lang='lat' dir='ltr'><strong>Tv</strong></span> <span class='ocrx_word' id='word_1_1235' title='bbox 365 3712 489 3745; x_wconf 77' lang='lat' dir='ltr'><strong>poenas</strong></span> <span class='ocrx_word' id='word_1_1236' title='bbox 513 3704 530 3735; x_wconf 86' lang='lat' dir='ltr'><strong><em>b</em></strong></span> <span class='ocrx_word' id='word_1_1237' title='bbox 557 3703 569 3744; x_wconf 84' lang='grc' dir='ltr'><strong>ΙΙ</strong></span> <span class='ocrx_word' id='word_1_1238' title='bbox 594 3703 612 3735; x_wconf 86' lang='grc'>7</span> <span class='ocrx_word' id='word_1_1239' title='bbox 638 3700 796 3745; x_wconf 81' lang='lat' dir='ltr'><strong>spoliatos</strong></span> <span class='ocrx_word' id='word_1_1240' title='bbox 821 3701 981 3745; x_wconf 81' lang='lat' dir='ltr'><strong>T&#39;vul9.]</strong></span> <span class='ocrx_word' id='word_1_1241' title='bbox 1005 3699 1147 3744; x_wconf 81' lang='lat' dir='ltr'><strong>spoliato</strong></span> <span class='ocrx_word' id='word_1_1242' title='bbox 1172 3699 1203 3733; x_wconf 88' lang='lat' dir='ltr'><em>R</em></span> <span class='ocrx_word' id='word_1_1243' title='bbox 1233 3696 1237 3729; x_wconf 79' lang='lat' dir='ltr'><strong>l</strong></span> <span class='ocrx_word' id='word_1_1244' title='bbox 1270 3700 1426 3733; x_wconf 82' lang='lat' dir='ltr'><strong>scisteriis</strong></span> <span class='ocrx_word' id='word_1_1245' title='bbox 1448 3700 1482 3733; x_wconf 91' lang='lat' dir='ltr'><strong><em>V</em></strong></span> 
     </span>
    </p>
   </div>
   <div class='ocr_carea' id='block_1_19' title="bbox 2420 1944 2476 3854">
    <p class='ocr_par' dir='ltr' id='par_1_24' title="bbox 2420 1944 2476 3854">
     <span class='ocr_line' id='line_1_83' title="bbox 2420 1944 2476 3854; baseline 0 0"><span class='ocrx_word' id='word_1_1246' title='bbox 2420 1944 2476 3854; x_wconf 95' lang='lat' dir='ltr'><strong> </strong></span> 
     </span>
    </p>
   </div>
  </div>
 </body>
</html>
