2476 3854
136 69 247 114 Nov.
268 69 384 114 CXX
417 73 441 113 7

138 182 204 216 τοῦ
236 178 385 228 εὗαγοῦς
416 179 723 228 ὖρφανοτροφείου
751 183 811 215 καὶ
835 179 1007 221 ξενώνων
1036 183 1096 214 καὶ
1119 193 1218 216 πτω-

138 229 247 269 zelam
276 228 354 261 τῶν
384 229 425 261 ἐν
447 229 493 273 τῇ
515 224 678 270 βασιλίδι
701 224 806 261 πόλει
836 228 897 259 καὶ
919 223 992 260 ὑπὸ
1019 225 1086 269 τὴν
1110 223 1219 270 αὐτῆς

139 271 262 307 ὄντων
286 274 431 317 ἐνορίαν
454 272 586 312 ἐξεῖναι
610 267 740 305 πάσαις
761 273 839 305 ταῖς
859 267 1078 317 ἁγιωτάταις
1098 269 1219 314 ἐκκλη-

138 321 232 351 σίαις
254 320 314 350 καὶ
337 320 410 351 τοῖς
426 313 592 363 εὖαγέσιν
614 315 741 360 οἴκοις,
765 312 807 350 οὗ
822 315 897 360 μὴν
914 312 1005 349 ἀλλά
1030 318 1090 349 καὶ
1106 328 1218 361 μονα-

1203 66 1287 115 586

1974 85 2036 117 DE
2061 84 2364 119 ALmNA'molm

1287 180 1455 233 trophiis‚
1484 181 1684 218 xenonibus
1707 184 1744 218 et
1766 182 1937 228 ptochiis,
1971 193 2062 228 quae
2093 186 2177 220 sunt
2205 183 2244 220 in
2266 184 2366 230 regia

1288 228 1450 268 civitate,
1485 226 1552 261 sub
1583 226 1660 263 eius
1689 227 1893 263 constitutis
1924 228 2149 265 ordinatione
2183 227 2365 266 licentiam

1287 281 1366 306 esse
1396 270 1561 307 omnibus
1591 272 1825 308 sanctissimis
1856 273 2017 310 ecclesiis
2045 276 2083 310 et
2104 274 2364 310 venerabilibus

1287 316 1450 352 domibus
1480 326 1548 352 nec
1575 327 1648 352 non
1679 322 1715 353 et
1737 318 1960 354 monasteriis
1989 322 2063 354 tam
2092 318 2130 354 in
2157 318 2254 363 regia
2281 319 2364 355 civi·

139 366 295 407 στηρίοις
330 363 371 396 ἔν
401 373 441 395 τε
472 362 516 407 τῇ
547 359 710 404 βασιλίδι
741 358 846 396 πόλει
876 363 936 394 καὶ
965 362 1006 394 εν
1034 358 1219 408 διαφόροις
1255 365 1274 397 5
1287 363 1362 396 tate
1393 370 1499 406 quam
1529 361 1567 396 in
1589 361 1737 399 diversis
1766 363 1958 408 provinciis
1991 363 2194 399 constitutis
2223 373 2364 409 permu-

139 409 325 451 ἐπαρχίαις
352 407 524 450 κειμένοις
553 401 778 452 ἀνταλλαγὰς
801 404 892 451 πρὸς
915 402 1085 450 ἀλλήλους
1108 410 1218 441 ποιεῖ-

139 453 243 494 σθαι,
268 449 361 485 ὅταν
384 451 541 495 ἑκατέρῳ
566 447 684 497 εὖαγεῖ
706 451 793 494 οἴκῳ
822 449 1047 497 φυλάττηται
1070 449 1113 485 τὸ
1134 448 1219 495 ἆζή-

137 510 233 542 μιον,
265 496 536 531 συναινούντων
566 494 753 542 ἐγγράφως
779 494 803 539 ἢ
827 494 887 530 διὰ
909 496 1142 532 καταθέσεως
1164 497 1218 540 τῷ

138 539 587 596 τοιούτῳ,συναλλάγματι
617 538 797 595 οὖὶμόνον
820 542 899 576 τῶν
922 538 1115 584 διοικητῶν
1138 542 1218 576 ἑκα-

1286 405 1440 442 tationes
1471 406 1518 441 ad
1540 406 1694 443 invicem
1716 408 1847 452 facere,
1882 408 2024 453 quando
2055 409 2196 452 utrique
2219 417 2365 444 venera·

1287 451 1352 486 bili
1383 450 1502 487 domui
1533 456 1695 488 servatur
1729 452 1960 497 indemnitas,
1993 453 2297 489 consentientibus
2326 453 2365 488 in

1287 496 1430 541 scriptis
1466 498 1529 532 aut
1562 508 1626 542 per
1659 498 1897 543 depositiones
1928 498 2133 534 huiusmodi
2165 497 2365 534 contractui

1286 551 1358 576 non
1375 541 1490 577 solum
1508 543 1773 579 ordinatoribus
1797 544 1981 589 utriusque
1997 542 2209 579 venerabilis
2225 542 2364 586 domus,

137 590 240 631 τέρου
272 587 419 641 ευαγοῦς
449 588 556 628 οὶκου,
592 582 683 620 ἀλλα
715 589 775 620 καὶ
806 587 870 620 τοῦ
902 585 1066 622 πλείονος
1093 590 1219 633 μέρους
1234 590 1273 623 10
1288 586 1351 621 sed
1366 589 1403 621 et
1417 587 1589 632 ampliore
1611 592 1714 633 parte
1736 589 1774 623 in
1798 588 1848 624 eis
1865 589 2148 625 deservientium.
2194 587 2252 623 Ea
2268 597 2364 630 vero,

138 633 215 665 τῶν
232 632 271 665 ἐν
288 634 408 665 αυτοῖς
433 629 746 677 λειτουργούντων.
794 630 842 666 τοὶ
866 629 907 666 δὲ
930 628 1004 666 ἀπὸ
1029 631 1217 678 βασιλικοῦ

138 677 233 710 οἴκου
256 675 304 710 εἰς
327 674 541 719 οἱανδήποτε
563 673 673 723 εὐαγῆ
691 677 807 711 τόπον
823 675 1071 723 περιελθόντα
1089 673 1111 720 ἢ
1126 677 1217 722 μετὰ

137 723 255 755 ταῦτα
289 720 589 767 περιελευσόμενα
623 717 708 756 κατ’
741 718 871 756 οὐδένα
906 721 1047 768 τρόπον
1081 720 1215 768 πιπρά-

138 767 295 801 σκεσθαι
312 764 336 810 ἢ
350 766 607 801 ὑποτίθεσθαι
630 765 652 810 ἢ
668 763 987 801 ἀπαλλάττεσθαι
1007 765 1031 812 ἢ
1046 764 1140 802 ὅλως
1162 769 1217 801 έκ-

1286 641 1378 677 quae
1408 632 1454 667 ab
1485 632 1661 678 imperiali
1694 633 1798 669 domo
1832 634 1871 668 in
1901 634 2094 679 quemlibet
2127 632 2365 669 venerabilem

1285 677 1404 712 locum
1439 681 1678 721 pervenerunt
1719 682 1782 714 aut
1816 683 1945 724 postea
1978 678 2222 724 pervenerint,
2265 677 2364 713 nullo

1286 722 1390 757 modo
1421 722 1525 758 vendi
1553 727 1618 758 aut
1645 723 1799 769 supponi
1820 724 1962 768 pignori
1992 727 2055 759 aut
2077 723 2274 769 permutari
2301 725 2366 758 aut

1287 767 1429 802 omnino
1465 768 1613 803 alienari
1647 769 1892 811 concedimus,
1935 778 2050 821 neque
2084 769 2115 805 si
2152 768 2200 804 ad
2232 768 2364 804 alteras

137 811 327 847 ποιεῖσθαι
364 813 626 866 συγχωρρῦμεν,
669 808 754 865 οὐδὲ
787 813 819 846 εἰ
853 812 942 858 πρὸς
976 809 1147 857 ἀλλήλους
1183 812 1219 847 οἱ
1232 816 1272 848 15
1287 811 1506 849 venerabiles
1530 812 1653 850 domos
1676 814 1750 849 tale
1773 813 1908 859 aliquid
1931 818 2076 858 egerint.

137 853 272 903 εὐαγεῖς
302 856 393 891 οἶκοι
422 869 566 891 τοιουτο
597 870 635 891 τι
666 857 855 902 πραξαιεν.

137 905 160 938 1
215 899 361 946 Ἐπειδὴ
383 900 423 936 δὲ
445 903 609 949 ἔγνωμεν
631 902 731 948 παρά
753 915 869 938 τινων
890 903 1064 950 γίνεσθαι
1086 905 1147 936 καὶ
1163 903 1216 936 ἐκ·

137 947 298 990 ποιήσεις
326 951 582 993 μοναστηρίων
614 948 674 982 ἐπὶ
705 949 758 991 τῷ
783 949 900 982 ταῦτα
931 944 1006 982 ἀπὸ
1040 947 1216 994 ἱερατικοῦ

137 991 317 1037 σχήματος
340 991 595 1048 εἰςηίδιωτικὴν
618 990 803 1040 διαγωγὴν
823 993 1217 1038 μετασχηματίζεσθαι,

1286 905 1307 939 1
1353 903 1402 938 Et
1433 903 1601 948 quoniam
1632 903 1861 948 cognovimns
1894 903 1940 939 ab
1971 903 2149 948 aliquibus
2178 902 2256 939 fieri
2278 902 2364 939 alie·

1286 948 1449 984 nationes
1472 948 1784 992 monasteriorum,
1816 951 1857 984 ut
1879 949 1971 985 haec
2002 958 2026 984 a
2053 958 2160 984 sacra
2180 947 2298 992 figura
2326 947 2366 983 in

1287 994 1506 1038 privatorum
1526 993 1796 1030 conversatione
1815 993 2090 1036 transferantur,
2113 997 2150 1029 ot
2165 992 2235 1029 hoc
2253 992 2364 1029 omni-

136 1041 197 1071 καὶ
219 1038 328 1072 τοῦτο
358 1049 452 1073 πασι
482 1050 633 1083 τροποις
661 1036 855 1083 κωλύομεν.
903 1039 935 1072 εἰ
957 1037 1001 1073 δέ
1020 1052 1057 1073 τι
1076 1040 1218 1073 τοιοῦτο
1232 1042 1274 1074 20
1290 1041 1354 1074 bus
1378 1038 1491 1074 modis
1511 1039 1753 1084 prohibemus.
1802 1038 1840 1075 Si
1862 1049 1946 1075 vero
1974 1038 2047 1075 tale
2075 1037 2209 1084 aliquid
2230 1037 2366 1073 factum

135 1080 333 1129 γενόμενον
356 1081 534 1128 εὑρεθείη,
566 1081 695 1118 ἄδειαν
719 1087 922 1132 παρέχομεν
952 1084 1005 1127 τῷ
1030 1082 1123 1118 κατὰ
1151 1082 1218 1118 τὸν

136 1126 254 1163 τόπον
277 1125 474 1172 ὁσιωτάτῳ
499 1128 690 1172 ἐπισκόπῳ
717 1129 761 1164 τὸ
786 1130 952 1163 τοιοῦτον
973 1127 1219 1174 μοναστήριον

138 1171 290 1208 ἐκδικεῖν
317 1177 377 1207 καὶ
401 1174 449 1208 εἰς
471 1173 515 1209 τὸ
540 1171 691 1229 ἀρχαῖον
722 1175 841 1219 σχῆμα
864 1175 1071 1221 ἐπανάγειν.
1118 1175 1150 1208 εἰ
1180 1171 1222 1208 δέ

136 1230 189 1253 τις
206 1220 244 1252 ἐκ
259 1219 337 1253 τῶν
353 1219 553 1264 εἰρημένων
574 1220 718 1266 ευαγῶν
740 1219 852 1254 οἴκων
873 1221 951 1254 τῶν
965 1232 1006 1254 τε
1029 1220 1069 1253 ἐν
1091 1220 1136 1266 τῇ
1153 1222 1218 1263 βα-

1287 1084 1585 1137 deprehendatur,
1609 1084 1788 1137 licentiam
1810 1085 2023 1137 praebemus
2049 1083 2271 1138 sanctissimo
2294 1082 2366 1119 loci

1286 1129 1833 1211 {Ptssa'ffstsscsssnfflsrzzss
1848 1130 2028 1220 3333?
2042 1131 2366 1219 ρῖἱὲἓῑοῗιζᾞὲἒέἶ

1287 1185 1459 1256 τὲῦὶΠϋιιε
1483 1202 1646 1256 domibus
1672 1230 1762 1264 quae
1784 1220 1821 1255 in
1844 1221 1941 1264 regia
1965 1219 2106 1255 civitate
2129 1219 2203 1256 sive
2223 1219 2263 1254 in
2285 1217 2365 1254 aliis

137 1262 247 1298 σιλίδι
270 1262 374 1299 πόλει
398 1277 476 1298 των
499 1277 540 1299 τε
563 1266 604 1299 ἐν
627 1267 704 1299 ταῖς
728 1266 913 1310 ἐπαρχίαις
936 1263 1060 1300 ὄντων
1084 1265 1218 1308 (ἐξηρη-
1233 1267 1274 1301 25
1287 1265 1478 1309 provinciis
1502 1268 1596 1307 sunt,
1629 1270 1779 1311 excepta
1802 1265 2027 1301 sanctissima
2055 1264 2191 1301 maiore
2213 1263 2366 1300 ecclesia

135 1312 242 1353 μένης
264 1310 328 1353 τῆς
350 1306 555 1356 ἁγιωτάτης
583 1309 734 1356 μεγάλης
755 1309 938 1354 ἐκκλησίας
957 1310 1018 1353 τῆς
1037 1300 1220 1355 βασιλίδος
1287 1311 1405 1354 regiae
1430 1311 1593 1353 civitatis,
1626 1311 1811 1355 praedium
1833 1311 1966 1346 habeat
1991 1310 2155 1356 plurimis
2181 1308 2365 1345 fiscalibus

136 1353 288 1396 πόλεως)
311 1356 455 1399 κτῆσινυ
463 1356 535 1398 ἐξίοι
559 1354 702 1390 πολλοῖς
733 1353 914 1400 δημοσίοις
944 1354 1136 1398 τελέσμασι
1161 1359 1219 1400 βε-

136 1403 356 1447 βαρημένην,
378 1400 417 1441 ἐξ
433 1401 471 1443 ἧς
486 1397 637 1445 οὐδεμία
653 1398 828 1448 εἰςάγεται
844 1398 1016 1446 πρόςοδος
1030 1401 1084 1443 τῷ
1101 1397 1220 1447 εὗαγεῖ

136 1445 234 1488 οἴκῳ,
259 1443 388 1479 ἄδειαν
410 1448 612 1491 παρέχομεν
634 1449 708 1480 τοῖς
730 1447 797 1481 τοῦ
819 1442 931 1480 αὐτοῦ
955 1443 1099 1492 εὖαγοῦς
1122 1446 1218 1480 οἴκου

1289 1356 1431 1391 tributis
1466 1361 1670 1401 gravatum,
1708 1366 1753 1391 ex
1787 1366 1857 1401 quo
1891 1356 2011 1391 nullus
2044 1355 2198 1391 infertur
2229 1353 2364 1390 reditus

1287 1401 1480 1436 venerabili
1504 1402 1641 1443 domui,
1673 1401 1853 1437 licentiam
1883 1402 2096 1446 praebemus
2123 1399 2282 1436 eiusdem
2304 1408 2363 1434 vo-

1288 1447 1455 1482 nerabilis
1481 1446 1605 1483 domus
1622 1447 1886 1483 ordinatoribus
1909 1446 1982 1481 tale
1999 1445 2186 1491 praedium
2209 1445 2366 1481 alienare

137 1488 331 1534 διοικηταῖς
361 1490 431 1534 τὴν
460 1491 633 1535 τοιαύτην
663 1491 791 1535 κτῆσιν
825 1493 983 1526 ἐκποιεῖν
1015 1489 1218 1535 οἱῳδήποτε
1230 1493 1273 1525 30
1288 1492 1446 1544 quolibet
1480 1493 1585 1528 modo
1621 1492 1796 1528 voluerint
1828 1491 1876 1527 ad
1908 1491 2105 1536 perfectam
2138 1491 2365 1527 securitatem

136 1536 263 1580 τρόπῳ
280 1534 498 1580 βουληθεῖεν
514 1536 605 1582 πρὸς
621 1536 663 1570 τὸ
677 1535 853 1571 λυσιτελὲς
867 1538 932 1571 τοῦ
948 1532 1058 1571 αὐτοῦ
1074 1533 1220 1582 εὐαγοῦς

137 1581 249 1624 οἴκου,
281 1579 558 1626 ὑπομνημάτων
581 1580 718 1626 δηλαδὴ
751 1584 811 1616 καὶ
835 1582 897 1617 ἐπὶ
919 1582 964 1629 τῇ
987 1582 1139 1629 τοιαύτῃ
1164 1582 1218 1615 ἐκ-

137 1626 279 1669 ποιήσει
302 1629 567 1672 πραττομένων
589 1624 680 1671 παρ>
706 1629 870 1669 ἐκείνοις,
902 1623 970 1673 ἀφ’
996 1627 1052 1661 οὖν
1074 1626 1111 1661 οἱ
1133 1624 1219 1661 διοι-

136 1674 241 1725 κηταὶ
264 1672 342 1706 τῶν
365 1670 545 1706 τοιούτων
567 1670 698 1707 τόπων
721 1670 992 1726 προβάλλονται
1019 1669 1044 1715 ἢ
1065 1685 1218 1719 χειροτο-

136 1729 296 1760 νουνται,
326 1719 387 1751 καὶ
410 1713 605 1762 ὄμνὺντων
634 1718 695 1753 ἐπὶ
726 1719 803 1752 τῶν
827 1721 942 1764 αγίων
964 1719 1116 1764 γραφῶν
1145 1718 1222 1752 τῶν
1234 1720 1276 1753 35

1289 1537 1444 1572 eiusdem
1479 1538 1690 1573 venerabilis
1727 1538 1872 1579 domus,
1911 1537 2020 1582 gestis
2056 1538 2365 1572 monumentorum

1288 1582 1451 1617 videlicet
1472 1582 1510 1617 in
1526 1582 1727 1619 huiusmodi
1751 1581 1964 1618 alienatione
1982 1581 2212 1618 conficiendis
2229 1580 2276 1616 ab
2295 1579 2365 1615 illis

1288 1637 1310 1662 a
1338 1628 1468 1673 quibus
1499 1628 1721 1664 ordinatores
1751 1627 1877 1663 talium
1906 1627 2065 1663 locorum
2096 1629 2366 1680 praeponuntur

1289 1673 1360 1709 sive
1391 1673 1614 1716 ordinantur,
1651 1677 1686 1709 et
1715 1673 1917 1709 iurantibus
1944 1672 1983 1708 in
2013 1672 2148 1709 sanctis
2178 1673 2366 1717 scripturis

203 1819 252 1862 §1
279 1832 310 1852 υ.
328 1821 459 1855 17-32
484 1821 581 1854 habet
605 1821 653 1854 B*
675 1821 711 1852 E
734 1821 786 1861 11,
803 1828 830 1854 7.
852 1838 899 1844 —-
921 1833 951 1853 υ.
967 1822 1100 1855 17—23
1126 1821 1274 1854 clausula
1298 1821 1464 1854 immutata
1484 1822 1650 1855 ementiri
1673 1821 1880 1866 Epanaqoqe
1907 1823 1958 1863 10,
1978 1827 2024 1861 11,
2056 1820 2167 1853 eadem
2190 1829 2230 1852 επ
2251 1817 2288 1851 Β
2312 1829 2365 1852 ez·-

134 1866 260 1909 scripta
283 1866 316 1898 in
337 1864 518 1899 Nomoc.⁶m
536 1865 598 1899 XI
603 1865 689 1910 Vtit.
707 1867 801 1907 11,1;
833 1867 1009 1900 summaria
1033 1866 1154 1900 habent
1179 1866 1257 1901 Coll-
1279 1867 1320 1900 87
1345 1878 1418 1910 cap.
1433 1867 1487 1909 17,
1511 1866 1643 1900 Nomoc.
1669 1866 1733 1900 XI
1738 1866 1827 1901 Vtit.
1844 1869 1940 1909 11‚1‚
1965 1866 2093 1909 Eczoqa
2115 1865 2163 1899 ad
2183 1863 2366 1898 Prochiron

134 1917 257 1944 mutata
282 1911 335 1952 23,
349 1918 365 1944 2
384 1923 420 1954 p.
436 1911 501 1946 116
517 1911 622 1944 ΖαεΙι.

135 2043 280 2089 tropbio
306 2047 342 2079 et
362 2043 569 2079 xenonibus
591 2047 628 2079 et
642 2042 807 2089 ptochiis
829 2053 923 2089 quae
946 2044 984 2078 in
1007 2044 1111 2089 reqia
1134 2043 1278 2079 civitate
1307 2046 1343 2079 et
1365 2043 1463 2079 intra
1487 2043 1564 2078 eius
1582 2043 1678 2088 fines
1699 2048 1784 2079 sunt
1810 2043 1917 2079 licere
1947 2042 2110 2079 omnibus
2130 2042 2365 2079 sanctissimis

133 2089 293 2124 ecclesiis
323 2092 360 2124 et
381 2087 644 2124 venerabilibus
675 2087 838 2124 domibus
868 2099 935 2124 nec
963 2099 1038 2124 non
1067 2087 1297 2124 monasteriis
1326 2091 1363 2124 et
1393 2089 1431 2123 in
1453 2088 1558 2135 reqia
1581 2088 1724 2124 civitate
1754 2091 1791 2125 et
1815 2088 1855 2123 in
1878 2088 2030 2125 diversis
2053 2088 2257 2142 provinciis
2284 2088 2366 2124 sitis

130 2133 418 2181 permutationes
439 2134 534 2169 inter
549 2144 588 2169 sc
600 2133 739 2179 facere,
764 2132 847 2168 dum
871 2133 1017 2180 utrique
1039 2133 1236 2170 venerabili
1259 2133 1382 2169 domui
1403 2133 1620 2169 indemnitas
1641 2138 1814 2177 servetur,
1839 2134 2140 2171 consentientibus
2160 2134 2200 2170 in
2216 2133 2366 2181 scriptis

134 2184 199 2214 aut
215 2189 288 2226 per
313 2178 572 2224 depositionem
603 2178 779 2214 eiusmodi
806 2179 1013 2214 contractui
1043 2189 1118 2214 non
1141 2179 1256 2215 solum
1288 2177 1644 2214 administratoribus
1673 2179 1862 2226 utriusque
1888 2178 2103 2215 venerabilis
2125 2177 2270 2223 domus,
2300 2178 2366 2215 sed

132 2225 241 2260 etiam
265 2224 402 2260 maiore
431 2229 539 2270 parte
565 2234 687 2259 eorum
717 2224 784 2270 qui
809 2224 848 2258 in
879 2224 925 2259 iis
955 2224 1155 2260 ministeria
1179 2224 1318 2260 obeunt.
1363 2222 1464 2267 Quae
1487 2228 1604 2260 autem
1631 2224 1677 2260 ab
1701 2224 1880 2272 imperiali
1902 2224 2007 2260 domo
2038 2224 2089 2260 ad
2110 2233 2366 2271 quemeumque

132 2269 368 2306 venerabilem
400 2269 518 2304 locum
545 2273 789 2316 pervenerunt
816 2269 873 2304 vel
895 2272 1031 2316 postea
1057 2274 1280 2321 perventura
1309 2273 1395 2305 sunt
1425 2269 1526 2305 nullo
1558 2269 1665 2305 modo
1690 2269 1796 2306 vendi
1823 2270 1881 2306 vel
1908 2269 2067 2316 obliqari
2087 2269 2144 2306 vel
2158 2268 2368 2316 permutari

132 2315 356 2350 velomnino
381 2314 536 2350 alienari
551 2314 807 2361 permittimus,
839 2324 885 2350 ne
909 2319 981 2350 tum
1031 2314 1148 2351 uidem
1170 2315 1202 2350 si
1225 2314 1320 2350 inter
1342 2325 1381 2350 se
1403 2314 1625 2351 venerabiles
1648 2314 1775 2350 domus
1801 2314 1979 2351 eiusmodi
1998 2314 2090 2367 quid
2111 2314 2261 2361 eqerint.

132 2362 155 2397 1
214 2359 392 2403 Quoniam
416 2363 534 2395 autem
559 2370 602 2395 co
629 2359 794 2395 novimus
820 2359 864 2395 ab
894 2359 1009 2406 aliqui
1034 2370 1076 2395 us
1104 2361 1211 2396 etiam
1242 2359 1479 2396 alienationes
1508 2361 1810 2396 monasteriorum
1842 2360 1894 2396 ita
1920 2360 2003 2405 fieri
2035 2363 2076 2396 ut
2102 2371 2148 2396 ea
2178 2370 2228 2396 ex
2257 2369 2364 2396 sacro

131 2409 231 2441 statu
255 2405 293 2440 in
311 2406 497 2451 privatam
521 2416 587 2441 con
614 2405 763 2440 icionem
789 2405 1077 2450 transferantur,
1109 2404 1176 2441 boc
1199 2416 1343 2451 quoque
1371 2404 1534 2441 omnibus
1556 2405 1672 2440 modis
1693 2404 1940 2452 prohibemus.
1986 2403 2029 2440 Si
2051 2404 2141 2452 quid
2164 2415 2249 2441 vero
2272 2404 2365 2441 cius-

132 2450 232 2486 modi
251 2450 394 2496 factum
418 2449 721 2496 deprehendatur,
750 2450 966 2495 facultatem
990 2450 1218 2486 concedimus
1239 2451 1466 2486 sanctissimo
1496 2450 1567 2486 loci
1588 2450 1689 2485 illius
1711 2451 1832 2498 episco
1861 2462 1883 2486 o
1915 2449 1987 2486 tale
2009 2449 2267 2486 monasterium
2289 2449 2364 2486 vin-

132 2495 278 2530 dicandi
301 2499 335 2530 et
357 2496 397 2529 in
417 2496 612 2541 pristinum
635 2500 769 2530 statum
791 2494 999 2532 reducendi.
1047 2494 1186 2539 Quodsi
1209 2506 1304 2542 quae
1332 2506 1382 2531 ex
1409 2491 1609 2542 praedictis
1635 2495 1831 2532 venerabili
1854 2506 1898 2531 us
1920 2495 2085 2532 domibus
2112 2499 2185 2531 tam
2209 2505 2304 2541 quae
2324 2494 2366 2530 in

131 2542 234 2586 reqia
258 2540 402 2576 civitate
435 2551 543 2586 quam
574 2551 668 2586 quae
698 2541 736 2575 in
757 2540 957 2586 provinciis
979 2546 1065 2576 sunt
1095 2543 1264 2587 (excepta
1285 2540 1512 2576 sanctissima
1536 2540 1675 2576 maiore
1705 2541 1855 2577 ecclesia
1877 2551 1919 2577 re
1945 2541 2002 2577 iae
2025 2539 2195 2584 civitatis)
2218 2549 2364 2587 posses·

131 2587 268 2620 sionem
301 2584 432 2620 habeat
459 2585 582 2620 multis
604 2585 764 2632 publicis
796 2585 940 2621 tributis
954 2590 1263 2633 praeqravatam‚
1296 2597 1346 2622 ex
1369 2596 1443 2632 qua
1473 2585 1595 2621 nullus
1624 2585 1762 2622 reditus
1791 2596 1922 2622 venera
1945 2585 1986 2621 ili
2013 2585 2138 2622 domui
2162 2586 2364 2633 proveniat,

130 2630 346 2676 facultatem
370 2629 597 2665 concedimus
626 2630 782 2666 eiusdem
814 2631 1027 2667 venerabilis
1050 2631 1178 2667 domus
1200 2631 1557 2667 administratoribus
1586 2631 1692 2667 talem
1709 2631 1977 2678 possessionem
2008 2641 2234 2678 quocumque
2255 2629 2364 2666 modo

132 2674 239 2711 velint
263 2675 312 2709 ad
334 2675 525 2710 utilitatem
548 2675 705 2711 eiusdem
728 2676 942 2712 venerabilis
964 2676 1091 2712 domus
1114 2676 1317 2719 alienandi,
1349 2680 1389 2711 ut
1410 2676 1548 2712 scilicet
1570 2681 1801 2713 monumenta
1829 2676 1868 2712 in
1893 2676 1960 2712 tali
1980 2686 2125 2723 quoque
2147 2675 2365 2712 alienatione

132 2720 374 2765 conficiantur
397 2719 498 2766 apud
515 2719 610 2763 illos,
634 2731 658 2756 a
674 2721 804 2767 quibus
826 2721 1140 2758 administratores
1162 2721 1337 2758 eiusmodi
1354 2721 1515 2757 locorum
1535 2720 1774 2768 desiqnantur
1796 2725 1862 2758 aut
1880 2725 2063 2765 creantur,
2086 2721 2277 2767 inirentque
2292 2729 2366 2768 per

181 2880 195 2912 1
211 2877 274 2910 τοῦ
290 2872 437 2922 εὗαγοῦς
453 2873 773 2923 ὀρφανοτροφείου]
791 2879 1037 2912 venerabilibus
1049 2880 1214 2922 orphano-

132 2922 278 2966 trophiis
303 2933 323 2958 ς·
348 2922 360 2965 ΙΙ
386 2924 406 2955 2
430 2925 489 2955 καὶ
514 2936 572 2956 om.
587 2924 695 2966 Epan.
711 2935 730 2959 ς
747 2923 759 2966 ΙΙ
782 2926 800 2956 7
827 2922 1046 2968 φυλάττεται
1069 2926 1179 2968 Epan.
1205 2924 1216 2961 ΙΙ

134 2971 154 3002 9
205 2966 306 3001 όνων
333 2966 421 3001 GEs
434 2967 446 3010 ΙΙ
475 2969 513 3001 11
540 2968 580 3000 έν
604 2963 732 3008 αὐτοῖς]
758 2967 895 3002 ἑαυτοῖς
924 2970 953 3003 Ο
959 2971 1104 3012 plerique
1123 2971 1134 3012 ΙΙ
1150 2972 1216 3012 βα-

132 2981 270 3046 cismo&
295 3011 404 3053 οἴκου]
428 3010 613 3055 βασιλικῆς
638 3013 687 3045 ΒΓ
702 3013 714 3055 ΙΙ
741 3014 781 3046 12
805 3012 925 3047 τόπον
949 3014 1023 3047 MC
1032 3025 1052 3050 ς
1064 3014 1126 3048 Iul.
1139 3016 1215 3048 Ath.

132 3059 294 3099 (Theod.)]
320 3055 419 3090 οἷκον
444 3058 514 3090 LB
535 3058 548 3099 ss
578 3055 839 3101 περιελθόντα]
871 3055 895 3100 ἢ
918 3056 1164 3103 περιελθόντα
1192 3060 1222 3094 0

130 3105 279 3148 plerique
304 3102 317 3147 ΙΙ
350 3104 391 3136 14
415 3099 707 3136 ἑναλλοίττεσθαι
731 3103 767 3135 Β
797 3103 809 3143 ΙΙ
835 3100 952 3137 ἄλλως
981 3104 1060 3137 Coll.
1077 3106 1117 3138 87
1144 3117 1215 3148 cap.

133 3149 208 3183 Ath.
228 3148 241 3191 ΙΙ
257 3147 487 3182 έκποιεῖσθαι
505 3148 585 3182 Coit.
600 3148 641 3182 87
657 3160 727 3190 cap.
743 3159 763 3183 ς
775 3148 837 3181 Iul.
851 3149 927 3181 Ath.
942 3149 1104 3191 (Theod.)]
1128 3146 1215 3183 ὑπο-

133 3193 280 3227 κεῖσθαι
305 3194 346 3227 M
354 3194 469 3227 LBO
492 3192 505 3236 ΙΙ
536 3194 576 3227 15
602 3192 644 3234 εἴ]
680 3189 716 3225 οἱ
738 3192 784 3225 Μ
804 3192 816 3235 ΙΙ
846 3192 936 3236 πρὸς
964 3189 1143 3235 ἀλλήλους]
1175 3194 1217 3227 ad

133 3239 254 3272 alteras
278 3251 298 3276 ς
320 3238 333 3283 ss
358 3236 394 3271 οἱ
416 3251 474 3272 om.
489 3238 526 3271 B
552 3238 564 3277 ΙΙ
589 3239 630 3272 16
655 3235 828 3282 πράξοιεν
857 3239 884 3271 C
905 3238 917 3281 ΙΙ
942 3240 981 3272 17
1003 3246 1076 3272 ante
1099 3244 1146 3278 §1
1169 3241 1216 3272 in-

133 3287 250 3318 seritur
266 3286 298 3317 in
316 3284 352 3316 B
369 3284 517 3317 novellae
536 3283 661 3317 CXIX
681 3295 706 3316 c.
727 3285 768 3317 10
795 3283 807 3322 ΙΙ
835 3285 895 3315 καὶ
919 3296 978 3316 om.
1001 3284 1181 3327 CeEpan.
1205 3283 1217 3328 ΙΙ

138 3331 176 3363 18
200 3330 267 3371 τῷ]
292 3326 335 3361 τὸ
362 3327 502 3372 Elian-[l
533 3330 573 3362 19
597 3326 786 3374 έναγωγὴν
810 3323 970 3374 (ἀγωγὴν
993 3341 1023 3361 υ.
1039 3330 1073 3370 Ι.)
1102 3328 1155 3372 011
1174 3331 1212 3362 21

132 3373 326 3419 γινόμενον
354 3374 430 3408 CB·
455 3374 467 3416 ΙΙ
495 3370 631 3419 εὑρεθῇ
658 3374 688 3407 0
702 3386 732 3408 υ.
748 3375 767 3407 l.
795 3371 807 3411 ΙΙ
836 3373 903 3414 τῷ]
941 3369 989 3406 ὣς
1011 3370 1031 3406 ὁ
1059 3374 1088 3407 G
1109 3374 1122 3415 ΙΙ
1151 3373 1216 3407 τὸν

135 3433 192 3453 om.
211 3422 275 3454 Cv.
292 3421 324 3460 L,
343 3419 425 3452 LB⁸
450 3419 462 3461 ΙΙ
490 3420 533 3452 22
557 3414 756 3452 ὁσιώτατος
779 3417 972 3452 ἐπίσκοπος
1002 3419 1031 3452 0
1049 3417 1061 3461 ΙΙ
1088 3419 1128 3452 23
1155 3419 1216 3452 έπ-

292 3466 308 3473 -
415 3466 428 3483 c
699 3463 714 3471 -
913 3466 922 3477 ,
1186 3465 1203 3472 ..

134 3477 331 3554 &xiim
344 3465 412 3541 [ἒξ
426 3463 716 3551 εἰιῑῑῗρῖἔνῗέοἶῑὲ
718 3466 794 3553 1,-Ἷῖ
817 3477 875 3542 3⁷3·
887 3463 1056 3553 iiiiii?
1067 3463 1123 3543 δῖ
1138 3473 1218 3550 iffi

135 3568 192 3586 om.
211 3555 318 3588 MLB
337 3555 349 3597 ΙΙ
367 3555 408 3588 30
425 3554 582 3588 έκποιεῖν
605 3553 674 3610 τήν
696 3552 868 3596 τοιαύτην
891 3553 1017 3594 κτῆσιν
1038 3561 1112 3596 post
1133 3556 1216 3597 βου-

136 3597 283 3640 ληθεῖεν
306 3601 375 3641 (31)
399 3600 471 3633 coll.
495 3600 546 3632 Bs
569 3600 581 3642 ΙΙ
609 3597 815 3642 οιῳδήποτε
840 3599 988 3640 Gelam
1023 3599 1064 3631 ἐν
1087 3595 1215 3641 οἷῳδή·

135 3655 224 3678 ποτε
253 3644 360 3678 MLB
388 3644 401 3688 ΙΙ
431 3645 470 3678 31
498 3643 588 3689 πρὸς
610 3644 653 3678 τὸ
679 3642 865 3686 λυσιτελὲς]
901 3644 942 3677 ad
965 3644 1144 3687 perfectam
1167 3654 1214 3677 se-

1284 2879 1462 2913 curitatem
1481 2892 1501 2916 ς
1517 2880 1530 2924 ΙΙ
1547 2881 1590 2914 32
1607 2881 1667 2912 καὶ
1685 2893 1743 2913 om.
1758 2891 1778 2916 ς
1794 2879 1807 2923 ΙΙ
1823 2880 1868 2915 33
1891 2875 1956 2925 ὑφ’
1975 2869 2030 2913 ὦν
2045 2879 2233 2914 Zacharia«
2246 2880 2302 2924 (qfi
2318 2880 2366 2915 ad

1285 2926 1361 2967 579,
1375 2932 1421 2958 22.
1444 2926 1521 2967 584,
1536 2926 1565 2967 2)
1581 2925 1593 2969 [1
1612 2926 1654 2958 35
1679 2925 1756 2958 τῶν
1779 2921 2036 2969 προεστώτων]
2057 2923 2257 2968 praesideo)
2281 2935 2302 2962 ς

1337 3016 1358 3050 2
1381 3015 1527 3055 civitate]
1553 3024 1653 3055 quam
1675 3014 1711 3046 in
1728 3013 1872 3047 diuersis
1894 3013 2076 3056 prouintiis
2100 3013 2243 3047 add-12⁰
2258 3012 2271 3058 ΙΙ
2288 3014 2362 3056 sub]

1285 3061 1318 3092 et
1340 3059 1401 3092 sub
1426 3060 1520 3093 Beck
1544 3059 1556 3102 ΙΙ
1584 3059 1632 3092 eis
1655 3059 1718 3092 VT
1726 3058 1736 3079 ¹
1763 3059 1776 3099 11
1802 3059 1824 3093 4
1846 3060 1920 3099 nec]
1942 3060 1978 3091 et
2001 3068 2061 3091 neo
2081 3058 2113 3091 R
2138 3057 2151 3103 ΙΙ
2178 3060 2200 3092 6
2222 3060 2364 3102 utreque

1294 3103 1341 3138 V²
1356 3104 1369 3147 ΙΙ
1388 3105 1408 3139 8
1433 3105 1639 3137 contractum
1663 3102 1712 3136 13¹
1729 3102 1742 3146 ss
1762 3105 1802 3137 10
1826 3105 1871 3144 et]
1896 3102 1994 3136 etiam
2022 3103 2054 3136 T
2062 3103 2151 3148 vulq.
2171 3104 2239 3146 1111
2262 3114 2363 3138 uene-

1283 3149 1441 3182 rabilium
1454 3149 1488 3181 R
1502 3148 1515 3192 ΙΙ
1536 3150 1576 3182 12
1599 3148 1814 3190 peruenerint
1837 3150 1896 3181 aut
1916 3150 2030 3191 postea
2053 3151 2280 3191 peruenerunt
2300 3150 2362 3191 Vll

1287 3196 1326 3228 13
1350 3193 1485 3237 pignori
1507 3192 1651 3235 supponi
1673 3192 1804 3235 Rvulq.
1831 3191 1844 3236 ΙΙ
1877 3195 1916 3228 15
1941 3193 2057 3226 domus
2080 3194 2125 3235 T]
2155 3194 2269 3227 domos
2292 3194 2369 3230 RV

1284 3239 1371 3283 vulq.
1388 3238 1401 3282 ΙΙ
1419 3238 1500 3280 quid
1525 3238 1558 3271 Τ
1577 3238 1590 3281 Ι]
1608 3240 1747 3280 egerunt
1768 3236 1824 3281 Vl!
1845 3239 1883 3272 17
1894 3240 1983 3272 rubr.
2002 3238 2229 3272 Alienationes
2248 3249 2363 3274 mona·

1285 3283 1463 3317 steriorum
1486 3293 1553 3315 non
1577 3283 1648 3315 fleri
1672 3283 1705 3316 R
1722 3284 1754 3316 in
1773 3283 1903 3327 maro-n
1933 3284 1972 3318 18
1995 3294 2016 3316 a
2039 3297 2098 3318 om.
2125 3285 2158 3318 T
2216 3286 2259 3320 19
2283 3294 2362 3319 oon-

1286 3328 1504 3362 versationem
1527 3329 1613 3371 vulq.
1633 3327 1645 3371 ΙΙ
1669 3327 1887 3361 transferatur
1913 3329 1944 3361 T
1962 3328 1975 3372 ss
1997 3329 2078 3362 haee
2102 3329 2170 3363 RT
2229 3331 2272 3364 20
2295 3329 2363 3364 tale

1285 3387 1343 3408 om.
1361 3373 1393 3406 T
1409 3374 1421 3415 ΙΙ
1448 3374 1486 3407 21
1515 3372 1811 3416 depraeenderetur
1838 3374 1887 3406 η’*
1903 3373 1916 3416 ΙΙ
1940 3374 2156 3408 sanctissimis
2240 3374 2363 3408 sanctis

1296 3417 1347 3462 Vu
1364 3417 1448 3450 locis
1463 3418 1495 3451 T
1509 3417 1521 3460 ΙΙ
1538 3420 1581 3452 22
1601 3418 1761 3462 episcopis
1780 3419 1843 3452 VT
1855 3418 1867 3462 ΙΙ
1884 3419 1965 3451 haec
1978 3419 2011 3452 R
2028 3419 2041 3463 ΙΙ
2057 3420 2293 3453 monasterinm
2314 3420 2362 3461 V]

1284 3463 1483 3496 monasterio
1498 3464 1564 3496 RT
1576 3463 1589 3506 ΙΙ
1608 3465 1650 3497 24
1662 3464 1766 3505 regia]
1783 3464 1845 3496 hac
1857 3464 1948 3506 regia
1962 3464 2089 3509 Rvulq.
2106 3464 2120 3508 fl
2135 3465 2207 3498 uiuo
2228 3465 2361 3509 Vvuqu

1285 3508 1339 3542 uel
1356 3509 1424 3541 RT
1437 3508 1449 3550 ΙΙ
1474 3509 1516 3542 25
1533 3509 1656 3542 maiore
1673 3508 1809 3542 ecclesia
1825 3509 2032 3542 sanctissima
2050 3510 2083 3543 T
2095 3509 2108 3552 ΙΙ
2130 3510 2172 3544 26
2188 3509 2281 3552 regis
2301 3510 2334 3543 V
2349 3508 2362 3555 Η

1284 3553 1383 3586 habet
1406 3553 1559 3597 pluribus
1582 3554 1612 3588 T
1627 3554 1639 3597 ΙΙ
1657 3555 1699 3588 30
1723 3553 1870 3587 uoluerit
1891 3555 1924 3587 T
1936 3554 1949 3598 ΙΙ
1965 3555 2175 3588 securitatem
2197 3567 2256 3589 om.
2279 3554 2328 3589 V¹
2350 3555 2364 3599 Ι

1285 3599 1327 3633 32
1351 3598 1400 3639 in]
1424 3601 1457 3631 et
1476 3599 1512 3631 in
1534 3599 1627 3633 Beck
1643 3598 1656 3643 ΙΙ
1681 3599 1872 3633 huiusmodi
1893 3612 1951 3634 om.
1965 3599 2000 3633 R
2024 3599 2037 3645 ΙΙ
2061 3601 2105 3634 34
2126 3599 2208 3642 sive]
2231 3600 2261 3633 si
2280 3609 2361 3634 nero

1287 3645 1320 3678 T
1324 3642 1335 3665 ¹
1353 3642 1367 3689 Ι
1387 3644 1510 3677 nanctis
1533 3657 1590 3678 om.
1605 3644 1638 3677 R
