2476 3854
103 93 180 138 Ed.
201 95 307 138 XIII
341 97 402 138 19.
423 97 477 138 20
1169 92 1253 140 790

1661 109 1723 141 ΒΕ
1750 110 1868 142 URBE
1897 108 2313 144 ALEXANDRINORUM

1073 240 1231 278 CAPUT
1254 240 1349 277 XIX.

227 317 349 355 Ὅπως
381 317 420 353 δὲ
449 315 494 352 ἂν
523 316 614 363 μηδὲ
642 317 809 352 ἐνταῦθα
840 315 987 362 δοίημέν
1016 331 1090 353 τινι
1114 319 1296 362 τεχνάζειν
1318 318 1410 364 μηδὲ
1433 318 1583 356 πλείονα
1607 317 1777 362 δαπάνην
1799 317 2000 364 βοίλεσθαι
2023 323 2140 355 ποιεῖν
2163 319 2184 364 ἢ
2209 320 2313 357 ἐλάτ-

97 377 188 399 τονα
220 363 336 408 λέγειν
367 365 436 406 τὴν
467 361 687 408 εἰσκομιδήν.
718 366 779 396 καὶ
810 365 919 397 τοῦτο
950 360 1188 408 διοικούμενοι
1219 365 1474 411 προσηκόντως
1504 366 1549 411 τῇ
1574 362 1788 411 ἱποκειμένῃ
1806 362 2000 413 ἀπογραφῇ
2022 363 2117 410 τῷδε
2140 367 2193 409 τῷ
2218 367 2312 410 θείῳ

98 410 199 454 νόμῳ
226 411 336 455 σαφὲς
365 407 648 452 κατεστήσαμεν,
678 406 904 450 δηλώσαντες
927 406 1039 443 πόσος
1057 412 1126 453 μέν
1149 411 1250 445 ἐστιν
1274 409 1293 443 ὑ
1316 409 1441 445 κανὼν
1464 408 1622 454 [ὁπόσος]
1647 406 1666 444 ὅ
1692 406 1840 453 ἀνήκων
1863 411 1911 443 εἰς
1932 410 1974 443 τὸ
1999 407 2229 456 δικαστήριον
2252 413 2315 455 τῆς

98 456 159 495 σῆς
188 452 361 499 ὑπεροχῆς
390 456 451 487 καὶ
483 455 521 487 ἐκ
552 454 630 487 τῶν
660 454 858 497 εἰρημένων
890 454 1074 499 ἐπαρχιῶν
1105 468 1145 489 τε
1177 458 1237 488 καὶ
1260 453 1389 489 τόπων
1412 454 1707 499 εἰσκομιζόμενος,
1732 456 1770 488 ἐκ
1793 455 1855 496 τῆς
1878 451 2021 499 Λιβύης
2044 451 2151 499 αὗτῆς
2170 457 2312 490 καὶτοῦ

98 496 295 544 Μαρεώτου
319 501 379 532 καὶ
402 499 467 532 τοῦ
493 497 715 533 Μενελαΐτου
738 499 801 540 τῆς
825 497 975 542 πόλεως,
999 499 1098 533 πόσα
1122 495 1162 533 δὲ
1184 499 1231 534 τὰ
1247 497 1501 544 δαπανήματα,
1525 495 1618 546 ἅπερ
1632 499 1816 545 προσῆκόν
1830 501 1930 533 ἐστιν
1950 499 2125 534 ἐντεῦθεν
2138 501 2312 546 γίνεσθαι
2337 505 2357 537 5

98 547 183 588 περί
204 556 244 577 τε
266 543 346 578 τοὺς
369 542 544 587 ἄρχοντας
566 546 625 577 καὶ
649 542 711 577 τὰς
733 543 852 583 τάξεις
876 546 936 577 καὶ
959 544 1005 578 τὰ
1027 543 1197 588 σολέμνια
1220 548 1304 590 περί
1325 558 1363 579 τε
1387 543 1454 587 τὴν
1478 545 1618 591 τροφὴν
1635 547 1712 579 τῶν
1736 544 2039 587 καθωσιωμένων
2062 547 2312 589 στρατιωτῶν.

98 590 162 623 τοῦ
193 587 434 632 πεοιβλέπτου
465 587 725 634 αὐγουσταλίου
757 587 943 623 παντελῶς
967 586 1139 633 οὐδεμίαν
1158 591 1298 632 ἔχοντος
1321 593 1515 633 μετουσίαν
1537 587 1621 623 οὐδὲ
1643 591 1706 633 τῆς
1730 586 1839 623 αὐτοῦ
1864 587 1997 629 τάξεως
2020 589 2110 635 πρὸς
2131 589 2199 626 τὸν
2223 590 2313 637 εἰρη-

96 636 207 677 μένον
239 619 348 668 botua
379 632 458 675 ἢτοι
487 632 552 667 τὰς
582 631 875 680 ὑποτεταγμένας
905 630 1007 677 αῧτῷ
1039 636 1209 680 ἐπαρχίας
1232 648 1272 668 τε
1292 637 1352 668 καὶ
1376 633 1495 670 πόλεις
1518 637 1578 668 καὶ
1601 632 1745 677 τόπους,
1769 631 1852 668 οὐδὲ
1875 632 1981 668 ἄλλου
2004 636 2083 669 τῶν
2106 636 2314 680 ἐπιχωρίων

98 675 290 722 ἀρχόντων
313 677 425 722 τινός,
449 675 539 712 ἇλλά
564 676 674 712 αὐτοῦ
698 680 763 712 τοῦ
787 677 1029 724 περιβλέπτου
1054 677 1178 714 δουκὸς
1201 682 1261 712 καὶ
1284 680 1349 714 τοῦ
1372 679 1435 723 τῆς
1451 678 1610 724 Λιβύων
1633 677 1820 714 πολιτικοῦ
1844 677 2014 723 ἄρχοντος
2035 680 2178 723 ἔχοντος
2192 681 2314 716 πᾶσαν

97 723 263 764 ἐξουσίαν
289 723 374 778 (ἐν)
403 726 477 758 τοῖς
507 724 701 767 εἰρημένοις
731 723 857 758 τόποις
885 722 1080 769 χρημάτων
1110 738 1150 759 τε
1179 727 1300 759 ἕνεκεν
1323 727 1383 758 καὶ
1407 723 1642 771 ἐγκλημάτων
1665 726 1725 758 καὶ
1748 721 1932 768 δημοσίων
1955 723 2188 779 εἰσπράξεων,
2219 721 2314 760 ὥστε
2338 728 2378 763 10

97 771 221 813 μέντοι
249 767 317 803 τὸν
349 781 507 813 αρχοντα
538 768 606 803 τὸν
637 769 698 803 ἐπὶ
722 769 863 813 Λιβύης
893 765 1112 804 ὑποκεῖσθαι
1141 771 1195 824 τῷ
1228 768 1459 814 περιβλέπτῳ
1485 768 1595 812 δσυκί,
1628 772 1688 803 καὶ
1711 767 1852 803 πάντας
1873 769 1954 803 τοὺς
1976 769 2040 803 τὰς
2064 769 2174 804 αυτοὶς
2196 768 2314 814 χώρας

97 814 285 848 οἰκοῦντας
315 811 499 859 κτήτορας,
529 812 582 859 ἐφ’
617 812 668 847 οἶς
692 816 893 858 κέκτηνται,
924 817 984 848 καὶ
1007 814 1090 849 τοὺς
1112 827 1256 849 τουτων
1281 813 1482 860 οἰκήτορας·
1519 814 1550 848 εἰ
1572 813 1643 861 γὰρ
1666 816 1726 848 καὶ
1751 815 1791 847 ἐν
1814 812 1936 847 ἄλλαις
1960 814 2144 859 ἐπαρχίαις
2166 815 2313 858 οἰκοῦσι,

97 861 288 901 κέκτηνται
317 857 358 892 δὲ
387 856 460 894 ὑπὸ
483 857 549 893 τὰς
571 858 756 906 εἰρημένας
780 857 902 893 πόλεις
924 856 947 902 ἢ
972 859 1115 902 τόπους,
1134 858 1184 894 οἶς
1208 861 1225 892 ἐ
1254 862 1401 902 ἕστηκεν
1424 857 1444 894 ὁ
1469 858 1704 904 περίβλεπτος
1728 856 1824 898 δούξ,
1849 861 1910 892 καὶ
1932 857 2078 893 τούτους
2101 858 2231 903 ὁμοίως
2254 860 2314 894 ἐπὶ

96 906 174 938 ταῖς
205 901 392 947 δημοσίαις
422 903 656 948 εἰσπράξεσιν
686 903 906 939 ὑποκεῖσθαι
936 901 1035 948 αὐτῷ
1060 903 1215 949 βουλόμε
1249 918 1283 947 α,
1307 904 1357 939 αἶς
1380 905 1588 950 παῤῥησίαν
1611 903 1703 946 ἔχειν
1726 907 1787 938 καὶ
1810 904 2007 948 ἐκπέμπειν
2027 903 2163 950 (πρὸς)
2186 900 2315 939 αὐτοὺς

97 951 157 982 καὶ
181 945 351 983 ἀπαιτεῖν
372 951 433 983 καὶ
457 949 581 984 πάντα
605 948 792 995 πράττειν,
817 946 940 984 ὁπόσα
966 946 985 983 ὁ
1011 951 1075 993 τῆς
1097 947 1317 995 εἰσπράξεως
1338 948 1509 993 βούλεται
1533 948 1677 994 τρόπος.
2339 952 2381 986 15

1080 1071 1237 1109 CAPUT
1262 1071 1342 1108 XX.

230 1149 377 1194 Ἐπειδὴ
410 1148 450 1184 δὲ
479 1153 539 1184 καὶ
570 1150 610 1184 αἱ
638 1151 741 1185 θεῖαι
773 1145 877 1194 ὴμῶν
908 1150 1114 1195 largitiones
1144 1153 1183 1185 ἐκ
1214 1153 1291 1186 τῶν
1323 1153 1508 1196 ἐπαρχιῶν
1539 1150 1683 1186 τούτων
1709 1154 1769 1185 καὶ
1801 1150 1933 1186 τόπων
1954 1151 2033 1186 τῶν
2053 1149 2317 1186 ὑπακουόντων

97 1197 151 1240 τῷ
183 1196 358 1241 εἰρημένῳ
389 1197 451 1230 τοῦ
483 1196 648 1240 Λιβυκοῦ
680 1194 819 1240 λιμιτοῦ
855 1193 958 1229 δουκί
985 1208 1070 1230 τινα
1100 1199 1326 1244 κομίζονται,
1356 1194 1455 1241 ἡμεῖς
1486 1195 1527 1231 δὲ
1555 1195 1624 1238 τὴν
1654 1196 1737 1239 ἴσην
1767 1199 1828 1230 καὶ
1857 1192 1988 1240 ὁμοίαν
2017 1199 2077 1231 καὶ
2109 1194 2164 1231 ἐπ’
2197 1195 2317 1231 αὐτοῖς

99 1241 276 1288 φροντίδα
308 1241 534 1284 ποιούμεθα,
560 1241 787 1285 θεσπίζομεν
816 1239 885 1274 τὸν
915 1241 1102 1286 εἰρημένον
1131 1244 1193 1285 τῆς
1223 1241 1365 1287 Λιβύης
1396 1244 1456 1275 καὶ
1484 1242 1550 1276 τοῦ
1584 1241 1785 1286 Μαρεώτου
1815 1244 1876 1276 καὶ
1906 1242 1971 1276 τοῦ
2005 1239 2227 1276 Μενελαΐτου
2253 1242 2317 1285 τῆς

98 1286 236 1322 πόλεως
267 1289 340 1327 (καὶ
370 1287 489 1320 ταῦτα
518 1285 587 1332 γὰρ
618 1284 719 1328 αὐτῷ
749 1296 861 1329 προσε
905 1283 913 1294 ’
940 1289 1042 1330 αμεν)
1071 1286 1161 1328 [τὸν]
1194 1286 1434 1334 περίβλεπτον
1465 1285 1577 1321 δοῧκα
1606 1290 1666 1320 καὶ
1697 1286 1765 1321 τὸν
1793 1287 1856 1329 τῆς
1879 1287 2049 1332 ἐπαρχίας
2072 1285 2231 1331 ἄρχοντα
2256 1289 2317 1320 καὶ

98 1332 167 1375 τὴν
191 1330 292 1375 αὐτῷ
317 1331 544 1375 πειθομένην
567 1330 671 1371 τάξιν
694 1328 854 1374 κινδύνῳ
879 1331 999 1374 οἰκείῳ
1022 1331 1091 1386 την
1114 1334 1191 1367 τῶν
1221 1331 1513 1377 largitionalicobv
1536 1330 1731 1377 χρημάτων
1754 1331 1943 1377 εἴσπραξιν
1966 1332 2155 1366 ποιεῖσθαι
2177 1332 2255 1366 τῶν
2277 1332 2317 1366 ἐκ
2340 1335 2383 1367 20

99 1378 255 1412 πάντων
277 1378 356 1411 τῶν
375 1377 576 1422 εἰρημένων
599 1373 731 1411 τόπων
755 1374 1013 1422 ὀφειλομένων,
1038 1373 1133 1411 ω’στε
1156 1377 1250 1412 κατὰ
1272 1376 1452 1422 μηδεμίαν
1466 1375 1628 1422 ἔλλειψιν
1643 1378 1762 1411 ταῦτα
1776 1376 1868 1411 καθ’
1887 1379 2040 1411 ἕκαστον
2055 1378 2131 1411 ἔτος
2146 1373 2316 1422 εἰσπράτ·

98 1423 233 1458 τεσθαι
255 1425 315 1455 καὶ
336 1422 591 1466 ἐκπέμπεσθαι
614 1418 698 1467 παρ’
725 1418 845 1455 αὐτῶν
865 1422 925 1456 ἐπὶ
946 1420 1015 1465 τὴν
1034 1419 1301 1468 Ἀλεξανδρέων
1323 1425 1384 1456 καὶ
1407 1419 1683 1468 παραδίδοσθαι
1699 1422 1753 1465 τῷ
1778 1420 1871 1456 κατὰ
1893 1421 2019 1466 καιρὸν
2042 1423 2081 1455 ἐκ
2098 1422 2178 1456 τῶν
2191 1421 2316 1456 καθω-

99 1470 292 1511 σιωμένων
326 1465 542 1502 παλατίνων
577 1467 850 1512 ἐπιτρεπομένῳ
885 1465 952 1509 τὴν
986 1468 1050 1501 τοῦ
1086 1472 1328 1514 πραιποσίτου
1363 1466 1525 1512 πληροῦν
1559 1468 1672 1500 ἐκεῖσε
1704 1470 1838 1512 χρείαν.
1885 1467 2083 1511 ἐπαμύνειν
2116 1478 2157 1501 τε
2188 1462 2317 1501 αὖτοὺς

98 1511 240 1547 εἰδότας
276 1510 325 1546 ὠς
355 1513 402 1546 εἰς
432 1511 499 1546 τὸν
531 1509 655 1546 αὐτῶν
684 1510 867 1546 ἐλεύσεται
893 1509 1071 1556 κίνδυνον,
1102 1515 1266 1548 τουτέστι
1297 1513 1363 1547 τοῦ
1393 1525 1433 1547 τε
1456 1510 1513 1546 ἀεὶ
1537 1509 1658 1546 δουκὸς
1681 1513 1746 1546 τοῦ
1770 1524 1811 1546 τε
1834 1508 2005 1557 ἄρχοντος
2024 1512 2102 1546 τῶν
2125 1524 2166 1546 τε
2187 1511 2316 1546 πειθο·

98 1561 222 1602 μένων
253 1556 373 1591 αὐτοῖς
403 1557 557 1600 τάξεων,
582 1558 613 1590 εἰ
635 1556 685 1601 μὴ
709 1557 853 1591 τούτων
877 1558 970 1592 πᾶσι
993 1557 1235 1604 προνοήσειαν
1258 1557 1421 1603 τρόποις·
1453 1555 1672 1601 ἀμυνόντων
1691 1557 1740 1591 εἰς
1761 1558 1871 1591 τοῦτο
1894 1560 1954 1590 καὶ
1976 1557 2055 1591 τῶν
2077 1557 2317 1602 στρατιωτῶν
2340 1559 2383 1594 25

99 1606 158 1637 καὶ
189 1599 314 1637 αὐτῶν
342 1601 644 1644 κινδυνευόντων,
673 1602 704 1635 εἰ
722 1602 770 1646 μὴ
796 1600 1029 1646 ἐπαμύναιεν,
1057 1602 1190 1637 ταύτας
1209 1600 1414 1646 ὑποστῆναι
1435 1601 1500 1636 τὰς
1522 1601 1662 1646 ποινάς,
1683 1597 1800 1647 ἅσπερ
1824 1599 2056 1645 ἐπεθήκαμεν
2077 1603 2138 1636 καὶ
2160 1603 2234 1636 τοῖς
2255 1603 2318 1637 ἐπὶ

98 1649 159 1690 τῆς
187 1645 453 1690 Ἀλεξανδρέων
483 1650 543 1681 καὶ
573 1648 742 1693 ἑκατέρας
772 1646 964 1694 Αἰγύπτου
992 1648 1213 1692 καθημένοις
1244 1647 1499 1694 στρατιώταις,
1530 1647 1561 1681 εἰ
1588 1646 1638 1691 μὴ
1668 1649 1729 1681 καὶ
1760 1643 1864 1681 αὐτοὶ
1893 1647 1936 1682 τὸ
1968 1647 2118 1693 πρᾶγμα
2145 1647 2210 1690 τῆς
2240 1646 2317 1689 ἴσης

99 1690 296 1733 ἀξιώσειαν
327 1691 527 1737 φροντίδος.
574 1689 660 1726 οὐδὲ
690 1691 796 1738 λόγου
827 1691 928 1726 τινὸς
956 1694 1017 1727 ἐπὶ
1039 1695 1117 1727 ταῖς
1136 1693 1426 1738 largitionalicaze
1450 1693 1581 1727 αἰτίαις
1603 1693 1702 1737 παρὰ
1724 1690 1790 1727 τὰς
1812 1691 2025 1738 ὲζιιπροσθεν
2048 1689 2318 1739 διηγορευμένας

100 1739 215 1772 αἰτίας
244 1738 472 1783 παρέχεσθαι
503 1735 703 1782 δυναμένου
732 1740 807 1771 τισὶ
833 1737 933 1782 παρὰ
962 1737 1113 1784 γνώμην
1141 1739 1220 1773 τῶν
1249 1739 1559 1782 καθωσιωμένωνΙ
1584 1735 1799 1772 παλατίνων
1829 1739 1891 1779 τῆς
1912 1737 2095 1782 εἰρημένης
2117 1734 2227 1781 ἀρχῆς
2247 1733 2319 1782 (ἢ)

98 1783 176 1817 τῶν
211 1781 328 1817 ἄλλως
363 1781 613 1827 στελλομένων
648 1783 708 1817 ἐπὶ
743 1782 791 1836 τῇ,
823 1783 901 1816 τῶν
931 1782 1225 1826 largitionalica‘av
1256 1781 1441 1826 δημοσίων
1471 1782 1657 1828 εἰσπράξει
1690 1781 1789 1827 παρὰ
1815 1783 1879 1816 τοῦ
1911 1782 2005 1816 κατὰ
2037 1781 2162 1827 καιρὸν
2194 1778 2318 1816 αὐτῶν
2341 1780 2384 1814 30

100 1826 282 1874 ἄρχοντος,
314 1823 406 1862 ἀλλὰ
436 1831 497 1862 καὶ
528 1825 636 1862 ἔνδον
667 1827 744 1862 τῶν
768 1823 918 1861 ασύλων
939 1830 1087 1873 χωρίων
1109 1828 1173 1871 τῆς
1192 1825 1408 1874 εἰσπράξεως
1429 1829 1628 1874 γινομένης,
1652 1830 1712 1861 καὶ
1734 1828 1812 1862 τῶν
1835 1825 1958 1861 ἄλλων
1983 1823 2163 1861 ἁπάντων
2186 1822 2319 1871 ὁμοίως

233 1994 332 2030 ΧΙΧ.
385 1992 430 2030 Ut
459 1996 578 2030 autem
610 2005 655 2029 ne
685 1992 743 2029 hic
776 1993 919 2040 quidem
942 1994 1197 2040 permittamus
1228 1993 1397 2040 cuiquam
1427 1993 1634 2030 machinari
1659 2004 1745 2030 neve
1771 1993 1969 2040 impensam
1999 1995 2172 2030 maiorem
2193 1993 2320 2040 facere

99 2040 188 2077 velle
211 2044 277 2076 aut
299 2040 473 2075 minorem
496 2038 616 2075 dicere
638 2038 848 2083 illationem,
872 2039 978 2075 etiam
998 2037 1067 2074 boc
1089 2039 1340 2076 convenienter
1369 2039 1599 2086 disponentes
1622 2038 1863 2091 descriptione
1885 2038 1969 2074 huic
1990 2049 2118 2074 sacrae
2141 2038 2214 2084 leqi
2234 2037 2318 2074 sub-

100 2087 191 2122 iecta
216 2085 371 2132 planum
394 2083 567 2165 fecimus,
600 2083 888 2119 demonstrantes
934 2087 1066 2120 uantus
1087 2084 1136 2120 sit
1158 2094 1278 2120 canon
1302 2083 1477 2120 tribunali
1499 2088 1582 2120 tuae
1604 2083 1834 2119 sublimitatis
1858 2086 2061 2129 competens
2084 2087 2121 2119 et
2142 2094 2193 2119 ex
2214 2082 2322 2120 dictis

94 2131 297 2177 provinciis
327 2133 363 2165 et
408 2129 482 2164 ocis
512 2128 767 2174 conferendus,
799 2139 849 2165 ex
872 2127 915 2164 Le
938 2139 989 2176 μα
1013 2130 1095 2176 ipsa
1118 2132 1154 2166 et
1177 2129 1346 2165 Mareota
1369 2133 1405 2165 et
1427 2128 1623 2165 Menelaita
1646 2129 1744 2172 urbe,
1774 2133 2003 2175 quantaeque
2024 2128 2207 2174 impensae
2228 2139 2321 2175 quas

99 2176 184 2212 hine
206 2175 372 2211 convenit
390 2174 475 2220 fieri
497 2178 533 2210 et
555 2174 593 2210 in
616 2173 753 2210 iudices
775 2177 811 2210 et
834 2173 962 2219 officia
986 2178 1022 2210 et
1043 2174 1233 2210 sollemnia
1253 2178 1288 2210 et
1311 2175 1349 2210 in
1372 2174 1502 2210 victum
1523 2173 1731 2210 devotorum
1753 2173 1916 2208 militum.
1963 2172 2180 2220 Spectabilis
2201 2177 2319 2209 autem

98 2219 312 2266 Auqustalis
342 2219 480 2255 nullam
504 2220 650 2254 omnino
675 2219 958 2254 communionem
983 2218 1113 2255 babeat
1132 2230 1198 2255 nec
1221 2219 1298 2254 eius
1321 2219 1486 2265 officium
1510 2229 1589 2255 cum
1613 2218 1710 2254 dicto
1735 2218 1825 2254 duce
1847 2218 1922 2254 sive
1970 2217 2139 2254 revinctis
2161 2221 2198 2253 et
2219 2218 2318 2254 urbi-

99 2266 165 2301 bus
193 2269 230 2301 et
259 2265 349 2301 locis
378 2264 415 2301 ei
441 2264 620 2307 subiectis,
651 2275 768 2310 neque
799 2263 894 2299 alius
917 2264 1108 2309 quisquam
1127 2263 1411 2311 provincialium
1435 2263 1604 2306 iudicum,
1627 2263 1692 2299 sed
1713 2263 1791 2309 ipse
1813 2270 1938 2310 specta
1962 2262 2020 2298 ilis
2042 2261 2123 2298 dux
2145 2266 2181 2298 et
2203 2263 2319 2299 civilis

98 2310 252 2357 Libyam
284 2309 398 2346 iudex
428 2319 567 2345 omnem
590 2312 808 2356 potestatem
840 2308 971 2345 habeat
999 2310 1036 2344 in
1068 2308 1175 2345 dictis
1208 2309 1296 2344 locis
1326 2309 1364 2343 in
1422 2308 1617 2344 ecuniariis
1640 2308 1759 2344 causis
1783 2312 1820 2344 et
1841 2307 2088 2344 criminalibus
2107 2311 2144 2344 et
2193 2307 2319 2344 ublicis

99 2355 363 2398 exactionibus,
394 2354 448 2390 ita
480 2358 598 2390 tamen
626 2358 668 2390 ut
697 2354 811 2390 iudex
833 2354 971 2401 Libyae
993 2354 1183 2401 spectabili
1206 2353 1291 2390 duci
1312 2353 1377 2389 sub
1405 2354 1476 2390 itus
1497 2354 1545 2389 sit
1566 2357 1603 2389 et
1625 2363 1746 2389 omnes
1768 2353 1839 2399 qui·
1854 2353 1944 2388 istas
1966 2353 2131 2398 reqiones
2178 2351 2318 2388 abitant

97 2410 326 2447 possessores
355 2398 480 2446 quoad
504 2400 752 2446 possessiones
780 2409 867 2434 suas
897 2409 1092 2479 earumque
1114 2398 1254 2435 incolas
1260 2413 1274 2442 ;
1297 2409 1380 2434 nam
1405 2399 1511 2435 etiam
1536 2398 1568 2433 si
1591 2398 1629 2433 in
1652 2397 1737 2434 aliis
1756 2397 1955 2444 provinciis
1977 2396 2150 2439 habitent,
2170 2407 2313 2450 posses-

98 2446 221 2482 siones
250 2448 370 2481 autem
401 2444 558 2480 babeant
588 2445 626 2480 in
657 2444 763 2480 dictis
792 2443 941 2480 urbibus
960 2448 996 2480 et
1033 2444 1108 2480 ocis
1131 2444 1261 2491 quibus
1282 2443 1490 2490 spectabilis
1512 2443 1592 2479 dux
1612 2442 1826 2489 praefectus
1849 2445 1913 2486 est,
1933 2442 2041 2478 etiam
2064 2440 2132 2477 bos
2153 2442 2318 2478 similiter

98 2491 138 2526 in
153 2490 313 2537 publicis
334 2490 588 2526 exactionibus
611 2489 644 2524 ei
666 2489 851 2525 subiacere
873 2489 1047 2532 volumus,
1072 2493 1113 2525 ut
1135 2493 1171 2525 et
1193 2488 1243 2524 ad
1264 2499 1327 2524 eos
1349 2488 1489 2525 mittere
1511 2492 1547 2524 et
1568 2487 1717 2534 exiqere
1734 2487 1856 2534 possit
1877 2491 1911 2523 et
1930 2486 2050 2522 omnia
2063 2486 2192 2532 facere
2208 2497 2318 2534 quae-

99 2546 240 2582 cunque
262 2534 468 2571 exactionis
491 2534 618 2570 modus
639 2534 813 2581 postulat.

233 2579 314 2615 XX.
361 2578 540 2622 Quoniam
570 2589 655 2615 vero
687 2579 795 2615 etiam
826 2589 955 2615 sacrae
983 2582 1133 2615 nostrae
1162 2578 1220 2614 lar

100 2625 224 2661 limitis
246 2624 330 2660 duci
349 2628 495 2671 parent,
517 2623 694 2660 nonnulla
715 2624 932 2671 percipiunt,
956 2628 993 2660 et
1015 2634 1082 2660 nos
1105 2634 1223 2669 aequa
1239 2634 1293 2659 em
1315 2627 1351 2659 et
1373 2621 1523 2658 similem
1546 2622 1654 2658 etiam
1677 2621 1751 2657 illis
1774 2631 1900 2657 curam
1923 2619 2170 2667 impendimus,
2199 2629 2317 2656 sanci-

99 2680 179 2705 mus
201 2669 335 2706 dictum
358 2668 495 2716 Libyae
518 2674 552 2705 et
575 2668 764 2705 Mareotae
786 2674 822 2705 et
845 2667 1062 2705 Menelaitae
1092 2669 1191 2704 urbis
1222 2670 1319 2711 (nam
1349 2667 1439 2703 baec
1462 2677 1607 2714 quoque
1634 2666 1690 2702 illi
1712 2665 1919 2709 adiecimus)
1941 2664 2169 2712 spectabilem
2193 2663 2317 2700 ducem

100 2719 137 2751 et
154 2713 369 2761 provinciae
392 2713 542 2749 iudicem
562 2717 598 2750 et
621 2713 786 2760 officium
809 2714 842 2749 ei
864 2724 1001 2760 parens
1017 2714 1176 2760 proprio
1195 2712 1361 2759 periculo
1386 2711 1672 2758 larqitionalium
1693 2711 1929 2758 pecuniarum
1951 2710 2177 2746 exactionem
2190 2709 2319 2755 facere

100 2769 336 2806 quaeeunque
365 2769 415 2794 ex
445 2758 609 2794 omnibus
640 2759 747 2794 dictis
778 2758 868 2794 locis
899 2758 1082 2800 debentur,
1116 2762 1156 2794 ut
1182 2759 1260 2794 sine
1289 2757 1363 2793 ullo
1395 2756 1541 2803 defectu
1571 2755 1660 2792 haec
1691 2756 1887 2802 quotannis
1914 2754 2113 2799 exiqantur
2140 2758 2176 2790 et
2200 2759 2316 2790 trans-

100 2804 290 2840 mittantur
319 2803 365 2838 ab
395 2804 447 2839 eis
478 2803 528 2838 ad
557 2803 677 2838 urbem
701 2803 1036 2839 Alexandrinorum
1071 2802 1335 2849 tradanturque
1368 2802 1403 2838 ei
1434 2812 1483 2838 ex
1513 2800 1650 2837 devotis
1673 2800 1871 2847 palatinis,
1904 2799 1963 2835 cui
1987 2803 2061 2835 tum
2093 2799 2318 2835 commissum

99 2849 218 2894 suerit
247 2851 288 2883 ut
318 2847 393 2882 illic
417 2848 625 2893 praepositi
656 2859 801 2884 munere
829 2848 1022 2894 funqatur.
1069 2847 1119 2883 Et
1149 2847 1232 2883 illos
1263 2846 1444 2883 auxilium
1475 2846 1579 2891 ferre
1606 2845 1759 2882 scientes
1786 2844 1858 2880 sibi
1885 2843 2049 2891 periculo
2071 2843 2170 2890 fore,
2201 2842 2244 2879 id
2265 2846 2319 2880 est

100 2893 185 2929 duci
215 2893 280 2938 qui
306 2902 451 2938 quoque
483 2897 641 2938 tempore
669 2893 789 2938 fuerit
820 2897 857 2928 et
887 2892 998 2928 iudici
1026 2897 1063 2928 et
1093 2892 1230 2938 officiis
1261 2892 1312 2927 eis
1337 2890 1566 2938 parentibus,
1595 2890 1668 2926 nisi
1700 2890 1757 2926 his
1779 2889 1887 2925 rebus
1909 2888 2071 2924 omnibus
2093 2887 2208 2924 modis
2227 2899 2316 2935 pro-

100 2938 257 2975 viderint
264 2949 279 2979 ;
309 2947 413 2983 opem
445 2935 528 2971 huic
555 2937 610 2972 rei
629 2937 834 2981 ferentibus
856 2938 963 2973 etiam
987 2937 1158 2974 militibus
1179 2938 1270 2983 ipsis
1294 2947 1438 2988 quoque
1458 2935 1659 2983 periculum
1682 2933 1926 2976 subeuntibus,
1949 2933 1982 2969 si
2005 2943 2108 2979 opem
2131 2943 2204 2969 non
2228 2932 2317 2969 tule-

99 2983 185 3026 rint,
216 2981 357 3018 easdem
387 2981 591 3032 sustinendi
616 2992 766 3028 poenas,
796 2993 889 3028 quas
920 2982 1155 3029 imposuimus
1187 2982 1294 3018 etiam
1330 2980 1502 3017 militibus
1535 2981 1574 3016 in
1609 2980 1697 3016 urbe
1725 2978 2058 3016 Alexandrinorum
2092 2981 2127 3014 et
2161 2981 2316 3057 utralqge

101 3029 266 3080 Aeqypto
296 3026 512 3070 constitutis,
542 3026 613 3061 nisi
638 3030 673 3062 et
696 3027 766 3072 ipsi
785 3028 931 3072 neqotio
955 3027 1140 3073 aequalem
1164 3036 1289 3062 curam
1313 3025 1545 3062 admoverint.
1583 3025 1660 3061 Nec
1678 3024 1816 3071 poterit
1839 3024 2028 3074 quisquam
2051 3019 2159 3074 λόγον
2181 3022 2238 3074 in·
2301 3040 2316 3048 -

99 3071 336 3119 qinonalibus
367 3070 482 3107 titulis
539 3074 661 3106 raeter
692 3081 823 3106 causas
854 3082 947 3116 quas
975 3082 1088 3118 supra
1119 3071 1357 3117 exposuimus
1387 3070 1557 3116 cuiquam
1587 3069 1677 3105 dare
1699 3069 1820 3105 invitis
1842 3068 1980 3118 devotis
1997 3066 2176 3112 palatinis
2199 3065 2316 3119 ductae

100 3116 427 3154 administrationis
455 3126 497 3152 ve
537 3116 601 3195 cisi,
633 3115 697 3161 qui
722 3119 918 3161 praeterea
947 3116 996 3151 ad
1023 3117 1250 3163 publicorum
1282 3115 1570 3161 larqitionalium
1609 3114 1835 3150 exactionem
1867 3115 2059 3147 mittuntur
2092 3110 2137 3146 ab
2173 3121 2215 3147 eo
2250 3120 2313 3158 qui

102 3167 186 3198 tunc
216 3161 308 3208 ipsis
329 3164 482 3208 praeest
489 3172 504 3203 ‚·
533 3170 572 3196 se
626 3160 734 3196 etiam
767 3161 864 3195 intra
887 3160 992 3206 asyla
1014 3161 1160 3197 exactio
1182 3161 1257 3205 fiet,
1280 3163 1316 3196 et
1336 3159 1479 3205 reliqua
1502 3159 1623 3194 omnia
1645 3157 1809 3193 similiter
1830 3156 1869 3192 in
1893 3155 2008 3202 Libya
2032 3158 2068 3192 et
2090 3154 2257 3192 Mareota
2280 3159 2317 3191 et

1261 2579 1377 2615 tiones
1405 2588 1455 2614 ex
1477 2576 1535 2613 bis
1549 2577 1752 2624 provinciis
1775 2579 1811 2613 et
1834 2575 1939 2629 locis,
1956 2586 2050 2622 quae
2072 2575 2170 2611 dicto
2191 2573 2319 2628 Libyci

146 3332 166 3365 3
196 3328 320 3364 κανὼν
350 3326 490 3364 ὁπόσοσ
520 3325 560 3362 δὲ
590 3324 643 3370 (δὲ
666 3327 813 3370 deletum)
837 3324 858 3360 ὅ
882 3328 933 3367 M,
958 3328 1065 3361 delevi
1086 3323 1175 3362 ὁπό·

1244 3327 1315 3361 riae
1336 3324 1351 3370 fl
1380 3322 1470 3368 πρὸς
1494 3325 1572 3358 add.
1596 3323 1765 3369 Aqylaeus
1793 3323 1806 3368 ss
1837 3326 1876 3358 17
1903 3321 2050 3367 λιβυκοῦ
2075 3323 2151 3366 M‘,
2174 3320 2313 3367 λιβικοῦ

101 3386 183 3416 σος,·
202 3372 376 3410 ὁπωσοῦν
396 3387 458 3418 pro
483 3370 619 3408 ὁπόσος
641 3369 662 3406 ὁ
688 3373 838 3415 (debebat
861 3367 881 3404 ὁ
898 3367 971 3414 ὁπ.)
988 3372 1177 3405 Zachariae
1610 3371 1616 3378 ‘

1245 3369 1310 3405 Μ’
1326 3370 1340 3414 ΙΙ
1356 3368 1499 3412 λιμιτοῦ
1523 3372 1578 3411 (το
1603 3383 1637 3403 m
1659 3371 1740 3411 ras.)
1765 3369 1811 3403 Μ
1819 3370 1832 3412 fl
1850 3365 2012 3402 δουκικοῦ
2037 3367 2087 3409 M,
2111 3381 2193 3402 corr.
2214 3369 2314 3403 Oeen·

100 3421 113 3465 ΙΙ
136 3422 157 3454 6
190 3422 275 3464 περί
302 3431 343 3453 τε
373 3420 438 3453 τοῦ
470 3417 643 3463 ἄρχοντος
667 3417 718 3460 Μ,
750 3419 836 3461 περί
864 3428 904 3450 τε
927 3415 1010 3450 τοῦς
1032 3414 1176 3451 τούτων

103 3463 279 3520 ἄρχοντας
302 3461 654 3516 Zachariaesscoiwv
678 3474 742 3516 non
764 3462 829 3496 τοῦ
843 3463 886 3515 *in
901 3461 951 3539 21:11
967 3474 1035 3538 esst}
1052 3462 1178 3550 Ξίῖξῖεῇ

101 3510 126 3589 lg)
140 3507 332 3599 ἳέἐδῖἕόὲι
345 3510 402 3595 ΒΞ
411 3508 952 3596 ιισοὸννῖ]τέοσῗὲἷιᾷααεηῇώτοτὲντῆς,
966 3518 1085 3591 lugon]
1114 3550 1177 3591 τῆς

106 3601 170 3633 τοῦ
195 3600 246 3638 Μ,
270 3599 334 3632 τοῦ
359 3598 438 3632 τῶν
459 3598 626 3643 Aqylaeus
648 3597 767 3641 υα19.11
787 3597 828 3631 10
849 3597 890 3630 ἐν
912 3596 991 3630 add.
1009 3595 1062 3639 Ay
1086 3595 1177 3628 laeua

106 3643 119 3689 u
144 3646 182 3677 11
210 3642 370 3687 ἄρχοντα
394 3642 591 3684 Zachariae]
615 3641 661 3675 τὰ
686 3642 733 3676 Μ
742 3642 755 3686 ΙΙ
774 3643 815 3678 14
841 3639 1024 3685 δημοσίων
1078 3640 1175 3674 acha-

1246 3418 1388 3459 brfiqqen
1413 3413 1426 3456 ΙΙ
1458 3416 1497 3448 19
1520 3412 1591 3460 γὰρ
1616 3411 1716 3457 αὐτῷ
1741 3415 1920 3459 Aqylaeus]
1946 3414 2121 3458 παραυτῶ
2146 3413 2191 3446 Μ
2209 3412 2222 3456 ΙΙ
2245 3411 2314 3446 τὸν

1245 3461 1307 3494 del.
1333 3457 1521 3494 Zachariae
1546 3460 1558 3501 ΙΙ
1580 3461 1622 3493 20
1647 3455 1791 3493 abruta?
1817 3457 2001 3493 Zachariae
2025 3457 2037 3501 ΙΙ
2064 3457 2313 3499 largionitiotfin

1245 3505 1317 3547 (sic)
1342 3504 1389 3537 M
1398 3503 1411 3547 Ι]
1429 3505 1471 3538 24
1496 3500 1608 3538 αὐτὸν
1632 3504 1683 3546 Μ,
1708 3517 1790 3538 corr.
1807 3502 1992 3538 Zachariae
2008 3502 2021 3546 ΙΙ
2039 3504 2080 3537 25
2105 3499 2314 3547 προνοήσειε

1245 3550 1295 3591 M,
1320 3550 1448 3582 correxi
1467 3549 1479 3591 fl
1506 3551 1549 3583 26
1573 3546 1695 3583 αὐτῶν
1720 3547 1917 3589 Zachariae]
1941 3546 2019 3580 τῶν
2042 3547 2089 3580 Μ
2105 3547 2119 3590 ΙΙ
2144 3548 2186 3582 28
2210 3545 2312 3588 largi-

1245 3593 1434 3627 tionalicazs
1460 3593 1505 3627 M
1526 3593 1538 3637 ΙΙ
1566 3596 1609 3628 29
1627 3590 1651 3637 ἢ
1673 3592 1752 3628 τῶν
1775 3590 1891 3627 ἄλλως
1915 3589 2100 3626 Zachariae
2124 3592 2164 3627 cl.
2180 3591 2311 3634 786,11]

1245 3638 1322 3674 τῶν
1345 3633 1443 3673 ὅλωσ
1467 3639 1512 3672 Μ
1525 3642 1538 3683 fl
1554 3640 1596 3674 30
1615 3637 1899 3684 landtionalioa'in
1915 3636 1964 3671 M
