2476 3854
196 115 301 159 Nov.
332 115 408 159 CX
437 130 499 172 pr.
531 120 550 159 1

191 224 347 270 τισάτω,
379 226 437 261 διά
461 241 499 261 τε
523 229 599 262 τῶν
622 225 815 262 εἰωθότων
840 226 991 264 ἰδίκτων
1013 231 1074 262 καὶ
1098 240 1266 276 προςταγ-

189 271 319 315 μάτων
350 273 493 306 οἰκείων
528 274 618 307 πᾶσι
648 271 870 316 ποιησάσθω
907 272 1046 319 φανεροὶ
1082 276 1123 308 ἔν
1153 287 1193 308 τε
1222 276 1268 320 τῇ

191 312 375 360 εὐδαίμονι
398 315 512 365 ταύτῃ
536 316 640 351 πόλει
671 321 731 350 καὶ
755 319 795 352 ἐν
815 322 892 353 ταῖς
915 320 1100 364 ἐπαρχίαις
1124 316 1267 361 πάσαις,

191 358 279 395 dim
301 363 492 407 γινώσκειν
515 362 672 401 πάντας,
696 360 892 416 ὁπόσηιτις
912 362 999 407 ἡμῖν
1022 365 1100 398 ἐστι
1123 367 1268 418 φροντὶς

1252 115 1335 162 520

1928 131 1988 161 DE
2017 131 2174 162 USURIS
2203 129 2410 163 NAU'I'ICIS

1337 228 1454 263 edicta
1488 232 1524 263 et
1557 230 1751 280 praecepta
1784 228 1931 273 propria
1964 229 2127 265 omnibus
2157 229 2269 265 faciat
2296 229 2408 265 mani-

1336 274 1429 309 festa
1460 277 1495 308 et
1525 273 1563 309 in
1586 273 1654 308 hac
1677 272 1882 308 felicissima
1906 273 2048 309 civitate
2078 278 2114 308 et
2142 273 2180 310 in
2208 273 2409 319 provinciis,

1336 323 1376 354 ut
1395 322 1610 362 cognoscant
1630 328 1763 360 omnes,
1788 320 1921 363 quanta
1944 321 1980 354 et
2004 328 2094 364 quae
2117 319 2221 354 nobis
2245 329 2332 354 cura
2353 322 2410 354 est

1337 366 1373 398 et
1395 373 1500 399 verae
1523 363 1619 400 circa
1641 363 1821 398 dominum
1846 363 2026 399 Christum
2056 374 2178 400 verum
2202 364 2305 399 deum
2326 363 2409 399 fidei

191 409 250 439 καὶ
274 408 336 449 τῆς
351 405 509 449 ἀληθοῦς
533 409 614 451 περὶ
634 406 701 441 τὸν
722 405 907 463 δεσποτην(
921 408 1082 454 Χριστὸν
1101 422 1169 463 τον
1185 407 1268 463 cij-⁷7-
1304 412 1323 443 ὃ
1337 411 1373 444 et
1393 411 1598 445 nostrorum
1621 408 1863 444 subiectorum
1887 409 2022 444 salutis.

190 451 306 484 θινὸν
330 451 423 485 θεὸν
447 454 601 485 πίστεως
623 455 683 486 καὶ
706 453 768 495 τῆς
791 454 868 487 τῶν
889 456 1073 498 ημετέρων
1096 467 1269 498 υπηκοων

191 499 376 540 σωτηρίας.

246 540 327 575 Dat.
353 551 436 575 non.
461 540 548 576 Mai.
574 540 643 576 ΟΡ.
673 541 758 586 imp.
790 542 849 578 dn.
873 541 1062 578 Iustiniani

190 594 284 620 anuo
310 585 388 621 XV.
414 585 547 621 Basilio
572 597 623 621 vc.
650 597 749 623 cons.
1091 554 1153 589 Pp·
1178 544 1267 588 Aug·

699 779 755 822 TJT

405 852 582 905 ΠΕΡΙ
613 853 762 906 ΤΩΝ
791 853 1057 907 ΤΟΚΩΝ.

186 925 224 962 Ὁ
242 927 349 963 αὐτὸς
371 929 539 974 βασιλεὺς
554 928 702 980 Ἰωάννῃ
727 933 872 978 ἐπάρχῳ
898 937 1134 979 πραιτωρίων
1157 932 1200 967 τὸ
1217 930 1266 978 β’,

307 971 379 1010 ἀπὸ
405 973 559 1010 ὑπάτων
583 973 848 1024 <όρδιναρίων>
871 982 931 1012 καὶ
955 982 1145 1023 πατρικίῳ.

233 1042 347 1095 §Hpq
358 1055 377 1075 ο
387 1045 402 1076 ι’
407 1057 433 1086 μ
443 1057 455 1076 ι
464 1055 483 1075 ο
492 1042 542 1087 ν.)
583 1042 701 1088 Ἴσμεν
725 1047 763 1079 ἐκ
785 1045 972 1090 μηνύσεως
994 1048 1056 1090 τῆς
1079 1047 1142 1090 σῆς
1161 1030 1268 1092 ὑπερ-

1282 792 1322 826 10

1401 542 1483 578 Dat.
1509 553 1591 579 non.
1616 543 1701 579 Mai.
1727 543 1796 579 GP.
1820 544 1904 590 imp.
1929 543 1988 579 dn.
2012 543 2202 580 Iustiniani
2231 554 2291 589 pp.
2315 543 2406 589 Aug.

1234 591 1371 633 [a.541]
1438 596 1532 623 anno
1554 587 1633 625 XV.
1658 589 1791 625 Basilio
1814 599 1867 625 vc.
1892 599 1990 625 cons.

1791 790 1865 827 cx,
1913 791 2024 827 Auth.
2039 791 2109 828 cv.
2128 791 2215 828 0011.
2226 791 2311 829 v111
2322 791 2377 827 tit.
2387 794 2408 826 6

1424 857 1478 907 R
1509 857 1602 906 DE
1637 858 1883 910 USURIS
1918 861 2239 912 NAUTICIS
2271 862 2322 910 R.

1544 934 1642 970 Idem
1666 937 1758 981 Aug.
1782 937 1932 973 Iohanni
1955 949 2016 983 pp.
2042 937 2208 974 Orientis.

1403 1046 1720 1100 (Praefatio)-
1755 1047 1926 1084 Novimus
1956 1060 2000 1085 ex
2030 1050 2295 1086 denuntiatione
2324 1052 2410 1085 tuae

186 1098 268 1129 οχης
289 1085 512 1142 ’νομονμῆδη
543 1089 778 1132 πεποιηκότες
813 1095 895 1136 περὶ
930 1092 1007 1125 τῶν
1036 1091 1268 1126 traiecticimv
1283 1096 1322 1128 15
1335 1092 1554 1127 celsitudinis
1577 1092 1690 1136 legem
1709 1102 1779 1128 lam
1798 1093 1927 1130 fecisse
1951 1095 1995 1130 de
2009 1095 2215 1131 traiecticiis
2238 1094 2409 1141 pecuniis,

185 1144 389 1176 χρηματων,
415 1144 454 1167 ος
470 1134 631 1179 ἐμφανὴς
653 1138 778 1181 γέγονε
801 1138 855 1180 τῷ
880 1135 1099 1182 δικαστηρίῳ
1122 1138 1176 1179 τῷ
1201 1139 1265 1180 σῷ.

1336 1147 1427 1183 quae
1450 1137 1640 1172 manifesta
1661 1137 1761 1173 facta
1784 1143 1840 1174 est
1862 1139 1942 1176 foro
1965 1143 2039 1176 tuo.

1202 1226 1360 1262 CAPUT
1384 1227 1412 1262 I.

251 1275 347 1313 'Am’
374 1277 568 1324 ἐπειδήπερ
600 1277 750 1328 ὕστερον
773 1280 1037 1328 προςελεύσεων
1060 1281 1147 1327 ἡμῖν
1169 1295 1267 1330 γενο-

185 1327 308 1367 μένων
336 1325 602 1379 προςετάξμμεν
633 1327 701 1361 τὸν
730 1328 846 1371 νόμον
876 1330 1012 1363 ἐκεῖνον
1040 1328 1089 1372 μὴ
1122 1330 1267 1373 κρατεῖν

1395 1283 1465 1318 Sed
1486 1282 1652 1327 quoniam
1675 1286 1800 1327 postea
1821 1283 2036 1321 aditionibus
2056 1285 2160 1321 nobis
2180 1284 2285 1321 factis
2305 1295 2407 1330 prae·

1336 1328 1494 1373 cepimus
1528 1328 1639 1372 legem
1669 1328 1766 1363 illam
1800 1340 1872 1365 non
1902 1330 2038 1374 valere,
2073 1330 2206 1366 resumi
2237 1341 2315 1366 eam
2343 1330 2409 1365 im-

186 1367 449 1414 ἇναληφθῆναι
473 1370 588 1405 αυτὸν
612 1371 875 1417 προςτάξαντες
899 1375 938 1407 ἐκ
958 1375 1022 1408 τοῦ
1038 1371 1267 1418 δικαστηρίου
1334 1376 1501 1418 perantes
1532 1383 1577 1407 ex
1604 1373 1683 1408 foro
1716 1377 1789 1415 tuo,
1821 1375 2028 1420 agnovimus
2056 1379 2177 1411 autem
2206 1386 2284 1411 eam
2313 1377 2351 1411 et
2372 1376 2410 1410 in

186 1416 251 1448 τοῦ
267 1416 342 1456 σοῦ,
366 1415 529 1461 ἔγνωμεν
549 1414 590 1450 δὲ
606 1414 718 1452 αὐτὸν
741 1422 801 1452 καὶ
825 1420 866 1452 ἔν
888 1431 963 1453 τισι
985 1421 1064 1453 τῶν
1083 1420 1268 1464 ἐπαρχιῶν
1280 1420 1322 1453 20
1336 1419 1547 1472 qpibusdam
1570 1418 1761 1463 provinciis
1776 1419 1846 1454 iam
1861 1420 2098 1464 insinuatam,
2121 1425 2311 1473 propterea
2326 1430 2409 1457 san-

186 1457 254 1502 ῆὸη
278 1462 470 1505 καταφανῆ
501 1462 694 1507 γενέσθαι,
726 1461 787 1497 διὰ
810 1465 921 1498 τοῦτο
946 1464 1169 1506 θεσπίζομεν
1198 1463 1267 1498 τὸν

186 1506 351 1539 τοιοῦτον
372 1503 489 1549 νόμον
512 1511 694 1542 παντοίως
718 1505 850 1555 ἀργεῖν,
880 1512 940 1542 καὶ
965 1510 995 1542 εἰ
1018 1512 1150 1553 συνέβη
1173 1508 1266 1542 κατὰ

185 1549 308 1594 χώραν
331 1548 447 1584 αὐτὸν
477 1553 714 1598 πεμφθῆναι,
745 1552 835 1597 μηδὲ
858 1555 969 1588 ἐκεῖσε
992 1556 1147 1600 κρατεῖν,
1178 1550 1262 1587 ἀλλ’

185 1592 377 1639 άνίσχυρον
411 1595 513 1630 εἶναι.
561 1600 620 1630 καὶ
656 1595 754 1632 οὕτω
789 1597 1001 1643 βουλόμεθα
1038 1599 1080 1652 τὸ
1116 1600 1265 1645 πρᾶγμα

1335 1474 1448 1499 cimus
1483 1463 1589 1498 talem
1623 1463 1734 1507 legem
1770 1465 1912 1501 omnino
1948 1475 2094 1511 vacare,
2132 1471 2169 1501 et
2200 1477 2231 1502 s1
2261 1465 2410 1510 contigit

1334 1509 1440 1544 etiam
1471 1518 1535 1553 per
1565 1509 1766 1552 provincias
1799 1520 1875 1545 eam
1900 1511 2087 1555 destinari,
2117 1521 2184 1546 nec
2206 1510 2259 1547 ibi
2281 1511 2408 1554 valere,

1335 1554 1397 1589 sed
1420 1553 1609 1589 invalidam
1632 1565 1721 1589 esse.
1770 1554 1828 1590 Sic
1853 1556 1946 1591 enim
1968 1556 2128 1592 volumus
2160 1566 2305 1592 causam
2326 1566 2408 1601 pro-

1335 1600 1477 1641 cedere,
1511 1603 1693 1643 tamquam
1728 1600 1757 1635 si
1791 1611 1857 1635 nec
1889 1601 2023 1646 scripta
2056 1601 2184 1637 fuisset
2214 1605 2410 1637 memorata

186 1643 370 1694 προὶὲναι,
402 1638 450 1675 ὡς
473 1642 505 1675 εἰ
533 1640 624 1696 μηδξ
652 1647 800 1689 γραφεὶς
823 1643 1017 1697 ἐτύγχανεν
1041 1657 1060 1678 o
1085 1645 1266 1689 εἰρημένος
1279 1644 1409 1687 251ex‚
1442 1644 1505 1680 sed
1535 1645 1732 1679 secundum
1760 1645 1831 1680 iam
1862 1646 1906 1681 de
1934 1647 2066 1682 talibus
2094 1646 2234 1691 positas
2263 1647 2356 1691 leges
2386 1657 2410 1682 a

185 1696 323 1739 νομος,’
337 1682 427 1719 ἀλλὰ
448 1687 540 1721 κατὰ
561 1699 642 1722 τους
659 1687 727 1732 ἤδη
749 1693 831 1736 περὶ
850 1703 927 1724 των
943 1690 1120 1723 τοιούτων
1139 1689 1264 1723 τεθέν-

184 1741 248 1765 τας
281 1742 411 1774 νομους
445 1729 538 1776 παρ’
572 1730 678 1775 ἡμῶν
706 1735 772 1768 τὰς
803 1733 997 1769 ὑποθέσεις
1026 1733 1266 1776 ἐξετάζεσθαι

185 1778 246 1809 καὶ
268 1779 416 1822 κρίσεως
439 1773 645 1817 ἀξιοῦσθαι.

1334 1689 1438 1726 nobis
1455 1688 1598 1734 negotia
1617 1689 1910 1727 examinationem
1927 1696 1963 1728 et
1982 1692 2195 1728 sententiam
2212 1692 2406 1738 potiantur.

252 1867 336 1900 Nm.
363 1868 428 1900 CX
448 1868 611 1909 (Anthent.
636 1869 755 1902 CV=
785 1871 864 1904 Call.
887 1871 979 1904 VIII
996 1873 1040 1903 tit.
1056 1872 1090 1910 6)
1126 1870 1252 1903 Graece
1276 1877 1362 1903 extat
1386 1871 1418 1903 in
1444 1871 1526 1904 ML.
1551 1890 1595 1895 —
1627 1871 1718 1914 Epit.
1745 1871 1864 1904 Theod.
1891 1873 1967 1915 110,
1999 1872 2118 1905 Athan.
2142 1875 2194 1915 17,
2211 1880 2238 1907 2.
2285 1873 2407 1907 Iulian.

185 1920 283 1945 coust.
312 1913 407 1946 CIII.

182 1990 294 2026 solita
322 1989 440 2026 edicta
470 1994 507 2026 et
531 1994 734 2036 praecepta
765 2002 833 2026 sua
865 1992 1029 2028 omnibus
1051 1992 1251 2038 manifesta
1271 1993 1393 2038 faciat
1423 1997 1459 2028 et
1490 1994 1527 2028 in
1550 1994 1620 2030 hac
1640 1994 1747 2039 fett'ci
1776 1993 1864 2028 urbe
1895 2000 1929 2029 et
1953 1994 1991 2028 in
2006 1995 2210 2040 provinciis
2233 1996 2407 2038 omnibus,

183 2039 224 2070 ut
246 2046 367 2070 omnes
389 2035 620 2081 intetleqant,
652 2041 791 2081 quanta
814 2037 919 2072 nobis
942 2048 1031 2072 cura
1053 2038 1104 2073 sit
1132 2043 1169 2073 ct
1191 2049 1296 2080 verae
1318 2038 1357 2072 in
1381 2038 1563 2073 dominum
1589 2039 1764 2075 Christum
1790 2049 1912 2074 verum
1935 2039 2039 2074 deum
2058 2039 2147 2084 fidei
2173 2043 2207 2076 et
2234 2041 2407 2078 subiecto-

183 2091 263 2116 rum
285 2084 494 2116 nostrorum
515 2081 658 2117 salutis.

1099 2285 1202 2336 DE
1234 2216 1492 2337 geals,

377 2362 477 2399 Idem
501 2364 687 2409 Auqustus
711 2361 872 2398 Iohanni
889 2365 1087 2410 praefecto
1105 2365 1299 2412 praetorio
1324 2365 1468 2406 iterum,
1493 2375 1543 2400 ex
1565 2363 1713 2399 consule
1736 2363 1961 2410 (ordinario)
1984 2370 2020 2400 ct
2037 2364 2209 2411 patricio.

318 2430 566 2476 Praefatio.
614 2429 757 2466 Scimus
785 2442 854 2466 nos
884 2442 934 2467 ex
962 2432 1140 2468 relatione
1170 2437 1253 2468 tuae
1275 2432 1504 2468 sublimitatis
1535 2431 1648 2478 teqem
1680 2432 1751 2467 iam
1773 2432 1907 2482 fecisse
1929 2431 1974 2468 dc
2005 2432 2215 2468 traiecticiis
2234 2433 2408 2479 pecuniis,

184 2488 278 2524 quae
300 2476 435 2512 iudicio
460 2479 523 2510 tuo
547 2476 732 2511 insinuata
755 2481 819 2511 est.

323 2521 352 2557 I.
408 2521 539 2557 Verum
571 2521 742 2566 quoniam
767 2525 900 2573 postea
931 2522 1282 2568 interpellationibus
1309 2522 1417 2569 petiti
1449 2522 1707 2574 praecepimus
1736 2532 1782 2558 nc
1813 2521 1878 2557 illa
1910 2521 1973 2558 lex
2002 2521 2139 2558 valeret
2170 2522 2251 2557 tolli
2279 2534 2358 2559 eam
2388 2536 2408 2559 e

182 2567 315 2603 iudicio
343 2570 403 2602 tuo
427 2565 599 2607 iubentes,
624 2577 859 2611 coqnommus
881 2571 999 2603 autem
1020 2578 1098 2603 eam
1122 2568 1229 2603 etiam
1253 2567 1291 2602 in
1308 2567 1508 2613 provinciis
1531 2566 1743 2612 qmbusdam
1768 2567 1840 2602 iam
1855 2566 2077 2602 insinuatam
2101 2577 2190 2609 esse,
2208 2573 2409 2615 propterea

181 2612 373 2654 sancimus,
397 2616 438 2647 ut
457 2611 521 2646 itta
545 2611 606 2646 lex
615 2610 731 2663 plane
753 2615 878 2655 cesset,
901 2621 945 2647 ac
965 2612 999 2647 si
1014 2623 1091 2647 eam
1116 2613 1267 2658 contiqit
1291 2613 1329 2647 in
1347 2613 1558 2659 provincias
1578 2623 1655 2648 esse
1675 2612 1836 2654 missam,
1859 2623 1905 2647 ne
1924 2611 2000 2647 illic
2019 2611 2162 2658 quidem
2183 2612 2315 2654 valcat,
2344 2613 2410 2649 sed

182 2657 342 2692 invalida
364 2657 420 2691 sit.
467 2657 585 2702 Atque
607 2660 661 2691 tta
683 2667 758 2692 rem
774 2657 978 2703 procedere
1001 2657 1174 2700 volumus,
1208 2663 1390 2704 tamquam
1414 2657 1512 2693 dicta
1536 2657 1599 2694 lex
1622 2668 1667 2693 ne
1689 2657 1829 2703 scripta
1858 2656 2001 2703 quidem
2025 2667 2195 2703 umquam
2215 2663 2320 2704 esset,
2344 2659 2409 2695 scd

181 2702 374 2738 secundum
398 2701 494 2747 leqes
517 2701 561 2736 de
583 2700 640 2736 his
665 2701 796 2737 talibus
819 2713 843 2737 a
866 2701 970 2737 nobis
992 2702 1065 2737 iam
1089 2702 1185 2738 latas
1207 2713 1340 2738 causae
1362 2705 1618 2739 examinentur
1641 2706 1677 2738 ct
1697 2702 1875 2737 sententia
1897 2702 2162 2748 impertiantur.

250 2791 270 2823 3
293 2790 464 2834 ἐπαρχίας
488 2792 536 2824 L⁰
554 2791 567 2835 n
582 2788 787 2832 πάσαιςΜ]
813 2805 871 2825 om.
889 2792 942 2828 Le
960 2792 1010 2836 114
1033 2791 1151 2828 πάσας
1174 2794 1225 2827 L⁰
1247 2793 1260 2837 ΙΙ

184 2832 303 2878 ὁπόση
327 2837 391 2876 τις]
416 2839 541 2877 quanta
564 2839 597 2869 et
621 2847 705 2878 quae
728 2849 748 2873 ς
768 2837 781 2879 ss
807 2838 826 2870 8
850 2839 971 2871 subscr.
997 2852 1055 2871 om.
1079 2839 1140 2872 Iul.
1166 2840 1259 2872 codd.

179 2888 313 2925 praeter
324 2881 413 2913 Iul.¹0
428 2880 441 2924 ΙΙ
460 2881 524 2913 dat.
542 2892 620 2914 non.
640 2882 717 2914 Mai.
735 2884 832 2923 (mag.
847 2882 948 2920 Iutw)
966 2883 1096 2924 §Iul.¹⁰‚
1122 2880 1259 2929 ἐγράφη

183 2937 262 2959 non.
288 2924 423 2959 Μαΐων
446 2927 534 2967 Ath.]
570 2926 600 2958 d.
624 2936 661 2959 11.
692 2927 724 2958 k.
748 2928 824 2958 mai.
850 2927 895 2960 M
924 2927 1141 2972 έξεφωνήθη
1173 2931 1260 2972 μηνὶ

182 2970 281 3016 μαΐῳ
296 2971 329 3004 T
327 2971 417 3004 head.
442 2971 520 3011 (dat.
535 2980 570 3004 v.
594 2981 671 3003 non.
692 2972 796 3004 Maias
820 2971 885 3005 Iul.
899 2972 1042 3015 Pz'choei‚
1059 2976 1102 3007 id.
1122 2976 1154 3007 in
1177 2975 1258 3007 Call.

184 3024 282 3050 const.
308 3016 382 3049 eccl.
406 3015 580 3053 Fabrotus;
605 3015 734 3050 dat.v1.
761 3017 792 3048 k.
819 3016 898 3049 Mai.
924 3018 995 3050 coll.
1021 3031 1091 3052 nov.
1111 3019 1175 3052 CX
1192 3019 1259 3051 Za-

183 3062 329 3102 chariae)
347 3060 360 3103 ΙΙ
388 3060 454 3093 ΟΡ.
481 3078 520 3084 -
547 3070 635 3093 anno
658 3060 733 3092 XV.
760 3063 814 3103 (tf
832 3063 876 3103 ς)]
901 3062 978 3103 imp.
1004 3062 1058 3095 dn.
1084 3064 1261 3096 iustiniani

183 3118 237 3149 pp.
251 3117 340 3139 anno
350 3105 427 3138 XV.
442 3106 529 3139 Iutw
548 3115 599 3147 cp.
612 3116 661 3147 op.
676 3107 748 3146 (sic)
761 3107 836 3138 iust.
855 3116 910 3148 pp.
933 3117 1009 3147 aug.
1022 3108 1067 3140 M
1079 3106 1261 3150 βασιλείας

180 3149 434 3185 Ἰουστινιανοῦ
455 3150 499 3183 τὸ
524 3148 563 3183 ιε’
580 3151 655 3183 Aeh.
680 3151 752 3182 ἔτει
775 3149 814 3182 ιε’
834 3151 895 3192 τῆς
917 3150 1100 3193 βασιλείας
1115 3153 1234 3186 Theod.
1249 3152 1262 3197 ΙΙ

184 3200 204 3232 9
229 3196 321 3229 basil.
346 3207 397 3229 uo.
422 3206 528 3228 conss.
555 3196 660 3238 M(cf.
675 3197 707 3236 ς)
730 3195 824 3228 basil.
840 3196 937 3236 Iul.¹⁴’‚
962 3193 1134 3230 ὑπατείας
1157 3194 1260 3237 (ὑπα-

182 3244 262 3284 τείᾳ
277 3243 411 3282 ΤΙιεοά.)
434 3237 647 3285 Βελισαρίου
659 3241 734 3273 Am.
751 3241 869 3273 Theod.
888 3241 901 3283 ΙΙ
921 3243 957 3275 11
976 3244 1061 3274 rubr.
1081 3244 1168 3285 Περὶ
1184 3243 1261 3276 τῶν

183 3286 305 3321 τόκων
329 3287 386 3328 M,
410 3288 507 3320 index
530 3286 561 3319 L
586 3286 657 3327 (οηι.
682 3285 713 3318 L
738 3287 771 3318 in
796 3288 891 3325 textu)
926 3288 1015 3328 Περὶ
1038 3284 1160 3319 τόκων
1183 3289 1259 3320 Am.

184 3335 272 3387 Περὶ
296 3332 479 3365 ναυτικῶν
502 3326 624 3364 τόκων
648 3331 682 3363 T
679 3331 769 3363 lzeocl.
795 3330 844 3362 De
867 3331 1002 3363 nautico
1027 3332 1138 3364 fenore
1161 3333 1224 3365 Iul.
1249 3332 1261 3376 ΙΙ

187 3380 227 3412 12
252 3375 408 3419 Ιωάννη]
432 3377 544 3410 Basso
557 3376 715 3409 Iohannis
730 3376 852 3409 vicario
870 3377 1102 3409 inscribendam
1122 3389 1189 3409 esse
1206 3390 1259 3410 no-

184 3424 298 3456 vellum
312 3411 433 3456 initiria
449 3423 601 3465 opinatur
613 3420 815 3457 Zachariae:
837 3421 879 3463 cs.
895 3421 941 3453 ad
955 3433 1026 3453 nov.
1044 3421 1129 3454 CIX
1141 3423 1236 3455 inser.
1249 3423 1260 3464 n

187 3469 226 3502 13
252 3464 326 3502 ἀπὸ
352 3487 394 3491 —
419 3468 599 3511 πατρικίῳ
624 3478 682 3499 om.
705 3466 736 3498 L
760 3466 771 3507 ΙΙ
805 3461 1025 3512 ὄρδιναρίων
1050 3467 1167 3498 addidi
1189 3462 1260 3511 (ὀρ-

185 3510 336 3556 διναρίῳ
361 3513 561 3553 Zachariae)
584 3511 596 3554 ΙΙ
629 3512 669 3546 15
693 3509 819 3553 νόμον]
851 3523 923 3544 nov.
954 3510 1039 3544 CVI
1061 3510 1073 3554 ΙΙ
1099 3510 1177 3543 τῶν
1200 3523 1259 3546 om.

185 3559 217 3591 L
236 3559 248 3601 n
264 3558 483 3590 traiecticiwn
503 3558 557 3598 M,
581 3556 826 3602 τραεοῑτίσίωιι
846 3555 893 3588 L¹
922 3557 1154 3588 uavctreotwv
1178 3556 1226 3588 L²
1248 3558 1260 3594 ΙΙ

185 3604 228 3636 20
258 3603 418 3647 ἔγνωμεν
448 3602 510 3635 τοῦ
544 3601 608 3635 σοῦ
629 3602 680 3634 L⁰
708 3600 721 3645 ΙΙ
749 3601 788 3634 21
814 3597 876 3634 διὰ
908 3600 969 3634 τοῦ
994 3601 1040 3633 Μ
1063 3602 1075 3640 ΙΙ
1103 3602 1145 3634 22
1170 3599 1260 3634 κατὰ

185 3646 319 3692 χώραν]
341 3647 439 3680 etiam
452 3658 512 3689 per
527 3646 716 3690 provincias
737 3658 756 3682 ς
772 3645 785 3690 ΙΙ
803 3647 846 3680 24
856 3647 917 3678 καὶ
930 3640 1038 3687 οὕτω]
1055 3646 1101 3678 sie
1113 3645 1200 3678 enim
1217 3658 1236 3682 ς
1248 3646 1260 3689 Η

187 3695 229 3726 25
248 3695 435 3736 προσιέναι
455 3693 485 3725 L
501 3692 513 3736 ΙΙ
540 3694 580 3725 27
603 3689 742 3734 νόμους]
772 3691 849 3725 Cod.
864 3692 895 3733 4,
908 3698 954 3734 32,
969 3698 1003 3725 26
1012 3703 1052 3734 sq.
1073 3691 1085 3734 n
1101 3687 1256 3732 έξετάζε-
1290 3703 1293 3733 3

1327 2792 1434 2835 σθαι]
1460 2794 1702 2826 examinatione
1726 2795 1760 2833 (ι’.
1777 2806 1801 2826 e.
1827 2789 2035 2832 ἐξετάσεως)
2059 2803 2080 2827 ς

1398 2930 1413 2962 1
1441 2929 1475 2960 et
1497 2937 1556 2970 per
1578 2929 1753 2969 praecepta
1773 2926 1808 2960 R
1832 2925 1845 2970 ΙΙ
1871 2927 1891 2959 3
1915 2927 1966 2967 ut]
1991 2936 2103 2959 omnes
2126 2928 2165 2958 ut
2187 2925 2237 2959 R·
2263 2924 2277 2970 ΙΙ
2303 2928 2324 2960 4
2347 2926 2405 2960 do-

1326 2972 1466 3012 minum]
1493 2972 1545 3005 ἀῶ
1567 2973 1588 3006 ι’.
1603 2985 1628 3006 e.
1653 2972 1750 3004 deum
1774 2971 1808 3004 R
1824 2970 1837 3014 ΙΙ
1855 2973 1874 3005 5
1892 2974 2078 3003 nostrarum
2101 2969 2327 3003 subiectarum
2343 2971 2377 3005 T
2393 2971 2406 3015 ΙΙ

1327 3018 1348 3051 8
1361 3020 1481 3051 subscr.
1500 3029 1582 3050 unus
1596 3023 1745 3059 praestat
1760 3016 2011 3056 Escorialensie,
2037 3017 2069 3048 in
2090 3027 2152 3058 quo
2169 3017 2405 3058 praescribitur

1327 3063 1473 3095 novellae
1491 3062 1558 3095 CX
1574 3078 1619 3090 =
1634 3061 1732 3094 Auth.
1751 3060 1821 3093 CV:
1846 3060 1912 3092 dat.
1938 3070 2016 3092 non.
2040 3060 2116 3092 mai.
2143 3070 2212 3103 cap.
2237 3059 2317 3104 imp.
2334 3061 2402 3093 dni.

1328 3118 1361 3140 n.
1385 3106 1500 3139 iustin.
1523 3117 1578 3149 pp.
1603 3116 1672 3147 cog.
1697 3115 1750 3138 an.
1776 3104 1852 3137 XV.
1877 3104 1943 3137 bas.
1967 3114 2016 3136 vo.
2041 3114 2128 3137 cons.
2147 3104 2160 3147 ΙΙ
2181 3107 2220 3139 10
2245 3118 2315 3139 που.
2341 3106 2405 3140 CX

1329 3168 1372 3181 ==
1384 3153 1481 3185 Auth.
1501 3151 1529 3184 C
1535 3151 1567 3183 V
1585 3163 1643 3183 om.
1657 3150 1701 3192 R,
1725 3151 1757 3182 in
1774 3150 1919 3193 marqine
1944 3150 2141 3192 adscriptam
2165 3163 2260 3184 manu
2282 3152 2406 3185 saeculi

1328 3196 1425 3230 XIV
1444 3197 1540 3230 habet
1565 3196 1603 3236 T,
1636 3196 1669 3228 in
1693 3195 1799 3228 eodem
1823 3195 1932 3227 codice
1955 3195 2109 3237 repetitur
2142 3196 2225 3229 inter
2254 3203 2402 3230 extrava-

1326 3248 1441 3286 9antes
1457 3242 1490 3274 in
1507 3241 1687 3283 appendice
1703 3241 1744 3272 ab
1761 3239 1827 3272 alio
1845 3239 1981 3272 librario
2001 3241 2122 3282 scripta
2137 3241 2171 3282 f.
2189 3242 2251 3275 179
2264 3242 2322 3283 (==
2333 3241 2382 3284 D)
2392 3241 2405 3285 ΙΙ

1330 3288 1367 3320 11
1386 3287 1473 3318 rubr.
1489 3298 1546 3318 om.
1559 3285 1623 3326 Du
1652 3285 1692 3317 14
1712 3283 1916 3318 denuntions
1932 3284 1968 3316 D
1991 3284 2176 3318 dEcintione
2198 3286 2254 3329 Vl}
2274 3289 2313 3320 15
2337 3285 2403 3319 iam

1327 3330 1442 3364 fecisse
1463 3330 1538 3370 VD]
1563 3328 1678 3362 fecisse
1701 3329 1767 3360 iam
1794 3329 1920 3370 Tvulq.
1946 3330 2018 3369 (nos
2042 3331 2118 3363 add.
2132 3331 2232 3374 vulq.)
2257 3330 2320 3375 117
2346 3331 2402 3364 ad-

1327 3374 1567 3408 monitionibus
1581 3375 1614 3407 T
1620 3372 1632 3418 ΙΙ
1643 3373 1863 3416 praecipimus
1884 3373 1983 3407 VDT
1996 3375 2008 3417 ss
2029 3376 2068 3408 18
2082 3379 2192 3408 tenere
2209 3376 2241 3410 T
2255 3378 2343 3419 {eam
2357 3376 2402 3418 T]

1327 3430 1402 3453 eum
1421 3419 1484 3453 VD
1502 3420 1514 3461 ΙΙ
1529 3420 1766 3461 *imperantes1
1785 3422 1999 3462 properantes
2014 3420 2046 3452 T
2064 3423 2298 3464 praeparantes
2314 3421 2400 3460 VDn

1331 3467 1372 3499 19
1396 3464 1614 3506 cognouimus
1639 3465 1765 3507 Tvulq.
1785 3466 1797 3507 ΙΙ
1821 3467 1853 3496 et
1876 3464 1912 3496 in
1938 3478 1997 3499 om.
2012 3465 2059 3505 D,
2089 3468 2122 3498 et
2145 3467 2181 3498 in
2205 3465 2401 3508 quibusdam

1327 3509 1507 3553 provinciis
1524 3523 1580 3542 om.
1597 3510 1629 3543 T
1639 3509 1652 3553 ΙΙ
1672 3511 1710 3543 21
1729 3519 1848 3542 uocare
1866 3509 1916 3542 V⁰
1935 3511 1946 3549 ΙΙ
1963 3510 2105 3551 contigit
2122 3511 2166 3552 V]
2188 3511 2354 3552 contingit
2366 3510 2402 3543 D

1327 3554 1506 3596 contigerit
1528 3555 1651 3598 Tuulq.
1672 3557 1683 3597 ΙΙ
1700 3554 1742 3588 22
1763 3564 1853 3586 mam
1879 3555 1910 3586 T
1922 3554 1935 3597 ΙΙ
1953 3556 1995 3589 23
2014 3556 2061 3587 sic
2082 3555 2170 3588 enim
2192 3556 2267 3597 VD]
2290 3556 2401 3597 sicque

1327 3600 1414 3633 enim
1433 3600 1466 3633 T
1484 3600 1598 3641 sicque
1621 3602 1706 3643 vulq.
1724 3599 1738 3641 ΙΙ
1755 3600 1798 3633 24
1818 3599 1858 3640 si]
1882 3600 1928 3632 sio
1947 3600 2002 3633 D⁰
2017 3600 2030 3643 ΙΙ
2056 3602 2098 3634 25
2118 3601 2174 3634 sed
2198 3613 2256 3634 om.
2278 3600 2333 3644 Vll
2350 3611 2399 3633 se·

1328 3645 1470 3678 cundum
1497 3658 1554 3678 om.
1571 3645 1628 3688 ΤΙΙ
1656 3646 1699 3679 26
1723 3643 1995 3677 examinationem
2020 3645 2094 3686 VD]
2119 3645 2347 3679 aestimatione
2371 3645 2405 3680 T

1327 3692 1411 3734 vulq.
1432 3694 1444 3734 ss
1466 3690 1660 3723 sententiam
1687 3690 1761 3730 VD]
1787 3689 1952 3723 sententia
1977 3690 2103 3735 Tvulq.
