2476 3854
122 77 162 126 Ν
165 91 230 122 ov.
256 77 477 125 CXXXIII
509 83 529 124 1

120 187 324 233 οἱῳδήποτε
358 194 589 235 μονασιηρίῳ
628 190 707 225 τῶν
742 188 815 225 ὑπὸ
853 190 921 226 τὸν
955 191 1202 235 οἰκουμενικὸν

120 233 348 280 πατριάρχην
371 236 459 281 (εἴτε
484 235 561 278 eni>
584 234 715 278 ταύτης
745 235 806 277 τῆς
827 235 981 282 μεγάλης
1003 235 1142 272 πόλεως
1166 234 1201 293 [ἢ

119 281 197 314 τῶν
220 278 291 315 ὑπὸ
317 280 384 323 τὴν
400 281 469 323 σὴν
493 279 615 315 ὄντων
636 277 857 327 ἁγιωσύνην]
883 282 952 316 εἴτε
973 283 1033 317 ἐπὶ
1056 283 1119 325 τῆς
1139 296 1201 316 αυ-

119 326 181 369 τῆς
205 324 428 370 περιοικίδες,
460 325 531 359 εἴτε
554 322 645 370 παρ’
668 322 773 369 ἡμῶν
795 322 918 361 αὐτῶν
941 325 1200 372 ᾠκοδομημένα

120 370 190 404 εἴτε
222 367 311 415 παρ’
338 371 483 415 ἑτέρων,
519 368 727 412 ἰδιάζουσαν
757 371 895 413 οἴκησιν
928 371 1056 414 ἔχοντά
1086 385 1200 409 τινων

118 416 299 459 μοναχιῦν,
329 416 445 449 ταῦτα
470 412 591 450 πάντα
615 414 850 461 καθαιρήσεις
877 415 1026 462 τρόποις
1048 413 1199 461 ἅπασιν,

119 458 270 501 ἀνοίξεις
301 473 340 493 τε
371 456 490 494 αὐτοῖς
519 459 585 503 τὴν
614 457 783 503 ἀλλήλων
815 461 921 504 θέαν,
954 465 1013 499 καὶ
1041 461 1199 509 ὄψονται

118 505 252 539 πάντες
275 504 321 538 τὰ
345 501 436 550 παρ’
456 502 622 548 ἀλλήλων
647 504 890 551 πραττόμενα.
926 511 966 542 τί
985 507 1055 554 γὰρ
1079 506 1123 552 δὴ
1139 511 1199 542 καὶ

117 547 436 594 εὖλαβηθὴσονται
452 548 808 605 τοῦτο’πράττοντες,
834 548 934 593 ἅπαξ
949 552 1096 588 ἑαυτοὺς
1112 550 1197 589 ἀνα·

1194 77 1279 127 668

1898 93 2112 134 QUOMODO
2140 93 2342 128 OPORTET

1269 193 1388 238 aliqua
1417 192 1624 230 habitacula
1653 195 1737 230 sunt
1765 192 1803 229 in
1833 193 1991 238 quolibet
2025 192 2239 230 monasterio
2271 193 2340 230 suh

1269 240 1332 274 tua
1355 238 1628 274 constitutorum
1656 238 1856 282 sanctitate,
1887 238 1962 274 sive
1990 238 2027 273 in
2051 239 2118 273 hac
2140 247 2268 284 magna
2289 238 2339 276 ci-

1268 284 1376 319 vitate
1407 283 1479 319 sive
1508 283 1546 319 in
1569 283 1645 319 eius
1720 294 1739 318 r
1762 283 1947 319 circuitum
1977 283 2190 319 habitaculis
2221 283 2294 319 sive
2317 293 2340 320 a

1267 329 1371 364 nobis
1394 328 1482 373 ipsis
1506 327 1703 364 aedificatis
1727 328 1800 364 sive
1824 329 1870 363 ab
1893 327 1984 371 aliis,
2016 338 2177 364 seorsum
2198 326 2339 382 habit}-¹

1236 377 1255 409 5
1268 373 1399 409 tionem
1423 373 1592 409 habentia
1614 374 1813 418 aliquorum
1836 373 2100 418 monachorum,
2122 373 2212 409 haec
2229 383 2339 409 omm-

1268 419 1334 454 bus
1352 418 1464 453 modis
1488 418 1643 463 depones
1665 419 1804 464 aperies
1829 428 1874 454 ue
1897 419 1947 454 eis
1963 418 2146 462 alterutra,
2170 418 2232 454 ubi
2249 418 2340 454 cele-

1266 464 1422 515 brentur.
1468 463 1560 507 Quid
1582 463 1676 500 enim
1697 429 1939 499 fumigabunt
1960 464 2031 499 hoc
2052 467 2207 515 agentes,
2231 463 2340 499 semel

1266 509 1362 553 ipsos
1383 508 1541 544 dicantes
1562 508 1627 544 deo
1650 512 1687 544 et
1704 509 1994 546 abrenuntiantes
2018 509 2182 554 publicae
2206 517 2339 544 comes-

1267 553 1422 589 sationi?
1467 553 1517 589 Et
1545 553 1614 589 hoc
1642 553 1782 599 quidem
1811 554 1863 589 ita
1893 554 2009 590 valere
2039 564 2135 590 nunc
2166 558 2202 589 et
2223 553 2261 589 in
2282 553 2341 589 fu-

117 595 245 629 θέντες
261 594 340 637 θεῷ
363 598 422 627 καὶ
441 607 659 630 απειποντες
682 595 771 640 πρὸς
795 598 919 649 πᾶσαν
943 595 1090 642 δημώδη
1107 596 1198 633 δίαι-
1214 601 1253 633 10
1267 601 1385 634 turum
1419 608 1523 634 omne
1551 599 1712 635 volumus
1745 603 1903 644 tempus,
1940 599 2038 635 nullo
2073 598 2180 642 (sicut
2209 593 2341 634 dictum

117 653 208 681 ταν,·
231 641 414 673 καὶτοῦτο
437 641 504 683 μὲν
519 640 634 687 ταύτῃ
659 643 803 685 κρατεῖν
826 655 894 676 νυν
917 656 957 676 τε
980 646 1039 677 καὶ
1061 645 1109 677 εἰς
1131 643 1199 678 τὸν

117 685 196 727 ἑξῆς
225 681 373 719 ἅπαντα
403 682 616 729 βουλόμεθα
644 686 784 731 χρόνον,
815 683 961 722 οὐδενὸς
991 685 1040 722 ὣς
1062 689 1199 735 εἴρηται

117 732 258 772 εἴκοντος
273 730 411 772 οἴκησιν
425 728 534 772 ἰδίαν,
551 727 641 764 ἀλλὰ
656 732 1000 776 συναθροιζομένων
1018 730 1198 768 ἁπάντων

117 778 175 808 καὶ
199 775 399 818 θεωμένων
430 775 475 809 τὰ
507 773 599 821 παρ’
627 773 793 820 ἀλλήλων
822 779 1072 832 πραττόμενα·
1109 777 1197 824 πρό-

933 823 940 833 ,

1269 647 1334 684 est)
1358 643 1511 679 habente
1534 643 1776 679 habitaculum
1799 654 1979 687 seorsum,
2003 644 2066 680 sed
2087 643 2340 688 congregandis

1266 687 1429 724 omnibus
1454 690 1491 724 et
1513 688 1783 733 inspicientibus
1807 699 1897 734 quae
1919 688 2000 734 <ab>
2024 689 2205 724 alterutris
2227 698 2340 734 agun-

1265 737 1336 768 tur.
1385 733 1527 769 Certum
1558 734 1651 770 enim
1673 735 1729 769 est
1756 734 1840 779 quia
1862 733 1950 769 talia
1973 735 2168 769 studebunt
2190 743 2233 769 ea
2255 743 2339 770 con-

1267 779 1414 814 stituere
1437 778 1557 823 qualia
1579 779 1721 814 omnino
1753 778 1982 823 inculpabilia
2005 782 2159 818 manent.
2205 777 2287 823 (Et)
2310 778 2341 814 si

117 819 226 870 δηλον
254 821 326 866 γὰρ
350 817 409 853 ὅτι
433 821 586 854 τοιαῦτα
610 821 826 856 σπεύσουσιν
853 836 944 857 αυτα
970 823 1197 858 καθεστάναι
1214 826 1252 857 15
1267 824 1344 868 quis
1359 823 1566 868 apparuerit
1585 827 1723 859 tantum
1742 823 1942 868 impudens,
1965 827 2006 859 ut
2021 824 2152 860 audeat
2165 826 2340 868 temptare

116 871 174 899 οἱα
210 864 397 900 παντελῶς
432 863 659 909 ἀνεπίληπτα
692 869 799 908 μένει.
847 868 879 901 εἰ
908 866 951 902 δέ
975 880 1029 903 τις
1063 866 1197 914 ὀφθείη

116 912 292 944 τοσοῦτον
323 907 490 954 ἀναιδής,
523 907 611 945 ὥςτε
634 910 773 956 τολμᾶν
804 914 993 958 ἐπιχειρεῖν
1018 917 1197 959 παραβαί-

115 969 192 990 νειν
216 969 252 989 τι
267 956 345 990 τῶν
359 956 717 1001 νενομοθετημένων,
742 954 762 990 ὁ
787 959 850 1001 τῆς
871 960 983 1002 μονῆς
1006 955 1199 1006 ἡγούμενος

115 1003 232 1034 ταῦτα
262 1002 469 1042 ἐξεταζέτω.
517 1001 729 1057 βουλόμεθα
758 1003 828 1049 γὰρ
858 1005 921 1047 τῆς
949 1005 1017 1038 νῦν
1046 1002 1197 1050 σφοδρο-

1265 869 1504 914 praevaricari
1534 869 1629 913 quod
1657 868 1834 904 sancitum
1862 872 1933 911 est,
1964 868 2169 904 monasterii
2195 868 2341 914 praesul

1266 915 1354 949 haec
1378 914 1564 949 examinet.
1609 913 1781 950 Volumus
1804 913 1895 949 enim
1917 913 2212 949 vehementiorem
2234 919 2340 958 quam

1267 969 1360 994 nunc
1385 963 1439 994 est
1461 959 1541 994 fieri
1563 959 1855 999 observationem,
1880 961 1916 994 et
1929 958 2082 1004 primum
2105 958 2247 1004 quidem
2268 968 2342 994 non

1267 1004 1437 1049 plurimos
1468 1014 1546 1040 esse
1575 1004 1612 1039 in
1635 1004 1888 1039 monasterium
1918 1004 2114 1048 ingressus,
2145 1003 2209 1039 sed
2231 1013 2342 1038 unum

115 1050 225 1090 τέραν
247 1046 423 1092 γενέσθαι
436 1047 516 1101 χτὴν
534 1059 801 1102 παρατηρησιν,1
814 1051 873 1082 καὶ
894 1050 1042 1105 πρῶτον
1064 1051 1132 1093 μὲν
1148 1049 1197 1094 μὴ
1212 1051 1254 1083 20
1267 1052 1331 1085 aul:
1348 1050 1542 1085 secundum
1565 1049 1669 1093 forte,
1692 1053 1728 1085 et
1742 1050 1886 1085 adstare
1908 1049 2037 1084 ianuae
2058 1049 2153 1084 viros
2177 1058 2281 1084 senes
2304 1050 2342 1084 et

115 1091 248 1127 πολλὰς
279 1091 372 1125 εἶναι
402 1103 466 1126 τας
496 1093 544 1126 εἰς
573 1092 616 1126 τὸ
639 1105 885 1139 μοναστηριον
907 1092 1077 1137 ειςόδους,
1106 1092 1198 1128 ἀλλὰ

115 1140 203 1180 μίαν
231 1134 254 1180 ἢ
286 1135 350 1170 δύο
380 1137 501 1181 τυχόν,
537 1137 734 1183 ἐφεστάναι
765 1151 806 1172 τε
835 1141 880 1185 τῇ
911 1138 1034 1174 πυλίδι
1065 1138 1198 1185 ἄνδρας

114 1181 354 1229 γεγηρακότας
390 1185 449 1215 καὶ
483 1183 673 1229 σώφρονας
709 1186 769 1216 καὶ
799 1187 1130 1229 μεμαρτυρημένους
1161 1186 1199 1226 ἐξ

116 1225 303 1269 ἁπάντων,
328 1228 431 1273 οἵπερ
447 1226 529 1262 οὔτε
545 1231 619 1263 τοῖς
634 1225 909 1281 εζιλαβεστάτοις
931 1233 1098 1273 μοναχοῖς
1118 1243 1198 1285 συγ-

1269 1097 1386 1130 castos
1410 1099 1446 1130 et
1468 1094 1659 1130 testimonii
1680 1094 1765 1130 boni
1787 1104 1831 1130 ex
1856 1094 2034 1136 omnibus,
2089 1094 2126 1129 ui
2148 1103 2263 1139 neque
2285 1102 2340 1129 re-

1269 1140 1515 1175 verentissimis
1540 1139 1721 1175 monachis
1745 1139 1942 1175 concedant
1965 1139 2040 1175 sine
2055 1149 2078 1174 a
2103 1138 2195 1176 batis
2219 1138 2341 1175 volun-

1267 1187 1342 1220 tate
1372 1186 1534 1221 deserere
1565 1185 1836 1227 monasterium,
1867 1185 1931 1225 sed
1953 1184 2051 1220 intus
2075 1194 2136 1220 eos
2159 1183 2344 1224 detineant

1267 1240 1357 1275 quae
1389 1231 1445 1267 dei
1473 1233 1557 1266 sunt
1585 1231 1741 1266 zelantes
1770 1240 1837 1266 nec
1867 1232 1979 1266 semet
2005 1230 2102 1275 ipsos
2129 1229 2341 1271 lacerantes,

114 1272 315 1326 χωρήσουσι
339 1276 445 1318 χωρὶς
468 1274 529 1317 τῆς
553 1274 619 1307 τοῦ
642 1277 836 1328 ηγουμένου
857 1274 1002 1321 γνώμης
1025 1278 1198 1321 ἐκφοιταν
1212 1276 1252 1309 25
1266 1285 1333 1311 nec
1357 1278 1459 1311 actus
1481 1286 1547 1312 nec
1571 1275 1700 1320 studia,
1731 1285 1798 1311 nec
1820 1275 1910 1311 alios
1939 1275 2113 1321 quosdam
2135 1274 2282 1310 introire
2303 1273 2341 1309 in

116 1321 154 1352 ἐκ
177 1331 241 1351 του
265 1322 526 1363 μοναστηρίου,
549 1316 630 1353 ἀλλ’
657 1321 743 1353 εἱσω
767 1331 914 1354 τουτους
933 1320 1130 1362 καθέξουσι
1151 1319 1198 1355 τὰ

116 1364 205 1408 πρὸς
242 1363 335 1397 θεὸν
369 1362 565 1406 ζηλοῦντας
598 1367 658 1398 καὶ
692 1364 740 1409 μὴ
775 1362 1009 1400 διασπῶντας
1043 1365 1199 1410 ἑαυτούς,

114 1410 206 1453 μήτε
229 1408 292 1443 τὰς
315 1409 462 1453 πράξεις
484 1409 575 1453 μήτε
597 1409 662 1444 τὰς
686 1408 938 1454 ἐπιτηδεύσεις,
960 1409 1044 1446 οὔτε
1062 1412 1200 1457 ἑτέρους

115 1454 216 1488 τινὰς
235 1496 242 1507 ‹
250 1454 425 1498 γενέσθαι
456 1453 549 1488 κατὰ
575 1454 618 1488 τὸ
642 1453 888 1512 μοναστήριον
912 1453 1055 1502 νῶιτωρ
1077 1470 1117 1491 τε
1140 1460 1199 1491 καὶ

1266 1321 1520 1357 monasterium
1550 1321 1714 1357 noctibus
1750 1324 1785 1356 et
1815 1320 1939 1356 diebus
1968 1321 2105 1363 sinant,
2141 1319 2236 1364 quod
2269 1329 2341 1355 non

1265 1369 1363 1402 recte
1382 1377 1526 1403 manere
1545 1370 1714 1411 procuret
1736 1365 1985 1402 venerabilium
2005 1366 2231 1403 voluntatem.
2270 1363 2340 1400 Sit-

1266 1422 1336 1457 que
1367 1412 1572 1447 cautissima
1607 1411 1763 1447 maceria
1791 1411 1966 1447 munitum
1997 1409 2267 1455 monasteriim,
2299 1409 2343 1446 ut

1266 1457 1387 1493 nullus
1410 1458 1525 1493 exitus
1547 1457 1692 1497 aliunde
1715 1456 1784 1492 nisi
1806 1466 1871 1502 per
1891 1457 2020 1492 ianuas
2043 1455 2100 1498 sit.

114 1496 204 1544 μεθ’ὶ
223 1502 360 1555 ημέραν
392 1498 569 1541 ἐάσουσιν,
599 1501 703 1553 nielfo
732 1513 796 1534 ουκ
829 1501 951 1556 ορθὴν
982 1505 1104 1544 μένειν
1131 1502 1200 1546 τὴν
1212 1504 1254 1537 30

114 1546 191 1579 τῶν
220 1543 499 1589 ευλαβεστάτων
528 1558 701 1588 μοναχων
732 1558 1046 1591 παρασκευασουσι
1077 1545 1200 1589 δόξαν.

116 1591 211 1624 ἔστω
243 1588 284 1623 δὲ
310 1587 453 1636 ἀκριβεῖ
475 1590 632 1635 θριγκίῳ
657 1603 786 1635 περιπε
816 1594 994 1646 ραγμένον
1024 1591 1065 1627 τὸ
1090 1606 1202 1636 μονα-

115 1634 274 1681 στήριον,
299 1631 387 1669 ὥςτε
402 1633 580 1679 μηδεμίαν
604 1634 734 1676 ἔξοδον
756 1633 778 1670 ἆ
802 1636 964 1679 λαχοθεν
988 1636 1086 1681 πλὴν
1100 1634 1123 1681 ἢ
1140 1635 1201 1672 διὰ

115 1682 194 1715 τῶν
218 1678 382 1716 πυλίδων
405 1681 506 1715 εἶναι.

182 1751 211 1770 υ.
226 1739 269 1772 20
292 1736 341 1781 μὴ
364 1735 497 1772 πολλὰς
521 1735 560 1771 δὲ
583 1738 676 1779 ἔχειν
699 1736 762 1771 τὰς
778 1757 821 1763 —
845 1740 888 1774 30
912 1735 1081 1772 ἐάσουσιν
1104 1746 1215 1773 extant
1237 1739 1287 1773 Β8
1307 1740 1370 1777 l..c.

114 1805 190 1840 utto
219 1815 269 1840 ex
297 1805 526 1839 monasteriis
554 1804 619 1839 sub
646 1806 872 1840 oecumenico
900 1804 1115 1851 patriarcha
1142 1806 1217 1841 sive
1246 1806 1284 1842 in
1314 1805 1383 1842 hac
1405 1816 1541 1852 maqna
1571 1805 1714 1842 civitate
1743 1805 1829 1847 [sive
1851 1815 1946 1850 quae
1976 1804 2042 1841 sub
2064 1804 2256 1841 sanctitate
2279 1807 2343 1840 tua

114 1852 211 1892 sunt]
234 1850 309 1886 sive
331 1850 369 1884 in
391 1850 469 1886 eius
493 1849 677 1886 territorio
701 1850 915 1894 constitutis,
937 1851 1011 1887 sive
1033 1861 1058 1889 a
1080 1850 1184 1886 nobis
1206 1850 1295 1900 ipsis
1318 1850 1510 1897 aedificata
1532 1849 1608 1887 sive·
1625 1851 1670 1887 ab
1690 1850 1784 1892 aliis,
1809 1860 1902 1896 quae
1923 1853 2131 1902 separatam
2150 1850 2343 1891 habitatio-

115 1906 194 1930 nem
218 1894 475 1930 nonnullorum
499 1893 757 1931 monachorum
782 1893 949 1938 habeant,
979 1894 1069 1934 lzaeo
1092 1895 1214 1934 omnia
1235 1896 1398 1931 omnibus
1420 1895 1535 1935 modis
1559 1895 1672 1938 tolles,
1703 1895 1914 1942 aperiesque
1937 1895 1983 1934 iis
2005 1899 2165 1931 mutuum
2187 1895 2283 1937 inter
2300 1905 2344 1937 ,se

114 1940 335 1992 adspectum,
367 1943 408 1975 ut
430 1950 524 1986 quae
546 1939 695 1975 invicem
719 1940 815 1976 inter
835 1951 899 1978 eos
922 1945 1084 1987 affantur
1107 1951 1227 1977 omnes
1250 1941 1482 1987 conspiciant.
1533 1940 1604 1976 Cur
1626 1941 1719 1977 enim
1743 1940 1885 1977 tandem
1916 1939 1985 1976 hoc
2007 1950 2117 1987 aqere
2138 1943 2342 1982 vereantur,

115 1996 178 2032 qui
201 1985 311 2020 semet
318 1984 400 2021 ¹deo
423 1995 501 2021 sese
523 1985 770 2020 consecrarint
802 1986 970 2033 omnique
999 1985 1183 2021 saeculari
1209 1986 1303 2022 vitae
1325 1986 1593 2022 renuntiarint?
1638 1985 1687 2022 Et
1709 1984 1778 2021 hoc
1801 1984 1944 2031 quidem
1973 1984 2025 2020 ita
2049 1984 2168 2021 valere
2189 1988 2225 2021 et
2247 1995 2344 2021 nunc

115 2036 151 2066 et
171 2041 240 2077 per
264 2041 368 2066 omne
390 2029 558 2077 deinceps
582 2034 721 2076 tempus
744 2030 918 2073 volumus,
951 2042 1020 2066 neu
1043 2031 1252 2077 quisquam,
1283 2031 1338 2066 uti
1359 2031 1491 2066 dictum
1515 2035 1585 2073 est,
1611 2042 1687 2077 pro
1715 2031 1808 2066 riam
1831 2029 2087 2066 habitationem
2111 2029 2252 2073 habeat,
2280 2028 2346 2065 sed

115 2086 238 2111 omnes
261 2081 527 2121 conqreqentur
557 2079 594 2110 et
616 2086 710 2121 quae
733 2075 827 2111 inter
849 2086 910 2111 eos
933 2075 1080 2111 invicem
1105 2080 1265 2122 equatur
1289 2076 1513 2122 conspiciant
1520 2088 1535 2118 ;
1568 2042 1799 2121 manisgstum
1822 2076 1914 2110 enim
1939 2079 1993 2111 est
2022 2085 2172 2121 operam
2194 2085 2258 2111 eos
2279 2073 2345 2117 da-

116 2127 219 2156 turos
242 2125 283 2156 ut
305 2131 348 2156 ea
374 2120 463 2155 tatia
486 2121 648 2156 existant
671 2121 796 2166 qualia
820 2122 917 2156 omni
939 2120 1218 2167 reprehensione
1242 2125 1400 2157 careant.
1447 2120 1490 2157 Si
1513 2121 1594 2167 quis
1616 2125 1733 2157 autem
1757 2119 1848 2156 adeo
1873 2120 1920 2155 im
1948 2119 2062 2156 adens
2081 2123 2273 2172 appareat,
2305 2122 2348 2156 ut

115 2166 256 2212 aliquid
278 2177 328 2201 ex
350 2166 396 2200 iis
420 2176 513 2212 quae
535 2166 677 2201 sancita
699 2171 786 2201 sunt
807 2166 944 2202 violare
961 2165 1106 2208 audeat,
1126 2166 1278 2213 praesul
1300 2166 1510 2202 monasterii
1532 2165 1622 2202 haec
1641 2167 1834 2202 examinet.
1921 2164 2060 2200 olumus
2082 2175 2175 2200 emm
2188 2165 2343 2202 severio-

114 2222 189 2247 rem
213 2222 322 2257 quam
346 2221 441 2246 nunc
464 2216 518 2246 est
533 2211 619 2256 fieri
642 2210 942 2254 observationem,
974 2221 1019 2247 ae
1036 2212 1196 2259 primum
1216 2211 1359 2258 quidem
1389 2222 1463 2247 non
1490 2211 1623 2247 multos
1651 2221 1729 2247 esse
1757 2210 1808 2246 ad
1837 2210 2091 2246 monasterium
2121 2209 2254 2252 aditus,
2280 2209 2346 2245 sed

115 2268 224 2292 unum
248 2255 304 2292 vet
322 2256 426 2308 forte
450 2256 551 2298 duos,
581 2260 784 2302 portaeque
807 2256 954 2292 adstare
977 2256 1075 2293 viros
1097 2267 1200 2292 senes
1229 2262 1263 2293 et
1287 2260 1408 2292 castos
1438 2261 1474 2293 et
1503 2257 1659 2292 omnium
1692 2255 1892 2292 testimonio
1916 2255 2114 2302 probatos,
2145 2255 2210 2301 qui
2229 2265 2346 2302 neque

115 2302 397 2348 reliqiosisszmis
427 2301 614 2337 monachis
642 2302 855 2348 permittant
885 2303 964 2337 sine
992 2301 1175 2348 praesulis
1206 2301 1391 2339 voluntate
1421 2301 1641 2337 monasterio
1670 2300 1813 2347 eqredi,
1849 2300 1914 2336 sed
1943 2311 2006 2337 eos
2034 2301 2134 2336 intus
2161 2299 2346 2342 detineant

115 2346 208 2392 quae'
231 2346 288 2382 dei
318 2350 404 2382 sunt
432 2350 621 2389 sectantes,
653 2357 699 2382 ne
728 2357 767 2382 se
790 2347 902 2400 ipsos,
933 2347 1007 2383 sive
1034 2347 1195 2382 actiones
1222 2358 1311 2382 suas
1339 2348 1414 2383 sive
1436 2346 1577 2389 studia,
1607 2345 1825 2389 distrahant,
1855 2356 1971 2392 neque
1999 2345 2093 2381 alios
2120 2344 2216 2381 ullos
2236 2348 2345 2383 noctu

115 2392 243 2438 dieque
266 2393 408 2427 versari
428 2392 466 2427 in
488 2392 706 2427 monasterio
726 2397 931 2439 patiantur,
963 2393 1027 2438 qui
1050 2392 1193 2438 quidem
1216 2392 1380 2443 effecturi
1402 2391 1476 2427 sint
1505 2402 1550 2428 ne
1579 2391 1672 2428 bona
1704 2395 1847 2426 maneat
1869 2391 2089 2426 existimatio
2117 2389 2345 2436 retiqiosissi-

115 2438 182 2472 mis
213 2436 408 2472 monachis.
463 2435 520 2472 Sit
551 2443 670 2472 autem
699 2438 954 2474 monasterium
980 2437 1091 2483 firma
1121 2447 1278 2473 maceria
1307 2437 1623 2484 circumsaeptum,
1654 2447 1700 2472 ne
1730 2436 1852 2472 exitus
1881 2435 1976 2471 ullus
2005 2435 2152 2472 aliunde
2179 2435 2253 2470 nisi
2274 2444 2346 2482 per

110 2486 245 2528 portas
269 2486 405 2528 pateat.

174 2565 189 2596 1
214 2562 293 2595 τῶν
309 2559 382 2595 ὑπὸ
399 2581 444 2586 -
461 2563 480 2596 2
497 2558 638 2595 πόλεως
662 2574 720 2595 om.
738 2562 802 2604 Oc,
820 2564 842 2595 i.
855 2575 881 2596 e.
899 2562 1062 2605 exemplar
1079 2562 1199 2595 Menae

117 2609 358 2651 archiepiscopo
384 2609 527 2646 missuum
560 2608 675 2640 ibidem
699 2619 782 2659 quae
806 2620 910 2640 eorum
936 2608 1003 2641 loco
1027 2608 1199 2640 substituta

115 2660 189 2686 sunt
203 2655 302 2686 verba
325 2649 347 2694 ἢ
370 2649 406 2694 (ἢ
423 2665 481 2685 om.
495 2654 527 2693 ς)
550 2652 626 2686 τῶν
644 2649 716 2685 ὑπο
734 2650 803 2694 τὴν
821 2651 891 2695 σὴν
906 2649 1030 2685 ὄντων
1045 2648 1198 2698 ἁγιωσύ-

115 2710 195 2740 νην,
227 2698 336 2731 eadem
361 2699 394 2730 in
419 2698 519 2731 altero
545 2710 669 2740 quoque
693 2698 870 2740 exemplari
891 2697 1061 2739 (MLAB)
1086 2705 1198 2731 temere

118 2743 313 2785 interpolata
327 2743 474 2785 Ieyuntur
493 2742 504 2783 ΙΙ
522 2744 540 2775 2
554 2741 624 2775 εἴτε
637 2742 697 2775 ἐπὶ
711 2744 787 2775 add.
797 2743 986 2776 Zachariae
998 2755 1036 2776 ex
1048 2753 1068 2779 ς
1079 2741 1090 2786 ΙΙ
1105 2744 1124 2775 3
1137 2743 1198 2776 ἐπὶ

1266 2562 1343 2606 γεῖν
1356 2561 1388 2595 C
1401 2560 1414 2604 ΙΙ
1431 2561 1474 2595 26
1487 2560 1525 2593 ἐκ
1540 2572 1597 2593 om.
1612 2560 1642 2595 0
1654 2559 1666 2604 ΙΙ
1683 2561 1756 2593 ἔσω
1772 2560 1802 2594 O
1814 2559 1827 2604 ΙΙ
1843 2559 1885 2593 27
1899 2557 2004 2600 θεὸν]
2022 2556 2091 2592 τὸν
2103 2556 2197 2592 θεὸν
2208 2558 2240 2593 L
2256 2558 2269 2603 ΙΙ
2286 2559 2345 2603 ζη-

1266 2607 1419 2640 τοῦντας
1433 2618 1502 2639 cum
1518 2606 1714 2639 Haloandro
1732 2605 1816 2647 vato.
1834 2606 1886 2646 (de
1902 2605 1932 2638 A
1950 2616 2012 2637 non
2028 2606 2163 2646 constat)
2180 2603 2193 2647 ΙΙ
2209 2605 2270 2637 καὶ
2285 2618 2343 2638 om.

1268 2652 1318 2684 13⁶
1334 2652 1346 2694 ΙΙ
1364 2646 1422 2684 διά
1447 2660 1554 2684 οντας
1567 2649 1704 2684 ἑαυτοῖς
1715 2651 1757 2691 A,
1783 2647 2016 2684 διασπῶντας
2032 2661 2090 2683 om.
2100 2649 2152 2682 ΒΟ
2166 2648 2180 2703 [Ι
2198 2649 2240 2683 28
2255 2646 2346 2693 μήτε

1266 2693 1331 2729 τὰς
1343 2662 1489 2740 πράξειε
1502 2692 1594 2740 μήτε
1605 2694 1670 2729 τὰς
1682 2692 1922 2736 ἐπιτηδεύσεις
1935 2707 1993 2729 οηι.
2004 2694 2052 2728 Β·
2069 2692 2083 2738 ΙΙ
2097 2703 2197 2727 τινας
2207 2693 2346 2738 ἑτέρους

1267 2742 1297 2774 A
1316 2743 1327 2782 ΙΙ
1350 2743 1392 2775 29
1407 2739 1579 2788 γίνεσθαι
1602 2741 1631 2774 G
1658 2741 1798 2774 introire
1822 2752 1841 2776 ς
1859 2741 1871 2782 ΙΙ
1891 2751 1931 2774 τε
1952 2752 2009 2773 om.
2031 2740 2094 2774 Cv.
2110 2739 2159 2781 l-ll
2184 2740 2228 2774 30
2250 2733 2342 2773 καθ’

115 2788 190 2830 τῆς]
215 2788 296 2829 περὶ
319 2787 381 2828 τῆς
401 2787 436 2819 Β
467 2788 548 2831 περὶ
571 2786 640 2829 τὴν
652 2788 683 2820 A
700 2787 712 2830 ΙΙ
731 2783 839 2829 αὐτῆς
862 2800 921 2820 om.
934 2788 983 2820 M
991 2787 1004 2831 ΙΙ
1022 2789 1043 2821 4
1066 2798 1197 2832 περιοι-

115 2830 200 2866 κίδα
223 2834 254 2865 A
279 2834 349 2874 (per
374 2832 551 2864 circuitum
576 2832 777 2865 habitaculis
799 2836 830 2874 ς)
845 2832 857 2876 ΙΙ
884 2831 954 2866 εἴτε
977 2845 1035 2866 om.
1049 2832 1109 2867 Au
1135 2829 1197 2865 αὐ-

115 2879 194 2911 τῶν
218 2890 276 2910 om.
294 2877 323 2910 0
336 2877 348 2919 ΙΙ
365 2873 624 2919 οἰκοδομημένα
651 2878 694 2909 Μ
720 2877 909 2917 aedificatis,
934 2879 955 2911 i.
970 2890 995 2911 e.
1015 2873 1197 2920 ᾠκοδομη-

115 2922 263 2967 μένωνῖ
278 2934 297 2958 ς
314 2921 327 2965 ΙΙ
344 2924 363 2955 5
379 2918 588 2962 ἰδιάζουσαν
604 2921 742 2964 οἴκησιν
754 2919 972 2963 (ἰδιαζούσας
989 2921 1140 2964 οἰκήσεις
1153 2923 1197 2964 A)

116 2969 246 3009 ἔχοντα
269 2966 384 3000 τινῶν
406 2966 577 3009 μοναχιῦν
598 2967 629 2999 Α
643 2967 707 3007 Ge]
733 2979 790 2999 om.
807 2968 917 3000 MLB
934 2968 945 3010 ΙΙ
964 2969 984 3001 6
1009 2967 1132 3001 πάντα
1155 2986 1197 2990 -

116 3010 255 3046 ἅπασιν
269 3012 422 3052 MLAB]
448 3011 540 3044 πᾶσι
563 3009 710 3056 τρόποις
733 3010 966 3056 καθαιρήσεις
991 3013 1043 3048 Cf
1060 3012 1072 3055 ΙΙ
1091 3014 1109 3045 7
1130 3011 1199 3054 τὴν

116 3055 284 3100 ἀλλήλων
302 3056 395 3090 θἐἀν
408 3075 451 3080 -
466 3057 486 3090 8
499 3054 746 3100 πραττόμενα]
767 3055 835 3098 τὴν
851 3053 1019 3099 ἀλλήλων
1035 3053 1198 3100 πάροδον

122 3106 151 3138 C
168 3103 330 3136 alterutra
342 3102 400 3135 ubi
412 3101 620 3134 celebrentur
638 3112 656 3136 ς
673 3102 683 3141 ΙΙ
704 3103 723 3134 9
736 3099 956 3144 πράττοντες
967 3102 1066 3143 Ace]
1085 3101 1198 3145 πράτ-

116 3161 193 3183 τειν
218 3148 329 3181 MLB
351 3148 365 3191 ΙΙ
388 3149 432 3182 10
457 3145 549 3188 θεῷ]
574 3146 628 3179 τῶ
651 3144 730 3178 &ab
756 3144 787 3178 L
810 3147 822 3189 ΙΙ
847 3146 973 3179 πᾶσαν
996 3159 1055 3180 om.
1080 3158 1099 3183 ς
1114 3147 1126 3190 ΙΙ
1146 3145 1198 3179 αἱ·

117 3197 201 3227 τίαν
228 3194 296 3227 Cv.
311 3194 330 3225 l.
348 3192 361 3236 ΙΙ
383 3193 420 3227 11
445 3193 550 3225 ταυτὶ
579 3191 608 3224 G
619 3190 632 3234 ΙΙ
651 3192 692 3225 12
717 3189 842 3235 ἐφεξῆς
867 3192 895 3225 C
916 3191 921 3235 Ι
942 3193 978 3224 14
1002 3191 1199 3234 εἰσομένων

122 3240 149 3273 C
171 3239 183 3283 ΙΙ
214 3241 251 3273 15
268 3238 421 3271 τοιαῦτα
432 3237 548 3277 ABC]
571 3235 618 3269 τὰ
640 3236 790 3269 τοιαῦτα
809 3236 880 3268 ML
911 3237 917 3279 Ι
943 3233 1036 3269 αὐτὰ
1060 3237 1198 3277 ΑΒΟς]

117 3281 221 3317 αὐτοὶ
246 3284 317 3317 ML
335 3283 347 3327 ΙΙ
367 3285 408 3317 16
433 3278 673 3325 ἄνεπιτίμητα
694 3281 725 3314 A
743 3281 755 3324 ΙΙ
771 3282 872 3324 μενεῖ
894 3281 922 3314 C'
930 3294 957 3313 υ.
971 3284 1001 3322 l.,
1016 3282 1047 3314 L
1076 3283 1199 3323 μένειν

117 3331 147 3362 Α
165 3328 225 3373 1Ιεί
249 3325 299 3370 δὲ]
323 3330 382 3361 καὶ
407 3327 438 3360 εἰ
467 3326 519 3372 Cn
542 3329 579 3362 17
598 3327 788 3371 ἐπιχειρεῖν
810 3338 850 3359 τε
874 3327 934 3358 καὶ
957 3328 1199 3370 παραβαίνειν

117 3376 147 3408 A
167 3378 179 3416 u
204 3376 243 3408 18
268 3387 304 3407 τι
320 3374 398 3406 τῶν
413 3372 761 3415 νενομοθετημένων
775 3370 864 3412 ΜΒ]
888 3369 935 3403 τὰ
960 3371 1198 3413 νενομοθετη-

117 3421 208 3463 μένα
233 3420 296 3452 LA
326 3418 415 3460 quod
434 3419 596 3451 sancitum
621 3420 670 3450 est
695 3429 730 3458 ς,
761 3428 798 3450 τι
821 3428 880 3450 om.
899 3416 927 3450 G
941 3416 1100 3459 plerique,
1126 3423 1199 3448 ante

118 3466 362 3508 παοαβαίνειν
386 3464 456 3496 coll.
480 3463 509 3497 C
527 3476 608 3497 unus
625 3461 638 3507 ΙΙ
665 3465 706 3496 19
730 3459 800 3507 γὰρ
823 3474 882 3495 om.
902 3460 998 3495 Gv.1.
1015 3459 1028 3503 ΙΙ
1046 3459 1109 3502 τῆς
1131 3460 1199 3492 νῦν

119 3497 365 3554 σφδδροτέραν
383 3509 454 3549 Ας]
479 3506 547 3550 τὴν
570 3508 637 3541 νῦν
660 3504 906 3552 σφοδροτέραν
918 3505 1027 3539 MLB
1048 3501 1198 3549 σφοδρο-

119 3557 227 3598 τέραν
243 3556 322 3587 νυνὶ
344 3555 372 3588 C
387 3554 399 3596 ΙΙ
415 3555 457 3587 20
470 3551 539 3595 τὴν
551 3553 680 3597 Amen
706 3567 764 3586 om.
780 3551 889 3585 MLB
906 3550 919 3594 ΙΙ
936 3552 975 3584 21
995 3548 1087 3583 εἶναι
1113 3551 1198 3591 0(ς)]

121 3600 212 3640 ἔχειν
226 3600 367 3633 MLAB
385 3598 398 3643 ΙΙ
413 3597 477 3632 τὰς
494 3611 552 3631 om.
565 3600 596 3632 A
613 3599 625 3641 ΙΙ
645 3599 687 3631 22
702 3595 778 3639 δύο]
803 3594 972 3640 δευτέραν
993 3596 1044 3632 Ος
1056 3595 1175 3628 Theoti.
1189 3595 1200 3636 ΙΙ

121 3642 317 3689 ἐφεστάναι
334 3647 384 3685 τε]
406 3640 603 3688 ἐφεστάναι
620 3641 660 3676 δὲ
672 3644 723 3676 13⁶
746 3645 806 3675 καὶ
822 3638 1018 3687 ἐφεστάναι
1036 3639 1089 3684 Cu
1105 3637 1199 3686 πύλῃ

122 3690 240 3723 AB‘G
253 3690 265 3732 ΙΙ
282 3691 324 3722 24
341 3688 421 3722 τοὺς
441 3684 721 3732 εὖλαβεστάτους
733 3687 910 3732 μοναχοὺς
925 3686 990 3720 LA
1005 3691 1016 3730 ΙΙ
1035 3686 1078 3720 25
1098 3686 1200 3731 ἐκφυ-

1266 2783 1402 2831 ἡμέραν
1423 2787 1471 2821 Β*
1488 2786 1500 2824 ΙΙ
1518 2783 1678 2819 ἐάσωσιν
1702 2786 1730 2819 0
1752 2786 1765 2830 ΙΙ
1781 2780 1871 2837 ὅπερ
1894 2781 1959 2818 οὐκ
1977 2784 2030 2820 Ge
2051 2783 2180 2818 οἵτινες
2201 2785 2261 2818 καὶ
2279 2785 2313 2838 ’Δ
2333 2783 2347 2830 ΙΙ

1265 2833 1386 2874 με’νειν
1409 2844 1467 2864 οηι.
1482 2832 1529 2864 Μ
1528 2831 1614 2873 (ΒΥ)
1632 2830 1644 2875 ΙΙ
1661 2833 1699 2866 31
1719 2842 1888 2872 μοναχων
1908 2843 1966 2863 om.
1985 2830 2036 2866 05
2052 2828 2065 2873 ΙΙ
2082 2838 2346 2873 παρασκευασει

1266 2875 1593 2965 ΞῆΙΙὲἓ2ἢθὲρῙὲγκὲω
1610 2876 1668 2917 Μ]
1692 2874 1850 2922 θ’ριγγίω
1875 2875 1906 2908 L
1936 2877 2084 2920 τριγχίῳ
2107 2874 2176 2908 AC'
2201 2873 2344 2920 θριγκῷ

1335 3012 1350 3044 1
1378 3010 1524 3052 aliquam
1553 3008 1603 3042 Τι
1631 3007 1645 3053 n
1671 3007 1832 3051 quolibet]
1868 3005 2133 3039 testimoniorum
2165 3007 2242 3040 add.
2266 3009 2304 3040 1⁰
2333 3007 2345 3051 ΙΙ

1265 3055 1539 3088 monasteriorum
1565 3056 1673 3097 tvutq.
1692 3053 1704 3096 ΙΙ
1720 3055 1742 3087 4
1757 3052 1929 3085 aedificata
1940 3052 2034 3084 Beck
2052 3050 2065 3095 ΙΙ
2080 3050 2345 3086 *habitationem

1266 3100 1434 3140 habentia]
1458 3097 1647 3132 habitantia
1663 3098 1717 3131 Tt
1731 3097 1893 3140 (habitata
1907 3096 2014 3139 vulq.)
2032 3094 2045 3140 ΙΙ
2068 3096 2089 3130 6
2109 3095 2276 3140 deponens
2299 3104 2311 3131 t
2331 3097 2344 3142 ΙΙ

1268 3149 1286 3180 7
1305 3146 1363 3188 qui
1379 3145 1467 3178 enim
1485 3152 1496 3178 ι
1524 3144 1583 3185 qui
1599 3144 1662 3175 hoc
1680 3141 1731 3175 T¹
1749 3143 1763 3185 ΙΙ
1776 3141 1916 3181 *semen
1940 3143 2041 3174 semet
2054 3142 2131 3174 libri
2145 3141 2157 3185 Ιί
2177 3142 2196 3175 8
2209 3151 2344 3176 conver-

1266 3189 1390 3223 sationi
1412 3189 1500 3233 vutq.
1518 3187 1533 3253 {l
1555 3190 1575 3222 9
1600 3190 1633 3220 et
1655 3186 1704 3228 iu]
1729 3188 1762 3219 et
1785 3198 1844 3220 om.
1858 3189 1894 3220 ι’
1911 3185 1923 3230 ΙΙ
1943 3188 1984 3220 10
2007 3188 2115 3227 omne]
2137 3196 2204 3219 esse
2226 3187 2282 3230 ΊἾΙ
2302 3188 2340 3222 11

1265 3233 1456 3267 habitaculo
1481 3233 1513 3266 T
1545 3241 1557 3266 t
1581 3233 1594 3276 [Ι
1626 3233 1667 3266 12
1691 3231 1733 3265 ab
1761 3232 1839 3265 add.
1863 3232 1950 3275 ναῖς.
1976 3232 1989 3274 u
2021 3232 2061 3265 13
2087 3231 2176 3263 enim
2200 3233 2261 3273 est]
2294 3234 2345 3266 est

1265 3281 1327 3313 hoc
1354 3280 1393 3321 T,
1432 3281 1481 3311 est
1503 3277 1592 3310 enim
1615 3277 1700 3320 ναῖς.
1725 3276 1738 3320 ΙΙ
1771 3276 1948 3310 studebant
1974 3283 1985 3309 t
2013 3274 2025 3320 ss
2054 3277 2271 3310 constitutum
2294 3279 2345 3311 est

1269 3326 1300 3359 T
1308 3325 1319 3345 ¹
1335 3324 1348 3368 ΙΙ
1375 3325 1416 3358 14
1439 3324 1595 3355 maneant
1620 3329 1631 3356 t
1653 3320 1667 3374 ΙΙ
1689 3322 1764 3353 *Et
1788 3323 1906 3355 addidi
1927 3323 2051 3362 (autem
2071 3329 2145 3365 post
2167 3322 2242 3364 quis
2265 3322 2343 3358 add.

1264 3370 1364 3413 vulq.)
1380 3369 1392 3412 ΙΙ
1413 3369 1454 3402 16
1478 3377 1670 3411 praeuacan
1695 3368 1727 3400 T
1745 3367 1751 3410 Ι
1772 3369 1810 3400 17
1836 3366 1935 3408 enim]
1959 3367 2022 3399 hoc
2047 3367 2079 3399 T
2086 3366 2097 3387 ¹
2114 3366 2127 3410 ΙΙ
2147 3368 2187 3402 18
2212 3366 2343 3409 quidem

1265 3414 1409 3458 primum
1427 3413 1460 3447 T
1467 3421 1479 3446 t
1493 3412 1505 3457 ΙΙ
1525 3414 1604 3453 non]
1628 3412 1664 3444 in
1691 3413 1723 3446 T
1774 3414 1814 3447 19
1828 3422 1896 3445 esse
1920 3412 2018 3456 vutq.]
2042 3411 2146 3445 fuisse
2170 3413 2247 3446 libri
2259 3411 2272 3456 11
2290 3412 2343 3445 in-

1266 3469 1395 3510 gressus
1409 3459 1509 3501 vulo]
1527 3458 1693 3524 ingressos
1710 3458 1787 3509 libri
1802 3457 1815 3501 ΙΙ
1833 3459 1875 3491 20
1891 3458 1924 3489 et
1940 3459 2046 3508 castos
2063 3469 2122 3510 οφ.
2136 3464 2149 3490 t
2194 3456 2342 3492 2110811-

1266 3514 1374 3582 3223?
1387 3516 1457 3592 5255·
1469 3503 1737 3589 2b3¹¹=2d22¹¹01e331¹¹
1746 3501 2145 3590 „2223533332233515‘33
2169 3502 2245 3581 1133·-
2265 3512 2343 3590 3⁰3⁵·

1266 3594 1388 3635 studia]
1414 3593 1562 3626 custodia
1584 3601 1594 3626 t
1610 3593 1622 3636 ΙΙ
1640 3595 1682 3627 26
1699 3594 1806 3626 noctis
1826 3593 1875 3626 T¹
1892 3592 1904 3634 ΙΙ
1921 3592 2045 3632 sinant]
2070 3592 2122 3624 sin
2145 3593 2255 3624 autem
2283 3591 2315 3625 Τ

1269 3641 1309 3673 27
1327 3643 1450 3671 rectam
1474 3640 1558 3683 vulq.
1577 3638 1589 3681 11
1608 3638 1783 3671 uoluntate
1800 3638 1832 3672 T
1846 3637 1859 3683 ΙΙ
1874 3638 1917 3674 28
1934 3636 2072 3671 materia
2095 3644 2107 3670 t
2124 3636 2138 3682 ΙΙ
2153 3637 2196 3672 29
2217 3635 2278 3670 alii
2299 3643 2313 3670 t

1267 3685 1368 3718 ianua
1394 3684 1426 3718 Τ
1434 3683 1445 3704 ²
1476 3683 1612 3717 ianuam
1637 3683 1689 3718 Τ2
