2592 3840
275 91 381 136 Nov.
413 93 616 136 LXXXII
650 98 711 137 10.
746 97 793 137 11

274 205 351 238 τῶν
370 203 553 251 ἡμετέρων
576 207 723 249 ποιῆσαι
744 203 1019 248 διατυπώσεων)
1041 207 1181 250 μενέτω
1200 210 1263 241 καὶ
1281 209 1348 243 νῦν

275 250 336 284 ἐπὶ
370 247 502 284 ταύτοῦ
539 251 717 294 σχήματος
745 249 1032 296 φυλαττόμενον·
1069 252 1204 286 ἐκείνου
1233 252 1347 296 μόνου

275 296 616 341 προςεπιτιθεμένου
632 297 706 338 τοῦ,
727 297 827 343 εἴπερ
847 293 957 341 ὅρκον
978 294 1154 343 ἐπαγάγοι
1173 300 1256 343 περὶ
1270 299 1348 333 τῶν

275 338 549 383 δαπανημάτων
565 339 584 374 ὁ
604 338 773 383 δικαστὴς
795 342 847 383 τῷ
864 342 1078 384 νενικηκότι,
1100 339 1235 385 δηλαδὴ
1255 343 1346 386 μετὰ

273 386 334 427 τῆς
358 388 572 431 φαινομένης
596 382 694 428 αὐτῷ
720 383 846 431 ὀρθῶς
868 388 962 428 ἔχειν
986 386 1201 430 ποσότητος,
1231 384 1278 431 ἣν
1302 386 1346 431 δὴ

274 430 470 470 ταξατίονα
504 430 677 464 καλοῦσιν
711 430 747 464 οἱ
778 429 901 475 νόμοι,
937 431 1014 465 εἶτα
1050 433 1180 467 ἐκεῖνος
1215 433 1345 478 ἐπομό·

274 487 387 517 σαιτο,
418 476 466 519 μὴ
491 478 585 518 ἔχειν
616 474 742 510 ἄδειαν
769 476 836 509 τὸν
861 474 1035 520 δικαστὴν
1066 476 1242 512 ἐλάττονα
1270 479 1347 512 τῶν

274 518 548 564 ὀμωμοσμένων
577 519 844 563 καταδικάζειν,
875 520 966 565 μηδὲ
989 523 1190 568 φαίνεσθαι
1221 522 1347 570 φιλαν-

273 564 516 610 θρωπότερον
546 567 609 599 τοῦ
633 565 747 609 νόμον
776 568 841 600 τοῦ
865 568 982 600 ταῦτα
1006 564 1270 604 διατάττοντος.
1318 568 1349 602 εἰ

1349 91 1432 141 406

2175 109 2240 145 m
2263 110 2492 146 mmmm

1413 209 1571 251 tionum,
1592 212 1733 246 maneat
1756 219 1839 256 ergo
1863 208 1971 246 etiam
1991 220 2088 246 nunc
2106 210 2144 246 in
2167 211 2290 248 eodem
2311 213 2490 250 schemate

1416 254 1641 299 custoditum,
1664 255 1725 291 illo
1747 256 1824 292 solo
1839 255 1993 298 adiecto,
2012 255 2046 291 si
2062 255 2308 293 iusiurandum
2325 257 2490 295 intulerit

1417 299 1462 335 de
1477 300 1641 345 expensis
1658 300 1766 336 iudex
1781 300 1917 341 victori,
1934 300 2075 340 scilicet
2090 311 2170 337 oum
2187 302 2491 349 quant-tequea

1415 344 1491 379 visa
1514 345 1548 380 ei
1569 344 1679 381 fuerit
1702 348 1800 381 recte
1822 356 1862 381 se
1884 345 2032 387 habere,
2061 355 2167 390 quam
2189 347 2407 384 taxationem
2429 359 2490 384 vo-

1384 392 1402 423 5
1416 391 1501 424 cant
1521 390 1627 434 leges,
1652 390 1779 426 deinde
1794 390 1854 426 ille
1872 390 2051 432 iuraverit,
2072 401 2144 426 non
2160 391 2294 427 habere
2311 392 2490 429 licentiam

1414 433 1568 469 iudicem
1584 435 1699 471 minus
1723 446 1829 481 quam
1848 435 2004 471 iuratum
2027 439 2084 471 est
2107 436 2350 481 condemnare,
2374 447 2490 484 neque

1415 478 1527 515 videri
1550 480 1811 517 clementiorem
1835 484 1881 524 [a]
1904 481 1982 524 lege
2005 490 2097 526 quae
2120 481 2209 517 haec
2233 481 2267 517 d'
2334 484 2406 519 net.
2451 483 2491 519 Si

1415 527 1536 576 tamen
1566 526 1788 570 perspexerit
1817 529 1983 562 neutrum
2012 529 2220 579 sumptuum
2250 536 2294 563 su
2319 527 2403 564 dem
2423 537 2490 571 ra-

1416 569 1505 604 tioni
1528 572 1565 605 et
1587 573 1733 615 propter
1755 571 1887 616 negotii
1909 570 2003 607 forte
2026 574 2249 613 varietatem,
2280 573 2351 608 hoc
2368 572 2490 618 ipsum

271 613 396 654 μέντοι
419 608 558 644 συνίδοι
580 610 631 665 μὴ
657 609 732 645 δεῖν
747 609 943 657 μηδέτερον
965 613 1043 667 τῶν
1057 614 1178 667 μεροῖν
1200 615 1254 656 τῷ
1271 614 1349 648 τῶν
1365 617 1404 649 10
1418 614 1586 650 decernat
1617 625 1684 651 sua
1705 617 1893 652 sententia.
1941 615 2113 652 Omnibus
2137 616 2215 652 aliis
2240 627 2347 662 super
2360 618 2489 663 appel·-

274 653 550 700 δαπανημάτων
574 656 772 691 υποθεῖναι
792 654 890 703 λόγῳ
911 655 973 691 διὰ
991 670 1035 691 το
1056 669 1119 701 της
1138 659 1350 693 υποθέσεως

272 701 358 734 ἴσως
382 700 557 743 ποικίλον,
588 698 677 735 αὗτὸ
701 703 810 736 τοῦτο
834 700 1061 747 διορίζεσθαι
1084 704 1207 749 ψήφῳ.
1255 701 1348 738 πάν-

272 758 348 779 των
378 747 455 779 τῶν
480 745 602 780 ἄλλων
634 748 712 781 τῶν
741 749 801 781 ἐπὶ
820 750 897 782 ταῖς
921 749 1076 794 ἐφέσεσι,
1106 747 1278 795 καθάπερ
1301 749 1347 782 εἰ-

272 792 402 824 πόντες
426 791 610 846 ἔφθημεν,κ
634 795 694 825 καὶ
717 794 795 827 τῶν
819 794 879 827 ἐπὶ
902 795 979 827 ταῖς
1002 791 1256 838 παραιτήσεσι,
1286 796 1347 828 καὶ

1417 659 1626 702 lationibus,
1651 660 1758 696 sicuti
1781 660 2039 707 praediximus,
2066 663 2104 697 et
2126 661 2429 705 excusationibus,
2447 666 2491 699 et

1418 708 1459 739 ut
1473 714 1547 740 non
1561 709 1726 750 prompte
1741 708 1777 741 et
1793 716 1874 742 cum
1888 706 2101 742 necessitate
2115 706 2205 743 fiant
2218 706 2292 742 litis
2308 709 2489 744 contesta-

1414 750 1543 792 tiones,
1567 750 1631 785 sed
1654 750 1812 786 habeant
1832 751 1957 796 viginti
1979 751 2113 787 diei-iun
2135 751 2304 796 indutias,
2332 755 2369 788 et
2388 752 2489 797 quic-

1416 795 1501 839 quid
1532 795 1630 830 aliud
1658 796 1837 832 iudiciale
1856 796 2094 840 decrevimus,
2124 796 2163 831 in
2193 798 2339 842 propria
2358 797 2490 834 virtute

271 838 348 870 τῶν
372 840 454 882 περὶ
477 850 542 870 του
567 851 615 881 μη
635 842 830 883 προχείρως
853 841 914 871 καὶ
929 838 997 893 σὺν
1012 835 1152 895 ἀνάγκη
1174 839 1347 893 γίνεσθαι
1361 842 1401 875 15
1415 840 1653 876 manentibus.

271 882 335 914 τὰς
366 882 639 928 προκατάρξεις,
675 879 758 916 ἀλλ)
785 885 878 925 ἔχειν
908 896 977 927 την
1007 897 1085 918 των
1107 896 1241 919 εικοσιν
1263 896 1347 929 ημε·

271 928 348 971 ρῶν
364 927 608 973 προθεσμίαν,
632 931 693 961 καὶ
710 928 746 961 εἴ
759 941 796 961 τι
812 927 901 962 ἄλλο
917 926 1130 964 δικαστικὸν
1154 927 1347 976 ὦρίσαμεν,

271 971 420 1006 πάντως
444 974 505 1007 ἐπὶ
527 973 591 1015 τῆς
614 973 744 1007 οἰκείας
765 974 957 1017 μενόντων
980 974 1106 1015 ἰσχύος.

1260 1064 1416 1100 CAPUT
1440 1064 1503 1100 XI.

313 1116 458 1162 Ἐπειδὴ
484 1117 523 1152 δὲ
546 1119 679 1154 πολλαί
699 1131 803 1175 τινες
816 1117 903 1165 ἡμῖν
921 1124 1086 1175 γίνονται
1109 1119 1347 1166 προςελεύσεις

1460 1121 1551 1165 Quia
1574 1130 1658 1157 vero
1688 1122 1821 1159 multae
1851 1122 2026 1168 quaedam
2047 1123 2151 1159 nobis
2174 1123 2266 1160 fiunt
2285 1123 2490 1170 interpella-

271 1164 494 1210 αἱρουμένων
516 1167 632 1199 τινῶν
656 1163 826 1199 δικαστας
850 1170 1033 1200 παντοίως
1059 1165 1348 1221 ανεπιστήμονας
1360 1169 1402 1201 20
1415 1166 1541 1208 tiones,
1559 1167 1769 1211 eligentibus
1786 1167 1996 1212 quibusdam
2014 1169 2149 1204 iudices
2166 1169 2308 1214 penitus
2323 1170 2490 1215 ignoran-

270 1213 329 1243 καὶ
354 1211 479 1254 νόμων
503 1213 563 1243 καὶ
587 1214 721 1256 πείρας,
743 1213 803 1244 καὶ
826 1208 898 1245 ὑπὸ
920 1211 1128 1257 προθυμίας
1150 1225 1170 1245 ο
1199 1212 1347 1246 νύουσιν

271 1257 436 1300 ἐμμένειν
469 1258 544 1289 τοῖς
573 1253 757 1289 δικασταῖς
787 1254 837 1290 οἷς
865 1253 929 1290 οὐκ
959 1254 1007 1291 ἅν
1037 1268 1091 1291 τις
1114 1253 1155 1290 οὗ
1185 1252 1195 1266 ’
1222 1254 1348 1291 ὁτιοῦν

270 1299 506 1341 πιστεύσειεν,
539 1301 616 1334 εἶτα
647 1298 915 1336 ἀναπείθουσιν
945 1301 1032 1336 ἴσως
1061 1305 1122 1335 καὶ
1144 1301 1227 1336 τοὺς
1249 1299 1347 1336 δικα-

270 1346 356 1380 στὰς
379 1346 447 1380 τὸν
470 1347 638 1380 τοιοῦτον
663 1344 780 1389 δῆθεν
804 1343 923 1380 αὐτοῖς
947 1343 1260 1401 ὅρκονὶπαρέχειν,
1284 1345 1347 1381 ἆν-

1415 1217 1470 1247 tes
1493 1212 1588 1256 leges
1611 1216 1648 1247 et
1668 1213 1956 1258 experimentum,
1981 1215 2017 1248 et
2034 1222 2148 1258 prone
2165 1215 2287 1250 iurant
2303 1218 2489 1251 contentos

1416 1266 1456 1292 se
1477 1256 1676 1299 iudicibus,
1709 1258 1837 1303 quibus
1868 1269 1891 1294 n
1937 1268 2092 1304 uaquam
2111 1259 2190 1304 quis
2216 1259 2287 1294 iam
2309 1259 2491 1305 quodlibet

1417 1302 1555 1345 credat,
1583 1302 1710 1338 deinde
1733 1304 1885 1339 suadent
1925 1313 2032 1340 orsan
2056 1303 2163 1339 etiam
2199 1303 2363 1351 udIcibus
2385 1305 2490 1350 quasi

1416 1347 1486 1382 sibi
1500 1348 1674 1392 praebere
1689 1348 1946 1391 iusiurandum,
1969 1349 2051 1384 viris
2067 1358 2181 1394 neque
2196 1349 2280 1394 quid
2295 1349 2490 1385 sitiustum

270 1390 354 1437 δρας
378 1390 462 1425 οὔτε
485 1388 507 1425 ὅ
530 1395 569 1426 τί
590 1395 681 1426 ποτε
702 1394 779 1425 ἐστι
803 1391 845 1425 τὸ
868 1390 1009 1426 δίκαιον
1034 1405 1117 1427 ουτε
1143 1394 1212 1435 τὴν
1236 1389 1345 1426 αὐτοῦ
1360 1395 1402 1428 25
1414 1401 1530 1446 neque
1553 1393 1629 1428 eius
1655 1393 1935 1430 observationem
1958 1392 2170 1438 scientibus,
2194 1399 2230 1430 et
2253 1394 2379 1430 merito
2400 1395 2490 1431 laesi

270 1435 522 1484 παρατήρησιν
547 1439 815 1481 ἐπισταμένους,
838 1441 898 1470 καὶ
917 1436 1063 1472 εἰκότως
1081 1437 1275 1482 βλαβέντες
1294 1438 1346 1471 αἱ·

268 1483 396 1515 τοῦσιν
421 1482 672 1525 ἐξετασθῆναι
692 1482 760 1525 τὴν
779 1479 965 1517 ὑπόθεσιν
984 1481 1247 1526 ἐπιλαθόμενοι
1269 1483 1347 1517 τῶν

269 1523 390 1572 ὅρκων
407 1527 461 1562 ὠν
476 1526 636 1571 ὤμοσαν,
661 1527 703 1561 τὸ
722 1529 871 1582 πρᾶγμα
894 1526 980 1571 ἡμῖν
1004 1529 1220 1575 ἐπιστροφῆς
1243 1525 1347 1568 ἄξιον

269 1575 290 1608 1
337 1573 525 1616 ἐνομίσθη.
585 1576 646 1606 καὶ
677 1571 870 1618 ἐπειδήπερ
902 1575 1064 1619 ὲᾷκνωμεν
1099 1575 1137 1607 ἐκ
1171 1574 1235 1616 τῆς
1269 1574 1347 1607 τῶν

1413 1437 1483 1483 ipsi
1505 1447 1631 1474 rursus
1654 1439 1778 1475 volunt
1804 1439 1999 1474 examinari
2022 1439 2201 1484 negotium
2223 1439 2329 1476 obliti
2345 1439 2489 1476 iurisiu-

1413 1482 1627 1564 vrisnadiegtmd
1643 1483 1856 1527 iuraverunt,
1882 1493 1992 1520 causa
2009 1483 2112 1520 n'obis
2131 1484 2362 1542 subversione
2384 1485 2490 1530 digna

1414 1574 1435 1608 1
1480 1573 1530 1608 Et
1560 1556 1644 1618 quia
1675 1573 1902 1618 cognovimus
1937 1582 1981 1609 ex
2015 1583 2133 1610 rerum
2156 1574 2406 1620 ⁴experimento
2432 1574 2488 1610 in-

269 1617 497 1664 πραγμάτων
521 1622 644 1671 πείρας
659 1617 839 1665 σφαλερὸν
860 1618 952 1652 εἶναι
972 1619 1015 1652 τὸ
1036 1619 1190 1659 τοιοῦτο,
1215 1618 1346 1652 beent·
1360 1621 1402 1653 30
1416 1622 1559 1654 cautum
1589 1619 1657 1654 hoc
1687 1628 1784 1662 esse,
1813 1619 1994 1655 sancimus
2025 1620 2069 1655 de
2101 1623 2219 1655 cetero
2246 1619 2386 1656 nullum
2412 1618 2490 1655 fieri

270 1665 378 1708 ζομεν
409 1664 473 1697 τοῦ
498 1662 626 1698 λοιπου
656 1662 793 1707 μηδένα
825 1664 997 1709 γίνεσθαι
1030 1662 1216 1698 παντελῶς
1248 1661 1345 1697 δικα-

269 1708 361 1752 στὴν
385 1708 531 1754 αἱρετὸν
554 1712 613 1742 καὶ
630 1709 721 1752 μετὰ
744 1710 806 1751 τῆς
830 1709 868 1749 ἐξ
887 1705 1009 1754 ὅρκων
1031 1706 1226 1755 ἀσφαλείας
1246 1705 1344 1742 δικά-

270 1754 420 1796 ζεσθαι,
452 1754 511 1788 ἵνα
535 1754 584 1798 μὴ
610 1754 785 1788 ἐντεῦθεν
808 1754 855 1787 εἰς
879 1755 1065 1799 ἐπιορκίαν
1091 1751 1262 1788 ἀκούσιον
1286 1755 1345 1798 ἐμ-

269 1803 458 1834 πίπτωσιν
481 1798 679 1844 ἄνθρωποι
704 1797 764 1832 διὰ
787 1799 855 1842 τὴν
878 1800 955 1833 τῶν
974 1797 1156 1833 δικαστῶν
1176 1795 1346 1843 ἀμαθίαν

1414 1664 1557 1699 omnino
1580 1663 1733 1700 iudicem
1756 1664 1960 1700 arbitralem
1984 1666 2021 1699 et
2048 1675 2130 1700 oum
2153 1664 2381 1701 iurisiurandi
2403 1674 2489 1701 cau-

1413 1709 1509 1744 tione
1532 1709 1701 1751 iudicare,
1725 1719 1771 1745 ne
1795 1719 1838 1744 ex
1861 1709 1931 1745 hoc
1954 1709 1992 1744 in
2013 1709 2209 1755 periurium
2226 1709 2380 1746 ‘invitum
2397 1709 2489 1746 inci-

1414 1753 1501 1789 dant
1524 1754 1683 1790 homines
1711 1758 1860 1799 propter
1889 1754 2044 1789 iudicum
2074 1754 2308 1798 ignorantiam
2329 1755 2490 1800 peierare

1414 1799 1596 1844 compulsi,
1621 1800 1684 1835 sed
1707 1800 1850 1835 omnino
1872 1799 1932 1844 qui
1951 1799 2104 1834 iudicem
2124 1803 2187 1835 aut
2201 1799 2337 1835 iudices
2356 1799 2490 1844 eligunt

270 1846 449 1890 ἐπιορκεῖν
471 1841 773 1890 ἀναγκαζόμενοι,
798 1841 889 1878 ἀλλὰ
914 1843 1061 1878 πάντως
1090 1844 1126 1878 οἱ
1147 1844 1215 1878 τὸν
1248 1842 1345 1878 δικα-
1356 1846 1400 1879 35
1414 1854 1493 1879 oum
1524 1854 1645 1889 poena¹
1670 1844 1801 1889 eligant
1829 1854 1907 1888 eos,
1939 1848 2113 1888 quatenus
2144 1848 2265 1890 partes
2291 1844 2490 1880 adinvicem

269 1890 360 1933 στὴν
376 1887 400 1933 ἢ
418 1889 500 1924 τοὺς
519 1888 696 1924 δικαστὰς,
713 1889 918 1935 αἱρούμενοι
947 1890 1038 1933 μετὰ
1062 1890 1189 1934 ποινῆς
1217 1887 1345 1923 αὐτοὺς
1413 1893 1560 1932 coeant,
1590 1893 1626 1925 et
1653 1889 1901 1925 necessitatem
1925 1889 2081 1926 habeant
2111 1893 2175 1925 aut
2199 1892 2388 1926 contentae
2409 1899 2490 1926 esse

269 1934 568 1981 ἐπιλεγε’σθ“ωσαν
609 1932 747 1977 ὁπόσης
790 1933 838 1969 ἂν
873 1934 920 1968 τὰ
951 1938 1045 1989 μέρη
1086 1934 1176 1980 πρὸς
1215 1933 1353 1977 ἄλληλα

268 1982 454 2024 συμβαῖεν,
478 1983 538 2013 καὶ
555 1977 719 2026 ἀνάγκην
743 1981 925 2022 ἐχέτωσαν
945 1994 967 2022 η
984 1982 1150 2024 ἐμμένειν
1168 1981 1214 2027 τῇ
1238 1983 1352 2025 κρίσει

268 2059 443 2094 tutionum
475 2061 682 2093 nostrarum
709 2058 868 2103 facere),
899 2061 1045 2093 maneat
1074 2057 1114 2092 id
1144 2067 1241 2092 nunc
1254 2079 1259 2081 >
1272 2068 1417 2103 quoque
1441 2057 1480 2091 in
1503 2057 1627 2092 eadem
1649 2058 1776 2102 forma
1800 2056 2071 2093 custodiendum
2077 2069 2093 2098 ,·
2127 2062 2238 2103 atque
2259 2056 2353 2093 illud
2371 2057 2489 2093 voltam

267 2104 437 2146 addatur,
466 2108 508 2139 ut
529 2103 561 2138 si
584 2103 835 2138 iusiurandum
862 2102 906 2138 de
929 2102 1102 2148 expensis
1124 2101 1239 2138 iudex
1261 2102 1391 2138 victori
1413 2102 1575 2147 deferat,
1607 2102 1745 2137 scilicet
1767 2101 1919 2146 definita
1942 2101 2052 2137 simul
2073 2102 2278 2155 quantitate
2299 2113 2394 2148 quae
2416 2102 2490 2149 ipsi

266 2153 362 2184 recte
385 2148 517 2184 habere
541 2148 717 2190 videatur,
743 2159 850 2194 quam
875 2147 1016 2193 quidem
1041 2147 1267 2183 taxationem
1292 2147 1388 2193 Zeqes
1411 2151 1559 2189 vocant,
1583 2147 1645 2183 ille
1666 2158 1752 2183 vero
1774 2147 1963 2189 iuraverit,
1986 2157 2032 2182 ne
2053 2146 2160 2183 liceat
2181 2146 2293 2183 iudici
2314 2147 2355 2182 in
2376 2147 2489 2183 nuno-

266 2205 325 2230 res
348 2204 530 2240 eoepensas
555 2204 663 2239 quam
686 2193 846 2228 iuratum
870 2196 922 2227 est
946 2191 1198 2233 condemnare,
1222 2202 1309 2228 neve
1331 2191 1496 2228 videatur
1515 2191 1710 2228 humanior
1732 2202 1809 2228 esse
1833 2192 1910 2239 leqe
1935 2202 2029 2239 quae
2050 2191 2140 2228 haec
2161 2192 2298 2229 statuit.
2344 2190 2388 2228 Sa·
2404 2203 2488 2230 vero

266 2244 430 2275 neutram
461 2243 603 2285 partem
634 2249 879 2285 expensarum
911 2238 1050 2273 rationi
1077 2237 1322 2273 subiciendam
1354 2247 1431 2273 esse
1462 2237 1612 2274 duxerit
1642 2238 1746 2283 forte
1770 2241 1930 2290 propter
1959 2238 2017 2273 rei
2041 2237 2268 2281 varietatem,
2303 2236 2344 2273 id
2369 2237 2490 2284 ipsum

265 2284 444 2320 sententia
468 2284 648 2319 decernat.
699 2283 824 2319 Cetera
843 2287 963 2318 autem
988 2283 1109 2318 omnia
1132 2293 1227 2328 quae
1255 2285 1342 2318 sunt
1365 2282 1409 2318 de
1432 2282 1756 2329 appellationibus,
1788 2286 1841 2318 uta
1873 2292 1988 2330 supra
2010 2281 2189 2326 diximus,
2219 2287 2256 2319 et
2277 2282 2323 2318 de
2343 2293 2489 2326 reeusa-

230 2350 234 2354 «
267 2330 434 2372 tionibus,
460 2333 494 2364 et
517 2340 562 2365 ne
584 2339 835 2376 praepropere
862 2333 898 2363 et
917 2338 987 2380 per
1011 2328 1080 2363 vim
1102 2328 1176 2363 litis
1200 2327 1480 2363 contestationes
1499 2328 1611 2372 fiant,
1643 2328 1708 2364 sed
1730 2327 1918 2364 terminum
1941 2327 2070 2374 viqinti
2092 2326 2233 2364 dier-um
2254 2325 2430 2371 habeant,
2452 2331 2489 2364 et

266 2376 299 2410 si
322 2375 412 2421 quid
434 2374 535 2410 aliud
556 2373 727 2409 iudiciale
751 2373 1016 2416 constituimus,
1041 2373 1079 2407 in
1099 2384 1168 2409 sua
1187 2373 1362 2418 firmitate
1377 2378 1633 2420 permaneant.
1673 2408 1675 2410 .

401 2420 465 2455 XI.
514 2419 689 2462 Quoniam
713 2430 796 2455 vero
820 2418 942 2454 multis
971 2417 1130 2464 petimur
1152 2418 1490 2465 supplicationibus,
1521 2429 1602 2454 cum
1621 2417 1786 2454 nonnulli
1815 2417 1951 2466 iudices
1974 2417 2113 2471 eliqant
2141 2421 2176 2454 et
2198 2417 2317 2465 lequm
2345 2421 2383 2454 et
2400 2427 2491 2454 usus

266 2466 427 2511 forensis
444 2465 619 2500 omninoz‘
646 2475 769 2508 uaros,
792 2475 837 2500 ac
857 2474 964 2510 prom
995 2468 1028 2499 te
1052 2464 1174 2499 iurent
1191 2473 1230 2499 se
1245 2463 1422 2499 iudicibus
1437 2464 1667 2509 acquiescere
1688 2465 1690 2468 ’
1715 2462 1819 2499 uibus
1836 2462 1935 2499 haud
1953 2463 2068 2509 facile
2109 2464 2274 2509 uisquam
2295 2461 2490 2510 quicquam

268 2511 494 2553 commiserit,
518 2510 600 2545 dein
627 2521 646 2544 e
659 2510 763 2555 forte
778 2509 885 2545 etiam
902 2509 940 2544 iu
967 2508 1080 2544 icibus
1093 2508 1342 2555 persuadeant
1362 2512 1401 2543 ut
1415 2508 1591 2545 eiusmodi
1612 2509 1675 2555 qui
1700 2520 1754 2544 em
1778 2507 2028 2544 iusiurandum
2049 2507 2083 2544 si
2106 2509 2120 2543 ι’
2128 2511 2332 2555 praestent,
2346 2505 2491 2553 ,scilicet

268 2556 354 2591 viris
378 2555 441 2601 qui
464 2566 580 2600 neque
602 2554 692 2601 quid
713 2556 760 2590 sit
783 2557 915 2590 iustum
947 2564 1063 2599 neque
1087 2553 1266 2599 quomodo
1291 2553 1550 2589 observandum
1573 2554 1622 2589 sit
1645 2553 1827 2600 coqnitum
1851 2552 2018 2594 habeant,
2052 2558 2161 2600 atque
2184 2563 2258 2589 non
2279 2554 2356 2589 sine
2378 2563 2491 2590 causa

268 2601 400 2636 damno
415 2599 541 2644 affecti
564 2600 636 2635 iam
660 2603 701 2635 ut
720 2610 777 2635 res
801 2599 918 2635 denuo
943 2599 1171 2634 examinetur
1188 2601 1320 2645 petant
1351 2598 1590 2635 iurisiurandi
1609 2598 1713 2651 quod
1735 2599 1903 2634 iurarunt
1927 2597 2040 2641 obliti,
2063 2609 2107 2634 ea
2126 2608 2185 2634 res
2206 2597 2309 2635 nobis
2327 2597 2490 2650 animad-

269 2648 291 2681 1
338 2646 501 2680 versione
523 2645 636 2690 diqna
660 2645 737 2680 visa
754 2650 816 2680 est.
886 2644 935 2680 Et
958 2644 1045 2689 quia
1068 2654 1118 2679 ex
1140 2654 1260 2679 rerum
1284 2644 1513 2690 experientia
1534 2643 1779 2690 periculosum
1802 2642 1842 2679 id
1863 2652 1940 2679 esse
1962 2643 2205 2690 coqnovimus,
2235 2652 2417 2679 sanamus
2443 2653 2490 2680 ne

270 2691 351 2736 quis
375 2691 520 2725 omnino
544 2690 582 2724 in
604 2696 789 2735 posterum
809 2690 880 2734 fiat
902 2689 1039 2725 arbiter
1069 2699 1156 2724 neve
1179 2690 1262 2734 quis
1284 2699 1365 2725 cum
1388 2688 1555 2724 cautione
1577 2687 1812 2724 iureiurando
1832 2688 2014 2739 praestita
2037 2687 2171 2734 litiqet,
2201 2697 2247 2724 ne
2276 2686 2360 2723 inde
2386 2686 2492 2724 inviti

268 2737 307 2770 in
358 2736 529 2770 eriurium
554 2735 715 2770 incidant
738 2734 899 2770 homines
916 2737 1074 2780 propter
1097 2733 1255 2769 iudicum
1278 2733 1524 2780 ignorantiam
1540 2734 1711 2781 peierare
1734 2737 1874 2774 coactu
1903 2731 1969 2769 sed
1990 2733 2135 2768 omnino
2167 2732 2233 2784 qui
2258 2730 2411 2768 iudicem
2429 2730 2491 2768 vel

270 2746 405 2817 iudices
429 2780 577 2825 eliqunt,
610 2790 689 2814 cum
711 2791 852 2825 poenae
882 2780 1117 2826 stipulatione
1148 2788 1210 2815 eos
1240 2778 1379 2823 eliqant
1407 2782 1719 2825 quantaecumque
1749 2778 1843 2813 inter
1871 2781 1999 2824 partes
2029 2780 2251 2819 convenerit,
2282 2780 2317 2812 et
2346 2786 2489 2813 necesse

1414 2859 1476 2891 hoc
1501 2870 1521 2895 ς·
1545 2860 1558 2901 11
1591 2860 1629 2893 31
1647 2871 1694 2902 sq.
1720 2855 1865 2901 αἱρετὸν
1889 2853 2065 2899 δικαστὴν
2089 2857 2139 2890 ΒΓ
2164 2855 2179 2902 11
2209 2857 2253 2890 32
2275 2857 2347 2898 καὶ]
2380 2858 2488 2891 malim

1412 2901 1502 2946 μηδὲ
1514 2903 1528 2947 11
1552 2905 1595 2938 34
1618 2900 1829 2948 ἅνθρωποι]
1853 2900 1890 2935 οἰ
1911 2899 2109 2946 ἅνθρωποι
2125 2901 2162 2935 Β
2179 2901 2192 2944 11
2215 2901 2258 2935 35
2281 2899 2318 2934 οἷ
2339 2913 2397 2935 om.
2412 2901 2464 2935 ΒΓ
2472 2901 2490 2945 11

1414 2950 1455 2983 37
1481 2946 1618 2990 ὁπόσης
1640 2945 1702 2989 ἂν]
1727 2950 1891 2989 quatenus
1913 2958 1934 2982 ς’

318 2863 333 2894 1
350 2856 580 2914 ποιήσασθαι
593 2858 644 2892 ΒΓ
657 2859 671 2902 11
686 2861 836 2902 μενέτω]
861 2861 991 2892 maneat
1009 2870 1087 2901 ergo
1104 2871 1123 2895 ς
1138 2859 1151 2903 {l
1170 2861 1190 2893 2
1210 2855 1343 2892 ταύτοῦ

272 2941 310 2962 ex
322 2941 403 2962 corr.
425 2917 572 2967 (ῗαῦτοῦ
584 2927 683 2967 ΜΗ)
702 2927 756 2967 Μ]
778 2926 842 2960 τοῦ
868 2923 976 2960 αὐτοῦ
990 2927 1059 2961 LB
1076 2926 1089 2970 11
1105 2927 1125 2960 3
1145 2937 1345 2973 προςεπιτι-

271 2973 427 3017 θεμένου
445 2971 737 3017 (προςτιθεμένου
753 2971 819 3013 ΒΓ)
844 2974 903 3004 καὶ
919 2969 1187 3017 φυλαττομένου
1203 2971 1267 3005 τοῦ
1290 2971 1323 3004 Β
1335 2969 1347 3014 11

274 3022 293 3054 5
314 3014 432 3051 αὐτοῖς
445 3019 476 3051 L
494 3023 507 3061 11
531 3019 551 3050 6
568 3016 778 3056 ταξατίωνα
792 3017 843 3050 Βι
851 3018 935 3061 vulq.
960 3017 973 3059 11
995 3018 1108 3050 έκεῖνο
1122 3017 1164 3049 Μ
1177 3016 1190 3059 11
1215 3013 1346 3059 ἐπομό-

272 3076 372 3098 σοιτο
384 3059 624 3106 (ἐπωμόσοιτο
638 3062 700 3102 13⁶)
720 3063 806 3102 libri,
819 3075 901 3094 corr.
914 3063 1091 3095 Heimbaclz
1108 3061 1120 3104 11
1139 3064 1157 3094 7
1173 3059 1347 3094 ἐλάττονα

275 3110 377 3150 MB⁶J
409 3106 560 3141 ἔλαττον
585 3106 636 3140 ΒΓ
659 3107 781 3145 (minus
802 3108 833 3147 ς)
865 3106 911 3139 εἰς
934 3104 1111 3139 ἐλάττονα
1136 3107 1167 3139 L
1198 3106 1211 3149 11
1239 3108 1258 3139 9
1282 3105 1346 3139 τοῦ

272 3153 386 3198 νόμον
401 3154 464 3187 τοῦ
481 3152 598 3186 ταῦτα
613 3151 715 3191 ΜΒἿ
739 3151 803 3183 τοῦ
827 3149 939 3193 νόμου
962 3151 1079 3183 ταῦτα
1095 3152 1127 3184 L
1151 3151 1215 3184 τοῦ
1231 3151 1348 3183 ταῦτα

273 3201 385 3242 νόμου
402 3199 453 3232 ΒΓ
466 3198 480 3242 11
497 3194 755 3230 διατάσσοντος
770 3197 798 3228 L
815 3195 828 3238 11
856 3198 895 3230 10
920 3193 1059 3229 συνίδοι
1073 3196 1168 3237 LBc]
1192 3192 1348 3228 συνείδοι

275 3244 366 3279 ΜΒΓ
380 3244 392 3287 11
409 3244 485 3277 τῶν
507 3242 629 3287 μερῶν
652 3253 739 3277 σοις
756 3241 768 3283 11
784 3240 838 3282 τῷ
854 3240 957 3281 Mssr]
982 3239 1050 3273 τὸν
1064 3241 1147 3274 1:13⁶
1162 3240 1175 3284 11
1196 3243 1233 3274 11
1262 3236 1348 3273 ὑπο-

274 3290 398 3324 θεῖναι
421 3287 516 3335 λόγῳ
540 3288 597 3328 Μ]
622 3283 819 3321 ὑποθεῖναι
842 3283 994 3331 λόγονῙ,
1028 3282 1133 3330 λόγον
1157 3283 1265 3330 (λόγῳ
1283 3284 1348 3327 ΒΓ)

274 3333 472 3370 ὑποθεῖναι
497 3334 533 3367 Β
560 3332 573 3376 11
602 3329 676 3373 διὰ]
708 3334 740 3364 et
764 3333 899 3374 propter
923 3341 941 3366 ς
970 3329 984 3373 11
1014 3331 1054 3363 12
1078 3329 1163 3363 ἴσως
1187 3343 1245 3363 om.
1267 3330 1319 3363 ΒΓ
1336 3329 1348 3373 11

274 3381 399 3426 ψήφῳ]
424 3390 483 3412 sua
507 3377 672 3412 sententia
692 3388 711 3413 ς
728 3376 740 3419 11
769 3378 808 3409 16
829 3377 872 3420 qs.
887 3389 955 3408 nov.
972 3375 1067 3408 LIII
1082 3388 1107 3407 c.
1124 3377 1170 3417 311
1194 3376 1232 3408 18
1257 3372 1347 3407 πάν-

274 3429 356 3467 τως]
371 3423 525 3458 πάντων
537 3424 580 3465 L,
593 3436 651 3457 om.
661 3434 682 3459 ς
692 3422 703 3465 11
716 3423 885 3462 μένοντος
895 3420 945 3453 ΒΓ
961 3419 973 3463 11
992 3422 1032 3454 19
1046 3417 1084 3451 δὲ·
1099 3432 1156 3453 om.
1167 3419 1219 3452 ΒΓ
1235 3419 1247 3462 11
1263 3417 1347 3452 πολ-

275 3470 334 3504 λαὶ
357 3467 443 3513 ἡμῖν
461 3469 557 3502 τινὲς
573 3467 621 3502 [1²
643 3464 757 3501 πολλοὶ
774 3461 861 3509 ἡμῖν
876 3463 961 3498 τινὰ
977 3464 1024 3498 L*
1042 3465 1055 3507 11
1072 3466 1110 3499 21
1140 3466 1200 3496 καὶ
1223 3461 1349 3507 νόμων

274 3518 334 3548 καὶ
357 3516 491 3559 πείρας]
522 3516 582 3547 καὶ
606 3509 773 3566 ἀπείρους
795 3507 922 3564 νόμων
948 3509 999 3550 ΒΓ,
1022 3511 1116 3553 prius
1139 3511 1201 3561 ua!
1223 3520 1315 3563 om.‚e
1337 3513 1349 3546 11

275 3560 501 3604 προθεσμίας
514 3558 564 3592 ΒΓ
578 3559 591 3603 11
608 3560 651 3592 24
666 3570 734 3591 τον
749 3567 916 3590 τοιουτον
933 3568 990 3588 om.
1003 3566 1022 3591 ς
1037 3554 1051 3597 11
1069 3556 1109 3588 25
1125 3555 1244 3595 *ουτε]
1266 3551 1350 3587 ουδὲ

277 3608 351 3638 ΜΒ
376 3601 482 3638 οὐδὲν
494 3605 525 3637 L
542 3604 555 3648 11
572 3601 655 3637 οὔτε
668 3603 749 3644 LB]
774 3598 856 3635 οὐδὲ
871 3600 911 3633 Μ
925 3600 937 3643 11
955 3601 997 3633 26
1022 3611 1073 3632 πα
1099 3596 1271 3650 ατήρησιν
1290 3600 1346 3640 Μ]

276 3650 424 3694 τήρησιν
438 3650 506 3682 LB
534 3650 546 3687 11
577 3648 740 3682 αἰτοῦσιν
754 3646 859 3686 MBr]
893 3646 1071 3678 atvozevL
1112 3647 1125 3664 ⁶
1148 3655 1211 3686 ipm
1235 3654 1348 3677 rursus

278 3695 393 3728 volunt
413 3697 485 3735 (112.
509 3690 610 3727 αὐτοὶ
631 3687 739 3726 αὖθις
764 3690 961 3734 αἰτοῦσινῖ)
986 3702 1006 3726 ς
1021 3690 1033 3734 11
1060 3691 1102 3724 30
1126 3688 1167 3722 τὸ
1193 3689 1346 3730 τοιοῦτο]

1460 3106 1481 3139 4
1505 3105 1537 3137 ei
1560 3105 1635 3138 uisa
1658 3105 1690 3138 R
1725 3104 1815 3137 iussa
1837 3102 1869 3137 ei
1893 3102 1941 3137 V¹
1970 3100 1985 3146 11
2012 3103 2031 3135 7
2055 3111 2076 3135 a
2099 3114 2156 3136 om.
2181 3101 2271 3146 vulq.
2340 3100 2488 3146 disponit

1414 3146 2289 3238 31²3&‘bitunmffsicffiffieffffiima‘fflffi‘mt
2311 3146 2360 3226 02.
2376 3145 2487 3227 ¹34¹?

1419 3240 1460 3273 12
1481 3241 1600 3281 pronte
1628 3239 1677 3273 T·
1743 3236 1993 3272 contestationis
2014 3236 2063 3270 R¹
2094 3236 2366 3271 contestationem
2391 3236 2444 3271 T·

1419 3286 1459 3318 13
1476 3283 1660 3317 incedutias
1714 3283 1760 3327 ⁰ss
1778 3283 1820 3322 ,19
1833 3284 1919 3317 rubr.
1945 3282 1989 3315 Ut
2008 3281 2126 3315 arbitri
2144 3292 2203 3325 per
2217 3292 2256 3316 co
2316 3319 2318 3321 ,
2379 3281 2381 3286 ’
2429 3291 2488 3315 um

1416 3338 1483 3362 non
1507 3337 1566 3371 per
1588 3329 1828 3362 sacramentum
1851 3328 2063 3360 assumantur
2082 3327 2185 3360 RTm
2212 3351 2219 3360 .
2236 3327 2290 3368 (ex
2324 3326 2414 3370 atyn
2427 3335 2486 3392 ⁸f‘

1415 3373 1614 3416 pollutiones
1632 3374 1681 3406 R·
1697 3374 1709 3417 11
1728 3375 1770 3408 20
1795 3372 2000 3415 elegentibus
2025 3371 2174 3405 R¹V¹T
2186 3340 2254 3416 „qm
2280 3381 2394 3415 prome
2410 3371 2442 3405 Τ
2463 3370 2488 3416 Ι

1417 3421 1621 3462 contemptos
1646 3419 1714 3453 ΕΤ
1745 3420 1777 3452 et
1799 3419 1907 3451 tentos
1931 3417 1977 3450 V·
2038 3417 2080 3451 22
2103 3427 2137 3450 se
2162 3429 2220 3451 om.
2234 3417 2314 3461 12¹1
2336 3415 2487 3461 quolibet

1425 3462 1473 3497 1⁷¹
1497 3463 1640 3505 quilibet
1659 3463 1709 3497 V⁸
1732 3462 1746 3507 fl
1770 3463 1813 3497 24
1836 3462 1919 3496 uiris
1943 3462 1991 3495 13²
2066 3461 2092 3504 ²]
2116 3462 2200 3495 iuris
2222 3462 2343 3497 T¹vul
2365 3486 2373 3494 .
2399 3473 2483 3493 n·-

1417 3507 1464 3541 13¹
1480 3507 1494 3552 11
1512 3509 1599 3550 quod
1613 3508 1645 3542 R
1662 3507 1677 3553 11
1692 3510 1734 3543 25
1747 3508 1992 3541 obseruationes
2007 3506 2064 3550 Τ11
2079 3507 2145 3550 ipsi
2157 3506 2218 3540 lesi
2233 3505 2292 3552 711
2306 3507 2327 3542 2
2362 3506 2484 3540 mmi-

1416 3563 1495 3586 nare
1510 3553 1559 3587 R²
1573 3553 1585 3598 11
1605 3555 1645 3588 27
1666 3553 1812 3587 causatio
1830 3553 1877 3586 T¹
1894 3551 1906 3596 11
1926 3554 1967 3587 28
1988 3552 2077 3585 iussa
2098 3551 2152 3597 Vss
2171 3553 2214 3586 29
2235 3553 2286 3594 ex]
2308 3553 2341 3585 et
2360 3551 2417 3595 1711
2431 3551 2485 3584 ἰιι-

1416 3601 1548 3631 cantum
1575 3599 1624 3632 T'
1641 3598 1654 3642 11
1673 3599 1715 3633 30
1739 3599 1799 3631 hec
1819 3596 1874 3641 Vn
1901 3599 1939 3631 31
1968 3597 2129 3630 arbitrare
2155 3597 2188 3630 T
2195 3597 2206 3617 ¹
2222 3596 2235 3642 11
2252 3595 2484 3637 iurisiurandi]

1415 3642 1503 3685 quod
1526 3643 1723 3676 iurauerunt
1747 3643 1824 3677 aad.
1840 3642 1892 3675 13⁰
1908 3642 1921 3686 11
1939 3644 1981 3677 32
2005 3641 2147 3675 invitum
2172 3654 2230 3675 om.
2247 3640 2303 3686 Τ11
2329 3642 2373 3676 34
2395 3650 2484 3674 com-

1414 3687 1495 3731 pelli
1522 3688 1553 3721 R
1568 3689 1580 3732 11
1606 3691 1648 3723 36
1673 3689 1813 3722 coheant
1832 3687 1926 3731 RTn
1943 3689 2128 3730 contempte
2152 3686 2221 3719 ΒΤ
2476 3694 2479 3698 ·
