2476 3854
160 73 238 118 Ed.
254 73 353 118 VIII
382 76 420 117 2.
442 76 468 116 3

1222 67 1309 115 770

2072 85 2134 118 DE
2161 86 2384 121 romeus

161 185 227 220 τὸν
260 184 509 239 πρωτοτύπως
538 186 606 228 μὲν
637 182 684 218 τὰ
706 185 809 227 μέχρι
830 182 900 216 νῦν
923 178 1158 233 ἡμαρτημένα
1175 184 1254 216 ταῖς
1300 180 1453 225 quidem,
1484 189 1577 226 quae
1600 180 1774 218 hactenus
1799 182 1930 220 delicta.
1953 185 2143 221 commissa
2164 187 2260 230 sunt,
2288 196 2384 222 com-

161 241 418 275 προςηκουσαις
452 229 644 275 μετελθεῖν
679 230 871 274 τιμωρίαις
906 230 978 269 (καὶ
1011 238 1079 272 γαρ
1111 224 1155 270 δὴ
1185 230 1246 260 καὶ

162 275 286 321 ξίφους
303 274 403 318 αὐτῷ
422 277 625 318 παρέχομεν
641 270 791 326 ἄδειαν),
814 270 973 316 μάλιστα
992 269 1032 305 δὲ
1047 274 1120 305 τοῖς
1137 283 1245 326 στρα-

161 319 311 355 τιώταις
332 319 553 362 ἐπεξελθεῖν,
574 318 611 351 εἴ
627 329 721 352 τινες
745 317 867 351 αυτιῖιν
891 316 973 351 τοὺς
996 317 1144 351 οἰκείους
1160 329 1248 350 απο-

1302 226 1507 306 Εειευιίϋυε
1532 227 1693 262 emendet
1711 228 1899 273 suppliciis
1923 231 1972 272 (et
1985 229 2094 274 gladii
2109 230 2142 266 ei
2157 230 2385 267 concedimus

1331 270 1514 313 centiam),
1546 272 1740 317 praecipue
1767 273 1899 309 milites
1923 274 2131 319 cohercere;
2163 285 2246 311 nam
2269 275 2300 310 si
2324 275 2386 320 qui

1305 316 1548 361 relinquentes
1576 316 1657 352 loca
1678 317 1812 354 talibus
1835 319 1874 354 in
1898 320 2139 355 statuentibus
2162 320 2387 356 tradiderunt

162 364 369 400 λελοιπότες
392 365 523 399 τόπους
545 366 618 398 τοῖς
641 361 818 396 τοιούτοις
832 360 980 395 ἑαυτοὺς
999 360 1241 395 indeciduam-v
1277 365 1296 397 5
1310 362 1470 403 inlicitis.
1502 361 1533 396 si
1556 372 1661 406 quem
1683 365 1802 399 autem
1826 363 1965 399 crimini
1985 365 2178 400 obnoxium
2200 365 2385 408 invenerit,

163 408 407 454 άτοπήμασιν.
456 410 491 443 εἴ
514 421 599 442 τινα
625 406 665 442 δὲ
688 404 736 441 ἂν
759 405 979 453 ἐγκλήμασιν
1002 404 1241 450 ὑποκείμενον

162 453 274 500 εὕροι,
306 456 437 489 τοῦτον
465 452 646 500 γυμνώσει
678 453 742 495 τῆς
773 451 905 494 ζώνης,
941 449 1075 503 ὁποίαν
1099 465 1167 497 περ
1190 448 1239 485 ἂν

162 504 257 542 ἔχων
286 498 473 545 τυγχάνοι·
510 495 574 532 οὐκ
606 495 801 541 ἀναμένων
823 498 933 531 τοῦτο
957 495 1067 540 δῆλον
1090 498 1240 539 ποιῆσαι

162 547 206 591 τῇ
231 546 415 592 ἐφεστώσῃ
440 547 517 578 ταῖς
533 541 718 577 τοιαύταις
733 545 936 586 στρατείαις
951 539 1054 589 ἀρχῇ,
1074 541 1123 576 οὖς
1141 540 1241 582 ἅπαξ

1309 406 1405 442 hunc
1429 406 1605 459 exspoliet
1625 408 1777 452 cingulo,
1800 406 1904 454 qum
1928 409 2048 453 habet,
2079 420 2153 445 nou
2175 413 2387 455 expectante

1310 460 1391 486 eum
1413 451 1641 487 mamfestum
1663 452 1783 489 facere
1805 454 2034 499 praepositae
2056 454 2258 491 huiusmodi
2272 454 2386 499 digni-

1309 496 1376 531 tati
1400 497 1697 548 quemadmodum
1725 499 1835 534 semel
1858 503 1894 534 et
1916 499 2010 535 illius
2034 499 2154 535 locum
2176 499 2328 545 implens
2350 502 2388 534 et

1308 541 1347 577 in
1379 541 1541 577 omnibus
1574 543 1617 577 de
1647 545 1766 578 cetero
1795 543 1977 580 licentiam
2000 544 2146 580 habens.
2194 544 2388 589 Superesse

163 592 223 623 καὶ
259 603 328 623 τον
367 591 501 632 ἐκείνης
534 589 650 623 τόπον
686 587 835 632 πληρῶν
870 590 930 620 καὶ
966 585 1058 621 κατὰ
1088 587 1240 621 πάντων
1255 587 1342 622 10ei
1365 586 1646 622 concedentibus
1685 587 1847 624 timorem
1886 589 2051 626 omnibus
2088 589 2178 625 locis
2216 593 2253 625 et
2285 589 2386 631 vicis,

163 634 287 688 &segis
310 632 438 668 ἄδειαν
462 636 565 676 ἔχων.
605 633 833 679 ἑφίστασθαί
854 645 894 666 τε
919 629 1017 675 αὐτῷ
1042 635 1243 677 παρέχομεν

164 678 293 714 αδειαν
322 680 414 714 πᾶσι
446 682 572 714 τόποις
600 691 640 713 τε
663 681 723 711 καὶ
744 680 897 723 χωρίοις,
930 677 1001 711 εἴτε
1022 674 1243 724 ἁγιωτάτων

163 723 362 767 ἐκκλησιῶν
392 722 415 767 ἢ
451 727 512 758 καὶ
543 721 686 770 εὖαγῶν
721 723 793 757 εἶεν
823 726 1079 766 μοναστηρίων
1111 720 1135 765 ἢ
1165 723 1243 756 τῶν

162 770 284 823 ᾅείων
306 766 412 823 ἡμῶν
435 768 630 814 πριβάτων
655 764 677 811 ἢ
702 771 762 802 καὶ
786 768 850 802 τοῦ
875 767 981 801 θἐίου
1005 771 1243 813 πατριμονίου

1311 631 1386 668 sive
1408 631 1731 668 sacratissimarum
1746 633 1978 670 ecclesiarum
1992 635 2065 670 sive
2081 634 2387 670 sanctissimorum

1311 677 1383 713 sint
1414 677 1711 713 monasteriorum
1741 678 1797 714 vel
1827 688 2011 715 sacrorum
2040 683 2247 716 nostrorum
2268 679 2387 724 priva·

1311 723 1449 764 torum,
1480 724 1544 757 aut
1575 722 1670 758 sacri
1692 723 1897 768 patrimonii
1919 728 1984 760 aut
2005 727 2151 761 nostrae
2174 724 2320 768 domus,
2351 727 2389 759 et

1311 766 1522 821 simpliciter
1557 767 1692 808 dicere,
1727 768 1864 804 nullum
1896 769 2016 806 locum
2046 770 2144 806 foras
2173 769 2251 806 eius
2281 768 2388 805 iuris-

162 828 184 857 η
212 818 273 848 καὶ
304 816 365 858 τῆς
389 818 559 859 ημετέρας
583 814 712 848 οἰκίας·
743 815 802 847 καὶ
827 809 951 847 ἁπλῶς
975 813 1089 848 εἰπεῖν
1112 810 1243 847 οὐδένα
1260 815 1299 847 15
1312 812 1471 849 dictione
1493 812 1790 858 relinquentibus.

161 859 280 895 τόπον
295 859 414 905 <ἕξω>
429 861 492 903 τῆς
507 856 621 893 αὐτοῦ
645 856 887 893 δικαιοδοσίας
910 857 1242 903 καταλιμπάνομεν.

1148 946 1306 984 CAPUT
1328 947 1393 984 111.

227 1014 464 1052 Ἐποπτεύσει
485 1014 524 1050 δὲ
543 1018 603 1049 καὶ
625 1013 688 1050 τὰς
711 1012 973 1060 στρατιωτικὰς
995 1011 1187 1060 παρόδους,
1211 1015 1243 1049 εἰ

161 1061 254 1107 μετὰ
286 1063 349 1105 τῆς
381 1058 621 1105 προςηκοὺσης
651 1057 815 1101 εὐταξίας
838 1062 1092 1106 προέρχονται·
1129 1063 1188 1094 καὶ
1212 1060 1247 1094 εἴ

162 1121 199 1141 τι
232 1105 310 1141 κατ’
345 1102 452 1141 αὗτὰς
482 1104 781 1160 ἁμαρτανόμενον
811 1102 921 1152 εὕροι,
952 1106 1059 1139 τοῦτο
1089 1106 1242 1150 ἐπανορ-

1378 1014 1617 1063 Persequabit
1639 1025 1722 1052 vero
1747 1019 1784 1052 et
1807 1016 2049 1062 expeditiones
2071 1015 2232 1061 viaticas,
2255 1015 2287 1053 si
2307 1027 2388 1054 cum

1312 1061 1529 1113 competenti
1551 1061 1739 1113 disciplina
1762 1062 1972 1107 procedunt,
1996 1065 2033 1098 et
2055 1062 2086 1098 si
2108 1061 2244 1117 aliquid
2266 1063 2313 1098 ab
2335 1062 2389 1098 eis

1312 1106 1489 1151 culpabile
1511 1109 1695 1151 mvenerxt,
1718 1107 1788 1142 hoc
1811 1107 2012 1151 emendare,
2033 1109 2107 1142 tam
2123 1108 2254 1143 milites
2270 1116 2388 1143 emen-

163 1149 294 1206 θώσξι,
326 1150 410 1186 τούς
439 1165 480 1186 τε
503 1162 730 1195 στρατιωτας
752 1152 994 1206 σωφρονίζων
1018 1146 1148 1185 αὐτοὺς
1170 1154 1243 1185 τοῖς
1256 1153 1298 1186 20
1312 1151 1400 1186 dans
1419 1151 1529 1196 ipsos,
1553 1161 1660 1196 quam
1684 1152 1817 1187 nostris
1841 1152 2010 1188 subiectis
2032 1152 2070 1188 in
2085 1152 2141 1188 his
2156 1152 2285 1198 quibus
2300 1151 2390 1188 laesi

162 1211 203 1231 τε
238 1199 421 1243 ημετέροις
450 1195 641 1231 ὑποτελέσι
672 1195 715 1230 τὸ
747 1209 876 1230 ικανον
900 1192 954 1241 ἐφ’
980 1194 1031 1230 οἶς
1053 1193 1099 1230 ἂν
1122 1194 1242 1239 ἠδικη-

161 1245 265 1286 μένοι
299 1241 443 1285 τύχοιεν
479 1240 767 1286 παρασκευάζων
794 1241 980 1287 γενέσθαι.
1036 1245 1243 1287 παρρησίαν

163 1301 204 1321 τε
231 1283 334 1330 αὐτῷ
353 1289 566 1333 παρέχομεν,
591 1289 650 1320 καὶ
674 1283 803 1320 ὅπλων
826 1286 988 1332 γυμνοῦν
1007 1284 1090 1320 τοὺς
1111 1285 1161 1330 μὴ
1182 1284 1241 1320 διά

162 1346 247 1366 τινα
277 1336 466 1378 στρατείας
489 1328 650 1378 ἀνάγκην
672 1331 791 1365 vaira
814 1333 1016 1375 κτωμένους
1038 1333 1099 1365 καὶ
1118 1330 1242 1367 πάντα

162 1376 312 1423 εἷςάγειν
342 1380 419 1411 ταῖς
454 1374 642 1432 δημοσίαις
671 1377 732 1419 τῆς
759 1375 913 1420 μεγάλης
942 1375 1075 1419 ταύτης
1105 1375 1243 1411 πόλεως
1256 1377 1297 1410 25

162 1426 185 1459 1
231 1419 466 1465 ὁπλοθήκαις.
516 1425 703 1467 Ανακοψει
734 1434 773 1455 τε
804 1424 962 1466 μοιχείας
985 1424 1043 1454 καὶ
1067 1418 1242 1466 ἀνδροφο-

162 1471 242 1502 νίας
275 1471 335 1501 nai
368 1467 532 1514 λῃστείας
562 1466 656 1512 (καὶ>
685 1463 843 1510 μάλιστα
873 1464 1030 1501 πάντων
1059 1468 1243 1512 γυναικῶν

164 1511 331 1559 ἁρπαγὰς
358 1515 417 1546 καὶ
447 1510 675 1558 πραγμάτων
705 1509 919 1557 ἀφαιρέσεις,
951 1509 1101 1557 ἐφόδους
1124 1525 1164 1546 τε
1183 1514 1242 1545 καὶ

162 1562 255 1602 βίας,
286 1561 346 1591 καὶ
378 1556 503 1592 πάντα
530 1557 608 1591 τῶν
631 1556 812 1591 τοιούτων
835 1554 858 1589 ά
889 1557 1109 1601 αρτημάτων
1132 1555 1242 1591 κατά-

1311 1196 1497 1231 constituti
1514 1200 1598 1231 sunt
1616 1206 1835 1242 praeparans
1851 1197 2029 1233 satisfieri.
2063 1197 2252 1233 Fiduciam
2267 1199 2389 1233 autem

1311 1241 1344 1276 ei
1363 1241 1593 1277 concedimus
1615 1243 1653 1277 et
1675 1242 1784 1278 armis
1807 1241 1943 1278 nudare
1965 1252 2038 1284 eos,
2061 1242 2124 1288 qui
2146 1252 2219 1279 non
2241 1247 2390 1288 propter

1310 1285 1467 1331 aliquam
1490 1286 1636 1322 militiae
1659 1286 1909 1322 necessitatem
1932 1286 2119 1333 possident
2141 1297 2196 1331 ea,
2220 1290 2258 1324 et
2271 1287 2390 1324 omnia

1309 1331 1440 1367 inferre
1470 1331 1623 1376 publicis
1653 1331 1761 1368 huius
1792 1341 1942 1377 magnae
1973 1332 2127 1369 civitatis
2147 1331 2388 1369 armamentis.

1310 1424 1332 1458 1
1378 1420 1571 1458 Resecabit
1606 1422 1725 1457 autem
1748 1420 1924 1458 adulteria
1946 1422 1984 1457 et
2005 1421 2196 1458 homicidia
2218 1424 2255 1459 et
2276 1421 2388 1459 latro-

1312 1466 1405 1502 cinia
1429 1469 1465 1502 et
1487 1466 1683 1512 praecipue
1698 1466 1855 1502 omnium
1870 1466 2056 1502 mulierum
2072 1470 2198 1520 raptus
2218 1470 2256 1504 et
2270 1477 2390 1503 rerum

1310 1511 1521 1553 ablationes,
1555 1511 1756 1547 invasiones
1779 1515 1898 1547 autem
1921 1515 1959 1547 et
1980 1512 2166 1548 violentias
2190 1516 2226 1548 et
2249 1522 2389 1548 omnem

1311 1557 1436 1592 talium
1461 1557 1672 1592 delictorum
1694 1557 2008 1601 enumerationem,
2039 1560 2165 1602 utpote
2190 1558 2260 1594 hoc
2283 1567 2390 1602 quam

164 1602 282 1658 λογον,
314 1599 362 1637 ὠς
393 1603 501 1637 τοῦτο
529 1600 687 1646 μάλιστα
718 1602 781 1645 τῆς
811 1599 850 1636 δε
867 1604 1002 1657 Ἱομένης
1033 1598 1132 1646 αὐτῷ
1156 1598 1240 1646 παρ’
1256 1603 1299 1636 30
1313 1602 1463 1638 maxime
1484 1602 1591 1638 datae
1614 1602 1647 1637 ei
1670 1611 1693 1637 a
1720 1601 1825 1638 nobis
1848 1602 2167 1638 administrationis
2191 1602 2391 1649 capitulare

164 1649 269 1701 ημῶν
299 1645 408 1692 ἀρχῆς
438 1646 634 1692 κεφάλαιον
659 1647 812 1692 (ἔχων).
859 1645 1048 1681 αναστελεῖ
1077 1649 1137 1681 καὶ
1160 1646 1244 1681 τούς

164 1691 396 1735 αδικοῧντας,
433 1692 504 1725 εἴτε
539 1691 640 1737 ἱερεῖς
674 1694 746 1726 εἴτε
777 1691 947 1737 ἄρχοντες
976 1691 1049 1726 εἷεν
1079 1692 1151 1726 εἴτε
1184 1695 1245 1726 καὶ

164 1737 332 1782 κτήτορες
356 1734 378 1781 ἢ
397 1740 456 1771 καὶ
477 1735 622 1770 ἰδιῶται
645 1737 776 1779 τυχόν·
800 1741 860 1770 καὶ
882 1732 1005 1771 οὐδενὶ
1024 1734 1244 1783 συγχωρήσει

165 1782 306 1828 πρᾶξαί
338 1795 374 1816 τι
410 1784 481 1816 τοῖς
518 1779 715 1835 ἡμετέροις.
728 1781 777 1825 μὴ
812 1780 1081 1836 γνωριζόμενον
1110 1782 1242 1826 νόμοις.

1311 1647 1459 1683 habens.
1507 1646 1720 1699 Compescet
1742 1649 1862 1683 autem
1883 1647 2015 1683 iniuste
2037 1649 2202 1692 agentes,
2233 1647 2309 1685 sive
2331 1657 2389 1684 sae

1313 1692 1474 1729 cerdotes
1494 1692 1568 1728 sive
1589 1692 1724 1728 iudices
1745 1692 1828 1734 sint,
1852 1692 1931 1728 sive
1949 1691 2057 1728 etiam
2077 1701 2304 1738 possessores
2326 1696 2392 1730 aut

1310 1737 1442 1783 privati
1463 1737 1567 1780 forte,
1595 1740 1631 1777 et
1653 1736 1742 1773 nulli
1769 1737 1928 1783 quiescet
1949 1747 2053 1783 agere
2075 1737 2208 1775 nostris
2230 1748 2305 1775 non
2327 1747 2390 1775 co-

1310 1782 1447 1827 gnitum
1470 1782 1617 1826 legibus.

164 1828 189 1864 2
234 1825 381 1867 Ἐπάξει
414 1825 453 1860 δὲ
481 1830 540 1860 καὶ
571 1838 632 1860 τας
663 1840 741 1860 των
770 1825 883 1860 δικων
914 1827 1090 1866 ἐξετασεις
1120 1840 1161 1861 τε
1184 1829 1244 1861 καὶ
1258 1829 1338 1863 352
1384 1827 1542 1863 Habebit
1574 1837 1656 1862 vero
1692 1829 1728 1862 ct
1761 1826 1876 1862 litium
1902 1827 2183 1864 examinationes
2215 1830 2251 1864 et
2280 1837 2390 1873 quao-

164 1876 304 1917 κρίσεις.
353 1872 424 1912 ἕξει
448 1869 487 1905 δὲ
511 1870 608 1905 ἰδίαν
631 1873 699 1915 μὲν
720 1870 837 1914 τάξιν,
862 1869 932 1906 ἇνδ
955 1872 1009 1905 ὧν
1028 1873 1118 1916 [μὲν]
1142 1875 1245 1916 βικα-

165 1918 305 1961 ριανῶν
328 1916 567 1961 septuaginta,
589 1920 914 1961 στρατευσαμένων
929 1885 991 1951 διὰ
1007 1917 1126 1951 θείων
1140 1914 1246 1961 ἡμῶν

166 1966 423 2007 προβατορίων
457 1961 497 2001 ἐξ
526 1963 662 1995 ἐκείνου
692 1963 757 1996 τοῦ
790 1965 952 2007 σκρινίου
976 1965 1245 2006 παρεχομένων,

166 2008 204 2048 ἐξ
227 2000 269 2041 οὗ
292 2005 556 2061 καὶςπρότερον
571 2003 648 2060 ‘five
671 2005 834 2061 βικάριος
856 2001 912 2050 ἦν.
961 2003 1184 2051 ἀποδίδομεν
1208 2006 1247 2041 δὲ

1314 1872 1459 1909 stiones.
1497 1871 1656 1907 Habebit
1679 1874 1716 1907 et
1738 1872 1922 1917 proprium
1946 1872 2088 1917 quidem
2103 1871 2260 1909 officim
2276 1873 2389 1909 homi-

1314 1927 1400 1953 num
1419 1917 1679 1954 vicarianorum
1703 1927 1742 1953 se
1755 1917 1939 1961 maginni,
1962 1917 2156 1953 militantes
2171 1928 2236 1963 per
2251 1917 2390 1955 divinas

1314 1966 1458 1998 nostras
1480 1962 1706 2008 probatorias
1753 1971 1773 1997 e
1795 1962 1857 1997 illo
1881 1962 2013 1999 scrinio
2035 1963 2237 2008 praestitas,
2261 1963 2305 1999 de
2320 1973 2391 2009 quo

1316 2010 1353 2043 et
1375 2008 1487 2053 prius,
1520 2007 1662 2053 quando
1685 2007 1838 2043 vicarius
1862 2010 1951 2043 erat.
1998 2007 2192 2044 Reddimus
2215 2010 2336 2044 autem
2358 2008 2393 2044 ei

166 2056 226 2086 καὶ
256 2050 321 2086 τὰς
351 2051 534 2096 ημιὸνουι,
569 2063 655 2087 oeae
684 2064 866 2098 προτερον
895 2053 950 2096 τῷ
971 2055 1125 2098 βικαρίῳ
1147 2051 1243 2086 δεδο-
1258 2055 1301 2088 40
1315 2056 1352 2088 et
1381 2053 1516 2096 mulos,
1544 2055 1697 2097 quantos
1727 2052 1860 2088 vicario
1889 2052 2028 2098 pridem
2061 2053 2270 2090 dederamus
2294 2063 2392 2090 nunc

165 2163 434 2208 Persarumque
453 2163 559 2215 fines,
584 2166 625 2198 ut
646 2162 803 2209 primum
828 2162 970 2208 quidem
995 2173 1088 2208 quae
1111 2162 1231 2199 adbuc
1255 2163 1443 2198 commissa
1465 2166 1552 2199 sunt
1571 2163 1702 2210 poenis
1724 2163 2008 2210 competentibus
2025 2169 2270 2211 persequatur
2293 2166 2392 2208 (nam

166 2209 272 2244 etiam
303 2208 419 2254 qlaclii
450 2219 506 2243 tus
537 2208 572 2244 ei
601 2207 855 2250 concedimus),
886 2209 1084 2254 praecipue
1115 2219 1199 2244 vero
1233 2208 1363 2244 milites
1386 2212 1562 2250 coerceat,
1592 2208 1626 2243 si
1649 2207 1716 2253 qui
1735 2219 1857 2244 eorum
1880 2208 2063 2245 derelictis
2081 2209 2299 2246 stationibus
2315 2210 2393 2246 suis

165 2252 341 2289 eiusmodi
369 2252 523 2299 flaqitiis
549 2263 589 2288 se
619 2252 845 2288 dediderunt.
893 2252 936 2288 Si
992 2263 1071 2288 uem
1104 2257 1223 2289 autem
1254 2253 1463 2289 criminibus
1495 2252 1692 2289 obnoxium
1715 2252 1903 2295 invenerit,
1935 2255 2030 2288 hunc
2053 2253 2199 2300 cingulo
2218 2254 2392 2301 privabit,

166 2298 415 2344 qualecunque
446 2298 572 2342 habet,
608 2308 683 2333 non
714 2301 932 2344 expectans,
989 2308 1077 2334 onec
1107 2297 1361 2344 maqistratum
1393 2298 1457 2344 qui
1489 2297 1621 2334 talibus
1649 2298 1789 2334 militiis
1813 2302 1963 2345 praeest
1992 2309 2037 2335 ea
2066 2298 2112 2334 dc
2140 2309 2182 2335 re
2204 2300 2392 2336 certiorem

163 2344 307 2389 fecerit,
339 2344 473 2423 quippe
500 2344 564 2389 qui
586 2343 696 2379 semel
717 2347 753 2378 et
775 2342 873 2378 illius
897 2342 1015 2378 locum
1039 2343 1190 2389 expleat
1211 2347 1247 2379 et
1270 2344 1308 2378 in
1332 2353 1455 2378 omnes
1479 2343 1624 2378 omnino
1645 2346 1859 2389 potestatem
1883 2342 2023 2379 habeat.
2070 2344 2190 2390 Atque
2211 2344 2392 2381 licentiam

165 2388 199 2424 ei
229 2387 358 2423 damus
388 2400 410 2423 α
437 2388 546 2424 eundi
575 2388 697 2424 omnia
720 2388 801 2423 loca
824 2392 859 2423 et
878 2388 988 2431 vicos,
1006 2388 1079 2424 sive
1101 2388 1409 2424 sanctissimarum
1432 2388 1665 2424 ecclesiarum
1688 2392 1753 2423 aut
1774 2388 2025 2433 reliqiosorum
2047 2393 2134 2424 sunt
2155 2390 2391 2426 moizasterio-

165 2444 246 2468 rum
277 2437 341 2468 aut
370 2444 559 2469 sacrorum
590 2436 798 2468 nostrorum
827 2433 1056 2479 privatorum
1086 2437 1152 2469 aut
1181 2433 1289 2469 etiam
1319 2432 1420 2468 sacri
1440 2431 1659 2479 patrimonii
1688 2435 1754 2468 aut
1783 2438 1931 2469 nostrae
1957 2432 2103 2476 domus,
2133 2438 2170 2470 et
2192 2438 2234 2470 ut
2254 2434 2392 2482 simpli·

167 2479 257 2514 citer
279 2477 441 2513 dicamus
464 2478 602 2514 nullum
626 2478 771 2514 omnino
795 2477 912 2513 locum
935 2489 986 2514 ex
1009 2477 1087 2514 eius
1109 2477 1357 2513 iurisdictione
1379 2477 1581 2514 eximimus.

302 2522 368 2558 111.
419 2522 630 2559 observabit
659 2526 779 2558 autem
809 2522 916 2558 etiam
947 2523 1122 2558 militares
1150 2522 1338 2566 transitus,
1368 2533 1454 2557 num
1476 2532 1556 2558 cum
1580 2521 1699 2558 debita
1722 2522 1916 2568 disciplina
1965 2522 2163 2564 rocedant:
2191 2523 2282 2560 etsi
2304 2522 2394 2570 quid

166 2568 205 2602 in
236 2568 281 2603 iis
312 2569 537 2603 commissum
560 2568 747 2609 invenerit,
775 2566 845 2603 hoc
867 2568 1027 2614 corriqet
1049 2571 1122 2603 tum
1145 2567 1275 2604 milites
1299 2567 1484 2613 castigans
1505 2567 1606 2614 ipsos
1630 2571 1705 2603 tum
1727 2567 1835 2603 etiam
1855 2567 1921 2603 sub
1948 2568 2009 2604 itis
2031 2568 2179 2610 nostris,
2203 2569 2334 2615 quibus
2353 2569 2392 2605 in

165 2613 273 2648 rebus
303 2612 440 2648 iniuria
469 2613 596 2658 affecti
622 2613 782 2658 fuerint,
812 2613 985 2658 satisfieri
1014 2623 1159 2648 curans.
1206 2611 1497 2665 Potestatemque
1528 2612 1562 2647 ei
1592 2611 1835 2655 concedimus,
1866 2617 1907 2648 ut
1933 2612 2045 2648 armis
2061 2613 2201 2660 privet,
2232 2614 2296 2660 qui
2318 2624 2393 2650 non

165 2663 322 2703 propter
344 2658 395 2692 ali
421 2669 504 2692 uam
527 2657 677 2693 militiae
700 2658 945 2693 necessitatem
969 2669 1012 2693 ea
1036 2656 1179 2700 liabent,
1208 2658 1400 2703 omniaque
1430 2657 1568 2702 inserat
1588 2656 1745 2704 publicis
1765 2656 1873 2693 liuius
1895 2668 2050 2703 maqnac
2071 2657 2172 2694 urbis
2193 2668 2391 2695 amomon-

167 2704 190 2738 1
238 2702 352 2737 tariis.
434 2702 653 2749 eprimetque
685 2703 792 2738 etiam
822 2702 1004 2738 adulteria
1027 2707 1063 2738 et
1084 2701 1279 2738 homicidIa
1302 2708 1338 2738 et
1360 2701 1555 2738 latrocinia
1578 2709 1615 2738 et
1636 2702 1795 2738 maxime
1817 2701 2005 2739 mulierum
2028 2707 2171 2755 raptus,
2200 2713 2393 2750 rerumque

168 2748 383 2793 ereptiones,
415 2747 567 2782 insidias
596 2752 631 2783 et
662 2748 743 2790 vim,
777 2747 980 2783 universam
1011 2747 1165 2793 denique
1196 2747 1321 2783 talium
1344 2747 1556 2783 delictorum
1579 2747 1719 2789 seriem,
1745 2747 1845 2793 quod
1864 2746 1933 2783 hoc
1948 2747 2180 2793 potissimum
2197 2748 2393 2794 potestatis

168 2803 191 2826 a
215 2791 319 2827 nobis
343 2791 376 2827 ei
399 2791 506 2827 datae
528 2796 639 2838 caput
662 2791 778 2827 habet.
826 2791 1114 2838 Resrenabitque
1137 2792 1334 2839 improbos,
1354 2792 1428 2828 sive
1450 2791 1659 2828 sacerdotes
1681 2791 1756 2828 sive
1778 2791 2016 2838 maqistratus
2037 2796 2133 2835 sunt,
2156 2792 2232 2830 sive
2248 2795 2392 2840 posscs-

166 2836 192 2871 2
236 2847 339 2872 sores
361 2836 434 2872 sive
453 2837 602 2882 privati,
626 2847 691 2873 nec
714 2837 883 2888 cuiquam
903 2837 1086 2883 permittet
1106 2837 1233 2883 facere
1252 2836 1395 2883 aliquid
1416 2836 1555 2883 leqibus
1577 2837 1713 2873 nostris
1735 2847 1809 2872 non
1832 2837 2034 2884 probatum.
2081 2835 2251 2874 Instituet
2273 2841 2392 2875 autem

168 2882 276 2917 etiam
307 2883 635 2916 controversiarum
666 2882 955 2917 examinationes
984 2886 1020 2918 et
1049 2881 1349 2924 diiudicationes;
1377 2881 1521 2918 habebit
1550 2886 1669 2918 autem
1694 2882 1886 2928 propriam
1908 2881 2091 2918 cohortem
2113 2882 2272 2919 virorum
2295 2882 2392 2919 vica-

166 2926 353 2962 rianorum
378 2927 612 2972 septuaqinta
631 2926 812 2972 stipendia
830 2928 1046 2972 facientium
1067 2937 1137 2973 per
1158 2938 1267 2963 sacra
1289 2931 1417 2963 nostra
1437 2927 1667 2974 probatoria,
1692 2937 1785 2973 quae
1807 2937 1858 2963 ex
1881 2926 1943 2963 illo
1965 2927 2098 2963 scrinio
2107 2926 2391 2974 praebebuntur,

164 2982 216 3008 ex
232 2982 321 3018 ·quo
354 2976 462 3007 antea
493 2981 636 3017 quoque
662 2971 827 3007 solebant
855 2971 1036 3017 praeberi,
1066 2982 1146 3007 cum
1173 2972 1331 3009 vicarius
1350 2976 1441 3008 erat.
1488 2971 1686 3007 Reddimus
1708 2982 1792 3008 vero
1815 2971 1923 3008 etiam
1946 2971 2073 3014 mulas,
2097 2975 2187 3017 quot
2208 2970 2391 3018 quondam

215 3086 235 3118 2
259 3085 320 3117 καὶ
343 3082 411 3130 γὰρ
435 3080 479 3125 δὴ
505 3096 565 3118 om.
590 3094 611 3119 ς·
638 3082 651 3123 ΙΙ
681 3085 703 3116 4
721 3093 798 3115 nam
820 3082 850 3114 si
873 3083 932 3124 qui
956 3083 1002 3125 ςΙΙ
1021 3081 1147 3117 αὐτῶν
1170 3081 1251 3117 τοὺς

168 3130 314 3163 οἰκείους
326 3142 384 3163 om.
398 3140 418 3165 ς
435 3128 447 3172 ΙΙ
465 3131 484 3162 5
501 3125 660 3168 ἑαυτοὺς]
673 3128 710 3160 in
733 3127 1007 3168 statuentibusoe)
1020 3140 1040 3164 ς
1055 3129 1067 3170 ΙΙ
1086 3130 1107 3162 6
1119 3124 1251 3162 ὅντινα

169 3176 358 3209 Zachariae
371 3174 477 3217 malea
490 3173 623 3207 crimini
636 3185 655 3209 ς
667 3173 710 3217 118
725 3172 854 3214 τοῦτο]
868 3182 941 3204 eum
956 3184 975 3208 ς
986 3171 999 3217 ΙΙ
1014 3175 1034 3206 9
1048 3176 1251 3218 στρατείαις

169 3232 226 3254 om.
245 3231 264 3256 ς
281 3220 293 3263 ΙΙ
315 3222 351 3253 11
375 3221 577 3263 παρέχομεν
600 3215 740 3259 ἄδειαν]
761 3216 1017 3250 concedentibus
1040 3217 1193 3251 timorem
1206 3216 1251 3263 ςΙ

172 3267 213 3301 16
226 3264 297 3304 ἔξω
311 3278 350 3298 εει·
362 3276 382 3300 ς·
394 3266 472 3297 add.
483 3265 672 3298 Zachariae
690 3263 702 3305 ΙΙ
717 3260 1039 3305 καταλιμπάνομεν
1048 3263 1248 3304 Zachariae]

169 3308 460 3353 καταλιμπάνων
486 3309 528 3342 Μ
549 3307 818 3350 relinquentibus
832 3318 852 3343 ς
866 3307 879 3350 ΙΙ
900 3309 939 3341 17
964 3307 1206 3349 pei-aequabit?
1228 3319 1249 3344 ς

168 3354 181 3399 H
208 3358 248 3390 19
273 3356 445 3388 emendare
469 3366 489 3391 ς
506 3357 519 3398 fl
536 3355 578 3388 23
602 3356 653 3395 τε]
677 3355 787 3386 autem
812 3364 832 3389 ς
853 3351 866 3396 ΙΙ
886 3353 928 3386 24
952 3350 1094 3385 πάντας
1117 3353 1161 3385 Μ
1174 3352 1187 3396 ΙΙ
1205 3354 1245 3386 27

170 3402 230 3434 καὶ
255 3401 373 3434 addidi
395 3413 433 3433 ex
457 3411 476 3436 ς
503 3399 515 3443 ΙΙ
547 3400 590 3434 28
616 3401 668 3439 τε]
692 3401 804 3431 autem
828 3408 848 3434 ς
874 3396 887 3441 ΙΙ
917 3398 959 3431 31
985 3396 1079 3438 ἔχων
1100 3398 1250 3441 supplevi

170 3458 209 3478 ex
233 3457 253 3481 ς
280 3445 292 3487 ΙΙ
322 3446 394 3486 καὶ]
418 3447 530 3478 autem
554 3456 573 3481 ς
599 3443 605 3488 Ι
643 3444 686 3478 32
717 3445 778 3476 καὶ
802 3455 860 3476 om.
886 3442 962 3482 M⁶‚
986 3454 1089 3485 supra
1111 3454 1142 3474 υ.
1168 3443 1246 3476 add.

171 3489 237 3523 M⁶
269 3490 281 3533 ΙΙ
314 3491 358 3523 34
392 3501 429 3522 τι
467 3502 524 3523 om.
556 3501 577 3526 ς
613 3488 618 3529 Ι
652 3490 695 3523 35
727 3485 854 3527 ἐπάξει
884 3487 1001 3527 Kroll]
1045 3485 1162 3525 ἐπέξει
1195 3487 1246 3528 Μ,

172 3534 288 3580 ἐφέξει
313 3547 381 3569 cum
405 3535 589 3577 Scrimqero
612 3535 712 3577 vulq„
744 3533 880 3566 habebit
903 3543 923 3569 ς
953 3530 966 3575 ΙΙ
996 3532 1039 3582 30
1068 3528 1119 3582 δὲ]
1144 3533 1177 3564 et
1200 3533 1248 3572 ςΙΙ

171 3581 479 3668 assistere
501 3580 551 3670 {l
567 3577 873 3662 mittum
891 3579 932 3612 ³⁷
952 3578 1153 3621 ΜΝ
1178 3577 1223 3610 M
1236 3574 1248 3621 ¹¹

260 3637 275 3658 ε

1364 3086 1385 3118 2
1409 3083 1584 3117 emendent
1600 3084 1635 3117 V
1651 3083 1844 3116 emendetur
1868 3083 1950 3117 Ρίει,
1977 3082 1991 3127 ΙΙ
2019 3083 2051 3116 ei
2073 3083 2167 3135 Birt]
2188 3082 2340 3135 eius-V·
2368 3084 2389 3118 3

1316 3126 2391 3226 5335,tssi⁸¹23231²¹³15¹¹1t2¹22„titalizdill13252322‘11'2'32532

1327 3219 1455 3259 VPist„
1473 3229 1556 3251 corr.
1573 3217 1666 3251 Beck
1684 3217 1696 3260 ΙΙ
1712 3218 1732 3252 8
1756 3216 1905 3260 impleris
1919 3217 1954 3250 V
1966 3216 2121 3261 impleres
2144 3217 2226 3252 Pist-
2242 3217 2256 3261 Ι
2277 3220 2315 3253 11
2339 3228 2391 3252 ιι·

1316 3262 1574 3296 cratissimornm
1584 3261 1640 3305 Vu
1659 3263 1701 3296 12
1715 3262 1921 3304 privatorum
1938 3262 2044 3304 Beck]
2060 3262 2268 3305 priuatarum
2277 3263 2390 3296 VPiet.

1315 3308 1319 3351 Ι
1342 3309 1381 3342 17
1397 3307 1595 3350 perequauit
1613 3306 1736 3347 VPtst„
1756 3306 1980 3350 per-spectabit
1991 3308 2085 3341 Beck
2099 3307 2112 3350 ΙΙ
2134 3308 2174 3342 19
2197 3307 2323 3341 milita·
2337 3308 2392 3341 V·

1314 3353 1320 3394 Ι
1350 3353 1393 3386 20
1416 3354 1453 3384 in
1476 3351 1598 3393 quibus
1619 3351 1740 3395 Beckss
1765 3353 1809 3385 26
1832 3352 1992 3385 resecauit
2013 3352 2046 3385 V
2061 3352 2252 3394 rescqusuit
2275 3352 2358 3387 Pin.
2377 3350 2391 3396 Ι

1316 3399 1356 3431 27
1380 3400 1492 3438 raptos
1513 3397 1546 3429 V
1562 3398 1711 3439 raptores
1734 3397 1834 3437 Pisa,
1858 3409 1942 3431 corr.
1967 3397 2061 3431 Beck
2092 3397 2106 3441 ΙΙ
2138 3398 2180 3431 28
2204 3396 2390 3431 ablationes

1315 3441 1421 3482 Beck]
1446 3440 1690 3475 abalienatione
1710 3442 1744 3475 V
1761 3441 2026 3475 abalienaciones
2050 3441 2134 3477 Pin.
2150 3442 2163 3485 ΙΙ
2180 3444 2223 3477 30
2247 3441 2389 3476 admini-

1314 3486 1469 3519 strationi
1489 3487 1517 3518 V
1536 3486 1725 3520 administri
1748 3487 1828 3521 Pist-
1847 3487 1860 3530 Ι
1876 3487 1918 3522 31
1943 3487 2121 3529 compescit
2136 3487 2173 3529 V,
2197 3499 2281 3521 corr.
2295 3485 2390 3520 Beck·

1314 3532 1325 3575 fl
1349 3532 1392 3564 32
1416 3532 1486 3572 aut]
1510 3531 1579 3564 sint
1600 3531 1680 3576 V⁰ss
1699 3532 1742 3565 33
1768 3532 1917 3574 quiescet
1932 3531 2051 3573 Kroll]
2075 3530 2135 3574 qni
2157 3532 2263 3565 nescit
2278 3531 2388 3565 VPin.

1314 3576 1326 3617 ss
1349 3577 1392 3610 35
1422 3579 1456 3609 et
1476 3578 1571 3619 prius
1594 3589 1653 3610 om.
1678 3577 1760 3610 Pist-
1790 3576 1803 3620 ΙΙ
1832 3578 1876 3611 36
1902 3578 1936 3610 et
1959 3589 2020 3611 οηι.
2043 3576 2127 3612 Pise.
2155 3576 2169 3622 fl
2197 3578 2241 3612 40
2265 3575 2389 3612 multo!

1323 3621 1437 3657 VPae.
1453 3620 1466 3667 [Ι
1485 3620 1689 3656 declaramus
1706 3622 1836 3668 VPae„
1860 3633 1944 3658 corr.
1961 3621 2062 3657 Kroll
