2592 3840
263 75 370 120 Nov.
391 75 620 121 LXXXIX
648 79 687 119 7.
714 78 741 119 8

1330 73 1417 122 436

1871 89 2033 130 QUIBUS
2060 90 2198 124 uoms
2224 90 2491 126 NATURALES

1248 188 1406 225 CAPUT
1426 187 1505 225 VII.

315 257 431 300 Τριῶν
457 254 496 290 δὲ
513 256 648 301 ἑτέρων
673 251 877 296 διατάξεων
898 255 1108 302 γραφεισῶν
1128 255 1259 309 Ζήνων
1277 257 1346 300 μὲν

264 299 283 336 ό
317 303 380 344 τῆς
412 298 577 345 εὐσεβοῦς
609 298 739 343 λήξεως
770 297 810 334 οὗ
841 304 923 346 περὶ
958 301 1035 334 τῶν
1064 299 1277 344 μελλόντων
1307 315 1344 336 τι

265 344 393 389 σχεδὸν
416 346 625 390 νομοθετεῖ,
650 343 740 379 ἀλλὰ
761 348 843 391 περὶ
867 346 944 379 τῶν
964 343 1031 388 ἤδη
1053 344 1342 390 παρῳχηκότων·

263 390 308 434 ἢν
337 390 547 438 γεγράφθαι
580 389 639 424 διὰ
662 392 770 424 τοῦτο
801 389 919 435 μόνον
943 391 1252 438 συνεχωρήσαμεν,
1284 392 1345 425 ἵνα

264 436 346 470 τοὺς
371 437 409 477 ἐξ
433 439 564 478 ἐκείνης
587 435 674 469 ἴσως
698 432 964 481 ὠφελουμένους
987 437 1048 479 τῆς
1065 434 1259 477 διατάξεως
1283 435 1344 470 διὰ

265 482 307 515 τὸ
333 484 495 515 κατιέναι
527 478 646 514 αὐτοῖς
670 481 813 514 ἐκεῖθεν
842 479 906 514 τὰς
929 481 1037 527 γονὰς
1067 481 1116 525 μὴ
1141 483 1203 525 τῆς
1227 483 1345 516 έντεῦ·

267 527 337 561 θεν
363 523 535 572 ὠφελείας
567 522 884 571 ἀποστερήσωμεν.
933 523 1049 572 ὥςπερ
1073 529 1133 560 καὶ
1156 526 1223 570 τὴν
1244 525 1345 561 Ἀνα-

267 575 413 605 στασίου
445 572 509 604 τοῦ
540 571 603 614 τῆς
634 569 801 614 εὐσεβοῦς
833 568 965 614 λήξεως
996 571 1065 615 τὴν
1100 571 1180 606 τοὺς
1209 571 1346 607 νόθους

266 616 510 650 τίοποιεῖσθαι
544 613 719 649 διδοῦσαν
750 613 814 650 οὐκ
839 615 996 658 ἐνοχλεῖν
1028 617 1091 650 τοῦ
1115 615 1240 652 λοιποῦ
1275 620 1347 651 τοῖς

1471 254 1604 292 Tribus
1633 257 1751 291 autem
1776 255 1856 290 aliis
1885 255 2196 293 constitutionibus
2228 258 2368 303 scriptis
2392 259 2490 296 Zeno

1414 300 1554 346 quidem
1577 301 1658 346 piae
1681 301 1870 336 memoriae
1900 311 1974 336 non
1997 301 2040 336 de
2063 302 2193 338 futuris
2222 303 2356 348 aliquid
2377 314 2491 357 paene

1414 345 1583 388 sancivit,
1616 346 1680 382 sed
1711 346 1754 381 de
1785 346 1855 380 iam
1886 346 2107 391 praeteritis:
2145 357 2251 393 quam
2280 348 2388 384 scribi
2410 349 2491 386 ideo

1415 390 1634 427 solummodo
1658 391 1894 436 permisimus,
1919 395 1958 426 ut
1979 401 2040 427 eos
2062 392 2191 438 quibus
2214 393 2276 428 illa
2291 392 2385 429 forte
2405 404 2491 430 con-

1382 440 1401 471 5
1416 436 1553 472 stitutio
1573 437 1728 481 prodest,
1751 436 1845 482 quod
1863 436 2057 472 descendat
2077 447 2198 473 eorum
2213 438 2341 474 exinde
2359 439 2490 484 proles,

1417 492 1489 516 non
1511 481 1580 516 hac
1605 482 1758 517 utilitate
1782 482 2012 527 privaremus.
2061 481 2163 518 Sicut
2184 483 2290 518 etiam
2309 483 2492 520 Anastasii

1414 526 1496 572 piae
1520 527 1719 569 memoriae,
1752 537 1843 572 quae
1869 527 2051 562 naturales
2083 527 2255 573 adoptare
2288 529 2491 573 contribuit,

1414 582 1486 607 non
1525 581 1606 607 esse
1644 572 1871 617 inportunam
1913 571 1959 607 de
1995 576 2112 608 cetero
2153 573 2284 608 nostris
2323 573 2493 610 subiectis

1414 616 1668 661 permittimus,
1701 617 1770 652 nisi
1803 617 1849 652 ad
1880 616 1949 653 hoc
1973 618 2126 662 positam
2158 618 2377 654 solummodo
2407 618 2493 655 sini-

266 660 446 706 ι),ιιετε’ροις
465 658 634 716 ὑπήκόοις
654 662 917 714 συγχωροῦμεν,
942 659 1039 716 πλὴν
1063 663 1123 696 ἐπὶ
1139 660 1258 706 τούτῳ
1279 665 1345 696 κεῖ-
1362 665 1402 697 10
1415 673 1509 703 mus,
1537 663 1584 697 'ut
1609 661 1641 698 si
1663 671 1736 706 qua
1758 661 1894 698 utilitas
1925 662 2103 708 aliquibus
2133 663 2215 699 inde
2246 663 2404 709 reposita
2425 666 2492 708 est,

267 707 359 740 υθαι
387 709 447 740 καὶ
469 719 585 750 μονον
609 709 769 752 αφιέμεν,
803 717 892 740 ωςτε
925 708 955 740 εἰ
985 718 1038 741 τις
1063 704 1219 753 ὠφέλειά
1251 719 1347 741 τισιν

267 752 409 785 ἐκεῖθεν
434 747 644 792 ἀπόκειται,
677 749 816 794 ταύτην
839 750 887 796 μὴ
914 749 1016 792 δόξαι
1040 750 1101 786 διὰ
1125 754 1201 787 τῶν
1224 749 1347 796 ἡμετέ-

267 809 342 840 ρων
365 793 526 843 ἀναιρεῖν
545 793 691 840 νόμων·
718 794 772 830 δεῖ
790 796 859 843 γὰρ
882 793 940 830 ἀεί
960 809 1057 831 τινος
1077 797 1235 843 ἐξάρχειν
1259 794 1347 844 dya-

267 842 351 884 θοῦ,
384 838 424 875 οὗ
455 841 529 896 μὴν
563 840 610 875 τά
641 853 715 876 τισι
746 843 1029 896 προῦπηργμένα
1061 841 1230 877 διαλύειν.
1279 842 1347 886 τὴν

1416 708 1508 742 hanc
1546 717 1618 742 non
1657 707 1838 743 videamur
1875 716 1942 753 per
1975 711 2118 744 nostras
2156 712 2343 754 amputare
2380 708 2492 755 leges:

1416 754 1557 797 oportet
1586 752 1679 788 enim
1711 761 1850 797 semper
1877 753 2020 797 aliquod
2048 753 2218 789 incohare
2241 754 2392 797 bonum,
2420 763 2494 790 non

1417 808 1460 833 ea
1484 807 1575 842 quae
1595 807 1617 832 a
1637 797 1848 842 quibusdam
1868 797 2113 843 praeexistant
2133 799 2327 835 destruere.
2370 799 2494 835 Nostri

1417 843 1507 878 enim
1544 843 1658 888 patris
1694 843 1934 887 approbamus
1972 843 2261 880 constitutionem
2299 847 2495 890 temperate

265 887 336 941 γὰρ
359 887 422 920 τοῦ
447 889 621 942 ημετερου
645 898 783 933 πατρός
806 884 1067 931 ἀποδεχόμεθα
1091 885 1257 928 διάταξιν
1277 900 1347 921 σω-
1362 890 1403 922 15
1418 888 1557 932 quidem
1575 887 1817 923 introductam
1835 890 1871 923 et
1890 892 2015 923 ornate
2035 889 2198 934 positam,
2221 899 2313 934 quae
2331 889 2493 935 adoptio-

267 943 410 978 φρονως
432 934 500 976 μὲν
516 931 766 979 ειςηγηθεῖσαν
789 937 945 977 κοσμίως
967 931 1007 966 δὲ
1021 933 1248 977 τεθειμένην,
1271 929 1348 976 ἥτις

266 978 328 1011 τὰς
344 977 522 1012 υἱοποιίας
539 977 603 1011 τὰς
623 978 700 1011 τῶν
717 974 849 1012 νόθων
866 975 1020 1012 ἐκώλυσε
1036 977 1128 1013 πολὺ
1149 978 1191 1012 τὸ
1210 977 1349 1013 ἄτοπον

268 1019 412 1064 ἐχούσας
436 1025 495 1056 καὶ
515 1019 730 1067 ἀδιακρίτως
750 1019 867 1068 ὥςπερ
886 1021 1063 1066 ἐπήλυδάς
1084 1035 1186 1058 τινας
1205 1024 1250 1070 τῇ
1266 1036 1350 1070 γνη-

268 1065 408 1112 σιότητι
433 1068 513 1102 τοὺς
537 1066 672 1101 νόθους
695 1065 911 1114 ὑπαγούσας.

1417 944 1480 968 nes
1504 933 1721 968 naturalium
1750 932 1934 977 prohibuit
1964 933 2112 968 multam
2143 933 2397 970 absurditatem
2428 935 2494 970 ha-

1418 979 1543 1013 bentes
1569 983 1603 1013 et
1626 978 1818 1013 indiscrete
1841 978 1938 1013 velut
1957 978 2116 1014 advenas
2141 979 2312 1023 quosdam
2331 978 2494 1024 legitimis

1419 1025 1602 1059 naturales
1627 1023 2011 1068 superintroducentes.

1241 1158 1399 1195 CAPUT
1424 1158 1521 1194 VIII.

323 1222 536 1261 Ὑπόλοιποι
560 1229 684 1260 τοίνυν
707 1226 799 1260 εἰσὶν
831 1226 867 1260 οἱ
894 1224 988 1281 παρ’
1014 1224 1120 1283 ήμῶν
1144 1227 1348 1274 ἑξευρεθέν-
1363 1229 1405 1262 20

269 1282 324 1307 τες
346 1269 495 1315 τρόποι,
518 1268 576 1305 οὓς
596 1269 878 1316 διελευσόμεθα,
902 1285 944 1306 το
962 1284 1112 1319 γνησιον
1136 1276 1350 1316 παρέχοντες

269 1319 341 1350 τοῖς
364 1317 578 1362 ἔμπροσθεν
600 1316 740 1352 νόθοις.
788 1317 841 1351 ὠν
865 1315 949 1351 οὐδὲ
973 1320 1055 1363 περὶ
1085 1317 1155 1361 τὴν
1179 1316 1349 1360 διαδοχὴν

269 1359 492 1405 πονήσομεν·
518 1357 620 1402 ἅπαξ
642 1362 709 1408 γὰρ
730 1359 859 1396 αὐτοὺς
883 1361 1165 1397 ἀποτελέσαντες
1187 1366 1350 1409 γνησίους

269 1405 418 1451 δίδομεν
441 1408 535 1449 ἐχειν
557 1410 618 1441 καὶ
640 1407 703 1441 τὰς
726 1405 895 1450 διαδοχάς
919 1409 1071 1445 ἐκείνας,
1103 1404 1145 1442 οἳς
1168 1407 1205 1442 οἱ
1226 1407 1265 1448 ἐξ
1287 1404 1350 1454 άρ-

1474 1226 1615 1271 Reliqui
1638 1225 1743 1271 igitur
1765 1228 1850 1262 sunt
1872 1225 1967 1262 modi
1988 1225 2050 1270 qui
2073 1235 2095 1261 a
2118 1224 2220 1261 nobis
2243 1225 2378 1261 inventi
2398 1227 2495 1270 sunt,

1418 1282 1507 1316 quos
1527 1282 1790 1317 percurremus,
1821 1271 2015 1315 legitimum
2037 1270 2093 1306 ius
2115 1271 2328 1315 praebentes
2351 1270 2404 1307 eis
2435 1271 2497 1324 qni

1419 1321 1522 1352 erant
1551 1317 1715 1362 primitus
1745 1317 1939 1352 naturales.
1988 1315 2091 1352 Circa
2119 1326 2270 1360 quorum
2297 1325 2495 1353 successio-

1419 1372 1499 1397 nem
1532 1373 1605 1397 non
1640 1361 1901 1397 laborabimus:
1937 1361 2046 1396 semel
2080 1361 2173 1396 enim
2209 1370 2270 1397 eos
2301 1361 2496 1398 efficientes

1419 1407 1594 1451 legitimos
1619 1408 1742 1444 damus
1759 1407 1891 1442 habere
1907 1407 2013 1441 etiam
2030 1405 2272 1442 successiones
2290 1405 2495 1459 illam-quas

270 1454 330 1496 χῆς
359 1454 407 1505 ένΟ
428 1456 588 1505 γνησίοις
623 1451 830 1487 τελέσαντες
865 1454 1015 1495 ἔχουσιν.
1064 1454 1118 1487 Εἴ
1141 1464 1195 1487 τις
1227 1457 1351 1487 τοίνυν
1364 1456 1405 1488 25
1419 1453 1554 1487 habent
1576 1452 1614 1487 hi
1637 1454 1697 1497 qui
1720 1452 1766 1487 ab
1789 1452 1889 1488 initio
1913 1451 2061 1496 legitimi
2085 1454 2180 1486 sunt.
2227 1451 2265 1487 Si
2287 1451 2366 1496 quis
2388 1452 2496 1505 igitur

270 1510 435 1543 προικῳα
464 1508 615 1544 γράψειε
645 1497 964 1542 πρὸςαέλευθέραν
997 1497 1066 1541 τὴν
1098 1496 1212 1546 ἀρχὴν
1241 1496 1263 1540 ἢ
1292 1501 1352 1532 καὶ

270 1540 520 1588 ἀπελευθέραν
543 1545 713 1589 γυναῖκα,
737 1544 829 1590 ᾐπερ
850 1540 943 1577 ὅλως
963 1543 1082 1584 ἔξεστι
1100 1546 1287 1585 συνοικεῖν,
1313 1545 1353 1576 ἐν

271 1586 452 1630 παλλακῆς
476 1586 631 1631 σχήματι
663 1590 843 1623 συνοῦσαν
875 1585 986 1631 αὐτῷ,
1020 1587 1041 1630 ἢ
1072 1592 1237 1632 νομίμων
1268 1592 1351 1623 παί-

272 1632 349 1667 δων
379 1631 455 1686 ἤδη,
481 1633 601 1679 πατὴρ
630 1633 822 1688 καθεστὼς
845 1631 867 1676 ἢ
889 1636 950 1668 καὶ
973 1631 1120 1669 παίδων
1143 1630 1184 1667 οὗ
1206 1632 1353 1680 γενόμε-

1420 1498 1554 1533 dotalia
1578 1498 1762 1542 scripserit
1784 1498 1831 1533 ad
1853 1498 2001 1532 liberam
2030 1497 2068 1532 in
2092 1496 2268 1542 principio
2292 1497 2364 1532 sive
2387 1496 2496 1532 liber-

1420 1547 1493 1578 tam
1516 1543 1716 1585 mulierem,
1749 1543 1808 1578 cui
1832 1542 1974 1578 omnino
2003 1542 2087 1576 licet
2111 1542 2274 1587 copulari
2301 1541 2340 1577 in
2363 1552 2496 1578 concu-

1420 1589 1525 1624 binae
1556 1589 1738 1623 schemate
1768 1588 1855 1630 sibi,
1887 1590 1950 1622 aut
1979 1586 2215 1631 legitimorum
2246 1586 2399 1623 filiorum
2426 1587 2497 1622 iam

1419 1638 1522 1678 pater
1546 1634 1700 1669 existens
1731 1637 1794 1668 aut
1818 1633 1924 1668 etiam
1945 1631 2100 1667 filiorum
2133 1642 2205 1668 non
2235 1632 2360 1668 talium
2383 1636 2497 1678 pater,

271 1690 330 1713 νος
359 1691 538 1712 τοιουτων
570 1691 708 1732 πατηρ,
744 1678 893 1726 γνήσιον
924 1678 1017 1712 εἶναι
1050 1679 1117 1713 τὸν
1144 1678 1263 1726 γάμον
1293 1681 1353 1712 καὶ
1366 1682 1408 1714 30
1419 1679 1593 1724 legitimas
1618 1688 1697 1714 esse
1719 1679 1863 1723 nuptias
1894 1682 1930 1713 et
1957 1677 2049 1712 filios
2079 1677 2135 1712 vel
2158 1677 2411 1721 praecedentes
2441 1677 2498 1713 vel

271 1724 354 1758 τοὺς
376 1721 509 1758 παῖδας
531 1735 612 1758 τους
636 1737 675 1757 τε
699 1721 960 1770 προειληφότας
991 1721 1075 1758 τούς
1097 1736 1138 1758 τε
1161 1736 1352 1770 κυοφορου-

270 1772 395 1813 μένους
422 1772 589 1814 γνησίους
620 1765 719 1811 αὐτῷ
750 1768 980 1803 καθεστάναι
1012 1770 1246 1825 θεσπίξομεν.
1294 1772 1353 1803 καὶ

271 1812 341 1848 κᾶν
373 1814 404 1847 εἰ
427 1813 476 1857 μὴ
500 1816 664 1860 γένοιντο
695 1812 786 1858 μετὰ
818 1816 932 1858 ταῦτα
956 1812 1081 1849 παῖδες
1107 1816 1216 1857 αυτῷ,
1247 1811 1270 1858 ἢ
1294 1816 1353 1848 καὶ

271 1856 458 1906 γενόμενοι
481 1857 751 1913 ‘renis-*vrbeatev,c
774 1856 880 1913 οὐδὲν
903 1860 1013 1903 ἦττον
1037 1858 1058 1902 ἡ
1084 1863 1243 1913 προτέρα
1266 1859 1354 1906 γονὴ

1421 1728 1614 1769 conceptos
1638 1724 1811 1768 legitimos
1844 1722 1878 1758 ei
1906 1732 1985 1758 esse
2009 1722 2198 1758 sancimus.
2245 1722 2297 1758 Et
2318 1723 2403 1758 licet
2425 1720 2498 1758 n'on

1421 1772 1617 1804 nascantur
1639 1773 1767 1814 postea
1790 1768 1854 1803 filii
1878 1768 1929 1810 ei,
1961 1772 2024 1803 aut
2048 1767 2154 1803 etiam
2186 1767 2263 1802 nati
2287 1768 2496 1812 moriantur,

1421 1815 1649 1850 nihilominus
1699 1814 1771 1850 rior
1787 1813 1927 1849 soboles
1951 1812 2107 1857 legitima
2123 1812 2297 1848 consistit.
2335 1812 2498 1848 Affectus

1423 1860 1516 1895 enim
1539 1859 1651 1895 circa·
1685 1860 1751 1894 lios
1782 1859 1833 1893 ita
1855 1858 1890 1894 ei
1911 1858 2161 1903 procedentes,
2189 1857 2250 1902 qui
2281 1868 2362 1893 eum
2389 1858 2497 1893 etiam

271 1908 402 1951 γνησία
437 1905 673 1947 καθέστηκεν.
698 1926 702 1929 -
730 1918 754 1954 η
787 1918 855 1951 γαρ
890 1907 973 1958 περὶ
1008 1915 1088 1959 τους
1123 1918 1220 1939 ουτω
1255 1917 1354 1951 γενο·
1367 1908 1409 1941 35
1423 1906 1470 1941 ad
1501 1906 1620 1941 dotale
1650 1904 1857 1950 provocavit
1885 1904 2178 1946 instrumentum,
2209 1903 2287 1948 ipse
2318 1902 2414 1939 dedit
2441 1913 2497 1939 se-

272 1953 396 1993 μένους
416 1947 548 1983 παῖδας
568 1947 668 1992 αὐτῷ
688 1947 864 1989 διάθεσις,
888 1961 966 1993 ητις
987 1963 1100 1983 αυτον
1124 1953 1184 1983 καὶ
1205 1949 1295 1994 πρὸς
1310 1950 1353 1983 τὸ

273 1996 455 2041 προικῷον
487 1992 710 2038 συμβόλαιον
743 1991 973 2041 ἀνηρέθισεν,
1006 1991 1098 2037 αὕτη
1131 1993 1264 2029 δέδωκε
1295 1999 1356 2029 καὶ

329 2099 356 2120 c.
378 2086 471 2120 VIII
490 2087 545 2127 (25
571 2085 625 2118 Εἴ
642 2095 696 2119 τις
720 2082 761 2119 δὲ
783 2085 947 2130 προικῷα
971 2111 1070 2119 .....
1073 2088 1085 2128 )
1110 2086 1226 2129 leqitar
1249 2087 1283 2119 in
1309 2086 1344 2119 B
1369 2087 1422 2127 28,
1442 2093 1519 2127 4,48
1544 2086 1602 2127 (-
1617 2086 1659 2119 32
1678 2084 1906 2128 θεσπίζομεν
1929 2086 1963 2118 in
1987 2084 2036 2118 B³
2061 2085 2097 2117 Γ
2115 2085 2191 2126 1,10
2211 2097 2246 2128 p.
2262 2084 2455 2127 1452αο1ι.)

406 2175 486 2211 VII.
537 2174 666 2210 Tribus
689 2178 809 2210 autem
833 2174 916 2209 aliis
947 2173 1262 2210 constitutionibus
1284 2175 1432 2220 scriptis
1457 2173 1555 2210 Zeno
1587 2172 1730 2219 quidem
1789 2173 1846 2208 iae
1875 2172 2068 2208 memoriae
2097 2171 2190 2207 nibil
2214 2172 2298 2217 fere
2327 2170 2372 2208 de
2394 2172 2500 2208 rebus

271 2221 424 2267 suturis,
455 2220 521 2256 sed
542 2219 586 2255 de
610 2220 682 2254 iam
700 2219 914 2266 praeteritis
936 2220 1074 2254 sancit:
1110 2229 1218 2271 quam
1241 2225 1440 2266 propterea
1466 2223 1604 2254 tantum
1635 2184 1785 2254 inscribli
1813 2218 1917 2265 passi
1937 2228 2070 2260 sumus,
2099 2228 2145 2253 ne
2166 2227 2229 2253 eos
2252 2217 2315 2263 qui
2335 2217 2500 2263 fortasse

272 2277 322 2302 ex
337 2266 402 2302 illa
422 2265 681 2301 constitutione
704 2264 894 2300 utilitatem
916 2268 1124 2310 percepturi
1141 2269 1269 2307 essent,
1295 2265 1382 2311 quia
1398 2264 1482 2300 inde
1497 2264 1543 2299 iis
1560 2263 1686 2310 proles
1709 2263 1975 2306 descenderent,
1999 2261 2069 2298 hac
2084 2262 2240 2298 utilitate
2255 2262 2497 2308 privaremus.

273 2310 579 2355 Quemadmodum
603 2310 789 2346 Anastasii
805 2311 896 2357 piae
919 2310 1112 2345 memoriae
1136 2310 1438 2352 constitutionem,
1463 2320 1557 2356 quae
1577 2308 1766 2344 naturales
1788 2308 1967 2355 adoptare
1985 2307 2175 2354 permittit,
2199 2318 2273 2343 non
2292 2307 2410 2354 maqis
2425 2318 2497 2354 pan

239 2358 243 2363 '
276 2357 384 2393 timur
408 2357 445 2391 in
461 2360 653 2403 posterum
683 2355 861 2391 subiectos
884 2359 1031 2390 nostros
1061 2355 1227 2391 molestia
1251 2355 1415 2401 afficere,
1446 2366 1567 2391 verum
1598 2354 1680 2390 ideo
1714 2358 1853 2389 tantum
1883 2363 1962 2389 eam
1983 2353 2141 2400 positam
2164 2362 2241 2388 esse
2263 2353 2429 2396 sinimus,
2455 2363 2500 2388 ne

274 2402 305 2436 si
328 2413 422 2448 quae
445 2401 529 2437 inde
552 2401 693 2437 utilitas
724 2400 907 2446 aliquibus
929 2400 1157 2447 suppeditat,
1194 2411 1272 2436 eam
1301 2411 1371 2446 per
1402 2401 1499 2447 teqes
1526 2403 1673 2435 nostras
1704 2400 1853 2444 auferre
1883 2397 2087 2433 videamur:
2122 2396 2223 2433 decet
2245 2397 2339 2432 enim
2360 2407 2500 2445 semper

276 2447 358 2483 boni
381 2447 535 2482 alicuius
558 2451 743 2482 auctorem
766 2455 853 2488 esse,
878 2456 993 2491 neque
1017 2456 1099 2482 vero
1123 2456 1218 2492 quae
1241 2446 1278 2480 in
1301 2445 1446 2491 aliquos
1469 2448 1578 2481 antea
1601 2443 1737 2480 collata
1760 2447 1866 2480 erant
1889 2443 2084 2490 perimere.
2131 2441 2227 2478 Nam
2245 2442 2367 2488 patris
2381 2442 2500 2479 nostri

275 2493 565 2527 constitutionem
589 2491 839 2538 amplectimur
869 2495 904 2526 et
934 2491 1119 2537 sapienter
1149 2490 1394 2526 introductam
1424 2495 1458 2526 et
1490 2494 1695 2537 opportune
1709 2489 1890 2536 positam,
1925 2499 2019 2534 quae
2041 2487 2256 2534 adoptiones
2278 2487 2499 2524 naturalium

271 2537 460 2583 prohibuit
480 2537 676 2616 pturiigzum
701 2535 937 2572 absurditatis
961 2536 1131 2572 babentes
1161 2539 1269 2582 atque
1296 2537 1373 2572 sine
1396 2535 1602 2571 discrimine
1625 2534 1812 2570 naturales
1843 2538 2025 2579 tamquam
2048 2532 2206 2569 advenas
2228 2532 2403 2579 quosdam
2426 2531 2500 2568 iuri

277 2584 310 2618 le
336 2583 517 2617 itimorum
540 2593 583 2617 su
608 2583 763 2617 icientes.

310 2594 335 2628 9
411 2627 508 2662 VIII.
555 2626 710 2662 Restant
731 2626 845 2672 iqitur
875 2625 975 2661 modi
1003 2637 1027 2661 a
1057 2625 1160 2661 nobis
1182 2626 1400 2670 excoquam}
1431 2636 1523 2671 quos
1545 2625 1618 2660 iam
1639 2635 1908 2671 persequemur,
1939 2622 2003 2669 qui
2025 2623 2083 2658 ius
2106 2622 2346 2669 leqitimorum
2369 2621 2416 2658 iis
2437 2623 2504 2669 qui

272 2673 381 2720 prius
412 2671 599 2707 naturales
627 2675 733 2707 erant
758 2670 945 2718 praebent.
993 2669 1153 2713 Quorum
1185 2682 1230 2706 ne
1261 2671 1306 2706 de
1335 2670 1562 2706 successione
1593 2670 1735 2716 quidem
1767 2668 2032 2705 laborabimus:
2067 2667 2177 2704 semel
2206 2667 2299 2702 enim
2333 2666 2501 2714 leqitimis

277 2718 392 2764 factis
415 2716 643 2752 concedimus
671 2717 779 2751 etiam
808 2721 850 2751 ut
875 2717 1119 2751 successiones
1149 2715 1232 2751 illas
1257 2715 1423 2758 babeant,
1451 2726 1548 2767 quas
1571 2715 1702 2751 habent
1732 2714 1796 2760 qui
1825 2713 1870 2750 ab
1894 2713 1998 2749 initio
2027 2713 2066 2748 in
2091 2712 2331 2759 quitimorum
2346 2722 2501 2764 pumero

278 2766 372 2798 sunt.
420 2762 460 2797 Si
484 2762 566 2807 quis
589 2761 703 2807 iqitur
726 2772 806 2796 cum
829 2761 978 2796 muliere
1001 2760 1045 2796 ab
1070 2761 1174 2796 initio
1196 2760 1310 2796 libera
1332 2760 1387 2796 vel
1409 2764 1516 2795 ettam
1540 2759 1725 2801 libertina,
1749 2758 1809 2794 cui
1828 2758 1972 2804 quidem
1987 2757 2131 2793 omnino
2148 2757 2376 2792 matrimomo
2397 2757 2499 2803 iunqi

280 2808 374 2850 licet,
398 2818 506 2853 quam
530 2806 751 2842 concubinae
774 2807 853 2841 loco
878 2805 1107 2841 coniunctam
1138 2805 1206 2841 sibi
1230 2805 1401 2846 babebat,
1433 2804 1571 2840 dotalia
1602 2805 1838 2840 instrumenta
1868 2802 2133 2848 conscripserit,
2165 2802 2240 2852 siue
2263 2801 2501 2847 leqitimorum

281 2853 482 2889 liberorum
507 2852 577 2886 iam
599 2856 711 2897 pater
741 2851 905 2887 extiterit
932 2850 1007 2886 sive
1036 2850 1210 2885 eiusmodi
1241 2850 1434 2886 liberorum
1463 2860 1537 2885 non
1565 2849 1612 2884 sit
1635 2853 1759 2895 pater,
1791 2848 1986 2894 leqitimum
2009 2857 2086 2883 esse
2108 2851 2362 2882 mammonam
2393 2849 2502 2893 atque

281 2899 414 2934 liberos
437 2901 471 2933 et
494 2907 585 2943 quos
608 2901 692 2931 ante
714 2896 873 2947 suscepit
895 2901 929 2931 et
951 2896 1015 2941 qui
1039 2897 1076 2930 in
1099 2900 1201 2931 utero
1221 2899 1305 2931 sunt
1329 2895 1505 2941 leqitimos
1528 2895 1562 2929 ei
1583 2905 1660 2929 esse
1682 2893 1898 2943 sancimus..
1921 2891 1971 2927 Et
1994 2891 2074 2927 licet
2089 2896 2221 2938 postea
2238 2890 2348 2943 ,liberi
2369 2892 2404 2927 ei
2426 2902 2501 2927 non

281 2946 489 2984 nascantur,
522 2941 577 2977 vel
599 2942 705 2976 etiam
736 2946 811 2976 nati
837 2941 1052 2982 moriantur,
1082 2940 1314 2975 nibilominus
1337 2940 1448 2986 prior
1476 2939 1600 2985 proles
1630 2938 1789 2985 leqitima
1819 2937 1966 2976 extitit„
1998 2936 2164 2982 Affectus
2185 2946 2280 2971 emm
2308 2946 2385 2972 eius
2411 2947 2502 2983 erqa

283 2990 415 3025 liberos
438 2988 490 3023 ita
514 2988 549 3022 ei
570 2992 687 3028 natos,
712 2986 777 3032 qui
798 2986 915 3031 ipsum
939 2984 988 3020 ad
1011 2985 1133 3020 dotale
1155 2986 1428 3020 instrumentum
1452 2983 1712 3029 conficiendum
1732 2982 1916 3025 excitavit,
1946 2981 2039 3017 idem
2063 2981 2170 3017 etiam
2192 2980 2359 3017 secundis
2382 2981 2503 3017 liberis

338 3082 353 3114 1
387 3078 503 3123 Τριῶν
527 3097 569 3101 -
594 3072 808 3117 διατάξεων]
837 3076 914 3109 God.
930 3078 960 3113 5,
976 3082 1021 3116 27,
1036 3083 1062 3108 5.
1074 3083 1126 3109 6.7
1157 3074 1168 3119 11
1193 3078 1214 3109 4
1236 3071 1281 3109 ὃν
1303 3087 1359 3121 γε-

283 3122 452 3172 γράφθαι
475 3123 518 3156 Μ
536 3118 582 3156 ἂν
604 3120 811 3168 γεγράφθαι
834 3120 879 3153 L¹
911 3116 957 3162 ἢν
977 3115 1045 3153 (ἱνα
1070 3119 1257 3173 εγράφθαιὲ
1278 3120 1326 3153 L2
1348 3119 1360 3164 11

285 3176 304 3206 5
329 3172 480 3204 ἐκείνους
505 3168 551 3202 L¹
571 3168 582 3209 11
606 3170 625 3201 7
651 3163 947 3209 ἀποστερήσομεν
971 3166 1018 3198 L¹
1053 3165 1059 3209 1
1089 3167 1109 3199 9
1133 3164 1214 3198 τοὺς
1237 3167 1360 3208 ημετέ-

285 3227 365 3262 ρους
383 3210 559 3257 ὑπηκόους
575 3213 606 3246 L
623 3212 636 3255 11
656 3214 693 3246 11
713 3212 855 3256 ἐφίεμεν
874 3211 1061 3243 Zachariae
1076 3209 1088 3252 11
1110 3212 1150 3244 18
1171 3207 1360 3252 ἐπήλυδας]

285 3259 522 3345 ’ἶρῖἒῗιλῖξοῗ
544 3272 569 3291 “”
590 3271 633 3336 ²³¹2
646 3257 694 3336 Εἰ
708 3257 796 3340 113τῖἷῖ
817 3255 1042 3335 Ξέοἶὲἷᾞῖζῗῗ
1065 3256 1096 3308 {³
1114 3253 1362 3342 Lff'ffissf

287 3328 398 3386 οῦσαν
416 3315 714 3392 οηιῗςῖιόιὺῗειῖῢ
729 3347 741 3391 11
760 3348 802 3381 29
816 3314 1017 3386 καθεστώςᾏ
1036 3313 1191 3391 γεέἴονώς
1205 3345 1254 3378 B·
1269 3358 1297 3379 v.
1313 3346 1333 3378 l.
1351 3345 1363 3389 11

287 3401 328 3433 37
351 3392 453 3439 αὕτη]
477 3397 549 3439 ipse
574 3396 608 3435 (i.
625 3407 651 3427 e.
669 3388 772 3435 αὐτὴ)
798 3404 816 3428 ς
833 3391 845 3435 11
862 3393 921 3424 καὶ
946 3404 1004 3424 om.
1019 3402 1038 3426 ς

1427 3073 1596 3115 aliquibus
1618 3072 1698 3105 inde
1721 3073 1830 3115 posita
1850 3071 1900 3105 V’
1916 3071 1929 3115 11
1949 3074 1985 3106 11
2012 3071 2191 3104 uideantur
2211 3070 2260 3104 V¹
2278 3069 2291 3115 11
2308 3071 2349 3105 12
2365 3069 2503 3113 aliquod

1436 3119 1576 3162 Vvulq]
1601 3117 1730 3159 aliquid
1750 3118 1819 3151 ΒΤ
1831 3117 1843 3160 11
1860 3119 1939 3159 non]
1960 3119 1993 3150 et
2011 3127 2079 3149 non
2097 3117 2129 3150 Τ
2140 3115 2152 3161 11
2174 3118 2214 3151 13
2235 3126 2273 3149 ea
2292 3117 2388 3158 quae]
2413 3115 2502 3150 enim

1428 3173 1554 3206 semper
1570 3166 1709 3206 (semper
1725 3163 1786 3196 del.
1801 3161 1863 3205 R0)
1880 3172 1918 3195 ea
1930 3162 1977 3195 R·
1994 3162 2007 3205 11
2024 3162 2251 3205 praeexistunt
2270 3162 2356 3205 vulq.
2373 3160 2386 3205 Ι
2402 3160 2501 3195 desti·

1429 3212 1522 3242 tuere
1535 3208 1569 3241 R
1579 3206 1591 3252 11
1606 3209 1647 3241 14
1660 3208 1911 3251 appropriamns
1925 3207 1970 3240 Τι
1981 3205 1994 3251 11
2006 3210 2187 3249 temperare
2202 3207 2246 3240 T¹
2262 3207 2419 3250 temptate
2430 3205 2478 3239 13¹
2474 3204 2507 3285 41

1432 3255 1472 3290 15
1485 3255 1581 3296 quae]
1598 3263 1696 3294 quem
1708 3252 1757 3286 Β*
1773 3253 1786 3296 11
1806 3253 1846 3287 16
1858 3252 2034 3285 multatam
2050 3252 2081 3285 V
2093 3251 2106 3295 11
2124 3253 2166 3286 20
2179 3251 2296 3293 igitur]
2312 3261 2393 3285 uero
2414 3251 2464 3285 1⁷⁰

1429 3309 1509 3332 uero
1528 3299 1634 3340 igitur
1650 3298 1684 3331 R
1702 3297 1714 3341 11
1730 3298 1773 3332 22
1795 3298 2000 3331 successione
2023 3296 2077 3337 Vll
2097 3298 2138 3331 23
2159 3307 2219 3330 nos
2239 3296 2291 3331 V³
2308 3295 2321 3340 11

1427 3354 1502 3377 mus
1524 3344 1608 3385 libri,
1629 3356 1712 3377 corr.
1727 3344 1813 3387 vuly.
1829 3343 1842 3385 11

1429 3388 1492 3422 filii
1509 3387 1562 3433 Τ11
1582 3389 1623 3422 26
1636 3388 1766 3432 princio
1780 3389 1813 3422 R
1829 3387 1841 3432 11
1859 3387 2010 3421 libertam
2024 3389 2056 3421 R
2067 3388 2113 3429 V]
2130 3388 2171 3420 ad
2183 3386 2337 3420 libertam
2353 3386 2474 3430 Tvulq.

1431 3435 1472 3468 27
1486 3434 1578 3467 omni
1598 3433 1644 3467 V¹
1661 3435 1673 3477 11
1692 3434 1734 3468 28
1749 3434 1808 3477 129.
1823 3433 1988 3466 schemata
1998 3431 2156 3478 (sociata)
2167 3431 2255 3465 sibi?
2268 3433 2324 3476 (ef.
2338 3431 2475 3473 44217)

1431 3480 1473 3513 29
1489 3480 1508 3501 *
1518 3478 1663 3512 filiorum
1678 3489 1746 3512 non
1761 3478 1879 3511 talium
1897 3480 2001 3520 pater]
2026 3478 2170 3511 filiorum
2186 3476 2391 3510 naturalium
2407 3476 2501 3519 pater

1430 3525 1593 3568 RTvalq.
1625 3521 1722 3567 pater
1741 3523 1888 3557 filiorum
1911 3523 2116 3557 naturalium
2138 3522 2201 3574 ῐ711
2228 3523 2270 3556 30
2294 3521 2346 3554 vel
2369 3530 2501 3563 praeoe-

1430 3570 1556 3611 dentes]
1579 3569 1631 3602 vel
1655 3582 1713 3603 om.
1736 3570 1769 3603 V
1787 3569 1799 3612 11
1828 3571 1871 3603 32
1895 3569 1926 3601 ei
1949 3573 2009 3602 aut
2031 3569 2143 3609 etiam]
2168 3578 2199 3600 ei
2221 3570 2281 3600 aut
2304 3568 2426 3607 (autem
2439 3565 2501 3607 13¹)

2336 3295 2501 3330 laboraui-

333 3488 353 3520 2
366 3487 406 3519 de
423 3485 559 3526 futuris]
577 3484 743 3517 defunctis
763 3482 814 3516 17¹
829 3482 842 3526 11
860 3481 1003 3524 '’paene]
1020 3480 1118 3524 plene
1135 3480 1214 3514 libri
1234 3478 1246 3523 11
1264 3481 1284 3514 3
1296 3479 1362 3511 iam

287 3533 326 3565 de
348 3532 404 3575 ῐ711
420 3531 620 3574 praeteritis]
647 3529 713 3572 ptis
738 3529 771 3562 T
784 3527 796 3571 11
812 3530 831 3562 5
856 3527 956 3570 quod]
982 3537 1019 3559 eo
1043 3526 1132 3568 quod
1160 3525 1209 3558 Τ2
1225 3525 1237 3568 11
1255 3526 1275 3558 6
1294 3524 1362 3567 pri-

287 3588 442 3610 uaremur
459 3577 505 3609 T¹
523 3575 535 3618 11
555 3578 573 3609 7
598 3575 684 3618 piae]
707 3573 841 3617 proprie
863 3573 912 3607 V¹
928 3572 941 3616 11
960 3571 1109 3614 adopt-0
1128 3570 1179 3604 13²
1194 3570 1206 3614 11
1225 3571 1245 3604 8
1266 3581 1362 3613 opor-

288 3626 402 3655 tunam
423 3623 455 3654 V
457 3621 471 3641 ³
489 3623 500 3660 11
525 3623 544 3653 9
569 3621 710 3662 positam
735 3632 792 3652 om.
808 3619 841 3651 R
857 3618 869 3662 11
891 3616 1049 3650 scinimus
1064 3617 1094 3649 R
1115 3616 1293 3648 siniuimus
1315 3615 1362 3648 V¹

288 3667 452 3701 sinuimus
477 3666 526 3701 T¹
558 3665 697 3698 sinimus
723 3663 772 3698 Τ2
790 3663 803 3708 11
830 3665 870 3701 10
895 3674 914 3696 a
930 3662 1052 3706 quibus
1076 3662 1112 3697 in
1129 3671 1164 3694 re
1181 3661 1289 3706 posita
1315 3660 1362 3695 V¹
1432 3660 1548 3695 cedens
1573 3661 1658 3703 libri,
1683 3672 1766 3694 corr.
1779 3660 1872 3694 Beck
1890 3659 1902 3704 11
1918 3661 1960 3693 35
1984 3659 2136 3692 secundis
2159 3670 2217 3692 om.
2232 3657 2283 3691 Τι

1861 3343 1905 3377 24
1920 3342 2085 3385 legitimos
2105 3355 2164 3376 om.
2180 3342 2226 3375 R*
2244 3342 2256 3385 11
2272 3343 2314 3376 25
2331 3342 2379 3383 hi]
2404 3340 2455 3374 hii
2469 3340 2503 3375 R
2559 3341 2561 3347 '

1431 3616 1529 3648 etiam
1551 3615 1581 3648 ei
1600 3615 1670 3648 ΒΤ
1693 3614 1792 3647 etiam
1810 3617 1869 3646 aut
1887 3615 1917 3647 ei
1938 3614 1994 3658 Vn
2012 3615 2052 3648 33
2074 3612 2256 3646 consistens
2278 3612 2311 3645 T
2323 3611 2338 3656 11
2359 3611 2403 3645 34
2425 3620 2501 3653 prov
2565 3664 2571 3668 ί
