2592 3840
63 144 124 175 DE
150 141 479 175 DONATIONTBUS
510 143 540 173 A
569 141 841 175 cumALmus

1142 123 1229 171 487

2003 122 2111 166 Now
2141 119 2197 166 (21
2225 136 2287 178 pr.

65 244 282 287 κρινομένου.
322 244 536 288 κρατοῦντος
551 239 592 276 δὲ
606 242 671 276 τοῦ
687 239 799 285 νόμου
815 241 970 274 ἐπὶτῶν
987 236 1140 284 ὕστερον
1207 238 1284 281 lege
1319 247 1428 282 super
1461 237 1516 273 his
1555 246 1646 282 quae
1678 237 1806 282 postea
1841 235 1987 270 futurae
2021 237 2105 269 sunt
2133 244 2181 287 nu
2207 233 2286 275 tiis;

65 290 250 331 εἰσομένων
271 288 419 334 γάμων·
459 289 520 321 ἐπὶ
542 285 613 331 γὰρ
631 287 709 340 ‘⁰32'
733 281 989 324 συνεστώτων,
1019 285 1051 317 σι’
1073 285 1141 328 μὲν
1209 292 1318 327 super
1346 283 1403 318 his
1432 283 1525 318 enim
1556 292 1649 327 qnae
1680 285 1864 320 constant.
1901 279 2075 324 siquidem
2106 289 2175 314 resi
2201 288 2286 313 uum

66 329 264 366 ὑπόλοιπός
295 335 396 367 ἐστιν
426 329 447 376 ἡ
477 330 643 366 &exmia
673 344 696 372 η
724 327 787 364 οὐκ
811 328 975 363 ἐλάττων
998 327 1141 368 (inertas,

1209 331 1265 362 est
1288 327 1497 363 decennium
1519 332 1585 362 aut
1604 337 1676 363 non
1698 327 1814 362 minus
1836 325 2036 366 biennium,
2061 325 2130 359 hoc
2154 324 2285 358 habeat

67 378 202 412 τοῦτον
223 379 332 420 ἐχέτω
349 377 417 412 τὸν
430 376 562 422 χρόνον
577 378 638 411 ἐπὶ
653 376 697 422 τῇ
714 372 923 421 ἀναργυρίᾳ,
945 371 1022 417 ἥτις
1041 371 1140 416 αὐτῷ
1208 375 1349 417 tempus
1382 372 1421 407 in
1454 383 1527 408 non
1563 374 1749 408 numeratu
1783 371 1954 417 pecunia,
1989 369 2096 422 quod.
2115 369 2151 422 ei
2177 368 2284 420 etism

66 425 127 455 καὶ
149 422 219 466 τὴν
242 423 494 468 παραπομπὴν
517 419 684 456 δίδωσιν·
708 421 741 454 εἰ
763 419 803 454 δὲ
825 418 1024 462 ἢέλάττων
1040 415 1141 461 αὐτῷ·
1176 421 1196 453 5
1209 417 1512 453 transmissionem
1530 417 1642 453 dabit.
1684 417 1721 453 Si
1744 426 1827 453 vero
1847 419 1911 452 aut
1928 415 2045 468 minus
2066 424 2099 450 e1
2117 415 2283 449 blenmno

66 468 130 510 τῆς
148 465 282 502 &aazias
303 465 538 502 ὑπολείπεται
554 466 685 518 χρόνοξ
702 463 727 508 ἢ
744 468 807 519 καὶ)
823 465 949 507 ἐξῆκεν
963 461 983 498 ὁ
999 463 1142 508 σύμπας
1208 462 1380 507 reliquum
1414 465 1470 498 est
1500 466 1639 507 tempus
1670 464 1735 498 aut
1756 462 1863 498 etism
1885 462 2041 497 excessit
2062 462 2177 495 totum
2201 459 2282 493 dec-

67 513 129 555 τῆς
157 510 340 546 δεκαετίας
367 511 504 556 καιρός,
538 523 736 554 τηνικαυτα
765 514 883 544 αυτοῖς
911 512 979 553 μὲν
1003 507 1140 563 διετίαν

67 554 215 601 δίδομεν
236 558 286 591 εἰς
306 557 349 591 τὸ
369 557 589 602 μέμψασθαι
612 556 656 598 τῆ
682 551 899 608 ἇναρχυρίᾳ,
919 557 992 589 τοῖς
1015 551 1056 588 δὲ
1077 567 1139 587 αυ-

1208 508 1303 542 ennii
1335 512 1493 552 tempus,
1527 510 1613 543 tunc
1648 508 1736 553 ipsis
1771 507 1913 552 quidem
1946 505 2128 542 biennium
2159 504 2283 538 damus

1208 553 1255 588 ad
1283 553 1463 598 querelam
1486 562 1558 587 non
1581 556 1788 588 numeratae
1811 551 1994 597 pecuniae,
2018 559 2141 585 eormn
2163 551 2283 583 autem

66 603 144 635 τῶν
170 600 399 647 κληρονόμοις
427 601 520 656 μετὰ
553 592 715 635 διάλυσιν
743 613 808 634 του
832 600 946 646 γάμου
970 600 1056 634 εἴσω
1078 599 1141 642 τῆς
1208 597 1399 633 heredibus
1429 601 1466 632 et
1495 600 1578 643 post
1607 595 2055 649 solutionem-matrimonii
2084 595 2178 629 intra
2209 597 2282 628 tres

66 647 256 691 τριμήνου,
288 647 349 680 ἵνα
380 644 440 680 δια
473 645 627 681 πάντων
650 643 769 679 αὐτοῖς
791 644 835 679 τὸ
860 644 1000 679 δίκαιον
1030 642 1139 691 φυλά-
1156 646 1196 677 10
1208 653 1358 683 menses,
1383 646 1424 676 ut
1446 652 1512 687 per
1534 643 1653 678 omnia
1676 643 1727 677 eis
1749 642 1922 677 iustitium
1946 650 2135 677 servemus.

68 691 203 781 §negat
212 740 227 770 ι’
231 736 252 770 λ
261 749 281 771 ο
287 735 387 783 νος.)
431 736 480 769 Τὰ
497 739 621 769 τοίνυν
636 734 879 780 παραστάντα
898 731 984 778 ἡμῖν
999 737 1059 768 καὶ
1078 731 1139 767 διὰ

66 779 171 815 τοῦδε
195 783 258 815 τοῦ
284 782 387 815 &slav
411 778 612 824 δηλούμενα
634 780 745 824 νόμου
768 779 790 823 ἦ
812 780 856 823 σὴ
874 776 1028 825 ὑπεροχὴ
1046 781 1070 812 ἕ
1108 791 1138 821 ῳ

66 829 127 859 καὶ
148 828 277 872 πέρατι
300 838 329 860 π
377 824 528 860 αδοῦναι
552 824 757 860 σπευσάτω.
812 825 896 860 Dat.
910 835 991 859 1111.
1007 825 1044 859 k.
1080 835 1138 858 an.

67 871 136 906 ΟΡ.
152 871 272 918 (imp.)
288 838 381 907 dut-15

66 926 99 951 V·
119 926 150 951 c-
175 926 271 952 00118.

576 1075 630 1118 ᾗ

270 1150 445 1203 ΠΕΡΙ
476 1148 936 1203 ΒΟΥΛΕΥΤῼΝ.

67 1428 223 1477 Ἐγράφη
242 1427 394 1478 Ἰωάννῃ
417 1432 470 1474 τῷ
490 1429 715 1473 ἐνδοξοτάτῳ
740 1429 883 1475 ἐπάρχῳ
907 1434 1142 1476 πραιτωρίων

122 1476 164 1509 τὸ
178 1475 226 1519 β’,
251 1472 324 1510 ἀπὸ
351 1475 504 1510 ὑπάτων
527 1473 781 1521 (ὃρδιναρι’ων>
810 1479 869 1509 καὶ
894 1479 1083 1523 πατρικίῳ.

120 1544 178 1587 <11
180 1555 253 1588 ροο
261 1546 277 1576 ι’
281 1557 308 1587 μ
318 1557 330 1576 ι
338 1556 358 1576 ο
367 1543 418 1586 ν.)
463 1541 584 1586 Καλῆς
614 1541 700 1587 ἡμῖν
729 1543 949 1586 νομοθεσίας
976 1539 1143 1589 ἀφορμὴν

1274 731 1545 778 (Epilogus.)
1596 730 1695 775 Quae
1728 731 1839 775 igitur
1865 731 2081 776 placuerunt
2110 730 2213 765 nobis
2249 732 2284 763 et

1208 787 1272 822 per
1295 778 1388 812 hanc
1411 786 1551 811 sacram
1571 775 1753 811 declarata
1776 779 1862 811 sunt
1881 777 2002 820 legem.
2027 778 2092 810 tua
2111 774 2282 810 celsitudo

1207 822 1397 858 manifesta
1419 821 1582 856 omnibus
1611 821 1730 856 facere
1752 821 1906 856 festinet.
1998 821 2082 855 Dat.
2107 830 2183 855 xvx.
2208 819 2281 854 kal.

382 871 552 906 ustiniani
575 882 635 916 pp.
655 872 746 915 Aug.
771 881 865 905 anno
878 870 976 905 XIII.
999 869 1140 956 Apicii}
1154 868 1283 954 1553g212n.
1300 865 1699 948 §Qp'zggithfftiniani
1718 877 1780 911 pp.
1802 868 1893 911 Aug.
1911 876 2005 901 anno
2022 865 2118 900 XIII.
2144 865 2284 910 Apione

1716 1079 1762 1115 cI

1369 1150 1420 1198 R
1461 1150 1555 1198 DE
1590 1108 2105 1198 DONATIONIBUS

1205 1218 1251 1266 A
1285 1215 1693 1267 OURIALIBUS
1729 1214 1973 1266 FACTIS
2012 1215 2160 1265 sins
2196 1216 2283 1263 AB

1151 1283 1600 1335 201NTESTATO
1642 1284 1775 1332 VEL
1817 1282 2283 1333 TESTAMENTO

1289 1351 1527 1402 EORUM
1573 1350 2117 1402 SUCCESSORIBUS
2157 1351 2211 1399 R

1363 1430 1460 1465 Idem
1483 1430 1574 1473 Aug.
1599 1428 1752 1464 Iohanni
1774 1439 1834 1474 pp.
1857 1439 1921 1474 per
1944 1428 2134 1464 Orientem.

1253 1542 1299 1588 <P
1308 1553 1326 1578 ι·
1334 1552 1356 1577 a
1365 1542 1436 1577 efa
1443 1541 1541 1586 tio.)
1580 1542 1703 1577 Bonae
1723 1541 1827 1577 nobis
1848 1541 2043 1576 sanctionis
2060 1540 2284 1576 occasionem

69 1589 287 1633 προςέλευσίς
302 1600 418 1622 τινων
434 1585 567 1622 δέδωκε
584 1587 798 1633 βουλευτῶν,
819 1592 878 1622 καὶ
898 1586 1007 1622 τόνδε
1021 1587 1142 1622 ποιού-
1155 1589 1196 1622 25
1211 1588 1434 1632 quorundam
1470 1587 1655 1622 curialium
1688 1586 1930 1631 interpellatio
1966 1585 2081 1624 dedit.
2120 1588 2158 1621 et
2191 1585 2285 1620 hanc

67 1633 168 1677 μεθα
187 1632 255 1667 τὸν
278 1630 389 1676 νόμον
411 1629 476 1666 οὔκ
499 1634 563 1667 ἐπί
582 1647 696 1667 τινων
719 1633 937 1677 βουλευτῶν,
968 1630 1047 1667 ἀλλ’
1081 1635 1141 1668 ἐπὶ

67 1679 113 1725 τῇ
134 1675 284 1720 ὑπηκόῳ
308 1678 417 1725 πάσῃ,
443 1677 589 1724 λέγομεν
609 1676 648 1711 δὲ
663 1675 753 1712 ὅσον
768 1692 808 1713 τε
823 1679 914 1723 πρὸς
929 1679 1025 1721 ἑῴαν
1041 1680 1142 1713 ἐστὶν

67 1726 128 1756 καὶ
150 1719 239 1757 ὅσον
263 1721 433 1767 δυόμενος
455 1719 552 1766 ἥλιος
575 1724 689 1770 ἐφορᾷ
708 1726 767 1757 καὶ
790 1720 879 1758 ὅσον
902 1725 941 1758 ἐκ
960 1724 1037 1757 τῶν
1052 1723 1141 1759 πλα-

1209 1635 1322 1677 legem
1356 1632 1507 1668 facimus
1541 1642 1615 1667 non
1647 1631 1694 1666 nd
1729 1631 1902 1676 quosdam
1938 1631 2106 1674 curiales,
2142 1631 2205 1666 sed
2239 1630 2286 1665 ad

1210 1688 1332 1714 omnes
1357 1678 1416 1723 qui
1439 1677 1543 1713 nobis
1567 1677 1774 1718 oboediunt,
1799 1676 1946 1711 dicimus
1969 1679 2089 1711 autem
2113 1677 2284 1720 quantum

1210 1724 1352 1768 quidem
1388 1724 1434 1758 ad
1469 1723 1642 1758 orientem
1676 1726 1731 1757 est
1764 1726 1801 1757 et
1828 1724 2000 1775 quantum
2036 1721 2090 1757 sol
2119 1720 2285 1756 occidens

68 1771 159 1812 γίιυν
182 1768 411 1814 ἑκατέρωθέν
431 1769 539 1802 ἐστιν.
581 1767 703 1811 ἐπειδὴ
719 1769 789 1815 γὰρ
805 1766 1052 1803 ἐσπούδασται
1068 1773 1142 1802 τοῖς
1209 1768 1356 1814 respicit
1397 1772 1434 1803 et
1474 1770 1646 1813 quantum
1690 1777 1734 1802 ex
1774 1770 1961 1811 utnusque
2001 1766 2175 1802 lateribus
2218 1770 2283 1801 est.

70 1813 139 1858 πρὸ
166 1810 268 1856 ἡμῶν
290 1813 337 1847 τὰ
361 1816 442 1859 περὶ
457 1814 534 1847 τῶν
549 1813 753 1857 βουλευτῶν
768 1815 922 1848 καὶτῶν
938 1812 1142 1848 ἐπιδόσεων
1154 1815 1197 1847 30
1209 1814 1383 1858 Quoniam
1422 1814 1516 1849 enim
1557 1812 1760 1848 sollicitudo
1801 1812 1871 1847 fuit
1908 1813 1958 1847 eis
1998 1813 2059 1857 qui
2097 1815 2181 1847 ante
2218 1822 2285 1846 nos

71 1859 145 1892 τῶν
167 1859 216 1891 εἰς
238 1858 300 1892 τὰς
316 1857 456 1903 βουλάς,
479 1862 539 1891 καὶ
556 1862 649 1892 τίνες
662 1860 730 1903 μὲν
745 1858 910 1893 ἕλκονται
926 1859 1015 1904 πρὸς
1030 1858 1142 1902 τύχην

67 1902 300 1947 βουλευτικὴν
314 1907 409 1937 τίνες
424 1901 463 1937 δὲ
481 1902 766 1949 ἐλευθεροῦνται,
785 1906 897 1938 ἐκεῖνο
915 1904 1140 1949 θεσπίζομεν

68 1947 111 1983 τὸ
145 1946 271 1982 ἄδειαν
298 1947 391 1982 εἶναι
421 1951 493 1982 τοῖς
515 1947 720 1992 βουλευταῖς
742 1946 784 1983 οὗ
805 1950 921 1993 μόνον
943 1950 1006 1993 τῆς
1030 1946 1138 1993 αὐτῆς

1208 1860 1355 1894 fuerunt
1386 1858 1431 1894 de
1461 1858 1654 1894 curialibus
1678 1862 1714 1893 et
1737 1857 1781 1892 de
1804 1857 2054 1893 collationibus
2077 1857 2114 1892 in
2137 1856 2284 1895 curium,

1207 1904 1277 1950 (et)
1306 1904 1367 1949 qui
1397 1905 1482 1939 sunt
1510 1904 1572 1949 qui
1600 1903 1793 1938 trahuntur
1821 1902 1868 1937 sd
1899 1904 2053 1942 curiam.
2083 1902 2143 1948 qui
2166 1906 2285 1937 sutem

1208 1953 1293 1986 sunt
1316 1949 1378 1994 qui
1394 1954 1583 1991 exuuntur,
1607 1948 1696 1983 illud
1712 1947 1901 1991 sancimus,
1925 1948 2103 1983 licentiam
2127 1957 2207 1983 esse
2223 1958 2284 1982 cu·

136 2039 220 2072 Νου.
249 2039 299 2072 C'I
323 2040 486 2080 (Anthent.
516 2040 578 2080 CI)
606 2040 731 2073 Graece
757 2048 844 2073 extat
868 2041 900 2072 in
925 2040 1006 2073 ML.
1032 2059 1075 2065 -—
1098 2041 1189 2084 Epit.
1215 2041 1335 2073 Theod.
1362 2042 1438 2081 101,
1470 2040 1591 2073 Athan.
1617 2042 1649 2079 8,
1670 2048 1697 2073 5.
1744 2039 1867 2072 Iulian.
1892 2045 1990 2071 const.
2014 2039 2149 2073 XCIV.

68 2128 196 2169 minor,
219 2138 330 2162 causa
353 2127 553 2162 dirimatur.
601 2131 718 2173 Atque
740 2128 803 2163 lex
826 2129 863 2163 in
886 2129 1122 2164 matrimoniis
1143 2134 1273 2181 postea
1294 2129 1436 2174 suturis
1458 2128 1595 2164 valeat:
1629 2127 1668 2161 in
1697 2126 1743 2161 iis
1772 2126 1865 2161 enim
1896 2136 1991 2171 quae
2012 2126 2084 2160 iam
2106 2132 2284 2168 constant,

69 2172 103 2207 si
130 2172 272 2218 quidem
296 2171 502 2208 decennium
524 2172 702 2218 reliquum
726 2178 865 2208 est‘aut
887 2183 961 2208 non
981 2175 1098 2208 minus
1121 2173 1274 2215 ὺιεηηίο,
1299 2172 1368 2208 hoc
1392 2179 1530 2219 tempus
1552 2172 1684 2207 habeat
1705 2170 1755 2205 ad
1777 2171 1958 2217 querelam
1981 2181 2055 2205 non
2077 2177 2286 2207 numeratae

67 2217 264 2263 pecuniae,
294 2227 387 2262 quae
408 2218 441 2251 ei
463 2217 571 2251 etiam
596 2218 900 2253 transmissionem
918 2223 1110 2269 praestan
1138 2219 1171 2252 si
1192 2229 1275 2254 vero
1299 2221 1363 2252 aut
1385 2218 1503 2252 minus
1525 2217 1667 2252 biennio
1693 2220 1831 2295 temdssus
1852 2215 2069 2261 relinquitur
2091 2220 2156 2250 aut
2177 2218 2284 2251 etiam

72 2266 185 2296 totum
207 2261 369 2296 decennii
393 2266 531 2307 tempus
561 2262 672 2304 exiit,
706 2267 779 2296 tum
801 2262 891 2313 ipsis
913 2262 1054 2308 quedem
1078 2263 1258 2298 biennium
1281 2262 1409 2297 damus
1431 2261 1480 2296 ad
1502 2261 1721 2307 querendum

1810 2271 1885 2295 non
1908 2265 2097 2311 numerata
2111 2262 2284 2307 pecunia,

73 2305 261 2341 heredibus
291 2311 409 2341 autem
439 2316 563 2340 eorum
587 2312 676 2352 post
705 2307 918 2341 solutnonem
946 2308 1168 2342 matrimonii
1199 2308 1307 2342 trium
1331 2307 1502 2342 mensium
1524 2307 1701 2353 spatium,
1734 2310 1774 2339 ut
1801 2315 1871 2351 per
1894 2306 2015 2340 omnia
2038 2305 2084 2339 iis
2105 2316 2286 2342 servemus

71 2350 172 2396 quod
191 2352 324 2385 iustum
346 2355 410 2386 est.

208 2395 446 2441 Epiloqus.
501 2394 599 2437 Quae
623 2397 733 2442 iqitur
757 2395 859 2431 nobis
879 2396 1095 2442 placuerunt
1117 2400 1153 2432 et
1169 2408 1240 2443 per
1263 2397 1357 2431 hane
1379 2405 1521 2431 sacram
1549 2395 1659 2441 leqem
1682 2394 1917 2429 declarantur
1938 2398 1999 2429 tua
2020 2395 2220 2431 sublimitas
2238 2397 2287 2432 ad

73 2450 166 2487 opus
187 2440 424 2486 effectumque
446 2441 625 2476 adducere
646 2441 799 2476 studeat.

1151 2574 1203 2610 C'I

893 2642 997 2692 DE
1029 2602 1464 2693 CURJALJBIJS.

162 2719 311 2767 Scripta
334 2724 387 2756 est
409 2720 566 2756 Iohanni
587 2721 850 2767 qlon’osissimo
873 2721 1063 2766 praesecto
1086 2722 1275 2767 praetorio
1299 2721 1444 2763 iterum,
1469 2731 1519 2755 ex
1542 2719 1689 2755 consule
1711 2719 1946 2767 (ordinario)
1968 2725 2004 2757 et
2024 2723 2192 2768 patr-icto.

210 2788 468 2839 Praefatio.
516 2787 647 2823 Bonae
668 2787 772 2823 nobis
795 2787 884 2840 leqis
905 2787 1080 2839 ferendae
1103 2790 1245 2835 copiam
1268 2787 1366 2823 dedit
1387 2788 1482 2823 inter
1508 2787 1631 2840 ellatio
1655 2788 1911 2840 nonnullorum
1935 2789 2137 2831 cur-iactum,
2163 2790 2285 2836 itaque

73 2832 168 2869 hane
191 2834 302 2879 quem
324 2833 483 2878 facimus
505 2844 579 2868 non
603 2833 647 2868 de
670 2833 854 2868 nonnullis
877 2832 1084 2874 curialibus,
1112 2833 1176 2868 sed
1197 2833 1241 2868 de
1263 2834 1433 2869 universa
1479 2843 1596 2868 acione
1619 2837 1756 2874 nostra,
1779 2833 1916 2868 scilicet
1940 2838 1975 2868 et
1997 2845 2091 2879 quae
2115 2836 2284 2870 orientem

73 2889 197 2914 versus
215 2883 319 2914 estet
334 2889 442 2924 quam
461 2878 628 2913 occidens
649 2879 708 2913 sol
722 2878 852 2913 lustrat
875 2884 910 2913 et
930 2888 1023 2924 quae
1046 2878 1091 2913 ab
1114 2883 1267 2924 utroque
1290 2878 1402 2914 latere
1420 2883 1482 2913 est.
1530 2877 1707 2920 Quoniam
1726 2878 1820 2913 enim
1841 2889 1864 2912 a
1884 2877 2130 2914 decessoribus
2152 2881 2285 2914 nostris

74 2934 186 2969 opera
208 2922 295 2958 data
324 2926 378 2958 est
399 2923 445 2957 iis

75 2967 267 3003 trahantur
296 2967 443 3013 quinam

139 3070 155 3102 1
181 3065 221 3101 δὲ
236 3069 340 3110 MB1]
364 3065 469 3102 τοῦδε
484 3069 594 3106 ΕΒῙς
610 3069 623 3113 ΙΙ
648 3071 668 3103 2
691 3067 818 3115 γάμων
841 3082 900 3102 om.
918 3068 994 3123 B‘Jl
1018 3071 1038 3103 3
1062 3064 1141 3110 οὐχ’

77 3110 239 3146 ἑλάττων
262 3114 307 3146 Μ
315 3114 329 3158 Ι
347 3117 367 3148 5
391 3112 546 3147 ἔλαττον
570 3115 601 3147 L
620 3117 630 3154 11
650 3116 690 3149 10
712 3112 756 3147 τὸ
778 3111 918 3147 δίκαιον
942 3115 1060 3147 αυτοῖς
1079 3115 1110 3146 L
1134 3114 1145 3157 ΙΙ

79 3158 120 3191 13
137 3157 229 3202 ἔργω
244 3160 304 3190 καὶ
319 3160 447 3204 πέρατι
462 3156 689 3203 παραδοῦναι
703 3160 760 3200 Μ]
778 3158 915 3204 φανερὰ
929 3159 1021 3191 πᾶσι
1037 3171 1143 3191 κατα-

78 3201 207 3253 στῇσαι
231 3203 283 3238 Le
298 3202 377 3256 [14
398 3206 518 3237 subscr.
541 3218 598 3237 om.
623 3205 683 3238 lul.
699 3206 711 3246 u
729 3213 808 3238 xm.
834 3205 867 3236 k.
891 3204 982 3236 iann.
1004 3205 1050 3236 J!
1074 3203 1143 3246 πρὸ

79 3243 1028 3335 saffrensi?.:1{²'¹.21....¹5.”·.}5¹;..:,¹:32.5.
1047 3260 1145 3337 ,51:122

80 3334 265 3368 Zachariae
288 3348 353 3378 qua
375 3337 547 3371 XCVIII.
572 3339 714 3376 XCIX)
729 3336 757 3380 ‘u
789 3341 829 3373 15
853 3349 903 3381 cp.
929 3339 1000 3379 (om.
1025 3341 1056 3380 ς)
1087 3338 1142 3371 dn-

79 3378 159 3411 inst.
182 3388 238 3422 pp.
261 3389 336 3421 sug.
361 3381 404 3414 M
408 3393 438 3420 ς,
476 3381 657 3424 βασιλείας
683 3380 936 3417 Ἰουστινιανοῦ
961 3385 1054 3424 Am,
1086 3396 1143 3416 om.

83 3424 202 3456 Theod.
219 3423 233 3466 Ι
259 3434 347 3456 anno
370 3424 459 3458 XIII
484 3427 610 3480 Apione
628 3439 677 3461 vc.
700 3428 833 3462 consule
850 3431 907 3468 (ς),
929 3426 972 3460 τὸ
990 3426 1036 3472 ιγ’
1053 3424 1143 3461 ὑπα-

80 3469 177 3500 retae.-
195 3462 368 3520 Ἀστίωνος
386 3470 475 3510 ΔΜ]
497 3475 652 3514 marsia
669 3471 829 3507 Ἀπίονος
854 3474 985 3512 Theoti„
999 3486 1057 3505 om.
1071 3474 1116 3505 M
1133 3473 1145 3516 ss

83 3513 125 3546 22
139 3514 233 3545 inscr.
257 3514 287 3546 0
302 3510 406 3547 αὐτὸς
425 3514 588 3556 βασιλεὺς
609 3518 661 3558 τῷ
681 3514 780 3559 αὐτῷ
794 3518 868 3550 Ath.
883 3518 937 3559 (cs.
951 3519 982 3558 ς’)
998 3517 1011 3560 ΙΙ
1029 3519 1070 3551 23
1084 3515 1143 3561 όρ-

83 3553 257 3609 {waplam
282 3559 399 3591 addidi
418 3555 624 3605 (ὀρδιναρίῳ
650 3565 725 3596 add.
750 3562 949 3602 Zachariae)
979 3562 992 3604 fl
1019 3563 1061 3595 28
1085 3565 1145 3594 καὶ

82 3611 172 3634 οσον
192 3598 359 3645 δυόμενος
381 3622 424 3627 -
448 3606 490 3637 29
514 3605 613 3638 ἐστιν
639 3608 700 3647 Le]
726 3620 782 3639 om.
808 3606 853 3639 M
871 3605 884 3648 Ι
912 3607 952 3640 31
977 3606 1041 3638 τὰς
1062 3609 1142 3649 βου-

83 3644 156 3687 λάς]
181 3647 304 3679 curiam
327 3659 347 3683 ς
359 3649 413 3691 (qs.
430 3651 560 3689 488‚13.
579 3658 623 3684 27.
647 3653 724 3691 491,
738 3654 787 3691 30)
811 3651 824 3693 ΙΙ
848 3651 940 3682 τινὲς
952 3669 994 3675 -
1007 3653 1100 3683 τίνες
1112 3653 1143 3683 L

83 3691 176 3725 τινὲς
189 3710 224 3715 —-
242 3692 334 3725 τινὲς
349 3693 388 3725 Μ
400 3693 412 3737 ΙΙ
431 3692 519 3738 πρὸς
533 3693 643 3737 τύχην
663 3693 905 3739 βουλευτικὴν]
924 3695 965 3727 ad
981 3695 1107 3727 curiam
1126 3708 1145 3730 ς

500 2934 568 2958 uae
588 2923 769 2969 pertinent
792 2922 841 2958 ad
862 2923 1019 2957 curiales
1042 2928 1078 2958 et
1100 2923 1298 2958 oblationes
1322 2922 1433 2958 curiis
1454 2923 1581 2968 factas
1603 2929 1638 2958 et
1659 2922 1805 2968 quinam
1828 2922 1879 2958 ad
1898 2924 2091 2968 fortunam
2114 2925 2284 2959 curialem

491 2967 684 3009 iberentur‚
715 2968 807 3002 illud
835 2969 1034 3008 sancimus,
1070 2972 1110 3003 ut
1145 2968 1340 3003 curialibus
1370 2968 1478 3003 liceat
1507 2979 1582 3003 non
1609 2968 1724 3003 solum
1754 2968 1911 3003 eiusdem
1942 2968 2098 3004 civitatis
2130 2969 2285 3004 curiales

1281 3071 1300 3103 2
1324 3069 1413 3102 enim
1437 3083 1494 3102 om.
1527 3070 1559 3102 V
1583 3069 1596 3110 ΙΙ
1625 3073 1780 3102 constant
1802 3083 1863 3103 scr.
1893 3069 1942 3102 172
1966 3072 1997 3102 in
2022 3082 2088 3102 ras.
2116 3070 2154 3102 12
2179 3070 2237 3101 liu.
2272 3069 2283 3108 'l

1212 3116 1232 3148 3
1257 3125 1324 3147 non
1349 3127 1407 3148 om.
1435 3115 1486 3148 T¹
1503 3116 1515 3156 ΙΙ
1533 3114 1669 3147 biennio
1693 3114 1808 3158 1'2114
1831 3126 1900 3147 non
1925 3128 1982 3147 om.
2006 3114 2061 3155 Vll
2078 3114 2176 3145 etiam
2199 3112 2231 3144 ei
2255 3113 2288 3144 T

1212 3159 1244 3191 ei
1261 3173 1318 3192 om.
1341 3159 1398 3202 VB
1415 3160 1435 3192 5
1458 3159 1569 3192 minus
1583 3162 1643 3191 aut
1660 3160 1711 3192 T¹
1728 3160 1741 3202 ΙΙ
1757 3159 1930 3193 biennium
1950 3158 2006 3201 VR
2024 3159 2043 3191 6
2066 3159 2124 3189 aut
2147 3169 2205 3189 om.
2226 3156 2259 3188 V
2271 3155 2284 3199 ss

1212 3206 1291 3247 esq.
1312 3207 1442 3247 tempus
1465 3208 1572 3237 totum
1596 3204 1747 3237 decennii
1769 3205 1830 3247 Ru
1857 3207 1874 3237 Ἰ
1897 3205 2011 3235 damus
2035 3201 2204 3234 biennium
2221 3200 2253 3232 T
2271 3200 2284 3242 ss

1212 3250 1232 3283 8
1247 3250 1566 3291 non]1‘1‘1(i.e.inde)
1584 3250 1633 3282 T¹
1649 3250 1662 3292 ΙΙ
1679 3251 1700 3283 9
1712 3249 1802 3281 inter
1816 3249 1864 3281 T¹
1877 3248 1888 3292 ΙΙ
1904 3251 1944 3281 10
1958 3248 1988 3279 ei
2001 3247 2068 3279 RT
2081 3247 2093 3285 ΙΙ
2114 3247 2281 3278 14subser.

1213 3295 1356 3328 dedimus
1379 3307 1418 3327 eet
1437 3294 1492 3337 VH
1513 3297 1553 3328 15
1578 3294 1665 3327 dono
1688 3294 1764 3326 inst.
1787 3294 1840 3335 Vll
1859 3292 1966 3324 XIIII
1988 3290 2044 3333 Vfl
2069 3291 2106 3322 17
2121 3296 2217 3321 conse.
2238 3289 2287 3321 CI

1213 3341 1365 3373 omittitur
1380 3341 1413 3372 in
1429 3339 1472 3378 R,
1496 3341 1578 3373 inter
1593 3346 1841 3382 extravaqantes
1858 3337 2039 3370 Authentici
2058 3335 2191 3366 habetur
2206 3335 2238 3365 in
2255 3334 2286 3366 T

1212 3387 1236 3422 fl
1259 3386 1323 3418 178
1345 3387 1386 3417 ab
1404 3385 1508 3417 altera
1531 3397 1625 3417 manu
1641 3385 1763 3426 scripta
1779 3383 1792 3425 ΙΙ
1811 3383 1852 3414 18
1867 3383 1953 3413 rubr.
1971 3392 2029 3411 om.
2052 3378 2108 3419 Vfl
2125 3379 2168 3410 24
2182 3378 2282 3428 bione

1219 3429 1276 3472 Vll
1297 3429 1394 3462 nobis
1417 3442 1476 3461 om.
1503 3429 1535 3461 T
1555 3428 1568 3472 Ι]
1589 3429 1759 3461 occasione
1784 3427 1817 3458 T
1833 3427 1845 3467 ΙΙ
1875 3427 1916 3458 25
1940 3424 2001 3455 hac
2023 3422 2094 3463 lege
2116 3433 2281 3454 sancimus

1216 3474 1270 3517 ΤΙΙ
1289 3476 1332 3508 26
1348 3473 1514 3515 quondam
1532 3474 1565 3506 T
1576 3473 1589 3515 ΙΙ
1606 3473 1647 3504 ad
1670 3480 1781 3503 omnes
1804 3483 1861 3501 om.
1885 3468 1940 3510 V.
1958 3468 1998 3500 27
2025 3470 2183 3507 quantum
2208 3468 2281 3508 qui·

1212 3519 1284 3551 dem
1307 3520 1408 3561 vuly.]
1434 3520 1594 3558 quantum
1618 3516 1705 3557 quod
1728 3515 1790 3546 VT
1819 3518 2044 3553 quantumque
2070 3512 2249 3545 Heimhaeh
2272 3515 2282 3551 Ιί

1213 3565 1254 3597 29
1279 3565 1429 3603 utrisque
1452 3563 1539 3604 vqu.
1564 3562 1577 3603 ΙΙ
1601 3563 1643 3593 32
1667 3562 1699 3591 et
1723 3559 1840 3590 addidi
1863 3557 1875 3599 11
1901 3558 1941 3590 33
1966 3556 2157 3587 *eruuntur
2177 3556 2210 3588 V
2227 3566 2281 3588 ex-

1211 3609 1351 3649 iguntur
1380 3608 1411 3639 T
