2592 3840
214 67 321 111 Nov.
352 68 579 111 XXXVIII
608 70 633 110 6

1282 63 1365 112 252

2034 81 2094 112 DE
2122 82 2438 116 NATURALIBUS

218 178 378 222 λέγοντες
409 178 429 222 ἢ
454 181 643 235 ταμειακῆς
671 180 694 222 ἢ
716 179 916 233 κρυμητικῇς
947 174 1298 233 ἢκογχυλὲυτικῆςηῆ
1341 179 1460 215 ‘sacri
1492 178 1622 214 aerarii
1656 182 1720 214 aut
1753 178 1982 215 vicaneorum
2014 182 2077 214 aut
2106 179 2342 225 purpurariae
2375 181 2440 215 aut

217 223 322 267 ἄλλης
338 224 564 259 καθεστάναι
586 235 837 259 καταστάσεως
854 236 920 257 τον
935 225 1057 269 ἕτερον
1076 236 1154 257 των
1172 236 1295 258 αυτων

218 272 357 316 γονέων
370 272 569 315 πειρῶνται
582 272 790 316 προςνέμειν
802 267 947 302 ἑαυτοὺς
965 267 985 310 ἢ
1001 270 1078 302 ταῖς
1090 271 1295 313 ταμειακαῖς

219 311 242 357 ἢ
261 318 339 348 ταῖς
357 318 571 359 κωμητικαῖς
595 313 616 357 ἢ
639 312 918 361 κογχυλευτικαῖς
941 310 963 355 ἢ
986 313 1122 360 ἑτέραις
1145 311 1294 356 οἱαιςδή-

219 371 309 394 ποτε
333 357 454 402 τύχαις
477 363 535 393 καὶ
560 361 601 393 τὸ
627 358 876 404 βουλευτήριον
900 356 1090 392 ἐκκλίνειν·
1121 359 1294 400 θεσπίζο-

219 417 286 448 μεν
309 408 432 438 τοίνυν
454 402 632 448 μηδεμίαν
656 403 747 437 εἶναι
770 400 942 445 τοιαύτην
965 405 1095 446 τέχνην
1118 401 1210 437 κατὰ
1230 404 1294 437 τοῦ

220 447 401 493 δημοσίου,
424 447 514 483 ἀλλὰ
533 448 688 490 πάντως,
714 448 784 482 εἴτε
805 449 843 480 ἐκ
862 449 1054 491 ταμειακῆς
1075 448 1208 495 μητρὸς
1224 448 1296 482 sz'n

220 495 259 527 ἐκ
290 493 553 540 κογχυλευτικῆς
583 493 653 527 εἴτε
685 494 723 526 ἐκ
754 493 955 546 κωμητικῆς
984 494 1179 539 γεννηθείη
1212 495 1296 528 παῖς

219 537 401 585 βουλευτῇ,
426 538 492 581 τὴν
515 536 746 591 βουλευτικὴν
768 550 880 580 τυχην
906 540 1051 592 κρατεῖν
1073 536 1294 582 βουλόμεθα.

1363 224 1509 260 alterius
1542 224 1727 260 cuiusdam
1759 234 1837 260 esse
1869 223 2086 260 condicionis
2118 225 2271 259 alterum
2293 234 2440 260 suorum

1363 269 1563 314 parentium
1600 279 1639 305 se
1660 271 1838 314 temptant
1861 268 2077 312 coniungere
2107 272 2170 304 aut
2192 269 2286 304 sacri
2309 267 2440 305 aerarii

1363 317 1426 349 aut
1448 314 1675 350 vicaneorum
1706 315 1761 350 vel
1791 313 2028 359 purpurariae
2058 315 2123 349 aut
2152 313 2257 349 alteri
2281 313 2438 349 cuicum-

1328 361 1348 393 5
1364 370 1432 403 que
1456 359 1657 395 condicioni
1688 363 1724 394 et
1754 359 1888 394 curiam
1919 358 2061 394 evitare.
2110 358 2294 394 Sancimus
2318 358 2440 403 itaque

1363 403 1497 439 nullam
1532 414 1611 440 esse
1645 404 1752 439 talem
1787 406 1902 439 artem
1939 403 2108 439 adversus
2138 403 2340 448 publicum,
2377 403 2441 439 sed

1364 449 1518 491 omnino,
1551 449 1623 484 sive
1650 459 1695 485 ex
1719 449 1813 484 sacri
1842 449 1971 484 aerarii
1994 451 2107 484 matre
2138 447 2211 484 sive
2235 458 2279 483 ex
2302 458 2439 494 purpu-

1363 494 1459 529 raria
1489 494 1562 529 sive
1585 504 1630 529 ex
1652 494 1801 530 vicanea
1828 494 1905 529 nati
1928 493 2062 528 fuerint
2091 492 2156 528 filii
2178 492 2322 535 curiali,
2353 502 2438 528 con-

1365 539 1538 574 dicionem
1563 539 1683 574 curiae
1706 539 1878 574 obtinere.

219 582 407 627 βουλευταὶ
430 586 496 627 μὲν
519 596 586 628 γαρ
611 581 789 624 ἐλάχιστοι
813 593 1019 624 πανταχοσε
1044 585 1105 625 τῆς
1127 580 1297 627 ἡμετέρας
1312 585 1352 617 10
1365 593 1422 619 res
1453 583 1584 628 ubique
1614 585 1740 618 nostra
1774 584 1811 618 in
1843 583 2028 628 republica
2059 587 2158 624 sunt,
2195 582 2290 618 sacri
2319 586 2440 618 autem

220 629 300 669 εἰσί,
319 631 505 671 ταμειακοὶ
522 626 562 661 δέ
577 630 636 660 καὶ
650 628 814 670 κωμῆται
828 629 888 660 καὶ
905 626 1132 674 κογχυλευταὶ
1147 629 1194 663 εἰς
1209 627 1295 670 πλῆ-

220 673 288 707 θος
312 674 529 716 ἐκκεχυμένοι
554 672 766 712 καθεστᾶσι,
792 674 852 705 καὶ
868 672 1043 719 προςῆκόν
1065 674 1143 707 ἐστι
1161 670 1297 716 μᾶλλον

219 716 263 751 τὰ
287 717 519 762 βουλευτήρια
542 718 620 751 τῶν
642 715 785 751 πόλεων
810 715 987 757 αὔξεσθαι
1012 718 1052 751 ἐν
1075 715 1203 764 ὀλίγοις
1227 716 1295 751 σώ-

218 774 307 806 μασι
332 762 654 816 στενοχωρηθέντα
684 758 706 804 ἢ
739 760 880 805 πλῆθος
911 760 1046 805 πλήθει
1074 763 1295 809 προςθεῖναι.

1366 628 1494 663 aerarii
1517 632 1554 663 et
1573 628 1709 664 vicanei
1733 630 1769 663 et
1792 628 1996 673 purpurarii
2027 628 2065 663 in
2087 627 2314 662 multitudine
2337 626 2442 662 effusi

1366 675 1467 716 sunt;
1503 672 1629 708 deinde
1661 676 1717 708 est
1745 683 1944 716 congruens
1975 672 2088 717 magis
2120 672 2291 717 ampliare
2322 672 2441 707 curias

1366 718 1548 753 civitatum
1566 718 1602 752 in
1619 718 1744 762 paucis
1764 718 1972 762 corporibus
1994 720 2203 761 angustatas
2227 727 2333 762 quam
2350 717 2441 751 mul-

1366 763 1553 798 titudinem
1585 762 1803 797 multitudini
1834 762 1987 797 adicere.
2035 762 2170 807 Quodsi
2201 762 2346 806 quidam
2376 772 2442 815 no:

219 808 266 840 Εἰ
289 805 332 840 δέ
352 818 444 841 τινες
468 819 621 851 ονοματι
646 807 706 850 τῆς
729 807 859 861 οἰκείας
880 807 1012 862 μητρρς
1036 804 1083 841 ὥς
1105 808 1296 851 ταμειακῆς
1313 810 1350 842 15
1364 808 1457 842 mine
1487 807 1656 852 propriae
1686 808 1826 859 matris,
1858 809 2039 852 tamquam
2067 817 2159 852 quae
2190 807 2284 843 sacri
2313 816 2443 842 aeraru

218 849 240 895 ἢ
262 851 525 898 κογχυλευτικῆς
549 851 570 894 ἢ
594 853 794 896 κωμητικῆς
817 863 922 895 τυχης
948 864 1053 894 ουσης
1076 851 1220 886 ἑαυτοὺς
1243 852 1294 892 ἐξ·

219 895 311 930 ελεῖν
335 898 395 938 τῆς
418 896 642 940 βουλευτικῆς
671 894 922 943 ἐπειράθησαν
954 895 975 940 ἢ
1002 900 1062 931 καὶ
1086 898 1297 941 πειραθεῖεν

217 940 332 984 τύχης,
356 940 428 976 ἀπὸ
451 942 511 984 τῆς
532 942 613 988 ἄρτι
638 939 852 986 διελθούσης
876 941 1034 978 decimae
1057 940 1297 986 έπινεμήσεως

217 989 277 1019 καὶ
308 983 431 1029 αὐτῆς,
464 986 509 1020 τὰ
539 985 631 1020 κατὰ
661 988 793 1021 τοῦτον
822 987 1038 1032 πραχθέντα
1068 985 1136 1021 τὸν
1158 985 1296 1032 τρόπον

1364 853 1420 888 vel
1439 853 1676 898 purpurariae
1695 855 1759 887 aut
1774 862 1943 887 vicaneae
1961 851 2180 887 condicionis
2193 851 2283 897 (sit),
2305 862 2343 887 se
2357 852 2441 887 sub-

1365 898 1508 932 trahere
1527 907 1549 932 a
1569 897 1688 932 curiae
1709 896 1918 932 condicione
1938 900 2201 942 temptaverunt
2218 897 2274 931 vel
2290 899 2440 941 tempta·

1365 942 1491 985 verint,
1515 952 1538 977 a
1559 953 1673 987 nuper
1695 942 1889 987 praeterita
1913 941 2051 977 decima
2073 941 2267 976 indictione
2291 943 2328 976 et
2349 940 2442 986 ipsa,

1366 998 1408 1022 ea
1440 997 1531 1032 quae
1560 987 1754 1022 secundum
1784 987 1880 1022 hunc
1911 989 1995 1022 acta
2026 989 2112 1022 sunt
2141 986 2286 1022 modum
2315 986 2391 1022 sive
2420 995 2444 1021 a

218 1031 289 1065 εἴτε
313 1033 350 1064 ἐκ
372 1033 433 1074 τῆς
452 1032 558 1065 θείας
583 1029 688 1075 αὐλῆς
710 1032 782 1066 εἴτε
810 1029 1015 1074 ἀλλαχόθεν
1042 1030 1135 1086 ᾆργὰ
1157 1035 1217 1065 καὶ
1236 1028 1296 1065 ἀν·
1310 1035 1352 1068 20
1366 1036 1491 1068 nostra
1524 1033 1607 1067 aula
1640 1032 1713 1068 sive
1742 1032 1885 1068 aliunde
1907 1041 2022 1067 vacua
2047 1035 2084 1067 et
2105 1030 2261 1067 invalida
2284 1031 2374 1074 sint,
2406 1034 2444 1066 et

218 1080 343 1123 ίσχυρα
368 1079 474 1117 ἔστω,
498 1079 558 1110 καὶ
581 1075 663 1111 τοὺς
686 1076 867 1111 τοιούτους
888 1075 1079 1121 βουλευτας
1101 1075 1144 1111 τὸ
1169 1075 1298 1111 λοιπὸν

218 1121 310 1155 εἶναι
335 1121 570 1165 θεσπίζομεν.
618 1122 649 1156 εἰ
670 1119 740 1176 γάρ
769 1135 806 1156 τι
828 1124 1034 1170 πέπρακται
1064 1121 1134 1170 πρὸ
1158 1123 1220 1164 τῆς
1243 1120 1297 1155 δε-

216 1164 324 1209 κάτης
348 1168 599 1211 έπινεμὴσεως,
622 1179 729 1201 τουτο
752 1170 910 1211 βεβαίως
933 1170 993 1201 καὶ
1012 1169 1072 1202 ἐπὶ
1097 1169 1157 1210 τῆς
1181 1164 1298 1209 ἰσχύος

216 1212 277 1254 τῆς
302 1211 427 1245 ἑαυτοῦ
451 1215 575 1256 μένειν
597 1210 819 1256 βουλόμεθα.

1365 1078 1431 1112 hos
1455 1077 1546 1112 tales
1571 1077 1724 1113 curiales
1748 1077 1793 1113 de
1815 1078 1934 1113 cetero
1959 1087 2037 1113 esse
2057 1077 2246 1112 sancimus.
2294 1075 2388 1111 Nam
2411 1075 2444 1111 si

1367 1122 1452 1167 quid
1476 1125 1597 1158 actum
1627 1126 1682 1158 est
1705 1124 1790 1158 ante
1814 1122 1986 1158 decimam
2008 1121 2255 1165 indictionem,
2289 1121 2360 1156 hoc
2381 1120 2442 1156 fir-

1365 1178 1460 1202 mum
1486 1170 1521 1202 et
1543 1168 1581 1202 in
1605 1177 1673 1203 sua
1696 1166 1905 1203 fortitudine
1928 1175 2136 1212 permanere
2158 1166 2333 1202 volumus.

259 1253 492 1302 Ἐξαιροῦμεν
511 1255 552 1291 δὲ
571 1258 632 1311 τῆς
652 1256 833 1312 appatens
854 1254 957 1311 ἡμῶγ
977 1257 1082 1291 θείας
1103 1253 1299 1296 διατάξεως
1310 1259 1351 1292 25
1411 1256 1627 1300 Excepimus
1660 1261 1781 1292 autem
1813 1257 1858 1292 ab
1883 1257 1951 1292 hac
1980 1258 2104 1293 nostra
2127 1256 2246 1292 divina
2268 1255 2443 1292 constitu-

219 1300 412 1335 Θεοδόσιον
442 1305 502 1335 καὶ
532 1314 613 1336 τους
645 1314 754 1336 αυτου
785 1299 973 1347 ἀδελφους,
1003 1305 1064 1335 καὶ
1095 1300 1175 1336 τοὺς
1204 1300 1300 1335 υἱοὺς

215 1344 384 1380 Ἰωάννου
412 1348 477 1381 τοῦ
507 1345 656 1390 ἐπίκλην
682 1347 836 1389 Ξίσκων,
866 1347 968 1393 οἵπερ
993 1345 1138 1381 ἑαυτοὺς
1166 1346 1214 1380 εἰς
1236 1358 1298 1380 τα-

215 1390 367 1436 μειακὴν
401 1395 520 1426 καίτοι
554 1391 761 1436 βουλευτῶν
795 1390 895 1426 ὄντες
928 1394 1099 1438 πατέρων
1133 1393 1297 1437 ἔγραψαν

216 1436 328 1479 τύχην
360 1435 430 1483 πρὸ
461 1438 523 1480 τῆς
553 1435 701 1480 δεκάτης
729 1436 986 1491 ἐπινεμήσεως,
1018 1439 1077 1470 καὶ
1108 1438 1182 1472 πᾶν
1207 1436 1243 1469 εἴ
1261 1449 1298 1469 τι

1366 1301 1463 1337 tione
1487 1301 1728 1337 Theodosium
1751 1304 1788 1337 et
1810 1302 1888 1337 eius
1911 1302 2057 1344 fratres,
2094 1305 2130 1337 et
2159 1301 2251 1337 filios
2275 1300 2444 1336 Iohannis

1367 1347 1426 1392 qui
1452 1356 1646 1390 cognomen
1670 1347 1796 1382 habuit
1818 1347 1968 1390 Sexcon,
1993 1347 2054 1392 qui
2078 1357 2116 1382 se
2138 1347 2176 1382 in
2199 1346 2293 1382 sacri
2313 1345 2445 1381 aerarii

1368 1391 1610 1427 condicionem
1626 1395 1929 1437 permutaverunt,
1954 1392 2039 1427 licet
2054 1392 2097 1428 de
2115 1391 2308 1427 curialibus
2325 1393 2444 1426 essent

1366 1436 1541 1481 patribus,
1568 1439 1603 1472 et
1624 1447 1727 1472 omne
1751 1438 1917 1482 quicquid
1941 1440 2061 1472 actum
2082 1440 2137 1472 est
2155 1436 2193 1472 in
2214 1446 2337 1472 eorum
2355 1435 2444 1471 libo·

215 1494 363 1535 γεγονεγ
395 1479 457 1535 ἔπ’
490 1480 679 1529 ἐλευθερίᾳ
707 1482 851 1535 τούτων
880 1483 1108 1527 αναιροῦμεν.
1155 1478 1299 1515 οὐδενὸς
1311 1485 1353 1518 30
1367 1482 1506 1517 ratione
1531 1482 1756 1518 destruimus.
1803 1482 1901 1517 Nihil
1925 1483 2017 1518 enim
2045 1492 2169 1518 eorum
2199 1491 2291 1527 quave
2314 1480 2444 1533 elicue-

216 1539 260 1573 γα
306 1538 433 1561 αυτους
455 1523 651 1561 ἀπολαύειν
673 1540 752 1561 των
772 1529 1051 1575 πεπορισμένων
1074 1524 1296 1571 βουλόμεθα,

217 1540 309 1605 ἀλλὰ
331 1570 522 1615 βουλευτὰς
544 1571 637 1606 εἶναι
660 1575 720 1606 καὶ
743 1570 790 1606 τὰ
809 1572 1016 1616 βουλευτῶν
1038 1569 1213 1618 πράττειν
1237 1574 1297 1604 καὶ

216 1619 290 1650 τοῖς
325 1615 598 1663 λειτουργήμασι
631 1620 705 1651 τοῖς
738 1616 975 1660 βουλευτικοῖς
1004 1620 1198 1664 προςέχειν,
1241 1613 1296 1650 οὗ·

218 1659 319 1696 δενὸς
338 1660 508 1709 καθάπερ
529 1661 883 1718 εἰπόντεςνὲἲγθημεν
898 1662 1053 1706 βοηθεῖν
1074 1660 1192 1696 αὐτοῖς
1209 1659 1298 1708 πρὸς

1366 1529 1451 1563 runt
1474 1526 1545 1562 frui
1568 1528 1729 1563 volumus
1743 1554 1752 1570 ,
1785 1528 1848 1563 sed
1872 1527 2025 1563 curiales
2050 1537 2128 1563 esse
2152 1530 2189 1562 et
2211 1534 2303 1572 quae
2327 1534 2444 1561 cuna·

1366 1573 1451 1606 lium
1480 1573 1565 1607 sunt
1596 1582 1701 1616 agere
1733 1576 1769 1608 et
1799 1573 1845 1608 ad
1875 1572 2078 1608 functiones
2111 1572 2232 1607 curiae
2254 1570 2444 1616 respicere,

1368 1617 1465 1659 nihil,
1492 1617 1585 1652 sicut
1608 1618 1807 1662 praelocuti
1831 1628 1965 1661 sumus,
1995 1618 2047 1654 eis
2070 1617 2240 1662 prodesse
2262 1615 2443 1661 possibile,

1367 1662 1435 1697 etsi
1459 1662 1543 1741 (huid
1564 1662 1721 1703 elicitum
1744 1663 1794 1697 eis
1820 1668 1875 1698 est
1897 1663 1971 1699 sive
1994 1673 2039 1698 ex
2062 1666 2184 1698 nostro
2207 1661 2342 1707 palatio
2370 1660 2446 1696 sive

1441 1717 1464 1741 n
1490 1717 1520 1742 e.

217 1707 326 1741 τοῦτο
351 1704 560 1751 δυναμένου,
586 1721 655 1741 καν
679 1721 709 1741 ει
732 1719 770 1741 τι
793 1710 1059 1754 πεπορισμένον
1082 1703 1203 1742 αὐτοῖς
1226 1706 1298 1741 εἴτε
1309 1709 1350 1742 35
1366 1707 1438 1742 aliu

219 1754 256 1786 ἐκ
280 1753 342 1795 τῆς
366 1749 472 1795 αὐλῆς
494 1753 566 1786 εἴτε
588 1750 747 1786 ἄλλοθεν
770 1752 834 1795 εἴη.

262 1793 357 1843 <Ἐπ
366 1801 381 1830 ί
386 1796 431 1831 λο
436 1810 485 1843 γο
493 1797 536 1842 ς.)
577 1797 627 1831 Τὰ
644 1801 768 1831 τοίνυν
788 1794 1029 1844 παραστάντα
1049 1794 1134 1841 ἡμῖν
1151 1799 1210 1830 καὶ
1231 1794 1293 1832 ἐπ’

219 1839 376 1887 ὦφελείᾴ
404 1843 483 1876 τῶν
506 1841 650 1877 πόλεων
672 1845 733 1876 καὶ
750 1843 829 1877 τῶν
850 1840 1115 1888 βουλευτηρίων
1139 1840 1297 1882 δόξαντα

1417 1797 1629 1841 <Epilogu
1638 1796 1685 1841 s.)
1732 1797 1831 1841 Quae
1860 1798 1969 1842 igitur
1992 1798 2067 1833 visa
2100 1798 2187 1833 sunt
2206 1797 2311 1832 nobis
2342 1799 2378 1832 et
2399 1795 2447 1835 ad

1365 1842 1554 1878 utilitatem
1584 1842 1764 1877 civitatum
1789 1846 1834 1877 'et
1866 1843 2046 1879 curiarum
2075 1843 2368 1888 complacuerunt
2410 1842 2448 1877 et

218 2000 291 2035 sive
312 1999 482 2035 vicaneae
504 1998 578 2033 sive
600 1997 838 2044 murilequlae
860 1997 934 2033 sive
957 1997 1052 2032 alius
1075 1996 1300 2032 condicionis
1321 1997 1440 2042 fuisse
1463 1997 1615 2033 alterum
1638 2007 1689 2033 ex
1711 1998 1788 2033 suis
1807 1997 2022 2045 parentibus
2049 1999 2179 2034 conari
2206 2002 2316 2034 semet
2346 1997 2447 2044 ipsos

218 2045 293 2080 sive
313 2044 476 2079 tamiacis
498 2043 572 2079 sive
592 2043 748 2079 vicaneis
770 2043 844 2078 sive
866 2042 1090 2089 murilequlis
1112 2042 1186 2078 sive
1208 2041 1291 2078 aliis
1314 2042 1633 2088 qualibuscumque
1659 2042 1930 2079 condicionibus
1954 2042 2159 2078 adscribere
2179 2047 2288 2095 atque
2308 2042 2446 2078 curiam

1935 538 2095 573 Cui-iales
2118 547 2271 582 namque
2290 537 2439 582 paucio·
2496 557 2499 560 <

219 2088 418 2125 declinare:
451 2088 633 2123 sancimus
655 2088 769 2133 iyitur
791 2087 928 2122 nullum
961 2098 1037 2123 esse
1061 2086 1237 2123 eiusmodi
1261 2087 1454 2132 artificium
1479 2087 1652 2123 adversus
1668 2087 1873 2134 publicum,
1906 2087 1970 2123 sed
1993 2088 2138 2123 omnino
2162 2099 2236 2124 swe
2258 2099 2308 2124 ex
2331 2090 2447 2123 matr-c

221 2134 376 2170 tamiaca
404 2134 478 2169 sive
501 2144 551 2169 ex
573 2133 790 2179 murilequla
820 2132 894 2169 sive
917 2143 968 2168 ex
989 2134 1138 2168 vicanea
1165 2131 1267 2177 silius
1297 2136 1406 2167 natus
1428 2131 1475 2167 sit
1499 2132 1648 2174 curiali,
1680 2133 1853 2168 curialem
1885 2131 2131 2168 condicionem
2151 2132 2364 2186 praevalere
2387 2142 2447 2168 vo-

219 2180 345 2215 lumus.
408 2178 572 2215 Curiales
596 2178 689 2214 enim
706 2178 924 2224 paucissimi
954 2181 1040 2212 sunt
1068 2177 1107 2212 in
1131 2181 1259 2213 nostra
1288 2176 1420 2222 ubique
1442 2177 1649 2224 republica,
1682 2178 1828 2213 tamiaci
1851 2188 1936 2214 vero
1960 2182 1997 2212 et
2018 2178 2155 2214 vicanei
2184 2181 2220 2213 et
2241 2177 2448 2223 murilequli

219 2226 256 2260 in
281 2224 423 2271 copiam
447 2224 601 2269 effusam
624 2227 831 2259 creverunt:
860 2223 985 2268 itaque
1008 2223 1129 2258 curias
1153 2223 1281 2268 potius
1310 2222 1493 2258 civitatum
1517 2233 1651 2269 auqere
1674 2233 1868 2268 corporum
1893 2222 2083 2268 paucitate
2112 2222 2151 2257 in
2171 2222 2361 2269 anqustias
2385 2221 2448 2258 ade

219 2269 348 2305 ductas
371 2280 480 2315 quam
503 2267 767 2304 multitudinem
790 2267 1011 2303 multitudini
1033 2266 1168 2302 addere
1189 2278 1263 2313 par
1278 2271 1342 2303 est.
1390 2265 1528 2310 Quodsi
1551 2268 1617 2313 qui
1636 2267 1815 2314 propriae
1834 2267 1961 2304 matris
1983 2267 2127 2303 nomine
2149 2271 2332 2314 tamquam
2354 2277 2449 2314 quae

221 2315 398 2350 tamiacae
429 2314 485 2350 vel
507 2313 745 2360 murilequlae
774 2313 830 2348 vel
853 2313 1024 2348 vicaneae
1047 2311 1272 2348 condicionis
1294 2313 1343 2348 sit
1370 2323 1409 2347 se
1431 2312 1533 2359 ipsos
1556 2312 1715 2348 eximere
1744 2323 1794 2348 ea:
1825 2311 1958 2348 curiali
1977 2311 2190 2348 condicione
2220 2312 2342 2348 conati
2364 2313 2449 2347 sunt

219 2360 275 2396 vel
297 2360 405 2395 etiam
429 2363 615 2400 conentur,
646 2357 731 2393 inde
760 2357 804 2393 ab
836 2358 851 2392 i
875 2368 919 2393 sa
948 2357 1085 2393 decima
1107 2357 1305 2393 indictione
1335 2367 1453 2403 nuper
1478 2361 1653 2403 peracta,
1686 2368 1729 2392 ea
1761 2368 1854 2403 quae
1882 2357 1932 2392 ad
1959 2356 2054 2392 bunc
2084 2357 2227 2392 modum
2260 2361 2343 2392 acta
2364 2361 2449 2392 sunt

219 2405 293 2441 sive
316 2415 366 2440 ex
386 2415 494 2439 sacra
518 2403 604 2439 aula
634 2403 709 2438 sive
732 2403 833 2438 aliun
860 2414 879 2438 e
902 2413 997 2438 vana
1019 2406 1055 2438 et
1077 2402 1185 2438 irrita
1208 2402 1293 2445 sint,
1324 2413 1368 2437 ac
1393 2402 1482 2437 tales
1506 2401 1668 2438 homines
1698 2403 1735 2437 in
1753 2405 1943 2448 posterum
1967 2401 2123 2438 curiales
2154 2412 2231 2438 esse
2253 2402 2446 2438 sancimus.

221 2449 317 2485 Nam
340 2450 373 2484 si
393 2449 482 2495 quid
505 2453 589 2484 ante
613 2448 787 2484 decimam
809 2447 1042 2483 indictionem
1067 2450 1185 2483 actum
1209 2450 1275 2490 est,
1300 2446 1340 2482 id
1358 2447 1503 2492 firmum
1528 2452 1563 2483 et
1585 2447 1623 2481 in
1647 2446 1780 2482 robore
1802 2458 1868 2483 suo
1893 2457 2037 2482 manere
2062 2446 2233 2482 volumus.

359 2494 579 2541 Excipimus
603 2497 721 2529 tamen
745 2504 795 2529 εει·
811 2493 1002 2540 praesenti
1026 2496 1154 2528 nostra
1177 2503 1285 2528 sacra
1310 2492 1566 2528 constitutione
1590 2491 1829 2528 Theodosium
1853 2493 1998 2538 eiusque
2018 2492 2178 2537 fratres,
2210 2495 2246 2527 et
2294 2491 2364 2527 lios
2387 2489 2448 2528 Io-

222 2539 352 2575 hannis
376 2540 433 2574 cui
457 2550 658 2586 coqnomen
682 2542 736 2574 est
758 2537 915 2580 Xiscon,
948 2537 1010 2584 qui
1034 2537 1176 2584 quidem
1199 2548 1238 2573 se
1265 2537 1338 2584 ipsi
1363 2537 1539 2573 tamiacae
1562 2537 1767 2572 condicioni
1797 2537 1880 2573 licet
1906 2536 2121 2583 parentibus
2148 2536 2251 2572 curia
2266 2536 2347 2572 ibus
2370 2536 2449 2573 nati

223 2585 496 2631 adscripserunt
518 2588 603 2620 ante
622 2583 796 2619 decimam
819 2583 1062 2625 indictionem,
1087 2587 1123 2618 et
1145 2593 1249 2618 omne
1272 2582 1451 2629 quidquid
1473 2582 1523 2617 ad
1544 2593 1606 2618 eos
1629 2581 1837 2618 liberandos
1857 2583 2000 2628 factum
2022 2585 2078 2618 est
2101 2581 2268 2617 tollimus.
2322 2581 2461 2628 Neque,

224 2630 316 2665 enim
346 2630 422 2664 ulla
446 2641 486 2665 re
516 2640 579 2665 eos
600 2629 682 2674 frui
704 2639 829 2664 earum
885 2639 953 2663 uae
975 2627 1022 2662 iis
1042 2628 1242 2674 praestitae
1263 2631 1361 2668 sunt,
1391 2626 1457 2663 sed
1479 2627 1637 2663 curiales
1670 2637 1747 2663 esse
1770 2638 1933 2674 quaeque
1956 2626 2146 2663 curialium
2168 2631 2254 2662 sunt
2283 2636 2393 2678 αμα-ε
2414 2628 2451 2664 d

223 2674 429 2710 muneribus
453 2674 651 2710 curialibus
675 2684 824 2720 operam
873 2684 938 2709 are
961 2672 1136 2715 volumus,
1159 2673 1212 2708 ita
1236 2677 1277 2707 ut
1299 2671 1401 2714 nibil,
1435 2672 1734 2718 quemadmodum
1757 2672 1862 2708 modo
1885 2671 2057 2714 diximus,
2089 2670 2158 2706 hac
2180 2671 2220 2706 in
2242 2682 2283 2707 re
2305 2671 2350 2707 iis
2372 2670 2448 2719 opi-

224 2719 338 2755 tulari
353 2720 486 2766 possit,
510 2720 653 2755 etiamsi
673 2719 763 2765 quid
783 2719 829 2754 iis
851 2718 925 2754 sive
949 2729 999 2754 ex
1022 2717 1109 2752 aula
1131 2717 1205 2753 sive
1229 2716 1377 2752 aliunde
1397 2717 1613 2763 praestitum
1637 2717 1695 2753 sit.

362 2763 450 2810 Epi
458 2764 472 2799 l
479 2775 601 2810 oqus.
649 2763 749 2807 Quae
771 2763 886 2811 iqitur
909 2762 1012 2798 nobis
1028 2762 1253 2809 placuerunt
1276 2766 1385 2808 atque
1408 2761 1458 2797 ad
1480 2762 1671 2797 utilitatem
1694 2762 1878 2798 civitatum
1901 2765 1938 2797 et
1957 2762 2141 2799 curiarum
2164 2759 2344 2796 destinata
2365 2763 2452 2796 sune

272 2925 287 2957 1
314 2922 503 2966 κομητικῆς
526 2924 570 2964 (et
582 2924 628 2956 sic
640 2924 813 2967 insrafere
825 2922 1020 2962 constanter)
1042 2920 1073 2953 L
1100 2918 1112 2964 ΙΙ
1145 2921 1164 2953 2
1185 2916 1301 2962 ἄλλης]

226 2967 364 3001 alterius
386 2968 555 3000 cuiusdam
574 2979 593 3004 ς
609 2967 621 3013 ΙΙ
644 2970 665 3002 4
689 2967 820 3012 ἑτέροις
843 2966 895 3000 L⁰
914 2966 927 3009 ss
953 2967 973 3000 8
997 2961 1239 3007 κοχυλευτικῆς
1263 2962 1306 2997 Μ

226 3010 468 3059 κογχλευτικῆς
493 3013 524 3046 L
550 3012 562 3056 ΙΙ
592 3015 611 3046 9
637 3011 848 3056 βουλόμεθα
871 3023 931 3045 om.
956 3022 992 3053 ς,
1021 3011 1162 3050 sortasse
1186 3017 1269 3043 recte
1291 3008 1295 3051 Ι

231 3061 270 3092 10
283 3058 344 3100 τῆς
357 3054 525 3103 ἡμετέρας
537 3057 618 3098 εἰσὶ]
631 3056 812 3091 πολιτείας
825 3057 902 3090 add.
913 3069 981 3090 cum
992 3055 1186 3089 Haloandro
1195 3053 1297 3097 υυ19.Ι

230 3106 267 3138 11
294 3100 447 3144 πλῆθος]
473 3100 544 3145 πλῆ
568 3103 615 3136 Μ’
637 3102 650 3146 ΙΙ
680 3104 719 3136 12
745 3105 805 3146 leq.
831 3100 1086 3145 &xuexvpte'von
1111 3098 1125 3144 ΙΙ
1151 3100 1224 3140 καὶ]
1248 3098 1303 3131 de-

227 3148 304 3180 inde
329 3160 347 3183 ς
363 3146 375 3191 ΙΙ
404 3149 444 3180 16
475 3144 490 3155 ’“
511 3149 571 3200 καὶ
594 3148 784 3190 κωμιτικῆς
808 3148 840 3180 L
859 3146 871 3191 ΙΙ
890 3148 930 3180 18
955 3146 1110 3186 decimae,
1133 3158 1159 3178 s.
1172 3157 1204 3178 υ.
1225 3142 1304 3187 ἤτοι

1370 2921 1502 2961 rentum
1527 2919 1664 2952 curialis
1690 2919 1816 2963 Tvuly.
1844 2917 1858 2963 ΙΙ
1881 2920 2041 2961 temptare
2062 2918 2097 2952 V
2113 2918 2253 2960 temptat
2277 2917 2311 2951 T
2328 2915 2342 2962 Ι
2370 2926 2448 2950 oon—

1370 2964 1482 3005 iugem
1500 2965 1532 2997 T
1554 2963 1567 3008 ΙΙ
1595 2966 1617 2998 4
1634 2967 1693 2997 aut
1712 2964 1759 3005 V]
1781 2962 1834 2996 vel
1853 2964 1954 3007 vulq„
1972 2976 2031 2997 om.
2047 2963 2081 2997 T
2144 2963 2301 2995 vioaneae
2322 2962 2411 3006 vulq-
2435 2959 2451 3006 Ι

1371 3007 1436 3052 vel]
1457 3011 1516 3041 aut
1530 3009 1563 3042 T
1581 3010 1593 3052 n
1619 3008 1758 3042 alterius
1777 3009 2015 3050 cuiuscumque
2035 3018 2097 3041 con
2123 3007 2236 3040 ’tionis
2257 3006 2320 3050 Vfl
2348 3009 2368 3041 5
2391 3015 2449 3039 ou-

1371 3053 1422 3086 ria
1445 3056 1478 3086 et
1501 3053 1609 3086 uitare
1638 3054 1671 3087 V
1689 3053 1700 3098 ΙΙ
1731 3056 1751 3088 6
1775 3053 1932 3086 aduersus
1955 3055 2058 3086 artem
2092 3053 2126 3086 V
2148 3051 2161 3096 ss
2190 3054 2210 3087 8
2233 3050 2366 3085 uicanei
2387 3050 2422 3085 T

1372 3098 1492 3131 curiali
1524 3099 1569 3140 V]
1599 3099 1742 3132 curiales
1767 3098 1910 3132 TNeob.
1939 3098 1952 3142 ΙΙ
1990 3100 2026 3132 11
2052 3096 2302 3130 multitudinem
2323 3096 2413 3140 vulq-

1373 3143 1467 3176 effusi
1491 3156 1549 3177 om.
1572 3144 1603 3175 V
1630 3143 1641 3187 ΙΙ
1677 3145 1717 3177 12
1742 3143 1820 3176 *est
1851 3153 2037 3185 congruens
2059 3142 2177 3184 magis]
2210 3144 2243 3175 et
2264 3148 2451 3183 congruet!

228 3189 374 3234 δεκάτης
402 3193 448 3225 Μ
495 3203 621 3234 εκατης
642 3193 674 3225 L
710 3190 738 3225 ι’
753 3194 829 3226 Am.
866 3191 1059 3225 undecimae
1089 3191 1146 3233 (cf.
1167 3202 1220 3233 pr.
1249 3193 1265 3227 §
1287 3196 1304 3222 3
1371 3187 1477 3230 magis
1499 3188 1530 3220 V
1550 3191 1583 3220 et
1602 3189 1707 3230 magis
1726 3198 1912 3230 congruens
1935 3188 2039 3222 Neob.
2069 3187 2082 3231 ΙΙ
2110 3186 2271 3230 ampliare
2296 3184 2448 3226 Tmou]

226 3252 259 3281 p.
275 3239 350 3277 248,
365 3239 415 3278 32)
440 3237 629 3271 Zachariae
645 3237 658 3280 ΙΙ
683 3239 725 3271 26
744 3236 853 3270 αὐτοῦ
873 3249 932 3270 om.
948 3235 1008 3281 Lss
1034 3236 1076 3270 27
1097 3233 1303 3276 ξίσκωνΜἹ
1373 3232 1550 3275 amplicare
1582 3233 1615 3266 V
1639 3232 1652 3276 ΙΙ
1693 3234 1732 3267 13
1754 3233 2006 3266 multitudinem
2035 3231 2260 3272 multitudini]
2296 3229 2458 3264 multitu--

229 3282 380 3322 ἐξίσκων
395 3283 424 3315 L
448 3293 559 3315 scscon
578 3283 632 3316 vel
650 3283 804 3324 screonis,
831 3281 996 3324 sercouin,
1020 3280 1161 3314 exconin
1180 3279 1307 3314 Iuliani
1373 3277 1451 3310 dine
1483 3276 1545 3320 Vll
1580 3279 1618 3311 16
1642 3278 1767 3311 uicarie
1801 3278 1835 3311 V
1856 3277 1869 3322 ΙΙ
1897 3278 1941 3310 sit
1964 3278 2042 3311 add.
2062 3277 2151 3319 vulq.
2179 3277 2191 3319 ΙΙ
2220 3278 2261 3310 18
2285 3274 2449 3308 inditione

230 3329 322 3361 codd.
350 3328 362 3370 ΙΙ
388 3329 431 3362 29
456 3325 526 3373 πρὸ
550 3327 610 3368 τῆς
634 3324 781 3369 δεκάτης
804 3323 1045 3371 ἐπινεμήσεως
1069 3338 1127 3359 om.
1142 3336 1162 3362 ς
1180 3326 1236 3368 (cs.
1249 3324 1306 3358 Iu·
1381 3322 1414 3355 V
1437 3320 1451 3365 ΙΙ
1481 3323 1520 3355 19
1545 3322 1594 3362 ea]
1632 3324 1665 3355 et
1688 3333 1725 3355 ea
1755 3321 1819 3356 VT
1841 3321 1854 3367 ΙΙ
1886 3324 1924 3356 21
1952 3323 2013 3355 hos
2035 3321 2132 3363 tales]
2164 3319 2345 3364 hospitales
2374 3318 2411 3353 V
2435 3315 2451 3362 Ι

1374 3367 1416 3400 23
1429 3378 1477 3409 sq.
1497 3365 1652 3399 uolumus
1673 3378 1758 3400 eum.
1794 3367 1981 3411 excepimus
2003 3369 2114 3400 autem
2137 3366 2180 3399 ad
2195 3366 2282 3399 hanc
2302 3365 2447 3398 nostram

1374 3411 1523 3444 diuinam
1544 3412 1815 3444 constitutionem
1834 3413 1919 3453 libri,
1940 3425 2023 3446 corr.
2031 3412 2120 3455 vulq.
2139 3410 2152 3456 ΙΙ
2168 3413 2209 3445 27
2231 3409 2371 3450 Soxoon]
2393 3416 2448 3442 sex

1374 3466 1429 3489 eos
1450 3455 1485 3489 V
1500 3466 1556 3488 sex
1573 3457 1607 3498 T,
1622 3457 1807 3498 om.Neob.‚
1829 3456 1960 3490 Xescon
1979 3458 2068 3501 vuly.
2095 3455 2108 3500 11
2133 3456 2192 3498 qui
2211 3465 2245 3488 se
2265 3455 2314 3494 in]
2336 3453 2395 3496 qui
2411 3452 2447 3485 in

1373 3510 1407 3533 se
1426 3500 1462 3534 V
1478 3501 1537 3542 qui
1559 3501 1596 3532 in
1621 3501 1660 3543 T,
1679 3514 1737 3534 om.
1750 3501 1854 3534 Neob.
1915 3503 1957 3535 29
1976 3500 2138 3544 patribus]
2157 3500 2197 3533 de
2215 3498 2366 3542 patribus
2386 3497 2416 3530 V
2435 3494 2448 3539 ΙΙ

1374 3547 1417 3580 30
1430 3544 1650 3586 *εΗοιιει-ιιιιι]
1669 3545 1840 3578 licuerunt
1901 3546 2089 3579 habuerunt
2109 3545 2248 3579 TNeob.
2296 3544 2339 3577 32
2352 3542 2446 3575 funo-

1373 3591 1503 3623 tionum
1527 3591 1605 3623 libri
1629 3590 1642 3632 ss
1665 3591 1707 3624 34
1732 3590 1805 3630 etsi]
1829 3591 1878 3622 set
1901 3590 1962 3622 etsi
1982 3591 2017 3624 V
2031 3593 2081 3623 set
2102 3589 2131 3622 si
2154 3589 2258 3623 Neob.
2317 3588 2363 3620 eis
2386 3585 2445 3625 est]

1373 3635 1404 3669 ei
1424 3638 1473 3669 est
1493 3634 1631 3669 VNeob.
1655 3635 1700 3667 sit
1716 3634 1746 3667 ei
1771 3635 1802 3668 T
1819 3633 1832 3679 ΙΙ
1858 3637 1900 3668 38
1925 3635 2103 3667 curialium
2124 3633 2179 3678 Vl]
2203 3628 2449 3676 placueruntT

231 3374 321 3414 lian.)
340 3372 352 3416 ΙΙ
371 3375 413 3407 34
428 3367 552 3405 αὐτοὺς
564 3372 612 3406 L¹
622 3370 635 3417 ΙΙ
647 3371 735 3417 πρὸς
746 3373 875 3406 τοῦτον
888 3373 930 3413 L,
944 3385 1003 3405 om.
1014 3382 1034 3408 ς’
1048 3370 1060 3412 li
1079 3372 1121 3405 35
1134 3378 1305 3414 πεπορισ-

229 3419 337 3459 μένον
363 3431 400 3451 ex
424 3430 444 3453 ς
467 3419 544 3451 dedi
566 3419 647 3459 (sim.
662 3418 884 3458 Haloandern
909 3417 1196 3463 περιωρισμένον
1212 3414 1283 3448 ML

280 3553 294 3585 1
322 3551 439 3583 errarii
459 3552 557 3594 V(id.
571 3554 673 3594 infra)
699 3550 712 3596 ΙΙ
735 3552 950 3584 uicaneorum
970 3551 1017 3591 V]
1042 3549 1180 3582 uieanee
1201 3547 1235 3581 T
1253 3547 1305 3579 ui-

233 3596 326 3628 canei
350 3595 452 3629 Neob.
482 3595 494 3635 u
523 3598 542 3629 2
567 3597 736 3629 cuiusdam
771 3597 816 3637 V]
850 3596 1086 3636 cuiuscumque
1112 3594 1144 3627 T
1160 3594 1263 3626 Neob.
1295 3592 1306 3635 j}

233 3651 298 3673 csse
324 3653 381 3673 om.
402 3640 459 3683 Vu
474 3639 647 3681 ¹⁸suorum]
672 3652 767 3673 suum
794 3642 871 3674 libri
883 3641 895 3685 fl
921 3642 939 3673 3
963 3639 1154 3682 parentium
1174 3638 1221 3678 V]
1246 3647 1304 3680 pa-
