<?xml version="1.0" encoding="UTF-8"?>
<!DOCTYPE html PUBLIC "-//W3C//DTD XHTML 1.0 Transitional//EN"
    "http://www.w3.org/TR/xhtml1/DTD/xhtml1-transitional.dtd">
<html xmlns="http://www.w3.org/1999/xhtml" xml:lang="en" lang="en">
 <head>
  <title>
</title>
<meta http-equiv="Content-Type" content="text/html;charset=utf-8" />
  <meta name='ocr-system' content='tesseract 3.04.00' />
  <meta name='ocr-capabilities' content='ocr_page ocr_carea ocr_par ocr_line ocrx_word'/>
</head>
<body>
  <div class='ocr_page' id='page_1' title='image "./corpusjuriscivil00krueuoft_0556.png"; bbox 0 0 2476 3854; ppageno 0'>
   <div class='ocr_carea' id='block_1_1' title="bbox 97 121 425 167">
    <p class='ocr_par' dir='ltr' id='par_1_1' title="bbox 97 121 425 167">
     <span class='ocr_line' id='line_1_1' title="bbox 97 121 425 167; baseline 0 -2"><span class='ocrx_word' id='word_1_1' title='bbox 97 121 205 167; x_wconf 87' lang='lat' dir='ltr'>Nov.</span> <span class='ocrx_word' id='word_1_2' title='bbox 237 122 374 167; x_wconf 87' lang='lat' dir='ltr'>CXIII</span> <span class='ocrx_word' id='word_1_3' title='bbox 406 127 425 165; x_wconf 90' lang='lat'>1</span> 
     </span>
    </p>
   </div>
   <div class='ocr_carea' id='block_1_2' title="bbox 94 228 1174 636">
    <p class='ocr_par' dir='ltr' id='par_1_2' title="bbox 94 228 1174 636">
     <span class='ocr_line' id='line_1_2' title="bbox 96 228 1171 280; baseline 0.001 -14"><span class='ocrx_word' id='word_1_4' title='bbox 96 229 298 280; x_wconf 76' lang='grc' dir='ltr'><strong><em>ἇρχθεῖσαν</em></strong></span> <span class='ocrx_word' id='word_1_5' title='bbox 314 232 491 275; x_wconf 77' lang='grc' dir='ltr'><strong><em>ἐξετάζειν</em></strong></span> <span class='ocrx_word' id='word_1_6' title='bbox 505 231 527 274; x_wconf 81' lang='grc' dir='ltr'><em>ἢ</em></span> <span class='ocrx_word' id='word_1_7' title='bbox 543 236 678 276; x_wconf 82' lang='grc' dir='ltr'><strong><em>κρίνειν</em></strong></span> <span class='ocrx_word' id='word_1_8' title='bbox 694 228 889 272; x_wconf 72' lang='grc' dir='ltr'><strong><em>ὑπόθεσιν,</em></strong></span> <span class='ocrx_word' id='word_1_9' title='bbox 911 234 1102 279; x_wconf 80' lang='grc' dir='ltr'><strong><em>καταφανῆ</em></strong></span> <span class='ocrx_word' id='word_1_10' title='bbox 1118 237 1171 279; x_wconf 84' lang='grc' dir='ltr'>γί-</span> 
     </span>
     <span class='ocr_line' id='line_1_3' title="bbox 95 277 1171 323; baseline 0 -11"><span class='ocrx_word' id='word_1_11' title='bbox 95 279 230 312; x_wconf 74' lang='grc' dir='ltr'><strong><em>νεσθαι</em></strong></span> <span class='ocrx_word' id='word_1_12' title='bbox 253 282 326 313; x_wconf 85' lang='grc' dir='ltr'><strong><em>τοῖς</em></strong></span> <span class='ocrx_word' id='word_1_13' title='bbox 342 277 548 320; x_wconf 78' lang='grc' dir='ltr'><em>δικάζουσιν</em></span> <span class='ocrx_word' id='word_1_14' title='bbox 564 277 587 320; x_wconf 81' lang='grc' dir='ltr'><em>ἢ</em></span> <span class='ocrx_word' id='word_1_15' title='bbox 603 277 793 322; x_wconf 80' lang='grc' dir='ltr'><strong><em>καταφανῆ</em></strong></span> <span class='ocrx_word' id='word_1_16' title='bbox 809 281 1002 322; x_wconf 78' lang='grc' dir='ltr'>γινομένην</span> <span class='ocrx_word' id='word_1_17' title='bbox 1017 281 1171 323; x_wconf 78' lang='grc' dir='ltr'>κρατεῖν,</span> 
     </span>
     <span class='ocr_line' id='line_1_4' title="bbox 97 320 1171 369; baseline 0 -13"><span class='ocrx_word' id='word_1_18' title='bbox 97 320 185 357; x_wconf 74' lang='grc' dir='ltr'><strong><em>ἄλλα</em></strong></span> <span class='ocrx_word' id='word_1_19' title='bbox 216 323 309 358; x_wconf 84' lang='grc' dir='ltr'><strong><em>κατὰ</em></strong></span> <span class='ocrx_word' id='word_1_20' title='bbox 335 323 417 357; x_wconf 79' lang='grc' dir='ltr'><strong><em>τοὺς</em></strong></span> <span class='ocrx_word' id='word_1_21' title='bbox 439 322 598 369; x_wconf 77' lang='grc' dir='ltr'><strong><em>γενικοὺς</em></strong></span> <span class='ocrx_word' id='word_1_22' title='bbox 620 320 727 365; x_wconf 81' lang='grc' dir='ltr'>ἡμῶν</span> <span class='ocrx_word' id='word_1_23' title='bbox 755 322 883 365; x_wconf 88' lang='grc' dir='ltr'><strong><em>νόμους</em></strong></span> <span class='ocrx_word' id='word_1_24' title='bbox 912 322 974 357; x_wconf 82' lang='grc' dir='ltr'>τὰς</span> <span class='ocrx_word' id='word_1_25' title='bbox 997 321 1096 357; x_wconf 85' lang='grc' dir='ltr'><strong><em>δίκας</em></strong></span> <span class='ocrx_word' id='word_1_26' title='bbox 1120 322 1171 364; x_wconf 79' lang='grc' dir='ltr'>ἐξ·</span> 
     </span>
     <span class='ocr_line' id='line_1_5' title="bbox 96 365 1173 414; baseline 0 -12"><span class='ocrx_word' id='word_1_27' title='bbox 96 368 296 409; x_wconf 54' lang='lat' dir='ltr'>mersabat</span> <span class='ocrx_word' id='word_1_28' title='bbox 309 381 348 401; x_wconf 90' lang='grc' dir='ltr'>τε</span> <span class='ocrx_word' id='word_1_29' title='bbox 363 370 423 401; x_wconf 83' lang='grc' dir='ltr'>καὶ</span> <span class='ocrx_word' id='word_1_30' title='bbox 439 367 654 411; x_wconf 75' lang='grc' dir='ltr'>τέμνεσθαι·</span> <span class='ocrx_word' id='word_1_31' title='bbox 674 366 718 400; x_wconf 86' lang='grc' dir='ltr'>τὸ</span> <span class='ocrx_word' id='word_1_32' title='bbox 757 365 801 411; x_wconf 83' lang='grc' dir='ltr'>ὰρ</span> <span class='ocrx_word' id='word_1_33' title='bbox 817 369 877 401; x_wconf 81' lang='grc' dir='ltr'><strong><em>ἐπὶ</em></strong></span> <span class='ocrx_word' id='word_1_34' title='bbox 893 368 937 414; x_wconf 86' lang='grc' dir='ltr'>τῇ</span> <span class='ocrx_word' id='word_1_35' title='bbox 953 369 1031 402; x_wconf 82' lang='grc' dir='ltr'>τῶν</span> <span class='ocrx_word' id='word_1_36' title='bbox 1045 367 1173 411; x_wconf 84' lang='grc' dir='ltr'><strong><em>νόμων</em></strong></span> 
     </span>
     <span class='ocr_line' id='line_1_6' title="bbox 95 408 1172 458; baseline -0.001 -11"><span class='ocrx_word' id='word_1_37' title='bbox 95 413 308 458; x_wconf 81' lang='grc' dir='ltr'>κρινόμενον</span> <span class='ocrx_word' id='word_1_38' title='bbox 332 412 473 454; x_wconf 81' lang='grc' dir='ltr'><strong><em>ἐξουσίᾳ</em></strong></span> <span class='ocrx_word' id='word_1_39' title='bbox 495 408 559 445; x_wconf 82' lang='grc' dir='ltr'>ούκ</span> <span class='ocrx_word' id='word_1_40' title='bbox 583 409 630 445; x_wconf 80' lang='grc' dir='ltr'><strong><em>ἂν</em></strong></span> <span class='ocrx_word' id='word_1_41' title='bbox 650 410 711 453; x_wconf 86' lang='grc' dir='ltr'>δεη</span> <span class='ocrx_word' id='word_1_42' title='bbox 745 415 798 453; x_wconf 85' lang='grc' dir='ltr'>είη</span> <span class='ocrx_word' id='word_1_43' title='bbox 814 410 913 446; x_wconf 81' lang='grc' dir='ltr'><strong><em>τινὸς</em></strong></span> <span class='ocrx_word' id='word_1_44' title='bbox 927 413 1072 452; x_wconf 71' lang='grc' dir='ltr'><strong><em>ἔξωθεν</em></strong></span> <span class='ocrx_word' id='word_1_45' title='bbox 1095 411 1172 447; x_wconf 88' lang='grc' dir='ltr'><strong><em>δια-</em></strong></span> 
     </span>
     <span class='ocr_line' id='line_1_7' title="bbox 95 453 1173 502; baseline 0 -10"><span class='ocrx_word' id='word_1_46' title='bbox 95 459 301 492; x_wconf 76' lang='grc' dir='ltr'><strong><em>τυπώσεως.</em></strong></span> <span class='ocrx_word' id='word_1_47' title='bbox 346 458 377 490; x_wconf 80' lang='grc' dir='ltr'>εἰ</span> <span class='ocrx_word' id='word_1_48' title='bbox 411 454 478 502; x_wconf 75' lang='grc' dir='ltr'>γάρ</span> <span class='ocrx_word' id='word_1_49' title='bbox 512 468 566 491; x_wconf 87' lang='grc' dir='ltr'>τις</span> <span class='ocrx_word' id='word_1_50' title='bbox 600 457 648 490; x_wconf 82' lang='grc' dir='ltr'>εἰς</span> <span class='ocrx_word' id='word_1_51' title='bbox 682 454 772 499; x_wconf 75' lang='grc' dir='ltr'>ἡμᾶς</span> <span class='ocrx_word' id='word_1_52' title='bbox 806 453 984 491; x_wconf 70' lang='grc' dir='ltr'><strong><em>ὑπόθεσις</em></strong></span> <span class='ocrx_word' id='word_1_53' title='bbox 1014 457 1121 492; x_wconf 78' lang='grc' dir='ltr'><strong><em>ἔλθοι</em></strong></span> <span class='ocrx_word' id='word_1_54' title='bbox 1151 454 1173 501; x_wconf 86' lang='grc' dir='ltr'>ἣ</span> 
     </span>
     <span class='ocr_line' id='line_1_8' title="bbox 96 499 1173 549; baseline 0 -13"><span class='ocrx_word' id='word_1_55' title='bbox 96 503 192 547; x_wconf 78' lang='grc' dir='ltr'><strong><em>παρὰ</em></strong></span> <span class='ocrx_word' id='word_1_56' title='bbox 218 501 368 549; x_wconf 79' lang='grc' dir='ltr'>δικαστῇ</span> <span class='ocrx_word' id='word_1_57' title='bbox 389 499 455 544; x_wconf 81' lang='grc' dir='ltr'>ἤδη</span> <span class='ocrx_word' id='word_1_58' title='bbox 479 500 648 547; x_wconf 73' lang='grc' dir='ltr'>λεγομένη</span> <span class='ocrx_word' id='word_1_59' title='bbox 672 499 694 544; x_wconf 85' lang='grc' dir='ltr'><strong><em>ἢ</em></strong></span> <span class='ocrx_word' id='word_1_60' title='bbox 710 499 781 544; x_wconf 84' lang='grc' dir='ltr'><strong><em>πρὸ</em></strong></span> <span class='ocrx_word' id='word_1_61' title='bbox 803 503 868 534; x_wconf 84' lang='grc' dir='ltr'>τοῦ</span> <span class='ocrx_word' id='word_1_62' title='bbox 891 502 1030 544; x_wconf 85' lang='grc' dir='ltr'><strong><em>ταύτην</em></strong></span> <span class='ocrx_word' id='word_1_63' title='bbox 1052 506 1173 548; x_wconf 79' lang='grc' dir='ltr'><strong><em>προοί-</em></strong></span> 
     </span>
     <span class='ocr_line' id='line_1_9' title="bbox 94 543 1174 591; baseline 0.003 -12"><span class='ocrx_word' id='word_1_64' title='bbox 94 561 179 591; x_wconf 79' lang='grc' dir='ltr'><strong><em>μιον</em></strong></span> <span class='ocrx_word' id='word_1_65' title='bbox 202 547 341 590; x_wconf 79' lang='grc' dir='ltr'><strong><em>λαβεῖν,</em></strong></span> <span class='ocrx_word' id='word_1_66' title='bbox 373 549 434 580; x_wconf 88' lang='grc' dir='ltr'>καὶ</span> <span class='ocrx_word' id='word_1_67' title='bbox 461 545 665 590; x_wconf 84' lang='grc' dir='ltr'><strong><em>συνίδωμεν</em></strong></span> <span class='ocrx_word' id='word_1_68' title='bbox 687 547 825 589; x_wconf 79' lang='grc' dir='ltr'><strong><em>ταύτην</em></strong></span> <span class='ocrx_word' id='word_1_69' title='bbox 848 543 944 590; x_wconf 78' lang='grc' dir='ltr'>ἡμεῖς</span> <span class='ocrx_word' id='word_1_70' title='bbox 967 544 1019 581; x_wconf 81' lang='grc' dir='ltr'>δι’</span> <span class='ocrx_word' id='word_1_71' title='bbox 1045 549 1174 582; x_wconf 82' lang='grc' dir='ltr'><strong><em>οἰκείας</em></strong></span> 
     </span>
     <span class='ocr_line' id='line_1_10' title="bbox 95 589 1173 636; baseline 0.003 -12"><span class='ocrx_word' id='word_1_72' title='bbox 95 591 200 635; x_wconf 82' lang='grc' dir='ltr'>ἡμῶν</span> <span class='ocrx_word' id='word_1_73' title='bbox 224 595 370 636; x_wconf 86' lang='grc' dir='ltr'><strong><em>κρίσεως</em></strong></span> <span class='ocrx_word' id='word_1_74' title='bbox 393 589 622 625; x_wconf 81' lang='grc' dir='ltr'>διατυπῶσαι</span> <span class='ocrx_word' id='word_1_75' title='bbox 653 594 713 625; x_wconf 84' lang='grc' dir='ltr'>καὶ</span> <span class='ocrx_word' id='word_1_76' title='bbox 743 594 882 635; x_wconf 86' lang='grc' dir='ltr'>τεμεῖν,</span> <span class='ocrx_word' id='word_1_77' title='bbox 916 593 1024 626; x_wconf 80' lang='grc' dir='ltr'><strong><em>τοῦτο</em></strong></span> <span class='ocrx_word' id='word_1_78' title='bbox 1055 590 1173 627; x_wconf 78' lang='grc' dir='ltr'><strong><em>οὐκέτι</em></strong></span> 
     </span>
    </p>
   </div>
   <div class='ocr_carea' id='block_1_3' title="bbox 1171 117 1256 166">
    <p class='ocr_par' dir='ltr' id='par_1_3' title="bbox 1171 117 1256 166">
     <span class='ocr_line' id='line_1_11' title="bbox 1171 117 1256 166; baseline 0.012 -1"><span class='ocrx_word' id='word_1_79' title='bbox 1171 117 1256 166; x_wconf 84' lang='grc'>530</span> 
     </span>
    </p>
   </div>
   <div class='ocr_carea' id='block_1_4' title="bbox 1954 135 2312 168">
    <p class='ocr_par' dir='ltr' id='par_1_4' title="bbox 1954 135 2312 168">
     <span class='ocr_line' id='line_1_12' title="bbox 1954 135 2312 168; baseline 0.003 -2"><span class='ocrx_word' id='word_1_80' title='bbox 1954 135 2003 166; x_wconf 78' lang='lat' dir='ltr'>m</span> <span class='ocrx_word' id='word_1_81' title='bbox 2029 135 2168 168; x_wconf 74' lang='lat' dir='ltr'>nmmo</span> <span class='ocrx_word' id='word_1_82' title='bbox 2195 135 2312 167; x_wconf 80' lang='lat' dir='ltr'>LITIS</span> 
     </span>
    </p>
   </div>
   <div class='ocr_carea' id='block_1_5' title="bbox 1208 231 2312 639">
    <p class='ocr_par' dir='ltr' id='par_1_5' title="bbox 1208 231 2312 639">
     <span class='ocr_line' id='line_1_13' title="bbox 1241 231 2309 279; baseline 0.003 -12"><span class='ocrx_word' id='word_1_83' title='bbox 1241 231 1346 267; x_wconf 89' lang='lat' dir='ltr'>modo</span> <span class='ocrx_word' id='word_1_84' title='bbox 1371 232 1473 268; x_wconf 89' lang='lat' dir='ltr'>decet</span> <span class='ocrx_word' id='word_1_85' title='bbox 1500 232 1708 269; x_wconf 87' lang='lat' dir='ltr'>incohatum</span> <span class='ocrx_word' id='word_1_86' title='bbox 1730 233 1933 268; x_wconf 84' lang='lat' dir='ltr'>examinare</span> <span class='ocrx_word' id='word_1_87' title='bbox 1961 236 2023 268; x_wconf 89' lang='lat' dir='ltr'>aut</span> <span class='ocrx_word' id='word_1_88' title='bbox 2045 234 2202 270; x_wconf 89' lang='lat' dir='ltr'>iudicare</span> <span class='ocrx_word' id='word_1_89' title='bbox 2225 243 2309 279; x_wconf 76' lang='lat' dir='ltr'>neg-</span> 
     </span>
     <span class='ocr_line' id='line_1_14' title="bbox 1241 277 2309 323; baseline 0.003 -11"><span class='ocrx_word' id='word_1_90' title='bbox 1241 277 1372 320; x_wconf 86' lang='lat' dir='ltr'>otium,</span> <span class='ocrx_word' id='word_1_91' title='bbox 1402 278 1575 314; x_wconf 85' lang='lat' dir='ltr'>insinuari</span> <span class='ocrx_word' id='word_1_92' title='bbox 1603 277 1842 313; x_wconf 87' lang='lat' dir='ltr'>iudicantibus</span> <span class='ocrx_word' id='word_1_93' title='bbox 1866 282 1929 313; x_wconf 92' lang='lat' dir='ltr'>aut</span> <span class='ocrx_word' id='word_1_94' title='bbox 1948 278 2163 314; x_wconf 84' lang='lat' dir='ltr'>insinuatam</span> <span class='ocrx_word' id='word_1_95' title='bbox 2182 280 2309 323; x_wconf 78' lang='lat' dir='ltr'>valere.</span> 
     </span>
     <span class='ocr_line' id='line_1_15' title="bbox 1240 321 2310 367; baseline 0.003 -10"><span class='ocrx_word' id='word_1_96' title='bbox 1240 322 1303 357; x_wconf 90' lang='lat' dir='ltr'>sed</span> <span class='ocrx_word' id='word_1_97' title='bbox 1327 321 1520 357; x_wconf 89' lang='lat' dir='ltr'>secundum</span> <span class='ocrx_word' id='word_1_98' title='bbox 1542 323 1725 366; x_wconf 80' lang='lat' dir='ltr'>generales</span> <span class='ocrx_word' id='word_1_99' title='bbox 1748 326 1890 358; x_wconf 89' lang='lat' dir='ltr'>nostras</span> <span class='ocrx_word' id='word_1_100' title='bbox 1913 323 2006 367; x_wconf 89' lang='lat' dir='ltr'>leges</span> <span class='ocrx_word' id='word_1_101' title='bbox 2030 333 2157 359; x_wconf 77' lang='lat' dir='ltr'><strong>causas</strong></span> <span class='ocrx_word' id='word_1_102' title='bbox 2180 325 2310 360; x_wconf 85' lang='lat' dir='ltr'>exami-</span> 
     </span>
     <span class='ocr_line' id='line_1_16' title="bbox 1240 366 2311 412; baseline 0.003 -11"><span class='ocrx_word' id='word_1_103' title='bbox 1240 367 1318 402; x_wconf 87' lang='lat' dir='ltr'>nari</span> <span class='ocrx_word' id='word_1_104' title='bbox 1353 370 1389 402; x_wconf 88' lang='lat' dir='ltr'>et</span> <span class='ocrx_word' id='word_1_105' title='bbox 1418 366 1551 403; x_wconf 85' lang='lat' dir='ltr'>decidi:</span> <span class='ocrx_word' id='word_1_106' title='bbox 1590 369 1685 412; x_wconf 91' lang='lat' dir='ltr'>quod</span> <span class='ocrx_word' id='word_1_107' title='bbox 1719 367 1811 403; x_wconf 89' lang='lat' dir='ltr'>enim</span> <span class='ocrx_word' id='word_1_108' title='bbox 1844 368 1882 403; x_wconf 89' lang='lat' dir='ltr'>in</span> <span class='ocrx_word' id='word_1_109' title='bbox 1915 369 2033 412; x_wconf 87' lang='lat' dir='ltr'>legum</span> <span class='ocrx_word' id='word_1_110' title='bbox 2093 369 2222 404; x_wconf 88' lang='lat' dir='ltr'>ositum</span> <span class='ocrx_word' id='word_1_111' title='bbox 2256 371 2311 405; x_wconf 88' lang='lat' dir='ltr'>est</span> 
     </span>
     <span class='ocr_line' id='line_1_17' title="bbox 1208 380 2308 459; baseline 0.001 -11"><span class='ocrx_word' id='word_1_112' title='bbox 1208 416 1227 448; x_wconf 86' lang='lat'>5</span> <span class='ocrx_word' id='word_1_113' title='bbox 1239 415 1428 457; x_wconf 82' lang='lat' dir='ltr'>potestate,</span> <span class='ocrx_word' id='word_1_114' title='bbox 1451 423 1524 448; x_wconf 90' lang='lat' dir='ltr'>non</span> <span class='ocrx_word' id='word_1_115' title='bbox 1547 412 1664 456; x_wconf 85' lang='lat' dir='ltr'>egebit</span> <span class='ocrx_word' id='word_1_116' title='bbox 1686 413 1805 456; x_wconf 87' lang='lat' dir='ltr'>aliqua</span> <span class='ocrx_word' id='word_1_117' title='bbox 1824 413 2044 448; x_wconf 89' lang='lat' dir='ltr'>extrinsecus</span> <span class='ocrx_word' id='word_1_118' title='bbox 2067 380 2308 459; x_wconf 53' lang='lat' dir='ltr'>dispositione.</span> 
     </span>
     <span class='ocr_line' id='line_1_18' title="bbox 1241 456 2312 512; baseline 0.003 -21"><span class='ocrx_word' id='word_1_119' title='bbox 1241 457 1278 492; x_wconf 80' lang='lat' dir='ltr'>Si</span> <span class='ocrx_word' id='word_1_120' title='bbox 1302 456 1397 501; x_wconf 88' lang='lat' dir='ltr'>quod</span> <span class='ocrx_word' id='word_1_121' title='bbox 1428 457 1521 492; x_wconf 89' lang='lat' dir='ltr'>enim</span> <span class='ocrx_word' id='word_1_122' title='bbox 1550 458 1597 492; x_wconf 86' lang='lat' dir='ltr'>ad</span> <span class='ocrx_word' id='word_1_123' title='bbox 1627 468 1692 493; x_wconf 91' lang='lat' dir='ltr'>nos</span> <span class='ocrx_word' id='word_1_124' title='bbox 1723 457 1902 502; x_wconf 85' lang='lat' dir='ltr'>negotium</span> <span class='ocrx_word' id='word_1_125' title='bbox 1932 459 2084 502; x_wconf 87' lang='lat' dir='ltr'>&lt;venerit</span> <span class='ocrx_word' id='word_1_126' title='bbox 2106 458 2185 503; x_wconf 83' lang='lat' dir='ltr'>aut&gt;</span> <span class='ocrx_word' id='word_1_127' title='bbox 2215 459 2312 512; x_wconf 83' lang='lat' dir='ltr'>apud</span> 
     </span>
     <span class='ocr_line' id='line_1_19' title="bbox 1239 502 2311 549; baseline 0.002 -13"><span class='ocrx_word' id='word_1_128' title='bbox 1239 502 1393 537; x_wconf 88' lang='lat' dir='ltr'>iudicem</span> <span class='ocrx_word' id='word_1_129' title='bbox 1421 502 1492 537; x_wconf 85' lang='lat' dir='ltr'>iam</span> <span class='ocrx_word' id='word_1_130' title='bbox 1522 502 1656 538; x_wconf 90' lang='lat' dir='ltr'>dictum</span> <span class='ocrx_word' id='word_1_131' title='bbox 1686 505 1750 537; x_wconf 88' lang='lat' dir='ltr'>aut</span> <span class='ocrx_word' id='word_1_132' title='bbox 1778 507 1969 548; x_wconf 85' lang='lat' dir='ltr'>antequam</span> <span class='ocrx_word' id='word_1_133' title='bbox 2001 504 2068 539; x_wconf 87' lang='lat' dir='ltr'>hoc</span> <span class='ocrx_word' id='word_1_134' title='bbox 2098 503 2311 549; x_wconf 74' lang='lat' dir='ltr'>principium</span> 
     </span>
     <span class='ocr_line' id='line_1_20' title="bbox 1241 548 2310 594; baseline 0.001 -12"><span class='ocrx_word' id='word_1_135' title='bbox 1241 551 1368 588; x_wconf 88' lang='lat' dir='ltr'>sumat,</span> <span class='ocrx_word' id='word_1_136' title='bbox 1399 549 1436 582; x_wconf 88' lang='lat' dir='ltr'>et</span> <span class='ocrx_word' id='word_1_137' title='bbox 1458 548 1741 592; x_wconf 81' lang='lat' dir='ltr'>perspexerimus</span> <span class='ocrx_word' id='word_1_138' title='bbox 1770 548 1839 583; x_wconf 92' lang='lat' dir='ltr'>hoc</span> <span class='ocrx_word' id='word_1_139' title='bbox 1863 558 1928 583; x_wconf 91' lang='lat' dir='ltr'>nos</span> <span class='ocrx_word' id='word_1_140' title='bbox 1981 558 2019 583; x_wconf 87' lang='lat' dir='ltr'>er</span> <span class='ocrx_word' id='word_1_141' title='bbox 2041 548 2223 594; x_wconf 88' lang='lat' dir='ltr'>proprium</span> <span class='ocrx_word' id='word_1_142' title='bbox 2246 558 2310 583; x_wconf 91' lang='lat' dir='ltr'>no-</span> 
     </span>
     <span class='ocr_line' id='line_1_21' title="bbox 1241 591 2312 639; baseline 0.002 -13"><span class='ocrx_word' id='word_1_143' title='bbox 1241 595 1353 627; x_wconf 89' lang='lat' dir='ltr'>strum</span> <span class='ocrx_word' id='word_1_144' title='bbox 1384 591 1555 627; x_wconf 88' lang='lat' dir='ltr'>iudicium</span> <span class='ocrx_word' id='word_1_145' title='bbox 1584 592 1771 637; x_wconf 85' lang='lat' dir='ltr'>disponere</span> <span class='ocrx_word' id='word_1_146' title='bbox 1800 596 1836 627; x_wconf 88' lang='lat' dir='ltr'>et</span> <span class='ocrx_word' id='word_1_147' title='bbox 1866 593 1943 628; x_wconf 90' lang='lat' dir='ltr'>deci</span> <span class='ocrx_word' id='word_1_148' title='bbox 1969 603 2045 636; x_wconf 91' lang='lat' dir='ltr'>ere,</span> <span class='ocrx_word' id='word_1_149' title='bbox 2081 594 2149 628; x_wconf 90' lang='lat' dir='ltr'>hoc</span> <span class='ocrx_word' id='word_1_150' title='bbox 2179 602 2312 639; x_wconf 86' lang='lat' dir='ltr'>nequa-</span> 
     </span>
    </p>
   </div>
   <div class='ocr_carea' id='block_1_6' title="bbox 94 633 2312 692">
    <p class='ocr_par' dir='ltr' id='par_1_6' title="bbox 94 633 2312 692">
     <span class='ocr_line' id='line_1_22' title="bbox 94 633 2312 692; baseline 0.001 -22"><span class='ocrx_word' id='word_1_151' title='bbox 94 638 157 679; x_wconf 80' lang='grc' dir='ltr'>τῆς</span> <span class='ocrx_word' id='word_1_152' title='bbox 187 636 306 681; x_wconf 57' lang='grc' dir='ltr'><strong><em>ἑτέρου</em></strong></span> <span class='ocrx_word' id='word_1_153' title='bbox 338 633 509 670; x_wconf 76' lang='grc' dir='ltr'>δικαστοῦ</span> <span class='ocrx_word' id='word_1_154' title='bbox 547 635 665 670; x_wconf 80' lang='grc' dir='ltr'><strong><em>δέεται</em></strong></span> <span class='ocrx_word' id='word_1_155' title='bbox 696 640 859 680; x_wconf 74' lang='grc' dir='ltr'><strong><em>κρίσεως·</em></strong></span> <span class='ocrx_word' id='word_1_156' title='bbox 895 637 942 670; x_wconf 83' lang='grc' dir='ltr'>τὰ</span> <span class='ocrx_word' id='word_1_157' title='bbox 974 635 1045 692; x_wconf 77' lang='grc' dir='ltr'>γὰρ</span> <span class='ocrx_word' id='word_1_158' title='bbox 1079 636 1173 690; x_wconf 45' lang='grc' dir='ltr'>παρζι</span> <span class='ocrx_word' id='word_1_159' title='bbox 1188 641 1228 673; x_wconf 86' lang='grc'>10</span> <span class='ocrx_word' id='word_1_160' title='bbox 1242 647 1347 682; x_wconf 91' lang='lat' dir='ltr'>quam</span> <span class='ocrx_word' id='word_1_161' title='bbox 1385 637 1531 672; x_wconf 88' lang='lat' dir='ltr'>alterius</span> <span class='ocrx_word' id='word_1_162' title='bbox 1568 637 1696 672; x_wconf 88' lang='lat' dir='ltr'>iudicis</span> <span class='ocrx_word' id='word_1_163' title='bbox 1736 637 1852 681; x_wconf 87' lang='lat' dir='ltr'>egebit</span> <span class='ocrx_word' id='word_1_164' title='bbox 1889 637 2038 674; x_wconf 86' lang='lat' dir='ltr'>iudicio:</span> <span class='ocrx_word' id='word_1_165' title='bbox 2083 638 2254 683; x_wconf 81' lang='lat' dir='ltr'>siquidem</span> <span class='ocrx_word' id='word_1_166' title='bbox 2289 647 2312 673; x_wconf 78' lang='lat' dir='ltr'>a</span> 
     </span>
    </p>
   </div>
   <div class='ocr_carea' id='block_1_7' title="bbox 94 678 1174 869">
    <p class='ocr_par' dir='ltr' id='par_1_7' title="bbox 94 678 1174 869">
     <span class='ocr_line' id='line_1_23' title="bbox 94 678 1174 727; baseline 0.002 -13"><span class='ocrx_word' id='word_1_167' title='bbox 94 680 198 725; x_wconf 77' lang='grc' dir='ltr'>ἡμῶν</span> <span class='ocrx_word' id='word_1_168' title='bbox 223 679 283 714; x_wconf 82' lang='grc' dir='ltr'>διὰ</span> <span class='ocrx_word' id='word_1_169' title='bbox 308 681 412 715; x_wconf 75' lang='grc' dir='ltr'><strong><em>θείας</em></strong></span> <span class='ocrx_word' id='word_1_170' title='bbox 435 679 497 723; x_wconf 71' lang='grc' dir='ltr'>(ὥς</span> <span class='ocrx_word' id='word_1_171' title='bbox 519 682 668 726; x_wconf 83' lang='grc' dir='ltr'><strong><em>εἴρηται)</em></strong></span> <span class='ocrx_word' id='word_1_172' title='bbox 692 685 839 726; x_wconf 77' lang='grc' dir='ltr'><strong><em>κρίσεως</em></strong></span> <span class='ocrx_word' id='word_1_173' title='bbox 862 678 1129 727; x_wconf 78' lang='grc' dir='ltr'><strong><em>διατυπουμενα</em></strong></span> <span class='ocrx_word' id='word_1_174' title='bbox 1152 696 1174 725; x_wconf 95' lang='grc' dir='ltr'><strong><em>η</em></strong></span> 
     </span>
     <span class='ocr_line' id='line_1_24' title="bbox 94 723 1173 772; baseline 0 -12"><span class='ocrx_word' id='word_1_175' title='bbox 94 726 296 769; x_wconf 84' lang='grc' dir='ltr'><strong><em>τεμνόμενοι</em></strong></span> <span class='ocrx_word' id='word_1_176' title='bbox 318 723 361 759; x_wconf 83' lang='grc' dir='ltr'>οὐ</span> <span class='ocrx_word' id='word_1_177' title='bbox 385 724 591 770; x_wconf 63' lang='grc' dir='ltr'><strong><em>προς-δέεται</em></strong></span> <span class='ocrx_word' id='word_1_178' title='bbox 614 727 674 769; x_wconf 81' lang='grc' dir='ltr'>τῆς</span> <span class='ocrx_word' id='word_1_179' title='bbox 696 727 832 772; x_wconf 82' lang='grc' dir='ltr'><strong><em>ἑτέρων</em></strong></span> <span class='ocrx_word' id='word_1_180' title='bbox 855 726 1046 766; x_wconf 75' lang='grc' dir='ltr'><strong><em>ἐξετάσεως</em></strong></span> <span class='ocrx_word' id='word_1_181' title='bbox 1064 725 1087 770; x_wconf 88' lang='grc' dir='ltr'>ἣ</span> <span class='ocrx_word' id='word_1_182' title='bbox 1102 731 1173 772; x_wconf 82' lang='grc' dir='ltr'><strong><em>κρί-</em></strong></span> 
     </span>
     <span class='ocr_line' id='line_1_25' title="bbox 94 767 1173 818; baseline 0.002 -14"><span class='ocrx_word' id='word_1_183' title='bbox 94 782 183 804; x_wconf 85' lang='grc' dir='ltr'><strong><em>σεως</em></strong></span> <span class='ocrx_word' id='word_1_184' title='bbox 205 768 226 813; x_wconf 86' lang='grc' dir='ltr'><em>ἢ</em></span> <span class='ocrx_word' id='word_1_185' title='bbox 250 768 558 816; x_wconf 81' lang='grc' dir='ltr'><strong><em>ἆναψηλαφὴσεώς</em></strong></span> <span class='ocrx_word' id='word_1_186' title='bbox 580 782 686 806; x_wconf 89' lang='grc' dir='ltr'><strong><em>τινος.</em></strong></span> <span class='ocrx_word' id='word_1_187' title='bbox 733 767 830 815; x_wconf 81' lang='grc' dir='ltr'>ἡμεῖς</span> <span class='ocrx_word' id='word_1_188' title='bbox 851 771 940 818; x_wconf 80' lang='grc' dir='ltr'><strong><em>γὰρ,</em></strong></span> <span class='ocrx_word' id='word_1_189' title='bbox 966 771 1017 806; x_wconf 80' lang='grc' dir='ltr'><strong><em>οἷς</em></strong></span> <span class='ocrx_word' id='word_1_190' title='bbox 1039 769 1060 806; x_wconf 80' lang='grc' dir='ltr'>ὁ</span> <span class='ocrx_word' id='word_1_191' title='bbox 1085 771 1173 806; x_wconf 73' lang='grc' dir='ltr'>θεὸς</span> 
     </span>
     <span class='ocr_line' id='line_1_26' title="bbox 94 814 1172 869; baseline 0.003 -21"><span class='ocrx_word' id='word_1_192' title='bbox 94 819 153 849; x_wconf 80' lang='grc' dir='ltr'>καὶ</span> <span class='ocrx_word' id='word_1_193' title='bbox 175 816 243 858; x_wconf 86' lang='grc' dir='ltr'>τὴν</span> <span class='ocrx_word' id='word_1_194' title='bbox 264 817 328 850; x_wconf 86' lang='grc' dir='ltr'>τοῦ</span> <span class='ocrx_word' id='word_1_195' title='bbox 351 816 568 869; x_wconf 65' lang='grc' dir='ltr'><strong><em>νομοθετεῖν</em></strong></span> <span class='ocrx_word' id='word_1_196' title='bbox 592 816 758 856; x_wconf 80' lang='grc' dir='ltr'>ἐξουσίαν</span> <span class='ocrx_word' id='word_1_197' title='bbox 782 814 1007 863; x_wconf 83' lang='grc' dir='ltr'><strong><em>ἐδωρήσατο,</em></strong></span> <span class='ocrx_word' id='word_1_198' title='bbox 1034 817 1070 851; x_wconf 83' lang='grc' dir='ltr'>εἴ</span> <span class='ocrx_word' id='word_1_199' title='bbox 1087 831 1172 851; x_wconf 89' lang='grc' dir='ltr'><strong><em>τινα</em></strong></span> 
     </span>
    </p>
   </div>
   <div class='ocr_carea' id='block_1_8' title="bbox 1240 681 2312 863">
    <p class='ocr_par' dir='ltr' id='par_1_8' title="bbox 1240 681 2312 863">
     <span class='ocr_line' id='line_1_27' title="bbox 1240 681 2310 726; baseline 0.002 -10"><span class='ocrx_word' id='word_1_200' title='bbox 1240 681 1345 717; x_wconf 88' lang='lat' dir='ltr'>nobis</span> <span class='ocrx_word' id='word_1_201' title='bbox 1373 692 1438 726; x_wconf 90' lang='lat' dir='ltr'>per</span> <span class='ocrx_word' id='word_1_202' title='bbox 1469 692 1610 717; x_wconf 88' lang='lat' dir='ltr'>sacrum</span> <span class='ocrx_word' id='word_1_203' title='bbox 1640 682 1759 725; x_wconf 86' lang='lat' dir='ltr'>(sicuti</span> <span class='ocrx_word' id='word_1_204' title='bbox 1788 682 1921 718; x_wconf 88' lang='lat' dir='ltr'>dictum</span> <span class='ocrx_word' id='word_1_205' title='bbox 1944 687 2010 723; x_wconf 88' lang='lat' dir='ltr'>est)</span> <span class='ocrx_word' id='word_1_206' title='bbox 2039 683 2210 718; x_wconf 90' lang='lat' dir='ltr'>iudicium</span> <span class='ocrx_word' id='word_1_207' title='bbox 2239 683 2310 718; x_wconf 89' lang='lat' dir='ltr'>dis-</span> 
     </span>
     <span class='ocr_line' id='line_1_28' title="bbox 1241 726 2312 771; baseline 0.002 -10"><span class='ocrx_word' id='word_1_208' title='bbox 1241 726 1361 771; x_wconf 90' lang='lat' dir='ltr'>posita</span> <span class='ocrx_word' id='word_1_209' title='bbox 1382 730 1446 762; x_wconf 87' lang='lat' dir='ltr'>aut</span> <span class='ocrx_word' id='word_1_210' title='bbox 1468 726 1587 762; x_wconf 89' lang='lat' dir='ltr'>decisa</span> <span class='ocrx_word' id='word_1_211' title='bbox 1609 737 1682 762; x_wconf 89' lang='lat' dir='ltr'>non</span> <span class='ocrx_word' id='word_1_212' title='bbox 1704 727 1858 771; x_wconf 89' lang='lat' dir='ltr'>egebunt</span> <span class='ocrx_word' id='word_1_213' title='bbox 1880 727 2029 763; x_wconf 88' lang='lat' dir='ltr'>aliorum</span> <span class='ocrx_word' id='word_1_214' title='bbox 2051 728 2312 763; x_wconf 78' lang='lat' dir='ltr'>examinatione</span> 
     </span>
     <span class='ocr_line' id='line_1_29' title="bbox 1242 771 2311 818; baseline 0.001 -12"><span class='ocrx_word' id='word_1_215' title='bbox 1242 775 1305 807; x_wconf 87' lang='lat' dir='ltr'>aut</span> <span class='ocrx_word' id='word_1_216' title='bbox 1327 771 1455 806; x_wconf 91' lang='lat' dir='ltr'>iudicio</span> <span class='ocrx_word' id='word_1_217' title='bbox 1480 775 1545 806; x_wconf 86' lang='lat' dir='ltr'>aut</span> <span class='ocrx_word' id='word_1_218' title='bbox 1566 772 1818 808; x_wconf 80' lang='lat' dir='ltr'>retractatione</span> <span class='ocrx_word' id='word_1_219' title='bbox 1840 772 1970 817; x_wconf 85' lang='lat' dir='ltr'>aliqua.</span> <span class='ocrx_word' id='word_1_220' title='bbox 2014 773 2090 809; x_wconf 88' lang='lat' dir='ltr'>Nos</span> <span class='ocrx_word' id='word_1_221' title='bbox 2105 774 2210 814; x_wconf 88' lang='lat' dir='ltr'>enim,</span> <span class='ocrx_word' id='word_1_222' title='bbox 2234 773 2311 818; x_wconf 90' lang='lat' dir='ltr'>qui-</span> 
     </span>
     <span class='ocr_line' id='line_1_30' title="bbox 1241 817 2312 863; baseline 0.002 -12"><span class='ocrx_word' id='word_1_223' title='bbox 1241 817 1309 852; x_wconf 89' lang='lat' dir='ltr'>bus</span> <span class='ocrx_word' id='word_1_224' title='bbox 1332 817 1419 851; x_wconf 91' lang='lat' dir='ltr'>deus</span> <span class='ocrx_word' id='word_1_225' title='bbox 1443 820 1481 851; x_wconf 92' lang='lat' dir='ltr'>et</span> <span class='ocrx_word' id='word_1_226' title='bbox 1504 817 1686 852; x_wconf 87' lang='lat' dir='ltr'>sanciendi</span> <span class='ocrx_word' id='word_1_227' title='bbox 1708 819 1921 861; x_wconf 87' lang='lat' dir='ltr'>potestatem</span> <span class='ocrx_word' id='word_1_228' title='bbox 1944 817 2098 860; x_wconf 84' lang='lat' dir='ltr'>donavit,</span> <span class='ocrx_word' id='word_1_229' title='bbox 2122 818 2155 853; x_wconf 88' lang='lat' dir='ltr'>si</span> <span class='ocrx_word' id='word_1_230' title='bbox 2169 817 2312 863; x_wconf 85' lang='lat' dir='ltr'>aliquod</span> 
     </span>
    </p>
   </div>
   <div class='ocr_carea' id='block_1_9' title="bbox 94 859 2312 916">
    <p class='ocr_par' dir='ltr' id='par_1_9' title="bbox 94 859 2312 916">
     <span class='ocr_line' id='line_1_31' title="bbox 94 859 2312 916; baseline 0.002 -22"><span class='ocrx_word' id='word_1_231' title='bbox 94 865 212 906; x_wconf 82' lang='grc' dir='ltr'><strong><em>κρίσιν</em></strong></span> <span class='ocrx_word' id='word_1_232' title='bbox 235 862 299 895; x_wconf 81' lang='grc' dir='ltr'><strong><em>ἐπί</em></strong></span> <span class='ocrx_word' id='word_1_233' title='bbox 318 874 391 895; x_wconf 86' lang='grc' dir='ltr'><strong><em>τινι</em></strong></span> <span class='ocrx_word' id='word_1_234' title='bbox 420 861 596 895; x_wconf 72' lang='grc' dir='ltr'><strong><em>υποθέσει</em></strong></span> <span class='ocrx_word' id='word_1_235' title='bbox 627 863 934 916; x_wconf 71' lang='grc' dir='ltr'><strong><em>προςενέγκωμεν,</em></strong></span> <span class='ocrx_word' id='word_1_236' title='bbox 965 859 1029 904; x_wconf 80' lang='grc' dir='ltr'>οὐχ</span> <span class='ocrx_word' id='word_1_237' title='bbox 1061 862 1171 905; x_wconf 79' lang='grc' dir='ltr'><strong><em>ἑτέρῳ</em></strong></span> <span class='ocrx_word' id='word_1_238' title='bbox 1188 865 1227 897; x_wconf 89' lang='grc'>15</span> <span class='ocrx_word' id='word_1_239' title='bbox 1241 862 1410 897; x_wconf 87' lang='lat' dir='ltr'>iudicium</span> <span class='ocrx_word' id='word_1_240' title='bbox 1440 862 1478 896; x_wconf 88' lang='lat' dir='ltr'>in</span> <span class='ocrx_word' id='word_1_241' title='bbox 1502 861 1660 906; x_wconf 85' lang='lat' dir='ltr'>quolibet</span> <span class='ocrx_word' id='word_1_242' title='bbox 1682 862 1823 906; x_wconf 83' lang='lat' dir='ltr'>negotio</span> <span class='ocrx_word' id='word_1_243' title='bbox 1847 863 2118 907; x_wconf 77' lang='lat' dir='ltr'>protulerimus,</span> <span class='ocrx_word' id='word_1_244' title='bbox 2149 873 2220 898; x_wconf 85' lang='lat' dir='ltr'>non</span> <span class='ocrx_word' id='word_1_245' title='bbox 2240 863 2312 898; x_wconf 70' lang='lat' dir='ltr'>alio</span> 
     </span>
    </p>
   </div>
   <div class='ocr_carea' id='block_1_10' title="bbox 92 904 1175 1094">
    <p class='ocr_par' dir='ltr' id='par_1_10' title="bbox 92 904 1175 1094">
     <span class='ocr_line' id='line_1_32' title="bbox 94 904 1170 952; baseline 0 -13"><span class='ocrx_word' id='word_1_246' title='bbox 94 906 243 952; x_wconf 79' lang='grc' dir='ltr'><strong><em>δικαστῇ</em></strong></span> <span class='ocrx_word' id='word_1_247' title='bbox 268 905 406 947; x_wconf 86' lang='grc' dir='ltr'><strong><em>ταύτην</em></strong></span> <span class='ocrx_word' id='word_1_248' title='bbox 429 908 670 951; x_wconf 79' lang='grc' dir='ltr'>ἐπιτρέπομεν</span> <span class='ocrx_word' id='word_1_249' title='bbox 693 906 764 940; x_wconf 81' lang='grc' dir='ltr'><strong><em>εἴτε</em></strong></span> <span class='ocrx_word' id='word_1_250' title='bbox 787 904 849 940; x_wconf 81' lang='grc' dir='ltr'>διὰ</span> <span class='ocrx_word' id='word_1_251' title='bbox 871 919 1001 941; x_wconf 84' lang='grc' dir='ltr'><strong><em>τύπων</em></strong></span> <span class='ocrx_word' id='word_1_252' title='bbox 1018 907 1089 941; x_wconf 78' lang='grc' dir='ltr'><strong><em>εἴτε</em></strong></span> <span class='ocrx_word' id='word_1_253' title='bbox 1113 905 1170 940; x_wconf 72' lang='grc' dir='ltr'>διὰ</span> 
     </span>
     <span class='ocr_line' id='line_1_33' title="bbox 93 949 1174 999; baseline 0.002 -16"><span class='ocrx_word' id='word_1_254' title='bbox 93 950 331 985; x_wconf 74' lang='grc' dir='ltr'><strong><em>καταθέσεων</em></strong></span> <span class='ocrx_word' id='word_1_255' title='bbox 362 952 439 985; x_wconf 81' lang='grc' dir='ltr'>τῶν</span> <span class='ocrx_word' id='word_1_256' title='bbox 470 950 725 996; x_wconf 76' lang='grc' dir='ltr'>περιβλέπτων</span> <span class='ocrx_word' id='word_1_257' title='bbox 755 949 859 996; x_wconf 79' lang='grc' dir='ltr'>ἡμῶν</span> <span class='ocrx_word' id='word_1_258' title='bbox 886 951 1174 999; x_wconf 81' lang='grc' dir='ltr'><strong><em>ῥεφερενδαρίων</em></strong></span> 
     </span>
     <span class='ocr_line' id='line_1_34' title="bbox 92 992 1175 1040; baseline 0.002 -11"><span class='ocrx_word' id='word_1_259' title='bbox 92 992 114 1038; x_wconf 82' lang='grc' dir='ltr'><em>ἢ</em></span> <span class='ocrx_word' id='word_1_260' title='bbox 138 995 258 1040; x_wconf 81' lang='grc' dir='ltr'><strong><em>ἑτέρου</em></strong></span> <span class='ocrx_word' id='word_1_261' title='bbox 281 994 396 1037; x_wconf 80' lang='grc' dir='ltr'><strong><em>τινός,</em></strong></span> <span class='ocrx_word' id='word_1_262' title='bbox 429 992 530 1030; x_wconf 78' lang='grc' dir='ltr'><strong><em>ὅπως</em></strong></span> <span class='ocrx_word' id='word_1_263' title='bbox 554 994 627 1030; x_wconf 88' lang='grc' dir='ltr'><strong><em>δέοι</em></strong></span> <span class='ocrx_word' id='word_1_264' title='bbox 650 995 718 1038; x_wconf 78' lang='grc' dir='ltr'>τὴν</span> <span class='ocrx_word' id='word_1_265' title='bbox 736 995 909 1038; x_wconf 80' lang='grc' dir='ltr'>τοιαύτην</span> <span class='ocrx_word' id='word_1_266' title='bbox 924 995 1106 1031; x_wconf 74' lang='grc' dir='ltr'><strong><em>ὑπόθεσιν</em></strong></span> <span class='ocrx_word' id='word_1_267' title='bbox 1122 997 1175 1038; x_wconf 81' lang='grc' dir='ltr'>ἐξ·</span> 
     </span>
     <span class='ocr_line' id='line_1_35' title="bbox 93 1038 1175 1094; baseline 0.003 -21"><span class='ocrx_word' id='word_1_268' title='bbox 93 1040 292 1082; x_wconf 75' lang='grc' dir='ltr'><strong><em>ετάζεσθαι</em></strong></span> <span class='ocrx_word' id='word_1_269' title='bbox 315 1038 338 1084; x_wconf 86' lang='grc' dir='ltr'><em>ἢ</em></span> <span class='ocrx_word' id='word_1_270' title='bbox 362 1042 568 1086; x_wconf 72' lang='grc' dir='ltr'><strong><em>κρίνεσθαι,</em></strong></span> <span class='ocrx_word' id='word_1_271' title='bbox 600 1040 659 1074; x_wconf 84' lang='grc' dir='ltr'>οἶα</span> <span class='ocrx_word' id='word_1_272' title='bbox 682 1041 771 1094; x_wconf 56' lang='lat' dir='ltr'>naq:</span> <span class='ocrx_word' id='word_1_273' title='bbox 798 1038 903 1085; x_wconf 80' lang='grc' dir='ltr'>ἡμῶν</span> <span class='ocrx_word' id='word_1_274' title='bbox 934 1038 1035 1082; x_wconf 74' lang='grc' dir='ltr'><strong><em>ἅπαξ</em></strong></span> <span class='ocrx_word' id='word_1_275' title='bbox 1065 1055 1175 1087; x_wconf 84' lang='grc' dir='ltr'><strong><em>κεκρι-</em></strong></span> 
     </span>
    </p>
   </div>
   <div class='ocr_carea' id='block_1_11' title="bbox 1240 906 2313 1086">
    <p class='ocr_par' dir='ltr' id='par_1_11' title="bbox 1240 906 2313 1086">
     <span class='ocr_line' id='line_1_36' title="bbox 1240 906 2313 952; baseline 0.001 -11"><span class='ocrx_word' id='word_1_276' title='bbox 1240 907 1348 941; x_wconf 91' lang='lat' dir='ltr'>iudici</span> <span class='ocrx_word' id='word_1_277' title='bbox 1383 907 1452 941; x_wconf 89' lang='lat' dir='ltr'>hoc</span> <span class='ocrx_word' id='word_1_278' title='bbox 1487 906 1737 942; x_wconf 84' lang='lat' dir='ltr'>committimus</span> <span class='ocrx_word' id='word_1_279' title='bbox 1771 907 1845 942; x_wconf 90' lang='lat' dir='ltr'>sive</span> <span class='ocrx_word' id='word_1_280' title='bbox 1879 917 1943 952; x_wconf 89' lang='lat' dir='ltr'>per</span> <span class='ocrx_word' id='word_1_281' title='bbox 1974 907 2106 943; x_wconf 86' lang='lat' dir='ltr'>formas</span> <span class='ocrx_word' id='word_1_282' title='bbox 2141 907 2214 942; x_wconf 86' lang='lat' dir='ltr'>sive</span> <span class='ocrx_word' id='word_1_283' title='bbox 2247 917 2313 952; x_wconf 88' lang='lat' dir='ltr'>per</span> 
     </span>
     <span class='ocr_line' id='line_1_37' title="bbox 1243 951 2313 996; baseline 0 -10"><span class='ocrx_word' id='word_1_284' title='bbox 1243 951 1481 996; x_wconf 90' lang='lat' dir='ltr'>depositiones</span> <span class='ocrx_word' id='word_1_285' title='bbox 1497 951 1746 996; x_wconf 86' lang='lat' dir='ltr'>spectabilium</span> <span class='ocrx_word' id='word_1_286' title='bbox 1768 956 1971 987; x_wconf 90' lang='lat' dir='ltr'>nostrorum</span> <span class='ocrx_word' id='word_1_287' title='bbox 1994 951 2313 988; x_wconf 87' lang='lat' dir='ltr'>referendariorum</span> 
     </span>
     <span class='ocr_line' id='line_1_38' title="bbox 1243 996 2312 1041; baseline 0 -9"><span class='ocrx_word' id='word_1_288' title='bbox 1243 1000 1307 1032; x_wconf 88' lang='lat' dir='ltr'>aut</span> <span class='ocrx_word' id='word_1_289' title='bbox 1330 997 1477 1031; x_wconf 89' lang='lat' dir='ltr'>alterius</span> <span class='ocrx_word' id='word_1_290' title='bbox 1502 996 1706 1039; x_wconf 86' lang='lat' dir='ltr'>cuiuslibet,</span> <span class='ocrx_word' id='word_1_291' title='bbox 1739 996 1917 1041; x_wconf 87' lang='lat' dir='ltr'>quomodo</span> <span class='ocrx_word' id='word_1_292' title='bbox 1948 997 2114 1032; x_wconf 86' lang='lat' dir='ltr'>convenit</span> <span class='ocrx_word' id='word_1_293' title='bbox 2140 997 2209 1032; x_wconf 91' lang='lat' dir='ltr'>hoc</span> <span class='ocrx_word' id='word_1_294' title='bbox 2227 1006 2312 1040; x_wconf 89' lang='lat' dir='ltr'>neg-</span> 
     </span>
     <span class='ocr_line' id='line_1_39' title="bbox 1243 1041 2312 1086; baseline 0 -9"><span class='ocrx_word' id='word_1_295' title='bbox 1243 1042 1354 1077; x_wconf 87' lang='lat' dir='ltr'>otium</span> <span class='ocrx_word' id='word_1_296' title='bbox 1377 1041 1573 1076; x_wconf 85' lang='lat' dir='ltr'>examinari</span> <span class='ocrx_word' id='word_1_297' title='bbox 1602 1045 1666 1076; x_wconf 86' lang='lat' dir='ltr'>aut</span> <span class='ocrx_word' id='word_1_298' title='bbox 1688 1042 1856 1082; x_wconf 85' lang='lat' dir='ltr'>iudicari,</span> <span class='ocrx_word' id='word_1_299' title='bbox 1887 1045 2013 1086; x_wconf 87' lang='lat' dir='ltr'>utpote</span> <span class='ocrx_word' id='word_1_300' title='bbox 2035 1052 2058 1077; x_wconf 92' lang='lat' dir='ltr'>a</span> <span class='ocrx_word' id='word_1_301' title='bbox 2081 1042 2182 1077; x_wconf 90' lang='lat' dir='ltr'>nobis</span> <span class='ocrx_word' id='word_1_302' title='bbox 2205 1041 2312 1077; x_wconf 91' lang='lat' dir='ltr'>semel</span> 
     </span>
    </p>
   </div>
   <div class='ocr_carea' id='block_1_12' title="bbox 93 1082 2314 1140">
    <p class='ocr_par' dir='ltr' id='par_1_12' title="bbox 93 1082 2314 1140">
     <span class='ocr_line' id='line_1_40' title="bbox 93 1082 2314 1140; baseline 0.001 -22"><span class='ocrx_word' id='word_1_303' title='bbox 93 1088 204 1139; x_wconf 68' lang='grc' dir='ltr'><strong><em>μένην</em></strong></span> <span class='ocrx_word' id='word_1_304' title='bbox 232 1088 292 1119; x_wconf 83' lang='grc' dir='ltr'>καὶ</span> <span class='ocrx_word' id='word_1_305' title='bbox 325 1082 642 1140; x_wconf 72' lang='grc' dir='ltr'><strong><em>ἆναψηλαφᾶσθαι</em></strong></span> <span class='ocrx_word' id='word_1_306' title='bbox 676 1099 751 1139; x_wconf 64' lang='grc' dir='ltr'>παρ</span> <span class='ocrx_word' id='word_1_307' title='bbox 792 1085 938 1121; x_wconf 80' lang='grc' dir='ltr'><strong><em>οὐδενὸς</em></strong></span> <span class='ocrx_word' id='word_1_308' title='bbox 961 1085 1175 1131; x_wconf 86' lang='grc' dir='ltr'><strong><em>δυναμένην.</em></strong></span> <span class='ocrx_word' id='word_1_309' title='bbox 1188 1089 1230 1122; x_wconf 83' lang='grc'>20</span> <span class='ocrx_word' id='word_1_310' title='bbox 1242 1086 1437 1121; x_wconf 80' lang='lat' dir='ltr'>iudicatum</span> <span class='ocrx_word' id='word_1_311' title='bbox 1475 1090 1510 1121; x_wconf 88' lang='lat' dir='ltr'>et</span> <span class='ocrx_word' id='word_1_312' title='bbox 1567 1086 1638 1121; x_wconf 92' lang='lat' dir='ltr'>uod</span> <span class='ocrx_word' id='word_1_313' title='bbox 1671 1086 1858 1122; x_wconf 78' lang='lat' dir='ltr'>retractari</span> <span class='ocrx_word' id='word_1_314' title='bbox 1892 1097 1914 1121; x_wconf 84' lang='lat' dir='ltr'>a</span> <span class='ocrx_word' id='word_1_315' title='bbox 1948 1087 2044 1122; x_wconf 89' lang='lat' dir='ltr'>nullo</span> <span class='ocrx_word' id='word_1_316' title='bbox 2073 1086 2201 1122; x_wconf 71' lang='lat' dir='ltr'>valeat.</span> <span class='ocrx_word' id='word_1_317' title='bbox 2248 1086 2314 1121; x_wconf 79' lang='lat' dir='ltr'>His</span> 
     </span>
    </p>
   </div>
   <div class='ocr_carea' id='block_1_13' title="bbox 92 1128 1175 1323">
    <p class='ocr_par' dir='ltr' id='par_1_13' title="bbox 92 1128 1175 1323">
     <span class='ocr_line' id='line_1_41' title="bbox 92 1128 1175 1178; baseline 0.002 -14"><span class='ocrx_word' id='word_1_318' title='bbox 92 1143 236 1164; x_wconf 86' lang='grc' dir='ltr'><strong><em>τουτων</em></strong></span> <span class='ocrx_word' id='word_1_319' title='bbox 256 1129 421 1174; x_wconf 87' lang='grc' dir='ltr'><strong><em>δηλονοτι</em></strong></span> <span class='ocrx_word' id='word_1_320' title='bbox 445 1130 680 1176; x_wconf 83' lang='grc' dir='ltr'>κρατούντων</span> <span class='ocrx_word' id='word_1_321' title='bbox 702 1128 793 1165; x_wconf 85' lang='grc' dir='ltr'><strong><em>όταν</em></strong></span> <span class='ocrx_word' id='word_1_322' title='bbox 817 1133 1003 1178; x_wconf 76' lang='grc' dir='ltr'><strong><em>ἐγγράφως</em></strong></span> <span class='ocrx_word' id='word_1_323' title='bbox 1025 1133 1175 1174; x_wconf 87' lang='grc' dir='ltr'><strong><em>τοιαύτη</em></strong></span> 
     </span>
     <span class='ocr_line' id='line_1_42' title="bbox 92 1174 1174 1223; baseline 0.002 -14"><span class='ocrx_word' id='word_1_324' title='bbox 92 1187 146 1209; x_wconf 86' lang='grc' dir='ltr'>τις</span> <span class='ocrx_word' id='word_1_325' title='bbox 177 1174 282 1220; x_wconf 79' lang='grc' dir='ltr'>ἡμῶν</span> <span class='ocrx_word' id='word_1_326' title='bbox 310 1175 474 1223; x_wconf 71' lang='grc' dir='ltr'><strong><em>προέλθῃ</em></strong></span> <span class='ocrx_word' id='word_1_327' title='bbox 503 1180 625 1222; x_wconf 84' lang='grc' dir='ltr'><strong><em>κρίσις.</em></strong></span> <span class='ocrx_word' id='word_1_328' title='bbox 673 1176 705 1209; x_wconf 80' lang='grc' dir='ltr'>εἰ</span> <span class='ocrx_word' id='word_1_329' title='bbox 733 1179 901 1223; x_wconf 81' lang='grc' dir='ltr'><strong><em>μέντοιγέ</em></strong></span> <span class='ocrx_word' id='word_1_330' title='bbox 925 1188 980 1211; x_wconf 80' lang='grc' dir='ltr'>τις</span> <span class='ocrx_word' id='word_1_331' title='bbox 1003 1175 1174 1222; x_wconf 77' lang='grc' dir='ltr'><strong><em>ἅμφιςβή-</em></strong></span> 
     </span>
     <span class='ocr_line' id='line_1_43' title="bbox 92 1219 1175 1268; baseline 0.001 -14"><span class='ocrx_word' id='word_1_332' title='bbox 92 1232 192 1263; x_wconf 85' lang='grc' dir='ltr'><strong><em>τησις</em></strong></span> <span class='ocrx_word' id='word_1_333' title='bbox 214 1221 267 1263; x_wconf 80' lang='grc' dir='ltr'>τῷ</span> <span class='ocrx_word' id='word_1_334' title='bbox 293 1219 443 1268; x_wconf 82' lang='grc' dir='ltr'><strong><em>δικαστῇ</em></strong></span> <span class='ocrx_word' id='word_1_335' title='bbox 468 1225 552 1265; x_wconf 80' lang='grc' dir='ltr'>περί</span> <span class='ocrx_word' id='word_1_336' title='bbox 573 1233 670 1256; x_wconf 85' lang='grc' dir='ltr'><strong><em>τινος</em></strong></span> <span class='ocrx_word' id='word_1_337' title='bbox 688 1223 836 1268; x_wconf 84' lang='grc' dir='ltr'><strong><em>γένηται</em></strong></span> <span class='ocrx_word' id='word_1_338' title='bbox 859 1220 987 1266; x_wconf 81' lang='grc' dir='ltr'><strong><em>νόμου,</em></strong></span> <span class='ocrx_word' id='word_1_339' title='bbox 1010 1225 1175 1265; x_wconf 81' lang='grc' dir='ltr'><strong><em>μηνυέτω</em></strong></span> 
     </span>
     <span class='ocr_line' id='line_1_44' title="bbox 93 1264 1175 1323; baseline 0.001 -23"><span class='ocrx_word' id='word_1_340' title='bbox 93 1267 182 1319; x_wconf 69' lang='grc' dir='ltr'><strong><em>πρρς</em></strong></span> <span class='ocrx_word' id='word_1_341' title='bbox 205 1266 255 1320; x_wconf 57' lang='grc' dir='ltr'>τὸ,</span> <span class='ocrx_word' id='word_1_342' title='bbox 273 1264 446 1312; x_wconf 84' lang='grc' dir='ltr'><strong><em>ἡμέτερον</em></strong></span> <span class='ocrx_word' id='word_1_343' title='bbox 469 1265 597 1312; x_wconf 87' lang='grc' dir='ltr'><strong><em>κράτος</em></strong></span> <span class='ocrx_word' id='word_1_344' title='bbox 620 1269 681 1300; x_wconf 79' lang='grc' dir='ltr'>καὶ</span> <span class='ocrx_word' id='word_1_345' title='bbox 704 1265 773 1321; x_wconf 72' lang='grc' dir='ltr'>τὴν</span> <span class='ocrx_word' id='word_1_346' title='bbox 796 1266 835 1307; x_wconf 81' lang='grc' dir='ltr'>ἐξ</span> <span class='ocrx_word' id='word_1_347' title='bbox 849 1264 955 1323; x_wconf 58' lang='grc' dir='ltr'>ημοῇν</span> <span class='ocrx_word' id='word_1_348' title='bbox 970 1266 1175 1309; x_wconf 78' lang='grc' dir='ltr'><strong><em>έκδεχέσθω</em></strong></span> 
     </span>
    </p>
   </div>
   <div class='ocr_carea' id='block_1_14' title="bbox 1242 1132 2315 1311">
    <p class='ocr_par' dir='ltr' id='par_1_14' title="bbox 1242 1132 2315 1311">
     <span class='ocr_line' id='line_1_45' title="bbox 1243 1132 2315 1177; baseline 0 -11"><span class='ocrx_word' id='word_1_349' title='bbox 1243 1132 1406 1167; x_wconf 91' lang='lat' dir='ltr'>videlicet</span> <span class='ocrx_word' id='word_1_350' title='bbox 1422 1134 1559 1167; x_wconf 78' lang='lat' dir='ltr'>tenentl</span> <span class='ocrx_word' id='word_1_351' title='bbox 1586 1142 1627 1166; x_wconf 92' lang='lat' dir='ltr'>us</span> <span class='ocrx_word' id='word_1_352' title='bbox 1648 1132 1790 1176; x_wconf 89' lang='lat' dir='ltr'>quando</span> <span class='ocrx_word' id='word_1_353' title='bbox 1807 1132 1941 1176; x_wconf 89' lang='lat' dir='ltr'>scripta</span> <span class='ocrx_word' id='word_1_354' title='bbox 1959 1132 2041 1167; x_wconf 87' lang='lat' dir='ltr'>talis</span> <span class='ocrx_word' id='word_1_355' title='bbox 2057 1132 2177 1177; x_wconf 84' lang='lat' dir='ltr'>aliqua</span> <span class='ocrx_word' id='word_1_356' title='bbox 2191 1134 2315 1166; x_wconf 86' lang='lat' dir='ltr'>nostra</span> 
     </span>
     <span class='ocr_line' id='line_1_46' title="bbox 1242 1175 2314 1222; baseline 0 -11"><span class='ocrx_word' id='word_1_357' title='bbox 1242 1177 1403 1222; x_wconf 87' lang='lat' dir='ltr'>procedit</span> <span class='ocrx_word' id='word_1_358' title='bbox 1427 1177 1614 1212; x_wconf 87' lang='lat' dir='ltr'>sententia.</span> <span class='ocrx_word' id='word_1_359' title='bbox 1651 1177 1689 1211; x_wconf 79' lang='lat' dir='ltr'>Si</span> <span class='ocrx_word' id='word_1_360' title='bbox 1705 1187 1787 1212; x_wconf 90' lang='lat' dir='ltr'>vero</span> <span class='ocrx_word' id='word_1_361' title='bbox 1807 1176 1926 1222; x_wconf 86' lang='lat' dir='ltr'>aliqua</span> <span class='ocrx_word' id='word_1_362' title='bbox 1945 1177 2119 1212; x_wconf 89' lang='lat' dir='ltr'>dubitatio</span> <span class='ocrx_word' id='word_1_363' title='bbox 2141 1175 2252 1212; x_wconf 90' lang='lat' dir='ltr'>iudici</span> <span class='ocrx_word' id='word_1_364' title='bbox 2269 1175 2314 1211; x_wconf 89' lang='lat' dir='ltr'>de</span> 
     </span>
     <span class='ocr_line' id='line_1_47' title="bbox 1243 1221 2314 1266; baseline 0.001 -10"><span class='ocrx_word' id='word_1_365' title='bbox 1243 1222 1363 1266; x_wconf 83' lang='lat' dir='ltr'>aliqua</span> <span class='ocrx_word' id='word_1_366' title='bbox 1380 1222 1445 1256; x_wconf 88' lang='lat' dir='ltr'>fiat</span> <span class='ocrx_word' id='word_1_367' title='bbox 1464 1222 1551 1266; x_wconf 84' lang='lat' dir='ltr'>lege,</span> <span class='ocrx_word' id='word_1_368' title='bbox 1576 1221 1717 1257; x_wconf 89' lang='lat' dir='ltr'>nuntiet</span> <span class='ocrx_word' id='word_1_369' title='bbox 1738 1222 1785 1256; x_wconf 89' lang='lat' dir='ltr'>ad</span> <span class='ocrx_word' id='word_1_370' title='bbox 1803 1224 1961 1257; x_wconf 87' lang='lat' dir='ltr'>nostram</span> <span class='ocrx_word' id='word_1_371' title='bbox 1984 1223 2207 1266; x_wconf 87' lang='lat' dir='ltr'>potestatem,</span> <span class='ocrx_word' id='word_1_372' title='bbox 2231 1224 2269 1256; x_wconf 86' lang='lat' dir='ltr'>et</span> <span class='ocrx_word' id='word_1_373' title='bbox 2290 1231 2314 1256; x_wconf 84' lang='lat' dir='ltr'>a</span> 
     </span>
     <span class='ocr_line' id='line_1_48' title="bbox 1242 1266 2315 1311; baseline -0.001 -9"><span class='ocrx_word' id='word_1_374' title='bbox 1242 1267 1345 1302; x_wconf 87' lang='lat' dir='ltr'>nobis</span> <span class='ocrx_word' id='word_1_375' title='bbox 1377 1271 1543 1311; x_wconf 88' lang='lat' dir='ltr'>expectet</span> <span class='ocrx_word' id='word_1_376' title='bbox 1577 1276 1708 1302; x_wconf 87' lang='lat' dir='ltr'>causae</span> <span class='ocrx_word' id='word_1_377' title='bbox 1736 1267 1907 1311; x_wconf 87' lang='lat' dir='ltr'>scriptam</span> <span class='ocrx_word' id='word_1_378' title='bbox 1940 1266 2216 1302; x_wconf 86' lang='lat' dir='ltr'>declarationem</span> <span class='ocrx_word' id='word_1_379' title='bbox 2249 1269 2315 1302; x_wconf 87' lang='lat' dir='ltr'>aut</span> 
     </span>
    </p>
   </div>
   <div class='ocr_carea' id='block_1_15' title="bbox 92 1311 2267 1368">
    <p class='ocr_par' dir='ltr' id='par_1_15' title="bbox 92 1311 2267 1368">
     <span class='ocr_line' id='line_1_49' title="bbox 92 1311 2267 1368; baseline 0.001 -24"><span class='ocrx_word' id='word_1_380' title='bbox 92 1324 156 1344; x_wconf 89' lang='grc' dir='ltr'>του</span> <span class='ocrx_word' id='word_1_381' title='bbox 181 1324 390 1366; x_wconf 55' lang='grc' dir='ltr'><strong><em>πραγματος</em></strong></span> <span class='ocrx_word' id='word_1_382' title='bbox 413 1314 595 1368; x_wconf 69' lang='grc' dir='ltr'><strong><em>ἔγγραφον</em></strong></span> <span class='ocrx_word' id='word_1_383' title='bbox 619 1324 818 1364; x_wconf 73' lang='grc' dir='ltr'><strong><em>σαφηνειαν</em></strong></span> <span class='ocrx_word' id='word_1_384' title='bbox 847 1325 868 1354; x_wconf 90' lang='grc' dir='ltr'><strong><em>η</em></strong></span> <span class='ocrx_word' id='word_1_385' title='bbox 902 1316 1092 1358; x_wconf 80' lang='grc' dir='ltr'><strong><em>ερμηνείαν</em></strong></span> <span class='ocrx_word' id='word_1_386' title='bbox 1114 1315 1175 1345; x_wconf 83' lang='grc' dir='ltr'>καὶ</span> <span class='ocrx_word' id='word_1_387' title='bbox 1188 1315 1229 1347; x_wconf 84' lang='grc'>25</span> <span class='ocrx_word' id='word_1_388' title='bbox 1242 1312 1589 1357; x_wconf 80' lang='lat' dir='ltr'>interpretationem,</span> <span class='ocrx_word' id='word_1_389' title='bbox 1620 1315 1657 1347; x_wconf 79' lang='lat' dir='ltr'>et</span> <span class='ocrx_word' id='word_1_390' title='bbox 1679 1312 1872 1347; x_wconf 80' lang='lat' dir='ltr'>secundum</span> <span class='ocrx_word' id='word_1_391' title='bbox 1896 1321 1974 1347; x_wconf 78' lang='lat' dir='ltr'>eam</span> <span class='ocrx_word' id='word_1_392' title='bbox 1997 1311 2138 1347; x_wconf 71' lang='lat' dir='ltr'>decidat</span> <span class='ocrx_word' id='word_1_393' title='bbox 2159 1312 2267 1347; x_wconf 79' lang='lat' dir='ltr'>litem.</span> 
     </span>
    </p>
   </div>
   <div class='ocr_carea' id='block_1_16' title="bbox 92 1354 1175 1502">
    <p class='ocr_par' dir='ltr' id='par_1_16' title="bbox 92 1354 1175 1502">
     <span class='ocr_line' id='line_1_50' title="bbox 92 1354 1175 1401; baseline 0 -10"><span class='ocrx_word' id='word_1_394' title='bbox 92 1357 113 1391; x_wconf 93' lang='lat' dir='ltr'>l</span> <span class='ocrx_word' id='word_1_395' title='bbox 159 1369 227 1390; x_wconf 89' lang='grc' dir='ltr'>κατ</span> <span class='ocrx_word' id='word_1_396' title='bbox 270 1370 384 1400; x_wconf 88' lang='grc' dir='ltr'><strong><em>αυτην</em></strong></span> <span class='ocrx_word' id='word_1_397' title='bbox 415 1370 574 1401; x_wconf 86' lang='grc' dir='ltr'><strong><em>τεμνετω</em></strong></span> <span class='ocrx_word' id='word_1_398' title='bbox 605 1370 673 1400; x_wconf 91' lang='grc' dir='ltr'>την</span> <span class='ocrx_word' id='word_1_399' title='bbox 706 1355 818 1399; x_wconf 81' lang='grc' dir='ltr'><strong><em>δίκην.</em></strong></span> <span class='ocrx_word' id='word_1_400' title='bbox 930 1358 976 1390; x_wconf 86' lang='grc' dir='ltr'>Εἰ</span> <span class='ocrx_word' id='word_1_401' title='bbox 1006 1354 1047 1390; x_wconf 74' lang='grc' dir='ltr'>δὲ</span> <span class='ocrx_word' id='word_1_402' title='bbox 1078 1354 1175 1399; x_wconf 82' lang='grc' dir='ltr'><strong><em>δίκης</em></strong></span> 
     </span>
     <span class='ocr_line' id='line_1_51' title="bbox 93 1398 1174 1454; baseline 0.002 -20"><span class='ocrx_word' id='word_1_403' title='bbox 93 1400 281 1454; x_wconf 79' lang='grc' dir='ltr'><strong><em>λεγομένης</em></strong></span> <span class='ocrx_word' id='word_1_404' title='bbox 310 1398 334 1444; x_wconf 83' lang='grc' dir='ltr'><em>ἢ</em></span> <span class='ocrx_word' id='word_1_405' title='bbox 356 1401 603 1448; x_wconf 82' lang='grc' dir='ltr'><strong><em>πραγματικὸς</em></strong></span> <span class='ocrx_word' id='word_1_406' title='bbox 637 1399 743 1445; x_wconf 80' lang='grc' dir='ltr'>ἡμῶν</span> <span class='ocrx_word' id='word_1_407' title='bbox 772 1400 884 1436; x_wconf 91' lang='grc' dir='ltr'><strong><em>τύπος</em></strong></span> <span class='ocrx_word' id='word_1_408' title='bbox 917 1399 940 1446; x_wconf 84' lang='grc' dir='ltr'><em>ἢ</em></span> <span class='ocrx_word' id='word_1_409' title='bbox 975 1399 1174 1437; x_wconf 54' lang='lat' dir='ltr'>namnidans·</span> 
     </span>
     <span class='ocr_line' id='line_1_52' title="bbox 92 1444 1174 1502; baseline 0.001 -23"><span class='ocrx_word' id='word_1_410' title='bbox 92 1459 170 1480; x_wconf 88' lang='grc' dir='ltr'>των</span> <span class='ocrx_word' id='word_1_411' title='bbox 193 1446 446 1492; x_wconf 74' lang='grc' dir='ltr'><strong><em>περιβλέπτων</em></strong></span> <span class='ocrx_word' id='word_1_412' title='bbox 462 1446 567 1492; x_wconf 81' lang='grc' dir='ltr'>ἡμῶν</span> <span class='ocrx_word' id='word_1_413' title='bbox 586 1444 874 1502; x_wconf 60' lang='grc' dir='ltr'><strong><em>ῥεφερενδαρίων</em></strong></span> <span class='ocrx_word' id='word_1_414' title='bbox 895 1444 917 1490; x_wconf 86' lang='grc' dir='ltr'><em>ἢ</em></span> <span class='ocrx_word' id='word_1_415' title='bbox 934 1447 1054 1492; x_wconf 79' lang='grc' dir='ltr'><strong><em>ἑτέρου</em></strong></span> <span class='ocrx_word' id='word_1_416' title='bbox 1074 1446 1174 1481; x_wconf 84' lang='grc' dir='ltr'><strong><em>τινὸς</em></strong></span> 
     </span>
    </p>
   </div>
   <div class='ocr_carea' id='block_1_17' title="bbox 93 1490 1171 1546">
    <p class='ocr_par' dir='ltr' id='par_1_17' title="bbox 93 1490 1171 1546">
     <span class='ocr_line' id='line_1_53' title="bbox 93 1490 1171 1546; baseline 0 -22"><span class='ocrx_word' id='word_1_417' title='bbox 93 1490 116 1533; x_wconf 85' lang='grc' dir='ltr'><em>ἢ</em></span> <span class='ocrx_word' id='word_1_418' title='bbox 139 1490 226 1525; x_wconf 78' lang='grc' dir='ltr'>ἄλλο</span> <span class='ocrx_word' id='word_1_419' title='bbox 257 1505 294 1526; x_wconf 91' lang='grc' dir='ltr'>τι</span> <span class='ocrx_word' id='word_1_420' title='bbox 324 1493 402 1525; x_wconf 83' lang='grc' dir='ltr'>τῶν</span> <span class='ocrx_word' id='word_1_421' title='bbox 419 1492 628 1546; x_wconf 60' lang='grc' dir='ltr'><strong><em>,εἰρημένων</em></strong></span> <span class='ocrx_word' id='word_1_422' title='bbox 650 1505 804 1526; x_wconf 87' lang='grc' dir='ltr'><strong><em>παντων</em></strong></span> <span class='ocrx_word' id='word_1_423' title='bbox 826 1492 879 1534; x_wconf 83' lang='grc' dir='ltr'>τῷ</span> <span class='ocrx_word' id='word_1_424' title='bbox 905 1490 1090 1534; x_wconf 82' lang='grc' dir='ltr'><strong><em>δικάζοντι</em></strong></span> <span class='ocrx_word' id='word_1_425' title='bbox 1113 1494 1171 1536; x_wconf 81' lang='grc' dir='ltr'>ἑμ-</span> 
     </span>
    </p>
   </div>
   <div class='ocr_carea' id='block_1_18' title="bbox 1240 1356 2315 1536">
    <p class='ocr_par' dir='ltr' id='par_1_18' title="bbox 1240 1356 2315 1536">
     <span class='ocr_line' id='line_1_54' title="bbox 1243 1356 2315 1402; baseline -0.001 -10"><span class='ocrx_word' id='word_1_426' title='bbox 1243 1360 1264 1393; x_wconf 89' lang='grc'>1</span> <span class='ocrx_word' id='word_1_427' title='bbox 1319 1357 1357 1392; x_wconf 89' lang='lat' dir='ltr'>Si</span> <span class='ocrx_word' id='word_1_428' title='bbox 1390 1367 1473 1392; x_wconf 84' lang='lat' dir='ltr'>vero</span> <span class='ocrx_word' id='word_1_429' title='bbox 1507 1357 1591 1391; x_wconf 89' lang='lat' dir='ltr'>dum</span> <span class='ocrx_word' id='word_1_430' title='bbox 1627 1366 1737 1392; x_wconf 91' lang='lat' dir='ltr'>causa</span> <span class='ocrx_word' id='word_1_431' title='bbox 1772 1357 1902 1392; x_wconf 90' lang='lat' dir='ltr'>dicitur</span> <span class='ocrx_word' id='word_1_432' title='bbox 1936 1356 2154 1402; x_wconf 86' lang='lat' dir='ltr'>pragmatica</span> <span class='ocrx_word' id='word_1_433' title='bbox 2190 1359 2315 1392; x_wconf 88' lang='lat' dir='ltr'>nostra</span> 
     </span>
     <span class='ocr_line' id='line_1_55' title="bbox 1241 1401 2313 1447; baseline 0 -11"><span class='ocrx_word' id='word_1_434' title='bbox 1241 1403 1355 1437; x_wconf 84' lang='lat' dir='ltr'>forma</span> <span class='ocrx_word' id='word_1_435' title='bbox 1378 1405 1441 1437; x_wconf 85' lang='lat' dir='ltr'>aut</span> <span class='ocrx_word' id='word_1_436' title='bbox 1464 1401 1638 1446; x_wconf 89' lang='lat' dir='ltr'>depositio</span> <span class='ocrx_word' id='word_1_437' title='bbox 1662 1402 1909 1447; x_wconf 85' lang='lat' dir='ltr'>spectabilium</span> <span class='ocrx_word' id='word_1_438' title='bbox 1930 1406 2133 1438; x_wconf 88' lang='lat' dir='ltr'>nostrorum</span> <span class='ocrx_word' id='word_1_439' title='bbox 2156 1401 2313 1437; x_wconf 83' lang='lat' dir='ltr'>referen-</span> 
     </span>
     <span class='ocr_line' id='line_1_56' title="bbox 1241 1445 2312 1491; baseline -0.001 -9"><span class='ocrx_word' id='word_1_440' title='bbox 1241 1447 1420 1482; x_wconf 87' lang='lat' dir='ltr'>dariorum</span> <span class='ocrx_word' id='word_1_441' title='bbox 1455 1451 1520 1482; x_wconf 83' lang='lat' dir='ltr'>aut</span> <span class='ocrx_word' id='word_1_442' title='bbox 1554 1447 1700 1482; x_wconf 84' lang='lat' dir='ltr'>alterius</span> <span class='ocrx_word' id='word_1_443' title='bbox 1736 1446 1926 1482; x_wconf 88' lang='lat' dir='ltr'>cuiuslibet</span> <span class='ocrx_word' id='word_1_444' title='bbox 1959 1450 2023 1482; x_wconf 87' lang='lat' dir='ltr'>aut</span> <span class='ocrx_word' id='word_1_445' title='bbox 2052 1446 2150 1482; x_wconf 86' lang='lat' dir='ltr'>aliud</span> <span class='ocrx_word' id='word_1_446' title='bbox 2179 1445 2312 1491; x_wconf 86' lang='lat' dir='ltr'>aliquid</span> 
     </span>
     <span class='ocr_line' id='line_1_57' title="bbox 1240 1491 2315 1536; baseline -0.001 -9"><span class='ocrx_word' id='word_1_447' title='bbox 1240 1492 1367 1527; x_wconf 90' lang='lat' dir='ltr'>horum</span> <span class='ocrx_word' id='word_1_448' title='bbox 1396 1502 1486 1536; x_wconf 89' lang='lat' dir='ltr'>quae</span> <span class='ocrx_word' id='word_1_449' title='bbox 1509 1492 1606 1527; x_wconf 86' lang='lat' dir='ltr'>dicta</span> <span class='ocrx_word' id='word_1_450' title='bbox 1630 1495 1713 1527; x_wconf 89' lang='lat' dir='ltr'>sunt</span> <span class='ocrx_word' id='word_1_451' title='bbox 1746 1492 1902 1527; x_wconf 90' lang='lat' dir='ltr'>omnium</span> <span class='ocrx_word' id='word_1_452' title='bbox 1923 1491 2094 1527; x_wconf 89' lang='lat' dir='ltr'>iudicanti</span> <span class='ocrx_word' id='word_1_453' title='bbox 2116 1491 2315 1527; x_wconf 81' lang='lat' dir='ltr'>insinuetur</span> 
     </span>
    </p>
   </div>
   <div class='ocr_carea' id='block_1_19' title="bbox 94 1534 2313 1592">
    <p class='ocr_par' dir='ltr' id='par_1_19' title="bbox 94 1534 2313 1592">
     <span class='ocr_line' id='line_1_58' title="bbox 94 1534 2313 1592; baseline 0.001 -23"><span class='ocrx_word' id='word_1_454' title='bbox 94 1536 291 1582; x_wconf 77' lang='grc' dir='ltr'><strong><em>φανισθείη</em></strong></span> <span class='ocrx_word' id='word_1_455' title='bbox 323 1536 518 1571; x_wconf 82' lang='grc' dir='ltr'><strong><em>διαταττον</em></strong></span> <span class='ocrx_word' id='word_1_456' title='bbox 548 1537 617 1591; x_wconf 67' lang='grc' dir='ltr'>τὴν</span> <span class='ocrx_word' id='word_1_457' title='bbox 653 1534 763 1571; x_wconf 80' lang='grc' dir='ltr'><strong><em>αὐτοῦ</em></strong></span> <span class='ocrx_word' id='word_1_458' title='bbox 794 1536 958 1577; x_wconf 80' lang='grc' dir='ltr'><strong><em>ἐξέτασιν</em></strong></span> <span class='ocrx_word' id='word_1_459' title='bbox 987 1535 1009 1581; x_wconf 83' lang='grc' dir='ltr'><em>ἢ</em></span> <span class='ocrx_word' id='word_1_460' title='bbox 1031 1541 1171 1592; x_wconf 46' lang='grc' dir='ltr'>ἱκρίσιν,</span> <span class='ocrx_word' id='word_1_461' title='bbox 1184 1539 1227 1572; x_wconf 86' lang='grc'>30</span> <span class='ocrx_word' id='word_1_462' title='bbox 1241 1537 1409 1572; x_wconf 88' lang='lat' dir='ltr'>ordinans</span> <span class='ocrx_word' id='word_1_463' title='bbox 1440 1537 1517 1572; x_wconf 85' lang='lat' dir='ltr'>eius</span> <span class='ocrx_word' id='word_1_464' title='bbox 1546 1537 1840 1572; x_wconf 82' lang='lat' dir='ltr'>examinationem</span> <span class='ocrx_word' id='word_1_465' title='bbox 1869 1540 1932 1573; x_wconf 88' lang='lat' dir='ltr'>aut</span> <span class='ocrx_word' id='word_1_466' title='bbox 1955 1536 2182 1580; x_wconf 88' lang='lat' dir='ltr'>sententiam,</span> <span class='ocrx_word' id='word_1_467' title='bbox 2213 1536 2313 1571; x_wconf 88' lang='lat' dir='ltr'>iube-</span> 
     </span>
    </p>
   </div>
   <div class='ocr_carea' id='block_1_20' title="bbox 93 1579 1172 1763">
    <p class='ocr_par' dir='ltr' id='par_1_20' title="bbox 93 1579 1172 1763">
     <span class='ocr_line' id='line_1_59' title="bbox 93 1579 1171 1626; baseline 0.001 -12"><span class='ocrx_word' id='word_1_468' title='bbox 93 1579 280 1626; x_wconf 78' lang='grc' dir='ltr'>κελεύομεν</span> <span class='ocrx_word' id='word_1_469' title='bbox 310 1580 378 1616; x_wconf 85' lang='grc' dir='ltr'>τὸν</span> <span class='ocrx_word' id='word_1_470' title='bbox 409 1580 585 1626; x_wconf 87' lang='grc' dir='ltr'><strong><em>δικαστην</em></strong></span> <span class='ocrx_word' id='word_1_471' title='bbox 613 1581 754 1616; x_wconf 77' lang='grc' dir='ltr'><strong><em>τούτοις</em></strong></span> <span class='ocrx_word' id='word_1_472' title='bbox 783 1581 970 1616; x_wconf 79' lang='grc' dir='ltr'>παντελῶς</span> <span class='ocrx_word' id='word_1_473' title='bbox 994 1596 1042 1626; x_wconf 83' lang='grc' dir='ltr'>μη</span> <span class='ocrx_word' id='word_1_474' title='bbox 1068 1593 1171 1626; x_wconf 84' lang='grc' dir='ltr'><strong><em>προς-</em></strong></span> 
     </span>
     <span class='ocr_line' id='line_1_60' title="bbox 93 1624 1172 1673; baseline 0.001 -13"><span class='ocrx_word' id='word_1_475' title='bbox 93 1630 196 1670; x_wconf 83' lang='grc' dir='ltr'><strong><em>έχειν,</em></strong></span> <span class='ocrx_word' id='word_1_476' title='bbox 216 1626 306 1660; x_wconf 80' lang='grc' dir='ltr'><strong><em>ἀλλὰ</em></strong></span> <span class='ocrx_word' id='word_1_477' title='bbox 326 1625 469 1661; x_wconf 88' lang='grc' dir='ltr'><strong><em>τούτων</em></strong></span> <span class='ocrx_word' id='word_1_478' title='bbox 485 1624 698 1673; x_wconf 79' lang='grc' dir='ltr'><strong><em>ἀργούντων</em></strong></span> <span class='ocrx_word' id='word_1_479' title='bbox 714 1629 775 1660; x_wconf 82' lang='grc' dir='ltr'>καὶ</span> <span class='ocrx_word' id='word_1_480' title='bbox 789 1624 967 1671; x_wconf 82' lang='grc' dir='ltr'><strong><em>μηδεμίαν</em></strong></span> <span class='ocrx_word' id='word_1_481' title='bbox 987 1626 1172 1662; x_wconf 81' lang='grc' dir='ltr'><strong><em>παντελῶς</em></strong></span> 
     </span>
     <span class='ocr_line' id='line_1_61' title="bbox 94 1669 1170 1717; baseline 0.001 -12"><span class='ocrx_word' id='word_1_482' title='bbox 94 1671 255 1714; x_wconf 80' lang='grc' dir='ltr'><strong><em>ἐχόντων</em></strong></span> <span class='ocrx_word' id='word_1_483' title='bbox 281 1672 384 1714; x_wconf 80' lang='grc' dir='ltr'><strong><em>ἰσχὺν</em></strong></span> <span class='ocrx_word' id='word_1_484' title='bbox 414 1671 508 1705; x_wconf 83' lang='grc' dir='ltr'><strong><em>κατὰ</em></strong></span> <span class='ocrx_word' id='word_1_485' title='bbox 537 1672 618 1706; x_wconf 81' lang='grc' dir='ltr'><strong><em>τοὺς</em></strong></span> <span class='ocrx_word' id='word_1_486' title='bbox 645 1671 805 1717; x_wconf 75' lang='grc' dir='ltr'><strong><em>γενικοὺς</em></strong></span> <span class='ocrx_word' id='word_1_487' title='bbox 834 1670 938 1716; x_wconf 82' lang='grc' dir='ltr'>ἡμῶν</span> <span class='ocrx_word' id='word_1_488' title='bbox 969 1669 1098 1716; x_wconf 87' lang='grc' dir='ltr'><strong><em>νόμους</em></strong></span> <span class='ocrx_word' id='word_1_489' title='bbox 1127 1671 1170 1706; x_wconf 83' lang='grc' dir='ltr'>τὸ</span> 
     </span>
     <span class='ocr_line' id='line_1_62' title="bbox 93 1716 1171 1763; baseline 0.001 -13"><span class='ocrx_word' id='word_1_490' title='bbox 93 1718 242 1763; x_wconf 85' lang='grc' dir='ltr'><strong><em>πρᾶγμα</em></strong></span> <span class='ocrx_word' id='word_1_491' title='bbox 265 1717 443 1759; x_wconf 79' lang='grc' dir='ltr'><strong><em>ἐξετάζειν</em></strong></span> <span class='ocrx_word' id='word_1_492' title='bbox 466 1729 506 1750; x_wconf 88' lang='grc' dir='ltr'>τε</span> <span class='ocrx_word' id='word_1_493' title='bbox 529 1719 589 1750; x_wconf 83' lang='grc' dir='ltr'>καὶ</span> <span class='ocrx_word' id='word_1_494' title='bbox 608 1720 751 1761; x_wconf 83' lang='grc' dir='ltr'>νομίμῳ</span> <span class='ocrx_word' id='word_1_495' title='bbox 769 1719 899 1762; x_wconf 84' lang='grc' dir='ltr'><strong><em>πέρατι</em></strong></span> <span class='ocrx_word' id='word_1_496' title='bbox 915 1716 1171 1762; x_wconf 83' lang='grc' dir='ltr'><strong><em>παραδιδόναι.</em></strong></span> 
     </span>
    </p>
   </div>
   <div class='ocr_carea' id='block_1_21' title="bbox 1239 1581 2315 1762">
    <p class='ocr_par' dir='ltr' id='par_1_21' title="bbox 1239 1581 2315 1762">
     <span class='ocr_line' id='line_1_63' title="bbox 1239 1581 2315 1627; baseline -0.001 -10"><span class='ocrx_word' id='word_1_497' title='bbox 1239 1593 1318 1618; x_wconf 89' lang='lat' dir='ltr'>mus</span> <span class='ocrx_word' id='word_1_498' title='bbox 1340 1582 1492 1617; x_wconf 90' lang='lat' dir='ltr'>iudicem</span> <span class='ocrx_word' id='word_1_499' title='bbox 1515 1582 1655 1627; x_wconf 89' lang='lat' dir='ltr'>quidem</span> <span class='ocrx_word' id='word_1_500' title='bbox 1675 1582 1764 1617; x_wconf 90' lang='lat' dir='ltr'>haec</span> <span class='ocrx_word' id='word_1_501' title='bbox 1787 1582 1930 1618; x_wconf 92' lang='lat' dir='ltr'>omnino</span> <span class='ocrx_word' id='word_1_502' title='bbox 1951 1592 2021 1617; x_wconf 92' lang='lat' dir='ltr'>non</span> <span class='ocrx_word' id='word_1_503' title='bbox 2041 1581 2228 1626; x_wconf 86' lang='lat' dir='ltr'>respicere,</span> <span class='ocrx_word' id='word_1_504' title='bbox 2251 1581 2315 1616; x_wconf 89' lang='lat' dir='ltr'>sed</span> 
     </span>
     <span class='ocr_line' id='line_1_64' title="bbox 1240 1626 2313 1672; baseline -0.001 -10"><span class='ocrx_word' id='word_1_505' title='bbox 1240 1627 1297 1662; x_wconf 88' lang='lat' dir='ltr'>his</span> <span class='ocrx_word' id='word_1_506' title='bbox 1320 1628 1530 1663; x_wconf 86' lang='lat' dir='ltr'>vacantibus</span> <span class='ocrx_word' id='word_1_507' title='bbox 1564 1633 1600 1662; x_wconf 88' lang='lat' dir='ltr'>et</span> <span class='ocrx_word' id='word_1_508' title='bbox 1631 1627 1764 1662; x_wconf 85' lang='lat' dir='ltr'>nullam</span> <span class='ocrx_word' id='word_1_509' title='bbox 1794 1627 1936 1672; x_wconf 88' lang='lat' dir='ltr'>penitus</span> <span class='ocrx_word' id='word_1_510' title='bbox 1966 1627 2181 1662; x_wconf 84' lang='lat' dir='ltr'>habentibus</span> <span class='ocrx_word' id='word_1_511' title='bbox 2203 1626 2313 1661; x_wconf 83' lang='lat' dir='ltr'>virtu-</span> 
     </span>
     <span class='ocr_line' id='line_1_65' title="bbox 1239 1672 2314 1716; baseline -0.001 -9"><span class='ocrx_word' id='word_1_512' title='bbox 1239 1677 1310 1707; x_wconf 90' lang='lat' dir='ltr'>tem</span> <span class='ocrx_word' id='word_1_513' title='bbox 1331 1672 1525 1707; x_wconf 85' lang='lat' dir='ltr'>secundum</span> <span class='ocrx_word' id='word_1_514' title='bbox 1543 1673 1725 1716; x_wconf 86' lang='lat' dir='ltr'>generales</span> <span class='ocrx_word' id='word_1_515' title='bbox 1742 1674 1886 1707; x_wconf 87' lang='lat' dir='ltr'>nostras</span> <span class='ocrx_word' id='word_1_516' title='bbox 1907 1672 2002 1716; x_wconf 84' lang='lat' dir='ltr'>leges</span> <span class='ocrx_word' id='word_1_517' title='bbox 2019 1682 2164 1707; x_wconf 90' lang='lat' dir='ltr'>causam</span> <span class='ocrx_word' id='word_1_518' title='bbox 2181 1672 2314 1707; x_wconf 83' lang='lat' dir='ltr'>exami-</span> 
     </span>
     <span class='ocr_line' id='line_1_66' title="bbox 1239 1717 2315 1762; baseline -0.002 -9"><span class='ocrx_word' id='word_1_519' title='bbox 1239 1727 1328 1753; x_wconf 86' lang='lat' dir='ltr'>nare</span> <span class='ocrx_word' id='word_1_520' title='bbox 1350 1722 1386 1752; x_wconf 89' lang='lat' dir='ltr'>et</span> <span class='ocrx_word' id='word_1_521' title='bbox 1409 1718 1563 1762; x_wconf 86' lang='lat' dir='ltr'>legitimo</span> <span class='ocrx_word' id='word_1_522' title='bbox 1586 1717 1652 1752; x_wconf 91' lang='lat' dir='ltr'>fini</span> <span class='ocrx_word' id='word_1_523' title='bbox 1675 1717 1902 1753; x_wconf 85' lang='lat' dir='ltr'>contradere:</span> <span class='ocrx_word' id='word_1_524' title='bbox 1932 1717 1963 1752; x_wconf 88' lang='lat' dir='ltr'>si</span> <span class='ocrx_word' id='word_1_525' title='bbox 1985 1721 2104 1752; x_wconf 87' lang='lat' dir='ltr'>autem</span> <span class='ocrx_word' id='word_1_526' title='bbox 2127 1717 2218 1752; x_wconf 88' lang='lat' dir='ltr'>haec</span> <span class='ocrx_word' id='word_1_527' title='bbox 2241 1726 2315 1751; x_wconf 88' lang='lat' dir='ltr'>non</span> 
     </span>
    </p>
   </div>
   <div class='ocr_carea' id='block_1_22' title="bbox 90 1760 2314 2033">
    <p class='ocr_par' dir='ltr' id='par_1_22' title="bbox 90 1760 2314 2033">
     <span class='ocr_line' id='line_1_67' title="bbox 92 1760 2313 1807; baseline 0 -12"><span class='ocrx_word' id='word_1_528' title='bbox 92 1763 122 1795; x_wconf 83' lang='grc' dir='ltr'>εἰ</span> <span class='ocrx_word' id='word_1_529' title='bbox 146 1760 186 1795; x_wconf 80' lang='grc' dir='ltr'>δὲ</span> <span class='ocrx_word' id='word_1_530' title='bbox 209 1775 327 1796; x_wconf 82' lang='grc' dir='ltr'><strong><em>ταυτα</em></strong></span> <span class='ocrx_word' id='word_1_531' title='bbox 349 1762 398 1805; x_wconf 82' lang='grc' dir='ltr'>μὴ</span> <span class='ocrx_word' id='word_1_532' title='bbox 422 1761 672 1807; x_wconf 78' lang='grc' dir='ltr'><strong><em>παραφυλάξει</em></strong></span> <span class='ocrx_word' id='word_1_533' title='bbox 690 1760 710 1796; x_wconf 83' lang='grc' dir='ltr'>ὁ</span> <span class='ocrx_word' id='word_1_534' title='bbox 726 1760 905 1805; x_wconf 72' lang='grc' dir='ltr'><strong><em>δικαστής,</em></strong></span> <span class='ocrx_word' id='word_1_535' title='bbox 929 1762 1050 1797; x_wconf 88' lang='lat' dir='ltr'>decem</span> <span class='ocrx_word' id='word_1_536' title='bbox 1064 1762 1171 1797; x_wconf 86' lang='lat' dir='ltr'>libra·</span> <span class='ocrx_word' id='word_1_537' title='bbox 1185 1765 1226 1797; x_wconf 88' lang='lat'>35</span> <span class='ocrx_word' id='word_1_538' title='bbox 1241 1763 1451 1798; x_wconf 90' lang='lat' dir='ltr'>custodierit</span> <span class='ocrx_word' id='word_1_539' title='bbox 1485 1762 1609 1805; x_wconf 88' lang='lat' dir='ltr'>iudex,</span> <span class='ocrx_word' id='word_1_540' title='bbox 1643 1762 1765 1797; x_wconf 89' lang='lat' dir='ltr'>decem</span> <span class='ocrx_word' id='word_1_541' title='bbox 1799 1762 1970 1797; x_wconf 83' lang='lat' dir='ltr'>librarum</span> <span class='ocrx_word' id='word_1_542' title='bbox 2004 1761 2084 1797; x_wconf 86' lang='lat' dir='ltr'>auri</span> <span class='ocrx_word' id='word_1_543' title='bbox 2117 1771 2196 1797; x_wconf 91' lang='lat' dir='ltr'>eum</span> <span class='ocrx_word' id='word_1_544' title='bbox 2230 1761 2313 1797; x_wconf 91' lang='lat' dir='ltr'>sub-</span> 
     </span>
     <span class='ocr_line' id='line_1_68' title="bbox 91 1804 2303 1854; baseline 0 -13"><span class='ocrx_word' id='word_1_545' title='bbox 91 1817 170 1841; x_wconf 89' lang='lat' dir='ltr'>rum</span> <span class='ocrx_word' id='word_1_546' title='bbox 194 1807 272 1842; x_wconf 86' lang='lat' dir='ltr'>auri</span> <span class='ocrx_word' id='word_1_547' title='bbox 293 1805 407 1841; x_wconf 82' lang='grc' dir='ltr'><strong><em>αὐτὸν</em></strong></span> <span class='ocrx_word' id='word_1_548' title='bbox 428 1804 649 1841; x_wconf 75' lang='grc' dir='ltr'><strong><em>ὑποκεῖσθαι</em></strong></span> <span class='ocrx_word' id='word_1_549' title='bbox 664 1808 774 1854; x_wconf 59' lang='lat' dir='ltr'>nonas]</span> <span class='ocrx_word' id='word_1_550' title='bbox 789 1806 881 1851; x_wconf 84' lang='grc' dir='ltr'><strong><em>μετὰ</em></strong></span> <span class='ocrx_word' id='word_1_551' title='bbox 897 1808 960 1841; x_wconf 80' lang='grc' dir='ltr'>τοῦ</span> <span class='ocrx_word' id='word_1_552' title='bbox 977 1811 1037 1840; x_wconf 78' lang='grc' dir='ltr'>καὶ</span> <span class='ocrx_word' id='word_1_553' title='bbox 1051 1808 1173 1853; x_wconf 76' lang='grc' dir='ltr'><strong><em>ἐτέρας</em></strong></span> <span class='ocrx_word' id='word_1_554' title='bbox 1239 1808 1356 1843; x_wconf 86' lang='lat' dir='ltr'>iacere</span> <span class='ocrx_word' id='word_1_555' title='bbox 1379 1817 1533 1852; x_wconf 90' lang='lat' dir='ltr'>poenae,</span> <span class='ocrx_word' id='word_1_556' title='bbox 1566 1813 1607 1842; x_wconf 88' lang='lat' dir='ltr'>ut</span> <span class='ocrx_word' id='word_1_557' title='bbox 1630 1808 1737 1842; x_wconf 85' lang='lat' dir='ltr'>etiam</span> <span class='ocrx_word' id='word_1_558' title='bbox 1760 1806 1865 1842; x_wconf 84' lang='lat' dir='ltr'>aliam</span> <span class='ocrx_word' id='word_1_559' title='bbox 1888 1811 2046 1843; x_wconf 84' lang='lat' dir='ltr'>nostram</span> <span class='ocrx_word' id='word_1_560' title='bbox 2068 1806 2238 1842; x_wconf 87' lang='lat' dir='ltr'>maiorem</span> <span class='ocrx_word' id='word_1_561' title='bbox 2259 1806 2303 1841; x_wconf 86' lang='lat' dir='ltr'>in-</span> 
     </span>
     <span class='ocr_line' id='line_1_69' title="bbox 91 1850 2311 1899; baseline 0.001 -14"><span class='ocrx_word' id='word_1_562' title='bbox 91 1850 194 1896; x_wconf 81' lang='grc' dir='ltr'>ἡμῶν</span> <span class='ocrx_word' id='word_1_563' title='bbox 228 1854 389 1896; x_wconf 82' lang='grc' dir='ltr'>μείζονος</span> <span class='ocrx_word' id='word_1_564' title='bbox 423 1851 700 1897; x_wconf 83' lang='grc' dir='ltr'><strong><em>ἀγανακτήσεως</em></strong></span> <span class='ocrx_word' id='word_1_565' title='bbox 736 1852 957 1896; x_wconf 76' lang='grc' dir='ltr'><strong><em>πειρᾶσθαι·</em></strong></span> <span class='ocrx_word' id='word_1_566' title='bbox 999 1854 1043 1899; x_wconf 80' lang='grc' dir='ltr'>τῇ</span> <span class='ocrx_word' id='word_1_567' title='bbox 1080 1851 1170 1899; x_wconf 77' lang='grc' dir='ltr'><strong><em>αὐτῇ</em></strong></span> <span class='ocrx_word' id='word_1_568' title='bbox 1241 1853 1479 1896; x_wconf 74' lang='lat' dir='ltr'>dignationem</span> <span class='ocrx_word' id='word_1_569' title='bbox 1514 1852 1737 1898; x_wconf 78' lang='lat' dir='ltr'>experiatur3</span> <span class='ocrx_word' id='word_1_570' title='bbox 1773 1852 1886 1887; x_wconf 88' lang='lat' dir='ltr'>eidem</span> <span class='ocrx_word' id='word_1_571' title='bbox 1916 1861 2053 1897; x_wconf 76' lang='lat' dir='ltr'>poenae</span> <span class='ocrx_word' id='word_1_572' title='bbox 2082 1852 2243 1887; x_wconf 71' lang='lat' dir='ltr'>subiecto</span> <span class='ocrx_word' id='word_1_573' title='bbox 2278 1854 2311 1886; x_wconf 63' lang='lat' dir='ltr'>el</span> 
     </span>
     <span class='ocr_line' id='line_1_70' title="bbox 92 1894 2314 1944; baseline -0 -12"><span class='ocrx_word' id='word_1_574' title='bbox 92 1898 200 1944; x_wconf 83' lang='grc' dir='ltr'><strong><em>ποινῇ</em></strong></span> <span class='ocrx_word' id='word_1_575' title='bbox 233 1894 466 1939; x_wconf 78' lang='grc' dir='ltr'><strong><em>ὑποκειμένου</em></strong></span> <span class='ocrx_word' id='word_1_576' title='bbox 496 1900 556 1930; x_wconf 88' lang='grc' dir='ltr'>καὶ</span> <span class='ocrx_word' id='word_1_577' title='bbox 579 1898 644 1933; x_wconf 82' lang='grc' dir='ltr'>τοῦ</span> <span class='ocrx_word' id='word_1_578' title='bbox 668 1895 875 1940; x_wconf 82' lang='grc' dir='ltr'><strong><em>τολμῶντος</em></strong></span> <span class='ocrx_word' id='word_1_579' title='bbox 897 1898 1065 1931; x_wconf 81' lang='grc' dir='ltr'><strong><em>τοιοῦτόν</em></strong></span> <span class='ocrx_word' id='word_1_580' title='bbox 1088 1911 1171 1931; x_wconf 91' lang='grc' dir='ltr'><strong><em>τινα</em></strong></span> <span class='ocrx_word' id='word_1_581' title='bbox 1240 1908 1282 1933; x_wconf 86' lang='lat' dir='ltr'>eo</span> <span class='ocrx_word' id='word_1_582' title='bbox 1314 1898 1374 1942; x_wconf 86' lang='lat' dir='ltr'>qui</span> <span class='ocrx_word' id='word_1_583' title='bbox 1396 1901 1600 1942; x_wconf 81' lang='lat' dir='ltr'>praesumet</span> <span class='ocrx_word' id='word_1_584' title='bbox 1628 1898 1735 1932; x_wconf 76' lang='lat' dir='ltr'>talem</span> <span class='ocrx_word' id='word_1_585' title='bbox 1767 1898 1924 1942; x_wconf 75' lang='lat' dir='ltr'>aliquam</span> <span class='ocrx_word' id='word_1_586' title='bbox 1943 1897 2080 1932; x_wconf 70' lang='lat' dir='ltr'>dictare</span> <span class='ocrx_word' id='word_1_587' title='bbox 2102 1896 2255 1932; x_wconf 73' lang='lat' dir='ltr'>formam</span> <span class='ocrx_word' id='word_1_588' title='bbox 2278 1901 2314 1930; x_wconf 85' lang='lat' dir='ltr'>et</span> 
     </span>
     <span class='ocr_line' id='line_1_71' title="bbox 90 1939 2314 1989; baseline -0 -13"><span class='ocrx_word' id='word_1_589' title='bbox 90 1939 331 1988; x_wconf 74' lang='grc' dir='ltr'><strong><em>ύπαγορεῦσαι</em></strong></span> <span class='ocrx_word' id='word_1_590' title='bbox 354 1939 473 1976; x_wconf 85' lang='grc' dir='ltr'><strong><em>τύπον</em></strong></span> <span class='ocrx_word' id='word_1_591' title='bbox 495 1945 556 1975; x_wconf 76' lang='grc' dir='ltr'>καὶ</span> <span class='ocrx_word' id='word_1_592' title='bbox 578 1943 656 1975; x_wconf 82' lang='grc' dir='ltr'>τῶν</span> <span class='ocrx_word' id='word_1_593' title='bbox 680 1939 962 1989; x_wconf 74' lang='grc' dir='ltr'><strong><em>ὑπουργούντων</em></strong></span> <span class='ocrx_word' id='word_1_594' title='bbox 986 1940 1086 1985; x_wconf 80' lang='grc' dir='ltr'><strong><em>αύτῷ</em></strong></span> <span class='ocrx_word' id='word_1_595' title='bbox 1111 1945 1169 1975; x_wconf 85' lang='grc' dir='ltr'>καὶ</span> <span class='ocrx_word' id='word_1_596' title='bbox 1237 1943 1522 1978; x_wconf 78' lang='lat' dir='ltr'>ministrantibus</span> <span class='ocrx_word' id='word_1_597' title='bbox 1545 1942 1579 1978; x_wconf 81' lang='lat' dir='ltr'>ei</span> <span class='ocrx_word' id='word_1_598' title='bbox 1607 1944 1643 1978; x_wconf 82' lang='lat' dir='ltr'>et</span> <span class='ocrx_word' id='word_1_599' title='bbox 1667 1942 1775 1978; x_wconf 72' lang='lat' dir='ltr'>talem</span> <span class='ocrx_word' id='word_1_600' title='bbox 1798 1942 1952 1987; x_wconf 73' lang='lat' dir='ltr'>aliquam</span> <span class='ocrx_word' id='word_1_601' title='bbox 1981 1941 2238 1987; x_wconf 78' lang='lat' dir='ltr'>depositionem</span> <span class='ocrx_word' id='word_1_602' title='bbox 2258 1940 2314 1975; x_wconf 76' lang='lat' dir='ltr'>fa-</span> 
     </span>
     <span class='ocr_line' id='line_1_72' title="bbox 90 1985 1228 2033; baseline 0.001 -12"><span class='ocrx_word' id='word_1_603' title='bbox 90 1988 167 2021; x_wconf 81' lang='grc' dir='ltr'><strong><em>τῶν</em></strong></span> <span class='ocrx_word' id='word_1_604' title='bbox 198 1987 372 2033; x_wconf 75' lang='grc' dir='ltr'><strong><em>τοιαύτην</em></strong></span> <span class='ocrx_word' id='word_1_605' title='bbox 399 1985 483 2021; x_wconf 75' lang='grc' dir='ltr'><strong><em>τινὰ</em></strong></span> <span class='ocrx_word' id='word_1_606' title='bbox 516 1986 720 2021; x_wconf 72' lang='grc' dir='ltr'><strong><em>κατάθεσιν</em></strong></span> <span class='ocrx_word' id='word_1_607' title='bbox 752 1989 981 2030; x_wconf 82' lang='grc' dir='ltr'><strong><em>ποιουμένων</em></strong></span> <span class='ocrx_word' id='word_1_608' title='bbox 1011 1986 1172 2033; x_wconf 83' lang='grc' dir='ltr'><strong><em>περιβλέ·</em></strong></span> <span class='ocrx_word' id='word_1_609' title='bbox 1187 1990 1228 2022; x_wconf 85' lang='grc'>40</span> 
     </span>
    </p>
   </div>
   <div class='ocr_carea' id='block_1_23' title="bbox 89 2074 2319 2931">
    <p class='ocr_par' dir='ltr' id='par_1_23' title="bbox 89 2074 2319 2931">
     <span class='ocr_line' id='line_1_73' title="bbox 89 2074 2316 2120; baseline -0.002 -8"><span class='ocrx_word' id='word_1_610' title='bbox 89 2076 285 2113; x_wconf 83' lang='lat' dir='ltr'>iudicanda</span> <span class='ocrx_word' id='word_1_611' title='bbox 309 2077 374 2118; x_wconf 86' lang='lat' dir='ltr'>sit,</span> <span class='ocrx_word' id='word_1_612' title='bbox 402 2076 645 2111; x_wconf 83' lang='lat' dir='ltr'>iudicantibus</span> <span class='ocrx_word' id='word_1_613' title='bbox 667 2076 869 2112; x_wconf 83' lang='lat' dir='ltr'>iusinuetur</span> <span class='ocrx_word' id='word_1_614' title='bbox 893 2080 956 2111; x_wconf 84' lang='lat' dir='ltr'>aut</span> <span class='ocrx_word' id='word_1_615' title='bbox 980 2077 1171 2110; x_wconf 80' lang='lat' dir='ltr'>insinuata</span> <span class='ocrx_word' id='word_1_616' title='bbox 1187 2076 1323 2116; x_wconf 85' lang='lat' dir='ltr'>valeat,</span> <span class='ocrx_word' id='word_1_617' title='bbox 1353 2075 1418 2110; x_wconf 88' lang='lat' dir='ltr'>sed</span> <span class='ocrx_word' id='word_1_618' title='bbox 1446 2074 1641 2111; x_wconf 84' lang='lat' dir='ltr'>secundum</span> <span class='ocrx_word' id='word_1_619' title='bbox 1670 2074 1858 2120; x_wconf 83' lang='lat' dir='ltr'>qenerales</span> <span class='ocrx_word' id='word_1_620' title='bbox 1887 2074 1921 2110; x_wconf 86' lang='lat' dir='ltr'>le</span> <span class='ocrx_word' id='word_1_621' title='bbox 1947 2085 1985 2110; x_wconf 87' lang='lat' dir='ltr'>es</span> <span class='ocrx_word' id='word_1_622' title='bbox 2007 2079 2156 2110; x_wconf 85' lang='lat' dir='ltr'>nostras</span> <span class='ocrx_word' id='word_1_623' title='bbox 2178 2074 2260 2110; x_wconf 82' lang='lat' dir='ltr'>lites</span> <span class='ocrx_word' id='word_1_624' title='bbox 2281 2078 2316 2110; x_wconf 90' lang='lat' dir='ltr'>et</span> 
     </span>
     <span class='ocr_line' id='line_1_74' title="bbox 89 2119 2315 2167; baseline -0.001 -9"><span class='ocrx_word' id='word_1_625' title='bbox 89 2123 344 2158; x_wconf 77' lang='lat' dir='ltr'>examinentur</span> <span class='ocrx_word' id='word_1_626' title='bbox 366 2126 403 2156; x_wconf 89' lang='lat' dir='ltr'>et</span> <span class='ocrx_word' id='word_1_627' title='bbox 424 2121 656 2157; x_wconf 84' lang='lat' dir='ltr'>decidantur:</span> <span class='ocrx_word' id='word_1_628' title='bbox 694 2121 793 2166; x_wconf 88' lang='lat' dir='ltr'>quod</span> <span class='ocrx_word' id='word_1_629' title='bbox 815 2121 908 2157; x_wconf 85' lang='lat' dir='ltr'>enim</span> <span class='ocrx_word' id='word_1_630' title='bbox 939 2132 989 2157; x_wconf 76' lang='lat' dir='ltr'>ex</span> <span class='ocrx_word' id='word_1_631' title='bbox 1013 2121 1131 2167; x_wconf 80' lang='lat' dir='ltr'>lequm</span> <span class='ocrx_word' id='word_1_632' title='bbox 1154 2121 1372 2156; x_wconf 84' lang='lat' dir='ltr'>auctoritate</span> <span class='ocrx_word' id='word_1_633' title='bbox 1394 2120 1578 2155; x_wconf 84' lang='lat' dir='ltr'>iudicatur</span> <span class='ocrx_word' id='word_1_634' title='bbox 1600 2130 1673 2155; x_wconf 88' lang='lat' dir='ltr'>non</span> <span class='ocrx_word' id='word_1_635' title='bbox 1697 2119 1869 2166; x_wconf 83' lang='lat' dir='ltr'>indiqebit</span> <span class='ocrx_word' id='word_1_636' title='bbox 1891 2131 1915 2154; x_wconf 87' lang='lat' dir='ltr'>u</span> <span class='ocrx_word' id='word_1_637' title='bbox 1932 2119 1967 2154; x_wconf 84' lang='lat' dir='ltr'>Ia</span> <span class='ocrx_word' id='word_1_638' title='bbox 1991 2119 2229 2167; x_wconf 77' lang='lat' dir='ltr'>dispositione</span> <span class='ocrx_word' id='word_1_639' title='bbox 2250 2129 2315 2155; x_wconf 76' lang='lat' dir='ltr'>ex-</span> 
     </span>
     <span class='ocr_line' id='line_1_75' title="bbox 91 2163 2315 2213; baseline -0.001 -11"><span class='ocrx_word' id='word_1_640' title='bbox 91 2169 266 2203; x_wconf 83' lang='lat' dir='ltr'>trinsecus</span> <span class='ocrx_word' id='word_1_641' title='bbox 284 2166 454 2213; x_wconf 86' lang='lat' dir='ltr'>petenda.</span> <span class='ocrx_word' id='word_1_642' title='bbox 503 2165 645 2201; x_wconf 79' lang='lat' dir='ltr'>Etenim</span> <span class='ocrx_word' id='word_1_643' title='bbox 667 2168 701 2201; x_wconf 88' lang='lat' dir='ltr'>si</span> <span class='ocrx_word' id='word_1_644' title='bbox 719 2177 792 2212; x_wconf 87' lang='lat' dir='ltr'>qua</span> <span class='ocrx_word' id='word_1_645' title='bbox 816 2177 927 2201; x_wconf 85' lang='lat' dir='ltr'>eausa</span> <span class='ocrx_word' id='word_1_646' title='bbox 951 2166 1001 2201; x_wconf 89' lang='lat' dir='ltr'>ad</span> <span class='ocrx_word' id='word_1_647' title='bbox 1022 2177 1090 2201; x_wconf 90' lang='lat' dir='ltr'>nos</span> <span class='ocrx_word' id='word_1_648' title='bbox 1109 2165 1312 2212; x_wconf 84' lang='lat' dir='ltr'>pervenerit</span> <span class='ocrx_word' id='word_1_649' title='bbox 1334 2165 1409 2200; x_wconf 87' lang='lat' dir='ltr'>sive</span> <span class='ocrx_word' id='word_1_650' title='bbox 1431 2176 1525 2211; x_wconf 90' lang='lat' dir='ltr'>quae</span> <span class='ocrx_word' id='word_1_651' title='bbox 1548 2175 1571 2199; x_wconf 88' lang='lat' dir='ltr'>a</span> <span class='ocrx_word' id='word_1_652' title='bbox 1600 2163 1650 2199; x_wconf 86' lang='lat' dir='ltr'>ud</span> <span class='ocrx_word' id='word_1_653' title='bbox 1670 2164 1822 2200; x_wconf 85' lang='lat' dir='ltr'>iudicem</span> <span class='ocrx_word' id='word_1_654' title='bbox 1844 2164 1917 2199; x_wconf 82' lang='lat' dir='ltr'>iam</span> <span class='ocrx_word' id='word_1_655' title='bbox 1941 2164 2039 2200; x_wconf 89' lang='lat' dir='ltr'>dicta</span> <span class='ocrx_word' id='word_1_656' title='bbox 2061 2168 2116 2200; x_wconf 83' lang='lat' dir='ltr'>est</span> <span class='ocrx_word' id='word_1_657' title='bbox 2128 2163 2203 2200; x_wconf 87' lang='lat' dir='ltr'>sive</span> <span class='ocrx_word' id='word_1_658' title='bbox 2218 2168 2315 2200; x_wconf 83' lang='lat' dir='ltr'>ante-</span> 
     </span>
     <span class='ocr_line' id='line_1_76' title="bbox 90 2208 2316 2290; baseline -0.001 -43"><span class='ocrx_word' id='word_1_659' title='bbox 90 2223 198 2258; x_wconf 86' lang='lat' dir='ltr'>quam</span> <span class='ocrx_word' id='word_1_660' title='bbox 221 2211 270 2247; x_wconf 87' lang='lat' dir='ltr'>ibi</span> <span class='ocrx_word' id='word_1_661' title='bbox 293 2212 483 2259; x_wconf 75' lang='lat' dir='ltr'>exordium</span> <span class='ocrx_word' id='word_1_662' title='bbox 507 2215 663 2262; x_wconf 89' lang='lat' dir='ltr'>caperet,</span> <span class='ocrx_word' id='word_1_663' title='bbox 688 2222 837 2257; x_wconf 86' lang='lat' dir='ltr'>eamque</span> <span class='ocrx_word' id='word_1_664' title='bbox 859 2212 963 2247; x_wconf 87' lang='lat' dir='ltr'>nobis</span> <span class='ocrx_word' id='word_1_665' title='bbox 979 2211 1166 2257; x_wconf 80' lang='lat' dir='ltr'>placuerit</span> <span class='ocrx_word' id='word_1_666' title='bbox 1184 2210 1341 2290; x_wconf 51' lang='lat' dir='ltr'>proprio</span> <span class='ocrx_word' id='word_1_667' title='bbox 1365 2216 1491 2245; x_wconf 88' lang='lat' dir='ltr'>nostro</span> <span class='ocrx_word' id='word_1_668' title='bbox 1515 2210 1553 2244; x_wconf 89' lang='lat' dir='ltr'>iu</span> <span class='ocrx_word' id='word_1_669' title='bbox 1579 2210 1648 2244; x_wconf 83' lang='lat' dir='ltr'>icio</span> <span class='ocrx_word' id='word_1_670' title='bbox 1673 2209 1866 2255; x_wconf 79' lang='lat' dir='ltr'>disponere</span> <span class='ocrx_word' id='word_1_671' title='bbox 1887 2214 1922 2246; x_wconf 87' lang='lat' dir='ltr'>et</span> <span class='ocrx_word' id='word_1_672' title='bbox 1944 2209 2118 2251; x_wconf 82' lang='lat' dir='ltr'>decidere,</span> <span class='ocrx_word' id='word_1_673' title='bbox 2150 2208 2220 2245; x_wconf 78' lang='lat' dir='ltr'>boe</span> <span class='ocrx_word' id='word_1_674' title='bbox 2241 2219 2316 2245; x_wconf 84' lang='lat' dir='ltr'>non</span> 
     </span>
     <span class='ocr_line' id='line_1_77' title="bbox 90 2254 2318 2304; baseline -0.001 -12"><span class='ocrx_word' id='word_1_675' title='bbox 90 2258 245 2304; x_wconf 87' lang='lat' dir='ltr'>amplius</span> <span class='ocrx_word' id='word_1_676' title='bbox 268 2257 419 2292; x_wconf 79' lang='lat' dir='ltr'>atterius</span> <span class='ocrx_word' id='word_1_677' title='bbox 441 2256 572 2291; x_wconf 74' lang='lat' dir='ltr'>iudicis</span> <span class='ocrx_word' id='word_1_678' title='bbox 595 2261 676 2301; x_wconf 81' lang='lat' dir='ltr'>eqet</span> <span class='ocrx_word' id='word_1_679' title='bbox 698 2257 893 2291; x_wconf 88' lang='lat' dir='ltr'>sententia:</span> <span class='ocrx_word' id='word_1_680' title='bbox 927 2267 1022 2302; x_wconf 87' lang='lat' dir='ltr'>quae</span> <span class='ocrx_word' id='word_1_681' title='bbox 1044 2256 1138 2291; x_wconf 90' lang='lat' dir='ltr'>enim</span> <span class='ocrx_word' id='word_1_682' title='bbox 1162 2267 1185 2290; x_wconf 92' lang='lat' dir='ltr'>a</span> <span class='ocrx_word' id='word_1_683' title='bbox 1209 2266 1256 2290; x_wconf 92' lang='lat' dir='ltr'>no</span> <span class='ocrx_word' id='word_1_684' title='bbox 1280 2256 1313 2290; x_wconf 85' lang='lat' dir='ltr'>is</span> <span class='ocrx_word' id='word_1_685' title='bbox 1335 2255 1458 2291; x_wconf 88' lang='lat' dir='ltr'>divina</span> <span class='ocrx_word' id='word_1_686' title='bbox 1489 2258 1544 2296; x_wconf 90' lang='lat' dir='ltr'>(ut</span> <span class='ocrx_word' id='word_1_687' title='bbox 1565 2255 1698 2290; x_wconf 88' lang='lat' dir='ltr'>dietum</span> <span class='ocrx_word' id='word_1_688' title='bbox 1721 2258 1787 2295; x_wconf 83' lang='lat' dir='ltr'>est)</span> <span class='ocrx_word' id='word_1_689' title='bbox 1819 2255 1995 2290; x_wconf 83' lang='lat' dir='ltr'>sententia</span> <span class='ocrx_word' id='word_1_690' title='bbox 2017 2254 2261 2301; x_wconf 84' lang='lat' dir='ltr'>disponuntur</span> <span class='ocrx_word' id='word_1_691' title='bbox 2281 2257 2318 2290; x_wconf 78' lang='lat' dir='ltr'>et</span> 
     </span>
     <span class='ocr_line' id='line_1_78' title="bbox 90 2298 2316 2347; baseline -0.002 -9"><span class='ocrx_word' id='word_1_692' title='bbox 90 2302 305 2338; x_wconf 84' lang='lat' dir='ltr'>deciduntur</span> <span class='ocrx_word' id='word_1_693' title='bbox 325 2313 399 2337; x_wconf 90' lang='lat' dir='ltr'>non</span> <span class='ocrx_word' id='word_1_694' title='bbox 422 2301 586 2347; x_wconf 66' lang='lat' dir='ltr'>indiqent</span> <span class='ocrx_word' id='word_1_695' title='bbox 606 2301 760 2336; x_wconf 81' lang='lat' dir='ltr'>aliorum</span> <span class='ocrx_word' id='word_1_696' title='bbox 783 2302 1057 2337; x_wconf 78' lang='lat' dir='ltr'>examinatione</span> <span class='ocrx_word' id='word_1_697' title='bbox 1079 2301 1134 2336; x_wconf 83' lang='lat' dir='ltr'>vel</span> <span class='ocrx_word' id='word_1_698' title='bbox 1152 2301 1329 2336; x_wconf 82' lang='lat' dir='ltr'>sententia</span> <span class='ocrx_word' id='word_1_699' title='bbox 1358 2300 1414 2335; x_wconf 81' lang='lat' dir='ltr'>vel</span> <span class='ocrx_word' id='word_1_700' title='bbox 1436 2300 1694 2335; x_wconf 77' lang='lat' dir='ltr'>retractatione</span> <span class='ocrx_word' id='word_1_701' title='bbox 1716 2299 1802 2335; x_wconf 82' lang='lat' dir='ltr'>ulla.</span> <span class='ocrx_word' id='word_1_702' title='bbox 1845 2299 1924 2334; x_wconf 88' lang='lat' dir='ltr'>Nos</span> <span class='ocrx_word' id='word_1_703' title='bbox 1946 2300 2051 2342; x_wconf 89' lang='lat' dir='ltr'>enim,</span> <span class='ocrx_word' id='word_1_704' title='bbox 2074 2298 2204 2346; x_wconf 85' lang='lat' dir='ltr'>quibus</span> <span class='ocrx_word' id='word_1_705' title='bbox 2226 2298 2316 2335; x_wconf 82' lang='lat' dir='ltr'>deus</span> 
     </span>
     <span class='ocr_line' id='line_1_79' title="bbox 89 2343 2318 2398; baseline -0.002 -15"><span class='ocrx_word' id='word_1_706' title='bbox 89 2348 197 2383; x_wconf 87' lang='lat' dir='ltr'>etiam</span> <span class='ocrx_word' id='word_1_707' title='bbox 218 2348 335 2393; x_wconf 82' lang='lat' dir='ltr'>lequm</span> <span class='ocrx_word' id='word_1_708' title='bbox 353 2346 588 2392; x_wconf 82' lang='lat' dir='ltr'>serendarum</span> <span class='ocrx_word' id='word_1_709' title='bbox 602 2350 819 2398; x_wconf 86' lang='lat' dir='ltr'>potestatem</span> <span class='ocrx_word' id='word_1_710' title='bbox 839 2347 996 2388; x_wconf 85' lang='lat' dir='ltr'>donavit,</span> <span class='ocrx_word' id='word_1_711' title='bbox 1018 2348 1053 2381; x_wconf 87' lang='lat' dir='ltr'>si</span> <span class='ocrx_word' id='word_1_712' title='bbox 1092 2357 1175 2381; x_wconf 89' lang='lat' dir='ltr'>uam</span> <span class='ocrx_word' id='word_1_713' title='bbox 1192 2345 1402 2381; x_wconf 81' lang='lat' dir='ltr'>sententiam</span> <span class='ocrx_word' id='word_1_714' title='bbox 1421 2344 1466 2380; x_wconf 91' lang='lat' dir='ltr'>de</span> <span class='ocrx_word' id='word_1_715' title='bbox 1485 2355 1597 2380; x_wconf 82' lang='lat' dir='ltr'>causa</span> <span class='ocrx_word' id='word_1_716' title='bbox 1617 2344 1742 2390; x_wconf 86' lang='lat' dir='ltr'>aliqua</span> <span class='ocrx_word' id='word_1_717' title='bbox 1766 2343 1962 2387; x_wconf 82' lang='lat' dir='ltr'>tulerimus,</span> <span class='ocrx_word' id='word_1_718' title='bbox 1986 2355 2059 2380; x_wconf 89' lang='lat' dir='ltr'>non</span> <span class='ocrx_word' id='word_1_719' title='bbox 2074 2343 2183 2379; x_wconf 85' lang='lat' dir='ltr'>alteri</span> <span class='ocrx_word' id='word_1_720' title='bbox 2202 2343 2318 2379; x_wconf 83' lang='lat' dir='ltr'>iudici</span> 
     </span>
     <span class='ocr_line' id='line_1_80' title="bbox 90 2357 2315 2438; baseline -0.002 -10"><span class='ocrx_word' id='word_1_721' title='bbox 90 2404 167 2428; x_wconf 89' lang='lat' dir='ltr'>eam</span> <span class='ocrx_word' id='word_1_722' title='bbox 188 2392 261 2427; x_wconf 87' lang='lat' dir='ltr'>sive</span> <span class='ocrx_word' id='word_1_723' title='bbox 273 2403 344 2438; x_wconf 88' lang='lat' dir='ltr'>per</span> <span class='ocrx_word' id='word_1_724' title='bbox 358 2392 564 2427; x_wconf 84' lang='lat' dir='ltr'>sanctiones</span> <span class='ocrx_word' id='word_1_725' title='bbox 583 2402 657 2426; x_wconf 85' lang='lat' dir='ltr'>szve</span> <span class='ocrx_word' id='word_1_726' title='bbox 668 2402 740 2438; x_wconf 87' lang='lat' dir='ltr'>per</span> <span class='ocrx_word' id='word_1_727' title='bbox 753 2391 1001 2437; x_wconf 82' lang='lat' dir='ltr'>spectabilium</span> <span class='ocrx_word' id='word_1_728' title='bbox 1020 2357 1353 2436; x_wconf 51' lang='lat' dir='ltr'>reJerendariorum</span> <span class='ocrx_word' id='word_1_729' title='bbox 1375 2395 1581 2425; x_wconf 87' lang='lat' dir='ltr'>nostrorum</span> <span class='ocrx_word' id='word_1_730' title='bbox 1598 2388 1653 2425; x_wconf 85' lang='lat' dir='ltr'>vel</span> <span class='ocrx_word' id='word_1_731' title='bbox 1667 2388 1818 2424; x_wconf 83' lang='lat' dir='ltr'>alterius</span> <span class='ocrx_word' id='word_1_732' title='bbox 1832 2389 1944 2424; x_wconf 85' lang='lat' dir='ltr'>ullius</span> <span class='ocrx_word' id='word_1_733' title='bbox 1962 2388 2205 2436; x_wconf 82' lang='lat' dir='ltr'>depositiones</span> <span class='ocrx_word' id='word_1_734' title='bbox 2222 2398 2315 2424; x_wconf 86' lang='lat' dir='ltr'>com-</span> 
     </span>
     <span class='ocr_line' id='line_1_81' title="bbox 90 2433 2316 2483; baseline -0.001 -11"><span class='ocrx_word' id='word_1_735' title='bbox 90 2438 273 2479; x_wconf 84' lang='lat' dir='ltr'>mittimus,</span> <span class='ocrx_word' id='word_1_736' title='bbox 306 2436 601 2483; x_wconf 86' lang='lat' dir='ltr'>quemadmodum</span> <span class='ocrx_word' id='word_1_737' title='bbox 624 2437 799 2472; x_wconf 87' lang='lat' dir='ltr'>eiusmodi</span> <span class='ocrx_word' id='word_1_738' title='bbox 827 2436 872 2472; x_wconf 87' lang='lat' dir='ltr'>lis</span> <span class='ocrx_word' id='word_1_739' title='bbox 895 2436 1140 2472; x_wconf 78' lang='lat' dir='ltr'>examinanda</span> <span class='ocrx_word' id='word_1_740' title='bbox 1171 2436 1227 2472; x_wconf 83' lang='lat' dir='ltr'>vel</span> <span class='ocrx_word' id='word_1_741' title='bbox 1249 2435 1446 2471; x_wconf 85' lang='lat' dir='ltr'>decidenda</span> <span class='ocrx_word' id='word_1_742' title='bbox 1467 2434 1534 2476; x_wconf 84' lang='lat' dir='ltr'>sit,</span> <span class='ocrx_word' id='word_1_743' title='bbox 1565 2435 1700 2480; x_wconf 80' lang='lat' dir='ltr'>quippe</span> <span class='ocrx_word' id='word_1_744' title='bbox 1729 2445 1836 2480; x_wconf 18' lang='lat' dir='ltr'>quae&gt;</span> <span class='ocrx_word' id='word_1_745' title='bbox 1851 2433 1961 2469; x_wconf 85' lang='lat' dir='ltr'>semel</span> <span class='ocrx_word' id='word_1_746' title='bbox 1982 2445 2006 2469; x_wconf 92' lang='lat' dir='ltr'>a</span> <span class='ocrx_word' id='word_1_747' title='bbox 2029 2433 2133 2469; x_wconf 87' lang='lat' dir='ltr'>nobis</span> <span class='ocrx_word' id='word_1_748' title='bbox 2154 2433 2316 2469; x_wconf 79' lang='lat' dir='ltr'>iudicata</span> 
     </span>
     <span class='ocr_line' id='line_1_82' title="bbox 89 2477 2315 2559; baseline -0.002 -42"><span class='ocrx_word' id='word_1_749' title='bbox 89 2483 137 2518; x_wconf 85' lang='lat' dir='ltr'>sit</span> <span class='ocrx_word' id='word_1_750' title='bbox 160 2493 275 2528; x_wconf 81' lang='lat' dir='ltr'>neque</span> <span class='ocrx_word' id='word_1_751' title='bbox 299 2494 322 2517; x_wconf 89' lang='lat' dir='ltr'>a</span> <span class='ocrx_word' id='word_1_752' title='bbox 346 2492 528 2527; x_wconf 89' lang='lat' dir='ltr'>quoquam</span> <span class='ocrx_word' id='word_1_753' title='bbox 558 2482 754 2516; x_wconf 85' lang='lat' dir='ltr'>retraetari</span> <span class='ocrx_word' id='word_1_754' title='bbox 774 2482 901 2528; x_wconf 86' lang='lat' dir='ltr'>possit.</span> <span class='ocrx_word' id='word_1_755' title='bbox 949 2485 996 2516; x_wconf 88' lang='lat' dir='ltr'>At</span> <span class='ocrx_word' id='word_1_756' title='bbox 1022 2492 1067 2516; x_wconf 89' lang='lat' dir='ltr'>ue</span> <span class='ocrx_word' id='word_1_757' title='bbox 1090 2480 1179 2516; x_wconf 80' lang='lat' dir='ltr'>baec</span> <span class='ocrx_word' id='word_1_758' title='bbox 1209 2480 1378 2515; x_wconf 82' lang='lat' dir='ltr'>nimirum</span> <span class='ocrx_word' id='word_1_759' title='bbox 1401 2479 1546 2515; x_wconf 84' lang='lat' dir='ltr'>valeant</span> <span class='ocrx_word' id='word_1_760' title='bbox 1576 2489 1655 2514; x_wconf 87' lang='lat' dir='ltr'>eum</span> <span class='ocrx_word' id='word_1_761' title='bbox 1680 2489 1780 2559; x_wconf 62' lang='lat' dir='ltr'>quae</span> <span class='ocrx_word' id='word_1_762' title='bbox 1810 2479 1848 2514; x_wconf 90' lang='lat' dir='ltr'>in</span> <span class='ocrx_word' id='word_1_763' title='bbox 1871 2479 2018 2525; x_wconf 84' lang='lat' dir='ltr'>scriptis</span> <span class='ocrx_word' id='word_1_764' title='bbox 2041 2477 2215 2514; x_wconf 84' lang='lat' dir='ltr'>eiusmodi</span> <span class='ocrx_word' id='word_1_765' title='bbox 2235 2488 2315 2514; x_wconf 79' lang='lat' dir='ltr'>sen-</span> 
     </span>
     <span class='ocr_line' id='line_1_83' title="bbox 93 2523 2318 2573; baseline -0.002 -10"><span class='ocrx_word' id='word_1_766' title='bbox 93 2529 203 2563; x_wconf 82' lang='lat' dir='ltr'>tentia</span> <span class='ocrx_word' id='word_1_767' title='bbox 220 2533 346 2562; x_wconf 87' lang='lat' dir='ltr'>nostra</span> <span class='ocrx_word' id='word_1_768' title='bbox 361 2526 551 2573; x_wconf 87' lang='lat' dir='ltr'>prodierit.</span> <span class='ocrx_word' id='word_1_769' title='bbox 597 2525 639 2561; x_wconf 91' lang='lat' dir='ltr'>Si</span> <span class='ocrx_word' id='word_1_770' title='bbox 654 2537 728 2572; x_wconf 87' lang='lat' dir='ltr'>qua</span> <span class='ocrx_word' id='word_1_771' title='bbox 747 2537 831 2562; x_wconf 84' lang='lat' dir='ltr'>vero</span> <span class='ocrx_word' id='word_1_772' title='bbox 852 2526 964 2561; x_wconf 87' lang='lat' dir='ltr'>iudici</span> <span class='ocrx_word' id='word_1_773' title='bbox 1004 2526 1154 2562; x_wconf 86' lang='lat' dir='ltr'>ubitatio</span> <span class='ocrx_word' id='word_1_774' title='bbox 1178 2525 1222 2561; x_wconf 88' lang='lat' dir='ltr'>de</span> <span class='ocrx_word' id='word_1_775' title='bbox 1238 2525 1316 2570; x_wconf 83' lang='lat' dir='ltr'>leqe</span> <span class='ocrx_word' id='word_1_776' title='bbox 1333 2524 1457 2570; x_wconf 77' lang='lat' dir='ltr'>aliqua</span> <span class='ocrx_word' id='word_1_777' title='bbox 1476 2529 1559 2559; x_wconf 90' lang='lat' dir='ltr'>orta</span> <span class='ocrx_word' id='word_1_778' title='bbox 1573 2524 1631 2567; x_wconf 87' lang='lat' dir='ltr'>sit,</span> <span class='ocrx_word' id='word_1_779' title='bbox 1655 2535 1678 2558; x_wconf 88' lang='lat' dir='ltr'>a</span> <span class='ocrx_word' id='word_1_780' title='bbox 1717 2524 1917 2570; x_wconf 88' lang='lat' dir='ltr'>potentiam</span> <span class='ocrx_word' id='word_1_781' title='bbox 1940 2528 2101 2559; x_wconf 87' lang='lat' dir='ltr'>nostram</span> <span class='ocrx_word' id='word_1_782' title='bbox 2118 2523 2261 2570; x_wconf 78' lang='lat' dir='ltr'>referat</span> <span class='ocrx_word' id='word_1_783' title='bbox 2280 2526 2318 2559; x_wconf 81' lang='lat' dir='ltr'>et</span> 
     </span>
     <span class='ocr_line' id='line_1_84' title="bbox 90 2566 2317 2618; baseline -0.002 -10"><span class='ocrx_word' id='word_1_784' title='bbox 90 2575 111 2608; x_wconf 92' lang='lat'>1</span> <span class='ocrx_word' id='word_1_785' title='bbox 157 2584 180 2607; x_wconf 90' lang='lat' dir='ltr'>a</span> <span class='ocrx_word' id='word_1_786' title='bbox 196 2571 300 2607; x_wconf 88' lang='lat' dir='ltr'>nobis</span> <span class='ocrx_word' id='word_1_787' title='bbox 313 2573 487 2617; x_wconf 84' lang='lat' dir='ltr'>scriptam</span> <span class='ocrx_word' id='word_1_788' title='bbox 508 2572 563 2607; x_wconf 90' lang='lat' dir='ltr'>rei</span> <span class='ocrx_word' id='word_1_789' title='bbox 577 2572 870 2617; x_wconf 78' lang='lat' dir='ltr'>explanationem</span> <span class='ocrx_word' id='word_1_790' title='bbox 891 2572 948 2607; x_wconf 85' lang='lat' dir='ltr'>vel</span> <span class='ocrx_word' id='word_1_791' title='bbox 962 2571 1289 2618; x_wconf 86' lang='lat' dir='ltr'>interpretationem</span> <span class='ocrx_word' id='word_1_792' title='bbox 1309 2570 1467 2616; x_wconf 79' lang='lat' dir='ltr'>accipiat</span> <span class='ocrx_word' id='word_1_793' title='bbox 1486 2573 1522 2604; x_wconf 90' lang='lat' dir='ltr'>et</span> <span class='ocrx_word' id='word_1_794' title='bbox 1535 2569 1729 2604; x_wconf 86' lang='lat' dir='ltr'>secundum</span> <span class='ocrx_word' id='word_1_795' title='bbox 1749 2580 1828 2604; x_wconf 88' lang='lat' dir='ltr'>eam</span> <span class='ocrx_word' id='word_1_796' title='bbox 1845 2568 1939 2604; x_wconf 85' lang='lat' dir='ltr'>litem</span> <span class='ocrx_word' id='word_1_797' title='bbox 1956 2569 2109 2604; x_wconf 85' lang='lat' dir='ltr'>dirimat.</span> <span class='ocrx_word' id='word_1_798' title='bbox 2178 2566 2317 2611; x_wconf 81' lang='lat' dir='ltr'>Quodsi</span> 
     </span>
     <span class='ocr_line' id='line_1_85' title="bbox 91 2612 2319 2668; baseline -0.002 -17"><span class='ocrx_word' id='word_1_799' title='bbox 91 2617 174 2652; x_wconf 89' lang='lat' dir='ltr'>dum</span> <span class='ocrx_word' id='word_1_800' title='bbox 203 2627 314 2651; x_wconf 86' lang='lat' dir='ltr'>eausa</span> <span class='ocrx_word' id='word_1_801' title='bbox 345 2618 469 2668; x_wconf 76' lang='lat' dir='ltr'>aqitur</span> <span class='ocrx_word' id='word_1_802' title='bbox 525 2618 728 2662; x_wconf 83' lang='lat' dir='ltr'>raqmatica</span> <span class='ocrx_word' id='word_1_803' title='bbox 757 2617 898 2651; x_wconf 83' lang='lat' dir='ltr'>sanctio</span> <span class='ocrx_word' id='word_1_804' title='bbox 929 2621 1058 2651; x_wconf 86' lang='lat' dir='ltr'>nostra</span> <span class='ocrx_word' id='word_1_805' title='bbox 1089 2616 1146 2652; x_wconf 86' lang='lat' dir='ltr'>vel</span> <span class='ocrx_word' id='word_1_806' title='bbox 1174 2615 1352 2662; x_wconf 86' lang='lat' dir='ltr'>depositio</span> <span class='ocrx_word' id='word_1_807' title='bbox 1384 2613 1632 2661; x_wconf 79' lang='lat' dir='ltr'>spectabilium</span> <span class='ocrx_word' id='word_1_808' title='bbox 1666 2613 2001 2659; x_wconf 81' lang='lat' dir='ltr'>referendariorum</span> <span class='ocrx_word' id='word_1_809' title='bbox 2031 2617 2238 2649; x_wconf 82' lang='lat' dir='ltr'>nostrorum</span> <span class='ocrx_word' id='word_1_810' title='bbox 2261 2612 2319 2648; x_wconf 81' lang='lat' dir='ltr'>vel</span> 
     </span>
     <span class='ocr_line' id='line_1_86' title="bbox 92 2657 2315 2707; baseline -0.001 -11"><span class='ocrx_word' id='word_1_811' title='bbox 92 2662 242 2696; x_wconf 85' lang='lat' dir='ltr'>alterius</span> <span class='ocrx_word' id='word_1_812' title='bbox 266 2662 420 2696; x_wconf 75' lang='lat' dir='ltr'>alieuius</span> <span class='ocrx_word' id='word_1_813' title='bbox 443 2672 484 2697; x_wconf 89' lang='lat' dir='ltr'>ve</span> <span class='ocrx_word' id='word_1_814' title='bbox 521 2661 610 2707; x_wconf 87' lang='lat' dir='ltr'>quid</span> <span class='ocrx_word' id='word_1_815' title='bbox 631 2661 733 2696; x_wconf 82' lang='lat' dir='ltr'>aliud</span> <span class='ocrx_word' id='word_1_816' title='bbox 755 2672 879 2696; x_wconf 89' lang='lat' dir='ltr'>eorum</span> <span class='ocrx_word' id='word_1_817' title='bbox 903 2672 997 2707; x_wconf 87' lang='lat' dir='ltr'>quae</span> <span class='ocrx_word' id='word_1_818' title='bbox 1020 2661 1117 2696; x_wconf 87' lang='lat' dir='ltr'>dieta</span> <span class='ocrx_word' id='word_1_819' title='bbox 1140 2667 1224 2696; x_wconf 88' lang='lat' dir='ltr'>sunt</span> <span class='ocrx_word' id='word_1_820' title='bbox 1248 2660 1404 2696; x_wconf 90' lang='lat' dir='ltr'>omnium</span> <span class='ocrx_word' id='word_1_821' title='bbox 1432 2659 1544 2694; x_wconf 86' lang='lat' dir='ltr'>iudici</span> <span class='ocrx_word' id='word_1_822' title='bbox 1570 2659 1790 2694; x_wconf 86' lang='lat' dir='ltr'>insinuatum</span> <span class='ocrx_word' id='word_1_823' title='bbox 1818 2659 1867 2694; x_wconf 86' lang='lat' dir='ltr'>sit</span> <span class='ocrx_word' id='word_1_824' title='bbox 1889 2657 1990 2705; x_wconf 87' lang='lat' dir='ltr'>quod</span> <span class='ocrx_word' id='word_1_825' title='bbox 2010 2658 2315 2694; x_wconf 78' lang='lat' dir='ltr'>examinationem</span> 
     </span>
     <span class='ocr_line' id='line_1_87' title="bbox 93 2702 2316 2752; baseline -0.002 -11"><span class='ocrx_word' id='word_1_826' title='bbox 93 2708 169 2741; x_wconf 82' lang='lat' dir='ltr'>eius</span> <span class='ocrx_word' id='word_1_827' title='bbox 193 2706 248 2741; x_wconf 83' lang='lat' dir='ltr'>vel</span> <span class='ocrx_word' id='word_1_828' title='bbox 269 2707 480 2741; x_wconf 85' lang='lat' dir='ltr'>sententiam</span> <span class='ocrx_word' id='word_1_829' title='bbox 497 2706 724 2752; x_wconf 86' lang='lat' dir='ltr'>praecipiat,</span> <span class='ocrx_word' id='word_1_830' title='bbox 755 2706 915 2741; x_wconf 86' lang='lat' dir='ltr'>iubemus</span> <span class='ocrx_word' id='word_1_831' title='bbox 938 2705 1089 2742; x_wconf 88' lang='lat' dir='ltr'>iudicem</span> <span class='ocrx_word' id='word_1_832' title='bbox 1121 2705 1249 2741; x_wconf 78' lang='lat' dir='ltr'>borum</span> <span class='ocrx_word' id='word_1_833' title='bbox 1273 2704 1417 2740; x_wconf 85' lang='lat' dir='ltr'>omnino</span> <span class='ocrx_word' id='word_1_834' title='bbox 1449 2715 1523 2739; x_wconf 88' lang='lat' dir='ltr'>non</span> <span class='ocrx_word' id='word_1_835' title='bbox 1546 2703 1678 2739; x_wconf 84' lang='lat' dir='ltr'>babere</span> <span class='ocrx_word' id='word_1_836' title='bbox 1700 2704 1898 2746; x_wconf 86' lang='lat' dir='ltr'>rationem,</span> <span class='ocrx_word' id='word_1_837' title='bbox 1930 2702 1996 2738; x_wconf 84' lang='lat' dir='ltr'>sed</span> <span class='ocrx_word' id='word_1_838' title='bbox 2016 2703 2073 2738; x_wconf 80' lang='lat' dir='ltr'>bis</span> <span class='ocrx_word' id='word_1_839' title='bbox 2096 2702 2316 2739; x_wconf 78' lang='lat' dir='ltr'>cessantibus</span> 
     </span>
     <span class='ocr_line' id='line_1_88' title="bbox 93 2747 2314 2797; baseline -0.001 -12"><span class='ocrx_word' id='word_1_840' title='bbox 93 2762 207 2796; x_wconf 86' lang='lat' dir='ltr'>neque</span> <span class='ocrx_word' id='word_1_841' title='bbox 231 2751 340 2785; x_wconf 81' lang='lat' dir='ltr'>ullam</span> <span class='ocrx_word' id='word_1_842' title='bbox 366 2751 511 2785; x_wconf 88' lang='lat' dir='ltr'>omnino</span> <span class='ocrx_word' id='word_1_843' title='bbox 536 2751 604 2785; x_wconf 87' lang='lat' dir='ltr'>vim</span> <span class='ocrx_word' id='word_1_844' title='bbox 629 2751 839 2786; x_wconf 74' lang='lat' dir='ltr'>habentibus</span> <span class='ocrx_word' id='word_1_845' title='bbox 862 2751 1054 2787; x_wconf 83' lang='lat' dir='ltr'>seeundum</span> <span class='ocrx_word' id='word_1_846' title='bbox 1077 2750 1265 2797; x_wconf 82' lang='lat' dir='ltr'>qenerales</span> <span class='ocrx_word' id='word_1_847' title='bbox 1289 2754 1435 2784; x_wconf 84' lang='lat' dir='ltr'>nostras</span> <span class='ocrx_word' id='word_1_848' title='bbox 1466 2749 1562 2794; x_wconf 84' lang='lat' dir='ltr'>leqes</span> <span class='ocrx_word' id='word_1_849' title='bbox 1585 2759 1661 2785; x_wconf 89' lang='lat' dir='ltr'>rem</span> <span class='ocrx_word' id='word_1_850' title='bbox 1684 2754 1719 2784; x_wconf 85' lang='lat' dir='ltr'>et</span> <span class='ocrx_word' id='word_1_851' title='bbox 1742 2749 1954 2784; x_wconf 74' lang='lat' dir='ltr'>examinare</span> <span class='ocrx_word' id='word_1_852' title='bbox 1988 2753 2023 2783; x_wconf 88' lang='lat' dir='ltr'>et</span> <span class='ocrx_word' id='word_1_853' title='bbox 2046 2747 2096 2783; x_wconf 91' lang='lat' dir='ltr'>ad</span> <span class='ocrx_word' id='word_1_854' title='bbox 2118 2747 2314 2794; x_wconf 75' lang='lat' dir='ltr'>leqitimum</span> 
     </span>
     <span class='ocr_line' id='line_1_89' title="bbox 90 2793 2315 2842; baseline -0.002 -12"><span class='ocrx_word' id='word_1_855' title='bbox 90 2797 198 2842; x_wconf 79' lang='lat' dir='ltr'>finem</span> <span class='ocrx_word' id='word_1_856' title='bbox 223 2795 410 2831; x_wconf 84' lang='lat' dir='ltr'>adducere.</span> <span class='ocrx_word' id='word_1_857' title='bbox 459 2794 501 2830; x_wconf 89' lang='lat' dir='ltr'>Si</span> <span class='ocrx_word' id='word_1_858' title='bbox 524 2807 606 2831; x_wconf 86' lang='lat' dir='ltr'>vero</span> <span class='ocrx_word' id='word_1_859' title='bbox 636 2796 750 2831; x_wconf 79' lang='lat' dir='ltr'>iudex</span> <span class='ocrx_word' id='word_1_860' title='bbox 781 2796 870 2832; x_wconf 75' lang='lat' dir='ltr'>haee</span> <span class='ocrx_word' id='word_1_861' title='bbox 899 2807 974 2831; x_wconf 88' lang='lat' dir='ltr'>non</span> <span class='ocrx_word' id='word_1_862' title='bbox 998 2796 1217 2837; x_wconf 85' lang='lat' dir='ltr'>observabit,</span> <span class='ocrx_word' id='word_1_863' title='bbox 1249 2794 1368 2830; x_wconf 84' lang='lat' dir='ltr'>decem</span> <span class='ocrx_word' id='word_1_864' title='bbox 1400 2794 1573 2830; x_wconf 85' lang='lat' dir='ltr'>librarum</span> <span class='ocrx_word' id='word_1_865' title='bbox 1604 2794 1687 2829; x_wconf 87' lang='lat' dir='ltr'>auri</span> <span class='ocrx_word' id='word_1_866' title='bbox 1713 2804 1857 2839; x_wconf 87' lang='lat' dir='ltr'>poenae</span> <span class='ocrx_word' id='word_1_867' title='bbox 1886 2793 2095 2834; x_wconf 84' lang='lat' dir='ltr'>subiciatur,</span> <span class='ocrx_word' id='word_1_868' title='bbox 2121 2797 2315 2838; x_wconf 83' lang='lat' dir='ltr'>praeterea</span> 
     </span>
     <span class='ocr_line' id='line_1_90' title="bbox 93 2835 2318 2887; baseline -0.002 -12"><span class='ocrx_word' id='word_1_869' title='bbox 93 2841 201 2875; x_wconf 84' lang='lat' dir='ltr'>aliam</span> <span class='ocrx_word' id='word_1_870' title='bbox 232 2841 608 2885; x_wconf 28' lang='lat' dir='ltr'>quoque-qraoiorem</span> <span class='ocrx_word' id='word_1_871' title='bbox 639 2841 923 2886; x_wconf 83' lang='lat' dir='ltr'>indiqnationem</span> <span class='ocrx_word' id='word_1_872' title='bbox 955 2845 1117 2876; x_wconf 87' lang='lat' dir='ltr'>nostram</span> <span class='ocrx_word' id='word_1_873' title='bbox 1149 2843 1369 2887; x_wconf 78' lang='lat' dir='ltr'>experturus</span> <span class='ocrx_word' id='word_1_874' title='bbox 1377 2851 1391 2880; x_wconf 92' lang='lat'><em>;</em></span> <span class='ocrx_word' id='word_1_875' title='bbox 1426 2843 1536 2884; x_wconf 87' lang='lat' dir='ltr'>atque</span> <span class='ocrx_word' id='word_1_876' title='bbox 1558 2838 1671 2874; x_wconf 89' lang='lat' dir='ltr'>eidem</span> <span class='ocrx_word' id='word_1_877' title='bbox 1695 2849 1842 2884; x_wconf 86' lang='lat' dir='ltr'>poenae</span> <span class='ocrx_word' id='word_1_878' title='bbox 1865 2837 1972 2873; x_wconf 86' lang='lat' dir='ltr'>etiam</span> <span class='ocrx_word' id='word_1_879' title='bbox 2002 2838 2035 2872; x_wconf 86' lang='lat' dir='ltr'>is</span> <span class='ocrx_word' id='word_1_880' title='bbox 2057 2837 2120 2882; x_wconf 85' lang='lat' dir='ltr'>qui</span> <span class='ocrx_word' id='word_1_881' title='bbox 2141 2835 2318 2872; x_wconf 82' lang='lat' dir='ltr'>eiusmodi</span> 
     </span>
     <span class='ocr_line' id='line_1_91' title="bbox 94 2879 2314 2931; baseline -0.002 -11"><span class='ocrx_word' id='word_1_882' title='bbox 94 2886 255 2931; x_wconf 86' lang='lat' dir='ltr'>aliquam</span> <span class='ocrx_word' id='word_1_883' title='bbox 277 2884 499 2919; x_wconf 83' lang='lat' dir='ltr'>sanctionem</span> <span class='ocrx_word' id='word_1_884' title='bbox 524 2886 662 2919; x_wconf 87' lang='lat' dir='ltr'>dictare</span> <span class='ocrx_word' id='word_1_885' title='bbox 685 2886 818 2921; x_wconf 87' lang='lat' dir='ltr'>audeat</span> <span class='ocrx_word' id='word_1_886' title='bbox 840 2885 1040 2921; x_wconf 84' lang='lat' dir='ltr'>subiciatur</span> <span class='ocrx_word' id='word_1_887' title='bbox 1063 2891 1098 2921; x_wconf 90' lang='lat' dir='ltr'>et</span> <span class='ocrx_word' id='word_1_888' title='bbox 1125 2886 1188 2931; x_wconf 87' lang='lat' dir='ltr'>qui</span> <span class='ocrx_word' id='word_1_889' title='bbox 1210 2884 1444 2919; x_wconf 86' lang='lat' dir='ltr'>ministerium</span> <span class='ocrx_word' id='word_1_890' title='bbox 1467 2886 1500 2919; x_wconf 86' lang='lat' dir='ltr'>ei</span> <span class='ocrx_word' id='word_1_891' title='bbox 1516 2888 1707 2929; x_wconf 86' lang='lat' dir='ltr'>praestent</span> <span class='ocrx_word' id='word_1_892' title='bbox 1736 2887 1772 2918; x_wconf 89' lang='lat' dir='ltr'>et</span> <span class='ocrx_word' id='word_1_893' title='bbox 1791 2883 1856 2928; x_wconf 87' lang='lat' dir='ltr'>qui</span> <span class='ocrx_word' id='word_1_894' title='bbox 1877 2881 2052 2917; x_wconf 84' lang='lat' dir='ltr'>eiusmodi</span> <span class='ocrx_word' id='word_1_895' title='bbox 2074 2881 2232 2927; x_wconf 83' lang='lat' dir='ltr'>aliquam</span> <span class='ocrx_word' id='word_1_896' title='bbox 2255 2879 2314 2915; x_wconf 83' lang='lat' dir='ltr'>de-</span> 
     </span>
    </p>
   </div>
   <div class='ocr_carea' id='block_1_24' title="bbox 98 2951 640 2954">
    <p class='ocr_par' dir='ltr' id='par_1_24' title="bbox 98 2951 640 2954">
     <span class='ocr_line' id='line_1_92' title="bbox 98 2951 640 2954; baseline 0 0"><span class='ocrx_word' id='word_1_897' title='bbox 98 2951 640 2954; x_wconf 95' lang='lat' dir='ltr'> </span> 
     </span>
    </p>
   </div>
   <div class='ocr_carea' id='block_1_25' title="bbox 1242 2968 2315 3017">
    <p class='ocr_par' dir='ltr' id='par_1_25' title="bbox 1242 2968 2315 3017">
     <span class='ocr_line' id='line_1_93' title="bbox 1242 2968 2315 3017; baseline -0.004 -11"><span class='ocrx_word' id='word_1_898' title='bbox 1242 2976 1260 3007; x_wconf 81' lang='lat'><strong>7</strong></span> <span class='ocrx_word' id='word_1_899' title='bbox 1285 2974 1423 3014; x_wconf 87' lang='lat' dir='ltr'>dictum]</span> <span class='ocrx_word' id='word_1_900' title='bbox 1455 2973 1581 3006; x_wconf 86' lang='lat' dir='ltr'>dictum</span> <span class='ocrx_word' id='word_1_901' title='bbox 1605 2975 1655 3006; x_wconf 86' lang='lat' dir='ltr'>cst</span> <span class='ocrx_word' id='word_1_902' title='bbox 1678 2974 1710 3006; x_wconf 90' lang='lat' dir='ltr'><em>T</em></span> <span class='ocrx_word' id='word_1_903' title='bbox 1732 2972 1744 3017; x_wconf 88' lang='grc' dir='ltr'>ΙΙ</span> <span class='ocrx_word' id='word_1_904' title='bbox 1768 2974 1787 3006; x_wconf 89' lang='grc'>8</span> <span class='ocrx_word' id='word_1_905' title='bbox 1811 2974 1844 3004; x_wconf 87' lang='lat' dir='ltr'>et</span> <span class='ocrx_word' id='word_1_906' title='bbox 1868 2968 1928 3005; x_wconf 79' lang='lat' dir='ltr'>del.</span> <span class='ocrx_word' id='word_1_907' title='bbox 1944 2971 1994 3004; x_wconf 85' lang='lat' dir='ltr'>T²</span> <span class='ocrx_word' id='word_1_908' title='bbox 2017 2970 2030 3014; x_wconf 90' lang='grc' dir='ltr'>ΙΙ</span> <span class='ocrx_word' id='word_1_909' title='bbox 2053 2971 2315 3013; x_wconf 84' lang='lat' dir='ltr'>perspexerimus</span> 
     </span>
    </p>
   </div>
   <div class='ocr_carea' id='block_1_26' title="bbox 154 2952 2313 3061">
    <p class='ocr_par' dir='ltr' id='par_1_26' title="bbox 154 2952 2313 3061">
     <span class='ocr_line' id='line_1_94' title="bbox 154 2952 2295 3021; baseline -0.004 -12"><span class='ocrx_word' id='word_1_910' title='bbox 154 2978 170 3010; x_wconf 98' lang='grc'>1</span> <span class='ocrx_word' id='word_1_911' title='bbox 196 2952 410 3019; x_wconf 50' lang='lat' dir='ltr'>dez—bizen]</span> <span class='ocrx_word' id='word_1_912' title='bbox 442 2952 640 3018; x_wconf 46' lang='grc' dir='ltr'><strong><em>ἀρχθεῖσαν</em></strong></span> <span class='ocrx_word' id='word_1_913' title='bbox 664 2973 783 3008; x_wconf 73' lang='grc' dir='ltr'><strong><em>αὐτοῖς</em></strong></span> <span class='ocrx_word' id='word_1_914' title='bbox 808 2977 856 3008; x_wconf 73' lang='lat' dir='ltr'>B³</span> <span class='ocrx_word' id='word_1_915' title='bbox 883 2977 894 3016; x_wconf 91' lang='grc' dir='ltr'>ΙΙ</span> <span class='ocrx_word' id='word_1_916' title='bbox 923 2975 1098 3020; x_wconf 72' lang='grc' dir='ltr'><strong><em>γενέσθαι</em></strong></span> <span class='ocrx_word' id='word_1_917' title='bbox 1123 2976 1174 3008; x_wconf 80' lang='lat' dir='ltr'>B⁶</span> <span class='ocrx_word' id='word_1_918' title='bbox 2289 3015 2295 3021; x_wconf 46' lang='grc'><strong><em>.</em></strong></span> 
     </span>
     <span class='ocr_line' id='line_1_95' title="bbox 1249 3014 2313 3061; baseline -0.006 -9"><span class='ocrx_word' id='word_1_919' title='bbox 1249 3019 1340 3059; x_wconf 81' lang='lat' dir='ltr'><strong><em>VT2]</em></strong></span> <span class='ocrx_word' id='word_1_920' title='bbox 1364 3019 1589 3061; x_wconf 77' lang='lat' dir='ltr'>perspeximus</span> <span class='ocrx_word' id='word_1_921' title='bbox 1603 3018 1689 3051; x_wconf 88' lang='lat' dir='ltr'>RT¹</span> <span class='ocrx_word' id='word_1_922' title='bbox 1708 3016 1720 3061; x_wconf 89' lang='grc' dir='ltr'>ΙΙ</span> <span class='ocrx_word' id='word_1_923' title='bbox 1736 3027 1795 3049; x_wconf 89' lang='lat' dir='ltr'>nos</span> <span class='ocrx_word' id='word_1_924' title='bbox 1810 3017 1873 3049; x_wconf 83' lang='lat' dir='ltr'>hoc</span> <span class='ocrx_word' id='word_1_925' title='bbox 1891 3016 2013 3059; x_wconf 77' lang='lat' dir='ltr'>Tvulq.</span> <span class='ocrx_word' id='word_1_926' title='bbox 2034 3014 2046 3059; x_wconf 89' lang='grc' dir='ltr'>ΙΙ</span> <span class='ocrx_word' id='word_1_927' title='bbox 2061 3018 2211 3048; x_wconf 86' lang='lat' dir='ltr'>nostrum</span> <span class='ocrx_word' id='word_1_928' title='bbox 2226 3014 2313 3047; x_wconf 84' lang='lat' dir='ltr'>iud1-</span> 
     </span>
    </p>
   </div>
   <div class='ocr_carea' id='block_1_27' title="bbox 96 3018 1174 3064">
    <p class='ocr_par' dir='ltr' id='par_1_27' title="bbox 96 3018 1174 3064">
     <span class='ocr_line' id='line_1_96' title="bbox 96 3018 1174 3064; baseline -0.002 -9"><span class='ocrx_word' id='word_1_929' title='bbox 96 3024 127 3064; x_wconf 85' lang='lat'>7,</span> <span class='ocrx_word' id='word_1_930' title='bbox 150 3029 180 3059; x_wconf 83' lang='lat'>1,</span> <span class='ocrx_word' id='word_1_931' title='bbox 199 3028 230 3054; x_wconf 80' lang='lat'>17</span> <span class='ocrx_word' id='word_1_932' title='bbox 261 3019 273 3063; x_wconf 74' lang='grc' dir='ltr'>[Ι</span> <span class='ocrx_word' id='word_1_933' title='bbox 303 3021 322 3053; x_wconf 84' lang='grc'>2</span> <span class='ocrx_word' id='word_1_934' title='bbox 345 3022 542 3064; x_wconf 76' lang='grc' dir='ltr'><strong><em>γενομένην</em></strong></span> <span class='ocrx_word' id='word_1_935' title='bbox 568 3020 641 3059; x_wconf 57' lang='lat' dir='ltr'>Be,</span> <span class='ocrx_word' id='word_1_936' title='bbox 665 3023 750 3063; x_wconf 78' lang='lat' dir='ltr'>vulq.</span> <span class='ocrx_word' id='word_1_937' title='bbox 781 3021 793 3064; x_wconf 91' lang='grc' dir='ltr'>ΙΙ</span> <span class='ocrx_word' id='word_1_938' title='bbox 822 3023 841 3053; x_wconf 90' lang='grc'><strong>3</strong></span> <span class='ocrx_word' id='word_1_939' title='bbox 865 3021 932 3061; x_wconf 80' lang='grc' dir='ltr'>τὴν</span> <span class='ocrx_word' id='word_1_940' title='bbox 957 3018 1061 3063; x_wconf 84' lang='grc' dir='ltr'><strong><em>δίκην</em></strong></span> <span class='ocrx_word' id='word_1_941' title='bbox 1086 3022 1133 3053; x_wconf 73' lang='lat'>13⁸</span> <span class='ocrx_word' id='word_1_942' title='bbox 1163 3023 1174 3061; x_wconf 88' lang='grc' dir='ltr'>ΙΙ</span> 
     </span>
    </p>
   </div>
   <div class='ocr_carea' id='block_1_28' title="bbox 94 3062 1176 3514">
    <p class='ocr_par' dir='ltr' id='par_1_28' title="bbox 94 3062 1176 3514">
     <span class='ocr_line' id='line_1_97' title="bbox 95 3062 1174 3107; baseline -0.003 -7"><span class='ocrx_word' id='word_1_943' title='bbox 95 3069 115 3100; x_wconf 84' lang='grc'><strong>4</strong></span> <span class='ocrx_word' id='word_1_944' title='bbox 138 3065 194 3107; x_wconf 86' lang='grc' dir='ltr'>τὸ]</span> <span class='ocrx_word' id='word_1_945' title='bbox 230 3064 298 3098; x_wconf 89' lang='grc' dir='ltr'>τὸν</span> <span class='ocrx_word' id='word_1_946' title='bbox 326 3064 370 3097; x_wconf 83' lang='lat' dir='ltr'>L²</span> <span class='ocrx_word' id='word_1_947' title='bbox 396 3067 408 3106; x_wconf 69' lang='grc' dir='ltr'>ΙΙ</span> <span class='ocrx_word' id='word_1_948' title='bbox 439 3067 458 3098; x_wconf 92' lang='grc'><strong>6</strong></span> <span class='ocrx_word' id='word_1_949' title='bbox 483 3062 573 3106; x_wconf 77' lang='grc' dir='ltr'>ὑμᾶς</span> <span class='ocrx_word' id='word_1_950' title='bbox 599 3065 649 3097; x_wconf 77' lang='lat' dir='ltr'>B⁶</span> <span class='ocrx_word' id='word_1_951' title='bbox 678 3066 690 3106; x_wconf 80' lang='grc' dir='ltr'>ΙΙ</span> <span class='ocrx_word' id='word_1_952' title='bbox 718 3068 734 3098; x_wconf 81' lang='grc'>’7</span> <span class='ocrx_word' id='word_1_953' title='bbox 761 3066 909 3107; x_wconf 87' lang='grc' dir='ltr'><strong><em>ταύτην]</em></strong></span> <span class='ocrx_word' id='word_1_954' title='bbox 945 3065 1083 3107; x_wconf 89' lang='grc' dir='ltr'><strong><em>ταύτην</em></strong></span> <span class='ocrx_word' id='word_1_955' title='bbox 1105 3064 1174 3106; x_wconf 77' lang='grc' dir='ltr'>τὴν</span> 
     </span>
     <span class='ocr_line' id='line_1_98' title="bbox 95 3106 1174 3154; baseline -0.003 -9"><span class='ocrx_word' id='word_1_956' title='bbox 95 3109 199 3154; x_wconf 83' lang='grc' dir='ltr'><strong><em>δίκην</em></strong></span> <span class='ocrx_word' id='word_1_957' title='bbox 221 3111 269 3147; x_wconf 78' lang='lat' dir='ltr'>L:</span> <span class='ocrx_word' id='word_1_958' title='bbox 307 3112 416 3142; x_wconf 80' lang='lat' dir='ltr'>abesse</span> <span class='ocrx_word' id='word_1_959' title='bbox 445 3111 551 3142; x_wconf 86' lang='lat' dir='ltr'>malim</span> <span class='ocrx_word' id='word_1_960' title='bbox 582 3106 720 3151; x_wconf 87' lang='grc' dir='ltr'><strong><em>ταύτην</em></strong></span> <span class='ocrx_word' id='word_1_961' title='bbox 747 3110 759 3153; x_wconf 93' lang='grc' dir='ltr'>ΙΙ</span> <span class='ocrx_word' id='word_1_962' title='bbox 791 3112 810 3144; x_wconf 90' lang='grc'>8</span> <span class='ocrx_word' id='word_1_963' title='bbox 843 3107 1046 3151; x_wconf 76' lang='grc' dir='ltr'><strong><em>συνίδωμεν</em></strong></span> <span class='ocrx_word' id='word_1_964' title='bbox 1078 3110 1174 3150; x_wconf 74' lang='lat' dir='ltr'><em>LB‘]</em></span> 
     </span>
     <span class='ocr_line' id='line_1_99' title="bbox 95 3150 1174 3199; baseline -0.004 -10"><span class='ocrx_word' id='word_1_965' title='bbox 95 3152 305 3199; x_wconf 82' lang='grc' dir='ltr'><strong><em>συνείδομεν</em></strong></span> <span class='ocrx_word' id='word_1_966' title='bbox 327 3154 373 3187; x_wconf 91' lang='grc' dir='ltr'><strong>Μ</strong></span> <span class='ocrx_word' id='word_1_967' title='bbox 398 3150 604 3196; x_wconf 81' lang='grc' dir='ltr'><strong><em>συνίδοιμεν</em></strong></span> <span class='ocrx_word' id='word_1_968' title='bbox 628 3155 791 3197; x_wconf 81' lang='lat' dir='ltr'>Scrimqer</span> <span class='ocrx_word' id='word_1_969' title='bbox 809 3155 888 3194; x_wconf 68' lang='grc' dir='ltr'>(ΒΤ)</span> <span class='ocrx_word' id='word_1_970' title='bbox 919 3159 931 3195; x_wconf 74' lang='lat' dir='ltr'>n</span> <span class='ocrx_word' id='word_1_971' title='bbox 962 3157 1002 3188; x_wconf 88' lang='lat'>15</span> <span class='ocrx_word' id='word_1_972' title='bbox 1026 3156 1174 3199; x_wconf 80' lang='grc' dir='ltr'><strong><em>ἐνέγκω-</em></strong></span> 
     </span>
     <span class='ocr_line' id='line_1_100' title="bbox 94 3197 1176 3245; baseline -0.001 -12"><span class='ocrx_word' id='word_1_973' title='bbox 94 3215 162 3245; x_wconf 84' lang='grc' dir='ltr'>μεν</span> <span class='ocrx_word' id='word_1_974' title='bbox 179 3202 209 3234; x_wconf 92' lang='lat' dir='ltr'><em>L</em></span> <span class='ocrx_word' id='word_1_975' title='bbox 227 3201 239 3244; x_wconf 86' lang='grc' dir='ltr'>ΙΙ</span> <span class='ocrx_word' id='word_1_976' title='bbox 265 3202 304 3234; x_wconf 86' lang='grc'>18</span> <span class='ocrx_word' id='word_1_977' title='bbox 330 3198 425 3242; x_wconf 88' lang='grc' dir='ltr'><strong><em>*τὴν</em></strong></span> <span class='ocrx_word' id='word_1_978' title='bbox 448 3197 587 3240; x_wconf 88' lang='grc' dir='ltr'><strong><em>ταύτην</em></strong></span> <span class='ocrx_word' id='word_1_979' title='bbox 612 3199 688 3231; x_wconf 83' lang='lat' dir='ltr'>MB</span> <span class='ocrx_word' id='word_1_980' title='bbox 718 3198 787 3240; x_wconf 80' lang='grc' dir='ltr'>τὴν</span> <span class='ocrx_word' id='word_1_981' title='bbox 810 3198 941 3239; x_wconf 86' lang='grc' dir='ltr'><strong><em>ταύτης</em></strong></span> <span class='ocrx_word' id='word_1_982' title='bbox 963 3200 1007 3239; x_wconf 91' lang='lat' dir='ltr'>L,</span> <span class='ocrx_word' id='word_1_983' title='bbox 1038 3197 1176 3240; x_wconf 84' lang='grc' dir='ltr'><strong><em>ταύτην</em></strong></span> 
     </span>
     <span class='ocr_line' id='line_1_101' title="bbox 95 3241 1174 3289; baseline -0.005 -9"><span class='ocrx_word' id='word_1_984' title='bbox 95 3246 164 3289; x_wconf 88' lang='grc' dir='ltr'>τὴν</span> <span class='ocrx_word' id='word_1_985' title='bbox 189 3259 256 3279; x_wconf 87' lang='lat' dir='ltr'>cum</span> <span class='ocrx_word' id='word_1_986' title='bbox 281 3246 463 3287; x_wconf 78' lang='lat' dir='ltr'>Scrimqero</span> <span class='ocrx_word' id='word_1_987' title='bbox 487 3245 573 3287; x_wconf 78' lang='lat' dir='ltr'>vulq.</span> <span class='ocrx_word' id='word_1_988' title='bbox 603 3243 615 3286; x_wconf 84' lang='grc' dir='ltr'>ΙΙ</span> <span class='ocrx_word' id='word_1_989' title='bbox 646 3246 686 3277; x_wconf 86' lang='grc'>19</span> <span class='ocrx_word' id='word_1_990' title='bbox 710 3241 731 3285; x_wconf 83' lang='grc' dir='ltr'><em>ἢ</em></span> <span class='ocrx_word' id='word_1_991' title='bbox 756 3244 948 3287; x_wconf 63' lang='grc' dir='ltr'><strong><em>κρίνεσθαι</em></strong></span> <span class='ocrx_word' id='word_1_992' title='bbox 963 3263 1002 3267; x_wconf 83' lang='lat'>—</span> <span class='ocrx_word' id='word_1_993' title='bbox 1021 3246 1174 3287; x_wconf 85' lang='grc' dir='ltr'><strong><em>κεκριμέ-</em></strong></span> 
     </span>
     <span class='ocr_line' id='line_1_102' title="bbox 95 3286 1175 3381; baseline -0.004 -12"><span class='ocrx_word' id='word_1_994' title='bbox 95 3304 163 3369; x_wconf 58' lang='grc' dir='ltr'>ἷῖἒῖ</span> <span class='ocrx_word' id='word_1_995' title='bbox 175 3304 245 3368; x_wconf 65' lang='grc' dir='ltr'>Ε”ἒ</span> <span class='ocrx_word' id='word_1_996' title='bbox 260 3290 340 3378; x_wconf 57' lang='grc' dir='ltr'>Η3</span> <span class='ocrx_word' id='word_1_997' title='bbox 354 3291 591 3381; x_wconf 41' lang='lat' dir='ltr'>&amp;timidi</span> <span class='ocrx_word' id='word_1_998' title='bbox 608 3289 649 3367; x_wconf 51' lang='grc' dir='ltr'>«ᾗ</span> <span class='ocrx_word' id='word_1_999' title='bbox 672 3286 1175 3377; x_wconf 46' lang='grc' dir='ltr'>Ηῆἳέωἷρῖἷεέῗέοέἷῇἕὲοἱλιι</span> 
     </span>
     <span class='ocr_line' id='line_1_103' title="bbox 97 3375 1174 3423; baseline -0.005 -10"><span class='ocrx_word' id='word_1_1000' title='bbox 97 3385 139 3415; x_wconf 83' lang='grc'>30</span> <span class='ocrx_word' id='word_1_1001' title='bbox 158 3378 281 3421; x_wconf 53' lang='lat' dir='ltr'>amirei]</span> <span class='ocrx_word' id='word_1_1002' title='bbox 307 3376 421 3422; x_wconf 75' lang='grc' dir='ltr'><strong><em>αὐτὴν</em></strong></span> <span class='ocrx_word' id='word_1_1003' title='bbox 434 3380 485 3412; x_wconf 76' lang='lat' dir='ltr'>B‘</span> <span class='ocrx_word' id='word_1_1004' title='bbox 502 3379 514 3423; x_wconf 91' lang='grc' dir='ltr'>ΙΙ</span> <span class='ocrx_word' id='word_1_1005' title='bbox 537 3381 579 3413; x_wconf 86' lang='grc'>35</span> <span class='ocrx_word' id='word_1_1006' title='bbox 600 3375 685 3411; x_wconf 82' lang='grc' dir='ltr'><strong><em>δέκα</em></strong></span> <span class='ocrx_word' id='word_1_1007' title='bbox 710 3376 829 3422; x_wconf 84' lang='grc' dir='ltr'><strong><em>λίτρας</em></strong></span> <span class='ocrx_word' id='word_1_1008' title='bbox 853 3376 998 3422; x_wconf 80' lang='grc' dir='ltr'><strong><em>(λιτρῶν</em></strong></span> <span class='ocrx_word' id='word_1_1009' title='bbox 1012 3378 1073 3418; x_wconf 53' lang='grc' dir='ltr'>ΒΦ)</span> <span class='ocrx_word' id='word_1_1010' title='bbox 1096 3390 1174 3421; x_wconf 81' lang='grc' dir='ltr'><strong><em>χρυ-</em></strong></span> 
     </span>
     <span class='ocr_line' id='line_1_104' title="bbox 97 3422 1173 3469; baseline -0.005 -11"><span class='ocrx_word' id='word_1_1011' title='bbox 97 3426 160 3458; x_wconf 63' lang='grc' dir='ltr'>σοῖ,Ι</span> <span class='ocrx_word' id='word_1_1012' title='bbox 179 3426 248 3458; x_wconf 90' lang='lat' dir='ltr'>LB</span> <span class='ocrx_word' id='word_1_1013' title='bbox 267 3426 279 3469; x_wconf 77' lang='grc' dir='ltr'>ΙΙ</span> <span class='ocrx_word' id='word_1_1014' title='bbox 304 3428 345 3459; x_wconf 88' lang='grc'>36</span> <span class='ocrx_word' id='word_1_1015' title='bbox 370 3423 478 3467; x_wconf 82' lang='grc' dir='ltr'><strong><em>ποινὴ</em></strong></span> <span class='ocrx_word' id='word_1_1016' title='bbox 498 3425 539 3458; x_wconf 88' lang='grc' dir='ltr'><em>Μ</em></span> <span class='ocrx_word' id='word_1_1017' title='bbox 557 3424 570 3467; x_wconf 87' lang='grc' dir='ltr'>ΙΙ</span> <span class='ocrx_word' id='word_1_1018' title='bbox 595 3425 638 3458; x_wconf 86' lang='grc'>36</span> <span class='ocrx_word' id='word_1_1019' title='bbox 651 3436 699 3467; x_wconf 84' lang='lat' dir='ltr'>sq.</span> <span class='ocrx_word' id='word_1_1020' title='bbox 722 3422 812 3466; x_wconf 82' lang='grc' dir='ltr'><strong><em>μετὰ</em></strong></span> <span class='ocrx_word' id='word_1_1021' title='bbox 839 3424 904 3456; x_wconf 84' lang='grc' dir='ltr'>τοῦ</span> <span class='ocrx_word' id='word_1_1022' title='bbox 922 3441 962 3446; x_wconf 96' lang='grc'>-</span> <span class='ocrx_word' id='word_1_1023' title='bbox 983 3422 1091 3467; x_wconf 83' lang='grc' dir='ltr'><strong><em>ποινῇ</em></strong></span> <span class='ocrx_word' id='word_1_1024' title='bbox 1116 3435 1173 3454; x_wconf 84' lang='lat' dir='ltr'>om.</span> 
     </span>
     <span class='ocr_line' id='line_1_105' title="bbox 100 3471 414 3514; baseline -0.003 -11"><span class='ocrx_word' id='word_1_1025' title='bbox 100 3473 148 3503; x_wconf 83' lang='lat' dir='ltr'>Bc</span> <span class='ocrx_word' id='word_1_1026' title='bbox 165 3471 177 3514; x_wconf 83' lang='grc' dir='ltr'>ΙΙ</span> <span class='ocrx_word' id='word_1_1027' title='bbox 199 3472 263 3503; x_wconf 80' lang='grc' dir='ltr'>τοῦ</span> <span class='ocrx_word' id='word_1_1028' title='bbox 289 3483 348 3503; x_wconf 87' lang='lat' dir='ltr'>om.</span> <span class='ocrx_word' id='word_1_1029' title='bbox 363 3471 414 3503; x_wconf 74' lang='lat' dir='ltr'>B!</span> 
     </span>
    </p>
   </div>
   <div class='ocr_carea' id='block_1_29' title="bbox 102 3600 1175 3738">
    <p class='ocr_par' dir='ltr' id='par_1_29' title="bbox 102 3600 1175 3738">
     <span class='ocr_line' id='line_1_106' title="bbox 145 3600 1175 3646; baseline -0.006 -8"><span class='ocrx_word' id='word_1_1030' title='bbox 145 3607 164 3638; x_wconf 86' lang='lat'>2</span> <span class='ocrx_word' id='word_1_1031' title='bbox 181 3605 376 3636; x_wconf 83' lang='lat' dir='ltr'>*insinuare</span> <span class='ocrx_word' id='word_1_1032' title='bbox 393 3605 469 3637; x_wconf 78' lang='lat' dir='ltr'>libri</span> <span class='ocrx_word' id='word_1_1033' title='bbox 484 3603 496 3646; x_wconf 76' lang='grc' dir='ltr'>ΙΙ</span> <span class='ocrx_word' id='word_1_1034' title='bbox 513 3603 683 3635; x_wconf 87' lang='lat' dir='ltr'>insinuata</span> <span class='ocrx_word' id='word_1_1035' title='bbox 698 3602 783 3642; x_wconf 81' lang='lat' dir='ltr'>libri,</span> <span class='ocrx_word' id='word_1_1036' title='bbox 797 3613 878 3634; x_wconf 86' lang='lat' dir='ltr'>corr.</span> <span class='ocrx_word' id='word_1_1037' title='bbox 892 3602 979 3644; x_wconf 84' lang='lat' dir='ltr'>vulq.</span> <span class='ocrx_word' id='word_1_1038' title='bbox 998 3600 1010 3644; x_wconf 85' lang='grc' dir='ltr'>ΙΙ</span> <span class='ocrx_word' id='word_1_1039' title='bbox 1029 3602 1048 3634; x_wconf 84' lang='grc'><strong>3</strong></span> <span class='ocrx_word' id='word_1_1040' title='bbox 1062 3602 1175 3633; x_wconf 87' lang='lat' dir='ltr'>nostra</span> 
     </span>
     <span class='ocr_line' id='line_1_107' title="bbox 107 3645 1173 3692; baseline -0.005 -10"><span class='ocrx_word' id='word_1_1041' title='bbox 107 3651 155 3682; x_wconf 85' lang='lat' dir='ltr'>V¹</span> <span class='ocrx_word' id='word_1_1042' title='bbox 174 3650 185 3692; x_wconf 87' lang='grc'>11</span> <span class='ocrx_word' id='word_1_1043' title='bbox 203 3651 222 3682; x_wconf 82' lang='grc'>4</span> <span class='ocrx_word' id='word_1_1044' title='bbox 239 3650 347 3681; x_wconf 89' lang='lat' dir='ltr'>decidi</span> <span class='ocrx_word' id='word_1_1045' title='bbox 363 3650 461 3689; x_wconf 55' lang='lat' dir='ltr'>vala]</span> <span class='ocrx_word' id='word_1_1046' title='bbox 488 3649 589 3680; x_wconf 85' lang='lat' dir='ltr'>incidi</span> <span class='ocrx_word' id='word_1_1047' title='bbox 614 3649 690 3681; x_wconf 85' lang='lat' dir='ltr'>libri</span> <span class='ocrx_word' id='word_1_1048' title='bbox 705 3646 717 3690; x_wconf 90' lang='grc' dir='ltr'>ΙΙ</span> <span class='ocrx_word' id='word_1_1049' title='bbox 742 3646 842 3688; x_wconf 87' lang='lat' dir='ltr'>quod]</span> <span class='ocrx_word' id='word_1_1050' title='bbox 867 3645 921 3687; x_wconf 75' lang='lat' dir='ltr'>qm</span> <span class='ocrx_word' id='word_1_1051' title='bbox 939 3648 958 3679; x_wconf 82' lang='grc' dir='ltr'><strong><em>ι’.</em></strong></span> <span class='ocrx_word' id='word_1_1052' title='bbox 973 3659 999 3678; x_wconf 86' lang='lat' dir='ltr'>e.</span> <span class='ocrx_word' id='word_1_1053' title='bbox 1017 3646 1173 3687; x_wconf 83' lang='lat' dir='ltr'>quoniam</span> 
     </span>
     <span class='ocr_line' id='line_1_108' title="bbox 102 3690 1174 3738; baseline -0.004 -10"><span class='ocrx_word' id='word_1_1054' title='bbox 102 3696 133 3728; x_wconf 80' lang='lat' dir='ltr'><em>T</em></span> <span class='ocrx_word' id='word_1_1055' title='bbox 145 3695 157 3738; x_wconf 81' lang='lat' dir='ltr'>ll</span> <span class='ocrx_word' id='word_1_1056' title='bbox 177 3696 196 3727; x_wconf 81' lang='grc'><strong>0</strong></span> <span class='ocrx_word' id='word_1_1057' title='bbox 209 3694 310 3736; x_wconf 90' lang='lat' dir='ltr'>quod]</span> <span class='ocrx_word' id='word_1_1058' title='bbox 327 3704 391 3735; x_wconf 87' lang='lat' dir='ltr'>que</span> <span class='ocrx_word' id='word_1_1059' title='bbox 405 3694 446 3727; x_wconf 79' lang='grc' dir='ltr'>Τ1</span> <span class='ocrx_word' id='word_1_1060' title='bbox 460 3693 473 3738; x_wconf 75' lang='lat' dir='ltr'>ss</span> <span class='ocrx_word' id='word_1_1061' title='bbox 484 3694 611 3726; x_wconf 86' lang='lat' dir='ltr'>venerit</span> <span class='ocrx_word' id='word_1_1062' title='bbox 622 3695 681 3725; x_wconf 88' lang='lat' dir='ltr'>aut</span> <span class='ocrx_word' id='word_1_1063' title='bbox 693 3693 813 3726; x_wconf 83' lang='lat' dir='ltr'>inserui</span> <span class='ocrx_word' id='word_1_1064' title='bbox 822 3692 946 3734; x_wconf 81' lang='lat' dir='ltr'>(veniat</span> <span class='ocrx_word' id='word_1_1065' title='bbox 958 3692 1035 3725; x_wconf 83' lang='lat' dir='ltr'>add.</span> <span class='ocrx_word' id='word_1_1066' title='bbox 1047 3691 1152 3733; x_wconf 84' lang='lat' dir='ltr'>Beck)</span> <span class='ocrx_word' id='word_1_1067' title='bbox 1161 3690 1174 3735; x_wconf 81' lang='grc' dir='ltr'><strong>Η</strong></span> 
     </span>
    </p>
   </div>
   <div class='ocr_carea' id='block_1_30' title="bbox 1239 3059 2317 3723">
    <p class='ocr_par' dir='ltr' id='par_1_30' title="bbox 1239 3059 2317 3723">
     <span class='ocr_line' id='line_1_109' title="bbox 1241 3059 2315 3106; baseline -0.002 -11"><span class='ocrx_word' id='word_1_1068' title='bbox 1241 3074 1315 3096; x_wconf 88' lang='lat' dir='ltr'>cum</span> <span class='ocrx_word' id='word_1_1069' title='bbox 1327 3064 1354 3095; x_wconf 93' lang='lat' dir='ltr'><strong><em>V</em></strong></span> <span class='ocrx_word' id='word_1_1070' title='bbox 1372 3063 1529 3095; x_wconf 85' lang='lat' dir='ltr'>iuditium</span> <span class='ocrx_word' id='word_1_1071' title='bbox 1542 3067 1689 3095; x_wconf 89' lang='lat' dir='ltr'>nostrum</span> <span class='ocrx_word' id='word_1_1072' title='bbox 1703 3062 1737 3094; x_wconf 79' lang='lat' dir='ltr'><em>R</em></span> <span class='ocrx_word' id='word_1_1073' title='bbox 1748 3060 1761 3106; x_wconf 79' lang='grc' dir='ltr'>ΙΙ</span> <span class='ocrx_word' id='word_1_1074' title='bbox 1775 3063 1796 3096; x_wconf 92' lang='grc'>9</span> <span class='ocrx_word' id='word_1_1075' title='bbox 1810 3061 1960 3094; x_wconf 84' lang='lat' dir='ltr'>decidere</span> <span class='ocrx_word' id='word_1_1076' title='bbox 1970 3059 2022 3093; x_wconf 83' lang='lat' dir='ltr'>T³</span> <span class='ocrx_word' id='word_1_1077' title='bbox 2034 3061 2066 3093; x_wconf 85' lang='lat' dir='ltr'>in</span> <span class='ocrx_word' id='word_1_1078' title='bbox 2078 3061 2192 3103; x_wconf 68' lang='grc' dir='ltr'><strong><em>κιαι-9.]</em></strong></span> <span class='ocrx_word' id='word_1_1079' title='bbox 2206 3060 2315 3093; x_wconf 85' lang='lat' dir='ltr'>dicere</span> 
     </span>
     <span class='ocr_line' id='line_1_110' title="bbox 1242 3103 2316 3150; baseline -0.002 -9"><span class='ocrx_word' id='word_1_1080' title='bbox 1242 3108 1435 3150; x_wconf 80' lang='lat' dir='ltr'>RVYvulq.</span> <span class='ocrx_word' id='word_1_1081' title='bbox 1453 3107 1465 3150; x_wconf 89' lang='grc' dir='ltr'>ΙΙ</span> <span class='ocrx_word' id='word_1_1082' title='bbox 1485 3109 1524 3140; x_wconf 89' lang='grc'>10</span> <span class='ocrx_word' id='word_1_1083' title='bbox 1539 3106 1703 3149; x_wconf 87' lang='lat' dir='ltr'>indigebit</span> <span class='ocrx_word' id='word_1_1084' title='bbox 1718 3106 1750 3139; x_wconf 87' lang='lat' dir='ltr'><em>T</em></span> <span class='ocrx_word' id='word_1_1085' title='bbox 1759 3107 1772 3148; x_wconf 80' lang='grc' dir='ltr'>ΙΙ</span> <span class='ocrx_word' id='word_1_1086' title='bbox 1790 3104 1990 3147; x_wconf 75' lang='lat' dir='ltr'>*siquidemJ</span> <span class='ocrx_word' id='word_1_1087' title='bbox 2007 3103 2095 3137; x_wconf 85' lang='lat' dir='ltr'>sicut</span> <span class='ocrx_word' id='word_1_1088' title='bbox 2110 3105 2198 3137; x_wconf 84' lang='lat' dir='ltr'>enim</span> <span class='ocrx_word' id='word_1_1089' title='bbox 2217 3106 2293 3139; x_wconf 83' lang='lat' dir='ltr'>libri</span> <span class='ocrx_word' id='word_1_1090' title='bbox 2311 3103 2316 3149; x_wconf 90' lang='grc' dir='ltr'>Ι</span> 
     </span>
     <span class='ocr_line' id='line_1_111' title="bbox 1244 3149 2315 3194; baseline -0.003 -8"><span class='ocrx_word' id='word_1_1091' title='bbox 1244 3154 1284 3187; x_wconf 87' lang='grc'>12</span> <span class='ocrx_word' id='word_1_1092' title='bbox 1302 3152 1412 3194; x_wconf 84' lang='lat' dir='ltr'>egebit</span> <span class='ocrx_word' id='word_1_1093' title='bbox 1428 3152 1475 3184; x_wconf 76' lang='grc' dir='ltr'>Τι</span> <span class='ocrx_word' id='word_1_1094' title='bbox 1491 3151 1504 3194; x_wconf 81' lang='grc' dir='ltr'>ΙΙ</span> <span class='ocrx_word' id='word_1_1095' title='bbox 1527 3152 1564 3184; x_wconf 82' lang='grc'>13</span> <span class='ocrx_word' id='word_1_1096' title='bbox 1580 3161 1641 3184; x_wconf 86' lang='lat' dir='ltr'>nos</span> <span class='ocrx_word' id='word_1_1097' title='bbox 1657 3150 1744 3183; x_wconf 86' lang='lat' dir='ltr'>enim</span> <span class='ocrx_word' id='word_1_1098' title='bbox 1766 3149 1812 3191; x_wconf 82' lang='lat' dir='ltr'>V]</span> <span class='ocrx_word' id='word_1_1099' title='bbox 1834 3153 1883 3182; x_wconf 85' lang='lat' dir='ltr'>set</span> <span class='ocrx_word' id='word_1_1100' title='bbox 1902 3159 1962 3182; x_wconf 88' lang='lat' dir='ltr'>nos</span> <span class='ocrx_word' id='word_1_1101' title='bbox 1984 3153 2017 3181; x_wconf 84' lang='lat' dir='ltr'>et</span> <span class='ocrx_word' id='word_1_1102' title='bbox 2040 3151 2087 3190; x_wconf 86' lang='lat' dir='ltr'>(et</span> <span class='ocrx_word' id='word_1_1103' title='bbox 2106 3150 2167 3182; x_wconf 75' lang='lat' dir='ltr'>del.</span> <span class='ocrx_word' id='word_1_1104' title='bbox 2186 3149 2250 3192; x_wconf 75' lang='lat' dir='ltr'>T2)</span> <span class='ocrx_word' id='word_1_1105' title='bbox 2306 3174 2315 3191; x_wconf 87' lang='lat'>‚</span> 
     </span>
     <span class='ocr_line' id='line_1_112' title="bbox 1242 3193 2298 3238; baseline -0.002 -8"><span class='ocrx_word' id='word_1_1106' title='bbox 1242 3210 1300 3230; x_wconf 86' lang='lat' dir='ltr'>om.</span> <span class='ocrx_word' id='word_1_1107' title='bbox 1314 3198 1346 3230; x_wconf 80' lang='lat' dir='ltr'><strong><em>R</em></strong></span> <span class='ocrx_word' id='word_1_1108' title='bbox 1364 3198 1376 3238; x_wconf 88' lang='grc' dir='ltr'>ΙΙ</span> <span class='ocrx_word' id='word_1_1109' title='bbox 1395 3198 1436 3230; x_wconf 88' lang='grc'>14</span> <span class='ocrx_word' id='word_1_1110' title='bbox 1452 3199 1485 3228; x_wconf 87' lang='lat' dir='ltr'>et</span> <span class='ocrx_word' id='word_1_1111' title='bbox 1509 3207 1567 3230; x_wconf 84' lang='lat' dir='ltr'>om.</span> <span class='ocrx_word' id='word_1_1112' title='bbox 1583 3196 1614 3229; x_wconf 88' lang='lat' dir='ltr'><em>T</em></span> <span class='ocrx_word' id='word_1_1113' title='bbox 1626 3197 1638 3237; x_wconf 90' lang='grc' dir='ltr'>ΙΙ</span> <span class='ocrx_word' id='word_1_1114' title='bbox 1660 3196 1699 3230; x_wconf 87' lang='grc'>15</span> <span class='ocrx_word' id='word_1_1115' title='bbox 1715 3194 1793 3235; x_wconf 86' lang='lat' dir='ltr'>alio]</span> <span class='ocrx_word' id='word_1_1116' title='bbox 1818 3194 1878 3227; x_wconf 83' lang='lat' dir='ltr'>alii</span> <span class='ocrx_word' id='word_1_1117' title='bbox 1891 3193 2006 3233; x_wconf 80' lang='lat' dir='ltr'><em>R²T²‚</em></span> <span class='ocrx_word' id='word_1_1118' title='bbox 2029 3204 2049 3226; x_wconf 91' lang='grc' dir='ltr'>ο</span> <span class='ocrx_word' id='word_1_1119' title='bbox 2069 3207 2193 3228; x_wconf 82' lang='lat' dir='ltr'>erasum</span> <span class='ocrx_word' id='word_1_1120' title='bbox 2212 3196 2246 3228; x_wconf 76' lang='lat' dir='ltr'>in</span> <span class='ocrx_word' id='word_1_1121' title='bbox 2266 3195 2298 3228; x_wconf 86' lang='lat' dir='ltr'><strong><em>V</em></strong></span> 
     </span>
     <span class='ocr_line' id='line_1_113' title="bbox 1246 3238 2285 3284; baseline -0.002 -9"><span class='ocrx_word' id='word_1_1122' title='bbox 1246 3244 1283 3275; x_wconf 82' lang='lat'>17</span> <span class='ocrx_word' id='word_1_1123' title='bbox 1301 3241 1533 3284; x_wconf 86' lang='lat' dir='ltr'>dispositiones</span> <span class='ocrx_word' id='word_1_1124' title='bbox 1551 3240 1641 3282; x_wconf 81' lang='lat' dir='ltr'>RTn</span> <span class='ocrx_word' id='word_1_1125' title='bbox 1663 3242 1702 3274; x_wconf 89' lang='grc'>19</span> <span class='ocrx_word' id='word_1_1126' title='bbox 1727 3242 1846 3282; x_wconf 87' lang='lat' dir='ltr'>utpute</span> <span class='ocrx_word' id='word_1_1127' title='bbox 1873 3239 1923 3272; x_wconf 87' lang='lat' dir='ltr'>T¹</span> <span class='ocrx_word' id='word_1_1128' title='bbox 1942 3238 1954 3279; x_wconf 89' lang='grc' dir='ltr'>ΙΙ</span> <span class='ocrx_word' id='word_1_1129' title='bbox 1971 3239 2012 3272; x_wconf 82' lang='grc'>20</span> <span class='ocrx_word' id='word_1_1130' title='bbox 2038 3239 2110 3281; x_wconf 77' lang='lat' dir='ltr'>*etJ</span> <span class='ocrx_word' id='word_1_1131' title='bbox 2135 3242 2183 3272; x_wconf 85' lang='lat' dir='ltr'>est</span> <span class='ocrx_word' id='word_1_1132' title='bbox 2207 3240 2285 3274; x_wconf 83' lang='lat' dir='ltr'>libri</span> 
     </span>
     <span class='ocr_line' id='line_1_114' title="bbox 1243 3284 2288 3328; baseline -0.001 -9"><span class='ocrx_word' id='word_1_1133' title='bbox 1243 3287 1281 3319; x_wconf 86' lang='lat'>21</span> <span class='ocrx_word' id='word_1_1134' title='bbox 1299 3285 1464 3328; x_wconf 85' lang='lat' dir='ltr'>scriptura</span> <span class='ocrx_word' id='word_1_1135' title='bbox 1477 3285 1526 3317; x_wconf 59' lang='lat'>13²</span> <span class='ocrx_word' id='word_1_1136' title='bbox 1542 3284 1554 3327; x_wconf 92' lang='grc' dir='ltr'>ΙΙ</span> <span class='ocrx_word' id='word_1_1137' title='bbox 1572 3285 1614 3318; x_wconf 80' lang='grc'>22</span> <span class='ocrx_word' id='word_1_1138' title='bbox 1628 3285 1824 3327; x_wconf 82' lang='lat' dir='ltr'>processerit</span> <span class='ocrx_word' id='word_1_1139' title='bbox 1838 3285 1870 3318; x_wconf 87' lang='lat' dir='ltr'><em>T</em></span> <span class='ocrx_word' id='word_1_1140' title='bbox 1879 3285 1965 3326; x_wconf 85' lang='lat' dir='ltr'>quod</span> <span class='ocrx_word' id='word_1_1141' title='bbox 1976 3287 2096 3328; x_wconf 84' lang='lat' dir='ltr'>recepit</span> <span class='ocrx_word' id='word_1_1142' title='bbox 2111 3285 2288 3318; x_wconf 76' lang='lat' dir='ltr'>Heimbach</span> 
     </span>
     <span class='ocr_line' id='line_1_115' title="bbox 1242 3329 2314 3373; baseline -0.001 -10"><span class='ocrx_word' id='word_1_1143' title='bbox 1242 3332 1283 3364; x_wconf 84' lang='lat'>23</span> <span class='ocrx_word' id='word_1_1144' title='bbox 1308 3331 1364 3362; x_wconf 89' lang='lat' dir='ltr'>fiet</span> <span class='ocrx_word' id='word_1_1145' title='bbox 1389 3330 1444 3373; x_wconf 77' lang='lat' dir='ltr'>Tu</span> <span class='ocrx_word' id='word_1_1146' title='bbox 1463 3329 1608 3370; x_wconf 88' lang='lat' dir='ltr'>nuntiet]</span> <span class='ocrx_word' id='word_1_1147' title='bbox 1632 3330 1791 3362; x_wconf 66' lang='lat' dir='ltr'>nuntie-0</span> <span class='ocrx_word' id='word_1_1148' title='bbox 1815 3329 1862 3362; x_wconf 86' lang='lat' dir='ltr'>V¹</span> <span class='ocrx_word' id='word_1_1149' title='bbox 1887 3329 2063 3361; x_wconf 83' lang='lat' dir='ltr'>nuntietur</span> <span class='ocrx_word' id='word_1_1150' title='bbox 2084 3329 2134 3362; x_wconf 79' lang='lat' dir='ltr'>V²</span> <span class='ocrx_word' id='word_1_1151' title='bbox 2157 3329 2314 3362; x_wconf 85' lang='lat' dir='ltr'>nuntien-</span> 
     </span>
     <span class='ocr_line' id='line_1_116' title="bbox 1241 3373 2282 3418; baseline 0.001 -11"><span class='ocrx_word' id='word_1_1152' title='bbox 1241 3379 1297 3407; x_wconf 89' lang='lat' dir='ltr'>tur</span> <span class='ocrx_word' id='word_1_1153' title='bbox 1311 3375 1365 3407; x_wconf 78' lang='lat' dir='ltr'>Ta</span> <span class='ocrx_word' id='word_1_1154' title='bbox 1380 3374 1392 3418; x_wconf 91' lang='grc' dir='ltr'>ΙΙ</span> <span class='ocrx_word' id='word_1_1155' title='bbox 1413 3375 1454 3407; x_wconf 82' lang='grc'>24</span> <span class='ocrx_word' id='word_1_1156' title='bbox 1479 3377 1652 3417; x_wconf 84' lang='lat' dir='ltr'>expectent</span> <span class='ocrx_word' id='word_1_1157' title='bbox 1675 3374 1742 3407; x_wconf 77' lang='grc' dir='ltr'>ΒΤ</span> <span class='ocrx_word' id='word_1_1158' title='bbox 1753 3373 1766 3418; x_wconf 80' lang='grc' dir='ltr'>ΙΙ</span> <span class='ocrx_word' id='word_1_1159' title='bbox 1791 3375 1832 3408; x_wconf 83' lang='grc'>25</span> <span class='ocrx_word' id='word_1_1160' title='bbox 1858 3384 1895 3407; x_wconf 88' lang='lat' dir='ltr'>ea</span> <span class='ocrx_word' id='word_1_1161' title='bbox 1918 3374 2012 3407; x_wconf 81' lang='lat' dir='ltr'><em>R¹T¹</em></span> <span class='ocrx_word' id='word_1_1162' title='bbox 2032 3373 2044 3417; x_wconf 87' lang='grc' dir='ltr'>ΙΙ</span> <span class='ocrx_word' id='word_1_1163' title='bbox 2061 3374 2215 3407; x_wconf 86' lang='lat' dir='ltr'>decidant</span> <span class='ocrx_word' id='word_1_1164' title='bbox 2230 3374 2282 3408; x_wconf 70' lang='grc' dir='ltr'>Τ2</span> 
     </span>
     <span class='ocr_line' id='line_1_117' title="bbox 1242 3419 2281 3463; baseline -0.001 -10"><span class='ocrx_word' id='word_1_1165' title='bbox 1242 3421 1283 3453; x_wconf 85' lang='grc'>27</span> <span class='ocrx_word' id='word_1_1166' title='bbox 1300 3422 1499 3460; x_wconf 85' lang='lat' dir='ltr'>nostrorum]</span> <span class='ocrx_word' id='word_1_1167' title='bbox 1521 3423 1580 3452; x_wconf 86' lang='lat' dir='ltr'>aut</span> <span class='ocrx_word' id='word_1_1168' title='bbox 1598 3421 1784 3452; x_wconf 86' lang='lat' dir='ltr'>nostrorum</span> <span class='ocrx_word' id='word_1_1169' title='bbox 1804 3419 1913 3463; x_wconf 77' lang='lat' dir='ltr'>R¹Tu</span> <span class='ocrx_word' id='word_1_1170' title='bbox 1931 3420 1974 3453; x_wconf 85' lang='lat'>28</span> <span class='ocrx_word' id='word_1_1171' title='bbox 1994 3419 2122 3461; x_wconf 84' lang='lat' dir='ltr'>aliquid</span> <span class='ocrx_word' id='word_1_1172' title='bbox 2142 3419 2234 3452; x_wconf 86' lang='lat' dir='ltr'>aliud</span> <span class='ocrx_word' id='word_1_1173' title='bbox 2247 3419 2281 3452; x_wconf 83' lang='lat' dir='ltr'><em>R</em></span> 
     </span>
     <span class='ocr_line' id='line_1_118' title="bbox 1241 3463 2315 3508; baseline -0.001 -10"><span class='ocrx_word' id='word_1_1174' title='bbox 1241 3466 1283 3498; x_wconf 86' lang='lat'>29</span> <span class='ocrx_word' id='word_1_1175' title='bbox 1307 3464 1471 3497; x_wconf 86' lang='lat' dir='ltr'>iudicanti</span> <span class='ocrx_word' id='word_1_1176' title='bbox 1492 3465 1539 3497; x_wconf 88' lang='lat' dir='ltr'>V²</span> <span class='ocrx_word' id='word_1_1177' title='bbox 1560 3466 1591 3498; x_wconf 86' lang='lat' dir='ltr'>in</span> <span class='ocrx_word' id='word_1_1178' title='bbox 1612 3477 1691 3505; x_wconf 60' lang='lat' dir='ltr'>ras„</span> <span class='ocrx_word' id='word_1_1179' title='bbox 1704 3464 1766 3505; x_wconf 74' lang='lat' dir='ltr'>R&#39;]</span> <span class='ocrx_word' id='word_1_1180' title='bbox 1790 3463 2017 3497; x_wconf 86' lang='lat' dir='ltr'>iudicantibus</span> <span class='ocrx_word' id='word_1_1181' title='bbox 2041 3463 2222 3508; x_wconf 79' lang='lat' dir='ltr'>R²Tvulq.</span> <span class='ocrx_word' id='word_1_1182' title='bbox 2241 3463 2254 3508; x_wconf 73' lang='grc' dir='ltr'>ΙΙ</span> <span class='ocrx_word' id='word_1_1183' title='bbox 2272 3465 2315 3498; x_wconf 86' lang='grc'>30</span> 
     </span>
     <span class='ocr_line' id='line_1_119' title="bbox 1240 3508 2316 3552; baseline 0 -11"><span class='ocrx_word' id='word_1_1184' title='bbox 1240 3509 1483 3542; x_wconf 77' lang='lat' dir='ltr'>examinatione</span> <span class='ocrx_word' id='word_1_1185' title='bbox 1502 3512 1561 3542; x_wconf 88' lang='lat' dir='ltr'>aut</span> <span class='ocrx_word' id='word_1_1186' title='bbox 1581 3509 1745 3542; x_wconf 85' lang='lat' dir='ltr'>sententia</span> <span class='ocrx_word' id='word_1_1187' title='bbox 1761 3509 1794 3541; x_wconf 87' lang='lat' dir='ltr'><em>R</em></span> <span class='ocrx_word' id='word_1_1188' title='bbox 1810 3509 1823 3552; x_wconf 88' lang='grc' dir='ltr'>ΙΙ</span> <span class='ocrx_word' id='word_1_1189' title='bbox 1841 3510 1880 3542; x_wconf 85' lang='grc'>31</span> <span class='ocrx_word' id='word_1_1190' title='bbox 1901 3509 2035 3551; x_wconf 88' lang='lat' dir='ltr'>quidem</span> <span class='ocrx_word' id='word_1_1191' title='bbox 2054 3522 2113 3542; x_wconf 85' lang='lat' dir='ltr'>om.</span> <span class='ocrx_word' id='word_1_1192' title='bbox 2135 3508 2191 3552; x_wconf 72' lang='lat' dir='ltr'>Vn</span> <span class='ocrx_word' id='word_1_1193' title='bbox 2208 3508 2316 3542; x_wconf 80' lang='lat' dir='ltr'>*haee</span> 
     </span>
     <span class='ocr_line' id='line_1_120' title="bbox 1239 3553 2316 3595; baseline -0.001 -8"><span class='ocrx_word' id='word_1_1194' title='bbox 1239 3554 1376 3587; x_wconf 89' lang='lat' dir='ltr'>omnino</span> <span class='ocrx_word' id='word_1_1195' title='bbox 1392 3556 1470 3595; x_wconf 92' lang='lat' dir='ltr'>non]</span> <span class='ocrx_word' id='word_1_1196' title='bbox 1492 3555 1628 3587; x_wconf 88' lang='lat' dir='ltr'>omnino</span> <span class='ocrx_word' id='word_1_1197' title='bbox 1643 3564 1710 3587; x_wconf 88' lang='lat' dir='ltr'>non</span> <span class='ocrx_word' id='word_1_1198' title='bbox 1726 3555 1805 3595; x_wconf 91' lang='lat' dir='ltr'>(non</span> <span class='ocrx_word' id='word_1_1199' title='bbox 1823 3566 1907 3587; x_wconf 74' lang='lat' dir='ltr'>eras.</span> <span class='ocrx_word' id='word_1_1200' title='bbox 1925 3554 1973 3592; x_wconf 87' lang='lat' dir='ltr'>V)</span> <span class='ocrx_word' id='word_1_1201' title='bbox 1994 3553 2219 3591; x_wconf 62' lang='lat' dir='ltr'>RVomnino</span> <span class='ocrx_word' id='word_1_1202' title='bbox 2234 3554 2316 3587; x_wconf 82' lang='lat' dir='ltr'>haec</span> 
     </span>
     <span class='ocr_line' id='line_1_121' title="bbox 1244 3598 2317 3643; baseline 0 -11"><span class='ocrx_word' id='word_1_1203' title='bbox 1244 3601 1275 3632; x_wconf 84' lang='lat' dir='ltr'><em>T</em></span> <span class='ocrx_word' id='word_1_1204' title='bbox 1295 3599 1307 3643; x_wconf 76' lang='lat' dir='ltr'>n</span> <span class='ocrx_word' id='word_1_1205' title='bbox 1331 3601 1374 3633; x_wconf 84' lang='lat'>34</span> <span class='ocrx_word' id='word_1_1206' title='bbox 1398 3600 1467 3639; x_wconf 84' lang='lat' dir='ltr'>fini]</span> <span class='ocrx_word' id='word_1_1207' title='bbox 1493 3600 1563 3632; x_wconf 72' lang='lat' dir='ltr'>fui·</span> <span class='ocrx_word' id='word_1_1208' title='bbox 1579 3598 1655 3643; x_wconf 59' lang='lat'>1³¹1!</span> <span class='ocrx_word' id='word_1_1209' title='bbox 1679 3600 1721 3633; x_wconf 81' lang='grc'>36</span> <span class='ocrx_word' id='word_1_1210' title='bbox 1747 3601 1795 3639; x_wconf 82' lang='lat' dir='ltr'>ut]</span> <span class='ocrx_word' id='word_1_1211' title='bbox 1820 3601 1879 3632; x_wconf 78' lang='lat' dir='ltr'>aut</span> <span class='ocrx_word' id='word_1_1212' title='bbox 1906 3599 1953 3632; x_wconf 62' lang='grc' dir='ltr'>Τ*</span> <span class='ocrx_word' id='word_1_1213' title='bbox 1970 3598 1983 3641; x_wconf 83' lang='grc' dir='ltr'>ιι</span> <span class='ocrx_word' id='word_1_1214' title='bbox 2000 3599 2155 3631; x_wconf 77' lang='lat' dir='ltr'>maiorem</span> <span class='ocrx_word' id='word_1_1215' title='bbox 2179 3611 2237 3632; x_wconf 80' lang='lat' dir='ltr'>om.</span> <span class='ocrx_word' id='word_1_1216' title='bbox 2253 3598 2317 3642; x_wconf 74' lang='lat' dir='ltr'>Tu</span> 
     </span>
     <span class='ocr_line' id='line_1_122' title="bbox 1241 3643 2316 3689; baseline -0.001 -11"><span class='ocrx_word' id='word_1_1217' title='bbox 1241 3646 1282 3678; x_wconf 88' lang='lat'>38</span> <span class='ocrx_word' id='word_1_1218' title='bbox 1307 3644 1442 3685; x_wconf 86' lang='lat' dir='ltr'>dictare]</span> <span class='ocrx_word' id='word_1_1219' title='bbox 1467 3645 1555 3677; x_wconf 88' lang='lat' dir='ltr'>dicta</span> <span class='ocrx_word' id='word_1_1220' title='bbox 1578 3645 1597 3678; x_wconf 76' lang='grc' dir='ltr'><em>ὃ</em></span> <span class='ocrx_word' id='word_1_1221' title='bbox 1624 3645 1657 3679; x_wconf 88' lang='grc' dir='ltr'><em>Τ</em></span> <span class='ocrx_word' id='word_1_1222' title='bbox 1665 3644 1693 3684; x_wconf 86' lang='lat'>¹;</span> <span class='ocrx_word' id='word_1_1223' title='bbox 1725 3644 1850 3677; x_wconf 86' lang='lat' dir='ltr'>dictare</span> <span class='ocrx_word' id='word_1_1224' title='bbox 1874 3663 1917 3669; x_wconf 92' lang='lat'><strong>—</strong></span> <span class='ocrx_word' id='word_1_1225' title='bbox 1942 3645 1986 3678; x_wconf 77' lang='lat'>39</span> <span class='ocrx_word' id='word_1_1226' title='bbox 2010 3643 2154 3686; x_wconf 85' lang='lat' dir='ltr'>aliquam</span> <span class='ocrx_word' id='word_1_1227' title='bbox 2176 3656 2232 3677; x_wconf 87' lang='lat' dir='ltr'>om.</span> <span class='ocrx_word' id='word_1_1228' title='bbox 2249 3643 2280 3676; x_wconf 80' lang='lat' dir='ltr'><em>R</em></span> <span class='ocrx_word' id='word_1_1229' title='bbox 2303 3645 2316 3689; x_wconf 76' lang='lat' dir='ltr'>ss</span> 
     </span>
     <span class='ocr_line' id='line_1_123' title="bbox 1239 3690 1493 3723; baseline 0 0"><span class='ocrx_word' id='word_1_1230' title='bbox 1239 3692 1282 3723; x_wconf 82' lang='lat'>39</span> <span class='ocrx_word' id='word_1_1231' title='bbox 1306 3694 1339 3723; x_wconf 82' lang='lat' dir='ltr'>et</span> <span class='ocrx_word' id='word_1_1232' title='bbox 1363 3702 1421 3722; x_wconf 87' lang='lat' dir='ltr'>om.</span> <span class='ocrx_word' id='word_1_1233' title='bbox 1442 3690 1493 3723; x_wconf 65' lang='lat' dir='ltr'>T*</span> 
     </span>
    </p>
   </div>
   <div class='ocr_carea' id='block_1_31' title="bbox 2303 3197 2309 3329">
    <p class='ocr_par' dir='ltr' id='par_1_31' title="bbox 2303 3197 2309 3329">
     <span class='ocr_line' id='line_1_124' title="bbox 2303 3197 2309 3329; baseline 0 525"><span class='ocrx_word' id='word_1_1234' title='bbox 2303 3197 2309 3329; x_wconf 95' lang='lat' dir='ltr'> </span> 
     </span>
    </p>
   </div>
   <div class='ocr_carea' id='block_1_32' title="bbox 2311 3194 2317 3330">
    <p class='ocr_par' dir='ltr' id='par_1_32' title="bbox 2311 3194 2317 3330">
     <span class='ocr_line' id='line_1_125' title="bbox 2311 3194 2317 3330; baseline 0 0"><span class='ocrx_word' id='word_1_1235' title='bbox 2311 3194 2317 3330; x_wconf 95' lang='lat' dir='ltr'> </span> 
     </span>
    </p>
   </div>
  </div>
 </body>
</html>
