2592 3840
251 107 360 152 Nov.
390 109 531 152 XLIX
560 111 600 151 2.
626 111 651 152 3
1335 103 1417 153 292
1693 87 1700 95 “
1837 120 1897 150 DE
1925 119 2000 152 ms
2028 119 2107 160 Qm
2134 119 2473 154 mensnmmn

252 224 383 269 κρίσεις
401 221 564 266 τίθεμεν.
611 220 796 262 πανταχοῦ
819 216 889 266 γὰρ
913 217 955 253 τὸ
974 218 1036 262 τῆς
1053 229 1082 254 π
1130 217 1329 265 αποιῆσεωε
1397 229 1477 256 esse
1500 219 1547 255 ad
1571 218 1779 255 collationes
1802 228 1971 255 manuum
2019 219 2167 255 onimus.
2218 218 2357 265 Ubique
2380 220 2473 257 enim

251 267 439 311 μισοῦντες
469 264 706 311 πλημμέλημα
740 267 800 298 καὶ
834 262 900 298 τὸν
931 261 1040 310 ὅρκον
1070 262 1107 299 δι
1131 262 1214 299 όναι
1247 265 1330 300 τούς
1397 265 1565 300 falsitatis
1625 268 1786 300 eccatum
1827 264 1908 300 odio
1943 230 2116 300 hagentes
2157 266 2194 300 et
2226 264 2472 301 iusiurandum

252 308 551 354 ἇντεξετὰζοντας
586 308 631 345 τὰ
665 308 859 356 γράμματα
894 308 1234 354 νενομοθετήκαμεν
1271 314 1331 344 καὶ
1399 310 1575 355 praebere
1623 309 1831 345 incutientes
1855 309 2074 352 [eximentes]
2106 310 2243 345 litteras
2263 310 2474 346 sancivimus

252 355 320 399 τὴν
342 357 382 397 ἐξ
406 355 427 390 ἆ
451 360 587 403 οραίων
615 352 740 399 μόνων
772 352 1003 398 συμβολαίων
1035 354 1245 401 παράθεσιν
1269 356 1330 390 εἰς·
1400 359 1437 391 et
1453 365 1498 390 ex
1515 354 1669 400 publicis
1689 354 1908 390 solummodo
1927 354 2149 390 documentis
2171 354 2473 399 comparationem

253 403 411 448 ηγησάμε
446 415 478 435 α.
516 398 603 434 ὥςτε
623 403 799 445 κρατείτω
824 397 886 433 διὰ
902 397 1055 434 πάντων
1078 397 1098 433 ὁ
1118 397 1223 444 νόμος
1246 402 1330 434 ἐκεῖ·
1366 402 1386 435 5
1400 400 1637 445 permisimus.
1686 399 1913 452 Quapropter
1943 399 2060 436 valeat
2087 409 2153 444 per
2180 400 2298 435 omnia
2321 398 2380 435 lex
2400 397 2474 440 ina.

252 457 323 488 νος,
347 448 407 490 τῆς
430 443 611 501 παρούσης
633 442 913 498 ὑποδιαιρέσεως
944 444 1197 500 ἐπιτιθεμένης
1221 444 1331 489 αὐτῷ,
1400 445 1583 490 praesenti
1607 444 1850 480 suhd1vis10ne
1880 445 1999 479 delata
2022 444 2073 488 ei,
2102 444 2330 481 iureiurando
2355 447 2476 480 tamen

253 492 316 544 τοῦ
362 495 470 571 ιὸέντοι
499 503 604 535 ορκον
628 503 705 524 των
729 501 998 536 συγκρινοντων
1021 491 1059 524 ἐκ
1081 503 1217 537 τροπου
1240 503 1331 527 ποιν-
1402 491 1685 536 comparantium
1708 489 1821 526 modis
1846 490 2009 526 omnibus
2033 489 2264 535 perhibendo.

254 547 313 570 τος
356 551 368 570 ι
392 540 530 581 ομένου.

1237 648 1393 685 CAPUT
1423 647 1487 684 111.

298 713 440 759 Ἐπειδὴ
463 713 504 750 δὲ
526 713 623 760 ἡμεῖς
645 712 736 762 ὑπὲρ
766 711 951 760 εὐλαβείας
980 716 1060 751 τῶν
1083 714 1331 762 δικαζομένων
1443 715 1534 761 Quia
1553 715 1662 760 igitur
1684 724 1751 752 nos
1769 725 1841 796 Ero
1859 715 2059 768 reverentia
2081 715 2294 760 litigantium
2313 715 2476 751 volumus

253 759 507 815 ἠβουλήθημεν
538 759 649 795 εὐθὺς
680 762 720 795 έν
744 765 944 808 προοιμίοις
973 758 1155 815 τῆςηδίκης
1177 759 1331 807 ὀμνύναι
1347 764 1386 796 10
1398 771 1480 796 mox
1503 761 1541 796 in
1553 760 1738 814 'principio
1796 760 1843 796 tis
1865 770 1984 797 iurare
2005 761 2203 806 litigantes,
2234 763 2375 797 actores
2398 761 2476 806 qui-

252 818 335 841 τους
364 808 431 851 μὲν
461 803 659 840 διώκοντας
691 803 739 841 ὡς
762 806 803 841 οὐ
828 818 1135 853 συκοφαντουντες
1159 804 1331 854 ἐπάγουσι
1399 806 1478 842 dem
1502 816 1586 851 qula
1609 815 1682 842 non
1705 805 1963 842 calumniantes
1994 806 2153 842 inferant
2179 806 2271 850 lites,
2301 805 2476 851 fugientes

252 851 315 886 τὰς
338 850 447 893 δίκας,
478 850 560 886 τοὺς
584 849 623 886 δὲ
644 850 841 898 φεύγοντας
871 850 919 886 οἷς
941 852 1081 887 οἴονται
1111 851 1179 896 τὴν
1202 850 1330 888 ἀπολο-
1399 860 1482 889 vero
1507 851 1593 896 quia
1616 850 1768 887 credunt
1791 851 2072 887 satisfactionem
2095 854 2337 896 competenter
2364 856 2403 886 se
2423 851 2476 886 fa-

252 900 336 943 γίαν
358 895 449 941 μετὰ
471 898 535 931 τοῦ
556 896 790 943 προςήκοντος
813 897 1001 933 ποιεῖσθαι
1024 894 1105 932 ἀλλ’
1128 895 1192 940 οὐχ
1211 899 1332 932 ἕνεκεν
1400 906 1481 932 cere
1505 900 1541 932 et
1563 906 1637 932 non
1662 905 1773 932 cansa
1796 896 2043 939 contentionis,
2075 899 2111 932 et
2133 896 2228 932 hanc
2258 902 2478 932 communem

254 940 483 987 φιλονεικίας,
518 945 578 976 καὶ
608 942 739 977 τοῦτον
770 941 892 978 κοινὸν
923 942 1091 988 ἐθέμεθα
1122 941 1188 977 τὸν
1218 942 1331 987 νόμον
1399 941 1583 987 posuimus
1599 941 1633 977 le
1656 951 1712 977 em
1730 943 1857 978 contra
1873 951 2011 977 omnem
2054 949 2217 978 ersonam
2232 940 2347 977 modis
2363 941 2478 976 omni-

251 985 343 1021 κατὰ
362 987 500 1022 παντὸς
519 986 710 1035 προςώπου
728 985 966 1023 παντάπασιν
986 985 1106 1022 οὐδενὶ
1122 989 1230 1022 τοῦτο
1250 999 1330 1034 συγ·
1346 989 1384 1022 15
1400 988 1466 1023 bus
1493 987 1563 1023 hoc
1593 951 1682 1022 ntffii
1712 987 1965 1031 concedentem
2003 986 2011 994 '
2041 986 2090 1022 ud
2121 995 2263 1032 quoque
2291 984 2477 1028 adicimus,

251 1030 495 1079 χωρήσαντες,
537 1030 677 1067 κάκεῖνο
707 1036 873 1081 μέντοιγε
896 1033 1211 1082 προςτεθείκαμεν,
1244 1030 1331 1067 ὥςτε
1399 1036 1440 1069 ut
1468 1032 1499 1068 si
1528 1032 1608 1078 quis
1640 1031 1889 1077 probationem
1917 1031 2061 1078 petierit
2091 1041 2302 1077 quemquam
2333 1039 2479 1068 suorum

252 1078 288 1111 εἴ
306 1089 359 1112 τις
380 1075 580 1119 ἀποδείξεις
602 1076 775 1122 ἀπαιτοίη
798 1077 883 1114 τινὰ
903 1079 982 1114 τῶν
1005 1078 1149 1113 οἰκείων
1172 1077 1291 1126 λόγων
1310 1074 1332 1121 ἢ
1400 1087 1602 1119 sermonum
1624 1080 1690 1113 aut
1711 1077 1924 1122 litterarum,
1955 1077 2050 1112 iuret
2070 1076 2190 1122 prius,
2222 1076 2307 1122 quia
2328 1084 2401 1112 non
2423 1075 2477 1111 di-

250 1119 486 1170 γραμμάτων,
521 1120 676 1168 ὀμνύναι
711 1124 888 1171 πρότερον
919 1121 1032 1158 αὐτὸν
1066 1120 1114 1158 αἷς
1147 1121 1211 1158 οὐκ
1245 1120 1330 1158 ἀνα·
1399 1123 1542 1159 lationis
1572 1132 1684 1159 causa
1714 1122 1784 1159 hoc
1812 1122 1886 1167 agit
1913 1121 2031 1166 (multi
2054 1131 2206 1168 namque
2229 1121 2306 1157 sola
2326 1121 2479 1157 iniuriae

251 1167 357 1213 βολῆς
380 1170 485 1203 ἕνεκα
501 1170 609 1203 τοῦτο
630 1167 797 1216 πράττει·
822 1167 949 1205 πολλοὶ
970 1169 1040 1216 γὰρ
1063 1167 1174 1214 μόνης
1195 1165 1333 1215 ὕβρεως
1401 1178 1528 1213 causa,
1561 1171 1597 1203 et
1619 1167 1773 1203 maxime
1803 1178 1846 1204 su
1873 1177 1911 1203 er
1939 1167 2122 1203 nobilibus
2151 1166 2376 1209 mulieribus,
2406 1165 2480 1202 sive

252 1216 383 1257 ἕνεκεν,
415 1217 476 1248 καὶ
505 1212 664 1259 μάλιστα
694 1216 755 1250 ἐπὶ
784 1216 863 1250 τῶν
888 1216 1117 1261 σεμνοτέρων
1137 1215 1332 1261 γυναικῶν,
1345 1216 1387 1249 20
1401 1214 1601 1249 litterarum
1616 1213 1783 1259 probatio
1801 1213 1977 1249 obiciatur
1992 1213 2067 1248 sive
2081 1212 2153 1248 alia
2187 1211 2343 1248 naelibet
2355 1219 2478 1253 cansa,

251 1259 323 1294 εἴτε
346 1258 570 1307 γραμμάτων
594 1257 774 1301 ἀπόδειξις
804 1256 1013 1304 ἀνατεθείη
1045 1259 1116 1294 εἴτε
1140 1260 1260 1306 ἑτέρας
1282 1258 1331 1293 οἱ·
1399 1259 1447 1295 ad
1470 1258 1718 1295 iusiurandum
1747 1258 1818 1295 hoc
1841 1261 2077 1302 concurrunt,
2108 1261 2149 1293 ut
2171 1267 2210 1293 ln
2238 1266 2311 1293 nno
2335 1256 2478 1302 negotio

252 1306 358 1339 αςοῦν
382 1306 508 1347 αἰτίας,
538 1301 649 1339 εὖθῦς
673 1306 733 1341 ἐπὶ
763 1303 829 1339 τὸν
851 1302 871 1339 ὅ
895 1318 959 1339 κον
982 1306 1112 1339 τοῦτον
1135 1307 1333 1351 τρέχουσιν,
1400 1304 1606 1350 frequenter
1628 1304 1874 1341 iusiurandum
1898 1303 2145 1349 praebeatur):

252 1348 342 1385 ὥςτε
374 1352 434 1385 ἐπὶ
457 1351 539 1394 μιᾶς
568 1349 780 1385 ὑποθέσεως
803 1349 874 1385 πολ
908 1349 973 1384 ’κις
996 1346 1117 1395 ὅρκους
1140 1347 1331 1384 δίδοσθαι·

251 1398 274 1431 1
319 1395 544 1440 θεσπίζομεν
567 1395 706 1440 ταύτην
727 1393 958 1441 ἀναιροῦντες
979 1394 1046 1439 τὴν
1072 1390 1180 1442 ὕβριν
1208 1398 1268 1429 καὶ
1292 1392 1332 1429 οὗ
1400 1396 1421 1430 1
1467 1394 1645 1431 sancimus
1677 1394 1773 1431 hanc
1803 1394 2018 1440 perimentes
2049 1393 2215 1429 iniuriam
2248 1394 2286 1429 et
2317 1391 2479 1428 nolentes

251 1438 463 1485 βουλόμενοι
487 1439 656 1476 πολλάκις
680 1443 740 1476 ἐπὶ
763 1441 824 1484 τῆς
848 1439 955 1484 αὐτῆς
977 1439 1188 1476 ὑποθέσεως
1211 1437 1334 1487 ὅρκους
1345 1443 1387 1476 25
1402 1441 1527 1476 crebro
1551 1439 1589 1475 in
1612 1440 1737 1477 eodem
1759 1440 1900 1485 negotio
1929 1438 2175 1475 iusiurandum
2223 1437 2378 1480 raeberi,
2405 1436 2480 1484 (ut)

252 1485 498 1533 παρέχεσθαι,
532 1482 621 1520 ὥςτε
645 1485 812 1533 ἑκάτερον
831 1489 951 1532 μέρος,
983 1484 1088 1530 ἡνίκα
1112 1485 1153 1520 τὸ
1177 1487 1244 1531 μὲν
1267 1484 1334 1520 τὸν
1400 1487 1554 1531 utraque
1577 1495 1679 1530 pars,
1709 1485 1793 1521 dum
1816 1494 1889 1521 una
1918 1484 2058 1531 quidem
2090 1484 2134 1520 de
2214 1482 2335 1520 umnia
2357 1490 2479 1519 sacra-

254 1534 336 1577 περὶ
367 1533 428 1574 τῆς
459 1530 674 1576 καλουμνίας
709 1528 818 1578 ὅρκον
848 1528 975 1576 ὄμνυσι
1010 1529 1051 1566 τὸ
1083 1529 1122 1565 δὲ
1153 1529 1220 1566 τὸν
1250 1533 1333 1577 περὶ
1400 1536 1557 1566 mentum
1587 1530 1812 1576 praebuerit,
1849 1530 1920 1565 alia
1949 1539 2033 1566 vero
2065 1529 2149 1574 quia
2181 1528 2313 1565 iustam
2347 1531 2480 1573 putans

253 1579 317 1611 τοῦ
341 1574 486 1611 δικαίαν
508 1578 669 1621 νομίζειν
692 1575 760 1620 τὴν
783 1573 996 1622 ἀντίρρησιν
1026 1576 1119 1610 εἶναι
1141 1577 1203 1620 τῆς
1225 1574 1333 1618 δίκης,
1401 1576 1673 1612 reluctationem
1698 1585 1776 1612 esse
1793 1575 1878 1619 litis,
1903 1575 2037 1611 adiciat
2059 1575 2144 1620 quia
2165 1574 2204 1610 in
2218 1577 2297 1610 tota
2311 1572 2386 1616 lite,
2409 1572 2479 1608 sic-

253 1621 490 1668 προς-τιθέναι
521 1619 570 1656 ὥς
598 1624 639 1656 έν
663 1620 783 1669 ἁπάσῃ
811 1623 855 1670 τῇ
881 1620 973 1670 δίκῃ,
1005 1622 1126 1657 εἴποτε
1150 1621 1333 1665 ζητήσειεν
1401 1621 1463 1657 ubi
1494 1621 1687 1666 quaesierit
1715 1621 1947 1667 probationes
1978 1619 2220 1656 adversarium
2251 1628 2372 1662 suum,
2405 1627 2481 1654 non

254 1664 454 1708 ἀποδείξεις
485 1665 551 1702 τὸν
574 1664 761 1702 ἀντίδικον
791 1665 858 1701 τὸν
888 1664 1016 1708 αὑτοῦ,
1052 1663 1093 1701 οὗ
1124 1665 1217 1701 κατὰ
1247 1665 1332 1713 πρό·
1347 1669 1390 1702 30
1402 1676 1466 1712 per
1488 1667 1714 1706 occasionem
1735 1665 1917 1702 dilationis
1941 1665 2012 1701 hoc
2033 1664 2134 1707 facit,
2157 1664 2220 1700 sed
2242 1673 2308 1709 pro
2331 1662 2481 1699 veritate

254 1724 367 1769 Pomm
390 1709 624 1759 ὑπερθέσεως
654 1712 763 1747 τοῦτο
787 1715 899 1754 ποιεῖ,
932 1709 1022 1746 ἀλλὰ
1044 1714 1122 1746 ταῖς
1145 1709 1335 1755 ἀληθείαις
1401 1711 1641 1748 necessariam
1660 1711 1729 1748 sibi
1749 1721 1772 1747 a
1789 1722 1855 1747 suo
1872 1711 2075 1747 adversm-lo
2092 1708 2327 1746 exhibendam
2346 1711 2479 1754 putans

253 1761 455 1805 αναγκαίαν
479 1755 579 1801 αὑτῷ
604 1756 671 1800 τὴν
694 1756 794 1804 παρὰ
824 1758 888 1792 τοῦ
913 1757 1040 1792 οἰκείου
1070 1754 1254 1791 ἀντιδίκου
1278 1754 1335 1791 δο-
1401 1757 1660 1803 probationem.
1708 1757 1756 1792 Et
1779 1757 1811 1793 si
1834 1756 1903 1792 hoc
1926 1755 2096 1792 iuraverit
2120 1757 2393 1796 sacramentum,
2416 1762 2479 1789 ne-

254 1803 466 1848 θησομένην
492 1804 654 1847 νομίζων
684 1799 880 1843 ἀπόδειξιν.
926 1806 987 1837 καὶ
1023 1802 1055 1836 εἰ
1085 1803 1216 1837 τοῦτον
1251 1799 1333 1846 ὂμό-
1403 1812 1579 1847 quaquam
1601 1802 1753 1847 penitus,
1787 1802 1871 1838 licet
1895 1802 2021 1837 crebro
2044 1799 2280 1846 requirendae
2303 1799 2375 1835 sint
2396 1806 2479 1844 pro-

255 1861 328 1883 σειε
362 1847 428 1883 τὸν
462 1844 581 1895 ὅρκον,
643 1851 742 1891 ηκέτι
775 1845 971 1889 παντελῶς,
1006 1845 1074 1882 κᾶν
1108 1848 1140 1881 εἰ
1167 1845 1335 1883 πολλάκις
1402 1847 1576 1890 bationes‚
1602 1849 1647 1883 ab
1667 1847 1841 1883 alterutra
1861 1850 1964 1892 parte
1984 1847 2103 1892 expeti
2123 1847 2394 1888 sacramentum,
2419 1842 2481 1879 sed

255 1891 501 1937 ἐπιζητήσειεν
524 1890 597 1928 ἀπο
622 1893 738 1935 elgae,
771 1891 870 1940 παρὰ
893 1893 1054 1935 θατέρου
1079 1895 1204 1938 μέρους
1227 1890 1333 1928 ἀπαι-
1347 1896 1389 1928 35
1403 1892 1479 1928 dari
1503 1893 1733 1937 probationes
1757 1895 1794 1928 et
1810 1903 1883 1927 non
1909 1894 2033 1930 crebro
2058 1891 2135 1936 cogi
2159 1889 2338 1936 quendam
2361 1895 2480 1925 sacra-

254 1939 404 1974 τεῖσθαι
427 1937 493 1973 τὸν
515 1934 634 1985 ὅρκον,
666 1936 755 1973 ἀλλὰ
778 1936 952 1973 δίδοσθαι
975 1937 1038 1973 τὰς
1061 1934 1259 1979 ἀποδείξεις
1274 1940 1334 1972 καὶ
1403 1941 1522 1973 menta
1540 1938 1671 1982 subire,
1687 1938 1900 1982 generaliter
1916 1937 2025 1974 semel
2040 1935 2242 1973 huiusmodi
2256 1937 2480 1972 sacramento

254 1984 304 2029 μὴ
327 1981 496 2019 πολλάκις
518 1981 793 2031 ἇναγκάζεσθαί
820 1995 919 2018 τινας
949 1979 1073 2030 ὅρκους
1094 1980 1251 2027 ὑπέχειν,
1279 1996 1333 2031 γε·
1402 1982 1592 2029 perhibito·

255 2031 364 2065 νικῶς
386 2026 486 2070 ἅπαξ
507 2030 572 2064 τοῦ
595 2028 759 2064 τοιούτου
782 2024 888 2076 ὅρκου
913 2026 1112 2073 διδομένου.

238 2163 242 2169 ¹
303 2135 373 2166 cap.
389 2122 453 2155 III
473 2128 561 2155 extat
582 2121 620 2155 B
645 2122 677 2162 7,
700 2128 741 2161 14,
768 2128 799 2154 2¹
824 2122 913 2161 (inde
937 2122 970 2154 in
994 2120 1122 2163 Ecloya
1148 2121 1201 2155 lib.
1226 2120 1335 2154 I—X
1355 2120 1459 2159 Bas-2
1493 2122 1537 2164 cf.
1562 2120 1767 2162 Heimback.)

256 2236 340 2271 dum
363 2243 438 2270 esse
459 2234 660 2270 statuimus.
710 2231 794 2268 Cum
817 2231 910 2267 enim
934 2232 1058 2283 utique
1079 2231 1173 2277 falsi
1196 2231 1329 2267 crimen
1353 2232 1437 2267 odio
1461 2231 1667 2274 habeamus,
1696 2235 1732 2267 et
1753 2234 2018 2267 sacramentum
2039 2235 2232 2282 praestare
2255 2239 2316 2265 eos
2337 2230 2403 2276 qui
2423 2229 2481 2266 lit-

257 2285 354 2317 teras
370 2282 582 2326 comparent
608 2277 800 2314 sanximus
826 2281 862 2312 et
881 2275 1112 2312 collationem
1132 2286 1182 2312 ex
1199 2276 1412 2322 forensibus
1431 2277 1520 2313 solis
1536 2276 1785 2312 instrumentis
1802 2274 2013 2322 faciendam
2033 2273 2314 2311 mtroduaeimus.
2351 2272 2483 2322 Itaque

257 2327 321 2362 Iex
343 2325 408 2361 illa
432 2335 506 2372 per
529 2323 650 2359 omnia
673 2322 804 2365 valeat,
835 2321 977 2358 adiecta
1008 2321 1122 2358 eidem
1150 2322 1338 2368 praesenti
1360 2322 1609 2359 distinctione:
1647 2326 1689 2358 ut
1713 2325 1831 2358 tamen
1852 2324 2115 2357 sacramentum
2146 2330 2270 2356 eorum
2301 2319 2365 2367 qui
2385 2328 2481 2355 eom-

250 2375 389 2419 parent
412 2369 574 2406 omnibus
596 2367 712 2404 modis
727 2370 950 2415 praestetur.

391 2415 455 2451 111.
510 2414 685 2458 Quoniam
709 2424 793 2449 vero
817 2412 867 2448 ad
887 2412 1096 2460 reliqionem
1120 2412 1342 2459 litiqantium
1365 2410 1569 2459 auqendam
1598 2411 1723 2449 statim
1752 2412 1792 2448 in
1812 2409 2023 2458 primordio
2054 2410 2130 2447 litis
2159 2410 2285 2447 iurare
2307 2409 2484 2447 voluimus

258 2466 401 2498 actores
432 2459 575 2508 quidem
605 2470 644 2495 se
673 2470 747 2495 non
771 2469 845 2506 per
876 2458 1092 2493 calumniam
1124 2457 1204 2493 lites
1233 2457 1391 2504 deferte,
1426 2469 1510 2494 reos
1539 2461 1658 2494 autem
1688 2468 1727 2493 se
1750 2461 1889 2504 putare
1917 2455 2164 2502 defensionem
2194 2466 2272 2492 sese
2301 2454 2358 2491 uti
2383 2451 2485 2508 dece}

256 2509 424 2554 facturos
447 2516 524 2542 esse
547 2516 611 2540 nee
634 2515 717 2541 vero
739 2503 979 2539 contentionis
1002 2513 1134 2546 eausa,
1170 2507 1279 2550 atque
1301 2502 1396 2539 hane
1427 2503 1459 2539 le
1485 2514 1540 2539 em
1572 2513 1791 2539 communem
1821 2501 1995 2537 adversus
2022 2511 2160 2537 omnem
2176 2509 2376 2548 personam
2400 2498 2482 2536 tub·

258 2563 337 2587 mus
359 2550 493 2588 nemini
516 2550 661 2586 omnino
684 2548 722 2585 id
738 2550 1011 2595 permittentes;
1032 2548 1098 2584 sed
1115 2547 1209 2584 illud
1230 2559 1374 2595 quoque
1397 2514 1614 2591 addimus,
1638 2553 1680 2584 ut
1694 2549 1727 2584 si
1750 2548 1833 2594 quis
1853 2546 2090 2594 probationes
2108 2546 2273 2592 exeqerit
2292 2542 2338 2582 ab
2359 2543 2483 2598 aliquo

258 2607 461 2633 sermonum
492 2600 557 2630 aut
587 2595 790 2630 litterarum
820 2605 986 2637 suarum,
1011 2594 1121 2641 prius
1150 2594 1247 2630 iuret
1278 2605 1317 2630 se
1347 2604 1423 2629 non
1452 2593 1641 2629 dilationis
1668 2604 1780 2629 causa
1810 2592 1850 2627 id
1871 2602 1994 2639 aqere,
2026 2602 2106 2627 cum
2135 2590 2240 2627 multi
2269 2592 2484 2642 tantumyn-

258 2643 376 2678 iuriae
399 2652 522 2683 causa,
553 2640 711 2675 maxime
734 2639 772 2674 in
795 2639 1003 2675 mulieribus
1026 2639 1303 2682 honestioribus,
1334 2639 1410 2675 sive
1432 2638 1636 2675 litterarum
1661 2638 1838 2686 probatio
1859 2641 2068 2690 opponatur
2097 2637 2172 2673 sive
2193 2635 2344 2672 alterius
2366 2644 2483 2671 mnus-
2539 2675 2543 2678 ⁴

259 2689 312 2724 vis
336 2684 478 2728 causam
509 2686 630 2721 statim
656 2684 705 2719 ad
729 2683 796 2719 hoc
823 2684 1073 2720 iusiurandum
1101 2684 1309 2727 decurrant,
1346 2684 1398 2720 ita
1424 2688 1465 2720 ut
1494 2685 1532 2720 in
1557 2695 1632 2720 una
1663 2694 1774 2719 causa
1802 2692 1950 2729 saeptus
1977 2685 2206 2718 sacramenta
2228 2682 2485 2728 praestentur:

259 2735 281 2768 1
333 2732 514 2767 sancimus
538 2729 632 2765 hane
654 2730 824 2765 iniuriam
850 2729 1014 2765 tollentes
1036 2733 1144 2776 atque
1166 2730 1206 2764 in
1221 2729 1345 2766 eadem
1368 2740 1481 2766 causa
1501 2729 1650 2776 saepius
1671 2732 1900 2764 sacramenta
1917 2727 2106 2774 praestari
2128 2726 2303 2768 nolentes,
2325 2724 2368 2769 ut
2384 2729 2484 2762 utra-

260 2789 331 2824 que
347 2787 454 2824 pars,
478 2775 538 2811 ubi
561 2775 676 2810 altera
698 2774 743 2810 de
766 2774 946 2810 calumnia
970 2774 1221 2810 iusiurandum
1238 2774 1485 2822 praestiterit,
1510 2774 1628 2811 altera
1650 2785 1690 2810 se
1706 2778 1845 2822 putare
1876 2773 2007 2809 aestum
2037 2783 2114 2809 esse
2137 2781 2268 2808 causae
2290 2769 2483 2823 refutatio-

260 2833 340 2858 nem
365 2821 550 2862 iuraverit,
580 2819 693 2855 addat
715 2830 753 2855 se
774 2831 843 2866 per
868 2823 981 2855 totam
1005 2819 1114 2862 litem,
1146 2820 1179 2855 si
1203 2819 1349 2872 quando
1367 2820 1607 2867 probationes
1630 2819 1675 2855 ab
1701 2818 1910 2855 adversario
1941 2827 2007 2853 suo
2030 2817 2170 2864 exiqat,
2200 2821 2276 2853 non
2298 2810 2485 2869 dilationis

260 2878 373 2903 causa
403 2866 472 2902 Ιιοο
494 2866 632 2911 facere,
662 2864 727 2900 sed
757 2864 844 2916 quia
874 2875 1002 2900 revera
1032 2875 1272 2901 necessariam
1301 2864 1372 2902 sibi
1400 2876 1478 2901 esse
1503 2868 1610 2912 putet
1626 2863 1883 2912 probationem
1915 2861 1959 2898 ab
1984 2861 2195 2899 adversario
2225 2868 2294 2897 suo
2420 2866 2424 2870 ”

261 2912 308 2949 Et
331 2913 364 2948 si
387 2911 455 2947 Ιιοο
477 2909 729 2945 iusiurandum
751 2910 937 2952 iuraverit,
961 2909 1062 2945 nullo
1086 2909 1193 2946 modo
1213 2910 1381 2957 amplius,
1408 2910 1572 2957 quamvis
1594 2910 1741 2957 saepius
1756 2908 1999 2956 probationes
2022 2907 2271 2955 requirantur,
2300 2905 2346 2942 ab
2369 2902 2485 2941 attera

258 2962 366 3005 parte
388 2955 639 2992 iusiurandum
663 2954 847 3034 eupatur,
872 2965 992 2991 verum
1016 2954 1147 2991 dentur
1164 2955 1406 3002 probationes
1428 2967 1516 2993 neve
1539 2956 1731 3003 quisquam
1752 2958 1907 3001 coyatur
1929 2953 2075 3000 saepius
2093 2954 2358 2988 sacramentum
2374 2956 2484 2998 prae*-

260 3008 358 3039 stare
381 3001 601 3050 qeneraliter
623 3011 716 3035 seme
755 2999 962 3034 huiusmodi
983 3000 1221 3036 iureiurando
1240 3002 1430 3046 praestito.

306 3119 322 3152 1
338 3129 387 3161 sq.
411 3112 454 3149 τὸ
478 3134 522 3139 -
545 3110 796 3157 πλημμέλημα]
821 3111 867 3145 τὰ
890 3131 935 3136 -
958 3110 1243 3157 πλημμελήματα
1269 3115 1302 3148 Β
1325 3115 1336 3158 ΙΙ
1404 3114 1452 3147 L¹
1471 3113 1484 3155 kl
1509 3115 1551 3148 32
1577 3110 1676 3156 αὐτῷ
1689 3114 1748 3154 L']
1773 3109 1873 3155 αὐτῷ
1887 3111 2110 3146 MLOE‘Ecl.
2135 3111 2149 3155 ΙΙ
2171 3112 2212 3146 33
2235 3106 2360 3155 ὀμόσει
2377 3104 2485 3154 EcLfl

261 3166 279 3197 7
295 3163 334 3196 ἐκ
346 3158 483 3197 παντὸς
493 3156 630 3204 τρόπου
646 3158 693 3191 Β’
705 3158 836 3198 (ΖαεΙι.)
852 3159 864 3199 ΙΙ
884 3159 903 3192 8
917 3154 1105 3201 διδομένου
1118 3159 1228 3200 ΜΒς]
1240 3170 1337 3204 γινο·
1406 3160 1447 3207 {35
1469 3157 1717 3202 ἐπιζητήσειεν
1733 3158 1822 3199 ΜΒ]
1859 3155 2113 3200 ἐπιζητηθεῖεν
2130 3157 2183 3194 Le
2206 3157 2294 3201 quod
2315 3155 2420 3190 nmio
2439 3163 2481 3188 an

258 3209 366 3262 ‘ud-mm
379 3207 411 3240 L
426 3205 438 3250 11
457 3207 477 3240 9
492 3201 543 3262 δὲ]
559 3206 618 3237 καὶ
631 3203 704 3237 Ecl.
720 3203 885 3281 flLlBoc‘rEaZ
896 3199 1010 3290 {gog
1023 3199 1270 3291 ἵῦῙΙὲόμᾶιίιὲαιιι
1279 3205 1337 3282 221}
1401 3212 1546 3247 praestet
1568 3204 1581 3248 ΙΙ
1612 3205 1653 3238 37
1678 3204 1791 3244 τινας]
1817 3203 1982 3245 quendam
2006 3215 2026 3239 ς

258 3249 716 3339 ἷῖςῗοῖἕίζἪΒῖἶίῗὲ
725 3293 874 3326 ἕνεκαΒ
887 3272 899 3334 il
915 3272 1093 3335 14-νὸμον]
1111 3293 1337 3337 Cod.2‚58‚2ss
1453 3296 1468 3327 1
1494 3294 1683 3327 collationis
1703 3294 1762 3339 Vn
1783 3296 1803 3328 2
1827 3294 1928 3327 hodio
1952 3291 2005 3336 VH
2033 3294 2053 3326 3
2077 3291 2257 3325 eximentes
2280 3291 2342 3325 del.
2365 3289 2416 3324 V’
2435 3287 2482 3330 (οὗ

2532 3188 2563 3227 *ᾗ

2546 3232 2557 3258 ἒ

264 3347 303 3379 15
317 3338 565 3382 παντάπασιν]
587 3340 669 3384 περὶ
687 3337 840 3373 πάντων
854 3337 926 3370 Ecl.
942 3336 955 3381 ΙΙ
976 3339 1017 3371 16
1032 3337 1337 3382 προςτεθείκαμεν
1405 3338 1584 3372 eximentes
1606 3340 1709 3384 ναῖς.)
1722 3339 1738 3391 fl
1755 3340 1939 3372 sanccimus
1955 3337 2004 3371 R*
2019 3337 2033 3381 Ι
2050 3338 2071 3371 9
2085 3338 2173 3371 rubr.
2199 3337 2248 3369 De
2268 3332 2481 3369 iureiurando
2540 3342 2542 3345 ·

258 3386 548 3435 (προςεθήκαμεν
566 3386 618 3419 B!
627 3385 726 3438 Ecl.)]
756 3384 833 3417 Cod.
848 3384 879 3422 2,
892 3390 940 3440 δέ,
953 3390 977 3437 ¹³
1001 3384 1086 3415 unde
1101 3382 1336 3437 προτεθείκα-
1404 3386 1541 3435 propter
1563 3384 1787 3436 calumpniam
1811 3384 1922 3417 dando
1946 3382 2094 3426 Rmary.
2124 3379 2138 3425 ΙΙ
2166 3380 2331 3433 voluimus
2352 3379 2437 3431 quiq.

258 3423 1337 3520 5:75532‘323022232222'&515⁶ss0¹¹522s⁷22⁰ff²45222235222232
1408 3430 1447 3507 {i
1471 3428 1780 3515 {Z’ffissssimViiam
1805 3420 2450 3519 Ῠὲῗῖξ.“ἕεῑῗεῑ“ωἷιῗτ”ἵ“ῗέ“ἷὲἒὲιᾯῗ

260 3525 362 3568 Εοί.ΙΙ
386 3526 429 3558 22
447 3519 557 3556 εὐθὺς
577 3532 667 3557 oms
689 3521 701 3564 ΙΙ
727 3521 771 3554 24
791 3517 1027 3571 θεσπίζομεν]
1049 3509 1114 3550 οὖν
1130 3525 1242 3551 temere
1258 3519 1334 3551 add.
1408 3519 1446 3550 17
1471 3528 1658 3551 sermonum
1677 3521 1737 3552 aut
1795 3519 1810 3540 ²
1826 3521 1858 3553 in
1880 3531 1947 3553 ras.
1961 3520 1982 3552 5
2003 3518 2062 3551 litt.
2087 3516 2101 3560 Ι
2125 3517 2167 3551 19
2190 3518 2224 3549 et
2245 3514 2397 3555 maxime]
2417 3511 2478 3545 hoo

261 3583 327 3605 cum
342 3569 539 3603 Haloandro
550 3568 638 3611 ναῖς.
656 3565 668 3611 11
688 3561 742 3607 οὗ]
755 3563 832 3598 oa‘L
850 3564 863 3608 ss
879 3565 920 3598 25
933 3560 1124 3615 βολομενοι
1136 3562 1183 3595 Μ
1190 3562 1203 3605 ΙΙ
1221 3563 1263 3596 27
1277 3574 1336 3595 κα·
1404 3562 1475 3604 agit
1505 3563 1537 3596 V
1558 3563 1571 3606 ΙΙ
1600 3565 1642 3598 25
1666 3566 1705 3596 ut
1729 3565 1805 3597 add.
1827 3565 1911 3608 vulq.
1943 3563 1956 3606 ss
1989 3563 2033 3597 26
2055 3561 2096 3595 de
2120 3574 2179 3595 om.
2200 3560 2251 3594 Β*
2279 3560 2292 3605 u
2319 3560 2361 3594 29
2383 3565 2477 3591 {unm

262 3613 428 3658 λονμνίας
442 3613 526 3654 ML,
549 3613 790 3657 συκοφαντίας
802 3610 834 3644 L
847 3622 871 3643 s.
882 3622 923 3650 υ.,
938 3609 973 3642 Β
1018 3604 1140 3651 ομνύει
1155 3607 1225 3640 Ecl.
1242 3607 1255 3650 11
1280 3605 1334 3647 τὸ]
1405 3619 1463 3640 om.
1486 3607 1519 3640 V
1530 3606 1543 3651 ΙΙ
1559 3609 1597 3641 31
1622 3608 1789 3641 auersario
1807 3608 1856 3641 R·
1872 3609 1885 3652 ΙΙ
1902 3605 2101 3650 putatisRfl
2127 3608 2169 3640 35
2194 3605 2271 3639 dm
2292 3600 2478 3655 Vstorebro

259 3658 369 3693 τόνΕ
385 3659 397 3702 n
423 3656 489 3692 τὸν
512 3671 571 3692 om.
584 3658 635 3691 Bc
648 3657 719 3690 Ecl.
736 3655 749 3700 ΙΙ
776 3657 818 3690 28
843 3652 963 3688 δίκαια
1016 3655 1028 3673 ⁶
1052 3653 1064 3697 ΙΙ
1091 3654 1133 3687 29
1158 3651 1335 3698 προτεθῆ·
1405 3664 1463 3685 om.
1482 3651 1531 3685 R*
1560 3652 1573 3695 ss
1611 3652 1777 3694 quandam
1801 3652 1835 3686 R
1862 3652 1876 3696 [1
1910 3653 1951 3686 37
1977 3650 2122 3695 peribito
2146 3651 2190 3691 R]
2223 3648 2393 3693 prohibito
2427 3643 2475 3679 V¹

259 3718 322 3739 ναι
335 3706 366 3739 L
383 3704 396 3749 ss
414 3701 462 3738 ὦς
480 3716 538 3737 om.
552 3703 623 3737 Ecl.
639 3702 653 3747 ΙΙ
672 3698 768 3747 πάσῃ
787 3702 818 3734 Β
836 3700 849 3745 ΙΙ
865 3702 907 3734 30
920 3697 985 3733 τὸν
1005 3711 1064 3733 om.
1078 3698 1150 3731 Ecl.
1166 3698 1179 3742 ss
1198 3694 1336 3731 αὖτὸνῖ
1403 3695 1552 3739 praebito
1575 3697 1626 3731 V’
1638 3698 1724 3741 vulq.
