<?xml version="1.0" encoding="UTF-8"?>
<!DOCTYPE html PUBLIC "-//W3C//DTD XHTML 1.0 Transitional//EN"
    "http://www.w3.org/TR/xhtml1/DTD/xhtml1-transitional.dtd">
<html xmlns="http://www.w3.org/1999/xhtml" xml:lang="en" lang="en">
 <head>
  <title>
</title>
<meta http-equiv="Content-Type" content="text/html;charset=utf-8" />
  <meta name='ocr-system' content='tesseract 3.04.00' />
  <meta name='ocr-capabilities' content='ocr_page ocr_carea ocr_par ocr_line ocrx_word'/>
</head>
<body>
  <div class='ocr_page' id='page_1' title='image "./corpusjuriscivil00krueuoft_0284.png"; bbox 0 0 2592 3840; ppageno 0'>
   <div class='ocr_carea' id='block_1_1' title="bbox 252 83 549 139">
    <p class='ocr_par' dir='ltr' id='par_1_1' title="bbox 252 83 549 139">
     <span class='ocr_line' id='line_1_1' title="bbox 252 83 549 139; baseline 0 -13"><span class='ocrx_word' id='word_1_1' title='bbox 252 83 361 127; x_wconf 87' lang='lat' dir='ltr'><strong>Nov.</strong></span> <span class='ocrx_word' id='word_1_2' title='bbox 382 85 460 126; x_wconf 90' lang='lat' dir='ltr'><strong>XL</strong></span> <span class='ocrx_word' id='word_1_3' title='bbox 489 98 549 139; x_wconf 87' lang='lat' dir='ltr'><strong>pr.</strong></span> 
     </span>
    </p>
   </div>
   <div class='ocr_carea' id='block_1_2' title="bbox 255 189 1336 338">
    <p class='ocr_par' dir='ltr' id='par_1_2' title="bbox 255 189 1336 338">
     <span class='ocr_line' id='line_1_2' title="bbox 255 189 1335 241; baseline 0.001 -13"><span class='ocrx_word' id='word_1_4' title='bbox 255 190 490 239; x_wconf 79' lang='grc' dir='ltr'><strong><em>σωφροσύνης</em></strong></span> <span class='ocrx_word' id='word_1_5' title='bbox 514 192 694 241; x_wconf 74' lang='grc' dir='ltr'><em>ἀσέλγεια·</em></span> <span class='ocrx_word' id='word_1_6' title='bbox 731 190 812 227; x_wconf 81' lang='grc' dir='ltr'><strong><em>ἀλλ’</em></strong></span> <span class='ocrx_word' id='word_1_7' title='bbox 837 189 1051 227; x_wconf 73' lang='grc' dir='ltr'><strong><em>ὑποκείσθω</em></strong></span> <span class='ocrx_word' id='word_1_8' title='bbox 1075 195 1142 237; x_wconf 73' lang='grc' dir='ltr'><strong><em>μὲν</em></strong></span> <span class='ocrx_word' id='word_1_9' title='bbox 1165 196 1225 227; x_wconf 75' lang='grc' dir='ltr'><strong>καὶ</strong></span> <span class='ocrx_word' id='word_1_10' title='bbox 1246 192 1335 238; x_wconf 69' lang='grc' dir='ltr'><strong><em>αὕτη</em></strong></span> 
     </span>
     <span class='ocr_line' id='line_1_3' title="bbox 255 236 1334 286; baseline 0 -13"><span class='ocrx_word' id='word_1_11' title='bbox 255 243 333 274; x_wconf 85' lang='grc' dir='ltr'><strong><em>ταῖς</em></strong></span> <span class='ocrx_word' id='word_1_12' title='bbox 356 238 479 273; x_wconf 80' lang='grc' dir='ltr'><strong><em>αὐταῖς</em></strong></span> <span class='ocrx_word' id='word_1_13' title='bbox 500 242 651 280; x_wconf 80' lang='grc' dir='ltr'><strong><em>ποιναῖς,</em></strong></span> <span class='ocrx_word' id='word_1_14' title='bbox 676 236 912 272; x_wconf 76' lang='grc' dir='ltr'><strong><em>κινδυνευέτω</em></strong></span> <span class='ocrx_word' id='word_1_15' title='bbox 937 236 978 272; x_wconf 75' lang='grc' dir='ltr'><strong>δὲ</strong></span> <span class='ocrx_word' id='word_1_16' title='bbox 1000 241 1061 272; x_wconf 73' lang='grc' dir='ltr'><strong>καὶ</strong></span> <span class='ocrx_word' id='word_1_17' title='bbox 1085 241 1167 286; x_wconf 79' lang='grc' dir='ltr'><strong><em>περὶ</em></strong></span> <span class='ocrx_word' id='word_1_18' title='bbox 1190 238 1258 283; x_wconf 86' lang='grc' dir='ltr'><strong><em>τὴν</em></strong></span> <span class='ocrx_word' id='word_1_19' title='bbox 1282 238 1334 273; x_wconf 73' lang='grc' dir='ltr'><strong><em>ἕλ’-</em></strong></span> 
     </span>
     <span class='ocr_line' id='line_1_4' title="bbox 256 279 1336 338; baseline -0.001 -19"><span class='ocrx_word' id='word_1_20' title='bbox 256 282 348 319; x_wconf 81' lang='grc' dir='ltr'><strong><em>πίδα</em></strong></span> <span class='ocrx_word' id='word_1_21' title='bbox 372 285 433 338; x_wconf 46' lang='grc' dir='ltr'><strong><em>’,τῆς</em></strong></span> <span class='ocrx_word' id='word_1_22' title='bbox 457 281 529 319; x_wconf 83' lang='grc' dir='ltr'><strong>ἀπὸ</strong></span> <span class='ocrx_word' id='word_1_23' title='bbox 554 285 617 318; x_wconf 79' lang='grc' dir='ltr'><strong><em>τοῦ</em></strong></span> <span class='ocrx_word' id='word_1_24' title='bbox 643 286 785 327; x_wconf 81' lang='lat' dir='ltr'><strong>stuprov</strong></span> <span class='ocrx_word' id='word_1_25' title='bbox 798 283 948 338; x_wconf 62' lang='grc' dir='ltr'><strong>γραφῆςξ</strong></span> <span class='ocrx_word' id='word_1_26' title='bbox 972 279 1071 318; x_wconf 77' lang='grc' dir='ltr'><strong><em>ὅπως</em></strong></span> <span class='ocrx_word' id='word_1_27' title='bbox 1094 282 1140 317; x_wconf 84' lang='grc' dir='ltr'><strong><em>ἂν</em></strong></span> <span class='ocrx_word' id='word_1_28' title='bbox 1163 281 1254 338; x_wconf 52' lang='grc' dir='ltr'><strong><em>μήτε)</em></strong></span> <span class='ocrx_word' id='word_1_29' title='bbox 1275 284 1336 331; x_wconf 86' lang='grc' dir='ltr'><strong>γά-</strong></span> 
     </span>
    </p>
   </div>
   <div class='ocr_carea' id='block_1_3' title="bbox 1329 80 1412 128">
    <p class='ocr_par' dir='ltr' id='par_1_3' title="bbox 1329 80 1412 128">
     <span class='ocr_line' id='line_1_5' title="bbox 1329 80 1412 128; baseline 0 0"><span class='ocrx_word' id='word_1_30' title='bbox 1329 80 1412 128; x_wconf 82' lang='lat'><strong>258</strong></span> 
     </span>
    </p>
   </div>
   <div class='ocr_carea' id='block_1_4' title="bbox 2175 96 2478 128">
    <p class='ocr_par' dir='ltr' id='par_1_4' title="bbox 2175 96 2478 128">
     <span class='ocr_line' id='line_1_6' title="bbox 2175 96 2478 128; baseline -0.003 0"><span class='ocrx_word' id='word_1_31' title='bbox 2175 96 2237 128; x_wconf 74' lang='grc' dir='ltr'><strong>ΠΤ</strong></span> <span class='ocrx_word' id='word_1_32' title='bbox 2265 96 2478 128; x_wconf 70' lang='lat' dir='ltr'>EGOLESIA</span> 
     </span>
    </p>
   </div>
   <div class='ocr_carea' id='block_1_5' title="bbox 1404 193 2481 337">
    <p class='ocr_par' dir='ltr' id='par_1_5' title="bbox 1404 193 2481 337">
     <span class='ocr_line' id='line_1_7' title="bbox 1406 193 2476 240; baseline 0.001 -10"><span class='ocrx_word' id='word_1_33' title='bbox 1406 195 1570 231; x_wconf 76' lang='lat' dir='ltr'><strong>castitate</strong></span> <span class='ocrx_word' id='word_1_34' title='bbox 1589 193 1744 237; x_wconf 77' lang='lat' dir='ltr'><strong>luxuria,</strong></span> <span class='ocrx_word' id='word_1_35' title='bbox 1770 194 1833 229; x_wconf 88' lang='lat' dir='ltr'><strong>sed</strong></span> <span class='ocrx_word' id='word_1_36' title='bbox 1853 193 2051 230; x_wconf 72' lang='lat' dir='ltr'><strong>subiciatur</strong></span> <span class='ocrx_word' id='word_1_37' title='bbox 2073 194 2215 238; x_wconf 88' lang='lat' dir='ltr'><strong>quidem</strong></span> <span class='ocrx_word' id='word_1_38' title='bbox 2239 197 2275 230; x_wconf 90' lang='lat' dir='ltr'><strong>et</strong></span> <span class='ocrx_word' id='word_1_39' title='bbox 2296 194 2376 240; x_wconf 75' lang='lat' dir='ltr'><strong>ipsa</strong></span> <span class='ocrx_word' id='word_1_40' title='bbox 2391 204 2476 240; x_wconf 86' lang='lat' dir='ltr'><strong>poe·</strong></span> 
     </span>
     <span class='ocr_line' id='line_1_8' title="bbox 1404 239 2479 285; baseline 0.001 -10"><span class='ocrx_word' id='word_1_41' title='bbox 1404 240 1460 275; x_wconf 89' lang='lat' dir='ltr'><strong>nis</strong></span> <span class='ocrx_word' id='word_1_42' title='bbox 1484 239 1750 285; x_wconf 81' lang='lat' dir='ltr'>periculumque</span> <span class='ocrx_word' id='word_1_43' title='bbox 1773 239 1949 274; x_wconf 82' lang='lat' dir='ltr'><strong>sustineat</strong></span> <span class='ocrx_word' id='word_1_44' title='bbox 1976 243 2012 274; x_wconf 91' lang='lat' dir='ltr'><strong>et</strong></span> <span class='ocrx_word' id='word_1_45' title='bbox 2035 239 2132 274; x_wconf 81' lang='lat' dir='ltr'><strong>circa</strong></span> <span class='ocrx_word' id='word_1_46' title='bbox 2155 249 2254 284; x_wconf 85' lang='lat' dir='ltr'><strong>spem</strong></span> <span class='ocrx_word' id='word_1_47' title='bbox 2278 240 2479 284; x_wconf 78' lang='lat' dir='ltr'>scripturae</span> 
     </span>
     <span class='ocr_line' id='line_1_9' title="bbox 1404 283 2481 337; baseline 0.002 -18"><span class='ocrx_word' id='word_1_48' title='bbox 1404 288 1550 330; x_wconf 86' lang='lat' dir='ltr'><strong>propter</strong></span> <span class='ocrx_word' id='word_1_49' title='bbox 1570 287 1744 337; x_wconf 77' lang='lat' dir='ltr'><strong>stuprum,</strong></span> <span class='ocrx_word' id='word_1_50' title='bbox 1770 287 1810 319; x_wconf 83' lang='lat' dir='ltr'><strong>ut</strong></span> <span class='ocrx_word' id='word_1_51' title='bbox 1830 293 1944 328; x_wconf 90' lang='lat' dir='ltr'><strong>neque</strong></span> <span class='ocrx_word' id='word_1_52' title='bbox 1967 284 2112 336; x_wconf 73' lang='lat' dir='ltr'><strong>nuptias</strong></span> <span class='ocrx_word' id='word_1_53' title='bbox 2135 284 2285 325; x_wconf 74' lang='lat' dir='ltr'><strong>acerbas</strong></span> <span class='ocrx_word' id='word_1_54' title='bbox 2303 283 2481 321; x_wconf 78' lang='lat' dir='ltr'><strong>desideret</strong></span> 
     </span>
    </p>
   </div>
   <div class='ocr_carea' id='block_1_6' title="bbox 255 328 2478 375">
    <p class='ocr_par' dir='ltr' id='par_1_6' title="bbox 255 328 2478 375">
     <span class='ocr_line' id='line_1_10' title="bbox 255 328 2478 375; baseline 0.001 -12"><span class='ocrx_word' id='word_1_55' title='bbox 255 342 338 373; x_wconf 85' lang='grc' dir='ltr'><strong><em>μων</em></strong></span> <span class='ocrx_word' id='word_1_56' title='bbox 366 328 499 375; x_wconf 81' lang='grc' dir='ltr'><strong><em>αώρων</em></strong></span> <span class='ocrx_word' id='word_1_57' title='bbox 531 328 729 371; x_wconf 72' lang='grc' dir='ltr'><strong><em>ἐπιθυμοίη</em></strong></span> <span class='ocrx_word' id='word_1_58' title='bbox 763 341 853 372; x_wconf 82' lang='grc' dir='ltr'><strong><em>μητε</em></strong></span> <span class='ocrx_word' id='word_1_59' title='bbox 887 339 970 362; x_wconf 85' lang='grc' dir='ltr'><strong><em>τους</em></strong></span> <span class='ocrx_word' id='word_1_60' title='bbox 1004 331 1174 373; x_wconf 74' lang='grc' dir='ltr'><strong><em>νομίμους</em></strong></span> <span class='ocrx_word' id='word_1_61' title='bbox 1206 340 1337 375; x_wconf 83' lang='grc' dir='ltr'><strong><em>γαμους</em></strong></span> <span class='ocrx_word' id='word_1_62' title='bbox 1404 339 1519 374; x_wconf 89' lang='lat' dir='ltr'><strong>neque</strong></span> <span class='ocrx_word' id='word_1_63' title='bbox 1548 329 1722 373; x_wconf 81' lang='lat' dir='ltr'><strong>legitlmas</strong></span> <span class='ocrx_word' id='word_1_64' title='bbox 1754 329 1898 373; x_wconf 83' lang='lat' dir='ltr'><strong>nuptias</strong></span> <span class='ocrx_word' id='word_1_65' title='bbox 1930 329 2055 364; x_wconf 74' lang='lat' dir='ltr'><strong>maiori</strong></span> <span class='ocrx_word' id='word_1_66' title='bbox 2085 329 2181 364; x_wconf 81' lang='lat' dir='ltr'><strong>malo</strong></span> <span class='ocrx_word' id='word_1_67' title='bbox 2213 328 2478 365; x_wconf 72' lang='lat' dir='ltr'><strong>circumveniat.</strong></span> 
     </span>
    </p>
   </div>
   <div class='ocr_carea' id='block_1_7' title="bbox 256 374 741 419">
    <p class='ocr_par' dir='ltr' id='par_1_7' title="bbox 256 374 741 419">
     <span class='ocr_line' id='line_1_11' title="bbox 256 374 741 419; baseline -0.002 -12"><span class='ocrx_word' id='word_1_68' title='bbox 256 375 396 419; x_wconf 81' lang='grc' dir='ltr'><strong><em>μείζονι</em></strong></span> <span class='ocrx_word' id='word_1_69' title='bbox 420 374 519 417; x_wconf 78' lang='grc' dir='ltr'><strong><em>κακῷ</em></strong></span> <span class='ocrx_word' id='word_1_70' title='bbox 545 375 741 419; x_wconf 85' lang='grc' dir='ltr'><strong><em>σοφίζοιτο.</em></strong></span> 
     </span>
    </p>
   </div>
   <div class='ocr_carea' id='block_1_8' title="bbox 256 415 2482 561">
    <p class='ocr_par' dir='ltr' id='par_1_8' title="bbox 256 415 2482 561">
     <span class='ocr_line' id='line_1_12' title="bbox 301 415 1336 464; baseline 0.001 -12"><span class='ocrx_word' id='word_1_71' title='bbox 301 417 418 463; x_wconf 82' lang='grc' dir='ltr'><strong>(Ἐπί</strong></span> <span class='ocrx_word' id='word_1_72' title='bbox 424 417 469 452; x_wconf 86' lang='grc' dir='ltr'><strong><em>λο</em></strong></span> <span class='ocrx_word' id='word_1_73' title='bbox 475 418 578 464; x_wconf 87' lang='grc' dir='ltr'><strong><em>γος.&gt;</em></strong></span> <span class='ocrx_word' id='word_1_74' title='bbox 622 417 670 451; x_wconf 84' lang='grc' dir='ltr'><strong>Τὰ</strong></span> <span class='ocrx_word' id='word_1_75' title='bbox 684 421 808 451; x_wconf 80' lang='grc' dir='ltr'><strong><em>τοίνυν</em></strong></span> <span class='ocrx_word' id='word_1_76' title='bbox 828 416 1071 463; x_wconf 79' lang='grc' dir='ltr'><strong><em>παραστάντα</em></strong></span> <span class='ocrx_word' id='word_1_77' title='bbox 1091 415 1176 462; x_wconf 85' lang='grc' dir='ltr'><strong><em>ἡμῖν</em></strong></span> <span class='ocrx_word' id='word_1_78' title='bbox 1195 420 1257 452; x_wconf 79' lang='grc' dir='ltr'><strong>καὶ</strong></span> <span class='ocrx_word' id='word_1_79' title='bbox 1276 417 1336 453; x_wconf 79' lang='grc' dir='ltr'><strong><em>διὰ</em></strong></span> 
     </span>
     <span class='ocr_line' id='line_1_13' title="bbox 256 459 1335 510; baseline 0 -12"><span class='ocrx_word' id='word_1_80' title='bbox 256 463 363 498; x_wconf 76' lang='grc' dir='ltr'><strong><em>τοῦδε</em></strong></span> <span class='ocrx_word' id='word_1_81' title='bbox 387 465 450 497; x_wconf 83' lang='grc' dir='ltr'><strong><em>τοῦ</em></strong></span> <span class='ocrx_word' id='word_1_82' title='bbox 467 464 571 497; x_wconf 82' lang='grc' dir='ltr'><strong><em>θἐίου</em></strong></span> <span class='ocrx_word' id='word_1_83' title='bbox 592 460 790 506; x_wconf 80' lang='grc' dir='ltr'><strong><em>δηλούμενα</em></strong></span> <span class='ocrx_word' id='word_1_84' title='bbox 814 461 926 505; x_wconf 85' lang='grc' dir='ltr'><strong><em>νόμου</em></strong></span> <span class='ocrx_word' id='word_1_85' title='bbox 949 459 971 505; x_wconf 78' lang='grc' dir='ltr'><em>ἦ</em></span> <span class='ocrx_word' id='word_1_86' title='bbox 991 461 1037 506; x_wconf 87' lang='grc' dir='ltr'><strong>σὴ</strong></span> <span class='ocrx_word' id='word_1_87' title='bbox 1053 461 1208 509; x_wconf 77' lang='grc' dir='ltr'><strong><em>ὑπεροχὴ</em></strong></span> <span class='ocrx_word' id='word_1_88' title='bbox 1226 461 1335 510; x_wconf 76' lang='grc' dir='ltr'><strong><em>γινώ-</em></strong></span> 
     </span>
     <span class='ocr_line' id='line_1_14' title="bbox 258 504 2482 561; baseline 0 -18"><span class='ocrx_word' id='word_1_89' title='bbox 258 520 393 543; x_wconf 83' lang='grc' dir='ltr'><strong><em>σκουσα</em></strong></span> <span class='ocrx_word' id='word_1_90' title='bbox 416 506 507 542; x_wconf 80' lang='grc' dir='ltr'><strong><em>κατὰ</em></strong></span> <span class='ocrx_word' id='word_1_91' title='bbox 531 507 573 542; x_wconf 77' lang='grc' dir='ltr'><strong>τὸ</strong></span> <span class='ocrx_word' id='word_1_92' title='bbox 597 506 753 561; x_wconf 55' lang='grc' dir='ltr'><strong><em>σύνηθες</em></strong></span> <span class='ocrx_word' id='word_1_93' title='bbox 781 504 842 540; x_wconf 84' lang='grc' dir='ltr'><strong>διὰ</strong></span> <span class='ocrx_word' id='word_1_94' title='bbox 874 506 1170 553; x_wconf 82' lang='grc' dir='ltr'><strong><em>προγραμμάτων</em></strong></span> <span class='ocrx_word' id='word_1_95' title='bbox 1193 508 1336 543; x_wconf 76' lang='grc' dir='ltr'><strong><em>οἰκείων</em></strong></span> <span class='ocrx_word' id='word_1_96' title='bbox 1405 519 1622 553; x_wconf 79' lang='lat' dir='ltr'><strong>cognoscens</strong></span> <span class='ocrx_word' id='word_1_97' title='bbox 1663 508 1881 544; x_wconf 76' lang='lat' dir='ltr'><strong>sollemniter</strong></span> <span class='ocrx_word' id='word_1_98' title='bbox 1905 518 1989 561; x_wconf 35' lang='lat' dir='ltr'><strong>‘per</strong></span> <span class='ocrx_word' id='word_1_99' title='bbox 2028 509 2291 554; x_wconf 77' lang='lat' dir='ltr'><strong>programmata</strong></span> <span class='ocrx_word' id='word_1_100' title='bbox 2334 507 2482 553; x_wconf 70' lang='lat' dir='ltr'><strong>propria</strong></span> 
     </span>
    </p>
   </div>
   <div class='ocr_carea' id='block_1_9' title="bbox 258 552 807 601">
    <p class='ocr_par' dir='ltr' id='par_1_9' title="bbox 258 552 807 601">
     <span class='ocr_line' id='line_1_15' title="bbox 258 552 807 601; baseline 0 -14"><span class='ocrx_word' id='word_1_101' title='bbox 258 552 398 601; x_wconf 83' lang='grc' dir='ltr'><strong><em>φανερὰ</em></strong></span> <span class='ocrx_word' id='word_1_102' title='bbox 421 554 510 587; x_wconf 86' lang='grc' dir='ltr'><strong><em>πᾶσι</em></strong></span> <span class='ocrx_word' id='word_1_103' title='bbox 532 563 807 595; x_wconf 79' lang='grc' dir='ltr'><strong><em>καταστησατω.</em></strong></span> 
     </span>
    </p>
   </div>
   <div class='ocr_carea' id='block_1_10' title="bbox 259 594 1390 689">
    <p class='ocr_par' dir='ltr' id='par_1_10' title="bbox 259 594 1390 689">
     <span class='ocr_line' id='line_1_16' title="bbox 304 594 1390 653; baseline 0.002 -21"><span class='ocrx_word' id='word_1_104' title='bbox 304 598 424 641; x_wconf 81' lang='grc' dir='ltr'><strong><em>Νόμος</em></strong></span> <span class='ocrx_word' id='word_1_105' title='bbox 444 595 579 651; x_wconf 58' lang='grc' dir='ltr'><strong><em>ἐγράφη</em></strong></span> <span class='ocrx_word' id='word_1_106' title='bbox 599 595 747 645; x_wconf 83' lang='grc' dir='ltr'><strong><em>Ἰωάννῃ</em></strong></span> <span class='ocrx_word' id='word_1_107' title='bbox 771 597 825 640; x_wconf 79' lang='grc' dir='ltr'><strong>τῷ</strong></span> <span class='ocrx_word' id='word_1_108' title='bbox 843 594 1070 653; x_wconf 63' lang='grc' dir='ltr'><strong><em>ἐνδοξοτοξτιρ</em></strong></span> <span class='ocrx_word' id='word_1_109' title='bbox 1091 595 1236 652; x_wconf 50' lang='grc' dir='ltr'><strong><em>ἐπάρχῳ</em></strong></span> <span class='ocrx_word' id='word_1_110' title='bbox 1257 599 1336 633; x_wconf 75' lang='grc' dir='ltr'><strong><em>τῶν</em></strong></span> <span class='ocrx_word' id='word_1_111' title='bbox 1351 602 1390 634; x_wconf 83' lang='lat'><strong>10</strong></span> 
     </span>
     <span class='ocr_line' id='line_1_17' title="bbox 259 643 1336 689; baseline 0 -12"><span class='ocrx_word' id='word_1_112' title='bbox 259 643 368 689; x_wconf 79' lang='grc' dir='ltr'><strong><em>ἱερῶν</em></strong></span> <span class='ocrx_word' id='word_1_113' title='bbox 391 644 452 685; x_wconf 85' lang='grc' dir='ltr'><strong><em>τῆς</em></strong></span> <span class='ocrx_word' id='word_1_114' title='bbox 488 645 551 675; x_wconf 87' lang='grc' dir='ltr'><strong>Εω</strong></span> <span class='ocrx_word' id='word_1_115' title='bbox 575 645 813 688; x_wconf 89' lang='grc' dir='ltr'><strong><em>πραιτωρίων</em></strong></span> <span class='ocrx_word' id='word_1_116' title='bbox 843 654 886 676; x_wconf 88' lang='grc' dir='ltr'><strong><em>το</em></strong></span> <span class='ocrx_word' id='word_1_117' title='bbox 910 646 937 686; x_wconf 86' lang='grc' dir='ltr'>β</span> <span class='ocrx_word' id='word_1_118' title='bbox 955 668 964 684; x_wconf 87' lang='grc'>,</span> <span class='ocrx_word' id='word_1_119' title='bbox 996 654 1070 677; x_wconf 87' lang='grc' dir='ltr'><strong>απο</strong></span> <span class='ocrx_word' id='word_1_120' title='bbox 1093 655 1247 678; x_wconf 88' lang='grc' dir='ltr'><strong><em>υπατων</em></strong></span> <span class='ocrx_word' id='word_1_121' title='bbox 1275 645 1336 678; x_wconf 75' lang='grc' dir='ltr'><strong><em>καὶ</em></strong></span> 
     </span>
    </p>
   </div>
   <div class='ocr_carea' id='block_1_11' title="bbox 259 691 1185 776">
    <p class='ocr_par' dir='ltr' id='par_1_11' title="bbox 259 691 1185 776">
     <span class='ocr_line' id='line_1_18' title="bbox 259 691 1097 740; baseline 0 -18"><span class='ocrx_word' id='word_1_122' title='bbox 259 691 448 734; x_wconf 80' lang='grc' dir='ltr'><strong><em>πατρικίῳ.</em></strong></span> <span class='ocrx_word' id='word_1_123' title='bbox 619 731 627 739; x_wconf 52' lang='grc'><em>.</em></span> <span class='ocrx_word' id='word_1_124' title='bbox 903 731 905 733; x_wconf 20' lang='lat'><strong><em>¹</em></strong></span> <span class='ocrx_word' id='word_1_125' title='bbox 1016 731 1024 739; x_wconf 47' lang='lat'><strong>·</strong></span> <span class='ocrx_word' id='word_1_126' title='bbox 1089 733 1097 740; x_wconf 38' lang='grc' dir='ltr'>ι</span> 
     </span>
     <span class='ocr_line' id='line_1_19' title="bbox 303 730 1185 776; baseline 0.002 -9"><span class='ocrx_word' id='word_1_127' title='bbox 303 733 385 767; x_wconf 83' lang='lat' dir='ltr'><strong>Dat.</strong></span> <span class='ocrx_word' id='word_1_128' title='bbox 395 741 458 767; x_wconf 86' lang='lat' dir='ltr'><strong>xv.</strong></span> <span class='ocrx_word' id='word_1_129' title='bbox 471 730 640 766; x_wconf 78' lang='lat' dir='ltr'><strong>kal.Ma1.</strong></span> <span class='ocrx_word' id='word_1_130' title='bbox 656 731 725 767; x_wconf 82' lang='lat' dir='ltr'><strong>GP.</strong></span> <span class='ocrx_word' id='word_1_131' title='bbox 739 734 824 776; x_wconf 88' lang='lat' dir='ltr'><strong>post</strong></span> <span class='ocrx_word' id='word_1_132' title='bbox 836 741 933 767; x_wconf 83' lang='lat' dir='ltr'><strong>cons.</strong></span> <span class='ocrx_word' id='word_1_133' title='bbox 948 732 1099 768; x_wconf 82' lang='lat' dir='ltr'><strong>Behsan</strong></span> <span class='ocrx_word' id='word_1_134' title='bbox 1110 744 1143 769; x_wconf 79' lang='lat' dir='ltr'><strong>v.</strong></span> <span class='ocrx_word' id='word_1_135' title='bbox 1153 744 1185 769; x_wconf 84' lang='grc' dir='ltr'><strong><em>ο.</em></strong></span> 
     </span>
    </p>
   </div>
   <div class='ocr_carea' id='block_1_12' title="bbox 1299 735 1434 777">
    <p class='ocr_par' dir='ltr' id='par_1_12' title="bbox 1299 735 1434 777">
     <span class='ocr_line' id='line_1_20' title="bbox 1299 735 1434 777; baseline 0 -8"><span class='ocrx_word' id='word_1_136' title='bbox 1299 736 1346 777; x_wconf 82' lang='lat' dir='ltr'><strong>[a.</strong></span> <span class='ocrx_word' id='word_1_137' title='bbox 1356 735 1434 775; x_wconf 83' lang='lat'>536]</span> 
     </span>
    </p>
   </div>
   <div class='ocr_carea' id='block_1_13' title="bbox 1403 418 2482 508">
    <p class='ocr_par' dir='ltr' id='par_1_13' title="bbox 1403 418 2482 508">
     <span class='ocr_line' id='line_1_21' title="bbox 1447 418 2482 465; baseline 0 -11"><span class='ocrx_word' id='word_1_138' title='bbox 1447 418 1711 465; x_wconf 82' lang='lat' dir='ltr'><strong>(Epilogus.)</strong></span> <span class='ocrx_word' id='word_1_139' title='bbox 1757 418 1856 462; x_wconf 70' lang='lat' dir='ltr'><strong>Quae</strong></span> <span class='ocrx_word' id='word_1_140' title='bbox 1875 418 1984 463; x_wconf 86' lang='lat' dir='ltr'><strong>igitur</strong></span> <span class='ocrx_word' id='word_1_141' title='bbox 2003 419 2217 463; x_wconf 81' lang='lat' dir='ltr'><strong>placuerunt</strong></span> <span class='ocrx_word' id='word_1_142' title='bbox 2240 418 2343 454; x_wconf 87' lang='lat' dir='ltr'><strong>nobis</strong></span> <span class='ocrx_word' id='word_1_143' title='bbox 2363 421 2400 454; x_wconf 86' lang='lat' dir='ltr'><strong>et</strong></span> <span class='ocrx_word' id='word_1_144' title='bbox 2416 428 2482 464; x_wconf 89' lang='lat' dir='ltr'><strong>per</strong></span> 
     </span>
     <span class='ocr_line' id='line_1_22' title="bbox 1403 462 2482 508; baseline 0 -9"><span class='ocrx_word' id='word_1_145' title='bbox 1403 464 1498 499; x_wconf 75' lang='lat' dir='ltr'><strong>hanc</strong></span> <span class='ocrx_word' id='word_1_146' title='bbox 1534 473 1672 499; x_wconf 80' lang='lat' dir='ltr'><strong>sacram</strong></span> <span class='ocrx_word' id='word_1_147' title='bbox 1709 463 1891 499; x_wconf 80' lang='lat' dir='ltr'><strong>declarata</strong></span> <span class='ocrx_word' id='word_1_148' title='bbox 1926 465 2011 499; x_wconf 85' lang='lat' dir='ltr'><strong>sunt</strong></span> <span class='ocrx_word' id='word_1_149' title='bbox 2044 464 2175 508; x_wconf 82' lang='lat' dir='ltr'><strong>legem,</strong></span> <span class='ocrx_word' id='word_1_150' title='bbox 2212 466 2277 498; x_wconf 78' lang='lat' dir='ltr'><strong>tua</strong></span> <span class='ocrx_word' id='word_1_151' title='bbox 2307 462 2482 499; x_wconf 80' lang='lat' dir='ltr'><strong>celsitudo</strong></span> 
     </span>
    </p>
   </div>
   <div class='ocr_carea' id='block_1_14' title="bbox 1405 552 1943 589">
    <p class='ocr_par' dir='ltr' id='par_1_14' title="bbox 1405 552 1943 589">
     <span class='ocr_line' id='line_1_23' title="bbox 1405 552 1943 589; baseline 0.002 -1"><span class='ocrx_word' id='word_1_152' title='bbox 1405 554 1598 589; x_wconf 78' lang='lat' dir='ltr'><strong>manifesta</strong></span> <span class='ocrx_word' id='word_1_153' title='bbox 1626 552 1738 589; x_wconf 79' lang='lat' dir='ltr'><strong>faciat</strong></span> <span class='ocrx_word' id='word_1_154' title='bbox 1760 554 1943 589; x_wconf 75' lang='lat' dir='ltr'><strong>universus.</strong></span> 
     </span>
    </p>
   </div>
   <div class='ocr_carea' id='block_1_15' title="bbox 1527 731 2343 776">
    <p class='ocr_par' dir='ltr' id='par_1_15' title="bbox 1527 731 2343 776">
     <span class='ocr_line' id='line_1_24' title="bbox 1527 731 2343 776; baseline -0.002 -8"><span class='ocrx_word' id='word_1_155' title='bbox 1527 733 1609 768; x_wconf 83' lang='lat' dir='ltr'><strong>Dat.</strong></span> <span class='ocrx_word' id='word_1_156' title='bbox 1624 742 1692 769; x_wconf 84' lang='lat' dir='ltr'><strong>xn.</strong></span> <span class='ocrx_word' id='word_1_157' title='bbox 1710 732 1783 768; x_wconf 74' lang='lat' dir='ltr'><strong>kal.</strong></span> <span class='ocrx_word' id='word_1_158' title='bbox 1797 732 1884 767; x_wconf 74' lang='lat' dir='ltr'><strong>Maii</strong></span> <span class='ocrx_word' id='word_1_159' title='bbox 1904 731 1972 767; x_wconf 85' lang='lat' dir='ltr'><strong>GP.</strong></span> <span class='ocrx_word' id='word_1_160' title='bbox 1991 742 2028 776; x_wconf 87' lang='lat' dir='ltr'><strong>p.</strong></span> <span class='ocrx_word' id='word_1_161' title='bbox 2043 741 2074 768; x_wconf 87' lang='lat' dir='ltr'><strong>c.</strong></span> <span class='ocrx_word' id='word_1_162' title='bbox 2087 731 2252 767; x_wconf 78' lang='lat' dir='ltr'><strong>Belisarii</strong></span> <span class='ocrx_word' id='word_1_163' title='bbox 2269 742 2302 768; x_wconf 82' lang='lat' dir='ltr'><strong>v.</strong></span> <span class='ocrx_word' id='word_1_164' title='bbox 2313 741 2343 767; x_wconf 85' lang='lat' dir='ltr'><strong>o.</strong></span> 
     </span>
    </p>
   </div>
   <div class='ocr_carea' id='block_1_16' title="bbox 1901 932 2482 971">
    <p class='ocr_par' dir='ltr' id='par_1_16' title="bbox 1901 932 2482 971">
     <span class='ocr_line' id='line_1_25' title="bbox 1901 932 2482 971; baseline 0 -2"><span class='ocrx_word' id='word_1_165' title='bbox 1901 932 1979 969; x_wconf 80' lang='lat' dir='ltr'><strong>XL.</strong></span> <span class='ocrx_word' id='word_1_166' title='bbox 2254 933 2365 971; x_wconf 79' lang='lat' dir='ltr'><strong>Auth.</strong></span> <span class='ocrx_word' id='word_1_167' title='bbox 2379 933 2482 969; x_wconf 87' lang='lat' dir='ltr'>XLII</span> 
     </span>
    </p>
   </div>
   <div class='ocr_carea' id='block_1_17' title="bbox 255 935 2446 1056">
    <p class='ocr_par' dir='ltr' id='par_1_17' title="bbox 255 935 2446 1056">
     <span class='ocr_line' id='line_1_26' title="bbox 255 935 2446 1056; baseline 0 -4"><span class='ocrx_word' id='word_1_168' title='bbox 255 1000 434 1053; x_wconf 82' lang='grc' dir='ltr'>ΠΕΡΙ</span> <span class='ocrx_word' id='word_1_169' title='bbox 477 1000 622 1054; x_wconf 80' lang='lat' dir='ltr'><strong>ToY</strong></span> <span class='ocrx_word' id='word_1_170' title='bbox 663 935 823 1053; x_wconf 52' lang='lat' dir='ltr'><strong>mss}</strong></span> <span class='ocrx_word' id='word_1_171' title='bbox 864 1001 1187 1055; x_wconf 75' lang='grc' dir='ltr'><strong>ΕΚΚΛΗΣ</strong></span> <span class='ocrx_word' id='word_1_172' title='bbox 1196 968 1336 1056; x_wconf 77' lang='lat' dir='ltr'><strong>IAN</strong></span> <span class='ocrx_word' id='word_1_173' title='bbox 1349 1017 1389 1049; x_wconf 85' lang='lat'><strong>15</strong></span> <span class='ocrx_word' id='word_1_174' title='bbox 1431 1006 1484 1055; x_wconf 72' lang='lat' dir='ltr'><strong>R</strong></span> <span class='ocrx_word' id='word_1_175' title='bbox 1508 1005 1605 1055; x_wconf 84' lang='lat' dir='ltr'><strong>UT</strong></span> <span class='ocrx_word' id='word_1_176' title='bbox 1634 1002 1965 1055; x_wconf 75' lang='lat' dir='ltr'><strong>EooLESIA</strong></span> <span class='ocrx_word' id='word_1_177' title='bbox 1997 1001 2311 1053; x_wconf 82' lang='lat' dir='ltr'>SANGTAE</span> <span class='ocrx_word' id='word_1_178' title='bbox 2340 1004 2446 1053; x_wconf 83' lang='lat' dir='ltr'><strong>RE-</strong></span> 
     </span>
    </p>
   </div>
   <div class='ocr_carea' id='block_1_18' title="bbox 294 1067 1296 1123">
    <p class='ocr_par' dir='ltr' id='par_1_18' title="bbox 294 1067 1296 1123">
     <span class='ocr_line' id='line_1_27' title="bbox 294 1067 1296 1123; baseline 0.003 -3"><span class='ocrx_word' id='word_1_179' title='bbox 294 1067 440 1120; x_wconf 81' lang='grc' dir='ltr'><strong>ΤΗΣ</strong></span> <span class='ocrx_word' id='word_1_180' title='bbox 498 1068 724 1121; x_wconf 84' lang='grc' dir='ltr'><strong>ΑΓΙΑΣ</strong></span> <span class='ocrx_word' id='word_1_181' title='bbox 780 1068 1296 1123; x_wconf 76' lang='grc' dir='ltr'><strong>ΑΝΑΣΤΑΣΕῼΣ</strong></span> 
     </span>
    </p>
   </div>
   <div class='ocr_carea' id='block_1_19' title="bbox 1439 1069 2445 1123">
    <p class='ocr_par' dir='ltr' id='par_1_19' title="bbox 1439 1069 2445 1123">
     <span class='ocr_line' id='line_1_28' title="bbox 1439 1069 2445 1123; baseline -0.004 0"><span class='ocrx_word' id='word_1_182' title='bbox 1439 1069 1938 1123; x_wconf 82' lang='lat' dir='ltr'>SURREGTIONIS</span> <span class='ocrx_word' id='word_1_183' title='bbox 1987 1069 2224 1121; x_wconf 65' lang='lat' dir='ltr'><strong>Possm*</strong></span> <span class='ocrx_word' id='word_1_184' title='bbox 2268 1070 2445 1121; x_wconf 87' lang='lat' dir='ltr'><strong>ALIE-</strong></span> 
     </span>
    </p>
   </div>
   <div class='ocr_carea' id='block_1_20' title="bbox 256 1135 2448 1191">
    <p class='ocr_par' dir='ltr' id='par_1_20' title="bbox 256 1135 2448 1191">
     <span class='ocr_line' id='line_1_29' title="bbox 256 1135 2448 1191; baseline 0 -5"><span class='ocrx_word' id='word_1_185' title='bbox 256 1135 632 1189; x_wconf 85' lang='lat' dir='ltr'>EKHOIEIN</span> <span class='ocrx_word' id='word_1_186' title='bbox 674 1136 1084 1191; x_wconf 82' lang='lat' dir='ltr'><strong>OIKHMATA</strong></span> <span class='ocrx_word' id='word_1_187' title='bbox 1126 1137 1335 1190; x_wconf 86' lang='grc' dir='ltr'><strong>ΚΑΤΑ</strong></span> <span class='ocrx_word' id='word_1_188' title='bbox 1437 1141 1621 1189; x_wconf 87' lang='lat' dir='ltr'>NARE</span> <span class='ocrx_word' id='word_1_189' title='bbox 1675 1136 2122 1188; x_wconf 86' lang='lat' dir='ltr'><strong>HABITAOULA</strong></span> <span class='ocrx_word' id='word_1_190' title='bbox 2173 1138 2252 1188; x_wconf 87' lang='lat' dir='ltr'><strong>IN</strong></span> <span class='ocrx_word' id='word_1_191' title='bbox 2309 1137 2448 1189; x_wconf 88' lang='lat' dir='ltr'><strong>SUA</strong></span> 
     </span>
    </p>
   </div>
   <div class='ocr_carea' id='block_1_21' title="bbox 254 1200 1333 1257">
    <p class='ocr_par' dir='ltr' id='par_1_21' title="bbox 254 1200 1333 1257">
     <span class='ocr_line' id='line_1_30' title="bbox 254 1200 1333 1257; baseline 0.005 -5"><span class='ocrx_word' id='word_1_192' title='bbox 254 1200 414 1253; x_wconf 89' lang='lat' dir='ltr'><strong>THN</strong></span> <span class='ocrx_word' id='word_1_193' title='bbox 434 1202 689 1255; x_wconf 86' lang='lat' dir='ltr'><em>AYTHN</em></span> <span class='ocrx_word' id='word_1_194' title='bbox 711 1203 1059 1256; x_wconf 87' lang='lat' dir='ltr'><strong>KEIMENA</strong></span> <span class='ocrx_word' id='word_1_195' title='bbox 1079 1204 1333 1257; x_wconf 81' lang='lat' dir='ltr'><strong>HOAIN.</strong></span> 
     </span>
    </p>
   </div>
   <div class='ocr_carea' id='block_1_22' title="bbox 253 1275 1334 1336">
    <p class='ocr_par' dir='ltr' id='par_1_22' title="bbox 253 1275 1334 1336">
     <span class='ocr_line' id='line_1_31' title="bbox 253 1275 1334 1336; baseline 0.005 -24"><span class='ocrx_word' id='word_1_196' title='bbox 253 1275 290 1312; x_wconf 89' lang='grc' dir='ltr'><strong><em>Ὁ</em></strong></span> <span class='ocrx_word' id='word_1_197' title='bbox 311 1275 417 1314; x_wconf 79' lang='grc' dir='ltr'><strong><em>αὐτὸς</em></strong></span> <span class='ocrx_word' id='word_1_198' title='bbox 434 1280 600 1336; x_wconf 67' lang='grc' dir='ltr'><strong><em>βασιλεὺς</em></strong></span> <span class='ocrx_word' id='word_1_199' title='bbox 617 1284 747 1327; x_wconf 77' lang='grc' dir='ltr'><strong><em>Πέτρῳ</em></strong></span> <span class='ocrx_word' id='word_1_200' title='bbox 772 1282 827 1336; x_wconf 71' lang='grc' dir='ltr'><strong>τῷ</strong></span> <span class='ocrx_word' id='word_1_201' title='bbox 851 1279 1044 1335; x_wconf 60' lang='grc' dir='ltr'><strong><em>ὁσιωτάτῳ</em></strong></span> <span class='ocrx_word' id='word_1_202' title='bbox 1069 1285 1129 1316; x_wconf 82' lang='grc' dir='ltr'><strong>καὶ</strong></span> <span class='ocrx_word' id='word_1_203' title='bbox 1152 1296 1334 1329; x_wconf 86' lang='grc' dir='ltr'><strong><em>μακαριω-</em></strong></span> 
     </span>
    </p>
   </div>
   <div class='ocr_carea' id='block_1_23' title="bbox 454 1326 1137 1373">
    <p class='ocr_par' dir='ltr' id='par_1_23' title="bbox 454 1326 1137 1373">
     <span class='ocr_line' id='line_1_32' title="bbox 454 1326 1137 1373; baseline 0.003 -14"><span class='ocrx_word' id='word_1_204' title='bbox 454 1339 554 1370; x_wconf 80' lang='grc' dir='ltr'><strong><em>τατῳ</em></strong></span> <span class='ocrx_word' id='word_1_205' title='bbox 579 1338 849 1373; x_wconf 77' lang='grc' dir='ltr'><strong><em>αρχιεπισκοπῳ</em></strong></span> <span class='ocrx_word' id='word_1_206' title='bbox 880 1326 1137 1372; x_wconf 80' lang='grc' dir='ltr'><strong><em>Ιεροσολύμων.</em></strong></span> 
     </span>
    </p>
   </div>
   <div class='ocr_carea' id='block_1_24' title="bbox 253 1391 1335 1495">
    <p class='ocr_par' dir='ltr' id='par_1_24' title="bbox 253 1391 1335 1495">
     <span class='ocr_line' id='line_1_33' title="bbox 306 1391 1335 1441; baseline 0.003 -14"><span class='ocrx_word' id='word_1_207' title='bbox 306 1395 602 1440; x_wconf 76' lang='grc' dir='ltr'><strong><em>(Προοίμιον.)</em></strong></span> <span class='ocrx_word' id='word_1_208' title='bbox 643 1391 733 1437; x_wconf 73' lang='grc' dir='ltr'><strong>Ἠὃη</strong></span> <span class='ocrx_word' id='word_1_209' title='bbox 763 1396 831 1438; x_wconf 77' lang='grc' dir='ltr'><strong><em>μὲν</em></strong></span> <span class='ocrx_word' id='word_1_210' title='bbox 861 1393 908 1427; x_wconf 80' lang='grc' dir='ltr'><strong>τὰ</strong></span> <span class='ocrx_word' id='word_1_211' title='bbox 940 1397 1022 1441; x_wconf 79' lang='grc' dir='ltr'><strong><em>περὶ</em></strong></span> <span class='ocrx_word' id='word_1_212' title='bbox 1057 1395 1119 1439; x_wconf 79' lang='grc' dir='ltr'><strong><em>τῆς</em></strong></span> <span class='ocrx_word' id='word_1_213' title='bbox 1148 1392 1335 1430; x_wconf 74' lang='grc' dir='ltr'><strong><em>κωλύσεως</em></strong></span> 
     </span>
     <span class='ocr_line' id='line_1_34' title="bbox 253 1437 1334 1495; baseline 0.001 -22"><span class='ocrx_word' id='word_1_214' title='bbox 253 1440 331 1473; x_wconf 85' lang='grc' dir='ltr'><strong><em>τῶν</em></strong></span> <span class='ocrx_word' id='word_1_215' title='bbox 355 1437 663 1481; x_wconf 78' lang='grc' dir='ltr'><strong><em>ἐκκλησιαστικῶν</em></strong></span> <span class='ocrx_word' id='word_1_216' title='bbox 695 1437 918 1482; x_wconf 77' lang='grc' dir='ltr'><strong><em>ἐκποιήσεων</em></strong></span> <span class='ocrx_word' id='word_1_217' title='bbox 948 1439 1050 1483; x_wconf 81' lang='grc' dir='ltr'><strong><em>νόμῳ</em></strong></span> <span class='ocrx_word' id='word_1_218' title='bbox 1081 1441 1194 1495; x_wconf 64' lang='grc' dir='ltr'><strong><em>κοινῷ</em></strong></span> <span class='ocrx_word' id='word_1_219' title='bbox 1218 1438 1334 1487; x_wconf 81' lang='grc' dir='ltr'><strong><em>διηγό-</em></strong></span> 
     </span>
    </p>
   </div>
   <div class='ocr_carea' id='block_1_25' title="bbox 254 1482 1331 1531">
    <p class='ocr_par' dir='ltr' id='par_1_25' title="bbox 254 1482 1331 1531">
     <span class='ocr_line' id='line_1_35' title="bbox 254 1482 1331 1531; baseline 0.002 -14"><span class='ocrx_word' id='word_1_220' title='bbox 254 1496 376 1525; x_wconf 84' lang='grc' dir='ltr'><strong><em>ρευται</em></strong></span> <span class='ocrx_word' id='word_1_221' title='bbox 399 1482 491 1527; x_wconf 80' lang='grc' dir='ltr'><strong><em>παρ’</em></strong></span> <span class='ocrx_word' id='word_1_222' title='bbox 515 1482 629 1528; x_wconf 81' lang='grc' dir='ltr'><strong><em>ἡμῶν,</em></strong></span> <span class='ocrx_word' id='word_1_223' title='bbox 654 1482 697 1518; x_wconf 75' lang='grc' dir='ltr'><strong><em>ὃν</em></strong></span> <span class='ocrx_word' id='word_1_224' title='bbox 721 1483 764 1528; x_wconf 78' lang='grc' dir='ltr'><strong>δὴ</strong></span> <span class='ocrx_word' id='word_1_225' title='bbox 789 1486 849 1517; x_wconf 80' lang='grc' dir='ltr'><strong>καὶ</strong></span> <span class='ocrx_word' id='word_1_226' title='bbox 873 1488 1016 1531; x_wconf 84' lang='grc' dir='ltr'><strong><em>κρατεῖν</em></strong></span> <span class='ocrx_word' id='word_1_227' title='bbox 1041 1488 1101 1518; x_wconf 82' lang='grc' dir='ltr'><strong>καὶ</strong></span> <span class='ocrx_word' id='word_1_228' title='bbox 1123 1498 1246 1531; x_wconf 84' lang='grc' dir='ltr'><strong><em>κυριον</em></strong></span> <span class='ocrx_word' id='word_1_229' title='bbox 1270 1483 1331 1531; x_wconf 74' lang='grc' dir='ltr'><strong>ἐφ’</strong></span> 
     </span>
    </p>
   </div>
   <div class='ocr_carea' id='block_1_26' title="bbox 1595 1204 2288 1256">
    <p class='ocr_par' dir='ltr' id='par_1_26' title="bbox 1595 1204 2288 1256">
     <span class='ocr_line' id='line_1_36' title="bbox 1595 1204 2288 1256; baseline -0.003 0"><span class='ocrx_word' id='word_1_230' title='bbox 1595 1205 1843 1256; x_wconf 86' lang='lat' dir='ltr'>POSITA</span> <span class='ocrx_word' id='word_1_231' title='bbox 1878 1204 2203 1254; x_wconf 85' lang='lat' dir='ltr'><strong>GIVITATE</strong></span> <span class='ocrx_word' id='word_1_232' title='bbox 2233 1205 2288 1255; x_wconf 74' lang='lat' dir='ltr'>R</span> 
     </span>
    </p>
   </div>
   <div class='ocr_carea' id='block_1_27' title="bbox 1437 1282 2445 1373">
    <p class='ocr_par' dir='ltr' id='par_1_27' title="bbox 1437 1282 2445 1373">
     <span class='ocr_line' id='line_1_37' title="bbox 1437 1282 2445 1328; baseline -0.001 -9"><span class='ocrx_word' id='word_1_233' title='bbox 1437 1284 1525 1328; x_wconf 91' lang='lat' dir='ltr'><strong>Imp.</strong></span> <span class='ocrx_word' id='word_1_234' title='bbox 1553 1283 1772 1319; x_wconf 80' lang='lat' dir='ltr'><strong>Iustinianus</strong></span> <span class='ocrx_word' id='word_1_235' title='bbox 1796 1283 1888 1326; x_wconf 87' lang='lat' dir='ltr'><strong>Aug.</strong></span> <span class='ocrx_word' id='word_1_236' title='bbox 1912 1282 2021 1317; x_wconf 85' lang='lat' dir='ltr'><strong>Petro</strong></span> <span class='ocrx_word' id='word_1_237' title='bbox 2045 1282 2269 1318; x_wconf 77' lang='lat' dir='ltr'><strong>sanctissimo</strong></span> <span class='ocrx_word' id='word_1_238' title='bbox 2301 1286 2338 1318; x_wconf 87' lang='lat' dir='ltr'><strong>et</strong></span> <span class='ocrx_word' id='word_1_239' title='bbox 2359 1282 2445 1318; x_wconf 78' lang='lat' dir='ltr'><strong>bea.-</strong></span> 
     </span>
     <span class='ocr_line' id='line_1_38' title="bbox 1548 1327 2338 1373; baseline -0.001 -10"><span class='ocrx_word' id='word_1_240' title='bbox 1548 1328 1685 1363; x_wconf 88' lang='lat' dir='ltr'><strong>tissimo</strong></span> <span class='ocrx_word' id='word_1_241' title='bbox 1710 1327 1980 1373; x_wconf 83' lang='lat' dir='ltr'><strong>archiepiscopo</strong></span> <span class='ocrx_word' id='word_1_242' title='bbox 2004 1327 2338 1373; x_wconf 76' lang='lat' dir='ltr'><strong>Hierosolymorum.</strong></span> 
     </span>
    </p>
   </div>
   <div class='ocr_carea' id='block_1_28' title="bbox 1403 1393 2480 1529">
    <p class='ocr_par' dir='ltr' id='par_1_28' title="bbox 1403 1393 2480 1529">
     <span class='ocr_line' id='line_1_39' title="bbox 1446 1393 2479 1441; baseline 0 -11"><span class='ocrx_word' id='word_1_243' title='bbox 1446 1395 1731 1441; x_wconf 76' lang='lat' dir='ltr'><strong>(Praefatio.)</strong></span> <span class='ocrx_word' id='word_1_244' title='bbox 1777 1395 1852 1430; x_wconf 79' lang='lat' dir='ltr'><strong>Iam</strong></span> <span class='ocrx_word' id='word_1_245' title='bbox 1872 1394 2013 1440; x_wconf 90' lang='lat' dir='ltr'><strong>quidem</strong></span> <span class='ocrx_word' id='word_1_246' title='bbox 2037 1393 2081 1428; x_wconf 90' lang='lat' dir='ltr'><strong>de</strong></span> <span class='ocrx_word' id='word_1_247' title='bbox 2104 1393 2344 1438; x_wconf 81' lang='lat' dir='ltr'><strong>prohibitione</strong></span> <span class='ocrx_word' id='word_1_248' title='bbox 2366 1396 2479 1430; x_wconf 86' lang='lat' dir='ltr'><strong>eccle·</strong></span> 
     </span>
     <span class='ocr_line' id='line_1_40' title="bbox 1403 1439 2480 1483; baseline 0.001 -8"><span class='ocrx_word' id='word_1_249' title='bbox 1403 1440 1630 1476; x_wconf 79' lang='lat' dir='ltr'><strong>siasticarum</strong></span> <span class='ocrx_word' id='word_1_250' title='bbox 1654 1440 1909 1475; x_wconf 78' lang='lat' dir='ltr'><strong>alienationum</strong></span> <span class='ocrx_word' id='word_1_251' title='bbox 1940 1440 2017 1483; x_wconf 88' lang='lat' dir='ltr'><strong>lege</strong></span> <span class='ocrx_word' id='word_1_252' title='bbox 2049 1439 2227 1475; x_wconf 85' lang='lat' dir='ltr'><strong>communi</strong></span> <span class='ocrx_word' id='word_1_253' title='bbox 2259 1440 2480 1476; x_wconf 77' lang='lat' dir='ltr'><strong>declaratum</strong></span> 
     </span>
     <span class='ocr_line' id='line_1_41' title="bbox 1403 1484 2480 1529; baseline 0 -9"><span class='ocrx_word' id='word_1_254' title='bbox 1403 1488 1457 1520; x_wconf 87' lang='lat' dir='ltr'><strong>est</strong></span> <span class='ocrx_word' id='word_1_255' title='bbox 1477 1495 1499 1520; x_wconf 85' lang='lat' dir='ltr'><strong>a</strong></span> <span class='ocrx_word' id='word_1_256' title='bbox 1516 1485 1632 1528; x_wconf 88' lang='lat' dir='ltr'><strong>nobis,</strong></span> <span class='ocrx_word' id='word_1_257' title='bbox 1658 1496 1764 1529; x_wconf 85' lang='lat' dir='ltr'><strong>quam</strong></span> <span class='ocrx_word' id='word_1_258' title='bbox 1789 1485 1896 1520; x_wconf 80' lang='lat' dir='ltr'><strong>etiam</strong></span> <span class='ocrx_word' id='word_1_259' title='bbox 1919 1484 2037 1520; x_wconf 77' lang='lat' dir='ltr'><strong>valere</strong></span> <span class='ocrx_word' id='word_1_260' title='bbox 2060 1486 2097 1519; x_wconf 88' lang='lat' dir='ltr'><strong>et</strong></span> <span class='ocrx_word' id='word_1_261' title='bbox 2119 1486 2234 1519; x_wconf 83' lang='lat' dir='ltr'><strong>ratam</strong></span> <span class='ocrx_word' id='word_1_262' title='bbox 2257 1485 2295 1520; x_wconf 88' lang='lat' dir='ltr'><strong>in</strong></span> <span class='ocrx_word' id='word_1_263' title='bbox 2315 1484 2480 1521; x_wconf 87' lang='lat' dir='ltr'><strong>omnibus</strong></span> 
     </span>
    </p>
   </div>
   <div class='ocr_carea' id='block_1_29' title="bbox 252 1527 2480 1630">
    <p class='ocr_par' dir='ltr' id='par_1_29' title="bbox 252 1527 2480 1630">
     <span class='ocr_line' id='line_1_42' title="bbox 252 1527 2480 1586; baseline 0.001 -23"><span class='ocrx_word' id='word_1_264' title='bbox 252 1527 391 1581; x_wconf 70' lang='grc' dir='ltr'><strong><em>ᾅπασιν</em></strong></span> <span class='ocrx_word' id='word_1_265' title='bbox 415 1528 509 1562; x_wconf 83' lang='grc' dir='ltr'><strong><em>εἶναι</em></strong></span> <span class='ocrx_word' id='word_1_266' title='bbox 532 1527 752 1574; x_wconf 70' lang='grc' dir='ltr'><strong><em>βουλόμεθα.</em></strong></span> <span class='ocrx_word' id='word_1_267' title='bbox 800 1527 926 1571; x_wconf 75' lang='grc' dir='ltr'><strong><em>ἐπειδὴ</em></strong></span> <span class='ocrx_word' id='word_1_268' title='bbox 949 1527 989 1563; x_wconf 77' lang='grc' dir='ltr'><strong>δὲ</strong></span> <span class='ocrx_word' id='word_1_269' title='bbox 1009 1531 1073 1563; x_wconf 75' lang='grc' dir='ltr'><strong><em>τοῦ</em></strong></span> <span class='ocrx_word' id='word_1_270' title='bbox 1092 1532 1334 1586; x_wconf 83' lang='grc' dir='ltr'><strong><em>συμφέροντος</em></strong></span> <span class='ocrx_word' id='word_1_271' title='bbox 1403 1540 1481 1566; x_wconf 80' lang='lat' dir='ltr'><strong>esse</strong></span> <span class='ocrx_word' id='word_1_272' title='bbox 1514 1530 1686 1566; x_wconf 84' lang='lat' dir='ltr'><strong>volumus.</strong></span> <span class='ocrx_word' id='word_1_273' title='bbox 1734 1530 1826 1574; x_wconf 76' lang='lat' dir='ltr'><strong>Quia</strong></span> <span class='ocrx_word' id='word_1_274' title='bbox 1859 1540 1942 1565; x_wconf 85' lang='lat' dir='ltr'><strong>vero</strong></span> <span class='ocrx_word' id='word_1_275' title='bbox 1978 1528 2126 1564; x_wconf 74' lang='lat' dir='ltr'><strong>utilitati</strong></span> <span class='ocrx_word' id='word_1_276' title='bbox 2163 1527 2274 1565; x_wconf 70' lang='lat' dir='ltr'><strong>totius</strong></span> <span class='ocrx_word' id='word_1_277' title='bbox 2309 1530 2480 1565; x_wconf 69' lang='lat' dir='ltr'><strong>ecclesiae</strong></span> 
     </span>
     <span class='ocr_line' id='line_1_43' title="bbox 254 1572 2480 1630; baseline 0.001 -23"><span class='ocrx_word' id='word_1_278' title='bbox 254 1573 411 1608; x_wconf 86' lang='grc' dir='ltr'><strong><em>απάσαις</em></strong></span> <span class='ocrx_word' id='word_1_279' title='bbox 432 1572 631 1628; x_wconf 69' lang='grc' dir='ltr'><strong><em>ἐκκλησίαις</em></strong></span> <span class='ocrx_word' id='word_1_280' title='bbox 649 1576 820 1621; x_wconf 78' lang='grc' dir='ltr'><strong><em>προνοεῖν</em></strong></span> <span class='ocrx_word' id='word_1_281' title='bbox 835 1573 1010 1628; x_wconf 67' lang='grc' dir='ltr'><strong><em>προςήκει,</em></strong></span> <span class='ocrx_word' id='word_1_282' title='bbox 1032 1573 1276 1630; x_wconf 56' lang='grc' dir='ltr'><strong><em>διαφερρπως</em></strong></span> <span class='ocrx_word' id='word_1_283' title='bbox 1295 1573 1335 1609; x_wconf 76' lang='grc' dir='ltr'><strong>δὲ</strong></span> <span class='ocrx_word' id='word_1_284' title='bbox 1347 1579 1388 1611; x_wconf 89' lang='grc'>25</span> <span class='ocrx_word' id='word_1_285' title='bbox 1401 1575 1608 1620; x_wconf 83' lang='lat' dir='ltr'><strong>prospicere</strong></span> <span class='ocrx_word' id='word_1_286' title='bbox 1640 1576 1819 1620; x_wconf 88' lang='lat' dir='ltr'><strong>competit,</strong></span> <span class='ocrx_word' id='word_1_287' title='bbox 1851 1574 2047 1620; x_wconf 75' lang='lat' dir='ltr'><strong>praecipue</strong></span> <span class='ocrx_word' id='word_1_288' title='bbox 2078 1576 2197 1609; x_wconf 81' lang='lat' dir='ltr'><strong>autem</strong></span> <span class='ocrx_word' id='word_1_289' title='bbox 2232 1578 2379 1610; x_wconf 73' lang='lat' dir='ltr'><strong>sanctae</strong></span> <span class='ocrx_word' id='word_1_290' title='bbox 2410 1574 2480 1610; x_wconf 81' lang='lat' dir='ltr'><strong>Re-</strong></span> 
     </span>
    </p>
   </div>
   <div class='ocr_carea' id='block_1_30' title="bbox 253 1616 1332 1665">
    <p class='ocr_par' dir='ltr' id='par_1_30' title="bbox 253 1616 1332 1665">
     <span class='ocr_line' id='line_1_44' title="bbox 253 1616 1332 1665; baseline 0.002 -13"><span class='ocrx_word' id='word_1_291' title='bbox 253 1620 314 1660; x_wconf 80' lang='grc' dir='ltr'><strong><em>τῆς</em></strong></span> <span class='ocrx_word' id='word_1_292' title='bbox 337 1616 441 1665; x_wconf 84' lang='grc' dir='ltr'><strong><em>ἁγίας</em></strong></span> <span class='ocrx_word' id='word_1_293' title='bbox 459 1619 711 1653; x_wconf 81' lang='grc' dir='ltr'><strong><em>Λναστάσεως</em></strong></span> <span class='ocrx_word' id='word_1_294' title='bbox 734 1622 794 1653; x_wconf 85' lang='grc' dir='ltr'><strong>καὶ</strong></span> <span class='ocrx_word' id='word_1_295' title='bbox 817 1632 882 1653; x_wconf 86' lang='grc' dir='ltr'><strong>του</strong></span> <span class='ocrx_word' id='word_1_296' title='bbox 902 1632 1017 1654; x_wconf 88' lang='grc' dir='ltr'><strong><em>τοπου</em></strong></span> <span class='ocrx_word' id='word_1_297' title='bbox 1041 1617 1133 1653; x_wconf 73' lang='grc' dir='ltr'><strong><em>καθ’</em></strong></span> <span class='ocrx_word' id='word_1_298' title='bbox 1158 1633 1201 1654; x_wconf 88' lang='grc' dir='ltr'><strong>ον</strong></span> <span class='ocrx_word' id='word_1_299' title='bbox 1224 1633 1244 1653; x_wconf 90' lang='grc' dir='ltr'><strong><em>ο</em></strong></span> <span class='ocrx_word' id='word_1_300' title='bbox 1269 1622 1332 1654; x_wconf 83' lang='grc' dir='ltr'><strong><em>τοῦ</em></strong></span> 
     </span>
    </p>
   </div>
   <div class='ocr_carea' id='block_1_31' title="bbox 253 1661 1334 1718">
    <p class='ocr_par' dir='ltr' id='par_1_31' title="bbox 253 1661 1334 1718">
     <span class='ocr_line' id='line_1_45' title="bbox 253 1661 1334 1718; baseline 0.002 -21"><span class='ocrx_word' id='word_1_301' title='bbox 253 1662 385 1707; x_wconf 88' lang='grc' dir='ltr'><strong><em>κόσμου</em></strong></span> <span class='ocrx_word' id='word_1_302' title='bbox 415 1661 809 1717; x_wconf 34' lang='grc' dir='ltr'><strong><em>δημιουργὸςηήξίωσεν</em></strong></span> <span class='ocrx_word' id='word_1_303' title='bbox 839 1665 880 1697; x_wconf 70' lang='grc' dir='ltr'><strong><em>ἐν</em></strong></span> <span class='ocrx_word' id='word_1_304' title='bbox 903 1661 1126 1718; x_wconf 55' lang='grc' dir='ltr'><strong><em>ἀνθρωπίνῃ</em></strong></span> <span class='ocrx_word' id='word_1_305' title='bbox 1158 1666 1334 1708; x_wconf 85' lang='grc' dir='ltr'><strong><em>καταστῆ-</em></strong></span> 
     </span>
    </p>
   </div>
   <div class='ocr_carea' id='block_1_32' title="bbox 252 1706 1332 1800">
    <p class='ocr_par' dir='ltr' id='par_1_32' title="bbox 252 1706 1332 1800">
     <span class='ocr_line' id='line_1_46' title="bbox 252 1706 1332 1756; baseline 0.002 -15"><span class='ocrx_word' id='word_1_306' title='bbox 252 1722 314 1742; x_wconf 82' lang='grc' dir='ltr'><strong>ναι</strong></span> <span class='ocrx_word' id='word_1_307' title='bbox 333 1711 481 1755; x_wconf 79' lang='grc' dir='ltr'><strong><em>γενέσει,</em></strong></span> <span class='ocrx_word' id='word_1_308' title='bbox 507 1706 568 1742; x_wconf 80' lang='grc' dir='ltr'><strong>δια</strong></span> <span class='ocrx_word' id='word_1_309' title='bbox 585 1707 892 1752; x_wconf 64' lang='grc' dir='ltr'><strong><em>τουτοῲήθημεν</em></strong></span> <span class='ocrx_word' id='word_1_310' title='bbox 916 1721 982 1742; x_wconf 89' lang='grc' dir='ltr'><strong>τον</strong></span> <span class='ocrx_word' id='word_1_311' title='bbox 1003 1721 1171 1754; x_wconf 86' lang='grc' dir='ltr'><strong><em>παροντα</em></strong></span> <span class='ocrx_word' id='word_1_312' title='bbox 1192 1708 1332 1756; x_wconf 78' lang='grc' dir='ltr'><strong><em>γράψαι</em></strong></span> 
     </span>
     <span class='ocr_line' id='line_1_47' title="bbox 252 1750 1331 1800; baseline 0.001 -13"><span class='ocrx_word' id='word_1_313' title='bbox 252 1753 366 1798; x_wconf 87' lang='grc' dir='ltr'><strong><em>νόμον</em></strong></span> <span class='ocrx_word' id='word_1_314' title='bbox 389 1750 452 1786; x_wconf 77' lang='grc' dir='ltr'><strong>οὐκ</strong></span> <span class='ocrx_word' id='word_1_315' title='bbox 475 1750 539 1787; x_wconf 69' lang='grc' dir='ltr'><strong>ἐπ’</strong></span> <span class='ocrx_word' id='word_1_316' title='bbox 566 1752 660 1788; x_wconf 81' lang='grc' dir='ltr'><strong><em>ἇνατ</em></strong></span> <span class='ocrx_word' id='word_1_317' title='bbox 684 1754 756 1800; x_wconf 80' lang='grc' dir='ltr'><strong><em>οπῇ</em></strong></span> <span class='ocrx_word' id='word_1_318' title='bbox 788 1754 865 1787; x_wconf 85' lang='grc' dir='ltr'><strong><em>τῶν</em></strong></span> <span class='ocrx_word' id='word_1_319' title='bbox 897 1751 964 1796; x_wconf 82' lang='grc' dir='ltr'><strong>ἤδη</strong></span> <span class='ocrx_word' id='word_1_320' title='bbox 989 1753 1080 1800; x_wconf 81' lang='grc' dir='ltr'><strong><em>παρ’</em></strong></span> <span class='ocrx_word' id='word_1_321' title='bbox 1106 1750 1210 1797; x_wconf 78' lang='grc' dir='ltr'><strong><em>ἡμῶν</em></strong></span> <span class='ocrx_word' id='word_1_322' title='bbox 1234 1768 1331 1788; x_wconf 83' lang='grc' dir='ltr'><strong><em>νενο-</em></strong></span> 
     </span>
    </p>
   </div>
   <div class='ocr_carea' id='block_1_33' title="bbox 1402 1618 2480 1799">
    <p class='ocr_par' dir='ltr' id='par_1_33' title="bbox 1402 1618 2480 1799">
     <span class='ocr_line' id='line_1_48' title="bbox 1403 1618 2480 1664; baseline 0 -9"><span class='ocrx_word' id='word_1_323' title='bbox 1403 1619 1635 1655; x_wconf 86' lang='lat' dir='ltr'><strong>surrectionis</strong></span> <span class='ocrx_word' id='word_1_324' title='bbox 1668 1624 1706 1655; x_wconf 89' lang='lat' dir='ltr'><strong>et</strong></span> <span class='ocrx_word' id='word_1_325' title='bbox 1735 1620 1805 1656; x_wconf 82' lang='lat' dir='ltr'><strong>loci</strong></span> <span class='ocrx_word' id='word_1_326' title='bbox 1835 1620 1873 1655; x_wconf 90' lang='lat' dir='ltr'><strong>in</strong></span> <span class='ocrx_word' id='word_1_327' title='bbox 1898 1630 1967 1664; x_wconf 90' lang='lat' dir='ltr'><strong>quo</strong></span> <span class='ocrx_word' id='word_1_328' title='bbox 1998 1618 2120 1653; x_wconf 85' lang='lat' dir='ltr'><strong>mundi</strong></span> <span class='ocrx_word' id='word_1_329' title='bbox 2152 1623 2293 1655; x_wconf 83' lang='lat' dir='ltr'><strong>creator</strong></span> <span class='ocrx_word' id='word_1_330' title='bbox 2315 1619 2480 1664; x_wconf 74' lang='lat' dir='ltr'><strong>dignatus</strong></span> 
     </span>
     <span class='ocr_line' id='line_1_49' title="bbox 1403 1664 2479 1710; baseline 0.001 -11"><span class='ocrx_word' id='word_1_331' title='bbox 1403 1668 1458 1700; x_wconf 87' lang='lat' dir='ltr'><strong>est</strong></span> <span class='ocrx_word' id='word_1_332' title='bbox 1481 1665 1519 1699; x_wconf 90' lang='lat' dir='ltr'><strong>in</strong></span> <span class='ocrx_word' id='word_1_333' title='bbox 1543 1665 1700 1707; x_wconf 81' lang='lat' dir='ltr'><strong>humana</strong></span> <span class='ocrx_word' id='word_1_334' title='bbox 1724 1665 1896 1701; x_wconf 87' lang='lat' dir='ltr'><strong>constitui</strong></span> <span class='ocrx_word' id='word_1_335' title='bbox 1915 1664 2155 1708; x_wconf 82' lang='lat' dir='ltr'><strong>generatione,</strong></span> <span class='ocrx_word' id='word_1_336' title='bbox 2187 1668 2379 1710; x_wconf 79' lang='lat' dir='ltr'><strong>propterea</strong></span> <span class='ocrx_word' id='word_1_337' title='bbox 2403 1674 2479 1701; x_wconf 86' lang='lat' dir='ltr'><strong>cre-</strong></span> 
     </span>
     <span class='ocr_line' id='line_1_50' title="bbox 1403 1709 2478 1755; baseline 0 -10"><span class='ocrx_word' id='word_1_338' title='bbox 1403 1709 1555 1745; x_wconf 87' lang='lat' dir='ltr'><strong>didimus</strong></span> <span class='ocrx_word' id='word_1_339' title='bbox 1579 1714 1802 1754; x_wconf 86' lang='lat' dir='ltr'><strong>praesentem</strong></span> <span class='ocrx_word' id='word_1_340' title='bbox 1835 1710 1992 1745; x_wconf 84' lang='lat' dir='ltr'><strong>soribere</strong></span> <span class='ocrx_word' id='word_1_341' title='bbox 2015 1710 2146 1752; x_wconf 87' lang='lat' dir='ltr'><strong>legem,</strong></span> <span class='ocrx_word' id='word_1_342' title='bbox 2178 1720 2251 1745; x_wconf 90' lang='lat' dir='ltr'><strong>non</strong></span> <span class='ocrx_word' id='word_1_343' title='bbox 2274 1720 2340 1755; x_wconf 90' lang='lat' dir='ltr'><strong>pro</strong></span> <span class='ocrx_word' id='word_1_344' title='bbox 2363 1714 2478 1745; x_wconf 76' lang='lat' dir='ltr'><strong>muta-</strong></span> 
     </span>
     <span class='ocr_line' id='line_1_51' title="bbox 1402 1753 2479 1799; baseline 0.001 -10"><span class='ocrx_word' id='word_1_345' title='bbox 1402 1755 1500 1790; x_wconf 92' lang='lat' dir='ltr'><strong>tione</strong></span> <span class='ocrx_word' id='word_1_346' title='bbox 1524 1755 1651 1789; x_wconf 89' lang='lat' dir='ltr'><strong>horum</strong></span> <span class='ocrx_word' id='word_1_347' title='bbox 1677 1765 1767 1799; x_wconf 77' lang='lat' dir='ltr'><strong>quae</strong></span> <span class='ocrx_word' id='word_1_348' title='bbox 1791 1755 1861 1790; x_wconf 84' lang='lat' dir='ltr'><strong>iam</strong></span> <span class='ocrx_word' id='word_1_349' title='bbox 1885 1765 1908 1789; x_wconf 82' lang='lat' dir='ltr'><strong>a</strong></span> <span class='ocrx_word' id='word_1_350' title='bbox 1930 1754 2035 1789; x_wconf 87' lang='lat' dir='ltr'><strong>nobis</strong></span> <span class='ocrx_word' id='word_1_351' title='bbox 2060 1753 2199 1790; x_wconf 75' lang='lat' dir='ltr'><strong>sancite.</strong></span> <span class='ocrx_word' id='word_1_352' title='bbox 2222 1758 2318 1797; x_wconf 89' lang='lat' dir='ltr'><strong>sunt,</strong></span> <span class='ocrx_word' id='word_1_353' title='bbox 2348 1754 2411 1791; x_wconf 86' lang='lat' dir='ltr'><strong>sed</strong></span> <span class='ocrx_word' id='word_1_354' title='bbox 2434 1754 2479 1790; x_wconf 80' lang='lat' dir='ltr'><strong>ad</strong></span> 
     </span>
    </p>
   </div>
   <div class='ocr_carea' id='block_1_34' title="bbox 254 1795 2476 1853">
    <p class='ocr_par' dir='ltr' id='par_1_34' title="bbox 254 1795 2476 1853">
     <span class='ocr_line' id='line_1_52' title="bbox 254 1795 2476 1853; baseline 0.002 -22"><span class='ocrx_word' id='word_1_355' title='bbox 254 1799 530 1844; x_wconf 67' lang='grc' dir='ltr'><strong><em>μοθε-ςημένων,</em></strong></span> <span class='ocrx_word' id='word_1_356' title='bbox 555 1795 637 1832; x_wconf 80' lang='grc' dir='ltr'><strong><em>ἀλλ’</em></strong></span> <span class='ocrx_word' id='word_1_357' title='bbox 679 1802 723 1832; x_wconf 82' lang='grc' dir='ltr'><strong>πί</strong></span> <span class='ocrx_word' id='word_1_358' title='bbox 745 1811 819 1832; x_wconf 87' lang='grc' dir='ltr'><strong><em>τινι</em></strong></span> <span class='ocrx_word' id='word_1_359' title='bbox 840 1797 1124 1852; x_wconf 42' lang='grc' dir='ltr'><strong><em>προςηκούσῃιτε</em></strong></span> <span class='ocrx_word' id='word_1_360' title='bbox 1145 1802 1205 1832; x_wconf 87' lang='grc' dir='ltr'><strong>καὶ</strong></span> <span class='ocrx_word' id='word_1_361' title='bbox 1225 1797 1332 1853; x_wconf 59' lang='lat' dir='ltr'><strong>‹ic-vay-</strong></span> <span class='ocrx_word' id='word_1_362' title='bbox 1346 1803 1388 1835; x_wconf 90' lang='grc'><strong>30</strong></span> <span class='ocrx_word' id='word_1_363' title='bbox 1403 1799 1581 1843; x_wconf 76' lang='lat' dir='ltr'><strong>quandam</strong></span> <span class='ocrx_word' id='word_1_364' title='bbox 1615 1803 1872 1845; x_wconf 80' lang='lat' dir='ltr'><strong>competentem</strong></span> <span class='ocrx_word' id='word_1_365' title='bbox 1908 1802 1944 1835; x_wconf 88' lang='lat' dir='ltr'><strong>et</strong></span> <span class='ocrx_word' id='word_1_366' title='bbox 1974 1799 2212 1834; x_wconf 74' lang='lat' dir='ltr'><strong>necessariam</strong></span> <span class='ocrx_word' id='word_1_367' title='bbox 2240 1800 2349 1835; x_wconf 81' lang='lat' dir='ltr'><strong>rebus</strong></span> <span class='ocrx_word' id='word_1_368' title='bbox 2381 1799 2476 1836; x_wconf 78' lang='lat' dir='ltr'><strong>utili-</strong></span> 
     </span>
    </p>
   </div>
   <div class='ocr_carea' id='block_1_35' title="bbox 253 1840 1332 1898">
    <p class='ocr_par' dir='ltr' id='par_1_35' title="bbox 253 1840 1332 1898">
     <span class='ocr_line' id='line_1_53' title="bbox 253 1840 1332 1898; baseline 0 -22"><span class='ocrx_word' id='word_1_369' title='bbox 253 1847 338 1886; x_wconf 77' lang='grc' dir='ltr'><strong><em>καίᾳ</em></strong></span> <span class='ocrx_word' id='word_1_370' title='bbox 369 1846 441 1877; x_wconf 81' lang='grc' dir='ltr'><strong><em>τοῖς</em></strong></span> <span class='ocrx_word' id='word_1_371' title='bbox 464 1841 673 1898; x_wconf 74' lang='grc' dir='ltr'><strong><em>πράγμασιν</em></strong></span> <span class='ocrx_word' id='word_1_372' title='bbox 703 1840 870 1897; x_wconf 58' lang='grc' dir='ltr'><strong><em>οξφελείᾳ.</em></strong></span> <span class='ocrx_word' id='word_1_373' title='bbox 917 1854 1018 1898; x_wconf 48' lang='grc' dir='ltr'><strong><em>πασι,</em></strong></span> <span class='ocrx_word' id='word_1_374' title='bbox 1034 1857 1104 1889; x_wconf 88' lang='grc' dir='ltr'><strong><em>γαρ</em></strong></span> <span class='ocrx_word' id='word_1_375' title='bbox 1138 1845 1239 1877; x_wconf 77' lang='grc' dir='ltr'><strong><em>ἐστιν</em></strong></span> <span class='ocrx_word' id='word_1_376' title='bbox 1270 1857 1332 1877; x_wconf 86' lang='grc' dir='ltr'><strong><em>οιν-</em></strong></span> 
     </span>
    </p>
   </div>
   <div class='ocr_carea' id='block_1_36' title="bbox 1400 1843 2480 1880">
    <p class='ocr_par' dir='ltr' id='par_1_36' title="bbox 1400 1843 2480 1880">
     <span class='ocr_line' id='line_1_54' title="bbox 1400 1843 2480 1880; baseline 0.001 -1"><span class='ocrx_word' id='word_1_377' title='bbox 1400 1847 1522 1879; x_wconf 82' lang='lat' dir='ltr'><strong>tatem.</strong></span> <span class='ocrx_word' id='word_1_378' title='bbox 1589 1844 1763 1880; x_wconf 91' lang='lat' dir='ltr'><strong>Omnibus</strong></span> <span class='ocrx_word' id='word_1_379' title='bbox 1786 1846 1894 1880; x_wconf 82' lang='lat' dir='ltr'><strong>&#39;enim</strong></span> <span class='ocrx_word' id='word_1_380' title='bbox 1929 1847 1983 1878; x_wconf 87' lang='lat' dir='ltr'><strong>est</strong></span> <span class='ocrx_word' id='word_1_381' title='bbox 2017 1843 2219 1879; x_wconf 88' lang='lat' dir='ltr'><strong>hominibus</strong></span> <span class='ocrx_word' id='word_1_382' title='bbox 2253 1843 2480 1880; x_wconf 73' lang='lat' dir='ltr'><strong>manifestum</strong></span> 
     </span>
    </p>
   </div>
   <div class='ocr_carea' id='block_1_37' title="bbox 255 1886 2479 1941">
    <p class='ocr_par' dir='ltr' id='par_1_37' title="bbox 255 1886 2479 1941">
     <span class='ocr_line' id='line_1_55' title="bbox 255 1886 2479 1941; baseline 0.001 -19"><span class='ocrx_word' id='word_1_383' title='bbox 255 1887 421 1933; x_wconf 70' lang='grc' dir='ltr'><strong><em>θρώποις</em></strong></span> <span class='ocrx_word' id='word_1_384' title='bbox 445 1900 604 1940; x_wconf 68' lang='grc' dir='ltr'><strong><em>φανερον</em></strong></span> <span class='ocrx_word' id='word_1_385' title='bbox 625 1901 669 1922; x_wconf 89' lang='grc' dir='ltr'><strong><em>το</em></strong></span> <span class='ocrx_word' id='word_1_386' title='bbox 691 1901 758 1931; x_wconf 89' lang='grc' dir='ltr'><strong><em>την</em></strong></span> <span class='ocrx_word' id='word_1_387' title='bbox 782 1886 990 1933; x_wconf 85' lang='grc' dir='ltr'><strong><em>αγιωτάτην</em></strong></span> <span class='ocrx_word' id='word_1_388' title='bbox 1008 1887 1238 1941; x_wconf 49' lang='grc' dir='ltr'><strong><em>Ανάστασινῖ,</em></strong></span> <span class='ocrx_word' id='word_1_389' title='bbox 1251 1887 1333 1923; x_wconf 76' lang='grc' dir='ltr'><strong><em>τοὺς</em></strong></span> <span class='ocrx_word' id='word_1_390' title='bbox 1401 1889 1664 1924; x_wconf 71' lang='lat' dir='ltr'><strong>sanctissimam</strong></span> <span class='ocrx_word' id='word_1_391' title='bbox 1679 1890 1990 1925; x_wconf 83' lang='lat' dir='ltr'><strong>Resurrectionem</strong></span> <span class='ocrx_word' id='word_1_392' title='bbox 2015 1898 2058 1923; x_wconf 85' lang='lat' dir='ltr'><strong>ex</strong></span> <span class='ocrx_word' id='word_1_393' title='bbox 2079 1888 2176 1924; x_wconf 92' lang='lat' dir='ltr'><strong>omni</strong></span> <span class='ocrx_word' id='word_1_394' title='bbox 2197 1889 2285 1924; x_wconf 82' lang='lat' dir='ltr'><strong>orbe</strong></span> <span class='ocrx_word' id='word_1_395' title='bbox 2303 1893 2479 1925; x_wconf 73' lang='lat' dir='ltr'><strong>terrarum</strong></span> 
     </span>
    </p>
   </div>
   <div class='ocr_carea' id='block_1_38' title="bbox 254 1931 1331 1980">
    <p class='ocr_par' dir='ltr' id='par_1_38' title="bbox 254 1931 1331 1980">
     <span class='ocr_line' id='line_1_56' title="bbox 254 1931 1331 1980; baseline 0.003 -15"><span class='ocrx_word' id='word_1_396' title='bbox 254 1935 291 1966; x_wconf 77' lang='grc' dir='ltr'><strong><em>ἐκ</em></strong></span> <span class='ocrx_word' id='word_1_397' title='bbox 324 1931 440 1975; x_wconf 85' lang='grc' dir='ltr'><strong><em>πάσης</em></strong></span> <span class='ocrx_word' id='word_1_398' title='bbox 470 1944 531 1975; x_wconf 86' lang='grc' dir='ltr'><strong><em>της</em></strong></span> <span class='ocrx_word' id='word_1_399' title='bbox 561 1933 766 1977; x_wconf 76' lang='grc' dir='ltr'><strong><em>οἰκουμένης</em></strong></span> <span class='ocrx_word' id='word_1_400' title='bbox 797 1935 910 1966; x_wconf 77' lang='grc' dir='ltr'><strong><em>ἐκεῖσε</em></strong></span> <span class='ocrx_word' id='word_1_401' title='bbox 941 1936 1170 1980; x_wconf 82' lang='grc' dir='ltr'><strong><em>συρρέοντας,</em></strong></span> <span class='ocrx_word' id='word_1_402' title='bbox 1207 1946 1261 1967; x_wconf 90' lang='grc' dir='ltr'><strong><em>ων</em></strong></span> <span class='ocrx_word' id='word_1_403' title='bbox 1289 1933 1331 1968; x_wconf 87' lang='grc' dir='ltr'><strong>τὸ</strong></span> 
     </span>
    </p>
   </div>
   <div class='ocr_carea' id='block_1_39' title="bbox 298 2012 2478 2056">
    <p class='ocr_par' dir='ltr' id='par_1_39' title="bbox 298 2012 2478 2056">
     <span class='ocr_line' id='line_1_57' title="bbox 298 2012 2478 2056; baseline 0.001 -11"><span class='ocrx_word' id='word_1_404' title='bbox 298 2013 383 2046; x_wconf 89' lang='grc' dir='ltr'><strong><em>Νου.</em></strong></span> <span class='ocrx_word' id='word_1_405' title='bbox 396 2012 467 2045; x_wconf 84' lang='lat' dir='ltr'><strong>XL</strong></span> <span class='ocrx_word' id='word_1_406' title='bbox 489 2012 546 2052; x_wconf 91' lang='lat'><strong>(=</strong></span> <span class='ocrx_word' id='word_1_407' title='bbox 557 2012 707 2046; x_wconf 82' lang='lat' dir='ltr'><strong>Authent.</strong></span> <span class='ocrx_word' id='word_1_408' title='bbox 722 2012 848 2054; x_wconf 82' lang='lat' dir='ltr'><strong><em>XLII)</em></strong></span> <span class='ocrx_word' id='word_1_409' title='bbox 875 2012 1000 2046; x_wconf 81' lang='lat' dir='ltr'><strong>Graece</strong></span> <span class='ocrx_word' id='word_1_410' title='bbox 1024 2019 1112 2045; x_wconf 71' lang='lat' dir='ltr'><strong>extat</strong></span> <span class='ocrx_word' id='word_1_411' title='bbox 1134 2014 1167 2046; x_wconf 81' lang='lat' dir='ltr'><strong>in</strong></span> <span class='ocrx_word' id='word_1_412' title='bbox 1191 2013 1242 2046; x_wconf 76' lang='lat' dir='ltr'><em>M</em></span> <span class='ocrx_word' id='word_1_413' title='bbox 1264 2032 1308 2038; x_wconf 90' lang='lat'><strong>—-</strong></span> <span class='ocrx_word' id='word_1_414' title='bbox 1331 2013 1422 2056; x_wconf 78' lang='lat' dir='ltr'><strong>Epit.</strong></span> <span class='ocrx_word' id='word_1_415' title='bbox 1437 2014 1559 2047; x_wconf 76' lang='lat' dir='ltr'><strong>Theod.</strong></span> <span class='ocrx_word' id='word_1_416' title='bbox 1573 2015 1628 2055; x_wconf 87' lang='grc'><strong>40,</strong></span> <span class='ocrx_word' id='word_1_417' title='bbox 1657 2014 1779 2047; x_wconf 72' lang='lat' dir='ltr'><strong>Alban.</strong></span> <span class='ocrx_word' id='word_1_418' title='bbox 1795 2014 1827 2055; x_wconf 86' lang='lat'><strong>2,</strong></span> <span class='ocrx_word' id='word_1_419' title='bbox 1841 2021 1856 2047; x_wconf 88' lang='grc'><strong>’1</strong></span> <span class='ocrx_word' id='word_1_420' title='bbox 1882 2013 1971 2054; x_wconf 82' lang='lat' dir='ltr'><strong>(inde</strong></span> <span class='ocrx_word' id='word_1_421' title='bbox 1999 2012 2080 2046; x_wconf 87' lang='lat' dir='ltr'><strong>C&#39;oll.</strong></span> <span class='ocrx_word' id='word_1_422' title='bbox 2105 2020 2202 2047; x_wconf 80' lang='lat' dir='ltr'><strong>const.</strong></span> <span class='ocrx_word' id='word_1_423' title='bbox 2227 2014 2302 2047; x_wconf 80' lang='lat' dir='ltr'><strong>eccl.</strong></span> <span class='ocrx_word' id='word_1_424' title='bbox 2321 2014 2388 2048; x_wconf 88' lang='lat' dir='ltr'><strong>III</strong></span> <span class='ocrx_word' id='word_1_425' title='bbox 2397 2022 2426 2056; x_wconf 82' lang='lat'><strong>2,</strong></span> <span class='ocrx_word' id='word_1_426' title='bbox 2437 2014 2478 2056; x_wconf 80' lang='lat'><strong>¹1).</strong></span> 
     </span>
    </p>
   </div>
   <div class='ocr_carea' id='block_1_40' title="bbox 252 2057 581 2092">
    <p class='ocr_par' dir='ltr' id='par_1_40' title="bbox 252 2057 581 2092">
     <span class='ocr_line' id='line_1_58' title="bbox 252 2057 581 2092; baseline -0.009 0"><span class='ocrx_word' id='word_1_427' title='bbox 252 2058 374 2092; x_wconf 83' lang='lat' dir='ltr'><strong>Iulian.</strong></span> <span class='ocrx_word' id='word_1_428' title='bbox 399 2064 497 2090; x_wconf 78' lang='lat' dir='ltr'><strong>const.</strong></span> <span class='ocrx_word' id='word_1_429' title='bbox 512 2057 581 2090; x_wconf 89' lang='lat' dir='ltr'><strong>XI.</strong></span> 
     </span>
    </p>
   </div>
   <div class='ocr_carea' id='block_1_41' title="bbox 242 2133 2479 2231">
    <p class='ocr_par' dir='ltr' id='par_1_41' title="bbox 242 2133 2479 2231">
     <span class='ocr_line' id='line_1_59' title="bbox 242 2133 2478 2181; baseline 0.001 -12"><span class='ocrx_word' id='word_1_430' title='bbox 242 2135 370 2181; x_wconf 62' lang='lat' dir='ltr'><strong>‚pluris</strong></span> <span class='ocrx_word' id='word_1_431' title='bbox 390 2134 460 2179; x_wconf 83' lang='lat' dir='ltr'><strong>fiat</strong></span> <span class='ocrx_word' id='word_1_432' title='bbox 483 2133 650 2169; x_wconf 85' lang='lat' dir='ltr'><strong>castitate</strong></span> <span class='ocrx_word' id='word_1_433' title='bbox 674 2134 844 2169; x_wconf 79' lang='lat' dir='ltr'><strong>luxuria:</strong></span> <span class='ocrx_word' id='word_1_434' title='bbox 879 2145 1000 2170; x_wconf 87' lang='lat' dir='ltr'><strong>verum</strong></span> <span class='ocrx_word' id='word_1_435' title='bbox 1023 2133 1149 2169; x_wconf 81' lang='lat' dir='ltr'><strong>iisdem</strong></span> <span class='ocrx_word' id='word_1_436' title='bbox 1173 2134 1316 2180; x_wconf 82' lang='lat' dir='ltr'><strong>quidem</strong></span> <span class='ocrx_word' id='word_1_437' title='bbox 1337 2134 1468 2181; x_wconf 87' lang='lat' dir='ltr'><strong>poenis</strong></span> <span class='ocrx_word' id='word_1_438' title='bbox 1490 2134 1555 2170; x_wconf 86' lang='lat' dir='ltr'><strong>illa</strong></span> <span class='ocrx_word' id='word_1_439' title='bbox 1578 2145 1723 2181; x_wconf 83' lang='lat' dir='ltr'><strong>quoque</strong></span> <span class='ocrx_word' id='word_1_440' title='bbox 1746 2134 1908 2170; x_wconf 78' lang='lat' dir='ltr'><strong>obnoxia</strong></span> <span class='ocrx_word' id='word_1_441' title='bbox 1927 2134 1987 2176; x_wconf 83' lang='lat' dir='ltr'><strong>sit,</strong></span> <span class='ocrx_word' id='word_1_442' title='bbox 2010 2138 2207 2181; x_wconf 84' lang='lat' dir='ltr'><strong>praeterea</strong></span> <span class='ocrx_word' id='word_1_443' title='bbox 2229 2139 2348 2171; x_wconf 88' lang='lat' dir='ltr'><strong>autem</strong></span> <span class='ocrx_word' id='word_1_444' title='bbox 2371 2146 2478 2172; x_wconf 79' lang='lat' dir='ltr'><strong>accu-</strong></span> 
     </span>
     <span class='ocr_line' id='line_1_60' title="bbox 251 2179 2479 2231; baseline 0.001 -16"><span class='ocrx_word' id='word_1_445' title='bbox 251 2179 404 2215; x_wconf 82' lang='lat' dir='ltr'><strong>sationis</strong></span> <span class='ocrx_word' id='word_1_446' title='bbox 431 2183 585 2230; x_wconf 76' lang='lat' dir='ltr'><strong>propter</strong></span> <span class='ocrx_word' id='word_1_447' title='bbox 614 2182 781 2231; x_wconf 80' lang='lat' dir='ltr'><strong>stuprum</strong></span> <span class='ocrx_word' id='word_1_448' title='bbox 812 2186 920 2230; x_wconf 42' lang='lat' dir='ltr'><strong>metu·</strong></span> <span class='ocrx_word' id='word_1_449' title='bbox 931 2179 1172 2225; x_wconf 75' lang='lat' dir='ltr'><strong>periclitetur,</strong></span> <span class='ocrx_word' id='word_1_450' title='bbox 1205 2184 1246 2214; x_wconf 87' lang='lat' dir='ltr'><strong>ut</strong></span> <span class='ocrx_word' id='word_1_451' title='bbox 1269 2191 1384 2225; x_wconf 86' lang='lat' dir='ltr'><strong>neque</strong></span> <span class='ocrx_word' id='word_1_452' title='bbox 1414 2180 1684 2225; x_wconf 84' lang='lat' dir='ltr'><strong>intempestivas</strong></span> <span class='ocrx_word' id='word_1_453' title='bbox 1712 2180 1860 2226; x_wconf 83' lang='lat' dir='ltr'><strong>nuptias</strong></span> <span class='ocrx_word' id='word_1_454' title='bbox 1889 2180 2125 2226; x_wconf 74' lang='lat' dir='ltr'><strong>concupiscat</strong></span> <span class='ocrx_word' id='word_1_455' title='bbox 2153 2190 2269 2226; x_wconf 85' lang='lat' dir='ltr'><strong>neque</strong></span> <span class='ocrx_word' id='word_1_456' title='bbox 2299 2181 2479 2227; x_wconf 74' lang='lat' dir='ltr'><strong>leqitimas</strong></span> 
     </span>
    </p>
   </div>
   <div class='ocr_carea' id='block_1_42' title="bbox 251 2223 967 2271">
    <p class='ocr_par' dir='ltr' id='par_1_42' title="bbox 251 2223 967 2271">
     <span class='ocr_line' id='line_1_61' title="bbox 251 2223 967 2271; baseline 0 -12"><span class='ocrx_word' id='word_1_457' title='bbox 251 2225 401 2271; x_wconf 78' lang='lat' dir='ltr'><strong>nuptias</strong></span> <span class='ocrx_word' id='word_1_458' title='bbox 423 2234 561 2259; x_wconf 81' lang='lat' dir='ltr'><strong>maiore</strong></span> <span class='ocrx_word' id='word_1_459' title='bbox 583 2223 679 2258; x_wconf 89' lang='lat' dir='ltr'><strong>malo</strong></span> <span class='ocrx_word' id='word_1_460' title='bbox 704 2228 967 2260; x_wconf 78' lang='lat' dir='ltr'><strong>circumveniat.</strong></span> 
     </span>
    </p>
   </div>
   <div class='ocr_carea' id='block_1_43' title="bbox 252 2267 2480 2406">
    <p class='ocr_par' dir='ltr' id='par_1_43' title="bbox 252 2267 2480 2406">
     <span class='ocr_line' id='line_1_62' title="bbox 388 2267 2480 2316; baseline 0.002 -13"><span class='ocrx_word' id='word_1_461' title='bbox 388 2267 625 2315; x_wconf 75' lang='lat' dir='ltr'><strong>Epiloqus.</strong></span> <span class='ocrx_word' id='word_1_462' title='bbox 674 2268 773 2311; x_wconf 80' lang='lat' dir='ltr'><strong>Quae</strong></span> <span class='ocrx_word' id='word_1_463' title='bbox 796 2269 911 2315; x_wconf 75' lang='lat' dir='ltr'><strong>iqitur</strong></span> <span class='ocrx_word' id='word_1_464' title='bbox 933 2268 1035 2304; x_wconf 86' lang='lat' dir='ltr'><strong>nobis</strong></span> <span class='ocrx_word' id='word_1_465' title='bbox 1051 2268 1275 2315; x_wconf 84' lang='lat' dir='ltr'><strong>placuerunt</strong></span> <span class='ocrx_word' id='word_1_466' title='bbox 1297 2272 1334 2305; x_wconf 86' lang='lat' dir='ltr'><strong>et</strong></span> <span class='ocrx_word' id='word_1_467' title='bbox 1348 2281 1422 2316; x_wconf 89' lang='lat' dir='ltr'><strong>per</strong></span> <span class='ocrx_word' id='word_1_468' title='bbox 1442 2269 1537 2305; x_wconf 77' lang='lat' dir='ltr'><strong>hanc</strong></span> <span class='ocrx_word' id='word_1_469' title='bbox 1559 2280 1702 2304; x_wconf 84' lang='lat' dir='ltr'><strong>sacram</strong></span> <span class='ocrx_word' id='word_1_470' title='bbox 1726 2269 1839 2315; x_wconf 77' lang='lat' dir='ltr'><strong>leqem</strong></span> <span class='ocrx_word' id='word_1_471' title='bbox 1867 2269 2055 2310; x_wconf 84' lang='lat' dir='ltr'><strong>declarata</strong></span> <span class='ocrx_word' id='word_1_472' title='bbox 2077 2273 2164 2305; x_wconf 87' lang='lat' dir='ltr'><strong>sunt</strong></span> <span class='ocrx_word' id='word_1_473' title='bbox 2194 2273 2257 2306; x_wconf 80' lang='lat' dir='ltr'><strong>tua</strong></span> <span class='ocrx_word' id='word_1_474' title='bbox 2279 2269 2480 2308; x_wconf 76' lang='lat' dir='ltr'><strong>sublimitas</strong></span> 
     </span>
     <span class='ocr_line' id='line_1_63' title="bbox 252 2314 2120 2366; baseline -0.002 -16"><span class='ocrx_word' id='word_1_475' title='bbox 252 2324 472 2360; x_wconf 74' lang='lat' dir='ltr'><strong>coqnoscens</strong></span> <span class='ocrx_word' id='word_1_476' title='bbox 495 2324 595 2364; x_wconf 78' lang='lat' dir='ltr'><strong>more</strong></span> <span class='ocrx_word' id='word_1_477' title='bbox 617 2314 726 2348; x_wconf 88' lang='lat' dir='ltr'><strong>solito</strong></span> <span class='ocrx_word' id='word_1_478' title='bbox 747 2325 816 2360; x_wconf 88' lang='lat' dir='ltr'><strong>per</strong></span> <span class='ocrx_word' id='word_1_479' title='bbox 831 2314 994 2365; x_wconf 84' lang='lat' dir='ltr'><strong>propria</strong></span> <span class='ocrx_word' id='word_1_480' title='bbox 1010 2318 1293 2365; x_wconf 62' lang='lat' dir='ltr'><strong>programmata</strong></span> <span class='ocrx_word' id='word_1_481' title='bbox 1316 2315 1512 2360; x_wconf 86' lang='lat' dir='ltr'><strong>manifesta</strong></span> <span class='ocrx_word' id='word_1_482' title='bbox 1536 2314 1699 2349; x_wconf 84' lang='lat' dir='ltr'><strong>omnibus</strong></span> <span class='ocrx_word' id='word_1_483' title='bbox 1719 2315 1850 2360; x_wconf 83' lang='lat' dir='ltr'><strong>faciat.</strong></span> <span class='ocrx_word' id='word_1_484' title='bbox 2045 2358 2053 2366; x_wconf 44' lang='lat'><strong>·</strong></span> <span class='ocrx_word' id='word_1_485' title='bbox 2113 2359 2120 2366; x_wconf 35' lang='lat'>⁵</span> 
     </span>
     <span class='ocr_line' id='line_1_64' title="bbox 394 2357 2479 2406; baseline 0.001 -12"><span class='ocrx_word' id='word_1_486' title='bbox 394 2358 475 2394; x_wconf 77' lang='lat' dir='ltr'><strong>Leae</strong></span> <span class='ocrx_word' id='word_1_487' title='bbox 503 2363 644 2404; x_wconf 73' lang='lat' dir='ltr'><strong>scripta</strong></span> <span class='ocrx_word' id='word_1_488' title='bbox 674 2363 730 2394; x_wconf 88' lang='lat' dir='ltr'><strong>est</strong></span> <span class='ocrx_word' id='word_1_489' title='bbox 752 2357 910 2394; x_wconf 76' lang='lat' dir='ltr'><strong>Iohanni</strong></span> <span class='ocrx_word' id='word_1_490' title='bbox 933 2359 1197 2405; x_wconf 67' lang='lat' dir='ltr'><strong>ylarioszsszmo</strong></span> <span class='ocrx_word' id='word_1_491' title='bbox 1221 2360 1421 2406; x_wconf 81' lang='lat' dir='ltr'><strong>praefecto</strong></span> <span class='ocrx_word' id='word_1_492' title='bbox 1449 2370 1555 2395; x_wconf 88' lang='lat' dir='ltr'><strong>sacro</strong></span> <span class='ocrx_word' id='word_1_493' title='bbox 1581 2371 1654 2406; x_wconf 84' lang='lat' dir='ltr'><strong>per</strong></span> <span class='ocrx_word' id='word_1_494' title='bbox 1680 2358 1858 2395; x_wconf 81' lang='lat' dir='ltr'><strong>Orientem</strong></span> <span class='ocrx_word' id='word_1_495' title='bbox 1885 2362 2076 2405; x_wconf 72' lang='lat' dir='ltr'><strong>praetorto</strong></span> <span class='ocrx_word' id='word_1_496' title='bbox 2105 2362 2255 2402; x_wconf 68' lang='lat' dir='ltr'><strong>uterum,</strong></span> <span class='ocrx_word' id='word_1_497' title='bbox 2286 2359 2479 2398; x_wconf 63' lang='lat' dir='ltr'><strong>exconsuli</strong></span> 
     </span>
    </p>
   </div>
   <div class='ocr_carea' id='block_1_44' title="bbox 251 2404 474 2451">
    <p class='ocr_par' dir='ltr' id='par_1_44' title="bbox 251 2404 474 2451">
     <span class='ocr_line' id='line_1_65' title="bbox 251 2404 474 2451; baseline -0.009 -11"><span class='ocrx_word' id='word_1_498' title='bbox 251 2416 287 2441; x_wconf 82' lang='lat' dir='ltr'><strong>et</strong></span> <span class='ocrx_word' id='word_1_499' title='bbox 302 2404 474 2451; x_wconf 83' lang='lat' dir='ltr'><strong>patricio.</strong></span> 
     </span>
    </p>
   </div>
   <div class='ocr_carea' id='block_1_45' title="bbox 257 2515 2485 2636">
    <p class='ocr_par' dir='ltr' id='par_1_45' title="bbox 257 2515 2485 2636">
     <span class='ocr_line' id='line_1_66' title="bbox 257 2515 2485 2636; baseline 0.001 -3"><span class='ocrx_word' id='word_1_500' title='bbox 257 2583 343 2633; x_wconf 87' lang='lat' dir='ltr'><strong>UT</strong></span> <span class='ocrx_word' id='word_1_501' title='bbox 380 2567 772 2632; x_wconf 67' lang='lat' dir='ltr'><em>EGCLESJAE</em></span> <span class='ocrx_word' id='word_1_502' title='bbox 811 2581 1127 2633; x_wconf 79' lang='lat' dir='ltr'><em>SANCTAE</em></span> <span class='ocrx_word' id='word_1_503' title='bbox 1165 2515 1777 2634; x_wconf 47' lang='lat' dir='ltr'><em>RESIJZRECTIONJS</em></span> <span class='ocrx_word' id='word_1_504' title='bbox 1816 2582 2190 2634; x_wconf 84' lang='lat' dir='ltr'><em>ALIENARE</em></span> <span class='ocrx_word' id='word_1_505' title='bbox 2226 2583 2485 2636; x_wconf 83' lang='lat' dir='ltr'><em>LICEAT</em></span> 
     </span>
    </p>
   </div>
   <div class='ocr_carea' id='block_1_46' title="bbox 684 2648 2045 2702">
    <p class='ocr_par' dir='ltr' id='par_1_46' title="bbox 684 2648 2045 2702">
     <span class='ocr_line' id='line_1_67' title="bbox 684 2648 2045 2702; baseline 0.001 -3"><span class='ocrx_word' id='word_1_506' title='bbox 684 2648 1061 2699; x_wconf 78' lang='lat' dir='ltr'><em>AEDIFJOJA</em></span> <span class='ocrx_word' id='word_1_507' title='bbox 1098 2649 1190 2699; x_wconf 88' lang='lat' dir='ltr'><strong>IN</strong></span> <span class='ocrx_word' id='word_1_508' title='bbox 1215 2649 1472 2701; x_wconf 83' lang='lat' dir='ltr'><em>EADEM</em></span> <span class='ocrx_word' id='word_1_509' title='bbox 1509 2650 1840 2701; x_wconf 75' lang='lat' dir='ltr'><em>CIVITATE</em></span> <span class='ocrx_word' id='word_1_510' title='bbox 1870 2650 2045 2702; x_wconf 78' lang='lat' dir='ltr'><em>SITA.</em></span> 
     </span>
    </p>
   </div>
   <div class='ocr_carea' id='block_1_47' title="bbox 568 2726 2151 2775">
    <p class='ocr_par' dir='ltr' id='par_1_47' title="bbox 568 2726 2151 2775">
     <span class='ocr_line' id='line_1_68' title="bbox 568 2726 2151 2775; baseline 0.003 -14"><span class='ocrx_word' id='word_1_511' title='bbox 568 2726 668 2762; x_wconf 88' lang='lat' dir='ltr'><strong>Idem</strong></span> <span class='ocrx_word' id='word_1_512' title='bbox 691 2727 782 2772; x_wconf 70' lang='lat' dir='ltr'><strong>Auq.</strong></span> <span class='ocrx_word' id='word_1_513' title='bbox 809 2726 920 2762; x_wconf 86' lang='lat' dir='ltr'><strong>Petro</strong></span> <span class='ocrx_word' id='word_1_514' title='bbox 944 2727 1171 2763; x_wconf 83' lang='lat' dir='ltr'><strong>sanctissimo</strong></span> <span class='ocrx_word' id='word_1_515' title='bbox 1201 2732 1237 2764; x_wconf 90' lang='lat' dir='ltr'><strong>et</strong></span> <span class='ocrx_word' id='word_1_516' title='bbox 1266 2727 1470 2763; x_wconf 83' lang='lat' dir='ltr'><strong>beatissimo</strong></span> <span class='ocrx_word' id='word_1_517' title='bbox 1503 2728 1778 2775; x_wconf 74' lang='lat' dir='ltr'><strong>archiepiscopo</strong></span> <span class='ocrx_word' id='word_1_518' title='bbox 1802 2728 2151 2775; x_wconf 76' lang='lat' dir='ltr'><strong>Hierosolymorum.</strong></span> 
     </span>
    </p>
   </div>
   <div class='ocr_carea' id='block_1_48' title="bbox 252 2793 2478 3064">
    <p class='ocr_par' dir='ltr' id='par_1_48' title="bbox 252 2793 2478 3064">
     <span class='ocr_line' id='line_1_69' title="bbox 391 2793 2476 2848; baseline 0.002 -20"><span class='ocrx_word' id='word_1_519' title='bbox 391 2793 652 2839; x_wconf 85' lang='lat' dir='ltr'><strong>Praefatio.</strong></span> <span class='ocrx_word' id='word_1_520' title='bbox 703 2794 756 2829; x_wconf 91' lang='lat' dir='ltr'><strong>De</strong></span> <span class='ocrx_word' id='word_1_521' title='bbox 772 2793 1018 2839; x_wconf 78' lang='lat' dir='ltr'><strong>prohibitione</strong></span> <span class='ocrx_word' id='word_1_522' title='bbox 1039 2794 1364 2830; x_wconf 82' lang='lat' dir='ltr'><strong>ecclesiasticarum</strong></span> <span class='ocrx_word' id='word_1_523' title='bbox 1385 2795 1644 2842; x_wconf 81' lang='lat' dir='ltr'><strong>alienationum</strong></span> <span class='ocrx_word' id='word_1_524' title='bbox 1665 2795 1737 2831; x_wconf 84' lang='lat' dir='ltr'><strong>iam</strong></span> <span class='ocrx_word' id='word_1_525' title='bbox 1757 2795 1920 2841; x_wconf 74' lang='lat' dir='ltr'><strong>qenerali</strong></span> <span class='ocrx_word' id='word_1_526' title='bbox 1940 2795 2083 2842; x_wconf 84' lang='lat' dir='ltr'><strong>quidem</strong></span> <span class='ocrx_word' id='word_1_527' title='bbox 2107 2796 2186 2848; x_wconf 71' lang='lat' dir='ltr'><strong>leqe</strong></span> <span class='ocrx_word' id='word_1_528' title='bbox 2205 2808 2228 2831; x_wconf 89' lang='lat' dir='ltr'><strong>a</strong></span> <span class='ocrx_word' id='word_1_529' title='bbox 2248 2795 2352 2832; x_wconf 83' lang='lat' dir='ltr'><strong>nobis</strong></span> <span class='ocrx_word' id='word_1_530' title='bbox 2363 2808 2476 2844; x_wconf 82' lang='lat' dir='ltr'><strong>prae-</strong></span> 
     </span>
     <span class='ocr_line' id='line_1_70' title="bbox 254 2838 2476 2886; baseline 0.001 -11"><span class='ocrx_word' id='word_1_531' title='bbox 254 2843 395 2886; x_wconf 80' lang='lat' dir='ltr'><strong>ceptum</strong></span> <span class='ocrx_word' id='word_1_532' title='bbox 419 2843 482 2880; x_wconf 83' lang='lat' dir='ltr'><strong>est,</strong></span> <span class='ocrx_word' id='word_1_533' title='bbox 518 2849 625 2884; x_wconf 82' lang='lat' dir='ltr'><strong>quam</strong></span> <span class='ocrx_word' id='word_1_534' title='bbox 649 2842 685 2873; x_wconf 93' lang='lat' dir='ltr'><strong>et</strong></span> <span class='ocrx_word' id='word_1_535' title='bbox 708 2838 827 2874; x_wconf 83' lang='lat' dir='ltr'><strong>valere</strong></span> <span class='ocrx_word' id='word_1_536' title='bbox 850 2843 886 2873; x_wconf 91' lang='lat' dir='ltr'><strong>et</strong></span> <span class='ocrx_word' id='word_1_537' title='bbox 908 2843 1026 2873; x_wconf 88' lang='lat' dir='ltr'><strong>ratam</strong></span> <span class='ocrx_word' id='word_1_538' title='bbox 1049 2839 1088 2873; x_wconf 91' lang='lat' dir='ltr'><strong>in</strong></span> <span class='ocrx_word' id='word_1_539' title='bbox 1113 2839 1276 2874; x_wconf 87' lang='lat' dir='ltr'><strong>omnibus</strong></span> <span class='ocrx_word' id='word_1_540' title='bbox 1299 2850 1374 2875; x_wconf 88' lang='lat' dir='ltr'><strong>esse</strong></span> <span class='ocrx_word' id='word_1_541' title='bbox 1398 2841 1571 2875; x_wconf 85' lang='lat' dir='ltr'><strong>volumus.</strong></span> <span class='ocrx_word' id='word_1_542' title='bbox 1626 2839 1803 2883; x_wconf 81' lang='lat' dir='ltr'><strong>Quoniam</strong></span> <span class='ocrx_word' id='word_1_543' title='bbox 1828 2845 1946 2876; x_wconf 88' lang='lat' dir='ltr'><strong>autem</strong></span> <span class='ocrx_word' id='word_1_544' title='bbox 1970 2841 2166 2877; x_wconf 69' lang='lat' dir='ltr'><strong>commodis</strong></span> <span class='ocrx_word' id='word_1_545' title='bbox 2186 2842 2344 2877; x_wconf 83' lang='lat' dir='ltr'><strong>omnium</strong></span> <span class='ocrx_word' id='word_1_546' title='bbox 2367 2840 2476 2878; x_wconf 79' lang='lat' dir='ltr'><strong>eccle-</strong></span> 
     </span>
     <span class='ocr_line' id='line_1_71' title="bbox 252 2882 2477 2937; baseline 0 -17"><span class='ocrx_word' id='word_1_547' title='bbox 252 2886 390 2921; x_wconf 85' lang='lat' dir='ltr'><strong>siarum</strong></span> <span class='ocrx_word' id='word_1_548' title='bbox 411 2883 623 2930; x_wconf 79' lang='lat' dir='ltr'><strong>prospicere</strong></span> <span class='ocrx_word' id='word_1_549' title='bbox 647 2883 758 2925; x_wconf 85' lang='lat' dir='ltr'><strong>decet,</strong></span> <span class='ocrx_word' id='word_1_550' title='bbox 790 2882 957 2929; x_wconf 85' lang='lat' dir='ltr'><strong>inprimis</strong></span> <span class='ocrx_word' id='word_1_551' title='bbox 980 2894 1064 2919; x_wconf 86' lang='lat' dir='ltr'><strong>vero</strong></span> <span class='ocrx_word' id='word_1_552' title='bbox 1088 2888 1236 2919; x_wconf 87' lang='lat' dir='ltr'><strong>sanctae</strong></span> <span class='ocrx_word' id='word_1_553' title='bbox 1259 2883 1548 2920; x_wconf 84' lang='lat' dir='ltr'><strong>Resurrectionis</strong></span> <span class='ocrx_word' id='word_1_554' title='bbox 1571 2888 1606 2920; x_wconf 87' lang='lat' dir='ltr'><strong>et</strong></span> <span class='ocrx_word' id='word_1_555' title='bbox 1630 2885 1701 2920; x_wconf 85' lang='lat' dir='ltr'><strong>loci</strong></span> <span class='ocrx_word' id='word_1_556' title='bbox 1724 2885 1763 2920; x_wconf 80' lang='lat' dir='ltr'><strong>in</strong></span> <span class='ocrx_word' id='word_1_557' title='bbox 1787 2896 1859 2937; x_wconf 87' lang='lat' dir='ltr'><strong>quo</strong></span> <span class='ocrx_word' id='word_1_558' title='bbox 1885 2891 2029 2921; x_wconf 86' lang='lat' dir='ltr'><strong>creator</strong></span> <span class='ocrx_word' id='word_1_559' title='bbox 2048 2885 2173 2921; x_wconf 82' lang='lat' dir='ltr'><strong>mundi</strong></span> <span class='ocrx_word' id='word_1_560' title='bbox 2188 2897 2262 2933; x_wconf 83' lang='lat' dir='ltr'><strong>per</strong></span> <span class='ocrx_word' id='word_1_561' title='bbox 2285 2886 2477 2922; x_wconf 72' lang='lat' dir='ltr'><strong>humanam</strong></span> 
     </span>
     <span class='ocr_line' id='line_1_72' title="bbox 253 2927 2478 2975; baseline 0 -10"><span class='ocrx_word' id='word_1_562' title='bbox 253 2930 409 2966; x_wconf 78' lang='lat' dir='ltr'><strong>existere</strong></span> <span class='ocrx_word' id='word_1_563' title='bbox 420 2929 716 2975; x_wconf 82' lang='lat' dir='ltr'><strong>procreationem</strong></span> <span class='ocrx_word' id='word_1_564' title='bbox 731 2927 904 2974; x_wconf 75' lang='lat' dir='ltr'><strong>diqnatus</strong></span> <span class='ocrx_word' id='word_1_565' title='bbox 919 2932 983 2970; x_wconf 89' lang='lat' dir='ltr'><strong>est,</strong></span> <span class='ocrx_word' id='word_1_566' title='bbox 998 2934 1201 2974; x_wconf 87' lang='lat' dir='ltr'><strong>propterea</strong></span> <span class='ocrx_word' id='word_1_567' title='bbox 1217 2933 1445 2974; x_wconf 85' lang='lat' dir='ltr'><strong>praesentem</strong></span> <span class='ocrx_word' id='word_1_568' title='bbox 1462 2929 1576 2975; x_wconf 69' lang='lat' dir='ltr'><strong>leqem</strong></span> <span class='ocrx_word' id='word_1_569' title='bbox 1595 2930 1878 2965; x_wconf 76' lang='lat' dir='ltr'><strong>existimavimus</strong></span> <span class='ocrx_word' id='word_1_570' title='bbox 1893 2930 2116 2966; x_wconf 81' lang='lat' dir='ltr'><strong>scribendam</strong></span> <span class='ocrx_word' id='word_1_571' title='bbox 2133 2942 2207 2966; x_wconf 88' lang='lat' dir='ltr'><strong>non</strong></span> <span class='ocrx_word' id='word_1_572' title='bbox 2223 2930 2274 2966; x_wconf 81' lang='lat' dir='ltr'><strong>ad</strong></span> <span class='ocrx_word' id='word_1_573' title='bbox 2287 2929 2478 2967; x_wconf 85' lang='lat' dir='ltr'><strong>evertenda</strong></span> 
     </span>
     <span class='ocr_line' id='line_1_73' title="bbox 253 2972 2474 3022; baseline 0 -11"><span class='ocrx_word' id='word_1_574' title='bbox 253 2986 297 3011; x_wconf 89' lang='lat' dir='ltr'><strong>ea</strong></span> <span class='ocrx_word' id='word_1_575' title='bbox 321 2984 414 3020; x_wconf 80' lang='lat' dir='ltr'><strong>quae</strong></span> <span class='ocrx_word' id='word_1_576' title='bbox 437 2973 510 3007; x_wconf 84' lang='lat' dir='ltr'><strong>iam</strong></span> <span class='ocrx_word' id='word_1_577' title='bbox 534 2984 556 3007; x_wconf 92' lang='lat' dir='ltr'><strong>a</strong></span> <span class='ocrx_word' id='word_1_578' title='bbox 580 2972 684 3007; x_wconf 75' lang='lat' dir='ltr'><strong>nobis</strong></span> <span class='ocrx_word' id='word_1_579' title='bbox 706 2973 848 3007; x_wconf 87' lang='lat' dir='ltr'><strong>sancita</strong></span> <span class='ocrx_word' id='word_1_580' title='bbox 870 2978 966 3014; x_wconf 88' lang='lat' dir='ltr'><strong>sunt,</strong></span> <span class='ocrx_word' id='word_1_581' title='bbox 990 2972 1054 3007; x_wconf 85' lang='lat' dir='ltr'><strong>sed</strong></span> <span class='ocrx_word' id='word_1_582' title='bbox 1077 2972 1126 3007; x_wconf 86' lang='lat' dir='ltr'><strong>ad</strong></span> <span class='ocrx_word' id='word_1_583' title='bbox 1149 2973 1330 3018; x_wconf 82' lang='lat' dir='ltr'><strong>quandam</strong></span> <span class='ocrx_word' id='word_1_584' title='bbox 1356 2978 1391 3009; x_wconf 90' lang='lat' dir='ltr'><strong>et</strong></span> <span class='ocrx_word' id='word_1_585' title='bbox 1413 2974 1579 3009; x_wconf 86' lang='lat' dir='ltr'><strong>idoneam</strong></span> <span class='ocrx_word' id='word_1_586' title='bbox 1604 2978 1639 3009; x_wconf 89' lang='lat' dir='ltr'><strong>et</strong></span> <span class='ocrx_word' id='word_1_587' title='bbox 1661 2975 1900 3009; x_wconf 86' lang='lat' dir='ltr'><strong>necessariam</strong></span> <span class='ocrx_word' id='word_1_588' title='bbox 1918 2974 2026 3010; x_wconf 82' lang='lat' dir='ltr'><strong>rebus</strong></span> <span class='ocrx_word' id='word_1_589' title='bbox 2048 2975 2239 3011; x_wconf 83' lang='lat' dir='ltr'><strong>utilitatem</strong></span> <span class='ocrx_word' id='word_1_590' title='bbox 2256 2974 2474 3022; x_wconf 79' lang='lat' dir='ltr'><strong>parandam.</strong></span> 
     </span>
     <span class='ocr_line' id='line_1_74' title="bbox 256 3015 2476 3064; baseline 0 -9"><span class='ocrx_word' id='word_1_591' title='bbox 256 3019 396 3055; x_wconf 82' lang='lat' dir='ltr'><strong>Etenim</strong></span> <span class='ocrx_word' id='word_1_592' title='bbox 421 3017 583 3053; x_wconf 85' lang='lat' dir='ltr'><strong>omnibus</strong></span> <span class='ocrx_word' id='word_1_593' title='bbox 605 3015 807 3052; x_wconf 78' lang='lat' dir='ltr'><strong>hominibus</strong></span> <span class='ocrx_word' id='word_1_594' title='bbox 830 3018 1062 3062; x_wconf 83' lang='lat' dir='ltr'><strong>manifestum</strong></span> <span class='ocrx_word' id='word_1_595' title='bbox 1085 3022 1139 3052; x_wconf 82' lang='lat' dir='ltr'><strong>est</strong></span> <span class='ocrx_word' id='word_1_596' title='bbox 1159 3018 1422 3053; x_wconf 83' lang='lat' dir='ltr'><strong>sanctissimam</strong></span> <span class='ocrx_word' id='word_1_597' title='bbox 1438 3018 1750 3054; x_wconf 83' lang='lat' dir='ltr'><strong>Resurrectionem</strong></span> <span class='ocrx_word' id='word_1_598' title='bbox 1774 3029 1836 3053; x_wconf 88' lang='lat' dir='ltr'><strong>eos</strong></span> <span class='ocrx_word' id='word_1_599' title='bbox 1855 3020 1918 3064; x_wconf 84' lang='lat' dir='ltr'><strong>qui</strong></span> <span class='ocrx_word' id='word_1_600' title='bbox 1937 3030 1986 3055; x_wconf 78' lang='lat' dir='ltr'><strong>ex</strong></span> <span class='ocrx_word' id='word_1_601' title='bbox 2003 3020 2171 3056; x_wconf 81' lang='lat' dir='ltr'><strong>universo</strong></span> <span class='ocrx_word' id='word_1_602' title='bbox 2193 3024 2372 3063; x_wconf 74' lang='lat' dir='ltr'><strong>terrarum</strong></span> <span class='ocrx_word' id='word_1_603' title='bbox 2391 3020 2476 3056; x_wconf 77' lang='lat' dir='ltr'><strong>orbe</strong></span> 
     </span>
    </p>
   </div>
   <div class='ocr_carea' id='block_1_49' title="bbox 252 3102 1332 3693">
    <p class='ocr_par' dir='ltr' id='par_1_49' title="bbox 252 3102 1332 3693">
     <span class='ocr_line' id='line_1_75' title="bbox 302 3102 1329 3153; baseline -0.005 -9"><span class='ocrx_word' id='word_1_604' title='bbox 302 3113 316 3144; x_wconf 79' lang='lat'>1</span> <span class='ocrx_word' id='word_1_605' title='bbox 343 3105 528 3153; x_wconf 77' lang='grc' dir='ltr'><strong><em>ἀσέλγειαν</em></strong></span> <span class='ocrx_word' id='word_1_606' title='bbox 544 3108 589 3140; x_wconf 84' lang='lat' dir='ltr'><strong>L¹</strong></span> <span class='ocrx_word' id='word_1_607' title='bbox 615 3107 627 3151; x_wconf 78' lang='grc' dir='ltr'><strong>ΙΙ</strong></span> <span class='ocrx_word' id='word_1_608' title='bbox 657 3102 745 3147; x_wconf 69' lang='grc' dir='ltr'><strong><em>αὕτη</em></strong></span> <span class='ocrx_word' id='word_1_609' title='bbox 767 3108 825 3147; x_wconf 86' lang='lat' dir='ltr'><strong>M]</strong></span> <span class='ocrx_word' id='word_1_610' title='bbox 860 3103 948 3146; x_wconf 78' lang='grc' dir='ltr'><strong><em>αὐτὴ</em></strong></span> <span class='ocrx_word' id='word_1_611' title='bbox 968 3107 1057 3142; x_wconf 70' lang='grc' dir='ltr'><strong><em>,ΕΒς</em></strong></span> <span class='ocrx_word' id='word_1_612' title='bbox 1079 3106 1090 3150; x_wconf 83' lang='grc' dir='ltr'><strong>ΙΙ</strong></span> <span class='ocrx_word' id='word_1_613' title='bbox 1126 3108 1144 3139; x_wconf 86' lang='grc'>2</span> <span class='ocrx_word' id='word_1_614' title='bbox 1169 3109 1246 3139; x_wconf 87' lang='grc' dir='ltr'><strong><em>ταῖς</em></strong></span> <span class='ocrx_word' id='word_1_615' title='bbox 1271 3104 1329 3139; x_wconf 80' lang='grc' dir='ltr'><strong><em>αὐ-</em></strong></span> 
     </span>
     <span class='ocr_line' id='line_1_76' title="bbox 254 3151 1330 3196; baseline -0.007 -7"><span class='ocrx_word' id='word_1_616' title='bbox 254 3157 331 3189; x_wconf 83' lang='grc' dir='ltr'><strong><em>ταῖς</em></strong></span> <span class='ocrx_word' id='word_1_617' title='bbox 353 3168 411 3188; x_wconf 90' lang='lat' dir='ltr'><strong>om.</strong></span> <span class='ocrx_word' id='word_1_618' title='bbox 433 3165 453 3190; x_wconf 75' lang='grc' dir='ltr'><strong><em>ς</em></strong></span> <span class='ocrx_word' id='word_1_619' title='bbox 484 3154 495 3195; x_wconf 83' lang='grc' dir='ltr'><strong>ΙΙ</strong></span> <span class='ocrx_word' id='word_1_620' title='bbox 523 3154 583 3185; x_wconf 77' lang='grc' dir='ltr'><strong>καὶ</strong></span> <span class='ocrx_word' id='word_1_621' title='bbox 607 3164 664 3184; x_wconf 88' lang='lat' dir='ltr'><strong>om.</strong></span> <span class='ocrx_word' id='word_1_622' title='bbox 692 3152 764 3185; x_wconf 72' lang='lat' dir='ltr'><strong>Bm</strong></span> <span class='ocrx_word' id='word_1_623' title='bbox 795 3151 807 3195; x_wconf 77' lang='grc' dir='ltr'><strong>ΙΙ</strong></span> <span class='ocrx_word' id='word_1_624' title='bbox 838 3154 857 3185; x_wconf 90' lang='grc'><strong>3</strong></span> <span class='ocrx_word' id='word_1_625' title='bbox 881 3151 945 3183; x_wconf 81' lang='grc' dir='ltr'><strong><em>τοῦ</em></strong></span> <span class='ocrx_word' id='word_1_626' title='bbox 970 3154 1089 3192; x_wconf 80' lang='lat' dir='ltr'><strong>stupra</strong></span> <span class='ocrx_word' id='word_1_627' title='bbox 1112 3151 1250 3196; x_wconf 82' lang='grc' dir='ltr'><strong><em>γραφῆς</em></strong></span> <span class='ocrx_word' id='word_1_628' title='bbox 1274 3152 1330 3192; x_wconf 84' lang='lat' dir='ltr'><strong>M]</strong></span> 
     </span>
     <span class='ocr_line' id='line_1_77' title="bbox 252 3195 1332 3244; baseline -0.004 -11"><span class='ocrx_word' id='word_1_629' title='bbox 252 3201 313 3242; x_wconf 81' lang='grc' dir='ltr'><strong><em>τῆς</em></strong></span> <span class='ocrx_word' id='word_1_630' title='bbox 330 3201 486 3244; x_wconf 79' lang='grc' dir='ltr'><strong><em>μοιχείας</em></strong></span> <span class='ocrx_word' id='word_1_631' title='bbox 508 3196 644 3243; x_wconf 84' lang='grc' dir='ltr'><strong><em>γραφῆς</em></strong></span> <span class='ocrx_word' id='word_1_632' title='bbox 662 3197 696 3229; x_wconf 88' lang='grc' dir='ltr'><strong><em>Β</em></strong></span> <span class='ocrx_word' id='word_1_633' title='bbox 719 3196 780 3238; x_wconf 84' lang='grc' dir='ltr'><strong><em>τῆς</em></strong></span> <span class='ocrx_word' id='word_1_634' title='bbox 802 3198 940 3238; x_wconf 85' lang='grc' dir='ltr'><strong><em>μοιχίας</em></strong></span> <span class='ocrx_word' id='word_1_635' title='bbox 964 3196 1173 3241; x_wconf 80' lang='grc' dir='ltr'><strong><em>προϋπογρα</em></strong></span> <span class='ocrx_word' id='word_1_636' title='bbox 1205 3196 1242 3237; x_wconf 82' lang='grc' dir='ltr'><strong><em>ἧς</em></strong></span> <span class='ocrx_word' id='word_1_637' title='bbox 1266 3197 1297 3229; x_wconf 92' lang='lat' dir='ltr'><em>L</em></span> <span class='ocrx_word' id='word_1_638' title='bbox 1319 3195 1332 3238; x_wconf 75' lang='lat' dir='ltr'>ss</span> 
     </span>
     <span class='ocr_line' id='line_1_78' title="bbox 254 3208 1331 3292; baseline -0.005 -14"><span class='ocrx_word' id='word_1_639' title='bbox 254 3243 371 3289; x_wconf 72' lang='grc' dir='ltr'><strong><em>*μηδὲ</em></strong></span> <span class='ocrx_word' id='word_1_640' title='bbox 393 3263 435 3268; x_wconf 87' lang='lat'><strong>--</strong></span> <span class='ocrx_word' id='word_1_641' title='bbox 462 3245 482 3277; x_wconf 87' lang='grc'>4</span> <span class='ocrx_word' id='word_1_642' title='bbox 505 3239 597 3286; x_wconf 71' lang='grc' dir='ltr'><strong><em>μηδὲ</em></strong></span> <span class='ocrx_word' id='word_1_643' title='bbox 620 3243 697 3275; x_wconf 80' lang='lat' dir='ltr'><strong>libri</strong></span> <span class='ocrx_word' id='word_1_644' title='bbox 722 3241 734 3284; x_wconf 91' lang='grc' dir='ltr'><strong>ΙΙ</strong></span> <span class='ocrx_word' id='word_1_645' title='bbox 766 3243 786 3275; x_wconf 85' lang='grc'>4</span> <span class='ocrx_word' id='word_1_646' title='bbox 811 3240 1000 3292; x_wconf 57' lang='grc' dir='ltr'><strong><em>έπιθυμίοι</em></strong></span> <span class='ocrx_word' id='word_1_647' title='bbox 1024 3241 1055 3273; x_wconf 89' lang='lat' dir='ltr'><em>L</em></span> <span class='ocrx_word' id='word_1_648' title='bbox 1084 3240 1096 3284; x_wconf 82' lang='grc' dir='ltr'><strong>ΙΙ</strong></span> <span class='ocrx_word' id='word_1_649' title='bbox 1125 3243 1144 3274; x_wconf 87' lang='grc'><strong>8</strong></span> <span class='ocrx_word' id='word_1_650' title='bbox 1170 3208 1230 3273; x_wconf 55' lang='lat' dir='ltr'><strong>gc&amp;</strong></span> <span class='ocrx_word' id='word_1_651' title='bbox 1253 3241 1331 3273; x_wconf 84' lang='grc' dir='ltr'><strong><em>τῶν</em></strong></span> 
     </span>
     <span class='ocr_line' id='line_1_79' title="bbox 253 3283 1329 3336; baseline -0.007 -12"><span class='ocrx_word' id='word_1_652' title='bbox 253 3287 547 3336; x_wconf 84' lang='grc' dir='ltr'><strong><em>προγραμμάτων</em></strong></span> <span class='ocrx_word' id='word_1_653' title='bbox 562 3288 592 3320; x_wconf 91' lang='lat' dir='ltr'><em>L</em></span> <span class='ocrx_word' id='word_1_654' title='bbox 611 3286 623 3331; x_wconf 89' lang='grc' dir='ltr'><strong>ΙΙ</strong></span> <span class='ocrx_word' id='word_1_655' title='bbox 640 3288 682 3320; x_wconf 84' lang='grc'><strong>10</strong></span> <span class='ocrx_word' id='word_1_656' title='bbox 703 3283 810 3329; x_wconf 78' lang='grc' dir='ltr'><strong><em>νόμος</em></strong></span> <span class='ocrx_word' id='word_1_657' title='bbox 825 3287 882 3327; x_wconf 87' lang='grc' dir='ltr'><strong>Μ]</strong></span> <span class='ocrx_word' id='word_1_658' title='bbox 907 3298 925 3317; x_wconf 89' lang='grc' dir='ltr'><strong><em>υ</em></strong></span> <span class='ocrx_word' id='word_1_659' title='bbox 940 3283 1047 3328; x_wconf 78' lang='grc' dir='ltr'><strong><em>νόμος</em></strong></span> <span class='ocrx_word' id='word_1_660' title='bbox 1060 3285 1090 3318; x_wconf 91' lang='lat' dir='ltr'><em>L</em></span> <span class='ocrx_word' id='word_1_661' title='bbox 1109 3284 1121 3328; x_wconf 81' lang='grc' dir='ltr'><strong>ΙΙ</strong></span> <span class='ocrx_word' id='word_1_662' title='bbox 1148 3288 1244 3328; x_wconf 81' lang='lat' dir='ltr'><strong>lOsq.</strong></span> <span class='ocrx_word' id='word_1_663' title='bbox 1260 3284 1329 3318; x_wconf 87' lang='grc' dir='ltr'><strong>Νό·</strong></span> 
     </span>
     <span class='ocr_line' id='line_1_80' title="bbox 253 3326 1326 3380; baseline -0.005 -12"><span class='ocrx_word' id='word_1_664' title='bbox 253 3346 316 3380; x_wconf 89' lang='grc' dir='ltr'><strong>μος</strong></span> <span class='ocrx_word' id='word_1_665' title='bbox 332 3355 368 3359; x_wconf 94' lang='lat'><em>-</em></span> <span class='ocrx_word' id='word_1_666' title='bbox 387 3335 567 3377; x_wconf 80' lang='grc' dir='ltr'><strong><em>πατρικίῳ</em></strong></span> <span class='ocrx_word' id='word_1_667' title='bbox 593 3345 651 3365; x_wconf 92' lang='lat' dir='ltr'><strong>om.</strong></span> <span class='ocrx_word' id='word_1_668' title='bbox 665 3343 685 3368; x_wconf 73' lang='grc' dir='ltr'><strong><em>ς</em></strong></span> <span class='ocrx_word' id='word_1_669' title='bbox 708 3332 720 3373; x_wconf 86' lang='grc' dir='ltr'><strong>ΙΙ</strong></span> <span class='ocrx_word' id='word_1_670' title='bbox 747 3333 784 3365; x_wconf 82' lang='grc'><strong>11</strong></span> <span class='ocrx_word' id='word_1_671' title='bbox 800 3326 891 3364; x_wconf 77' lang='grc' dir='ltr'><strong><em>έώας</em></strong></span> <span class='ocrx_word' id='word_1_672' title='bbox 904 3329 1028 3370; x_wconf 82' lang='grc' dir='ltr'><strong><em>(αἰώας</em></strong></span> <span class='ocrx_word' id='word_1_673' title='bbox 1043 3330 1102 3369; x_wconf 88' lang='lat' dir='ltr'><strong>L¹)</strong></span> <span class='ocrx_word' id='word_1_674' title='bbox 1122 3331 1150 3363; x_wconf 92' lang='lat' dir='ltr'><em>L</em></span> <span class='ocrx_word' id='word_1_675' title='bbox 1167 3329 1179 3373; x_wconf 89' lang='grc' dir='ltr'><strong>ΙΙ</strong></span> <span class='ocrx_word' id='word_1_676' title='bbox 1210 3331 1248 3363; x_wconf 87' lang='grc'>12</span> <span class='ocrx_word' id='word_1_677' title='bbox 1262 3342 1326 3363; x_wconf 84' lang='grc' dir='ltr'><strong><em>πα-</em></strong></span> 
     </span>
     <span class='ocr_line' id='line_1_81' title="bbox 253 3374 1327 3425; baseline -0.007 -11"><span class='ocrx_word' id='word_1_678' title='bbox 253 3383 404 3425; x_wconf 83' lang='grc' dir='ltr'><strong><em>τρικίων</em></strong></span> <span class='ocrx_word' id='word_1_679' title='bbox 417 3379 464 3412; x_wconf 84' lang='lat' dir='ltr'><strong>L2</strong></span> <span class='ocrx_word' id='word_1_680' title='bbox 482 3378 494 3423; x_wconf 77' lang='grc' dir='ltr'><strong>ΙΙ</strong></span> <span class='ocrx_word' id='word_1_681' title='bbox 520 3380 561 3412; x_wconf 84' lang='grc'><strong>13</strong></span> <span class='ocrx_word' id='word_1_682' title='bbox 579 3388 626 3409; x_wconf 78' lang='lat' dir='ltr'><strong>xv</strong></span> <span class='ocrx_word' id='word_1_683' title='bbox 638 3376 703 3409; x_wconf 76' lang='lat' dir='ltr'><strong>kal.</strong></span> <span class='ocrx_word' id='word_1_684' title='bbox 721 3376 800 3408; x_wconf 83' lang='lat' dir='ltr'><strong>Mai.</strong></span> <span class='ocrx_word' id='word_1_685' title='bbox 819 3376 884 3408; x_wconf 83' lang='lat' dir='ltr'><strong>GP.</strong></span> <span class='ocrx_word' id='word_1_686' title='bbox 906 3375 961 3415; x_wconf 94' lang='lat' dir='ltr'><strong>M]</strong></span> <span class='ocrx_word' id='word_1_687' title='bbox 986 3385 1040 3407; x_wconf 70' lang='grc' dir='ltr'><strong>ΧΠ</strong></span> <span class='ocrx_word' id='word_1_688' title='bbox 1061 3374 1126 3406; x_wconf 83' lang='lat' dir='ltr'><strong>kal.</strong></span> <span class='ocrx_word' id='word_1_689' title='bbox 1142 3375 1223 3407; x_wconf 83' lang='lat' dir='ltr'><strong>Maii</strong></span> <span class='ocrx_word' id='word_1_690' title='bbox 1243 3375 1327 3414; x_wconf 80' lang='lat' dir='ltr'><strong>(Ian.</strong></span> 
     </span>
     <span class='ocr_line' id='line_1_82' title="bbox 254 3416 1330 3467; baseline -0.007 -9"><span class='ocrx_word' id='word_1_691' title='bbox 254 3439 283 3459; x_wconf 88' lang='lat' dir='ltr'><strong>v.</strong></span> <span class='ocrx_word' id='word_1_692' title='bbox 295 3427 328 3465; x_wconf 85' lang='lat' dir='ltr'><strong>l.)</strong></span> <span class='ocrx_word' id='word_1_693' title='bbox 349 3426 415 3457; x_wconf 83' lang='lat' dir='ltr'><strong>GP.</strong></span> <span class='ocrx_word' id='word_1_694' title='bbox 436 3435 455 3460; x_wconf 81' lang='grc' dir='ltr'><strong><em>ς</em></strong></span> <span class='ocrx_word' id='word_1_695' title='bbox 479 3424 510 3455; x_wconf 89' lang='lat' dir='ltr'><strong>k.</strong></span> <span class='ocrx_word' id='word_1_696' title='bbox 525 3424 627 3455; x_wconf 75' lang='lat' dir='ltr'><strong>maias</strong></span> <span class='ocrx_word' id='word_1_697' title='bbox 642 3420 740 3455; x_wconf 65' lang='lat' dir='ltr'><strong>lum</strong></span> <span class='ocrx_word' id='word_1_698' title='bbox 763 3418 835 3467; x_wconf 88' lang='grc' dir='ltr'><strong>πρὸ</strong></span> <span class='ocrx_word' id='word_1_699' title='bbox 854 3418 893 3453; x_wconf 78' lang='grc' dir='ltr'><strong><em>ιε’</em></strong></span> <span class='ocrx_word' id='word_1_700' title='bbox 907 3416 1098 3452; x_wconf 81' lang='grc' dir='ltr'><strong><em>καλάνδων</em></strong></span> <span class='ocrx_word' id='word_1_701' title='bbox 1112 3417 1330 3463; x_wconf 84' lang='grc' dir='ltr'><strong><em>Ἀπριλλίων</em></strong></span> 
     </span>
     <span class='ocr_line' id='line_1_83' title="bbox 254 3465 1328 3517; baseline -0.007 -14"><span class='ocrx_word' id='word_1_702' title='bbox 254 3472 330 3503; x_wconf 79' lang='lat' dir='ltr'><strong>Ath.</strong></span> <span class='ocrx_word' id='word_1_703' title='bbox 354 3471 440 3513; x_wconf 84' lang='grc' dir='ltr'><strong><em>μηνὶ</em></strong></span> <span class='ocrx_word' id='word_1_704' title='bbox 460 3470 602 3512; x_wconf 78' lang='grc' dir='ltr'><strong><em>μαρτίῳ</em></strong></span> <span class='ocrx_word' id='word_1_705' title='bbox 620 3467 739 3500; x_wconf 80' lang='grc' dir='ltr'><strong><em>ΤΙιεοᾱ.</em></strong></span> <span class='ocrx_word' id='word_1_706' title='bbox 766 3467 778 3509; x_wconf 74' lang='grc' dir='ltr'><strong>ΙΙ</strong></span> <span class='ocrx_word' id='word_1_707' title='bbox 803 3477 835 3509; x_wconf 91' lang='lat' dir='ltr'><strong>p.</strong></span> <span class='ocrx_word' id='word_1_708' title='bbox 857 3476 883 3499; x_wconf 87' lang='lat' dir='ltr'><strong>o.</strong></span> <span class='ocrx_word' id='word_1_709' title='bbox 905 3465 979 3517; x_wconf 50' lang='lat' dir='ltr'><strong>bi‘si.</strong></span> <span class='ocrx_word' id='word_1_710' title='bbox 1000 3474 1052 3497; x_wconf 86' lang='lat' dir='ltr'><strong>uo.</strong></span> <span class='ocrx_word' id='word_1_711' title='bbox 1071 3475 1091 3500; x_wconf 76' lang='grc' dir='ltr'><strong><em>ς</em></strong></span> <span class='ocrx_word' id='word_1_712' title='bbox 1111 3465 1180 3497; x_wconf 84' lang='lat' dir='ltr'><strong>cod.</strong></span> <span class='ocrx_word' id='word_1_713' title='bbox 1197 3465 1328 3505; x_wconf 80' lang='lat' dir='ltr'><strong>Bamb.‚</strong></span> 
     </span>
     <span class='ocr_line' id='line_1_84' title="bbox 253 3506 1329 3557; baseline -0.006 -10"><span class='ocrx_word' id='word_1_714' title='bbox 253 3519 327 3557; x_wconf 87' lang='lat' dir='ltr'><strong>post</strong></span> <span class='ocrx_word' id='word_1_715' title='bbox 339 3514 480 3547; x_wconf 81' lang='lat' dir='ltr'><strong>Belisari</strong></span> <span class='ocrx_word' id='word_1_716' title='bbox 491 3524 543 3546; x_wconf 86' lang='lat' dir='ltr'><strong>uc.</strong></span> <span class='ocrx_word' id='word_1_717' title='bbox 558 3523 661 3545; x_wconf 85' lang='lat' dir='ltr'><strong>conss.</strong></span> <span class='ocrx_word' id='word_1_718' title='bbox 676 3512 726 3553; x_wconf 89' lang='lat' dir='ltr'><strong>M,</strong></span> <span class='ocrx_word' id='word_1_719' title='bbox 747 3508 838 3555; x_wconf 80' lang='grc' dir='ltr'><strong><em>μετὰ</em></strong></span> <span class='ocrx_word' id='word_1_720' title='bbox 847 3508 915 3551; x_wconf 85' lang='grc' dir='ltr'><strong><em>τὴν</em></strong></span> <span class='ocrx_word' id='word_1_721' title='bbox 926 3511 1104 3542; x_wconf 85' lang='grc' dir='ltr'><strong><em>υπατείαν</em></strong></span> <span class='ocrx_word' id='word_1_722' title='bbox 1119 3506 1329 3554; x_wconf 78' lang='grc' dir='ltr'><strong><em>Βελισαρίου</em></strong></span> 
     </span>
     <span class='ocr_line' id='line_1_85' title="bbox 258 3551 1328 3600; baseline -0.006 -8"><span class='ocrx_word' id='word_1_723' title='bbox 258 3561 391 3600; x_wconf 57' lang='lat' dir='ltr'><strong>Theoti]</strong></span> <span class='ocrx_word' id='word_1_724' title='bbox 412 3558 574 3591; x_wconf 84' lang='lat' dir='ltr'><strong>bilisiario</strong></span> <span class='ocrx_word' id='word_1_725' title='bbox 587 3568 638 3591; x_wconf 82' lang='lat' dir='ltr'><strong>uo.</strong></span> <span class='ocrx_word' id='word_1_726' title='bbox 653 3567 739 3589; x_wconf 79' lang='lat' dir='ltr'><strong>cons.</strong></span> <span class='ocrx_word' id='word_1_727' title='bbox 758 3568 777 3592; x_wconf 80' lang='grc' dir='ltr'><strong><em>ς</em></strong></span> <span class='ocrx_word' id='word_1_728' title='bbox 789 3557 857 3589; x_wconf 83' lang='lat' dir='ltr'><strong>cod.</strong></span> <span class='ocrx_word' id='word_1_729' title='bbox 874 3556 911 3596; x_wconf 85' lang='lat' dir='ltr'><strong>V,</strong></span> <span class='ocrx_word' id='word_1_730' title='bbox 934 3551 1105 3588; x_wconf 77' lang='grc' dir='ltr'><strong><em>ὑπατείας</em></strong></span> <span class='ocrx_word' id='word_1_731' title='bbox 1117 3552 1328 3599; x_wconf 76' lang='grc' dir='ltr'><strong><em>Βελισαρίου</em></strong></span> 
     </span>
     <span class='ocr_line' id='line_1_86' title="bbox 256 3596 1326 3646; baseline -0.006 -9"><span class='ocrx_word' id='word_1_732' title='bbox 256 3606 342 3646; x_wconf 65' lang='lat' dir='ltr'><strong>Am„</strong></span> <span class='ocrx_word' id='word_1_733' title='bbox 362 3615 467 3637; x_wconf 83' lang='lat' dir='ltr'><strong>conss.</strong></span> <span class='ocrx_word' id='word_1_734' title='bbox 480 3603 634 3635; x_wconf 85' lang='lat' dir='ltr'><strong>bilisareo</strong></span> <span class='ocrx_word' id='word_1_735' title='bbox 646 3603 728 3636; x_wconf 67' lang='lat' dir='ltr'><strong>Iam</strong></span> <span class='ocrx_word' id='word_1_736' title='bbox 748 3612 843 3644; x_wconf 85' lang='lat' dir='ltr'><strong>conp.</strong></span> <span class='ocrx_word' id='word_1_737' title='bbox 857 3600 1012 3633; x_wconf 83' lang='lat' dir='ltr'><strong>uelisario</strong></span> <span class='ocrx_word' id='word_1_738' title='bbox 1026 3597 1108 3632; x_wconf 62' lang='lat' dir='ltr'><strong>lum</strong></span> <span class='ocrx_word' id='word_1_739' title='bbox 1123 3599 1135 3643; x_wconf 81' lang='grc' dir='ltr'><strong>ΙΙ</strong></span> <span class='ocrx_word' id='word_1_740' title='bbox 1155 3601 1197 3632; x_wconf 89' lang='grc'><strong>22</strong></span> <span class='ocrx_word' id='word_1_741' title='bbox 1211 3596 1326 3641; x_wconf 83' lang='grc' dir='ltr'><strong><em>νόμῳ]</em></strong></span> 
     </span>
     <span class='ocr_line' id='line_1_87' title="bbox 256 3644 1282 3693; baseline -0.007 -11"><span class='ocrx_word' id='word_1_742' title='bbox 256 3662 325 3682; x_wconf 78' lang='lat' dir='ltr'><strong>nov.</strong></span> <span class='ocrx_word' id='word_1_743' title='bbox 348 3650 420 3682; x_wconf 92' lang='lat' dir='ltr'><strong>VII</strong></span> <span class='ocrx_word' id='word_1_744' title='bbox 438 3649 451 3693; x_wconf 87' lang='grc' dir='ltr'><strong>ΙΙ</strong></span> <span class='ocrx_word' id='word_1_745' title='bbox 476 3651 517 3681; x_wconf 86' lang='grc'>25</span> <span class='ocrx_word' id='word_1_746' title='bbox 542 3644 698 3681; x_wconf 81' lang='grc' dir='ltr'><strong><em>ἁπάσαις</em></strong></span> <span class='ocrx_word' id='word_1_747' title='bbox 722 3644 931 3688; x_wconf 77' lang='grc' dir='ltr'><strong><em>ἐκκλησίαις]</em></strong></span> <span class='ocrx_word' id='word_1_748' title='bbox 956 3645 1060 3677; x_wconf 79' lang='lat' dir='ltr'><strong>totius</strong></span> <span class='ocrx_word' id='word_1_749' title='bbox 1083 3644 1238 3676; x_wconf 80' lang='lat' dir='ltr'><strong>eeclesiae</strong></span> <span class='ocrx_word' id='word_1_750' title='bbox 1263 3655 1282 3679; x_wconf 77' lang='grc' dir='ltr'><strong><em>ς</em></strong></span> 
     </span>
    </p>
   </div>
   <div class='ocr_carea' id='block_1_50' title="bbox 1396 3107 2477 3645">
    <p class='ocr_par' dir='ltr' id='par_1_50' title="bbox 1396 3107 2477 3645">
     <span class='ocr_line' id='line_1_88' title="bbox 1445 3107 2472 3153; baseline 0.002 -11"><span class='ocrx_word' id='word_1_751' title='bbox 1445 3111 1464 3142; x_wconf 87' lang='grc'><strong>3</strong></span> <span class='ocrx_word' id='word_1_752' title='bbox 1479 3111 1646 3150; x_wconf 87' lang='lat' dir='ltr'><strong>struprum</strong></span> <span class='ocrx_word' id='word_1_753' title='bbox 1665 3109 1715 3141; x_wconf 69' lang='grc' dir='ltr'><strong>ῐΤα</strong></span> <span class='ocrx_word' id='word_1_754' title='bbox 1730 3107 1742 3149; x_wconf 88' lang='grc' dir='ltr'><strong>ΙΙ</strong></span> <span class='ocrx_word' id='word_1_755' title='bbox 1761 3118 1896 3146; x_wconf 80' lang='lat' dir='ltr'><strong>aceruas</strong></span> <span class='ocrx_word' id='word_1_756' title='bbox 1908 3109 1941 3141; x_wconf 81' lang='lat' dir='ltr'><em>R</em></span> <span class='ocrx_word' id='word_1_757' title='bbox 1956 3107 1969 3153; x_wconf 80' lang='grc' dir='ltr'><strong>ΙΙ</strong></span> <span class='ocrx_word' id='word_1_758' title='bbox 1988 3109 2198 3142; x_wconf 80' lang='lat' dir='ltr'><strong>descenderet</strong></span> <span class='ocrx_word' id='word_1_759' title='bbox 2210 3110 2258 3143; x_wconf 84' lang='lat' dir='ltr'><strong>R¹</strong></span> <span class='ocrx_word' id='word_1_760' title='bbox 2273 3110 2278 3150; x_wconf 96' lang='grc' dir='ltr'>Ι</span> <span class='ocrx_word' id='word_1_761' title='bbox 2309 3112 2331 3144; x_wconf 85' lang='grc'>4</span> <span class='ocrx_word' id='word_1_762' title='bbox 2343 3109 2472 3151; x_wconf 77' lang='lat' dir='ltr'><strong>maiori]</strong></span> 
     </span>
     <span class='ocr_line' id='line_1_89' title="bbox 1398 3152 2474 3198; baseline 0.003 -13"><span class='ocrx_word' id='word_1_763' title='bbox 1398 3153 1483 3185; x_wconf 77' lang='lat' dir='ltr'><strong>mari</strong></span> <span class='ocrx_word' id='word_1_764' title='bbox 1504 3153 1554 3186; x_wconf 82' lang='lat' dir='ltr'><strong>V¹</strong></span> <span class='ocrx_word' id='word_1_765' title='bbox 1572 3154 1584 3194; x_wconf 81' lang='grc' dir='ltr'><strong>ΙΙ</strong></span> <span class='ocrx_word' id='word_1_766' title='bbox 1600 3155 1620 3186; x_wconf 87' lang='grc'>6</span> <span class='ocrx_word' id='word_1_767' title='bbox 1639 3152 1746 3192; x_wconf 88' lang='lat' dir='ltr'><strong>nobis]</strong></span> <span class='ocrx_word' id='word_1_768' title='bbox 1773 3152 1906 3185; x_wconf 79' lang='lat' dir='ltr'><strong>nubtias</strong></span> <span class='ocrx_word' id='word_1_769' title='bbox 1930 3154 2006 3186; x_wconf 82' lang='lat' dir='ltr'><strong>add.</strong></span> <span class='ocrx_word' id='word_1_770' title='bbox 2019 3152 2099 3197; x_wconf 55' lang='lat'><strong>12¹1!</strong></span> <span class='ocrx_word' id='word_1_771' title='bbox 2118 3156 2136 3186; x_wconf 86' lang='lat'><strong>7</strong></span> <span class='ocrx_word' id='word_1_772' title='bbox 2151 3157 2243 3187; x_wconf 76' lang='lat' dir='ltr'><strong>tuam</strong></span> <span class='ocrx_word' id='word_1_773' title='bbox 2300 3158 2318 3175; x_wconf 82' lang='lat'><em>⁰</em></span> <span class='ocrx_word' id='word_1_774' title='bbox 2335 3155 2348 3197; x_wconf 75' lang='grc'><strong>11</strong></span> <span class='ocrx_word' id='word_1_775' title='bbox 2364 3157 2384 3189; x_wconf 88' lang='lat'>8</span> <span class='ocrx_word' id='word_1_776' title='bbox 2397 3164 2474 3198; x_wconf 84' lang='lat' dir='ltr'><strong>pro-</strong></span> 
     </span>
     <span class='ocr_line' id='line_1_90' title="bbox 1397 3196 2473 3243; baseline 0.003 -14"><span class='ocrx_word' id='word_1_777' title='bbox 1397 3197 1592 3239; x_wconf 74' lang='lat' dir='ltr'><strong>gramataR</strong></span> <span class='ocrx_word' id='word_1_778' title='bbox 1610 3197 1616 3239; x_wconf 87' lang='grc' dir='ltr'>Ι</span> <span class='ocrx_word' id='word_1_779' title='bbox 1650 3200 1688 3231; x_wconf 87' lang='grc'><strong>13</strong></span> <span class='ocrx_word' id='word_1_780' title='bbox 1710 3199 1830 3230; x_wconf 77' lang='lat' dir='ltr'><strong>subscr.</strong></span> <span class='ocrx_word' id='word_1_781' title='bbox 1849 3205 2021 3239; x_wconf 77' lang='lat' dir='ltr'><strong>praestant</strong></span> <span class='ocrx_word' id='word_1_782' title='bbox 2042 3197 2118 3231; x_wconf 74' lang='lat' dir='ltr'><strong>Vel</strong></span> <span class='ocrx_word' id='word_1_783' title='bbox 2133 3198 2252 3232; x_wconf 84' lang='lat' dir='ltr'><strong>Bamb.</strong></span> <span class='ocrx_word' id='word_1_784' title='bbox 2265 3199 2311 3232; x_wconf 93' lang='lat' dir='ltr'><strong>II</strong></span> <span class='ocrx_word' id='word_1_785' title='bbox 2327 3198 2340 3243; x_wconf 79' lang='grc' dir='ltr'><strong>ΙΙ</strong></span> <span class='ocrx_word' id='word_1_786' title='bbox 2363 3209 2414 3232; x_wconf 82' lang='lat' dir='ltr'><strong>xn</strong></span> <span class='ocrx_word' id='word_1_787' title='bbox 2428 3196 2473 3238; x_wconf 83' lang='lat' dir='ltr'><strong>V]</strong></span> 
     </span>
     <span class='ocr_line' id='line_1_91' title="bbox 1399 3240 2471 3288; baseline 0.004 -14"><span class='ocrx_word' id='word_1_788' title='bbox 1399 3254 1456 3275; x_wconf 88' lang='lat' dir='ltr'><strong>om.</strong></span> <span class='ocrx_word' id='word_1_789' title='bbox 1474 3242 1592 3274; x_wconf 87' lang='lat' dir='ltr'><strong>Bamb.</strong></span> <span class='ocrx_word' id='word_1_790' title='bbox 1608 3241 1614 3285; x_wconf 87' lang='grc'>1</span> <span class='ocrx_word' id='word_1_791' title='bbox 1639 3240 1776 3280; x_wconf 78' lang='lat' dir='ltr'><strong>maiiV]</strong></span> <span class='ocrx_word' id='word_1_792' title='bbox 1790 3242 1856 3273; x_wconf 80' lang='lat' dir='ltr'><strong>ian.</strong></span> <span class='ocrx_word' id='word_1_793' title='bbox 1873 3242 1990 3275; x_wconf 82' lang='lat' dir='ltr'><strong>Bamb.</strong></span> <span class='ocrx_word' id='word_1_794' title='bbox 2008 3241 2022 3286; x_wconf 80' lang='grc' dir='ltr'><strong>ΙΙ</strong></span> <span class='ocrx_word' id='word_1_795' title='bbox 2046 3252 2116 3285; x_wconf 80' lang='lat' dir='ltr'><strong>cap.</strong></span> <span class='ocrx_word' id='word_1_796' title='bbox 2137 3243 2228 3276; x_wconf 83' lang='lat' dir='ltr'><strong>Voa.</strong></span> <span class='ocrx_word' id='word_1_797' title='bbox 2244 3244 2364 3277; x_wconf 83' lang='lat' dir='ltr'><strong>Bamb.</strong></span> <span class='ocrx_word' id='word_1_798' title='bbox 2381 3244 2395 3288; x_wconf 77' lang='grc' dir='ltr'>Ι</span> <span class='ocrx_word' id='word_1_799' title='bbox 2419 3252 2471 3286; x_wconf 78' lang='lat' dir='ltr'><strong>po-</strong></span> 
     </span>
     <span class='ocr_line' id='line_1_92' title="bbox 1398 3285 2472 3332; baseline 0.004 -14"><span class='ocrx_word' id='word_1_800' title='bbox 1398 3286 1471 3319; x_wconf 86' lang='lat' dir='ltr'><strong>bisi.</strong></span> <span class='ocrx_word' id='word_1_801' title='bbox 1496 3296 1548 3319; x_wconf 82' lang='lat' dir='ltr'><strong>uc.</strong></span> <span class='ocrx_word' id='word_1_802' title='bbox 1572 3287 1703 3326; x_wconf 86' lang='lat' dir='ltr'><strong>Bamb.]</strong></span> <span class='ocrx_word' id='word_1_803' title='bbox 1724 3285 1886 3319; x_wconf 83' lang='lat' dir='ltr'><strong>bilisiario</strong></span> <span class='ocrx_word' id='word_1_804' title='bbox 1910 3286 1983 3319; x_wconf 86' lang='lat' dir='ltr'><strong>uioe</strong></span> <span class='ocrx_word' id='word_1_805' title='bbox 2007 3286 2133 3322; x_wconf 83' lang='lat' dir='ltr'><strong>consul.</strong></span> <span class='ocrx_word' id='word_1_806' title='bbox 2156 3288 2188 3321; x_wconf 88' lang='lat' dir='ltr'><strong><em>V</em></strong></span> <span class='ocrx_word' id='word_1_807' title='bbox 2207 3287 2220 3332; x_wconf 79' lang='grc' dir='ltr'><strong>ΙΙ</strong></span> <span class='ocrx_word' id='word_1_808' title='bbox 2253 3290 2293 3323; x_wconf 80' lang='lat'><strong>14</strong></span> <span class='ocrx_word' id='word_1_809' title='bbox 2318 3301 2388 3322; x_wconf 83' lang='lat' dir='ltr'><strong>nov.</strong></span> <span class='ocrx_word' id='word_1_810' title='bbox 2403 3286 2472 3332; x_wconf 71' lang='lat' dir='ltr'><strong>XL</strong></span> 
     </span>
     <span class='ocr_line' id='line_1_93' title="bbox 1397 3331 2470 3376; baseline 0.003 -12"><span class='ocrx_word' id='word_1_811' title='bbox 1397 3332 1506 3371; x_wconf 75' lang='lat' dir='ltr'><strong>[Aueh.</strong></span> <span class='ocrx_word' id='word_1_812' title='bbox 1521 3331 1651 3372; x_wconf 89' lang='lat' dir='ltr'><strong><em>XLII]</em></strong></span> <span class='ocrx_word' id='word_1_813' title='bbox 1677 3333 1763 3364; x_wconf 81' lang='lat' dir='ltr'><strong>deest</strong></span> <span class='ocrx_word' id='word_1_814' title='bbox 1786 3333 1818 3364; x_wconf 81' lang='lat' dir='ltr'><strong>in</strong></span> <span class='ocrx_word' id='word_1_815' title='bbox 1840 3332 1882 3372; x_wconf 80' lang='lat' dir='ltr'><strong>R,</strong></span> <span class='ocrx_word' id='word_1_816' title='bbox 1906 3333 1939 3364; x_wconf 82' lang='lat' dir='ltr'><strong>in</strong></span> <span class='ocrx_word' id='word_1_817' title='bbox 1959 3332 1992 3365; x_wconf 89' lang='lat' dir='ltr'><em>T</em></span> <span class='ocrx_word' id='word_1_818' title='bbox 2008 3339 2096 3365; x_wconf 67' lang='lat' dir='ltr'><strong>extat</strong></span> <span class='ocrx_word' id='word_1_819' title='bbox 2115 3334 2148 3366; x_wconf 86' lang='lat' dir='ltr'><strong>in</strong></span> <span class='ocrx_word' id='word_1_820' title='bbox 2169 3333 2350 3376; x_wconf 72' lang='lat' dir='ltr'><strong>appendice</strong></span> <span class='ocrx_word' id='word_1_821' title='bbox 2365 3339 2470 3366; x_wconf 73' lang='lat' dir='ltr'><strong>extra-</strong></span> 
     </span>
     <span class='ocr_line' id='line_1_94' title="bbox 1397 3375 2470 3420; baseline 0 -11"><span class='ocrx_word' id='word_1_822' title='bbox 1397 3377 1583 3409; x_wconf 82' lang='lat' dir='ltr'><strong>vaoantium</strong></span> <span class='ocrx_word' id='word_1_823' title='bbox 1607 3376 1620 3419; x_wconf 73' lang='lat' dir='ltr'>fl</span> <span class='ocrx_word' id='word_1_824' title='bbox 1646 3378 1684 3410; x_wconf 85' lang='lat'><strong>17</strong></span> <span class='ocrx_word' id='word_1_825' title='bbox 1699 3388 1746 3419; x_wconf 84' lang='lat' dir='ltr'><strong>sq.</strong></span> <span class='ocrx_word' id='word_1_826' title='bbox 1764 3375 1800 3407; x_wconf 86' lang='lat' dir='ltr'><strong>in</strong></span> <span class='ocrx_word' id='word_1_827' title='bbox 1817 3386 1876 3408; x_wconf 82' lang='lat' dir='ltr'><strong>sua</strong></span> <span class='ocrx_word' id='word_1_828' title='bbox 1890 3376 1998 3419; x_wconf 80' lang='lat' dir='ltr'><strong>posita</strong></span> <span class='ocrx_word' id='word_1_829' title='bbox 2014 3377 2151 3410; x_wconf 77' lang='lat' dir='ltr'><strong>ciuitate</strong></span> <span class='ocrx_word' id='word_1_830' title='bbox 2166 3378 2210 3410; x_wconf 87' lang='lat' dir='ltr'><strong>sit</strong></span> <span class='ocrx_word' id='word_1_831' title='bbox 2291 3377 2418 3420; x_wconf 73' lang='lat' dir='ltr'><strong>unae</strong></span> <span class='ocrx_word' id='word_1_832' title='bbox 2433 3376 2470 3409; x_wconf 81' lang='lat' dir='ltr'><strong>in</strong></span> 
     </span>
     <span class='ocr_line' id='line_1_95' title="bbox 1396 3419 2477 3467; baseline 0.002 -15"><span class='ocrx_word' id='word_1_833' title='bbox 1396 3431 1456 3452; x_wconf 80' lang='lat' dir='ltr'><strong>sua</strong></span> <span class='ocrx_word' id='word_1_834' title='bbox 1487 3421 1593 3462; x_wconf 86' lang='lat' dir='ltr'><strong>posita</strong></span> <span class='ocrx_word' id='word_1_835' title='bbox 1625 3423 1703 3453; x_wconf 88' lang='lat' dir='ltr'><strong>sunt</strong></span> <span class='ocrx_word' id='word_1_836' title='bbox 1732 3421 1869 3453; x_wconf 80' lang='lat' dir='ltr'><strong>ciuitate</strong></span> <span class='ocrx_word' id='word_1_837' title='bbox 1897 3421 1934 3467; x_wconf 61' lang='lat' dir='ltr'>sp</span> <span class='ocrx_word' id='word_1_838' title='bbox 1962 3422 1994 3455; x_wconf 89' lang='lat' dir='ltr'><em>T</em></span> <span class='ocrx_word' id='word_1_839' title='bbox 2017 3423 2028 3465; x_wconf 86' lang='grc' dir='ltr'><strong>ΙΙ</strong></span> <span class='ocrx_word' id='word_1_840' title='bbox 2059 3424 2101 3456; x_wconf 89' lang='grc'>20</span> <span class='ocrx_word' id='word_1_841' title='bbox 2126 3421 2411 3455; x_wconf 83' lang='lat' dir='ltr'><strong>hierosolimorum</strong></span> <span class='ocrx_word' id='word_1_842' title='bbox 2444 3419 2477 3454; x_wconf 87' lang='lat' dir='ltr'><strong><em>V</em></strong></span> 
     </span>
     <span class='ocr_line' id='line_1_96' title="bbox 1396 3465 2470 3511; baseline 0.001 -14"><span class='ocrx_word' id='word_1_843' title='bbox 1396 3465 1658 3498; x_wconf 71' lang='lat' dir='ltr'><strong>ierosolimorum</strong></span> <span class='ocrx_word' id='word_1_844' title='bbox 1685 3466 1718 3499; x_wconf 88' lang='lat' dir='ltr'><em>T</em></span> <span class='ocrx_word' id='word_1_845' title='bbox 1733 3467 1777 3507; x_wconf 79' lang='lat' dir='ltr'><strong>(et</strong></span> <span class='ocrx_word' id='word_1_846' title='bbox 1788 3468 1834 3499; x_wconf 81' lang='lat' dir='ltr'><strong>sic</strong></span> <span class='ocrx_word' id='word_1_847' title='bbox 1849 3467 1950 3508; x_wconf 83' lang='lat' dir='ltr'><strong>infra)</strong></span> <span class='ocrx_word' id='word_1_848' title='bbox 1972 3466 1984 3509; x_wconf 81' lang='lat' dir='ltr'>ss</span> <span class='ocrx_word' id='word_1_849' title='bbox 2008 3468 2050 3500; x_wconf 85' lang='lat'><strong>22</strong></span> <span class='ocrx_word' id='word_1_850' title='bbox 2075 3466 2143 3508; x_wconf 86' lang='lat' dir='ltr'><strong>legi</strong></span> <span class='ocrx_word' id='word_1_851' title='bbox 2167 3468 2244 3500; x_wconf 79' lang='lat' dir='ltr'><strong>libri</strong></span> <span class='ocrx_word' id='word_1_852' title='bbox 2257 3467 2270 3511; x_wconf 82' lang='grc' dir='ltr'><strong>ΙΙ</strong></span> <span class='ocrx_word' id='word_1_853' title='bbox 2300 3468 2343 3501; x_wconf 79' lang='grc'>24</span> <span class='ocrx_word' id='word_1_854' title='bbox 2366 3466 2470 3499; x_wconf 68' lang='lat' dir='ltr'><strong>totius</strong></span> 
     </span>
     <span class='ocr_line' id='line_1_97' title="bbox 1396 3507 2472 3555; baseline 0.002 -14"><span class='ocrx_word' id='word_1_855' title='bbox 1396 3510 1539 3542; x_wconf 68' lang='lat' dir='ltr'><strong>utilitati</strong></span> <span class='ocrx_word' id='word_1_856' title='bbox 1566 3511 1650 3544; x_wconf 80' lang='lat' dir='ltr'><strong>Tol.</strong></span> <span class='ocrx_word' id='word_1_857' title='bbox 1667 3510 1679 3555; x_wconf 79' lang='grc' dir='ltr'><strong>ΙΙ</strong></span> <span class='ocrx_word' id='word_1_858' title='bbox 1710 3511 1751 3544; x_wconf 88' lang='grc'><strong>27</strong></span> <span class='ocrx_word' id='word_1_859' title='bbox 1773 3510 1938 3544; x_wconf 84' lang='lat' dir='ltr'><strong>oredimus</strong></span> <span class='ocrx_word' id='word_1_860' title='bbox 1965 3512 2042 3545; x_wconf 78' lang='lat' dir='ltr'><strong>libri</strong></span> <span class='ocrx_word' id='word_1_861' title='bbox 2062 3511 2075 3555; x_wconf 80' lang='grc' dir='ltr'><strong>ΙΙ</strong></span> <span class='ocrx_word' id='word_1_862' title='bbox 2107 3513 2148 3545; x_wconf 83' lang='grc'>28</span> <span class='ocrx_word' id='word_1_863' title='bbox 2172 3510 2388 3544; x_wconf 79' lang='lat' dir='ltr'><strong>mutationem</strong></span> <span class='ocrx_word' id='word_1_864' title='bbox 2409 3507 2472 3553; x_wconf 73' lang='lat' dir='ltr'><strong>V}</strong></span> 
     </span>
     <span class='ocr_line' id='line_1_98' title="bbox 1396 3554 2469 3600; baseline -0.002 -11"><span class='ocrx_word' id='word_1_865' title='bbox 1396 3556 1438 3589; x_wconf 88' lang='grc'>29</span> <span class='ocrx_word' id='word_1_866' title='bbox 1455 3558 1568 3588; x_wconf 76' lang='lat' dir='ltr'><strong>saneta</strong></span> <span class='ocrx_word' id='word_1_867' title='bbox 1589 3556 1622 3588; x_wconf 93' lang='lat' dir='ltr'><strong><em>V</em></strong></span> <span class='ocrx_word' id='word_1_868' title='bbox 1642 3555 1653 3599; x_wconf 88' lang='grc' dir='ltr'><strong>ΙΙ</strong></span> <span class='ocrx_word' id='word_1_869' title='bbox 1676 3555 1732 3587; x_wconf 87' lang='lat' dir='ltr'><strong>sed</strong></span> <span class='ocrx_word' id='word_1_870' title='bbox 1753 3555 1797 3594; x_wconf 82' lang='lat' dir='ltr'><strong>V]</strong></span> <span class='ocrx_word' id='word_1_871' title='bbox 1823 3557 1856 3587; x_wconf 83' lang='lat' dir='ltr'><strong>et</strong></span> <span class='ocrx_word' id='word_1_872' title='bbox 1876 3556 1980 3589; x_wconf 87' lang='lat' dir='ltr'><strong>Neob.</strong></span> <span class='ocrx_word' id='word_1_873' title='bbox 2004 3558 2052 3588; x_wconf 87' lang='lat' dir='ltr'><strong>set</strong></span> <span class='ocrx_word' id='word_1_874' title='bbox 2072 3558 2106 3589; x_wconf 88' lang='lat' dir='ltr'><strong>et</strong></span> <span class='ocrx_word' id='word_1_875' title='bbox 2123 3556 2156 3589; x_wconf 90' lang='lat' dir='ltr'><em>T</em></span> <span class='ocrx_word' id='word_1_876' title='bbox 2173 3555 2186 3600; x_wconf 75' lang='grc' dir='ltr'><strong>ΙΙ</strong></span> <span class='ocrx_word' id='word_1_877' title='bbox 2213 3558 2253 3591; x_wconf 83' lang='lat'><strong>31</strong></span> <span class='ocrx_word' id='word_1_878' title='bbox 2280 3554 2469 3588; x_wconf 73' lang='lat' dir='ltr'><strong>hominibu-</strong></span> 
     </span>
     <span class='ocr_line' id='line_1_99' title="bbox 1396 3599 2185 3645; baseline 0.003 -13"><span class='ocrx_word' id='word_1_879' title='bbox 1396 3601 1444 3632; x_wconf 77' lang='lat' dir='ltr'><strong>eet</strong></span> <span class='ocrx_word' id='word_1_880' title='bbox 1470 3600 1502 3633; x_wconf 90' lang='lat' dir='ltr'><em>T</em></span> <span class='ocrx_word' id='word_1_881' title='bbox 1521 3599 1533 3645; x_wconf 80' lang='grc' dir='ltr'><strong>ΙΙ</strong></span> <span class='ocrx_word' id='word_1_882' title='bbox 1562 3602 1660 3643; x_wconf 73' lang='lat' dir='ltr'><strong>3lsq.</strong></span> <span class='ocrx_word' id='word_1_883' title='bbox 1684 3599 1895 3632; x_wconf 82' lang='lat' dir='ltr'><strong>manifestum</strong></span> <span class='ocrx_word' id='word_1_884' title='bbox 1920 3600 2111 3633; x_wconf 77' lang='lat' dir='ltr'><strong>estissimam</strong></span> <span class='ocrx_word' id='word_1_885' title='bbox 2134 3600 2185 3634; x_wconf 80' lang='lat'><strong>1⁷⁰</strong></span> 
     </span>
    </p>
   </div>
   <div class='ocr_carea' id='block_1_51' title="bbox 2545 2756 2592 3221">
    <p class='ocr_par' dir='ltr' id='par_1_51' title="bbox 2545 2756 2592 3221">
     <span class='ocr_line' id='line_1_100' title="bbox 2545 2756 2592 3221; baseline 0 619"><span class='ocrx_word' id='word_1_886' title='bbox 2545 2756 2592 3221; x_wconf 95' lang='lat' dir='ltr'><strong> </strong></span> 
     </span>
    </p>
   </div>
   <div class='ocr_carea' id='block_1_52' title="bbox 2566 2463 2592 2543">
    <p class='ocr_par' dir='ltr' id='par_1_52' title="bbox 2566 2463 2592 2543">
     <span class='ocr_line' id='line_1_101' title="bbox 2566 2463 2592 2543; baseline -0.038 0"><span class='ocrx_word' id='word_1_887' title='bbox 2566 2463 2592 2543; x_wconf 57' lang='grc' dir='ltr'><strong>ξι</strong></span> 
     </span>
    </p>
   </div>
  </div>
 </body>
</html>
