2592 3840
1325 68 1410 118 236

249 185 482 231 ἆνθυπατείᾳ
513 184 761 232 τετιμήκαμεν,
796 176 835 229 ἧς
861 182 1020 220 Ἀκάκιος
1055 188 1275 230 προέστηκεν
1305 182 1324 219 ὃ
1392 183 1654 225 honoravimus,
1689 181 1746 217 cui
1770 181 1926 217 Aeacius
1950 181 2106 227 praefuit
2128 181 2352 226 magnificus,
2384 191 2463 226 spe-

248 232 639 280 μεγαλοπρεπέστατος,
660 229 921 275 σπεκταβιλίαν
936 243 977 264 τε
991 227 1243 274 ἀποφήναντες
1257 231 1324 273 τὴν
1394 229 1629 272 ctabilemque
1660 227 1882 263 declarantes
1914 226 2256 262 administrationem
2287 230 2322 262 et
2347 226 2467 261 omnia

249 274 363 324 ἀρχὴν
385 281 444 311 καὶ
463 278 585 312 πάντα
608 276 729 311 δόντες
753 275 842 322 αὐτῇ
874 273 994 310 ὁπόσα
1025 273 1200 320 προςῆκόν
1224 276 1325 309 ἐστιν
1393 274 1518 309 dantes
1542 273 1575 308 ei
1599 282 1690 317 quae
1714 273 1918 316 competens
1943 273 1999 306 est
2019 271 2379 316 proconsularitatem
2401 270 2465 306 ha-

250 319 506 357 ἆνθυπατείαν
529 325 640 364 ἔχειν·
678 320 786 364 στολῆ
809 333 850 354 τε
872 319 918 365 χά
971 315 1084 362 αὐτὴν
1111 318 1324 364 κατεκοσμὴ-
1393 319 1488 354 bere.
1536 318 1636 353 Stola
1675 326 1815 362 quoque
1851 325 1929 351 eam
1965 315 2208 351 decoravimus
2242 315 2467 360 proconsulis

251 378 366 411 σαμεν
385 365 601 401 ἀνθυπάτου
624 369 684 400 καὶ
704 357 827 401 πάντα
850 332 1037 398 ἀκόλουθα
1069 361 1208 399 τούτοις
1231 366 1325 407 ἔχειν
1360 367 1379 399 5
1394 369 1430 398 et
1449 363 1566 399 omnia
1610 372 1678 397 uae
1694 363 1782 396 haec
1803 364 2000 406 sequuntur
2016 361 2147 396 habere
2162 360 2410 405 disposuimus,
2433 363 2469 396 et

252 409 536 456 διετυπώσαμεν.
582 414 641 444 καὶ
676 410 794 445 πόλεις
829 407 919 456 αὐτῇ
954 405 1163 453 δεδώκαμεν
1198 408 1324 444 Θεοδο-
1393 409 1501 444 urbes
1526 408 1559 443 ei
1607 407 1742 442 edimus
1760 406 2082 451 Theodosiopolim,
2108 415 2213 450 quam
2236 405 2343 440 etiam
2367 405 2467 449 prius

253 456 440 491 σιούπολίν
463 469 518 497 τε,
547 453 591 499 ἣν
613 458 673 488 καὶ
697 454 874 501 πρότερον
898 453 979 495 εἶχε,
1010 451 1180 488 Σάταλάν
1202 467 1242 488 τε
1265 457 1325 488 καὶ
1392 453 1530 494 habuit,
1548 455 1584 487 et
1597 452 1755 487 Satalam
1773 453 1809 486 et
1821 451 2021 495 Nicopolim
2038 455 2073 485 et
2086 450 2268 486 Coloniam
2288 459 2333 485 ex
2352 450 2469 495 prima

253 499 454 535 Νικόπολιν
473 504 532 534 καὶ
546 498 755 534 Κυλώνειον
771 501 809 532 ἐκ
827 500 889 541 τῆς
905 500 1035 544 πρώην
1051 498 1197 545 πρώτης
1205 496 1324 545 Ἀρμε-
1393 498 1527 533 dudum
1544 497 1712 531 Armenia
1734 499 1943 541 nuncupata
1967 499 2147 531 sumentes
2172 495 2470 540 Trapezuntaque

252 549 329 579 νίας
352 545 566 589 καλουμένης
589 544 769 588 λαβόντες,
796 540 1050 590 Τραπεζοῦντα
1072 556 1113 578 τε
1133 547 1193 577 καὶ
1211 547 1325 589 Κερα-
1393 545 1430 578 et
1454 542 1686 578 cerasuntem
1716 551 1761 577 ex
1785 542 1899 576 Ponto
1933 540 2065 576 dudum
2097 540 2346 576 Polemoniaco
2377 549 2469 574 nun-

253 592 387 624 σοῦντα
410 592 449 623 ἐκ
472 589 615 624 Πόντου
645 590 708 623 τοῦ
739 587 869 634 πρώην
892 587 1171 633 Πολεμωνιακοῦ
1201 587 1324 623 καλου·
1340 591 1380 624 10
1395 590 1538 632 cupato,
1564 590 1789 622 secernentes
1814 595 1935 621 earum
1955 585 2045 620 alias
2067 585 2206 630 quidem
2230 595 2252 620 a
2272 584 2469 620 clarissimo

251 638 375 678 μένου,
406 639 623 681 χωρίσαντες
654 631 778 667 αὐτῶν
807 632 869 667 τὰς
890 635 958 677 μὲν
985 634 1049 667 τοῦ
1073 633 1118 667 λα
1145 632 1326 679 προτάτου
1393 632 1596 677 provinciae
1618 631 1744 674 iudice,
1774 631 1864 666 alias
1895 634 2014 666 autem
2045 640 2067 665 a
2097 629 2286 675 spectabili
2308 629 2470 665 modera-

253 681 314 721 τῆς
337 681 505 725 ἐπαρχίας
535 678 702 723 ἄρχοντος
734 677 798 712 τὰς
828 676 868 712 δὲ
903 678 967 712 τοῦ
998 647 1239 724 περιβλιιέπτου
1265 690 1325 722 μο-
1393 682 1484 718 tore,
1509 679 1644 721 septem
1668 676 1869 711 civitatibus
1892 679 2004 711 totam
2029 675 2249 721 provinciam
2271 676 2470 710 statuentes

253 722 462 769 δεράτωρος,
494 723 587 758 ἑπτά
609 736 649 756 τε
673 721 799 757 πόλεσι
828 722 897 766 τὴν
918 720 1006 765 ὅλην
1029 725 1205 768 ἐπαρχίαν
1228 735 1326 769 περι·
1395 726 1431 757 et
1454 721 1713 765 quodammodo
1738 720 1929 756 confinium
1952 724 2007 756 est
2030 730 2165 756 earum.

253 767 447 810 στήσαντες
481 771 541 801 καὶ
570 765 690 802 ὁπόσα
722 769 785 811 τῆς
814 766 1030 814 περιοικίδος
1061 770 1161 802 ἐστὶν
1192 765 1326 802 αὐτῶν.

252 815 273 847 1
319 814 496 859 Δευτέραν
525 811 565 846 δὲ
595 811 770 857 ἐτάξαμεν
796 810 987 860 Ἀρμενίαν
1017 811 1085 856 τὴν
1116 813 1328 859 ἔμπροσθεν
1343 816 1382 848 15
1396 812 1416 846 1
1464 810 1663 845 Secundam
1682 819 1765 845 vero
1787 809 2027 845 ordinavimus
2038 810 2242 844 Armeniam
2286 808 2364 843 rius
2379 807 2471 842 Pru·

253 855 404 903 πρώτην
427 857 658 901 καλουμένην,
678 855 716 900 ἧς
735 858 874 904 ἡγεῖται
886 857 1099 901 Σεβάστεια,
1126 857 1245 893 πόλεις
1266 854 1327 890 αὖ·
1396 865 1472 891 sam
1497 858 1756 899 nuncupatam,
1789 854 1849 890 eui
1879 858 2023 899 praeest
2046 854 2258 898 Sebastiopo
2272 853 2322 896 is,
2351 852 2385 888 ei
2406 852 2471 886 tri-

252 905 296 948 τῄ
315 906 587 947 προςνείμαντες
609 901 677 945 τήν
695 915 735 936 τε
757 904 836 937 τῶν
849 902 1181 947 Σεβαστοπολιτῶν
1200 900 1245 946 ἣν
1268 904 1328 936 καὶ
1396 901 1546 936 buentes
1570 903 1606 935 et
1628 899 1985 944 Sebastiopolitarum
2018 908 2123 944 quam
2154 898 2261 933 etiam
2309 897 2385 932 rius
2407 896 2472 931 ha-

252 946 430 993 πρότερον
453 947 533 989 εἶχε,
557 950 617 980 καὶ
641 946 730 992 πρός
751 961 792 995 γε
816 947 969 990 Κόμανά
992 961 1033 982 τε
1056 950 1095 981 ἐκ
1119 949 1182 982 τοῦ
1203 946 1327 981 καλου·
1396 946 1485 987 buit‚
1518 946 1599 980 insu
1627 954 1665 980 er
1688 947 1724 979 et
1748 944 1905 979 Comana
1937 954 1982 979 ex
2005 943 2184 989 appellato
2207 942 2266 988 pri
2291 953 2345 977 em
2369 941 2472 977 Pole-

250 995 360 1045 μένου
381 991 511 1037 πρώην
528 991 809 1036 Πολεμωνιακοῦ
821 991 963 1027 Πόντου
982 996 1042 1026 καὶ
1063 990 1185 1035 Ζῆλαν
1206 994 1243 1025 ἐκ
1263 993 1327 1026 τοῦ
1396 991 1558 1025 moniaco
1619 993 1705 1025 onto
1734 992 1771 1024 et
1799 989 1922 1024 Zelam
1953 998 1997 1024 ex
2027 989 2276 1033 Helenoponto
2305 996 2372 1022 nec
2401 995 2474 1021 non

256 1035 517 1076 Ελενοπόντου,
555 1040 614 1070 καὶ
645 1036 718 1081 μὴν
750 1040 809 1071 καὶ
841 1041 992 1083 Βρίσαν,
1029 1034 1120 1072 ὥςτε
1148 1039 1188 1071 ἐν
1220 1039 1329 1071 πέντε
1341 1039 1383 1071 20
1397 1038 1433 1070 et
1457 1036 1620 1076 Bersam,
1651 1036 1695 1069 ut
1725 1034 1763 1069 in
1793 1033 1949 1079 quinque
1979 1033 2182 1069 civitatibus
2214 1033 2261 1068 sit
2290 1031 2475 1077 provincia

252 1079 401 1116 πόλεσιν
429 1081 523 1115 εἶναι
553 1080 621 1124 τὴν
652 1083 829 1129 ἐπαρχίαν
859 1080 1007 1125 ταύτην,
1039 1085 1098 1116 καὶ
1130 1081 1194 1125 τὴν
1217 1079 1341 1128 ἀρχὴν,
1396 1080 1497 1122 haec,
1518 1082 1556 1115 et
1575 1079 1917 1114 administrationem
1934 1078 2170 1124 praesidalem
2189 1077 2400 1113 existentem
2417 1085 2474 1111 re-

252 1123 446 1173 ἡγεμονίαν
465 1120 580 1161 οὖσαν
599 1126 858 1162 καταλιπόντες
882 1129 943 1162 ἐπὶ
966 1128 1030 1161 τοῦ
1051 1130 1225 1172 προτέρου
1249 1126 1328 1169 σχή-
1396 1125 1598 1170 linquentes
1620 1124 1658 1159 in
1681 1124 1793 1168 priori
1815 1124 1931 1168 figura
1952 1126 1989 1159 et
2010 1124 2163 1159 iudicem
2187 1123 2263 1158 eius
2287 1122 2385 1157 nullo
2410 1121 2471 1156 de-

251 1182 363 1215 ματος
396 1174 455 1205 καὶ
489 1170 556 1206 τὸν
590 1170 747 1218 ἄρχοντα
785 1169 893 1215 αὐτῆς
917 1169 1050 1206 ὀὐδενὶ
1088 1171 1329 1215 κοσμήσαντες
1398 1173 1563 1206 corantes
1587 1170 1728 1204 nomine
1748 1169 1897 1214 potiori,
1926 1169 1990 1205 sed
2014 1167 2110 1214 quod
2132 1168 2232 1213 prius
2256 1166 2383 1203 habuit
2404 1166 2475 1201 hoc

252 1213 405 1260 ὀνόματι
435 1218 591 1260 μείζονι,
624 1214 705 1251 ἀλλ’
732 1214 753 1251 ὃ
782 1215 960 1263 πρότερον
991 1217 1060 1260 εἶχε
1091 1218 1198 1251 τοῦτο
1230 1214 1327 1258 αὐτῷ
1398 1215 1430 1249 ei
1453 1214 1701 1260 relinquentes.

252 1261 277 1296 2
322 1260 591 1296 καταλιπόντες.
637 1261 719 1296 Ἐπὶ
747 1260 886 1296 τούτοις
916 1275 956 1296 τε
985 1266 1112 1308 τρίτῃν
1140 1260 1330 1307 Ἀρμενίαν
1343 1263 1384 1295 25
1397 1260 1422 1295 2
1467 1259 1525 1294 Ad
1548 1261 1638 1294 haec
1667 1260 1787 1294 autem
1812 1258 1954 1294 tertiam
1977 1257 2182 1293 Armeniam
2214 1255 2474 1298 constituimus,

1059 1306 1068 1316 ‘
1117 1303 1125 1315 ‘
1398 1304 1497 1349 prius
1519 1307 1556 1339 et
1576 1304 1779 1346 secundam,
1803 1303 1861 1339 cui
1882 1306 2026 1349 praeest
2045 1302 2212 1338 Melitene
2239 1301 2362 1338 civitas
2383 1301 2474 1336 anti·

254 1350 379 1394 λιτηνη
402 1350 504 1385 πόλις
527 1348 669 1397 ἀρχαία,
694 1350 796 1386 πόλις
819 1353 1003 1396 ἐπίσημος,
1027 1353 1068 1385 έν
1087 1351 1187 1395 καλῷ
1210 1363 1250 1385 τε
1269 1352 1331 1396 γῆς
1399 1360 1488 1394 qua,
1522 1349 1647 1384 civitas
1678 1349 1886 1391 mediocris,
1921 1349 1959 1383 in
1983 1349 2078 1384 bona
2107 1350 2206 1383 terra
2237 1350 2273 1382 et
2298 1349 2381 1382 aere
2410 1356 2475 1391 po-

254 1400 314 1430 καὶ
338 1393 438 1442 ἀέρος
460 1398 603 1440 κειμένη
625 1398 685 1430 καὶ
708 1394 791 1430 οὐδὲ
812 1396 936 1442 πόρρω
960 1394 1142 1430 διεστῶσα
1164 1398 1243 1430 τῶν
1266 1396 1330 1428 τοῦ
1399 1395 1470 1429 sita
1494 1403 1562 1429 nec
1585 1395 1710 1439 procul
1733 1394 1870 1429 distans
1890 1403 1913 1428 a
1927 1392 2099 1429 fluctibus
2114 1392 2334 1437 Euphratae.
2370 1390 2476 1426 Hanc

255 1439 446 1487 Εὐφράτου
471 1438 669 1485 ῥευμάτων.
715 1441 855 1484 ταύτην
879 1438 1054 1485 ᾠήθημεν
1078 1440 1155 1475 δεῖν
1175 1441 1265 1474 κατὰ
1289 1439 1331 1473 τὸ
1399 1439 1660 1475 aestimavimus
1698 1441 1866 1484 oportere
1902 1438 1941 1474 in
1979 1437 2158 1483 praesenti
2195 1446 2325 1481 augere
2366 1438 2401 1471 et
2438 1435 2476 1471 in

255 1486 375 1532 παρὸν
407 1483 559 1529 αὐξῆσαι
588 1489 648 1519 καὶ
679 1486 727 1520 εἰς
754 1485 797 1520 τὸ
828 1487 908 1520 τῶν
930 1485 1200 1529 σπεκταβιλίων
1225 1497 1331 1530 μετα·
1345 1487 1387 1520 30
1400 1484 1648 1529 spectabilium
1671 1486 1810 1519 mutare
1833 1483 1992 1528 figuram,
2023 1483 2244 1527 iudicemque
2263 1482 2344 1522 ,eius
2367 1481 2475 1516 Iusti-

255 1533 385 1574 στῆσαι
409 1533 544 1574 σχῆμα,
576 1529 642 1564 τόν
672 1544 713 1565 τε
736 1528 890 1578 ἄρχοντα
919 1528 1050 1574 ταύτης
1077 1529 1332 1565 Ἰουστινιανὸν
1399 1531 1543 1564 nianum
1567 1529 1753 1564 nominare
1777 1529 1950 1571 comitem,
1982 1531 2018 1564 et
2040 1528 2127 1563 dare
2150 1527 2185 1562 ei
2215 1529 2252 1562 et
2273 1536 2340 1572 pro
2364 1535 2475 1561 anno-

254 1573 431 1620 ὀνομάσαι
455 1573 604 1619 κόμητα,
629 1574 757 1610 δοῦναί
779 1589 818 1610 τε
839 1573 939 1619 αὐτῷ
963 1579 1023 1609 καὶ
1044 1573 1134 1622 ὑπὲρ
1154 1573 1332 1618 σιτήσεων
1399 1575 1454 1610 nis
1489 1574 1624 1610 solidos
1660 1574 1902 1619 septingentos
1944 1576 1980 1609 et
2014 1573 2090 1609 eius
2130 1571 2305 1608 assessori
2343 1571 2477 1607 solidos

256 1621 389 1656 solidos
411 1620 653 1665 septingentos
685 1625 746 1654 καὶ
768 1622 821 1665 τῷ
830 1634 884 1674 yn
908 1619 1018 1655 αὐτοῦ
1050 1618 1219 1665 παρέδρῳ
1250 1620 1332 1655 soli·
1400 1619 1627 1665 septuaginta
1652 1619 1722 1655 duo
1755 1619 1946 1664 officioque
1977 1618 2054 1654 eius
2077 1617 2210 1654 solidos
2234 1626 2381 1652 numero
2405 1619 2477 1651 tre·

255 1666 321 1701 dos
352 1665 579 1710 septuaginta
610 1666 680 1701 duo
710 1669 771 1699 καὶ
800 1679 846 1713 τῃ
868 1678 909 1712 γε
933 1663 1042 1699 αὐτοῦ
1070 1665 1168 1706 τάξει
1200 1665 1332 1700 solidos
1402 1667 1524 1700 centos
1549 1664 1744 1709 sexaginta,
1769 1668 1806 1699 et
1829 1664 1948 1700 omnia
1970 1663 2104 1699 habere
2135 1671 2225 1708 quae
2247 1661 2371 1696 talium
2392 1670 2477 1713 pro-

256 1710 452 1754 sexaginta,
472 1709 618 1745 ἷὶπαντά
636 1723 676 1744 τε
694 1714 789 1753 ἔχειν
804 1712 923 1745 ὁπόσα
941 1711 1018 1745 τῶν
1035 1711 1212 1745 τοιούτων
1233 1712 1333 1744 ἐστὶν
1345 1712 1386 1744 35
1400 1710 1482 1754 pria
1516 1713 1601 1745 sunt
1635 1709 1788 1754 sedium3
1826 1712 1863 1744 et
1897 1708 2033 1754 pridem
2069 1708 2271 1743 nominatos
2306 1706 2478 1742 officiales

255 1754 332 1789 ἴδια
355 1752 519 1801 θρόνων.
566 1754 647 1789 τούς
669 1769 709 1789 τε
732 1755 862 1801 πρώην
892 1753 1175 1800 ὀνομαζομένους
1198 1752 1331 1796 ταξεώ-
1402 1755 1521 1790 omnia
1541 1754 1682 1800 quidem
1697 1764 1803 1799 agere
1824 1763 2068 1808 quaecumque
2085 1756 2122 1788 et
2141 1753 2251 1798 prius,
2273 1755 2308 1787 et
2327 1751 2478 1786 maxime

255 1811 320 1834 τας
343 1798 463 1835 πάντα
491 1802 559 1844 μὲν
580 1798 753 1846 πράττειν
784 1798 903 1835 ὁπόσα
934 1804 995 1834 καὶ
1017 1800 1240 1846 ἔμπροσθεν,
1275 1802 1335 1834 καὶ
1404 1800 1500 1835 circa
1523 1800 1702 1844 publicam
1727 1801 1951 1835 exactionem
1972 1808 2118 1840 vacare,
2149 1798 2187 1833 in
2209 1796 2478 1832 comitianorum

255 1844 412 1889 μάλιστα
435 1848 517 1891 περὶ
540 1844 607 1888 τὴν
627 1843 805 1889 δημοσίαν
821 1845 1003 1892 εἴςπραξιν
1023 1844 1258 1889 ἠσχολῆσθαι,
1282 1845 1330 1879 εἰς
1397 1854 1482 1881 vero
1505 1845 1953 1890 appellationem‘mutari,
1987 1843 2149 1880 omnibus
2178 1842 2229 1878 eis
2257 1841 2310 1877 ita
2331 1850 2477 1878 servan·

257 1888 298 1924 δὲ
316 1889 384 1933 τὴν
402 1891 481 1925 τῶν
500 1891 724 1935 κομιτιανῶν
743 1894 979 1937 προςηγορίαν
993 1889 1221 1935 μεταβαλεῖν,
1242 1890 1330 1925 πάν·

246 75 355 120 Nov.
385 76 532 119 XXXI
559 80 578 119 1
1799 83 1860 115 ns
1890 81 2195 115 msposmonn
2225 80 2464 120 QUATTUOR

252 1305 556 1359 κατεστησάμεθα
572 1304 639 1349 τὴν
659 1304 837 1353 πρότερον
854 1305 1034 1353 δευτέραν,
1053 1319 1092 1349 ης
1107 1310 1243 1353 ηγεῖται
1258 1309 1328 1340 Με-

255 1979 432 2022 ravimus,
464 1978 523 2014 cui
551 1979 705 2014 Aeacius
733 1979 901 2025 praefuit
931 1978 1322 2025 maqnificentissimus‚
1353 1989 1433 2014 cum
1464 1982 1501 2014 et
1532 1983 1573 2014 ut
1602 1977 1810 2024 spectabilis
1838 1977 1888 2014 sit
1914 1978 2152 2024 maqistratus
2181 1976 2416 2023 effecerimus
2444 1979 2480 2012 et

258 2025 378 2059 omnia
401 2025 434 2059 ei
457 2024 659 2060 dederimus
688 2035 781 2070 quae
796 2026 1098 2076 proconsulatum
1122 2023 1254 2059 habere
1276 2035 1355 2076 par
1377 2027 1448 2059 est:
1482 2024 1579 2059 stola
1610 2023 1703 2059 enim
1730 2023 1962 2069 proconsulis
1987 2033 2066 2058 eum
2097 2021 2345 2058 decoravimus
2374 2025 2410 2056 et
2439 2023 2482 2056 ut

258 2070 380 2104 omnia
429 2080 498 2105 uae
520 2069 578 2104 bis
600 2074 827 2105 consectaria
849 2073 934 2104 sunt
962 2068 1093 2104 babeat
1116 2069 1375 2104 constituimus.
1429 2068 1478 2104 Et
1500 2068 1606 2111 urbes
1630 2068 1663 2103 ei
1685 2067 1848 2103 dedimus
1873 2066 2207 2113 Theodosiopolim,
2239 2076 2348 2112 quam
2372 2066 2479 2101 etiam

283 2115 362 2149 rius
417 2114 561 2157 abebat,
592 2118 629 2150 et
651 2113 817 2150 Satalam
848 2117 883 2149 et
905 2113 1112 2160 Nicopolim
1141 2119 1178 2149 et
1202 2112 1387 2149 Coloniam
1418 2124 1469 2149 ex
1496 2114 1623 2160 priore
1654 2123 1748 2159 quae
1779 2117 1887 2148 antea
1906 2113 1984 2157 fuit
2005 2112 2174 2148 Armenia
2198 2113 2415 2158 assumptaS,
2445 2114 2481 2147 et

248 2178 253 2183 —
288 2163 492 2206 rapezunta
515 2164 551 2195 et
572 2158 769 2194 Cerasunta
792 2170 842 2195 eoe
862 2158 982 2194 Ponto
1007 2158 1071 2205 qui
1093 2162 1202 2194 antea
1226 2159 1424 2195 vocabatur
1441 2158 1712 2200 Polemoniae-0,
1743 2168 1868 2192 earum
1892 2157 1976 2192 aliis
1999 2168 2023 2192 a
2046 2156 2246 2192 clarissimo
2264 2155 2481 2202 provinciae

254 2203 436 2250 praeside,
460 2203 546 2239 aliis
568 2215 591 2239 a
613 2204 805 2250 spectabili
824 2204 1056 2240 moderatore
1079 2204 1272 2250 separatis,
1298 2208 1340 2239 ut
1358 2206 1492 2250 septem
1515 2202 1663 2238 urbibus
1686 2206 1722 2238 et
1743 2213 1838 2248 quae
1867 2202 1905 2237 in
1929 2201 2060 2238 vicinia
2083 2212 2208 2237 earum
2231 2204 2317 2236 sunt
2339 2200 2479 2236 univer-

257 2250 279 2285 1
324 2259 402 2284 sam
420 2249 650 2296 provinciam
674 2248 1054 2285 circumscriberemus.
1125 2247 1329 2284 Secundam
1353 2252 1472 2284 autem
1494 2247 1715 2283 instituimus
1737 2247 1955 2295 Armeniam,
1984 2257 2077 2292 quae
2100 2250 2208 2281 antea
2225 2245 2351 2293 prima
2374 2255 2478 2281 voca-

258 2295 377 2336 batur,
402 2294 504 2329 cuius
527 2298 639 2341 caput
660 2298 715 2330 est
737 2293 916 2336 Sebastia‚
940 2294 1047 2329 urbes
1068 2294 1307 2329 attribuentes
1329 2293 1363 2329 ei
1385 2297 1421 2328 et
1443 2291 1844 2339 Sebastopolitanorum
1868 2301 1978 2338 quam
2001 2291 2108 2327 etiam
2124 2291 2235 2338 prius
2258 2289 2423 2333 habebat,
2445 2291 2481 2325 et

251 2343 450 2385 praeterea
474 2338 634 2374 Comana
663 2349 712 2375 ex
735 2338 855 2374 Ponto
887 2339 951 2385 qui
980 2339 1065 2374 olim
1096 2337 1298 2374 vocabatur
1321 2337 1577 2374 Polemoniaco
1608 2341 1645 2373 et
1675 2336 1798 2373 Zelam
1827 2347 1877 2373 ea:
1905 2335 2046 2372 Heleno
2075 2341 2162 2372 onto
2194 2340 2303 2382 atque
2335 2333 2480 2371 Brisam

258 2394 420 2430 quoque,
452 2384 505 2419 ita
535 2388 577 2419 ut
599 2384 759 2430 quinque
788 2383 937 2420 urbibus
966 2383 1055 2419 haec
1078 2383 1273 2430 provincia
1304 2387 1459 2425 constet,
1494 2388 1531 2418 et
1558 2386 1750 2430 potestate,
1783 2392 1877 2428 quae
1933 2347 2125 2417 raesitsslis
2154 2384 2252 2424 erat,
2285 2380 2326 2415 in
2353 2379 2481 2427 priore

257 2430 384 2508 {orma
412 2429 541 2464 relicta
572 2434 607 2465 et
633 2428 806 2476 praeside
837 2429 914 2464 eius
943 2428 1045 2464 nullo
1077 2428 1221 2464 nomine
1251 2428 1429 2475 ampliore
1459 2433 1603 2470 ornato,
1621 2427 1703 2463 >sed
1733 2437 1775 2463 eo
1811 2437 1883 2479 quo
1940 2430 2024 2462 ante
2053 2425 2209 2462 babebat
2236 2425 2309 2472 ipsi
2341 2424 2479 2461 relicto.

328 2471 527 2509 Praeterea
550 2475 691 2510 tertiam
707 2475 914 2510 Armeniam
936 2474 1197 2516 constituimus,
1221 2484 1316 2519 quae
1335 2473 1442 2520 prius
1463 2472 1623 2509 secunda
1646 2475 1738 2514 erat,
1763 2482 1866 2507 cutus
1888 2475 2000 2519 caput
2021 2475 2077 2508 est
2090 2470 2259 2507 Melitene
2281 2469 2367 2506 urbs
2387 2468 2480 2505 anti-

260 2528 346 2569 qua,
369 2518 455 2553 urbs
478 2518 642 2564 insignis,
665 2518 702 2553 in
726 2518 818 2554 bono
840 2519 920 2554 solo
943 2523 980 2555 et
1001 2522 1086 2554 aere
1107 2518 1180 2554 sita
1210 2528 1276 2553 nec
1296 2518 1430 2564 procul
1452 2518 1592 2553 distans
1615 2517 1660 2553 ab
1685 2516 1876 2563 Euphrate
1895 2516 2017 2563 fluvio.
2067 2515 2175 2551 Hanc
2196 2514 2482 2551 existimavimus

260 2573 300 2597 m
317 2564 530 2608 praesentia
561 2563 764 2610 auqendam
793 2567 829 2599 et
858 2563 908 2599 ad
936 2562 1185 2610 spectabilium
1216 2563 1378 2609 formam
1409 2562 1700 2608 transferendam
1731 2561 1819 2605 esse,
1847 2562 1994 2607 eiusque
2013 2560 2217 2608 praesidem
2240 2558 2482 2596 lastinianum

261 2607 424 2642 comitem
444 2608 714 2651 nominandum,
736 2608 948 2655 dandosque
968 2610 1042 2661 ipsi
1057 2619 1128 2654 pro
1147 2608 1303 2643 annonis
1321 2607 1458 2643 solidos
1473 2607 1724 2654 septinqentos
1743 2614 1779 2643 et
1797 2606 1975 2642 assessori
1996 2607 2075 2642 eius
2092 2604 2230 2641 solidos
2248 2604 2482 2651 scptuaqinta

261 2650 355 2685 duos
377 2656 413 2686 et
435 2652 561 2699 officio
593 2653 670 2687 eius
691 2652 829 2688 solidos
850 2658 1063 2699 seaeaqmtm
1094 2653 1248 2699 denique
1271 2653 1394 2688 omnia
1424 2653 1460 2688 ei
1482 2651 1671 2688 tribuenda
1694 2662 1940 2698 quaecumque
1962 2650 2138 2687 eiusmodi
2165 2649 2303 2686 sedium
2319 2648 2481 2696 propria

262 2700 357 2731 sunt.
403 2696 451 2731 At
477 2707 522 2731 ue
545 2696 768 2742 officialibus
790 2698 853 2743 qui
876 2698 962 2733 olim
985 2698 1209 2734 vocabantur
1227 2698 1349 2733 omnia
1373 2697 1516 2744 quidem
1540 2696 1683 2743 aqenda
1706 2707 1783 2733 esse
1805 2707 1900 2742 quae
1919 2696 2027 2732 etiam
2044 2699 2164 2738 antea,
2187 2698 2223 2730 et
2241 2695 2400 2730 maxime
2419 2703 2483 2729 eos

262 2741 362 2776 circa
379 2707 562 2786 publicam
579 2742 806 2777 exactionem
827 2742 1069 2789 occupandos,
1088 2743 1127 2778 in
1143 2742 1420 2778 comitianorum
1435 2753 1520 2778 vero
1536 2741 1818 2788 appellationem
1835 2751 1912 2777 esse
1926 2739 2134 2783 mutandos,
2153 2738 2317 2777 omnibus
2330 2738 2383 2775 eis
2395 2748 2480 2785 per-

308 2832 329 2864 2
352 2829 614 2873 σπεκταβιλίαν
635 2843 675 2864 τε
699 2833 756 2873 Μ]
781 2827 1023 2877 περίβλεπτόν
1046 2843 1085 2866 τε
1108 2833 1178 2866 LB
1193 2832 1206 2876 11
1231 2834 1251 2866 4
1276 2829 1335 2864 αὗ-

263 2874 330 2910 τὸν
342 2877 374 2909 L
392 2876 405 2919 11
421 2878 440 2910 5
463 2873 677 2910 ἀνθυπάτου
689 2895 730 2900 —
748 2879 769 2910 6
785 2873 1061 2920 διετυπώσαμεν
1081 2878 1181 2910 om.L
1198 2877 1210 2921 11
1228 2879 1247 2912 8
1268 2889 1336 2910 κω-

264 2919 422 2973 λώνειαν1
444 2918 678 2985 Ιιοκολώνιαν
704 2921 824 2985 Theoti.
842 2921 854 2964 11
879 2924 899 2955 9
922 2923 982 2954 καὶ
1006 2935 1063 2956 om.
1081 2922 1112 2955 L
1129 2921 1141 2966 11
1173 2925 1209 2955 10
1233 2919 1337 2957 πολε-

263 2978 322 3046 5⁴1⁴?
321 2965 743 3052 ἔὲἴόῗαῆηὲεξῃῖωῗᾶἱοὲ
746 3010 757 3050 η
766 2966 815 3044 ²13ss
829 2964 1339 3058 λρὶιῖηἷεῖἰέιῖἰίέἔῖἦῖἷρῖηλ

266 3056 378 3090 MLB
404 3057 544 3089 Prusam
564 3066 585 3091 ς
610 3054 623 3098 11
646 3050 885 3097 *Σεβάστεια,
909 3052 1039 3095 πόλεις]
1063 3053 1254 3098 σεβάστεια
1274 3053 1339 3089 πό-

266 3100 318 3136 λις
342 3100 452 3134 MLB
476 3098 702 3142 sebastiopolis
722 3110 742 3135 e
759 3099 771 3142 11
792 3101 829 3132 17
853 3099 931 3132 τῶν
951 3111 1007 3132 om.
1022 3099 1089 3132 BL
1108 3099 1120 3143 11
1139 3101 1178 3134 18
1199 3097 1338 3143 κομανά

265 3159 305 3180 τε
326 3147 374 3186 L,
398 3141 551 3189 κώμανά
569 3155 609 3178 τε
629 3144 673 3177 Μ
700 3140 862 3186 κόμανάν
880 3155 920 3176 τε
940 3144 1134 3184 B(T}1eod.)
1161 3145 1173 3187 11
1206 3147 1245 3179 19
1271 3145 1338 3186 Ζῆ·

266 3191 335 3225 λαν
358 3192 394 3225 Β
418 3189 431 3234 11
452 3192 495 3224 20
519 3190 670 3235 Βρίσαν]
704 3189 878 3232 βέρισσαν
906 3188 1023 3221 Theod.
1056 3189 1189 3221 Bersam
1213 3200 1233 3225 ς
1256 3191 1339 3230 (Βη-

266 3240 382 3281 ρίσση,
406 3237 570 3280 Βιρίσση,
593 3231 752 3279 Βιρὴσση
777 3234 870 3266 audit
884 3233 916 3265 in
930 3232 1065 3266 Notitiis
1077 3237 1209 3276 metgop.
1222 3236 1253 3274 3,
1264 3235 1338 3267 170.

267 3285 299 3323 8,
319 3283 395 3316 285.
421 3282 454 3322 9,
477 3281 540 3315 194
563 3279 734 3331 Ρανεὴεργ
759 3277 772 3320 11
800 3278 842 3311 24
870 3273 982 3319 αὐτῷ]
1009 3272 1098 3309 αὐτὸ
1120 3277 1152 3310 L
1177 3278 1190 3321 11
1221 3280 1262 3312 25
1288 3279 1339 3318 τε]

266 3329 379 3361 autem
402 3323 453 3369 ς11
476 3326 519 3359 26
542 3321 704 3368 μελιτινη
728 3321 780 3355 B‘
793 3322 1032 3362 (Theod.Atl1.)
1051 3320 1063 3363 11
1092 3323 1131 3354 27
1158 3322 1339 3364 ἐπίσημος]

265 3372 442 3406 mediocris
465 3381 485 3407 ς
499 3370 512 3413 11
531 3371 574 3404 30
597 3364 867 3410 antemusium
886 3366 945 3406 Μ]
970 3362 1223 3410 περιβλέπτων
1236 3368 1304 3400 LB
1327 3367 1340 3410 11

268 3419 307 3451 31
330 3415 441 3460 ἄρχον
455 3411 588 3457 ταύτης
602 3414 634 3447 L
658 3412 671 3457 11
696 3414 738 3447 33
758 3411 881 3445 solidos
898 3410 1124 3453 septingentos
1139 3410 1340 3451 (solidasset-

266 3462 449 3504 tingentios
463 3460 507 3493 M
525 3455 669 3492 σολιδας
688 3457 919 3502 σοπτιγέντος
933 3455 977 3495 L)
992 3454 1197 3532 Μζιςὲἶιιὶᾞ
1219 3458 1340 3498 νομίσ-

266 3519 364 3550 ματα
376 3504 408 3539 τ’
418 3505 589 3545 ΒΤῘιεοό.,
597 3515 659 3538 av.
668 3502 740 3536 ML
751 3501 763 3545 11
774 3497 939 3548 προέὸρῳ
950 3500 984 3533 Β
993 3501 1091 3541 (avve
1116 3509 1174 3543 ρος
1185 3500 1318 3541 Theod.)
1330 3502 1341 3543 ζΙ

266 3552 388 3584 solidos
400 3550 612 3593 septuaginta
627 3547 846 3590 (sertuaginta
855 3545 898 3578 M
904 3551 912 3583 1
929 3545 995 3577 duo
1008 3544 1181 3585 Malum]
1199 3541 1341 3577 σολίδας

268 3607 511 3641 σεπτουαγιτα
535 3590 599 3626 δύο
623 3594 654 3626 L
686 3594 893 3636 νομίσματα
917 3591 988 3631 (om.
1010 3589 1055 3630 L)
1078 3586 1138 3667 off
1159 3589 1192 3622 Β
1209 3589 1340 3628 Thena,

268 3654 294 3677 s.
307 3654 336 3675 v.
351 3641 422 3674 ML
439 3641 452 3685 11
470 3641 512 3673 34
534 3638 656 3672 solidos
679 3637 850 3680 sexaginta
870 3634 1025 3679 M(1u1.)]
1050 3629 1093 3667 σό
1129 3629 1189 3667 doc
1207 3636 1339 3678 (νομίσ-

1403 2844 1503 2876 ματα
1525 2845 1551 2866 ε.
1576 2835 1619 2873 v.)
1655 2834 1846 2876 τρακέντος
1874 2831 2067 2876 σεξαγωτα
2090 2831 2122 2864 L
2135 2831 2182 2872 (e)
2215 2832 2324 2874 νομίσ
2351 2839 2422 2863 ara
2444 2825 2481 2868 ξ’

1404 2874 1590 2920 (ἑξήκοντα
1614 2877 1664 2918 Β)
1690 2878 1735 2911 Μ
1740 2890 1765 2911 s.
1779 2890 1821 2920 v.‚
1846 2877 1882 2911 B
1898 2876 2046 2920 ΤΙιεοά.11
2071 2877 2113 2910 35
2136 2886 2178 2909 τε
2201 2887 2258 2909 om.
2273 2875 2306 2908 L
2360 2875 2403 2908 39
2425 2883 2483 2908 κο·

1403 2922 1595 2965 μητιανῶν
1619 2922 1660 2956 Μ
1812 2933 1818 2936 ⁴

1452 3015 1471 3045 3
1496 3012 1527 3044 ei
1551 3024 1608 3044 om.
1628 3011 1713 3054 W„
1731 3012 1753 3045 4
1776 3009 1893 3043 stolam
1919 3010 1996 3043 libri
2009 3008 2022 3054 11
2040 3011 2123 3051 eam]
2149 3009 2236 3042 enim
2257 3009 2293 3042 V
2309 3018 2383 3042 eum
2395 3007 2482 3043 Nao-

1408 3058 1497 3100 burq.
1515 3055 1528 3099 11
1546 3058 1564 3090 't
1590 3056 1746 3089 habuerit
1774 3054 1863 3098 VTu
1877 3054 2013 3088 satalem
2043 3054 2100 3097 Vss
2116 3055 2136 3089 8
2159 3054 2378 3096 thrapezeuut
2396 3062 2481 3096 aque

1416 3102 1467 3135 Va
1491 3102 1776 3143 thrapezuntaque
1803 3097 1849 3140 ,ΙΝ
1878 3099 1891 3142 fl
1917 3101 1938 3134 9
1962 3099 2174 3132 cerassintem
2207 3097 2272 3143 Vl}
2295 3097 2481 3141 polemonis

1406 3149 1661 3189 conuncupatur
1681 3145 1715 3179 V
1728 3143 1915 3188 polemonia
1928 3154 1967 3177 eo
1979 3146 2194 3187 nuncupatur
2208 3143 2241 3176 T
2249 3145 2262 3187 11
2284 3144 2325 3177 10
2333 3155 2381 3186 eq.
2399 3142 2483 3177 aliu

1408 3209 1450 3214 —
1475 3190 1586 3223 iudice
1609 3203 1667 3224 om.
1690 3189 1744 3234 1711
1767 3191 1806 3223 12
1829 3190 1937 3222 totum
1959 3189 2013 3232 Vn
2035 3191 2073 3223 13
2099 3187 2351 3230 quodammodo]
2375 3186 2479 3230 qnod·-

1407 3245 1539 3277 cunque
1562 3236 1648 3280 vulq.
1665 3234 1678 3279 11
1698 3236 1740 3269 15
1763 3233 1943 3268 secundum
1964 3233 1999 3267 V
2014 3233 2162 3267 secunda
2184 3233 2238 3274 ΤΙΙ
2260 3234 2300 3266 16
2323 3232 2480 3265 sensatio-

1407 3279 1493 3322 polis
1515 3280 1543 3312 V
1558 3279 1570 3324 11
1592 3282 1628 3314 17
1654 3278 1958 3322 sebstiopolitarum
1979 3278 2013 3312 V
2028 3277 2377 3321 sebstiopolitanorum
2393 3276 2480 3311 Neo-

1410 3326 1500 3368 burq.
1521 3324 1828 3367 sebestopolitorum
1845 3322 1898 3368 Τ11
1922 3325 1959 3358 18
1978 3322 2167 3366 polemonia
2183 3324 2350 3365 conponto
2370 3321 2454 3355 Val-

1410 3370 1449 3401 19
1463 3378 1568 3401 zesam
1583 3370 1616 3403 T
1630 3370 1641 3413 11
1657 3369 1856 3412 elenoponto
1875 3369 1903 3402 V
1917 3366 1930 3412 11
1947 3369 1990 3402 22
2003 3367 2098 3401 nullo
2110 3367 2212 3412 ναις]
2227 3366 2358 3400 nullum
2378 3365 2458 3400 Val.

1410 3413 1452 3446 23
1476 3414 1615 3454 potioris
1640 3415 1717 3448 libri
1736 3413 1749 3458 11
1772 3413 1873 3456 quod]
1897 3413 1957 3455 qui
1977 3413 2031 3456 Vn
2055 3412 2210 3446 habuerit
2234 3412 2266 3445 V
2314 3412 2356 3445 24
2379 3407 2481 3444 relin-

1409 3457 1541 3497 quentis
1572 3457 1626 3502 Ῐ711
1657 3460 1699 3493 26
1723 3463 1756 3492 et
1779 3471 1836 3492 om.
1852 3459 1938 3502 vuly.
1965 3456 1978 3501 11
2000 3457 2155 3491 meletine
2174 3456 2209 3490 V
2224 3466 2276 3489 me
2291 3456 2382 3489 coine
2407 3454 2442 3489 T
2468 3452 2482 3498 Ι

1408 3500 1524 3533 civitas
1548 3503 1686 3544 antiqua
1710 3516 1767 3537 om.
1791 3501 1849 3547 Vn
1865 3504 1906 3537 27
1920 3502 2107 3543 mediocris]
2130 3500 2272 3543 insignis
2287 3513 2328 3534 vu
2365 3524 2385 3541 .,
2413 3507 2480 3532 non

1407 3545 1581 3578 mediocris
1609 3548 1838 3591 osenbrnzqqen
1863 3546 1876 3590 11
1901 3549 2023 3580 terram
2055 3547 2088 3579 V
2145 3547 2232 3587 aere]
2257 3555 2310 3578 ere
2384 3552 2480 3586 agere

1410 3589 1442 3622 T
1458 3588 1471 3633 11
1502 3591 1543 3623 28
1569 3591 1695 3623 eufrate
1716 3592 1780 3625 VT
1800 3591 1806 3633 1
1840 3593 1882 3625 30
1908 3593 2032 3625 matare
2051 3591 2102 3625 V⁰
2153 3591 2193 3625 31
2220 3589 2354 3623 nomino
2372 3587 2480 3632 libri!

1408 3635 1451 3668 36
1475 3637 1712 3677 quaecumque]
1738 3635 1796 3677 qui
1821 3646 1871 3669 em
1892 3636 1946 3670 V⁰
1963 3635 1977 3682 Ι
1992 3637 2034 3671 38
2058 3638 2186 3670 mutare
2201 3633 2237 3671 V
