2476 3854
217 85 326 131 Nov.
357 87 472 132 CXV
502 91 539 132 2.
571 91 595 131 3

217 199 311 241 &kent
340 200 490 245 πρᾶγμα
523 200 615 244 μετὰ
647 200 728 234 τοὺς
757 198 1038 247 διαγνωστικοὺς
1066 198 1208 248 ἀγῶνας
1235 205 1296 236 καὶ

216 244 282 278 τὰς
305 244 550 289 προθεσμίας,
578 242 620 278 ἃς
643 244 680 278 οἱ
701 245 806 289 νόμοι
830 247 908 280 τῶν
931 243 1153 287 ἀποδείξεων
1177 248 1297 282 ἕνεκεν

217 291 457 335 συγχωροῦσι,
490 289 538 333 μὴ
570 289 774 334 βούλεσθαι
805 289 994 337 ὁμολογεῖν
1026 288 1147 336 ἆρκεῖν
1179 292 1296 335 ἑαυτῷ

216 333 280 367 τὰς
296 331 533 379 δικαιολογίας
556 335 646 379 πρὸς
669 335 711 369 τὸ
735 335 785 380 μὴ
807 339 943 378 ταχέως
966 336 1035 380 τὴν
1050 337 1112 370 τοῦ
1132 335 1297 384 πράγμα-

216 389 276 412 τος
305 379 524 425 γνωσθῆναι
555 381 752 422 ποιότητα,
783 379 982 424 κελεύομεν,
1013 378 1102 416 aiere
1124 379 1230 425 ἡνίκα
1253 383 1296 417 τὸ

217 425 258 457 ἓν
286 425 362 457 τῶν
414 425 515 469 ιερῶν
544 427 622 459 ταῖς
651 423 758 460 ἰδίαις
787 423 1010 467 ἀποτάξεται
1034 424 1295 474 δικαιολογίαις,

215 468 259 502 τὸ
290 466 331 502 δὲ
352 438 439 502 ἅλιλο
469 471 574 513 μέρος
603 470 697 504 εἴποι
729 471 823 512 ἔχειν
853 483 888 505 τι
919 467 1011 517 ὅπερ
1043 468 1180 517 ὀφείλει
1211 486 1295 518 προ-

216 513 358 553 θεῖναι,
394 512 462 547 τὸν
492 515 553 548 τοῦ
585 514 795 561 πράγματος
825 513 1000 559 δικαστὴν
1031 519 1121 552 πᾶσι
1151 516 1296 563 τρόποις

215 558 259 591 τὸ
292 561 394 603 μέρος
424 558 467 592 τὸ
498 558 685 614 χριόμενον
715 561 760 607 τῇ
784 558 982 615 ὑπερθέσει
1011 562 1296 609 καταναγκάζειν

1287 87 1374 135 536

1795 105 1857 138 UT
1886 105 1979 138 CUM
2007 106 2068 138 DE
2094 105 2434 139 APPRLLATIONE

1365 202 1560 238 certamina
1582 203 1619 239 et
1642 202 1840 246 dilationes,
1865 213 1954 249 quas
1978 204 2228 250 probationum
2253 214 2362 242 causa
2385 205 2436 242 le-

1365 257 1426 291 ges
1450 247 1665 292 concedunt,
1697 248 1792 284 nolle
1816 248 1977 285 confiteri
2007 249 2235 295 allegationes
2265 250 2335 287 sibi
2361 250 2437 286 suf-

1365 293 1490 335 ficere,
1521 303 1567 328 ne
1590 293 1660 329 cito
1686 303 1816 329 causae
1839 294 1991 339 qualitas
2015 298 2239 339 agnoscatur,
2261 294 2436 339 iubemus,

1365 341 1407 372 ut
1422 337 1563 382 quando
1587 348 1660 373 una
1678 349 1764 383 pars
1784 338 2056 383 allegationibus
2079 339 2342 383 renuntiaverit,
2366 340 2438 376 alia

1333 385 1351 416 5
1366 392 1448 462 yego
1473 392 1557 428 pars
1581 383 1779 463 ‘tlii'xeritd'se
1802 383 1934 464 hab-{re
1962 384 2095 430 aliquid
2125 384 2219 429 quod
2248 388 2438 465 propontaltl,

1363 437 1953 518 {1¹31550350013pss1iai⁸18t¹l¹l²¹tr¹1²⁸·
1963 434 2310 519 θὲωᾱξὲέἵῐΐιέἒιξ
2325 434 2439 510 3120„

1364 527 1448 562 pars
1479 518 1736 554 renuntiaverit
1765 519 1908 564 quicqui
1965 519 2048 555 velit
2076 519 2153 555 sine
2179 519 2299 563 aliqua
2327 519 2439 555 inter-

1364 562 1531 598 missione
1561 573 1769 608 proponere.
1817 563 1920 608 Quod
1948 565 1979 599 si
2008 575 2081 600 non
2109 564 2252 607 fecerit,
2284 566 2370 600 tunc
2392 564 2438 600 ad

216 603 318 636 ἐντὸς
348 603 544 648 τριάκοντα
576 606 721 650 ημερῶν
754 619 846 649 μετα
879 619 922 640 το
956 606 1217 648 αποτάξασθαι
1251 607 1294 641 τὸ
1312 610 1350 643 10
1365 608 1440 643 eius
1463 608 1633 642 malitiam
1658 609 1893 654 superandam
1924 609 2016 645 alius
2047 620 2140 645 unus
2167 609 2297 645 mensis
2320 609 2438 645 indul-

215 649 339 693 ἕτερον
360 651 464 695 μέρος
487 645 579 695 ὅπερ
603 648 651 684 ἄν
666 649 840 694 βούληται
857 649 939 694 δίχα
955 651 1052 686 τινὸς
1066 651 1296 698 ὑπερθέσεως

215 693 444 737 προτιθέναι.
493 691 584 740 ὅπερ
607 696 638 728 εἰ
660 695 709 739 μὴ
726 695 897 738 ποιήσειε,
922 698 1121 739 τηνικαῦτα
1145 698 1235 743 πρὸς
1250 697 1293 731 τὸ

214 739 359 781 νικῆσαι
388 739 458 782 τὴν
490 737 601 773 αὐτοῦ
631 745 811 785 πονηρίαν
843 740 954 775 ἄλλον
976 743 1042 776 ἕνα
1069 744 1168 787 μῆνα
1198 742 1296 787 παρὰ

214 785 278 816 τοῦ
301 781 474 818 δικαστοῦ
492 783 787 839 φιλοτιμεῖσθαι.
834 787 865 819 εἰ
896 785 936 820 δὲ
963 789 1023 820 καὶ
1052 784 1166 822 οὕτως
1189 787 1295 832 ὑπὲρ·

1363 656 1489 697 geatur
1512 653 1558 688 ab
1581 653 1717 698 iudice;
1755 654 1787 689 si
1809 665 1890 690 vero
1922 656 1960 690 et
1989 655 2041 690 sic
2066 654 2261 698 distulerit,
2292 655 2439 690 alterius

1364 698 1471 732 unius
1495 698 1528 733 ei
1551 698 1675 734 dilatio
1697 699 1930 743 praebeatur:
1954 700 2005 734 ita
2023 704 2065 735 ut
2088 700 2117 735 si
2138 709 2252 745 usque
2270 700 2316 736 ad
2333 709 2438 745 prae-

1364 743 1479 778 dictos
1503 746 1576 778 tres
1600 753 1738 779 menses
1771 754 1860 789 quos
1885 743 2120 788 litigatoribus
2150 745 2438 790 protrahentibus

1364 788 1604 823 concessimus
1627 798 1712 824 suas
1735 799 1808 824 non
1831 789 2055 834 proposuerit
2073 790 2318 835 allegationes,
2350 793 2438 824 tunc

214 827 348 871 θηται,
379 829 458 881 ἑνὸς
483 833 603 875 ετέρου
626 830 739 885 μηνδς
761 831 994 877 προθεσμίαν
1023 829 1121 875 αὐτῷ
1146 836 1295 878 παρέχε-
1311 835 1351 868 15
1365 833 1527 876 cognitor
1548 843 1620 868 non
1643 833 1794 878 amplius
1818 837 2012 879 expectans
2035 834 2148 871 modis
2171 834 2334 870 omnibus
2358 844 2438 870 Sen-

215 873 327 907 σθαι·
364 871 479 908 οὕτως
501 878 667 922 μέντοιγε
697 887 785 910 eosve
813 877 844 910 εἰ
866 880 968 921 μέχρι
998 878 1076 912 τῶν
1098 879 1296 924 εἰρημένων

214 920 328 963 τριῶν
349 920 477 963 μηνῶν
500 917 560 954 οὓς
583 924 656 955 τοῖς
679 918 976 966 ὑπερτιθεμένοις
999 922 1193 966 litigatorm
1215 935 1297 957 συν·

214 963 446 1008 εχωρήσαμεν
462 965 525 999 τὰς
541 963 632 1000 ἰδίας
649 964 886 1013 δικαιολογίας
901 967 950 1010 μὴ
967 966 1160 1012 προθήσει,
1176 981 1296 1011 τηνικ-

215 1009 309 1042 αῦτα
340 1009 408 1043 τὸν
436 1007 612 1054 δικαστὴν
637 1011 686 1054 μὴ
706 1010 817 1047 πλέον
842 1010 1072 1055 ἀναμένοντα
1095 1015 1184 1048 πᾶσι
1214 1013 1296 1059 τρό-

1364 879 1511 913 tentiam
1534 877 1695 922 proferat
1716 879 1854 922 legibus
1877 882 2148 922 consonantem,
2171 880 2228 915 vel
2243 879 2274 915 si
2289 879 2440 915 voluerit

1363 923 1507 967 referat,
1532 933 1576 958 ne
1600 922 1839 967 litigatoribus
1863 924 1956 959 male
1980 925 2200 961 certantibus
2223 924 2332 961 liceat
2353 933 2437 960 cau-

1364 978 1484 1004 sarum
1507 968 1622 1004 exitus
1646 968 1742 1004 ultra
1763 969 1984 1014 protrahere.

214 1065 295 1088 ποις
325 1055 449 1101 ψῆφον
479 1059 674 1111 προφέρειν
703 1060 778 1091 τοῖς
806 1058 928 1102 νόμοις
958 1061 1240 1102 συμβαίνουσαν,
1273 1057 1296 1101 ἢ
1310 1061 1351 1094 20

214 1099 313 1143 εἴπερ
329 1099 498 1143 βούλοιτο
513 1114 720 1147 αναφερειν,
736 1102 827 1148 πρὸς
842 1102 885 1136 τὸ
902 1102 952 1146 μὴ
965 1106 1039 1137 τοῖς
1054 1101 1297 1147 δικαζομένοις

213 1146 331 1179 κακῶς
354 1144 619 1190 φιλονεικοῦσιν
648 1147 781 1187 ἐξεῖναι
809 1146 876 1182 τὰς
897 1149 975 1182 τῶν
998 1146 1112 1183 δικῶν
1135 1149 1297 1194 ἐκβάσεις

214 1193 416 1235 περαιτέρω
440 1191 640 1237 παρέλκειν.

1107 1249 1127 1261 5

1204 1306 1361 1344 CAPUT
1383 1306 1450 1344 111.

277 1370 381 1406 Ἄλλο
411 1371 500 1418 πρὸς
530 1371 670 1407 τούτοις
699 1373 895 1420 κεφάλαιον
925 1375 978 1418 τῷ
1004 1375 1162 1420 παρόντι
1191 1372 1294 1419 νόμῳ

1430 1375 1539 1410 Aliud
1564 1385 1706 1428 quoque
1729 1376 1925 1420 capitulum
1947 1377 2127 1420 praesenti
2148 1377 2217 1420 legi
2239 1376 2440 1412 addendum

215 1418 428 1464 προςθεῖναι
453 1416 673 1472 συνείδρμεν.
713 1419 938 1474 θερπίζομεν
953 1423 1078 1474 τρίνυν
1097 1420 1147 1464 μὴ
1163 1420 1296 1475 ἐξεῖναι
1309 1423 1351 1456 25
1364 1431 1443 1456 esse
1466 1431 1724 1465 perspelnmus.
1773 1420 1959 1456 Sancimus
1982 1421 2090 1465 igitur
2115 1432 2187 1458 non
2209 1421 2317 1457 licere
2339 1421 2439 1467 peni-

215 1461 401 1497 παντελῶς
426 1466 537 1508 πατρὶ
560 1477 582 1506 η
604 1468 732 1510 μητρί,
756 1478 778 1507 η
803 1466 946 1508 πάππῳ
963 1479 984 1507 η
1001 1479 1142 1512 μαμμῃ,
1165 1479 1187 1508 η
1211 1478 1296 1510 προ-

215 1509 359 1551 πάππῳ
393 1506 415 1551 ἢ
446 1507 645 1556 προμάμμῃ
680 1509 748 1543 τὸν
777 1508 872 1544 ἴδιον
901 1510 983 1544 υἱὸν
1013 1508 1035 1552 ἢ
1058 1511 1243 1557 θυγατέρα
1273 1508 1296 1553 ἢ

216 1553 297 1587 τοὺς
311 1552 458 1587 λοιποὺς
478 1551 609 1587 παῖδας
623 1555 854 1598 praeteritovs
869 1553 1157 1598 καταλιμπάνειν
1176 1554 1199 1599 ἢ
1220 1552 1294 1591 ἀπὸ

215 1597 452 1643 κληρονόμων
483 1600 523 1632 ἐν
553 1600 599 1651 τῇ
629 1597 705 1642 ἰδίᾳ
737 1602 854 1634 ποιεῖν
885 1598 1062 1647 διαθήκῃ,
1092 1598 1162 1634 κᾶν
1187 1602 1218 1634 εἰ
1242 1598 1293 1635 δι’

1364 1469 1423 1501 tus
1454 1467 1548 1511 patri
1571 1466 1623 1501 vel
1648 1466 1771 1508 matri,
1801 1476 1867 1501 avo
1891 1466 1947 1501 vel
1969 1466 2086 1509 aviae,
2121 1476 2255 1511 proavo
2278 1466 2333 1502 vel
2355 1477 2440 1511 pros

1364 1511 1465 1546 aviae
1489 1522 1592 1546 suum
1615 1511 1726 1546 filium
1745 1511 1800 1546 vel
1818 1511 1925 1546 filiam
1947 1511 2003 1546 vel
2023 1515 2161 1547 ceteros
2184 1511 2314 1547 liberos
2334 1521 2440 1557 prae-

1364 1558 1471 1591 terire
1495 1561 1559 1591 aut
1582 1555 1774 1591 exheredes
1805 1556 1845 1591 in
1874 1566 1939 1591 suo
1968 1556 2089 1591 facere
2110 1558 2341 1598 testamento,
2372 1565 2440 1592 nec

1365 1601 1396 1636 si
1411 1612 1475 1645 per
1491 1601 1684 1646 quamlibet
1702 1601 1930 1636 donationem
1949 1602 2004 1636 vel
2018 1601 2174 1645 legatum
2190 1601 2245 1637 vel
2261 1601 2440 1637 fideicom-

216 1641 429 1686 οἱαςδήποτε
453 1641 588 1688 δωρεας
607 1642 630 1686 ἢ
653 1642 807 1698 ληγάτου
831 1643 854 1688 ἢ
879 1643 1172 1700 φιδέὶκομμίσσου
1191 1643 1214 1689 ἢ
1236 1645 1296 1679 ἄλ·
1311 1649 1351 1682 30
1366 1646 1510 1682 missum
1541 1646 1596 1682 vel
1627 1647 1736 1681 alium
1760 1656 2015 1691 quemcumque
2039 1646 2180 1682 modum
2205 1646 2256 1682 eis
2280 1646 2442 1682 dederint

216 1687 278 1722 λου
313 1686 525 1731 οἱουδὴποτε
558 1689 695 1734 τρόπου
727 1703 793 1733 την
829 1692 867 1723 ἐκ
902 1703 980 1724 των
1016 1704 1144 1733 νομων
1179 1689 1298 1726 αὐτοῖς

217 1730 453 1779 ὀφειλομένην
468 1737 598 1779 μοῖραν
614 1734 844 1779 παράσχοιεν,
866 1736 898 1769 εἰ
914 1735 962 1779 μὴ
979 1736 1090 1778 τυχὸν
1108 1733 1294 1781 ἀχάριστοι

216 1776 472 1821 ἀποδειχθεῖεν
502 1783 562 1813 καὶ
586 1776 697 1813 αὐτὰς
720 1777 896 1823 ὀνομαστὶ
919 1780 981 1814 τὰς
1003 1782 1066 1824 τῆς
1090 1777 1298 1826 ἀχαριστίας

216 1825 333 1858 αἰτίας
364 1823 400 1858 οἱ
420 1827 534 1868 γονεῖς
564 1826 608 1872 τῇ
633 1822 709 1868 ἰδίᾳ
739 1825 959 1872 ἐγγράψαιεν
983 1823 1154 1873 διαθήκῃ.
1199 1823 1296 1860 Ἀλλ’

1365 1691 1500 1735 legibus
1525 1692 1679 1727 debitam
1698 1691 1914 1736 portionem,
1939 1691 2008 1726 nisi
2023 1691 2173 1727 forsitan
2191 1691 2442 1737 probabuntur

1361 1736 1490 1780 ingrati
1518 1740 1554 1772 et
1577 1737 1674 1782 ipsas
1698 1736 1906 1772 nominatim
1937 1736 2201 1780 ingratitudinis
2225 1746 2353 1773 causas
2376 1746 2440 1782 pa·

1365 1786 1483 1817 rentes
1507 1792 1573 1817 suo
1588 1781 1805 1817 inseruerint
1826 1785 2052 1818 testamento.
2100 1781 2171 1818 Sed
2193 1782 2278 1827 quia
2301 1791 2440 1826 causas,

284 1929 310 1950 c.
332 1916 393 1950 III
415 1915 466 1959 §1
492 1934 536 1940 —
560 1928 586 1949 c.
607 1916 698 1959 Vpr.
724 1918 818 1949 habet
842 1917 1021 1950 Prochiron
1046 1918 1187 1958 33,1—3.
1211 1925 1312 1958 5—29‚
1337 1919 1447 1952 eadem
1467 1919 1591 1961 passim
1615 1919 1780 1951 immutata
1803 1918 2010 1961 Epanaqoqe
2029 1918 2176 1959 34‚⁴-7.

328 1963 394 1997 ἱ25
420 1962 644 2003 Θεσπίζομεν
666 1959 715 2004 μὴ
741 1960 872 2001 ἐξεῖναι
899 1981 938 1985 -
964 1963 1006 1996 29
1023 1964 1140 1996 ποιεῖν
1164 1959 1337 2009 διαθήκῃ,
1361 1962 1392 1995 εἰ
1414 1962 1463 2006 μὴ
1488 1959 1664 2006 ὀνομαστὶ
1686 1961 1751 2004 τὰς
1771 1962 1832 2005 τῆς
1855 1959 2064 2007 ἀχαριστίας
2083 1961 2199 1996 αἰτίας
2219 1960 2441 2009 ἐγγράψαιες·

418 2008 513 2039 habet
536 2007 586 2039 B⁸
610 2008 649 2039 K
669 2009 721 2048 14,
736 2015 752 2041 3
774 2020 807 2050 p.
824 2009 887 2040 401
908 2008 1011 2040 Zach.
1033 2009 1120 2049 (inde
1141 2007 1178 2041 B
1193 2009 1245 2049 35,
1260 2016 1288 2049 8,
1302 2016 1338 2042 36
1362 2009 1516 2050 Heimb.).
1540 2027 1585 2032 —
1616 2009 1832 2042 Summarium
1851 2020 1904 2052 pr.
1930 2020 1969 2040 ex
1990 2008 2067 2041 Aeh.
2092 2008 2187 2041 habet
2210 2008 2335 2043 libellus
2357 2011 2440 2053 περὶ

412 2048 602 2097 διαφόρων
623 2048 927 2097 ἀναγνωσμάτων
951 2052 973 2095 §
990 2054 1029 2086 10
1055 2054 1098 2086 in.
1109 2065 1146 2096 p·
1163 2052 1371 2088 194*Heimb.

215 2163 315 2199 nalia
338 2163 536 2198 certamina
559 2167 595 2198 et
616 2164 824 2205 dilationes,
856 2174 949 2209 quas
972 2163 1069 2209 leqes
1090 2163 1347 2209 probationum
1371 2174 1483 2199 causa
1505 2163 1718 2205 concedunt,
1750 2163 1868 2210 fateri
1897 2162 1991 2198 nolit
2012 2163 2250 2210 alleqationes
2270 2163 2340 2201 sibi
2359 2165 2440 2210 suf-

211 2210 332 2254 ficere,
362 2219 407 2243 ne
430 2208 552 2243 statim
576 2208 734 2254 qualitas
756 2218 889 2243 causae
911 2214 1147 2254 aqnoscatur,
1173 2208 1440 2255 praecipimus,
1472 2213 1514 2244 ut
1535 2208 1682 2255 quando
1702 2219 1777 2244 una
1792 2218 1889 2254 pars
1911 2207 2191 2255 alleqationibus
2212 2209 2289 2245 suis
2309 2219 2441 2246 renun-

215 2254 375 2295 tiaverit,
408 2253 527 2288 altera
556 2264 641 2289 vero
673 2253 811 2289 dixerit
842 2253 974 2288 habere
1001 2264 1040 2289 se
1070 2254 1211 2299 aliquid
1240 2253 1340 2299 quod
1367 2254 1541 2299 proferre
1572 2253 1717 2296 debeat,
1749 2253 1862 2289 iudex
1884 2263 2017 2289 causae
2040 2254 2204 2289 omnibus
2225 2253 2341 2290 modis
2361 2265 2441 2291 eam

206 2304 354 2342 partem
379 2309 473 2344 quae
495 2298 671 2334 dilatione
694 2303 819 2333 utatur
842 2300 940 2334 intra
963 2299 1115 2345 triqinta
1147 2299 1223 2334 dies
1243 2304 1440 2345 postquam
1471 2299 1587 2334 altera
1644 2309 1707 2334 ars
1725 2298 1985 2334 renuntiaverit
2007 2298 2181 2345 quicquid
2195 2299 2346 2336 voluerit
2363 2301 2442 2336 sine

213 2344 289 2379 ulla
313 2344 486 2379 dilatione
503 2355 715 2390 proponere
739 2347 856 2390 coqat.
904 2342 1009 2386 Quod
1032 2345 1103 2378 nisi
1122 2344 1273 2390 fecerit,
1307 2348 1379 2379 tum
1403 2343 1454 2378 ad
1475 2344 1600 2380 vincen
1626 2355 1684 2379 am
1707 2343 1882 2379 malitiam
1909 2343 1987 2378 eius
2016 2343 2112 2379 alius
2141 2344 2273 2380 mensis
2300 2354 2395 2380 unus
2417 2356 2442 2380 a

213 2389 331 2424 iudice
362 2388 604 2435 indulqeatur.
654 2389 696 2424 Si
723 2399 808 2425 vero
838 2389 891 2424 sic
921 2400 1064 2434 quoque
1096 2399 1234 2424 moram
1263 2388 1414 2434 fecerit,
1449 2389 1600 2424 alterius
1627 2389 1736 2424 unius
1767 2388 1898 2423 mensis
1928 2387 2055 2424 dilatio
2086 2388 2120 2424 ei
2134 2393 2356 2435 praestetur.
2387 2389 2440 2426 ita

215 2439 352 2477 tamen,
383 2439 425 2469 ut
446 2436 479 2469 si
510 2434 608 2469 intra
637 2434 847 2481 praedictos
877 2438 950 2469 tres
981 2445 1119 2469 menses
1149 2444 1241 2480 quos
1263 2433 1507 2480 litiqatoribus
1537 2444 1675 2469 moram
1696 2431 1917 2479 facientibus
1942 2433 2183 2469 concessimus
2204 2433 2442 2480 alleqationcs

212 2490 300 2514 suas
322 2490 395 2515 non
413 2485 619 2526 proponet,
653 2484 726 2514 tum
749 2478 862 2515 iudex
885 2489 959 2514 non
988 2479 1145 2526 amplius
1167 2482 1281 2514 cesset
1308 2478 1472 2514 omnibus
1491 2479 1606 2515 modis
1635 2479 1848 2514 sententiam
1877 2478 2034 2527 lcqibus,
2045 2483 2322 2515 consentaneam
2345 2489 2439 2527 pro-

211 2525 325 2570 ferre,
350 2524 408 2560 vel
427 2525 460 2559 si
484 2525 568 2560 velit
589 2524 743 2569 referre,
767 2535 812 2559 ne
834 2524 1079 2570 litigatoribus
1102 2525 1195 2559 male
1218 2524 1438 2559 certantibus
1460 2523 1576 2559 litium
1599 2524 1723 2560 etz-itus
1745 2523 1843 2559 ultra
1859 2522 2081 2575 protrahere
2104 2523 2218 2560 liceat.

347 2569 411 2605 ΙΙΙ.
460 2568 571 2604 Aliud
598 2573 790 2615 praeterea
822 2574 934 2615 capnt
954 2570 1146 2615 praesenti
1174 2569 1246 2616 leqi
1277 2569 1421 2604 adicere
1444 2569 1598 2615 placuit.
1646 2568 1839 2604 Sancimus
1861 2568 1986 2613 τρίταν,
2017 2579 2062 2603 ne
2091 2568 2198 2604 liceat
2226 2568 2302 2605 ullo
2331 2569 2439 2605 modo

212 2614 314 2660 patri
336 2615 392 2650 vel
414 2615 542 2656 matri,
574 2619 639 2649 aut
662 2625 729 2650 avo
753 2614 809 2650 vel
831 2614 950 2655 aviae,
981 2619 1045 2649 aut
1060 2625 1207 2660 proavo
1232 2613 1288 2649 vel
1305 2614 1485 2661 proaviae
1510 2614 1627 2659 filium
1654 2625 1758 2650 suum
1788 2613 1845 2650 vel
1869 2613 2004 2658 filiam,
2035 2613 2092 2649 vel
2118 2613 2280 2659 reliquos
2309 2613 2442 2650 liberos

212 2660 431 2705 praeteritos
461 2659 516 2694 vel
538 2659 781 2694 exheredatos
812 2659 848 2693 in
880 2670 946 2694 suo
981 2664 1190 2695 testamento
1212 2659 1356 2704 facere,
1387 2659 1527 2695 etiamsi
1554 2670 1624 2706 per
1645 2658 1840 2705 quamlibet
1869 2657 2100 2694 donationem
2131 2658 2188 2694 vel
2209 2658 2366 2705 legatum
2384 2659 2444 2696 vel

211 2704 523 2748 fideicommissum
544 2704 599 2739 vel
618 2704 729 2738 alium
753 2704 943 2756 quemlibet
965 2704 1109 2739 modum
1130 2704 1336 2750 portionem
1355 2715 1405 2740 ex
1425 2704 1563 2751 leqibus
1582 2704 1628 2739 iis
1646 2704 1800 2740 debitam
1820 2703 2067 2750 praebuerint,
2090 2703 2164 2739 nisi
2179 2703 2281 2748 forte
2302 2703 2440 2751 inqrati

208 2748 414 2796 probentur
444 2754 479 2783 et
501 2749 602 2795 ipsas
630 2749 904 2795 inqratztudinis
926 2760 1058 2784 causas
1080 2749 1289 2784 nominatim
1305 2754 1483 2795 parentes
1511 2749 1549 2784 in
1574 2752 1784 2785 testamento
1813 2759 1880 2784 suo
1902 2748 2125 2795 scripserint.
2173 2747 2247 2785 Sed
2268 2748 2439 2795 quoniam

282 2862 302 2894 2
326 2856 367 2893 (ἲς
392 2862 491 2901 LBg]
517 2857 565 2893 ὡς
590 2862 647 2902 M,
668 2874 726 2893 om.
744 2862 775 2893 A
794 2860 806 2903 ΙΙ
829 2862 848 2894 3
875 2860 1003 2894 ἑαυτοῦ
1027 2862 1059 2894 Α
1077 2861 1090 2905 ΙΙ
1114 2864 1133 2895 5
1158 2860 1294 2895 κελεύο-

213 2908 292 2951 μεν]
317 2905 344 2942 ς’
360 2908 390 2938 A
407 2919 510 2948 marq.
528 2906 541 2947 ll
558 2902 716 2947 ὁπηνίκα
729 2905 781 2938 Bs
799 2905 812 2949 ΙΙ
830 2904 872 2938 τὸ
899 2918 957 2939 om.
971 2907 1002 2939 A
1021 2911 1033 2949 ΙΙ
1050 2907 1070 2940 6
1093 2908 1170 2939 ταῖς
1190 2904 1295 2939 ἰδίαις

215 2966 274 2985 om.
296 2963 315 2987 ς
337 2950 350 2994 u
377 2946 605 2991 ἀποτάξηται
629 2950 698 2982 ΑΒ
720 2951 731 2989 ΙΙ
759 2952 776 2983 7
801 2951 905 2994 μέρος
929 2963 986 2984 om.
1011 2952 1043 2984 A
1062 2954 1074 2994 ΙΙ
1097 2951 1294 2995 προθεῖναι

215 2997 358 3036 ΜΕΒς]
384 2995 603 3039 προσθεῖναι
618 2997 649 3027 A
667 2994 680 3037 ΙΙ
703 2997 723 3029 9
747 2993 789 3027 τὸ
813 2998 917 3037 μέρος
942 3009 999 3028 om.
1015 2996 1063 3036 L,
1087 2995 1130 3028 τὸ
1157 3010 1214 3029 om.
1229 2998 1259 3030 A
1290 2996 1294 3039 Ι

214 3042 270 3083 τὸ]
295 3040 361 3074 τὸν
374 3040 422 3073 L2
437 3040 449 3083 ΙΙ
471 3042 507 3074 11
535 3040 670 3083 ἕτερον]
696 3040 735 3071 ἓν
752 3040 783 3072 L
799 3039 811 3082 ΙΙ
831 3035 921 3082 ὅπερ
945 3037 1004 3081 ἂν]
1029 3042 1088 3072 καὶ
1112 3035 1203 3085 ὅπερ
1231 3043 1259 3075 L
1290 3041 1295 3084 Ι

214 3084 385 3131 βούλεται
398 3086 461 3119 LA
479 3085 492 3127 ΙΙ
511 3086 551 3118 12
567 3079 671 3127 ὅπερ]
697 3079 757 3116 ὅτε
783 3085 813 3116 L
831 3084 844 3127 ΙΙ
863 3082 1034 3126 *ποιήσοι
1057 3082 1212 3127 (ποιήσει
1227 3086 1294 3127 ΒΓ)

216 3131 316 3177 librili
330 3129 430 3175 πρὸς]
448 3130 496 3163 εἰς
507 3131 536 3163 A
555 3129 568 3167 ΙΙ
588 3131 627 3165 13
642 3129 785 3170 κινῆσαι
798 3130 847 3161 La
870 3130 919 3171 μὴ
935 3130 1079 3171 νικῆσαι
1093 3131 1128 3163 Β
1147 3131 1158 3173 ΙΙ
1179 3133 1218 3164 15
1229 3143 1293 3173 μη-

214 3178 276 3211 νὸς
301 3189 359 3210 0m.
374 3188 393 3212 ς
409 3177 421 3220 ΙΙ
448 3178 488 3210 17
506 3174 588 3208 τοὺς
607 3170 910 3216 ὑπερτιθεμένους
926 3175 956 3206 Δ
977 3176 987 3211 Η
1012 3174 1202 3216 litigatorsi,
1226 3189 1250 3209 s.
1265 3189 1293 3209 v.

214 3222 296 3264 ἤτοι
319 3218 491 3255 διαδίκοις
507 3220 561 3261 Μ,
585 3215 831 3263 λιτιγάτορσιν
850 3220 880 3251 L
906 3215 1077 3251 διαδίκοις
1091 3220 1136 3259 Β,
1157 3233 1214 3253 om.
1229 3221 1259 3253 A
1282 3221 1294 3262 ΙΙ

217 3270 258 3302 18
274 3266 480 3313 προσθήσει
500 3266 528 3298 L
551 3261 779 3308 προθήσειαν
795 3265 824 3295 Α
843 3262 856 3305 ΙΙ
881 3264 922 3295 20
947 3260 970 3304 ἢ
994 3276 1051 3296 om.
1067 3265 1097 3296 A
1115 3264 1127 3306 ΙΙ
1145 3266 1187 3297 24
1213 3263 1248 3305 ζ’
1263 3266 1293 3298 A

215 3327 316 3356 marq.
335 3313 347 3356 ΙΙ
371 3309 519 3344 ἅλλωνῗ
543 3310 590 3343 L¹
625 3310 678 3342 ἔτι
697 3320 738 3353 γε
757 3306 831 3351 μὴν
855 3306 941 3340 ἄλλο
966 3309 995 3340 Α
1012 3307 1024 3351 ΙΙ
1042 3306 1132 3351 πρὸς
1156 3322 1212 3341 om.
1228 3310 1259 3342 A
1282 3309 1294 3351 ΙΙ

216 3360 257 3391 25
274 3355 496 3399 συνείδομεν]
520 3357 579 3388 καὶ
599 3351 808 3396 συνείδομεν
820 3353 866 3385 Μ
875 3354 886 3393 ΙΙ
907 3354 948 3386 26
965 3350 986 3393 ἢ
1007 3361 1081 3385 ante
1104 3352 1248 3396 πάππῳ
1266 3362 1295 3387 et

215 3402 430 3444 ποοπάππῳ
455 3415 513 3434 om.
527 3402 580 3436 Ας
605 3399 618 3444 ΙΙ
642 3400 683 3433 28
695 3397 893 3441 praeteritus
908 3398 963 3437 M,
987 3399 1251 3442 πραιτωριτοὺς
1263 3401 1293 3432 A

215 3438 503 3491 ἀμνημονεύτους
523 3447 568 3479 Μ
571 3459 597 3479 s.
611 3458 654 3486 v.,
673 3443 755 3477 ΑΒ*
777 3444 790 3486 ΙΙ
818 3438 1128 3486 ἀποκληρονόμων
1142 3444 1187 3476 M
1205 3442 1293 3477 ἀπο-

214 3492 438 3536 κληρονόμον
448 3492 495 3524 L¹
511 3486 823 3534 ἆποκληρονόμους
836 3487 967 3520 L²AB⁸
978 3487 990 3531 Η
1002 3489 1044 3520 29
1058 3489 1175 3520 ποιεῖν
1192 3489 1232 3520 έν
1247 3489 1291 3530 τῆ

214 3535 291 3571 ἰδία
314 3539 345 3571 L
362 3540 375 3581 ΙΙ
392 3537 423 3569 εἰ
448 3550 505 3569 om.
521 3537 551 3569 L
570 3537 583 3579 ΙΙ
599 3537 640 3569 30
662 3532 810 3577 λεγάτου
829 3533 930 3565 MLA
948 3533 960 3574 ΙΙ
979 3529 1246 3576 φιδεικομίσσου
1263 3535 1290 3565 A

215 3580 465 3627 φιδικομίσσου
482 3582 526 3614 M
548 3577 796 3625 φιδεικομέσου
812 3578 862 3610 L‘²
891 3577 903 3621 ΙΙ
931 3579 966 3610 31
986 3590 1033 3620 sq.
1058 3574 1292 3631 ὀφειλομένην

216 3624 335 3660 αὐτοῖς
347 3629 376 3660 A
392 3630 445 3668 (qf.
461 3635 492 3662 ς)
509 3627 521 3669 ΙΙ
539 3628 581 3659 32
602 3626 633 3658 εἰ
652 3624 714 3667 μὴ]
737 3625 797 3656 καὶ
821 3623 851 3655 εἰ
873 3621 922 3665 μὴ
936 3624 965 3655 A
982 3624 993 3659 ll
1013 3623 1055 3655 33
1073 3620 1290 3664 αποδειχθὴ-

215 3683 342 3705 σονται
357 3674 383 3704 L
401 3669 618 3712 δειχθεΐενΑ
637 3671 649 3714 ΙΙ
666 3672 708 3703 34
719 3667 896 3714 γράφοιεν
908 3670 937 3700 Α
957 3668 969 3711 ΙΙ
982 3664 1089 3708 Ἀλλ’]
1107 3671 1128 3710 ἢ
1146 3681 1247 3712 mar-y.
1260 3669 1290 3701 A

1409 2864 1428 2896 3
1446 2862 1591 2903 qualitas
1607 2872 1703 2894 cause
1723 2862 1756 2895 Τ
1766 2861 1779 2905 ΙΙ
1795 2863 1816 2895 4
1835 2860 2106 2894 renuntiauerint
2119 2860 2172 2894 Τι
2188 2858 2202 2904 ΙΙ
2218 2863 2238 2895 5
2261 2869 2295 2893 se
2316 2859 2437 2894 habere

1362 2906 1498 2948 aliquod
1521 2907 1555 2940 V
1571 2906 1708 2948 aliquod
1730 2916 1764 2939 se
1786 2906 1908 2939 habere
1932 2906 1966 2939 T
1987 2905 2000 2949 ΙΙ
2028 2907 2132 2948 ponat
2156 2905 2190 2938 T
2207 2904 2220 2947 ΙΙ
2248 2905 2270 2939 θ
2293 2905 2436 2946 negotiis

1365 2952 1417 2984 Τἰ
1432 2954 1444 2995 ΙΙ
1470 2961 1554 2993 quae
1577 2951 1687 2984 utitur
1709 2953 1836 2994 partem
1859 2951 1892 2984 T
1908 2950 1930 2993 ΙΙ’
1946 2952 1965 2984 7
1989 2949 2183 2983 dilationem
2203 2949 2251 2983 V·
2274 2948 2436 2983 dilatione

1361 2996 1560 3038 allegatione
1578 2996 1626 3029 13¹
1650 2995 1811 3028 dilatione
1833 3005 1854 3027 a
1876 2994 1986 3035 legato
2011 2992 2091 3038 ΤΥΙΙ
2106 2992 2325 3036 compellatur
2350 2995 2404 3028 T¹
2431 2994 2436 3040 1

1361 3041 1462 3082 intra]
1487 3051 1529 3073 ne
1553 3041 1603 3081 (ut
1625 3039 1686 3083 T2)
1709 3041 1800 3073 intra
1825 3040 1859 3073 T
1871 3039 1884 3082 ΙΙ
1900 3041 1920 3073 9
1944 3038 2022 3072 fecit
2049 3038 2104 3083 ΤΙΙ
2130 3041 2170 3073 11
2197 3037 2330 3072 distulit
2350 3040 2402 3072 V⁶
2431 3042 2437 3083 Ι

1365 3087 1405 3119 12
1430 3085 1543 3126 unius]
1567 3085 1687 3118 mensis
1711 3086 1788 3118 add.
1802 3085 1887 3127 vuly.
1911 3083 1924 3127 ΙΙ
1948 3086 1998 3125 ut]
2023 3085 2055 3116 et
2079 3082 2142 3128 Rss
2171 3084 2211 3118 13
2235 3083 2434 3126 ligatoribus

1364 3131 1396 3163 T
1404 3130 1414 3150 ¹
1432 3130 1444 3173 ΙΙ
1472 3131 1512 3163 14
1536 3130 1685 3173 posuerit
1710 3130 1743 3163 T
1749 3130 1759 3150 ¹
1781 3129 1794 3172 ΙΙ
1821 3131 1861 3163 15
1885 3128 2048 3171 cognitor]
2082 3138 2198 3161 causae
2223 3129 2401 3174 addmulq.
2423 3129 2436 3173 ΙΙ

1360 3176 1506 3217 proferat
1521 3175 1718 3226 sententiam
1737 3174 1862 3238 Tvuss’
1880 3173 1893 3216 ΙΙ
1915 3176 1954 3207 16
1970 3173 2116 3206 noluerit
2127 3174 2202 3207 RV
2212 3173 2286 3225 ¹¹,st
2302 3175 2434 3216 reserat]

1360 3221 1592 3296 {legatas
1606 3219 1806 3297 iib‘ss‘ssssff
1819 3218 2212 3305 sffssrss'ss‘iss'ri‘ssissfissuif
2221 3221 2324 3309 ‚22²3
2338 3229 2435 3302 ⁰⁸33

1359 3308 1428 3341 sint
1443 3308 1530 3342 iuste
1553 3308 1735 3342 liberorum
1757 3317 1854 3340 cause
1870 3308 2134 3341 exheredationis
2152 3308 2208 3341 uel
2223 3309 2432 3352 praeteritio·

1360 3354 1412 3386 nis
1436 3354 1469 3386 R
1482 3366 1583 3397 τηαν-9.
1606 3355 1658 3393 (ex
1674 3353 1751 3394 Iul.)
1768 3353 1781 3396 ΙΙ
1798 3353 1870 3394 lege
1891 3354 1923 3386 V
1941 3354 1953 3397 ΙΙ
1982 3355 2025 3388 26
2048 3354 2152 3395 aviae]
2176 3364 2238 3387 aue
2263 3354 2340 3398 12¹1
2357 3365 2432 3399 pro-

1359 3408 1420 3431 avo
1444 3411 1503 3432 om.
1519 3399 1550 3431 R
1567 3398 1580 3442 n
1598 3399 1647 3431 vel
1673 3412 1731 3432 om.
1753 3398 1780 3431 V
1797 3397 1810 3440 ΙΙ
1826 3408 1948 3441 proaue
1966 3399 2016 3432 T¹
2034 3399 2046 3442 ΙΙ
2072 3401 2113 3433 27
2135 3401 2244 3440 suum]
2266 3399 2338 3432 siue
2353 3400 2406 3433 T·

1360 3443 1414 3475 uel
1438 3454 1529 3477 suam
1553 3444 1656 3476 filiam
1676 3443 1731 3488 1711
1750 3443 1880 3484 liberos]
1905 3443 1992 3477 filios
2011 3445 2042 3477 R
2058 3444 2071 3488 ΙΙ
2089 3446 2131 3479 28
2152 3454 2191 3477 ex
2215 3444 2334 3477 herede
2357 3444 2406 3477 Β*

1359 3499 1436 3521 suos
1458 3489 1507 3521 V¹
1534 3489 1545 3532 ΙΙ
1575 3491 1617 3523 30
1639 3498 1877 3531 quemcumque
1894 3507 1936 3513 —
1955 3491 2057 3532 537‚1
2078 3488 2218 3522 debeant
2240 3501 2303 3523 scr.
2324 3487 2376 3524 1⁷¹
2397 3491 2432 3524 in

1359 3546 1424 3567 ras.
1440 3536 1460 3567 4
1479 3547 1527 3567 vv.
1550 3534 1563 3578 u
1587 3536 1630 3568 33
1654 3534 1868 3568 inseruerunt
1891 3534 1924 3567 Τ
