2592 3840
252 84 357 133 Nov.
387 88 502 132 XCV
531 102 592 143 pr.

319 203 392 234 τοῖς
410 193 665 239 ἐνδοξοτάτόιςχ
680 194 846 241 ἐπάρχοις
869 196 946 231 τῶν
971 195 1080 242 ἱερῶν
1102 194 1207 241 ἡμῶν
1224 211 1331 243 πραι-

319 249 465 289 τωρίων
489 244 781 286 κατεπέμψαμεν.

364 290 446 325 Dat.
461 299 496 324 v.
515 288 561 323 id.
580 287 660 322 Oct.
684 286 771 331 (GP.
796 286 880 331 imp.
907 286 965 322 dn.
990 286 1181 322 Iustiniani
1202 298 1262 332 pp.
1283 289 1317 323 A

320 345 414 370 anno
435 333 532 368 XIII.
555 331 696 377 Apione
719 342 752 367 v.
777 341 808 367 c.
835 331 954 377 cons.)

381 567 564 621 ΩΣΤΕ
593 501 1205 622 ΤΟῩΣςΕΑΡΧΟΝΤΑΣ

254 633 775 688 ΠΕΝΤΗΚΟΝΤΑ
798 635 1099 688 ΗΜΕΡΑΣ
1124 635 1333 688 ΜΕΤΑ

253 702 411 755 ΤΗΝ
452 701 715 755 ΑΡΧΗΝ
755 700 856 754 EN
893 701 1067 754 ΤΑΙΣ
1104 703 1332 756 ΕΠΑΡ-

254 769 462 823 ΧΙΑΙΣ
485 767 921 828 ΔἸΑΤΡΙΒΕΙΝ,
951 768 1121 822 ΕΙΤΕ
1147 770 1332 823 ΣΤΡΑ-

253 834 625 891 ΤΙῼΤΙΚΗΝ
671 835 841 888 ΕΙΤΕ
885 837 1389 890 IlOAlTlKHNm

500 902 783 956 EXOIEN
812 902 1091 956 APXHN.

255 980 504 1027 Αὐτοκράτωρ
524 979 774 1016 Ἰονστινιανὸς
797 981 1005 1028 Αὔγουστος
1026 980 1177 1030 Ἰωάννῃ
1201 984 1255 1027 τῷ
1279 985 1332 1017 ἐν·

256 1027 440 1070 δοξοτάτῳ
459 1026 602 1073 ἐπάρχῳ
619 1028 695 1062 τῶν
713 1024 940 1061 ἀνατολικῶν
965 1033 1201 1073 πραιτωρίων
1223 1028 1266 1063 τὸ
1284 1027 1333 1073 β’,

391 1069 465 1106 ἀπὸ
491 1070 645 1107 ὑπάτων
669 1069 891 1118 όρδιναρίων
915 1076 975 1107 καὶ
999 1077 1189 1120 πατρικίῳ.

1324 81 1410 130 464

1300 316 1346 375 [ἐι.
1366 334 1444 374 539]

1921 98 1981 130 DE
2011 97 2472 133 ADMINISTRATORIBUS

1466 196 1503 232 in
1526 195 1719 241 provinciis
1743 196 1893 239 servari,
1916 197 2180 242 gloriosissimis
2200 199 2390 244 praefectis
2415 210 2472 235 ss-

1466 251 1607 276 crorum
1631 245 1836 277 nostrorum
1860 244 2120 287 praetoriorum
2143 243 2403 281 destinavimus.

1511 286 1595 322 Dat.
1612 296 1649 322 V.
1673 286 1719 322 id.
1744 286 1908 332 (octob.)
1923 301 1984 318 n·

1766 499 1873 536 xcv.
1930 499 2039 537 Auth.
2054 501 2179 538 xcw.
2205 500 2293 537 0011.
2302 500 2371 537 vn
2384 500 2439 536 ut.
2453 502 2475 536 ⁶

1429 570 1480 618 R
1513 570 1607 618 DE
1642 569 2365 620 ADMINISTRATORIBUS
2392 569 2446 620 R

1403 981 1499 1017 Idem
1522 982 1613 1026 Aug.
1636 981 1788 1017 Iohanni
1810 982 2064 1026 gloriosissimo
2088 982 2271 1028 praefecto
2295 993 2477 1019 sacrorum

1402 1027 1663 1072 praetoriorum
1693 1036 1757 1072 per
1789 1026 2166 1117 Οήεέἕξτῐξιοίἒοωηᾱο,
2196 1038 2240 1063 ex
2267 1029 2412 1064 consule
2441 1032 2478 1063 et

286 1140 619 1197 x(IIpoot'pttont.)
644 1137 749 1194 JHSn
770 1141 851 1195 ,μὲν
884 1139 988 1184 ἴσμεν
1022 1144 1186 1185 κείμενον
1220 1139 1389 1185 νόμον15
1456 1138 1745 1186 (Praefatio.)
1790 1139 1867 1175 Iam
1898 1139 2040 1185 quidem
2062 1139 2222 1176 novimus
2253 1140 2405 1185 positam
2427 1139 2477 1175 le-

256 1199 322 1220 τον
347 1184 569 1230 βουλόμενον
591 1196 674 1219 τους
698 1187 739 1219 έν
759 1187 882 1233 αρχαῖς
903 1190 1112 1231 γενομένους
1141 1186 1212 1233 εἴτε
1235 1185 1333 1221 πολι-

256 1234 370 1266 τικαῖς
399 1231 471 1265 εἴτε
493 1233 769 1278 στρατιωτικαῖς
798 1228 889 1274 μηδὲ
911 1231 942 1264 εἰ
965 1230 1167 1266 παύσαιντο
1190 1233 1252 1275 τῆς
1272 1230 1334 1276 ἀρ-

256 1278 315 1320 χῆς
350 1272 552 1330 οἶιναχωρεῖν
587 1275 732 1309 ἐκεῖθεν
768 1273 971 1317 δύνασθαι,
1006 1279 1094 1321 πρὶν
1129 1271 1174 1310 ἂν
1204 1276 1335 1322 ἡμέρας

1401 1195 1479 1230 gem
1503 1186 1679 1221 volentem
1702 1195 1763 1221 eos
1786 1185 1848 1230 qui
1870 1185 1907 1220 in
1931 1184 2081 1229 cingulis
2104 1184 2196 1220 fiunt
2218 1185 2291 1221 sive
2315 1185 2478 1221 civilibus

1403 1233 1477 1266 sive
1510 1231 1720 1266 militaribus
1755 1240 1870 1275 neque
1905 1229 1937 1265 si
1970 1235 2218 1266 removeantur
2252 1231 2477 1266 administra-

1402 1276 1499 1311 tione
1523 1275 1702 1311 discedere
1732 1275 1815 1311 inde
1837 1285 1962 1321 posse,
1993 1279 2182 1321 antequam
2205 1275 2280 1311 dies
2303 1275 2478 1320 quinqua·

257 1334 485 1365 πεντηκοντα
508 1323 569 1355 ἐπὶ
592 1322 669 1354 τῶν
688 1319 950 1366 μητροπόλεων
973 1318 1205 1368 ὃιατρίψαιεν
1229 1319 1334 1365 ὃημο-
1403 1321 1502 1365 ginta
1535 1320 1573 1356 in
1602 1321 1859 1366 metropolibus
1891 1325 2163 1364 commorentur,
2195 1321 2337 1366 publice
2365 1330 2478 1366 appa-

258 1370 320 1409 σίᾳ
350 1366 562 1419 φαινόμενοι
592 1369 653 1400 καὶ
684 1369 757 1400 τοῖς
780 1365 923 1413 ἐνάγειν
937 1365 1182 1420 ’βουλομένοις
1205 1363 1335 1401 duoto-
1348 1368 1391 1401 20
1403 1371 1524 1402 rentes
1556 1369 1591 1402 et
1622 1366 1811 1402 convenire
1839 1366 2039 1402 volentibus
2071 1365 2342 1409 satisfacientes,
2372 1368 2409 1401 et
2438 1368 2479 1402 ut

257 1411 435 1458 γούμενοι,
459 1414 519 1445 καὶ
535 1407 623 1445 ω’ςτε
645 1409 736 1455 μηδὲ
758 1411 851 1445 κατὰ
875 1422 1063 1457 προφασιν
1085 1423 1148 1456 της
1170 1411 1336 1446 ἐνταῦθα

258 1456 414 1500 κλήσεως
434 1454 621 1490 δύνασθαι
644 1457 707 1499 τῆς
727 1458 795 1490 ἐπα
819 1460 896 1499 χίας
918 1455 1130 1502 ἀναχωρεῖν,
1154 1453 1246 1491 ἀλλὰ
1266 1454 1336 1491 κᾶν

259 1501 341 1535 εἴτι
357 1502 531 1547 πράξειαν
546 1502 721 1543 τοιοῦτον,
746 1470 856 1536 αὖθις
880 1498 1007 1535 αὐτοὺς
1030 1503 1090 1536 ἐπὶ
1122 1501 1192 1546 τὴν
1213 1501 1336 1547 χώραν

259 1547 521 1599 ἐξιπέμπεσθαι.
567 1543 714 1592 εὕρομεν
733 1543 775 1580 δε·
788 1558 888 1581 τινας
907 1543 1020 1581 οὕτως
1043 1545 1152 1581 ὄντας
1176 1547 1335 1593 θρασεῖς,

1404 1421 1470 1446 nec
1501 1421 1566 1456 per
1598 1412 1822 1447 occasionem
1852 1411 1911 1446 hic
1934 1411 2150 1447 evocationis
2180 1411 2319 1457 possint
2350 1420 2374 1446 a
2395 1421 2477 1456 pro-

1404 1456 1519 1492 vincia
1547 1456 1737 1498 discedere,
1771 1460 1807 1492 et
1829 1457 1884 1492 vel
1907 1456 1939 1493 si
1962 1456 2047 1502 quid
2077 1456 2215 1501 egerint
2245 1457 2327 1500 tale,
2352 1466 2478 1491 rursus

1404 1511 1465 1537 eos
1490 1502 1536 1536 ad
1559 1502 1777 1547 provinciam
1801 1501 1984 1538 destinari.
2031 1501 2232 1537 Invenimus
2263 1506 2381 1537 autem
2411 1501 2477 1536 ali-

1405 1556 1494 1591 quos
1530 1548 1582 1582 sic
1618 1548 1810 1583 existentes
1843 1548 2017 1591 audaces,
2052 1551 2093 1582 ut
2123 1547 2229 1582 etiam
2263 1547 2332 1582 hac
2362 1547 2479 1591 posita

259 1589 347 1626 ὡετε
371 1594 431 1625 καὶ
446 1592 574 1625 τούτου
597 1594 759 1635 κειμένου
781 1592 847 1626 τοῦ
866 1591 989 1636 νόμον,
1013 1595 1102 1636 πρὶν
1122 1592 1335 1646 παύσαιντο,
1350 1593 1391 1627 25
1404 1593 1492 1636 lege,
1517 1596 1707 1637 antequam
1732 1592 2022 1636 discingerentur,
2046 1595 2314 1638 praesumerent
2329 1591 2478 1627 derelin-

258 1636 397 1680 τολμᾶν
420 1633 690 1680 ἀπολιμπάνειν
720 1636 785 1671 τὰς
806 1637 925 1684 χώρας
955 1640 1014 1671 καὶ
1038 1638 1085 1671 εἰς
1107 1650 1247 1680 ταυτην
1270 1634 1334 1682 ἄφ-

259 1681 443 1716 ικνεῖσθαι
457 1681 526 1725 τὴν
542 1678 736 1724 εὐδαίμονα
760 1682 880 1724 πόλιν,
905 1680 976 1716 δέει
998 1683 1076 1717 τῶν
1099 1682 1190 1730 παρ’
1210 1679 1334 1716 αὐτῶν

259 1730 526 1806 πεῆτραγμένων
548 1729 608 1760 καὶ
623 1726 684 1761 ἵνα
706 1726 754 1770 μὴ
773 1724 873 1761 δίκας
896 1723 1091 1770 ὑπόσχοιεν
1120 1727 1173 1762 ιὺν
1205 1726 1336 1772 ἐπλημ-

258 1786 302 1816 με
324 1784 426 1816 ησαν.

1404 1647 1514 1681 quere
1537 1638 1739 1682 provincias
1764 1643 1799 1673 et
1814 1639 1859 1672 ad
1875 1637 1968 1673 hanc
1988 1638 2107 1673 venire
2129 1637 2372 1673 felicissimam
2394 1637 2477 1672 civi-

1402 1685 1530 1725 tatem,
1562 1683 1689 1718 timore
1713 1693 1735 1718 a
1758 1692 1796 1718 se
1819 1686 2000 1727 gestorum
2028 1685 2066 1718 et
2089 1692 2133 1718 ne
2156 1683 2251 1718 iusta
2278 1681 2479 1728 perferrent

1405 1727 1531 1763 horum
1555 1737 1647 1773 quae
1670 1728 1904 1774 deliquerunt.

327 1863 411 1897 Nov.
436 1863 547 1897 XCV
567 1864 731 1905 (Anthent.
757 1863 887 1896 XCIV
903 1878 947 1891 =
977 1864 1055 1897 Call.
1079 1864 1151 1897 VI!
1171 1865 1217 1898 tit.
1240 1866 1276 1898 6:
1302 1864 1413 1908 yloss.)
1446 1864 1572 1899 Graece
1598 1871 1686 1898 extat
1709 1866 1741 1898 in
1766 1864 1857 1906 ML,
1888 1877 1916 1897 c.
1939 1864 1964 1897 I
1983 1864 2086 1897 maior
2104 1875 2188 1906 pars
2218 1870 2248 1896 et
2276 1863 2422 1907 epiloyus
2445 1864 2478 1896 in

260 1908 340 1948 Β6,
357 1916 384 1951 3,
400 1916 544 1943 8.15.4ο.
571 1927 613 1932 -
638 1909 727 1951 Epit.
753 1909 874 1941 Theod.
900 1911 955 1950 95,
988 1909 1109 1942 Athon.
1135 1911 1227 1950 4,18.
1274 1909 1399 1942 Iulian.
1421 1916 1520 1943 const.
1547 1909 1796 1943 LXXXVIII.

327 1954 491 1987 Prooemii
513 1955 636 1987 initium
660 1955 832 1997 respicitur
855 1950 948 1987 ‘Rmz
977 1956 1032 1995 13,
1049 1962 1073 1995 1,
1098 1956 1155 1987 ubi
1176 1957 1295 1987 citatur
1317 1953 1428 1999 νεαροὶ
1453 1953 1666 1997 ἐνενηκοστὴ
1689 1956 1790 1999 τρίτη
1815 1955 1856 1996 (υ.
1871 1954 1891 1987 l.
1916 1950 2065 1998 πρώτη).

393 2042 461 2085 lais,
486 2040 785 2089 quemadmodum
808 2042 847 2077 in
868 2042 1070 2088 provinciis
1094 2042 1272 2079 custodiri
1293 2046 1473 2090 oporteat,
1505 2043 1776 2090 qloriosissimis
1795 2042 1997 2089 praefectis
2018 2052 2125 2077 sacro
2145 2045 2270 2078 nostro
2286 2041 2479 2088 praetorio

395 2087 669 2124 transmisimus.

1316 2223 1428 2259 XCV.

291 2292 376 2343 UT
399 2290 797 2342 PRAESIDES
833 2290 1357 2351 QUINQUAGINTA
1396 2290 1570 2341 DIES
1598 2291 1774 2343 POST
1795 2289 2307 2342 MAGISTRATUM
2339 2290 2453 2343 DE-

242 2358 245 2363 ”
288 2358 596 2411 POSITIJM
638 2358 729 2409 IN
765 2357 1185 2410 PROVINCIIS
1228 2358 1774 2423 COMMORENTUR,
1823 2357 1994 2410 SIVE
2031 2357 2455 2410 MILITAREM

684 2425 856 2478 SIVE
889 2425 965 2476 CI
971 2425 1197 2478 VILE'M
1230 2426 1336 2477 MA
1344 2426 1742 2478 GISTRATUM
1779 2425 2065 2481 GERAM'.

291 2506 381 2553 Imp.
407 2504 633 2542 lastinianus
656 2509 843 2552 Auqustus
867 2503 1028 2541 Iohanni
1047 2505 1526 2586 ,ᾳῖονίοεὶῗὶιηαρνιῖεβεοῐτο
1545 2506 1733 2558 praetorio
1751 2516 1823 2552 per
1849 2503 2028 2541 Orientem
2051 2505 2199 2548 iterum,
2229 2515 2281 2542 ex
2303 2505 2451 2542 consule

1158 2562 1201 2587 or
1227 2562 1345 2586 marzo
1368 2562 1387 2586 e
1420 2562 1474 2598 pa
1491 2561 1592 2586 ricto.

398 2617 659 2663 Praefatio.
708 2616 788 2653 Iam
812 2616 954 2662 quidem
979 2618 1090 2653 latam
1114 2629 1190 2654 esse
1212 2618 1374 2655 novaus
1398 2617 1529 2663 leqem,
1563 2629 1656 2664 quae
1677 2617 1774 2654 iubet
1796 2628 1860 2653 eos
1890 2617 1954 2663 qui
1975 2617 2014 2651 in
2037 2616 2310 2662 maqistratibns
2333 2618 2410 2654 sive
2431 2618 2480 2654 ci·

262 2663 388 2700 vilibus
422 2663 495 2698 sive
525 2662 742 2698 militaribus
774 2662 961 2698 constituti
997 2668 1082 2698 sunt
1112 2674 1156 2697 ne
1187 2663 1355 2709 deposito
1379 2664 1524 2708 quidem
1547 2664 1766 2709 maqistratu
1801 2663 1884 2698 inde
1916 2661 2099 2698 discedere
2124 2671 2251 2708 posse,
2287 2668 2480 2710 antequam

262 2709 338 2744 dies
362 2708 627 2754 quinquaqinta
651 2708 687 2742 in
712 2706 971 2753 metropolibus
995 2708 1207 2743 commorati
1229 2709 1303 2743 se'nt
1325 2708 1363 2742 in
1379 2706 1530 2754 publico
1554 2708 1687 2743 versati
1717 2708 1833 2754 iisque
1854 2708 1919 2755 qui
1941 2718 2002 2743 eos
2025 2707 2214 2743 convenire
2237 2706 2347 2744 velint
2373 2709 2479 2744 sante-

261 2753 403 2799 facturi
410 2780 421 2795 ,
453 2763 497 2787 ac
519 2763 565 2788 ne
587 2763 630 2787 ea
654 2751 797 2798 quidem
822 2762 933 2787 causa
957 2753 1188 2799 interposita,
1220 2763 1259 2788 se
1281 2751 1351 2787 lzuc
1374 2757 1524 2788 vocatos
1546 2763 1640 2795 esse,
1677 2753 1782 2789 licere
1805 2753 1851 2788 iis
1873 2753 1918 2789 de
1935 2752 2129 2799 provincia
2152 2752 2328 2795 recedere,
2359 2763 2480 2789 verum

262 2798 370 2834 etiam
392 2798 426 2832 si
448 2796 537 2843 quid
559 2797 735 2833 eiusmodi
755 2796 932 2842 fecerint,
964 2807 1093 2832 rursus
1123 2808 1185 2833 eos
1215 2798 1252 2831 in
1279 2797 1510 2843 provinciam
1533 2798 1676 2833 remitti.

1726 2797 1963 2845 Repperimus
1985 2807 2069 2833 vero
2101 2797 2274 2843 quosdam
2302 2797 2392 2834 adeo
2416 2810 2479 2834 au-

262 2843 370 2879 daces
400 2852 495 2884 esse.,
526 2846 568 2877 ut
596 2842 703 2878 etiam
736 2841 804 2876 hac
833 2841 910 2887 teqe
941 2841 1034 2884 lata,
1065 2847 1258 2888 antequam
1289 2843 1542 2888 maqistratum
1571 2842 1774 2889 deponant,
1801 2842 2012 2889 provincias
2042 2840 2292 2888 derelinquere
2321 2842 2481 2879 audeant

262 2893 297 2924 et
326 2888 376 2923 acl
410 2887 504 2922 hanc
536 2886 680 2932 felicem
716 2887 836 2923 venire
868 2886 1007 2929 urbem,
1043 2891 1137 2922 metu
1172 2897 1296 2922 eorum
1331 2898 1424 2933 quae
1459 2887 1504 2923 ab
1533 2887 1623 2933 ipsis
1656 2887 1844 2923 commissa
1874 2890 1958 2923 sunt
1990 2897 2077 2922 neve
2105 2897 2243 2933 poenas
2271 2886 2480 2924 delictorum

262 2943 411 2969 suorum
432 2932 594 2968 subeant.

318 3039 333 3070 1
360 3031 559 3079 *ὑπάρχοις
585 3034 655 3067 ML
681 3032 694 3077 fl
718 3034 737 3067 3
762 3035 884 3066 subscr.
910 3046 967 3066 om.
995 3033 1047 3071 M:
1073 3033 1184 3066 datv.
1210 3034 1284 3066 idus
1308 3046 1338 3075 ς,

263 3082 330 3115 dat.
343 3092 406 3114 vu.
427 3079 555 3112 octubr.
572 3089 661 3111 anno
679 3077 768 3110 XIII
786 3079 865 3120 imp.
882 3077 940 3111 dn.
955 3076 1138 3110 iustiniano
1154 3078 1234 3120 pissi
1247 3079 1338 3112 Ial.·0

263 3130 334 3167 (om.
356 3126 420 3160 Iul.
445 3126 537 3159 codd.
562 3126 646 3161 cett.)
675 3123 811 3169 ἐγράφη
836 3119 880 3155 ι’ὃ.
899 3119 1135 3167 Ὀκτωβρίων
1157 3121 1340 3166 βασιλείας

261 3169 516 3205 Ἰουστινιανοῦ
532 3168 575 3202 τὸ
594 3182 606 3201 ι
630 3167 639 3179 ’
654 3165 826 3201 ὑπατείας
838 3163 1011 3201 Ἀπίωνος
1023 3170 1098 3201 Am.
1123 3167 1338 3213 έξεφωνὴθη

263 3219 348 3261 μηνὶ
374 3212 564 3260 ὄκτωβρίῳ
589 3216 660 3247 ἑτει
683 3213 745 3256 τῆς
767 3210 950 3257 βασιλείας
972 3210 1023 3245 ιδ’
1046 3221 1141 3247 (corr.
1163 3212 1223 3258 ιγ’)
1246 3210 1338 3247 ὑπα-

264 3265 344 3305 τείᾳ
362 3258 523 3296 >incoven-
542 3261 661 3294 Theod.
680 3261 692 3302 ΙΙ
716 3261 737 3291 6
751 3261 837 3291 rubr.
862 3259 951 3303 Περὶ
976 3254 1166 3300 ἀρχόντων
1188 3260 1304 3291 Theod.
1319 3270 1339 3294 ς

266 3307 388 3351 Νόμος
418 3307 499 3350 περὶ
527 3304 604 3338 τῶν
633 3299 823 3348 ἀρχόντων
847 3305 920 3336 Aeh.
947 3302 959 3345 ΙΙ
989 3305 1009 3336 9
1033 3302 1103 3335 εἴτε
1127 3314 1339 3347 στρατιωτι-

265 3353 332 3396 κὴν
356 3353 471 3394 ἔχοιεν
494 3350 564 3383 εἴτε
587 3347 778 3392 πολιτικήν
801 3350 870 3389 (om.
896 3343 1018 3392 ἆρχήν,
1044 3350 1074 3380 in
1092 3350 1196 3381 indice
1217 3361 1275 3381 om.
1289 3361 1338 3381 vv.

265 3399 336 3431 εἴτε
366 3394 554 3438 πολιτικὴν
584 3391 707 3439 ἀρχήν)
733 3395 764 3428 L
792 3393 805 3438 fl
835 3394 873 3427 13
897 3391 1042 3437 ἐπάρχῳ
1067 3393 1156 3435 Atta]
1192 3388 1340 3438 ὑπάρχω

267 3445 339 3477 ML
354 3443 367 3487 ΙΙ
389 3444 428 3477 14
453 3438 649 3486 όρδιναρίω
668 3439 760 3481 ML,
792 3450 875 3472 corr.
901 3438 1123 3476 Haloanderll
1148 3441 1187 3472 15
1211 3434 1338 3482 νόμον]

271 3490 347 3522 cod.
377 3490 409 3528 l,
431 3495 465 3522 49
498 3489 557 3530 (βι.
592 3483 628 3518 α’
661 3484 726 3518 τοῦ
756 3480 905 3517 nummos·
934 3485 980 3516 τί.
1010 3481 1082 3525 μθ’
1109 3480 1269 3522 διάταξις
1299 3482 1336 3515 α’

266 3535 363 3567 schot.
390 3533 436 3566 M
437 3535 464 3574 );
497 3534 537 3575 cf.
564 3543 634 3565 nov.
657 3530 748 3564 VIII
770 3543 795 3561 c.
820 3532 840 3563 9
870 3528 882 3572 ΙΙ
912 3530 950 3563 17
977 3526 1201 3562 *παύσοιντο
1227 3529 1298 3561 ML
1328 3529 1339 3571 ΙΙ

268 3580 310 3612 19
334 3575 523 3622 διατρίψω
548 3577 587 3610 ἐν
611 3577 655 3610 Μ
677 3575 689 3619 ΙΙ
718 3575 760 3609 20
784 3572 974 3620 φερόμενοι
998 3574 1030 3607 L
1056 3575 1068 3617 ΙΙ
1098 3570 1337 3619 ἀπολογούμε-

267 3625 336 3664 νοι]
361 3621 578 3668 ἐπαγόμενοι
601 3622 652 3655 L⁰
673 3621 686 3664 ss
715 3621 757 3655 23
781 3617 952 3664 πράξειεν
972 3618 1052 3663 L‘fl
1074 3619 1249 3653 τοσοῦτον
1274 3620 1303 3652 L
1328 3619 1338 3662 l!

268 3670 310 3704 25
336 3664 535 3703 παύσοιντο
560 3666 647 3709 ML,
672 3679 754 3700 corr.
779 3666 943 3710 Scrimyer

1460 3034 1480 3067 2
1503 3033 1703 3077 praetorium
1726 3033 1782 3078 Vfl
1806 3035 1826 3067 3
1850 3036 1970 3067 subscr.
1994 3033 2060 3066 dat.
2080 3043 2113 3066 v.
2137 3032 2182 3066 id.
2210 3033 2328 3066 Bamb.
2340 3033 2398 3075 II,
2421 3033 2478 3067 da-

1407 3081 1478 3111 tum
1501 3089 1533 3110 v.
1559 3078 1633 3111 idus
1656 3078 1800 3112 octobris
1823 3081 1871 3112 ed.
1893 3081 2011 3122 princ„
2036 3091 2095 3111 om.
2119 3085 2188 3111 cett.
2207 3077 2220 3121 fl
2243 3079 2264 3112 6
2287 3078 2336 3111 De
2360 3078 2479 3113 timini-

1406 3123 1624 3156 strationibus
1646 3123 1680 3156 V
1696 3125 1745 3156 De
1764 3123 2086 3156 ministrationibus
2109 3123 2138 3156 R
2154 3122 2167 3166 fl
2189 3124 2228 3157 12
2243 3122 2478 3165 gloriosissimo

1407 3181 1466 3202 om.
1499 3168 1532 3201 V
1551 3167 1564 3212 ll
1587 3178 1653 3211 ppo
1675 3178 1844 3201 sacrorum
1867 3169 2107 3212 praefectorum
2131 3168 2248 3202 horum
2277 3169 2307 3201 V
2330 3168 2344 3213 ΙΙ
2374 3170 2415 3204 13
2438 3179 2478 3202 ex

1407 3223 1495 3246 cons.
1512 3212 1586 3245 RV
1606 3213 1775 3246 exconsuli
1792 3214 1824 3246 T
1844 3214 1856 3257 ΙΙ
1883 3215 1924 3248 14
1939 3214 2027 3256 patri
2043 3214 2074 3246 R
2092 3213 2105 3258 11
2131 3215 2170 3247 15
2191 3213 2325 3255 quidam
2347 3213 2478 3258 1711ιο-

1406 3258 1560 3291 uissimus
1581 3257 1634 3290 V‘
1659 3258 1671 3301 ΙΙ
1700 3260 1741 3293 16
1763 3257 1929 3291 uolentem
1956 3259 2092 3302 Teuta]
2118 3258 2266 3292 uolentes
2289 3258 2362 3292 RV
2382 3258 2395 3303 Ι
2419 3259 2478 3302 qui

1407 3316 1465 3336 om.
1489 3302 1564 3346 17¹1!
1588 3302 1674 3335 fiunt
1695 3303 1769 3344 VT]
1794 3304 1896 3336 suerit
1920 3304 1952 3336 R
1983 3304 2109 3337 suerint
2131 3303 2247 3348 vu19.fl
2272 3303 2403 3337 ciuibus
2427 3302 2477 3337 T·

1406 3348 1442 3380 in
1469 3346 1626 3380 ciuilibus
1657 3349 1689 3382 R
1762 3351 1801 3382 17
1826 3348 2144 3382 administrationem
2177 3348 2226 3383 V¹
2265 3348 2307 3382 ab
2335 3348 2476 3381 admini-

1405 3393 1565 3425 stratione
1588 3394 1672 3438 vulp.
1689 3393 1703 3437 ΙΙ
1722 3395 1762 3428 19
1787 3393 1978 3437 metropolis
2006 3394 2060 3438 ΤΙΙ
2078 3396 2373 3427 commemorentur
2393 3393 2440 3426 1⁷¹
2462 3390 2476 3437 Ι

1408 3439 1449 3471 20
1474 3441 1507 3470 et
1530 3439 1579 3479 ut]
1604 3441 1637 3471 et
1661 3439 1723 3472 del.
1749 3438 1828 3482 ΤἿ
1851 3441 1893 3473 22
1918 3440 2022 3481 egerit
2054 3439 2109 3483 Vll
2127 3441 2168 3474 23
2193 3437 2353 3471 destinari
2373 3437 2475 3482 vulp-1

1406 3483 1571 3515 destinare
1590 3484 1695 3517 RVT
1706 3483 1720 3527 ΙΙ
1737 3485 1780 3518 24
1800 3484 1974 3517 existentes
1996 3485 2044 3518 sie
2066 3486 2119 3518 T⁰
2137 3486 2149 3524 11
2166 3486 2208 3518 25
2231 3483 2476 3526 distingueren-

1407 3531 1462 3561 tur
1485 3528 1546 3572 Vll
1571 3528 1759 3571 relinquere
1782 3530 1815 3562 T
1831 3531 1843 3572 ΙΙ
1872 3530 1915 3563 26
1934 3529 2092 3563 aduenire
2120 3529 2151 3563 T
2207 3530 2248 3563 27
2273 3539 2293 3562 a
2315 3541 2373 3562 om.
2394 3524 2477 3571 1⁷¹·

1406 3584 1438 3606 se
1448 3576 1640 3652 ngteskoaem]
1670 3577 1855 3616 segetorum
1871 3575 1919 3607 R·
1937 3574 1950 3618 11
1974 3576 2140 3617 perferent
2160 3529 2218 3619 Vll
2233 3575 2275 3608 28
2291 3572 2475 3615 derelique-

1405 3629 1446 3651 ru
