2476 3854
100 68 208 113 Nov.
236 70 419 115 OXXXI
448 87 510 128 pr.
545 77 563 115 1

166 178 448 231 <Ἐπίλογος.>
499 186 547 219 Τὰ
577 188 702 219 τοίνυν
733 182 975 230 παραστάντα
1005 184 1090 229 ἡμῖν
1121 189 1180 220 καὶ

99 224 161 262 διὰ
188 229 254 263 τοῦ
285 227 467 275 παρόντος
496 228 698 274 δηλούμενα
728 230 843 274 νόμου
874 226 895 273 ἦ
923 229 967 273 σὴ
992 228 1183 273 ἐνδοξότης

99 274 140 308 ἔν
163 286 203 308 τε
224 274 270 321 τῇ
293 273 455 318 βασιλίδι
479 275 581 309 πόλει
599 289 719 316 και,
743 278 802 309 καὶ
820 278 894 310 τοῖς
917 275 1010 309 κατὰ
1033 275 1101 310 τὸν
1120 275 1181 310 τό-

99 331 172 353 πον
194 318 408 354 ὁσιωτάτοις
432 321 642 355 ἐπισκόποις
665 322 738 355 τοῖς
756 334 796 354 τε
818 319 1082 365 λαμπροτάτοις
1105 322 1182 356 τῶν

98 366 284 410 ἐπαρχιῶν
307 363 453 409 ἄρχουσι
477 369 536 399 καὶ
558 366 649 400 πᾶσι
673 369 745 400 τοῖς
766 363 948 411 ἡμετέροις
971 362 1182 401 ὑποτελέσιν

99 410 139 444 ἐν
155 409 288 457 ἑκάστῃ
313 412 465 455 ἐπαρχίᾳ
488 414 548 444 καὶ
565 409 669 445 πόλει
686 408 777 454 δῆλα
792 410 1070 455 καταστησάτω,
1095 407 1183 446 ὥςτε

98 452 232 489 εἰδέναι
255 455 336 489 τοὺς
359 453 547 500 ἡμετέρους
569 454 751 490 ὑποτελεῖς
776 454 822 490 τὰ
847 453 937 503 παρ’
963 453 1068 501 ἡμῶν
1091 453 1182 502 ὑπὲρ

98 501 160 543 τῆς
191 496 314 534 αὐτῶν
345 497 540 545 ἇβλαβείας
571 499 858 536 &aevum-Jeme
890 504 950 535 καὶ
979 501 1182 548 γινώσκειν,

98 541 146 579 ais
179 545 279 590 εἴπερ
314 546 411 598 παρὰ
446 545 561 580 ταῦτά
596 560 631 580 τι
662 546 845 590 πραχθείη
882 550 942 581 καὶ
972 547 1010 582 οἱ
1039 544 1182 582 ἀδικού-

1171 70 1258 119 654

1687 88 1746 118 DE
1774 87 2128 121 EGOLESIAS'I'ICIS
2155 87 2333 122 'I'ITULIS

1316 185 1588 232 (Epilogus.)
1641 186 1740 268 quae
1771 187 1879 232 igitur
1938 187 2126 224 Iacuerunt
2159 188 2261 224 nobis
2297 191 2334 224 et

1251 242 1315 277 per
1337 235 1562 277 praesentem
1593 232 1658 269 dec
1673 235 1775 268 arata
1806 235 1891 268 sunt
1928 243 2041 277 egem,
2073 235 2138 269 tua
2161 233 2274 277 gloria
2295 233 2333 269 in

1251 277 1348 321 regia
1373 276 1514 312 civitate
1546 279 1582 312 et
1604 287 1669 323 per
1691 279 1772 314 loca
1796 278 2029 314 sanctissimis
2061 278 2238 323 episcopis
2260 278 2332 314 cla-

1250 322 1468 367 rissimisque
1486 322 1748 368 provinciarum
1766 323 1943 359 iudicibus
1964 325 2000 359 et
2020 324 2183 359 omnibus
2201 323 2333 359 nostris

1220 368 1419 403 5subiectis
1449 367 1487 403 in
1517 378 1730 414 unaquaque
1762 368 1944 413 provincia
1975 370 2012 403 et
2041 368 2183 404 civitate
2214 368 2333 413 palam

1250 413 1377 455 faciat,
1409 415 1450 447 ut
1480 413 1597 448 sciant
1625 414 1739 449 nostri
1770 414 1921 450 subiecti
1955 423 2046 459 quae
2077 423 2100 449 a
2129 413 2232 449 nobis
2265 423 2331 459 pro

1252 469 1374 493 eorum
1398 457 1628 494 indemnitate
1651 459 1824 505 disposita
1847 462 1931 494 sunt
1950 463 1986 495 et
2009 462 2216 503 agnoscant,
2249 459 2333 503 quia

1251 504 1282 539 si
1308 506 1434 538 contra
1456 503 1544 539 haec
1568 504 1701 549 aliquid
1732 508 1858 547 agatur
1882 507 1918 540 et
1938 504 1998 548 qui
2021 504 2212 539 laeduntur
2243 503 2331 538 taci-

1250 548 1416 584 turnitati
1447 558 1592 584 causam
1617 550 1845 594 tradiderint,
1876 550 1946 596 ipsi
1969 549 2171 586 huiusmodi
2202 548 2331 584 laesio-

96 602 197 635 μενοι
234 603 357 634 σιωπη
392 591 435 625 τὸ
472 592 623 638 πρᾶγμα
646 589 949 646 παραδώσουσιν,
986 589 1087 627 oct-vot
1121 593 1183 636 τῆς
1201 597 1238 629 10
1252 595 1307 629 nis
1331 593 1401 629 sibi
1424 595 1588 630 auctores
1611 594 1709 632 flent.

98 635 264 678 τοιαύτης
288 627 429 680 βλαβης
451 637 588 670 ἑαυτοῖς
612 637 721 671 αἰτιοι
742 648 967 683 γενησονται.

156 680 239 716 Dat.
267 682 301 716 k.
328 681 435 716 Mart.
462 681 531 716 GP.
557 681 681 727 (imp.)
707 682 765 716 dn.
791 682 980 718 Iustiniani
1002 693 1063 727 pp.
1089 684 1181 727 Aug.

98 734 191 762 anno
207 725 341 763 XVIII.
362 730 447 772 post
467 736 564 764 cons.
583 727 706 764 Basilii
727 737 783 763 vc.
802 737 896 764 anno
913 727 974 764 IV.
994 727 1181 816 indalfflgi

179 1030 360 1084 ΠΕΡΙ
397 964 1098 1085 ΕΚΚΑἝΑΣΙΑΣΤΙΚῼΝ

95 1096 476 1152 ΚΑΝΟΝῼΝ
520 1100 659 1153 ΚΑΙ
699 1099 1181 1154 ΠΡΟΝΟΜΙῼΝ.

139 1173 176 1211 Ὁ
197 1175 303 1212 αὐτὸς
319 1177 487 1223 βασιλεὺς
507 1182 636 1225 Πέτρῳ
661 1180 714 1222 τῷ
736 1177 963 1223 ἐνδοξοτάτῳ
988 1180 1135 1226 ἐπάρχῳ

517 1228 765 1271 πραιτωρίων.

150 1291 208 1335 (11
210 1303 231 1335 ρ
239 1303 258 1325 o
267 1303 287 1325 ο
295 1294 311 1325 ί
316 1305 343 1336 μ
351 1306 364 1326 ι
373 1304 393 1326 ο
401 1291 452 1339 ν.)
490 1295 579 1372 Περὶ
594 1293 672 1328 τῶν
688 1291 996 1337 ἐκκλησιαστικῶν
1010 1291 1182 1327 κανόνων
1194 1296 1236 1330 20

95 1339 155 1370 καὶ
185 1340 396 1382 προνομίων
426 1341 486 1372 καὶ
514 1336 539 1371 ἅ
561 1337 638 1372 λων
669 1336 877 1383 κεφαλαίων
906 1338 954 1373 εἰς
984 1337 1049 1373 τὰς
1072 1335 1182 1385 ἁγιω-

95 1381 206 1416 τάτας
235 1381 421 1426 ἐκκλησίας
450 1386 512 1417 καὶ
541 1383 624 1418 τοὺς
646 1382 793 1418 λοιποὺς
825 1386 1040 1429 σεβασμίους
1069 1383 1183 1418 οἴκους

96 1424 274 1473 ὁρώντων
297 1428 365 1463 τὸν
387 1429 556 1474 παρόντα
579 1427 697 1474 νόμον
719 1432 955 1476 προφέρομεν.

1195 967 1237 1001 15

1581 965 1742 1002 CXXXI.
1800 965 2052 1003 Auth.0X1X.
2079 965 2166 1002 coll.
2177 965 2229 1001 IX
2245 964 2332 1002 tito

1403 1035 1454 1085 R
1489 1036 1584 1085 DE
1619 1034 2173 1087 EOOLESIASTIGIS

1608 1103 1887 1153 TITULIS
1919 1104 1971 1153 R

1569 1180 1668 1217 Idem
1696 1182 1787 1226 Aug.
1820 1181 1928 1217 Petro
1959 1191 2019 1227 pp.

1361 1291 1464 1328 raef
1469 1292 1596 1339 atio.)
1642 1292 1696 1329 De
1718 1293 1850 1339 regulis
1873 1293 2123 1330 ecclesiasticis
2155 1295 2193 1328 et
2222 1291 2332 1338 privi-

1250 1338 1349 1382 leglls
1381 1338 1532 1383 aliisque
1556 1338 1723 1383 capitulis
1753 1338 1800 1375 ad
1823 1343 2072 1375 sacrosanctas
2103 1338 2274 1375 ecclesias
2296 1341 2333 1374 et

1250 1385 1314 1420 reli
1341 1393 1405 1419 uas
1429 1384 1648 1420 venerabiles
1679 1384 1803 1420 domos
1827 1385 2084 1430 pertinentibus
2108 1385 2332 1430 praesentem

1249 1440 1314 1475 pro
1332 1429 1462 1465 erimus
1485 1430 1608 1474 legem.

1114 1542 1274 1579 CAPUT
1297 1543 1326 1580 L

143 1611 367 1654 Θεσπίζομεν
381 1613 519 1665 τοίνυνζ
542 1611 648 1651 τάξιν
664 1611 792 1656 νόμων
806 1613 948 1666 ἐπέχειν
967 1610 1050 1646 τοὺς
1064 1608 1182 1657 ἁγίους

1305 1610 1491 1646 Sancimus
1514 1610 1623 1655 igitur
1644 1610 1756 1647 vicem
1779 1612 1895 1656 legum
1918 1611 2080 1647 obtinere
2103 1613 2248 1648 sanctas
2272 1622 2332 1649 ec-

97 1654 407 1699 ἐκκλησιαστικοὺς
429 1668 587 1691 κανονας
612 1656 694 1691 τοὺς
717 1655 790 1692 ὑπὸ
815 1670 893 1692 των
913 1659 1031 1704 αγίων
1053 1655 1181 1692 τεσσά-
1196 1658 1237 1691 25
1253 1655 1471 1692 clesiasticas
1495 1656 1645 1701 regulas,
1671 1667 1762 1703 quae
1782 1667 1804 1692 a
1825 1657 1960 1693 sanctis
1979 1659 2150 1703 quattuor
2172 1658 2333 1695 conciliis

163 1748 251 1782 Nov.
280 1748 440 1782 CXXXI
464 1748 626 1790 (Anthent.
658 1749 786 1783 CXIX
805 1764 849 1776 =
877 1749 958 1783 0012.
979 1749 1042 1782 IX
1064 1750 1110 1782 tit.
1132 1749 1168 1782 6:
1193 1748 1306 1792 yloss.)
1343 1747 1468 1781 Graece
1491 1755 1580 1782 extat
1604 1750 1636 1782 in
1662 1749 1752 1790 ML,
1785 1751 1818 1783 in
1842 1749 1873 1782 A
1887 1751 1920 1792 fi
1945 1751 2019 1784 184.
2047 1750 2240 1785 188v—190
2265 1752 2337 1794 (ubi

96 1794 183 1828 tituli
201 1794 302 1837 primi
323 1800 450 1836 partem
475 1794 601 1837 efficit),
625 1801 759 1838 praeter
784 1795 942 1837 epiloyum
966 1795 999 1827 in
1024 1794 1061 1827 B
1085 1795 1117 1836 5,
1138 1801 1165 1834 3,
1183 1800 1280 1833 1—17;
1317 1806 1343 1826 c.
1371 1794 1458 1828 1-3
1482 1795 1537 1834 ἰη.,
1570 1806 1596 1827 c.
1622 1795 1651 1828 5.
1677 1795 1708 1828 6.
1735 1796 1787 1829 10.
1815 1796 1865 1829 11.
1894 1796 1934 1828 12
1955 1796 2077 1838 partim
2102 1796 2271 1829 decurtata
2298 1797 2333 1830 in

101 1839 292 1874 Collectione
307 1839 531 1873 LXXXVII
552 1840 764 1884 capitulorum
778 1840 913 1875 22—26
929 1840 986 1882 (=
999 1839 1027 1872 S
1033 1851 1041 1877 3
1065 1840 1141 1873 inde
1156 1839 1291 1883 Nomoc.
1304 1839 1336 1872 L
1353 1839 1400 1873 tit.
1416 1840 1430 1872 1
1459 1846 1489 1873 et
1512 1840 1678 1882 appendix
1693 1852 1766 1883 cap.
1784 1840 1857 1874 eccl.
1882 1841 1932 1875 15.
1953 1841 1994 1874 16
2014 1853 2050 1884 p.
2064 1841 2130 1875 604
2141 1853 2190 1885 sq.
2209 1842 2273 1876 667
2283 1854 2330 1885 sq.

104 1885 237 1927 Voell.);
263 1896 290 1917 c.
309 1885 361 1918 13.
381 1885 423 1918 14
440 1886 473 1918 in
494 1885 685 1919 collectione
697 1887 774 1919 XX
780 1886 814 1919 V
823 1886 1037 1929 capitulorum
1053 1886 1095 1920 25
1108 1886 1166 1927 (=
1185 1885 1234 1927 0)
1255 1902 1302 1910 —
1323 1885 1414 1927 Epit.
1437 1885 1558 1918 Theod.
1582 1886 1658 1927 131,
1681 1886 1803 1919 Athan.
1822 1887 1853 1927 2,
1870 1892 1886 1919 3
1910 1886 1998 1927 (inde
2027 1886 2105 1920 Goll.
2131 1894 2230 1921 const.
2256 1887 2331 1921 eccl.

95 1929 161 1964 III
172 1931 204 1970 2,
221 1937 252 1969 3;
275 1930 461 1973 particulae
484 1937 671 1974 repetuntur
694 1932 727 1965 in
749 1932 916 1972 paratitlis
939 1931 1014 1964 Atk.
1034 1932 1051 1965 1
1071 1935 1128 1972 §1‚
1153 1932 1173 1964 3
1193 1934 1252 1973 §3‚
1277 1931 1297 1965 9
1317 1931 1387 1972 §3).
1434 1930 1556 1964 Iulian.
1582 1938 1680 1966 const.
1709 1931 1844 1965 CXIX.

165 1988 191 2009 c.
215 1976 240 2009 I
260 1988 299 2009 ex
316 1975 358 2018 ‚B
383 1976 500 2009 habent
523 1977 597 2010 Eat.
621 1976 709 2009 Bas.
730 1977 851 2019 I—X,
882 1976 1044 2011 Nemee-⁷⁷¹
1062 1976 1165 2009 XIV
1180 1977 1226 2010 tit.
1246 1978 1275 2018 1,
1293 1982 1336 2031 ²³,
1362 1983 1579 2020 aryumentum
1602 1983 1692 2010 notat
1714 1977 1847 2011 Nomoc.
1871 1976 1976 2011 XIV
1993 1978 2038 2010 tit.
2063 1978 2106 2010 ib.

231 2098 321 2145 Epi
329 2098 343 2134 l
351 2109 372 2134 o
379 2108 473 2145 qus.
519 2096 621 2142 Quae
643 2100 757 2146 ἱρεῖαι·
786 2098 891 2135 nobis
916 2098 1139 2146 placuerunt
1168 2102 1203 2135 et
1227 2109 1296 2145 per
1323 2101 1550 2145 praesentem
1582 2097 1695 2145 leqem
1718 2098 1963 2141 declarantur,
1997 2102 2060 2135 tua
2081 2099 2204 2146 qloria
2234 2102 2271 2136 et
2293 2099 2332 2135 in

94 2145 198 2191 reqia
221 2144 366 2181 civitate
391 2158 514 2188 unet,
545 2148 582 2180 et
602 2144 840 2182 sanctissimis
871 2145 937 2191 qui
965 2144 1097 2190 ubique
1125 2148 1212 2180 sunt
1240 2143 1422 2190 episeopis
1453 2147 1489 2179 et
1511 2143 1722 2180 clarissimis
1749 2144 2022 2191 provinciarum
2040 2144 2276 2198 praesidibus
2298 2149 2334 2180 et

96 2190 260 2227 omnibus
289 2189 458 2225 subiectis
487 2191 625 2226 nostris
654 2191 693 2226 in
723 2201 944 2237 unaquaque
970 2189 1162 2236 provincia
1193 2193 1227 2226 et
1259 2189 1404 2226 civitate
1434 2189 1632 2235 manifesta
1660 2190 1799 2237 faciat,
1834 2193 1875 2225 ut
1897 2189 2045 2226 subiecti
2077 2190 2194 2226 nostri
2215 2191 2335 2226 sciant

95 2247 189 2282 quae
212 2247 236 2271 a
259 2235 363 2270 nobis
380 2246 454 2282 pro
478 2236 639 2281 ipsorum
661 2235 910 2272 incolumitate
933 2235 1131 2272 constituta
1153 2238 1240 2270 sunt
1262 2238 1298 2270 et
1320 2233 1544 2315 intellegant,
1578 2235 1612 2270 si
1635 2234 1726 2281 quid
1746 2235 1920 2272 adversus
1942 2234 2031 2271 baec
2054 2238 2189 2282 aqatur
2211 2239 2246 2272 et
2268 2234 2334 2283 qui

1460 2291 1472 2316 ι

95 2281 227 2318 damno
252 2280 377 2327 affecti
399 2285 486 2317 sunt
507 2280 652 2318 silentio
676 2293 751 2318 rem
775 2280 1052 2324 transmiserint,
1083 2281 1186 2328 ipsos
1207 2280 1276 2317 sibi
1299 2280 1433 2317 eiusmo

1011 2386 1092 2393 —-—

1495 2279 1619 2316 damni
1640 2284 1807 2318 auctores
1829 2281 2024 2317 extituros.

330 2528 433 2581 ΒΕ
463 2528 1042 2581 ECOLE'SIASTICIS
1077 2458 1477 2580 ClelsrbYIl'IBUS
1508 2526 1604 2578 ET
1629 2526 2100 2580 PRIVILEGIIS.

627 2607 729 2645 Idem
751 2609 939 2656 Auqustus
959 2608 1069 2644 Petro
1093 2607 1358 2655 qloriosissimo
1381 2606 1573 2654 praefecto
1589 2607 1797 2653 praetorio.

231 2675 493 2723 Praefatio.
540 2676 595 2713 De
618 2677 871 2713 ecclesiasticis
894 2675 1094 2712 canonibus
1113 2678 1149 2712 et
1164 2675 1371 2723 privileqiis
1394 2679 1430 2711 et
1452 2674 1536 2710 aliis
1560 2674 1740 2722 capitibus
1769 2685 1863 2721 quae
1886 2675 1936 2711 ad
1956 2674 2202 2711 sanctissimas
2225 2672 2334 2710 eccle-

94 2723 170 2759 sias
194 2727 403 2768 ceterasque
425 2722 646 2758 venerabiles
669 2722 795 2758 domos
811 2723 1000 2769 pertinent
1015 2725 1246 2768 praesentem
1271 2720 1384 2768 leqem
1405 2720 1573 2767 ferimus.

229 2767 257 2803 1.
306 2767 497 2803 Saneimus
529 2767 652 2813 iqitur,
685 2772 726 2803 ut
756 2768 872 2814 lequm
906 2768 1015 2804 vicem
1047 2766 1233 2803 obtineant
1262 2766 1379 2803 sancti
1409 2765 1643 2802 ecclesiastici
1671 2775 1829 2802 canones
1859 2765 1924 2812 qui
1953 2775 1977 2801 a
1999 2765 2137 2801 sanctis
2160 2767 2336 2811 quattuor

141 2907 161 2940 2
178 2901 394 2948 δηλουμένου
407 2902 457 2935 La
473 2901 485 2946 11
505 2898 694 2945 ἐνδοξότης
707 2903 749 2936 M
753 2905 784 2945 ς]
810 2899 965 2948 ὑπεροχὴ
980 2904 1011 2937 L
1029 2903 1041 2947 ΙΙ
1059 2905 1078 2937 3
1094 2904 1180 2936 lacu·
1252 2903 1392 2942 Theod.;
1410 2915 1469 2936 om.
1481 2903 1513 2936 A
1532 2901 1544 2944 ΙΙ
1564 2903 1603 2937 18
1626 2897 1664 2935 Ὁ
1681 2897 1788 2935 αὐτὸς
1804 2899 1982 2945 βασιλεὺς]
2007 2895 2243 2946 αὐτοκράτωρ
2263 2899 2335 2933 tov-

96 2964 170 2985 nam
200 2951 313 2983 statuit
337 2949 541 2987 Zachariam
580 2950 793 2991 supplendum
816 2951 894 2991 fere
922 2950 1000 2993 (καὶ
1032 2949 1072 2982 ἐν
1103 2949 1182 2982 ταῖς

95 2997 282 3039 ἐπαρχίαις
304 2993 351 3028 εἰς
373 2991 443 3036 τὴν
465 2991 619 3027 πάντων
666 2993 780 3027 νῶσιν
804 2992 929 3027 ἐλθεῖν
956 3005 1179 3038 παρασκευα-

95 3038 217 3085 σάτω>
239 3040 252 3083 ΙΙ
279 3041 320 3076 12
343 3041 465 3072 subscr.
491 3051 549 3071 om.
571 3050 601 3080 ς’,
656 3041 750 3072 abent
772 3038 888 3081 Iul-¹¹¹0,
921 3042 991 3073 item
1015 3040 1080 3073 Iul.
1111 3039 1181 3072 Uti-

96 3084 462 3174 ”⁶⁷²{²'{⁷i1¹{·1¹“03‚¹‘}1i¹
474 3084 641 3173 ἔξέὶᾼὲζ]
661 3085 751 3170 51:⁷3²
764 3083 1181 3173 tt0352’.2{'?55⁰³·12¹„5.12·

95 3177 222 3211 νιανοῦ
247 3175 290 3210 τὸ
315 3174 363 3218 ιη’
375 3175 464 3216 Atta„
489 3188 547 3208 οηι.
563 3175 627 3208 Iul.
647 3175 765 3207 Theod.
797 3173 810 3217 11
839 3177 879 3209 13
901 3177 977 3217 post
1001 3185 1089 3208 cons.
1114 3176 1180 3207 Ba-

95 3223 151 3256 sili
175 3221 289 3263 (uasili
312 3223 399 3256 Utin.
428 3220 573 3253 bilisarii
596 3222 636 3263 w)
660 3230 748 3252 anno
773 3218 833 3253 IV.
856 3221 956 3261 (anno
981 3220 1040 3253 IV.
1066 3233 1125 3253 om.
1150 3222 1181 3260 b)

96 3268 198 3301 indic.
214 3267 314 3301 VIII.
339 3266 451 3309 (indic.
467 3266 565 3299 VIII.
590 3278 648 3300 om.
663 3278 703 3307 w,
736 3264 970 3307 Conspl.,add.
991 3266 1091 3305 Utin.)
1116 3265 1179 3298 Iul.

96 3313 186 3357 μετὰ
211 3312 280 3356 τὴν
303 3308 482 3346 ὑπατείαν
507 3309 695 3344 Βασιλείου
718 3309 762 3344 τὸ
787 3306 825 3342 δ’
843 3311 963 3344 Theod.
999 3309 1090 3353 μετὰ
1114 3308 1182 3352 τὴν

98 3357 275 3392 ὑπατείαν
299 3355 489 3391 Βασιλείου
520 3356 563 3390 τὸ
587 3355 625 3402 γ’
650 3357 726 3390 ΔιῘι.
766 3354 864 3388 basili
895 3366 945 3388 uc.
971 3365 1075 3387 conss.
1103 3355 1148 3387 M
1171 3353 1183 3398 ΙΙ

101 3407 140 3438 16
153 3407 240 3438 rubr.
267 3405 355 3448 Περὶ
375 3401 681 3444 ἑκκλησιαστικῶν
701 3400 872 3435 κανόνων
896 3403 956 3433 καὶ
972 3402 1183 3443 προνομίων

97 3446 232 3489 (αὐτῶν
249 3451 325 3483 add.
342 3449 406 3490 Bc)
427 3449 502 3489 SB]
535 3449 624 3492 Περὶ
647 3447 724 3481 τῶν
748 3443 1052 3489 ἐκκλησιαστικῶν
1076 3442 1182 3477 κανό-

98 3507 175 3528 νων
191 3496 251 3528 καὶ
267 3495 477 3539 προνομίων
497 3493 575 3527 τῶν
592 3493 683 3535 (τῶν
699 3506 758 3526 om.
772 3492 816 3535 L)
837 3491 885 3525 εἰς
901 3489 962 3524 τὰς
979 3485 1184 3536 ἁγιωτάτας

99 3538 282 3582 ἐκκλησίας
306 3536 496 3583 (ὁρώντων
520 3540 597 3572 add.
617 3539 813 3572 Haloander
830 3550 868 3571 esc
882 3549 913 3570 v.
929 3536 985 3577 23)
1013 3535 1082 3567 ML
1097 3535 1182 3577 vulq.

99 3588 186 3630 Περὶ
211 3585 288 3618 τῶν
311 3585 402 3625 (τῶν
421 3597 478 3618 om.
498 3585 593 3617 index
610 3584 698 3626 Ath.)
722 3580 1025 3626 ἐκκλησιαστικιῦν
1049 3577 1184 3613 τίτλων

99 3632 174 3663 ΑιΙι.
189 3643 207 3667 ς
243 3633 328 3676 Περὶ
353 3627 659 3672 ἐκκλησιαστικῶν
681 3628 850 3662 κανόνων
873 3629 933 3661 καὶ
957 3622 1183 3678 πραγμάΙτων

99 3672 428 3710 ἀποκαταστάσεως
444 3677 503 3707 καὶ
521 3669 821 3720 ὅρφανοτρόφων.
841 3670 936 3707 Ἴσον
951 3671 1055 3706 θείου
1069 3681 1183 3704 τυπου

1249 2946 1432 2981 στινιανὸς
1443 2947 1475 2981 A
1490 2948 1503 2990 11
1525 2949 1564 2982 19
1581 2949 1817 2992 πραιτωρίων
1830 2947 1913 2987 MA]
1933 2946 2011 2979 τῶν
2027 2947 2265 2990 πραιτωρίων
2278 2945 2310 2978 L
2323 2944 2335 2982 ΙΙ

1250 2994 1292 3027 20
1317 2993 1394 3026 τῶν
1419 2993 1498 3026 ML
1508 2993 1596 3033 title-J
1621 3005 1679 3025 om.
1699 2991 1776 3025 AB
1791 2992 1911 3025 Theod.
1939 2991 1951 3033 11
1975 2991 2017 3024 22
2041 2987 2236 3032 ἐκκλησίας]
2268 2989 2334 3023 τοῦ

1249 3037 1341 3071 &eota
1366 3035 1447 3071 ἐκκλ
1472 3039 1549 3071 σίας
1571 3038 1603 3070 A
1621 3035 1634 3081 11
1649 3038 1708 3069 καὶ
1731 3035 1813 3070 τοὺς
1835 3054 1882 3061 -
1904 3035 2100 3087 oi'xo‘vs-om.
2127 3034 2179 3068 ΒΓ
2199 3033 2336 3077 Ιοῖκους

1250 3083 1390 3124 ΕΔΒς]
1419 3092 1553 3116 τοπους
1576 3083 1636 3114 καὶ
1659 3079 1772 3114 οἴκους
1795 3082 1842 3114 Μ
1859 3080 1872 3124 11
1901 3081 1942 3115 23
1967 3091 2114 3133 ορωντα
2136 3079 2169 3113 A
2198 3079 2204 3124 Ι
2230 3092 2258 3114 π
2282 3090 2334 3114 ος-

1249 3125 1893 3215 Nimis

1314 3264 1335 3296 2
1359 3261 1525 3295 declarata
1548 3262 1640 3302 sunt]
1665 3260 1848 3294 declaratas
1872 3260 1928 3313 Vn
1947 3262 1966 3294 3
1991 3262 2024 3295 et
2045 3262 2117 3304 per]
2142 3262 2175 3312 et
2198 3258 2335 3313 ona-Tu

1251 3311 1271 3343 5
1295 3307 1332 3341 in
1364 3320 1422 3341 om.
1446 3307 1479 3340 V
1501 3306 1514 3350 11
1543 3308 1562 3340 8
1588 3308 1705 3339 contra
1727 3307 1828 3351 vulq]
1865 3308 1947 3339 citra
1973 3306 2044 3340 VT
2066 3306 2081 3349 11
2107 3306 2335 3339 taciturnitati

1250 3354 1351 3396 vulq]
1375 3351 1617 3384 taciturnitatis
1644 3352 1676 3385 T
1702 3351 1932 3384 taciturnitate
1954 3351 2009 3395 Vn
2027 3354 2047 3386 9
2069 3361 2166 3384 causa
2192 3350 2223 3384 T
2236 3350 2249 3394 11
2266 3352 2334 3383 tra-

1251 3397 1362 3431 derint
1381 3397 1437 3440 Vn
1456 3397 1643 3430 huiusmodi
1668 3410 1724 3431 om.
1759 3397 1792 3431 V
1809 3397 1820 3440 ΙΙ
1850 3399 1889 3431 10
1914 3396 1996 3429 fiant
2021 3396 2080 3440 ΤΙΙ
2099 3396 2335 3440 subscriptione

1251 3450 1361 3477 carent
1386 3443 1462 3476 libri
1491 3442 1578 3484 (nam
1602 3455 1686 3486 quae
1709 3444 1742 3476 in
1767 3442 1800 3476 T
1820 3443 1960 3476 adicitur
1984 3454 2052 3476 cum
2076 3442 2209 3475 rubrica
2235 3446 2334 3474 const.

1251 3489 1446 3566 S”i‘⁹{⁶5'1‘1‘⁸
1464 3488 1626 3566 &abac
1623 3487 1820 3575 ²3¹1(ssss
1839 3487 2335 3566 1²J⁰”'d3{?=fi'{'00551”‘i132⁶t²3

1252 3544 1345 3611 niani
1367 3557 1433 3622 pp]
1449 3559 1529 3621 mg]
1545 3557 1621 3621 (sici
1642 3544 1807 3612 stapam.
1832 3544 1930 3612 Auli.
1959 3577 2083 3612 CXXI
2103 3577 2158 3616 (ε
2175 3576 2282 3609 Eam.
2300 3575 2334 3626 s)

1247 3626 1398 3667 pertinet)
1416 3624 1428 3668 11
1449 3626 1486 3658 17
1504 3624 1627 3665 titulis]
1652 3623 1847 3657 constitutio
1867 3633 1956 3656 noua
1979 3623 2057 3657 add.
2081 3621 2138 3666 Vn
2156 3622 2197 3654 22
2222 3628 2334 3664 perm-

1251 3669 1399 3703 tcntibus
1424 3669 1500 3714 13¹1}
1526 3671 1568 3703 24
1592 3679 1701 3702 sacras
1724 3669 1758 3702 V
