2592 3840
254 108 364 152 Nov.
394 109 569 154 XCVIII
597 123 658 165 pr.
1316 105 1402 154 478
1668 121 1817 160 NEQUE
1836 121 1979 155 vuum
2006 121 2128 160 Quon
2154 122 2219 153 nx
2237 120 2357 154 nom
2383 120 2466 154 ΕΜ·

254 217 350 264 λόγῳ
368 217 578 266 διορίζομεν,
597 216 685 253 dien
701 216 761 266 ἐφ’
781 210 835 252 οἷν
851 220 952 252 ἐστιν
975 217 994 252 ὁ
1019 219 1082 263 τῆς
1104 222 1331 265 συνειςφορᾶς
1398 220 1465 255 rali
1496 230 1656 256 sermone
1685 221 1923 264 decernimus,
1954 230 2025 266 qua
2048 222 2170 266 ropter
2197 220 2236 256 In
2259 221 2386 266 quibus
2410 223 2466 256 est

254 261 372 310 λόγος,
407 266 467 299 ἐπὶ
499 265 639 299 τούτων
674 267 734 298 καὶ
767 265 836 307 τὴν
868 261 1036 305 διάταξιν
1069 268 1223 310 κρατεῖν,
1259 266 1330 300 εἴτε
1399 265 1599 301 collationis
1620 265 1724 308 ratio,
1747 266 1784 301 in
1807 266 1863 302 his
1883 269 2026 302 et'oonss
2045 265 2227 301 'tutionem
2244 266 2369 308 valere,
2393 265 2467 301 sive

254 309 375 354 πατὴρ
406 310 477 343 εἴτε
501 310 649 345 πάππος
678 309 749 343 εἴτε
771 309 888 355 μήτηρ
916 308 987 343 εἴτε
1009 306 1135 354 μάμμη
1160 310 1229 345 εἴτε
1252 312 1329 345 τῶν
1395 313 1499 355 pater
1529 309 1602 346 sive
1632 321 1718 347 avus
1748 311 1822 347 sive
1849 312 1962 346 meter
1984 311 2057 347 siVe
2079 310 2163 346 avia
2186 313 2249 346 aut
2270 309 2464 346 ascenden-

255 351 428 399 ἀνωτέρω
448 368 484 388 τι
505 354 726 397 καθεστήκοι
750 354 963 397 προςιύπων.
1396 355 1484 389 tium
1508 355 1628 400 aliqua
1651 355 1697 391 sit
1719 365 1884 401 persona.

316 396 602 446 (Ἐπίλογος)
663 398 711 432 T&
741 402 865 433 τοίνυν
889 396 1129 443 παραστάντα
1151 398 1238 445 ἡμῖν
1269 403 1328 434 καὶ
1364 403 1382 434 5
1462 399 1727 445 (Epilogus.)
1783 401 1882 445 Quae
1916 400 2023 444 igitur
2054 400 2267 445 placuerunt
2295 399 2398 436 nobIs
2429 402 2467 435 st

254 441 313 476 διὰ
338 442 443 477 τοῦδε
473 445 538 478 ’τοῦ
563 444 667 478 θείου
691 441 892 487 δηλοῦμενα
921 443 1032 488 νόμου
1065 442 1085 487 ἡ
1109 445 1153 488 σὴ
1175 443 1330 490 ὑπεροχὴ
1396 454 1460 489 per
1491 444 1584 480 hanc
1615 455 1755 481 sacram
1785 446 1964 481 insinuata
1996 449 2080 480 sunt
2103 445 2117 479 l
2161 455 2231 489 em,
2269 447 2333 480 tna
2363 443 2465 480 celsi-

253 486 312 521 διὰ
327 490 615 535 προςταγμάτων
630 490 773 523 οἰκείων
790 488 927 534 φανερὰ
942 490 1032 524 πᾶσι
1068 490 1219 524 ονέσθαι
1235 491 1327 524 κατὰ
1395 489 1481 524 tudo
1506 499 1571 534 per
1584 495 1845 535 programmata
1868 491 2015 535 propria
2037 490 2132 525 mani
2151 495 2227 525 esta
2237 489 2368 531 Isacere
2389 489 2467 524 uni·

251 533 294 566 τὸ
313 532 469 576 σύνηθες
493 534 803 579 παρασκευασάτω
827 537 887 567 καὶ
910 534 958 568 εἰς
980 534 1023 568 τὸ
1041 502 1195 578 δίηνεκὲς
1211 547 1327 569 παοα-
1396 534 1506 570 versis
1530 535 1746 571 sollemniter
1767 539 1937 581 procuret
1965 538 2002 570 et
2031 535 2068 570 in
2090 539 2302 580 perpetuum
2326 543 2468 571 servaro

254 576 447 621 φυλάττειν
472 578 672 613 ammam.
746 579 904 614 namur.
922 579 958 614 k.
976 579 1062 616 Dee..
1081 580 1149 615 012.
1166 581 1249 625 imp.
1266 567 1325 616 ὸ...
1363 580 1549 615 efestinet.
1636 580 1716 616 Dat.
1742 581 1814 616 kal.
1848 580 2015 616 Decemb.
2047 580 2166 625 (imp.)
2196 579 2254 616 dn.
2280 578 2468 615 lastiniani

251 623 437 658 Iustiniani
455 634 513 669 pp.
535 625 626 668 Aug.
648 634 741 660 anno
755 624 854 659 XIII.
872 624 1011 669 Apione
1025 636 1056 661 v.
1071 635 1102 661 c.
1117 636 1214 662 cons.
1302 629 1347 668 [a.
1363 628 1438 667 539]
1507 635 1568 670 pp.
1594 625 1682 670 Aug.
1709 636 1802 662 anno
1818 626 1916 661 xm.

763 772 818 824 {H
1704 779 1866 816 XCVIII.
1913 780 2023 816 Auth.
2033 780 2159 817 XCIX.
2185 781 2464 818 Gon.vmtit.1

250 849 287 882 Η
309 848 546 886 ΔΙΑΤΑΞΙΣ
578 850 714 884 ΩΣΤΕ
745 850 898 884 ΜΗΤΕ
930 850 1035 884 ΤΟΝ
1060 849 1222 885 ΑΝΔΡΑ
1254 851 1324 885 ΤΟ
1395 847 1435 891 R)
1456 845 1621 890 NEQUE
1638 846 1794 883 VIRUM
1813 846 1942 891 QUOD
1959 847 2026 882 EX
2042 847 2171 884 DOTE
2190 848 2282 885 EST
2302 847 2468 894 NEQUE

251 894 321 927 ΕΚ
357 895 462 928 ΤΗΣ
496 895 724 929 ΠΡΟΙΚΟΣ
766 895 918 929 ΜΗΤΕ
957 896 1063 929 ΤΗΝ
1098 895 1326 930 ΓῩΝΑΙΚΑ
1394 891 1660 928 MULIEREM
1706 892 1772 926 EX
1819 891 2141 928 SPONSALICIA
2186 893 2467 931 LARGITATE

251 939 322 973 ΤΟ
348 940 419 973 ΕΚ
443 940 549 973 ΤΗΣ
578 941 677 974 ΠΡΟ
703 941 887 975 ΓΑΜΟΥ
905 940 1097 974 ΔΩΡΕΑΣ
1128 941 1326 975 ΚΕΡΔΟΣ
1395 937 1595 972 LUCRUM
1618 937 1867 973 PROPRIUM
1894 937 2105 980 HABERE,
2130 938 2223 974 SED
2243 937 2467 975 SERVARE

252 985 601 1026 ΟΙΚΕΙΟΥΣΘΑΙ,
633 986 764 1020 ΑΛΛΑ
788 986 1093 1020 ΦΥΛΑΤΤΕΙΝ
1123 986 1230 1020 ΤΗΝ
1254 987 1327 1020 ΔΕ·
1343 981 1645 1020 15D0M1N11JM
1678 981 1778 1018 SUIS
1809 982 1973 1024 FILIIS,
2003 981 2101 1017 VEL
2133 983 2177 1018 SI
2205 983 2271 1019 AD
2295 983 2467 1020 SECUN-

250 1030 509 1065 ΣΠΟΤΕΙΑΝ
542 1031 664 1065 ΤΟῙΣ
691 1031 900 1065 ΕΑῩΤΩΝ
929 1031 1084 1070 ΠΑῙΣῙ,
1117 1031 1225 1065 ΚΑΝ
1248 1032 1328 1065 ΕΙΣ
1397 1027 1490 1062 DAS
1520 1027 1621 1062 NON
1646 1027 1864 1063 VENIANT
1889 1027 2115 1070 NUPTIAS,
2146 1027 2238 1064 USU
2265 1027 2386 1064 SOLO
2415 1028 2469 1065 IN

303 1076 604 1110 ΔΕΥΤΕΡΟΥΣ
627 1077 709 1111 ΜΗ
734 1076 1030 1111 ΑΦΙΚΟΙΝΤΟ
1056 1076 1281 1111 ΓΑΜΟῩΣ.
1397 1072 1556 1107 LUCRO
1589 1071 1928 1108 CONSISTENTE.
1973 1072 2038 1107 ET
2069 1072 2134 1108 UT
2165 1073 2232 1108 EX
2255 1073 2469 1109 REPUDIO

1398 1117 1769 1153 TRANSIGENTES
1804 1117 2026 1160 NUPTIAS,
2063 1117 2351 1154 LUGRANTES
2385 1117 2469 1154 AU·

1397 1162 1504 1197 TEM
1532 1162 1630 1197 AUT
1659 1162 1831 1198 DOTEM
1860 1162 1959 1198 AUT
1987 1162 2122 1199 ANTE
2149 1163 2357 1200 NUPTIAS
2385 1162 2469 1199 Do-

1341 1213 1384 1246 20
1398 1207 1656 1243 NATIONEM
1695 1208 1759 1242 ET
1794 1207 1887 1243 IPSI
1928 1207 2180 1244 SIMILITER
2220 1208 2471 1244 DOMINIUM

1397 1252 1622 1287 SERVARE
1646 1252 1806 1295 FILIIS,
1836 1252 1967 1289 USUM
1989 1251 2222 1290 HABENTE
2246 1253 2471 1289 PERSONA

1398 1297 1629 1333 COGENDA
1669 1297 1826 1334 FILIOS
1861 1297 2036 1334 ALERE.
2095 1298 2138 1334 SI
2172 1298 2303 1334 VERO
2338 1297 2470 1334 BONA

1397 1342 1583 1378 GRATIA
1613 1342 1905 1379 SOLVANTUR
1933 1342 2146 1379 NUPTIAE
2176 1343 2242 1378 ET
2264 1343 2469 1380 VIDEAN·

1397 1387 1497 1423 TUR
1532 1387 1800 1424 OCCASIONE
1842 1388 2004 1423 DAMNI
2042 1387 2279 1425 DETINERI
2352 1388 2469 1425 ΠΛΕ-

1341 1438 1383 1470 25
1396 1433 1524 1474 DAM‚
1557 1433 1620 1467 ET
1644 1433 1739 1469 HAG
1762 1433 1895 1469 ARTE
1919 1432 2210 1469 PERIMENDA
2264 1432 2296 1470 U
2384 1433 2470 1470 DE·

1443 1478 1696 1514 TINENTUR
1719 1478 1784 1514 ET
1809 1479 1876 1514 EA
1899 1477 2042 1514 FILIIS
2065 1478 2224 1516 SERVE
2261 1477 2359 1515 TUR
2383 1479 2425 1526 Β(

250 1534 406 1581 Ἐγράφη
422 1533 572 1583 Ἰωάννῃ
596 1536 649 1579 τῷ
671 1533 898 1579 ἐνδοξοτάτῳ
919 1536 1065 1582 ἐπάρχῳ
1089 1535 1131 1570 τὸ
1154 1533 1328 1581 δεύτερον,
1550 1534 1649 1571 Idem
1672 1535 1762 1580 Aug.
1787 1534 1938 1571 Iohanni
1959 1545 2020 1580 pp.
2044 1543 2109 1580 per
2131 1534 2322 1572 Orientem.

370 1578 443 1614 ἀπὸ
470 1578 625 1615 ὑπάτων
648 1577 901 1626 (ὄρδιναρίων)
931 1584 990 1614 καὶ
1014 1584 1202 1626 πατρικίῳ.

318 1648 621 1694 (Προοίμιον.)
673 1647 721 1680 Τὰ
745 1650 812 1692 μὲν
835 1644 888 1681 ἀεὶ
919 1651 980 1681 καὶ
1003 1645 1171 1682 ώςαύτως
1201 1649 1329 1690 έχοντα
1464 1647 1756 1693 (Praefatio.)
1801 1647 1859 1682 Ea
1889 1647 2030 1692 quidem
2053 1657 2145 1692 quae
2163 1658 2303 1702 semper
2323 1649 2408 1684 item
2431 1659 2471 1685 se

251 1691 378 1737 νόμων
401 1690 442 1726 οὐ
467 1691 581 1726 δεῖται
605 1692 791 1734 ποικίλων,
822 1692 866 1726 τὸ
891 1690 1032 1727 ἁπλοῦν
1061 1706 1102 1728 τε
1131 1696 1191 1727 καὶ
1214 1691 1331 1735 πάσης
1343 1696 1385 1728 30
1399 1692 1532 1727 habent
1565 1693 1702 1737 legibus
1737 1702 1808 1728 non
1840 1695 1943 1736 egent
1976 1692 2100 1735 variis,
2140 1693 2402 1739 simpheItatem
2435 1697 2472 1730 et

252 1737 429 1772 ποικιλίας
454 1735 573 1784 ἀμιγὲς
597 1735 768 1780 διηνεκῶς
790 1741 987 1782 κεκτημένα
1010 1742 1070 1772 καὶ
1085 1737 1252 1784 χρώμενα
1268 1737 1329 1772 νό-
1398 1738 1492 1783 quod
1527 1738 1602 1773 sine
1636 1738 1743 1773 ullius
1777 1737 1991 1773 diversitatis
2025 1737 2181 1773 mixtura
2215 1742 2270 1774 est
2303 1739 2471 1775 continue

250 1795 330 1826 μοις
354 1784 514 1817 αἰωνίοις
543 1797 583 1817 τε
613 1786 672 1817 καὶ
695 1783 811 1817 θείοις
841 1787 901 1816 καὶ
925 1780 1091 1827 οὐδεμιᾶς
1114 1782 1330 1828 ἑπανορθώ-
1398 1783 1618 1828 possidentia
1646 1786 1683 1818 et
1710 1782 1848 1817 utentia.
1870 1781 2006 1826 legibus
2030 1793 2103 1818 sem
2129 1783 2253 1819 iternis
2279 1794 2325 1820 ac
2347 1784 2470 1828 moriz,

251 1839 341 1862 σεως
357 1826 550 1872 δεομένοις·
574 1828 617 1862 τὸ
639 1826 678 1862 δὲ
697 1825 790 1862 καθ’
810 1825 902 1871 ἡμᾶς
919 1830 958 1862 ἐν
977 1829 1022 1875 τῇ
1041 1830 1103 1872 τῆς
1119 1827 1328 1874 παλιρροίας
1395 1829 1493 1863 nulla
1524 1828 1746 1863 correctione
1778 1827 1980 1872 egentibu83
2016 1838 2086 1873 quo
2134 1831 2253 1864 autem
2275 1829 2471 1865 secundum

251 1870 521 1917 ἀπειλημμένον
544 1874 681 1920 ταραχῇ
705 1874 958 1919 κυβερνητικῆς
981 1872 1095 1907 δεῖται
1132 1877 1258 1918 σοφίας
1292 1875 1330 1907 ἐκ
1398 1883 1464 1909 nos
1497 1876 1552 1908 est
1582 1873 1619 1908 in
1649 1872 1914 1908 'redundationis
1947 1873 2238 1918 comprehensum
2268 1875 2470 1916 tumultum,

250 1919 328 1952 τῶν
345 1919 472 1963 νόμων
496 1920 743 1964 ἐπιγινομένης
766 1921 839 1952 τοῖς
859 1919 1077 1964 πράγμασιν.
1122 1915 1210 1953 ὥςτε
1233 1920 1327 1954 ἐπει-
1340 1920 1384 1953 35
1399 1918 1631 1962 gubernativa
1648 1917 1781 1962 indiget
1797 1917 1973 1962 sapientia
1989 1927 2032 1953 ex
2048 1918 2184 1963 legibus
2201 1919 2471 1971 supervenIente

251 1961 364 2009 δήπερ
395 1961 480 1998 οὐδὲ
503 1961 663 2005 δικάζειν
687 1960 834 1997 ὀκνοῦσι
867 1962 996 1998 πολλαὶ
1027 1967 1191 2009 προςίασι
1221 1961 1329 2006 δίκαι,
1398 1963 1556 2008 negotiis.
1601 1963 1704 2000 Unde
1727 1963 1894 2008 quoniam
1918 1973 1983 1998 nos
2006 1973 2122 2008 neque
2144 1962 2217 2010 (in)
2238 1963 2372 2000 mdicia
2393 1975 2470 2010 seg-

318 2055 401 2088 Nov.
417 2055 587 2088 XCVIII
606 2055 766 2096 (Anthent.
789 2055 917 2088 XCIX
936 2071 981 2084 =
1009 2055 1089 2088 Coll.
1111 2055 1205 2088 VIII
1223 2056 1269 2089 tit.
1286 2057 1319 2090 1:
1345 2055 1456 2100 yloss.)
1485 2054 1609 2089 Graece
1633 2061 1720 2088 extat
1742 2054 1777 2088 ιἰι
1801 2054 1846 2087 Μ
1872 2054 1943 2095 (σπι.
1968 2054 2062 2096 LB).
2085 2073 2129 2079 —-
2158 2055 2250 2099 E'pit.
2275 2056 2397 2091 Tlaood.
2416 2057 2470 2097 98.

251 2100 369 2133 Athan-
396 2102 447 2140 10,
467 2107 492 2133 7.
539 2100 660 2133 Iulian.
686 2107 783 2133 const.
806 2100 904 2133 XCI.

249 2190 344 2224 inter
371 2199 462 2234 quos
485 2188 691 2224 collationis
721 2189 817 2223 ratio
840 2193 910 2230 est,
942 2187 986 2223 de
1010 2187 1055 2222 iis
1078 2189 1185 2224 etiam
1214 2190 1422 2225 constitutio
1446 2189 1580 2231 valeat,
1611 2188 1684 2224 sive
1704 2192 1814 2234 pater
1841 2188 1915 2223 sive
1937 2197 2028 2222 avus
2057 2188 2132 2223 sive
2154 2194 2269 2225 mater
2297 2189 2371 2225 sive
2390 2190 2473 2226 avia

249 2235 323 2270 sive
346 2244 441 2279 quae
464 2245 514 2270 ex
536 2233 785 2280 superloribus
806 2234 859 2284 si(
870 2233 1049 2279 personis.

386 2278 629 2331 qu'loqus.
676 2276 777 2321 Quae
806 2279 920 2331 iqatur
950 2277 1055 2313 nobis
1081 2277 1304 2324 placuerunt
1332 2283 1366 2314 et
1395 2289 1463 2325 per
1487 2277 1582 2314 hanc
1610 2288 1753 2314 sacram
1777 2278 1889 2324 leqem
1920 2277 2155 2313 declarantur
2184 2281 2247 2315 tua
2272 2278 2473 2315 sublimitas
2544 2254 2553 2302 ᾗ

242 2335 315 2370 ,per
337 2334 492 2371 propr-za
512 2328 712 2371 praecepta
735 2323 898 2358 ommbus
919 2323 1116 2369 manifesta
1139 2323 1315 2369 facienda
1339 2334 1440 2360 more
1461 2323 1569 2359 solito
1594 2327 1696 2359 curet
1717 2327 1754 2359 et
1776 2324 1813 2359 in
1831 2326 2048 2370 perpetuum
2071 2322 2251 2359 custodire
2272 2323 2428 2361 studeat.

1281 2502 1349 2539 XC
1356 2501 1465 2539 VIII.

253 2569 582 2607 CONSTITUTIO
612 2569 675 2605 UT
695 2568 869 2612 NEQUE
897 2568 986 2605 VIR
1011 2569 1087 2605 EX
1105 2569 1243 2606 DOTE
1263 2569 1439 2613 NEQUE
1459 2568 1659 2606 MULIER
1685 2568 1760 2605 EX
1779 2566 2077 2606 DONATIONE
2098 2569 2236 2606 ANTE
2257 2569 2476 2607 NUPTIAS
2526 2567 2527 2570 '

251 2615 457 2652 LUCRUM
486 2614 601 2650 SIBI
628 2614 881 2657 VINDIC'ET,
913 2614 1012 2650 SED
1043 2614 1106 2651 UT
1131 2614 1344 2651 LIBERIS
1375 2614 1490 2651 SUIS
1518 2613 1918 2651 PROPRIETATEM
1944 2613 2195 2659 SERVENT,
2230 2614 2383 2653 LIGET
2405 2614 2475 2653 AD

913 2659 1177 2696 SECUNDAS
1198 2659 1420 2696 NUPTIAS
1442 2660 1549 2697 NON
1579 2659 1816 2696 VENIANT.

453 2715 600 2762 Scripta
624 2720 678 2751 est
701 2713 861 2751 Iohanni
883 2716 1147 2762 qloriosissimo
1169 2718 1363 2764 praefecto
1383 2717 1531 2759 iterum,
1560 2727 1611 2753 ex
1633 2717 1780 2753 consule
1801 2715 2026 2763 (ordinario)
2047 2719 2083 2753 et
2103 2716 2272 2763 patricio.

313 2829 318 2835 .
386 2783 506 2834 ijae
513 2784 541 2827 f
543 2783 611 2818 ati
619 2794 666 2834 ⁰·.
699 2782 800 2835 Quae
831 2783 952 2835 eedem
981 2795 1122 2830 semper
1144 2784 1250 2820 modo
1272 2795 1311 2819 se
1335 2784 1478 2827 habent,
1502 2784 1642 2864 leZibus
1663 2795 1738 2820 non
1760 2784 1924 2831 indiqent
1947 2784 2077 2827 variis,
2108 2794 2188 2820 cum
2210 2784 2475 2831 simplicitatem

251 2834 286 2865 et
306 2833 549 2875 mteqrztatem
571 2838 685 2862 omms
705 2833 892 2863 vametalzs
911 2833 1096 2875 expertem
1116 2833 1298 2881 perpetuo
1321 2833 1464 2865 servent
1482 2833 1519 2866 et

1566 2829 1671 2875 qibus
1693 2833 1845 2865 utantur
1868 2830 2026 2866 aeterm‘s
2049 2840 2094 2865 ac
2109 2829 2240 2866 divinis
2262 2840 2378 2875 neque
2399 2829 2476 2866 ulla
2528 2835 2529 2838 ’

251 2872 699 2918 correctione‘eqentibus:
731 2872 832 2919 quod
854 2884 938 2909 vero
963 2873 1065 2920 apud
1086 2885 1155 2909 nos
1176 2885 1214 2909 m
1238 2878 1401 2910 aestuum
1427 2874 1540 2910 turbis
1563 2874 1741 2921 aqitatum
1763 2879 1828 2917 est,
1859 2874 2113 2921 qubernatrioe
2134 2874 2273 2920 ἐπαίρει
2294 2875 2476 2922 sapientia
2528 2874 2535 2897 ’-

251 2930 345 2966 quae
368 2919 486 2955 causis
517 2928 566 2953 ex
596 2917 734 2963 leqibus
764 2917 990 2954 adhibeatur.
1036 2917 1167 2965 Itaque
1198 2920 1370 2964 quoniam
1393 2919 1443 2954 ad
1465 2930 1533 2955 nos
1556 2929 1649 2965 quos
1679 2930 1724 2955 ne
1745 2919 1910 2955 iudicare
1932 2919 2073 2976 quidem
2090 2919 2221 2965 piqeat
2242 2918 2375 2955 multae
2396 2918 2477 2956 lites

300 3013 314 3044 1
341 3006 540 3052 διορίζομαι
567 3009 612 3041 L¹
630 3009 643 3051 11
661 3010 681 3042 2
705 3011 765 3041 καὶ
790 3022 848 3042 om.
864 3010 894 3042 L
913 3010 925 3052 11
942 3011 963 3043 4
978 3022 1013 3043 τι
1033 3011 1139 3051 ΙΙΙ(ς)]
1164 3020 1217 3043 τις
1238 3010 1331 3055 ΕΒΗ
1362 3015 1365 3075 1
1463 3012 1483 3045 2
1508 3012 1542 3044 et
1565 3023 1623 3044 om.
1638 3011 1670 3043 R
1687 3010 1700 3054 11
1718 3013 1736 3043 7
1760 3011 1970 3053 programata
1993 3010 2090 3053 RV!
2109 3011 2128 3044 8
2151 3009 2393 3052 imperpetuum
2414 3009 2476 3055 V}

252 3059 270 3090 7
297 3050 591 3100 προσταγμάτων
616 3054 674 3094 Μ]
711 3051 938 3106 πραγμάτων
962 3055 993 3088 L
1037 3054 1331 3100 προγραμμάτων
1400 3057 1556 3089 9εηὺεσν.
1580 3055 1646 3088 dat.
1666 3054 1713 3087 kl.
1739 3055 1882 3088 decemb.
1907 3054 1983 3088 ᾶόιῑ.
2004 3055 2081 3087 inst.
2102 3064 2157 3098 pp.
2174 3065 2249 3097 aug.
2271 3065 2360 3088 anno
2373 3055 2473 3088 XIII.

253 3114 291 3135 ex
314 3112 334 3136 ς
358 3100 553 3133 Halocmder
571 3102 584 3142 11
606 3100 626 3132 9
650 3109 842 3131 σπευσατω
867 3111 925 3131 om.
951 3100 982 3132 L
1001 3099 1013 3141 11
1034 3110 1093 3131 xv.
1120 3101 1151 3132 k.
1178 3100 1246 3132 dec.
1273 3101 1330 3141 M]
1408 3101 1447 3142 V,
1464 3113 1522 3134 om.
1537 3107 1607 3133 cete.
1627 3098 1640 3143 11
1658 3101 1699 3134 12
1723 3100 1851 3141 Neque]
1872 3099 1969 3137 Quod
1993 3099 2041 3132 R·
2059 3101 2073 3143 11
2091 3101 2131 3134 16
2155 3110 2223 3132 non
2242 3101 2381 3133 uenIant
2403 3101 2475 3143 (ue-

253 3146 319 3179 kel.
345 3143 488 3177 decemb.
514 3155 534 3179 ς
554 3144 729 3177 1u1.wAt}1.
762 3146 848 3186 μηνὶ
872 3141 1071 3190 δεκεμβρίῳ
1097 3144 1217 3178 ΤΙιεοιΙ.
1246 3145 1258 3187 11
1279 3155 1331 3188 cp.
1399 3146 1501 3178 niunt
1532 3145 1579 3187 V)
1608 3144 1743 3186 nuptias
1775 3145 1844 3186 VT,
1878 3144 2013 3187 nuptias
2038 3155 2105 3177 uon
2131 3145 2269 3178 ueniant
2292 3145 2327 3178 R
2345 3146 2432 3190 vulq-

253 3192 308 3224 dn.
326 3190 510 3223 iustiniano
526 3199 580 3232 pp.
599 3199 676 3230 aug.
693 3199 783 3221 annu
809 3189 910 3221 XIII.
931 3189 1051 3231 apione
1072 3200 1100 3221 v.
1115 3200 1141 3221 e.
1161 3200 1264 3222 conss.
1281 3190 1330 3231 M,
1401 3192 1440 3224 17
1466 3192 1505 3222 ut
1527 3199 1566 3222 ex
1589 3202 1647 3222 om.
1672 3189 1724 3233 V}
1764 3191 1804 3223 18
1828 3190 2025 3222 transientes
2051 3190 2082 3222 T
2100 3189 2112 3233 11
2142 3192 2254 3223 autem
2277 3203 2336 3224 om.
2357 3191 2442 3235 υιιὶς.

254 3238 309 3269 dn.
340 3236 417 3268 iust.
447 3245 502 3278 pp.
535 3244 610 3275 aug.
643 3245 731 3266 anno
763 3234 863 3266 XIII.
889 3245 919 3273 ς,
958 3235 1036 3277 imp.
1068 3235 1122 3266 dn.
1154 3235 1331 3267 iustiniani
1400 3236 1442 3268 20
1466 3234 1546 3278 ipsis
1570 3235 1700 3277 Rvulq.
1731 3234 1737 3277 1
1764 3235 1803 3267 21
1830 3234 1971 3267 habente
1990 3233 2150 3278 V³vuly.]
2176 3235 2313 3269 habenti
2333 3235 2385 3269 V¹
2415 3236 2475 3269 hn-

253 3293 342 3314 anno
357 3280 457 3313 XIII.
482 3280 534 3322 af».
560 3280 613 3311 iss.
630 3280 728 3321 lum,
752 3276 934 3321 βασιλείας
948 3274 1201 3311 Ἰουστινιανοῦ
1224 3279 1264 3312 τὸ
1285 3275 1329 3324 ιγ’
1400 3279 1529 3312 bentem
1543 3279 1612 3311 ΒΤ
1624 3278 1637 3322 11
1654 3289 1794 3321 persona
1811 3279 1949 3324 Tvulq.]
1970 3289 2142 3322 personam
2158 3280 2254 3323 RVfl
2273 3281 2316 3314 22
2328 3279 2475 3323 cogenda

253 3324 426 3360 ὑπατείας
456 3322 629 3359 Ἀπίωνος
657 3325 745 3367 Am,
790 3321 946 3365 ὑπατείᾳ
970 3320 1130 3357 Ἀπίονος
1163 3325 1283 3356 Theod.
1318 3323 1330 3369 11
1409 3323 1516 3365 1⁷³T]
1550 3324 1727 3365 cogendam
1752 3324 1786 3356 R.
1823 3325 1954 3367 cogenti
1987 3325 2037 3358 1⁷¹
2066 3325 2079 3368 11
2108 3326 2150 3359 25
2174 3327 2267 3368 parte
2293 3325 2325 3358 Τ
2349 3324 2364 3370 11
2390 3333 2474 3368 quas

258 3374 297 3406 12
311 3375 398 3405 rubr.
424 3372 513 3415 Περὶ
541 3370 706 3415 γαμικῶν
738 3367 876 3414 κερδῶν
911 3370 1030 3402 Theod.
1060 3369 1073 3412 11
1101 3366 1146 3401 Ἡ
1172 3365 1332 3408 διάταξις
1400 3381 1458 3402 om.
1482 3369 1538 3411 V„
1555 3369 1784 3402 detinerentur
1802 3370 1857 3413 Τ11
1875 3370 1919 3403 26
1939 3371 1972 3402 et
1988 3380 2026 3402 ea
2045 3370 2090 3411 V]
2115 3372 2149 3403 et
2165 3381 2185 3403 a
2201 3370 2276 3411 ΒΤ,
2293 3382 2350 3404 om.
2364 3371 2450 3414 vulg.
2527 3362 2530 3378 ¹

244 3431 312 3450 οη».
328 3418 403 3450 Aeh.
432 3417 444 3458 11
473 3412 564 3459 μήτε
588 3415 677 3456 Am]
712 3412 803 3458 μηδὲ
827 3414 873 3447 M
895 3413 908 3456 11
945 3413 988 3446 τὸ
1014 3414 1089 3446 Am.
1111 3415 1142 3453 ς]
1177 3413 1223 3446 τὰ
1250 3415 1295 3446 M
1325 3416 1336 3457 11
1400 3415 1443 3447 29
1468 3413 1584 3454 *itemJ
1610 3414 1695 3446 idem
1718 3415 1795 3448 libri
1812 3414 1824 3458 11
1849 3416 1891 3449 30
1916 3414 2060 3447 habeant
2082 3415 2167 3448 BT·
2184 3415 2196 3458 11
2213 3414 2460 3459 simplioItatem

259 3465 297 3496 13
310 3461 400 3505 μήτε
412 3462 501 3501 Am]
522 3457 612 3503 μηδὲ
626 3461 668 3493 Μ
689 3460 700 3502 ΙΙ
729 3463 768 3494 15
782 3458 1006 3492 οἰκειοῦσθαι
1021 3478 1061 3482 -
1079 3461 1116 3492 17
1131 3455 1260 3503 γάμους
1275 3459 1331 3499 Μ]
1400 3461 1535 3502 propter
1550 3459 1798 3502 simplieitatem
1820 3459 1876 3504 Vn
1892 3462 1930 3494 31
1949 3459 2012 3492 ulli
2028 3460 2080 3492 ius
2096 3460 2130 3493 R
2147 3459 2160 3504 11
2175 3459 2382 3494 diuersitates
2398 3458 2472 3502 V‘}

255 3505 496 3546 οἰκειοῦσθαι,
520 3508 578 3538 καὶ
602 3505 648 3538 τὰ
672 3504 752 3545 ἑξ”’ς
774 3506 849 3538 Ath.
866 3503 879 3548 11
903 3505 946 3538 28
971 3500 1191 3548 ὀρδιναρίων
1215 3504 1334 3536 addidi
1400 3505 1443 3537 32
1467 3514 1504 3536 ac
1531 3503 1579 3536 R²
1591 3505 1688 3549 vulq]
1715 3518 1754 3535 n
1774 3505 1823 3537 13¹
1847 3505 1926 3537 haec
1948 3506 1979 3538 T
1997 3505 2057 3538 heo
2078 3505 2125 3539 V¹
2149 3507 2182 3538 et
2205 3505 2256 3538 V⁸
2272 3506 2343 3547 1133
2366 3502 2471 3545 nulla]

256 3566 322 3585 cum
347 3553 555 3585 Zachariaeo
578 3552 648 3594 (qui
671 3547 713 3595 ὀρ
738 3551 879 3594 ιναρίφ)
895 3549 908 3592 11
934 3550 976 3583 29
1000 3544 1055 3581 ἀεὶ
1079 3550 1139 3580 καὶ
1158 3545 1332 3581 ὡσαύτως
1401 3552 1420 3581 ᾗ
1443 3548 1513 3581 ulla
1541 3550 1593 3582 T⁰
1616 3548 1632 3601 11
1654 3549 1830 3592 agentibus
1862 3550 1911 3583 V¹
1928 3550 1941 3594 11
1966 3551 2009 3584 34
2033 3549 2208 3583 tumultari
2231 3550 2292 3591 R¹‚
2322 3548 2470 3582 tumultu

258 3598 302 3629 M
313 3598 431 3630 Theod.
445 3597 533 3637 Am]
570 3606 697 3638 semper
717 3597 796 3628 item
820 3607 840 3631 ς
867 3594 880 3638 fl
908 3595 950 3628 32
974 3596 1033 3626 καὶ
1057 3590 1235 3636 οὐδεμιᾶς]
1272 3595 1331 3625 καὶ
1400 3593 1494 3627 Beck
1511 3594 1524 3637 11
1548 3596 1590 3628 35
1614 3595 1744 3637 mdiget
1766 3598 1800 3627 et
1821 3595 1983 3638 sapientia
2007 3595 2058 3628 1⁷⁶
2082 3595 2094 3639 11
2118 3596 2171 3636 ex]
2194 3597 2228 3628 et
2248 3594 2296 3628 1⁷¹
2319 3594 2333 3639 11
2356 3603 2469 3638 super-

257 3655 314 3674 om-
329 3654 348 3678 5
1399 3639 1571 3672 uenientes
1597 3640 1645 3673 T¹
1714 3640 1758 3674 36
1781 3639 1844 3673 *in
1869 3642 2002 3682 inserui]
2033 3640 2120 3673 citou
2142 3652 2170 3673 e.
2193 3652 2224 3673 v.
2247 3638 2297 3674 V’
2327 3638 2369 3672 ud
2392 3638 2468 3673 add.

1398 3685 1483 3728 vuly.
1502 3684 1515 3727 11
1532 3685 1653 3717 iuditio
1678 3685 1725 3718 R·
