2476 3854
153 95 232 139 Ed.
254 97 332 140 VII
370 112 430 152 pr.
457 102 491 142 1.
513 100 538 140 2
1216 96 1303 144 764
1728 83 1734 88 ⁴
1907 115 2057 147 FORMA
2086 118 2375 151 PRAGMATIGA

154 206 309 254 ἡμετέρᾳ
339 208 505 252 πολιτείᾳ
537 212 706 244 ἐναντίον
735 222 771 243 τι
803 212 1034 253 συμβαίνειν·
1066 209 1098 243 εἰ
1123 207 1163 243 δὲ
1191 206 1214 253 ἢ
1245 208 1288 244 τό
1310 211 1387 243 τῶν
1411 209 1668 256 ἀνθρωπίνων
1686 212 1913 260 πραγμάτων
1936 212 2199 261 εύμετᾶβλητον
2222 213 2244 259 ἢ
2265 216 2287 261 ἡ
2311 220 2375 253 τοῦ

154 253 259 287 θείου
286 251 459 299 νεύματος
488 258 624 296 κίνησις
651 257 726 288 τοῖς
756 252 1008 300 ἀνθρωπίνοις
1037 254 1229 297 ἐνσκήπτει
1258 258 1387 296 κακοῖς,
1418 253 1440 299 ἡ
1473 258 1675 311 ἐπαγομένη
1700 258 1853 294 ἄνωθεν
1874 261 1967 305 μετὰ
1990 260 2272 307 φιλανθρωπίας
2295 276 2376 298 παι·
2415 275 2426 286 ·

155 296 234 332 δεία
262 300 326 342 τῆς
353 299 539 343 βασιλικῆς
571 302 741 344 προνοίας
771 311 812 332 τε
842 301 902 333 καὶ
934 298 1218 344 φιλανθρωπίας
1247 298 1425 335 ὑπόθεσις
1454 305 1604 347 γίνεται.
1651 301 1740 350 ὅπερ
1771 307 1832 338 καὶ
1856 306 1896 339 ἐν
1918 307 1973 340 τῶ
1996 306 2153 352 παρόντι
2176 310 2294 351 συμβέ
2317 321 2377 351 ηκε

154 344 274 399 χρόνῳ
306 344 347 377 οὗ
379 342 552 387 δεόμενον
582 343 807 390 διηγήματος.
853 342 875 387 ἦ
905 345 975 390 γὰρ
1006 345 1054 378 εἰς
1083 344 1225 379 πάντας
1253 345 1336 380 τοὺς
1365 346 1498 381 τόπους
1531 345 1730 382 διελθοῦσα
1751 351 1816 383 τοῦ
1840 339 2008 385 θανάτου
2027 356 2235 387 πεοίστασις
2258 351 2376 387 οιδενὶ

155 392 354 442 αναγκαῖον
377 389 470 422 εἶναι
494 393 590 423 ποιεῖ
612 391 726 422 ἐκεῖνο
750 386 901 430 ἀκούειν,
925 385 1016 434 ὅπερ
1040 391 1188 424 ἕκαστος
1211 387 1412 434 ὑπέμεινεν.
1459 390 1606 426 πολλῶν
1629 397 1752 428 τοίνυν
1775 393 1834 428 οἶα
1864 395 1903 437 ἐξ
1925 384 2139 431 ἀποοόπτου
2160 400 2376 443 γενομένων,
2400 401 2420 434 5

155 447 249 478 απερ
276 432 450 468 δυςκόλως
482 433 529 468 ἂν
559 433 665 468 ἄλλος
692 434 849 480 ἐπήγαγε
871 433 1007 479 χρόνος.
1039 435 1075 468 οἱ
1097 436 1137 468 ἐν
1159 435 1213 479 τῷ
1238 436 1316 469 τῶν
1339 431 1625 482 ἆργυροπρατῶν
1656 444 1847 483 σωματείῳ
1871 428 2148 487 καταλεγόμενοι
2171 441 2376 486 προςῆλθον

154 477 250 522 ἡμῖν,
281 479 477 522 φάσκοντες
507 478 607 513 τινὰς
638 477 874 523 κληρονόμους
903 482 962 512 καὶ
993 477 1178 534 διαδόχους
1202 481 1318 514 τινῶν
1348 476 1518 527 ἀγράφως
1546 482 1646 528 παρὰ
1675 484 1754 518 τῶν
1784 483 2069 531 όργυροπρατῶν
2100 490 2246 529 χουσίον
2268 486 2293 530 ἢ
2316 490 2377 521 καὶ

153 524 310 579 ἄργυρον
340 522 364 565 ἢ
394 526 454 557 καὶ
485 526 590 567 ἕτερα
622 522 698 566 εἴδη
729 526 983 568 κομισαμένων
1009 525 1056 558 εἰς
1084 526 1346 571 αγνωμοσύνην
1375 524 1479 571 ὁρᾶν,
1510 526 1568 560 οἶα
1598 528 1690 571 μήτε
1718 529 1797 563 τῶν
1828 529 2021 574 λαβόντων
2049 520 2256 566 πεοῖόντων
2286 531 2377 577 μήτε

154 581 279 602 αυτων
303 569 380 602 τῶν
404 567 641 615 κληρονόμων
665 567 688 612 ἢ
712 566 895 610 διαδόχων
918 567 1132 614 δυναμένων
1155 572 1194 610 ἐξ
1216 569 1408 616 ἐγγράφων
1429 570 1651 618 ἐλέγχεσθαι.
2097 562 2110 576 “

1161 682 1319 719 CAPUT
1336 683 1367 719 Ι.

293 749 404 783 Τοῦτο
440 753 563 783 τοίνυν
597 749 826 793 θεραπεῦσαι
846 748 1107 792 σπουδάζοντες
1131 750 1367 795 θεσπίζομεν,
1399 751 1481 785 τούς
1502 752 1596 785 κατὰ
1615 754 1745 787 τοῦτον
1769 751 2030 789 εὗθυνοιιένους
2050 756 2115 791 τὸν
2138 755 2277 791 τρόπον
2300 754 2372 803 πρό
2404 761 2442 794 10

149 807 189 841 γε
220 791 375 829 πάντων
401 795 491 839 πρὸς
521 793 565 848 τέ
596 791 718 839 ὀρθὸν
749 794 908 829 συνειδὸς
938 793 1216 840 ἀποβλέποντας
1247 792 1513 830 ἀνενδοιάστως
1536 795 1725 844 ὁμολογεῖν
1747 799 1795 833 τὰ
1818 789 1982 835 δοθέντα
2005 800 2105 845 παρὰ
2129 788 2207 835 ταῖν
2230 799 2374 847 ἄργυρο-

159 841 311 884 πρατῶν
343 841 507 883 ἐκείνοις,
532 853 587 873 ων
617 838 721 874 αὐτοὶ
752 838 925 883 ὖπῆλθον
957 840 1002 875 τὰ
1031 839 1165 885 δίκαια,
1192 838 1304 875 ταύτὸ
1331 839 1371 875 δὲ
1390 842 1496 875 τοῖτο
1520 846 1583 876 καί
1603 855 1704 877 τινας
1728 844 1920 889 περιόντας
1943 848 2025 880 πεοὶ
2045 845 2125 879 τοὺς
2149 847 2187 879 ἐκ
2208 847 2272 880 τοῦ
2296 843 2374 880 κατ’

150 881 279 919 αὐτοὺς
302 883 527 928 συστήματος
550 882 732 928 πράττειν.
779 882 871 930 ὅπερ
895 888 955 919 καὶ
979 885 1080 930 παρὰ
1103 887 1182 920 τῶν
1206 885 1337 920 ἱκετῶν
1361 883 1619 931 εὔθυνομένων
1642 888 1742 933 παρὰ
1766 891 1843 924 τῶν
1867 880 2003 924 αὐτῶνἱ
2016 888 2190 924 διαδίκων
2205 890 2376 937 γίνεσθαι

150 928 435 983 προςτρὶττομεν.
474 929 609 963 εἰδότος
639 929 806 973 ἑκατέρου
835 933 975 986 μεζρους,
1008 929 1057 965 ais
1086 931 1118 964 εἰ
1149 929 1335 977 ἐλεγχθείη
1365 929 1387 974 ἢ
1416 930 1476 965 διὰ
1507 933 1571 975 τῆς
1600 935 1678 967 τῶν
1705 932 2015 991 ὑπουργησάντων
2066 936 2160 978 ωνῆς
2182 933 2205 978 ἢ
2229 933 2289 970 διὰ
2314 936 2376 977 τῆς

149 977 227 1030 τῷν
250 979 458 1028 ημερησίων
481 977 728 1020 καταγραφῶν
750 972 973 1028 μεθάορκου
995 978 1184 1020 γινομένης
1205 978 1417 1032 προαγωγῆς
1439 975 1462 1019 ἢ
1487 973 1532 1032 δι’
1557 976 1663 1031 ἄλλης
1686 980 1932 1034 τινὸςΆικανῆς
1952 948 2180 1034 ἀποὲεέίξεως,
2201 981 2241 1014 ἐν
2256 978 2374 1023 διπλῷ
2402 985 2441 1018 15

149 1033 183 1053 οι
206 1032 501 1066 αγνωμονονντες
523 1019 811 1063 καταθήσουσιν,
835 1034 929 1067 απερ
954 1019 1082 1055 δολίως
1104 1024 1164 1054 καὶ
1187 1034 1280 1056 κατα
1303 1034 1566 1068 αγνωμοσυνην
1588 1025 1763 1069 ηρνοῦντο
1782 1038 1805 1068 η
1829 1025 2028 1071 κρύψαντες
2050 1039 2073 1069 η
2090 1027 2231 1072 γνῶναι
2250 1025 2294 1060 τὸ
2309 1025 2374 1059 τοῦ

150 1064 357 1111 πράγματος
378 1063 511 1108 ἀληθὲς
533 1062 784 1108 ἀμελήσαντες.

1154 1133 1310 1170 CAPUT
1333 1133 1380 1170 Π.

286 1200 466 1246 Δεύτερον
497 1197 583 1243 ἡμῖν
614 1199 714 1245 παρὰ
747 1202 825 1235 τῶν
848 1202 887 1235 ἐκ
909 1202 975 1234 τοῦ
1000 1198 1111 1235 αὐτοῦ
1135 1203 1214 1235 τῶν
1238 1199 1526 1248 ἅργυροπρατῶν
1550 1206 1752 1246 σωματείου
1776 1199 1959 1247 όνηνέχθη
1984 1203 2181 1250 κεφάλαιον
2216 1203 2304 1240 ιῗίςτε
2325 1204 2375 1250 μὴ

150 1244 426 1293 ἀναγκάζεσθαι
456 1242 584 1279 αὐτοὺς
614 1249 692 1280 ταῖς
723 1249 1007 1292 προφερομέναις
1038 1245 1123 1292 παρ’
1151 1243 1275 1281 αὐτῶν
1302 1249 1380 1281 τῶν
1403 1246 1662 1281 συναλλακτιῦν
1686 1245 1888 1294 ὁμολογίαις
1912 1248 1934 1292 ἢ
1958 1254 2159 1285 πιττακίοις
2181 1233 2203 1293 i}
2226 1250 2375 1296 λογοθε-

149 1296 238 1326 σίοις
268 1293 311 1337 τῇ
343 1294 492 1325 ἐκείνων
519 1295 780 1337 καταγραφεῖσι
809 1296 908 1337 χειρί,
943 1291 1019 1325 εἶτα
1054 1290 1390 1336 ἅμφιβαλλομένοις,
1422 1291 1483 1325 διὰ
1515 1293 1575 1334 τῆς
1598 1294 1676 1326 τῶν
1700 1292 1882 1339 ἀγοραίων
1905 1293 2136 1339 συμβολαίων
2159 1298 2374 1342 συγκρίσεως
2398 1301 2440 1334 20

149 1337 217 1380 τὴν
248 1341 375 1371 πίστιν
407 1336 636 1378 ἐπιτιθέναι,
664 1334 725 1370 διὰ
754 1336 796 1371 τό
829 1337 871 1370 τὸ
897 1332 975 1370 κατ’
1002 1333 1131 1370 αὐτούς
1155 1336 1320 1380 σύστημα
1344 1335 1487 1371 πολλοῖς
1509 1341 1585 1380 μέν,
1616 1337 1775 1381 μάλιστα
1801 1337 1841 1372 δὲ
1863 1342 1935 1374 τοῖς
1957 1338 2138 1386 εὐγενέσιν
2161 1335 2374 1386 όνθρώποις

149 1381 345 1426 πιστεύειν,
377 1381 427 1426 μὴ
459 1377 682 1424 ἀνεχομένοις
710 1382 757 1416 τά
781 1382 923 1416 ἑαυτῶν
947 1380 1230 1424 δημοσιεύεσθαι
1255 1381 1536 1428 συναλλάγματα
1559 1381 1582 1424 ἢ
1606 1383 1674 1425 τὴν
1696 1386 1774 1417 τῶν
1798 1385 1941 1418 οἰκείων
1964 1386 2182 1430 περιουσιῶν
2201 1386 2374 1431 φανεροῦ-

149 1428 243 1462 σθαι
274 1428 512 1468 κατάστασιν,
545 1429 604 1460 καὶ
636 1426 875 1470 βουλομένοις,
908 1424 955 1461 ὠς
978 1425 1081 1469 εἰκός,
1111 1430 1184 1461 τοῖς
1208 1427 1354 1467 ἔξωθεν
1376 1430 1542 1471 μείζονας
1564 1425 1587 1470 ἢ
1611 1426 1805 1463 ἐλάττονας
1827 1430 2039 1473 φαίνεσθαι,
2063 1427 2156 1464 ἀλλὰ
2178 1431 2308 1473 χοῆναι
2329 1430 2375 1464 τὰ

147 1471 326 1518 γενόμενα
358 1473 405 1506 εἰς
437 1470 567 1505 αὐτοὺς
597 1469 779 1517 ἰδιόχειρα,
810 1471 914 1506 καθὰ
941 1472 1089 1516 εἴρηται,
1116 1473 1312 1518 γράμματα
1335 1472 1402 1515 τὴν
1422 1472 1509 1515 ἴσην
1532 1475 1609 1506 τῶν
1632 1471 1813 1520 ἀγοραίων
1837 1474 2068 1518 συμβολαίων
2092 1463 2246 1520 δι’ναμκιν
2267 1479 2372 1518 ἔχειν.

148 1520 170 1552 1
218 1520 290 1550 Καὶ
323 1519 362 1551 ἐν
393 1516 513 1559 τούτῳ
541 1521 667 1550 τοίνυν
700 1514 797 1561 ἡμεῖς
821 1514 907 1551 ὁδόν
930 1530 1014 1550 τινα
1036 1520 1150 1561 μέσην
1172 1516 1393 1561 βαδίζοντες,
1419 1516 1510 1564 ᾗπερ
1533 1521 1592 1551 καὶ
1614 1518 1695 1552 τοίς
1718 1517 1989 1565 ἀργυροπράτας
2009 1520 2103 1554 κατὰ
2123 1522 2198 1554 τῶν
2217 1521 2278 1554 ἐπὶ
2300 1522 2374 1555 τοῖς
2397 1525 2439 1558 25

148 1560 323 1597 τοιούτοις
351 1561 556 1608 κεφαλαίοις
586 1560 764 1596 διαδίκων
786 1565 846 1596 καὶ
870 1558 979 1595 αὖθις
1003 1563 1155 1596 ἐκείνους
1178 1562 1255 1596 κατ’
1282 1559 1406 1596 αὐτῶν
1428 1561 1641 1606 βουλόμεθα
1664 1564 1885 1609 χρήσασθαι,
1909 1565 2143 1609 θεσπίζομεν,
2167 1565 2200 1598 εἰ
2221 1565 2374 1599 τοιαῦτα

148 1611 392 1653 προφέρουσιν
415 1604 589 1651 ἰδιόχειρα
607 1609 685 1641 τῶν
709 1606 1014 1648 συναλλαξάντων
1036 1609 1240 1653 γράμματα,
1262 1605 1355 1652 ἅπερ
1379 1608 1402 1651 ἢ
1425 1605 1542 1649 αὐτός,
1566 1606 1705 1642 οὗτινος
1727 1608 1820 1643 εἶναι
1844 1608 1992 1656 λέγεται,
2016 1609 2039 1653 ἢ
2062 1609 2098 1644 οἱ
2120 1606 2230 1644 adzo&
2251 1609 2374 1654 κληρο-

148 1654 254 1696 νόμοι
284 1666 324 1686 τε
355 1656 416 1686 καὶ
448 1650 611 1694 διάδοχοι
641 1649 683 1686 οὗ
715 1650 893 1687 δύνανται
922 1649 1015 1696 μεθ’
1042 1649 1150 1696 ὅρκου
1180 1650 1315 1686 δόσεως
1343 1649 1636 1695 ἀπαρνήσασθαι
1668 1652 1727 1687 οἷα
1750 1651 1835 1699 παρ’
1862 1656 1997 1688 ἐκείνου
2018 1655 2235 1701 γεγράφθαι,
2259 1648 2372 1700 οὗπερ

150 1696 267 1741 ὄνομα
299 1701 456 1742 φέρουσι,
487 1697 558 1740 τὴν
588 1694 810 1743 ἀναργυριάν
835 1697 886 1742 μὴ
908 1696 1208 1743 προβαλλόμενοι,
1230 1694 1318 1731 ἀλλὰ
1342 1700 1402 1730 καὶ
1424 1695 1598 1741 δυνηθείη
1619 1699 1709 1743 πρὸς
1732 1699 1870 1733 τούτοις
1893 1698 1913 1733 ὸ
1938 1696 2208 1745 οἷργυροπράτης
2231 1700 2270 1740 ἐξ
2291 1697 2372 1747 ἆγο-

148 1747 251 1786 ραιόυ
273 1746 518 1788 γραμματείου
542 1742 585 1776 τὸ
612 1743 791 1788 ἔγγραφον
816 1741 1091 1783 πιστώσασθαι,
1115 1740 1137 1785 ἢ
1161 1740 1270 1776 αὐτὸς
1298 1744 1364 1784 μὲν
1387 1740 1515 1776 τούτου
1539 1742 1868 1788 κατολιγωρήσειεν,
1893 1743 1912 1778 ό
1938 1742 1978 1778 δὲ
1994 1742 2173 1779 ἀντίδικος
2194 1745 2243 1790 μὴ
2267 1742 2372 1789 δυνη-
2396 1751 2440 1784 30

149 1788 234 1831 θείη
259 1789 298 1821 ἐκ
321 1789 384 1830 τῆς
408 1785 516 1821 ἄλλου
543 1783 714 1832 ἀγοραίου
738 1791 953 1833 συγκρίσεως
976 1786 1114 1832 ἐλέγξαι
1137 1786 1180 1821 τό
1205 1785 1346 1831 ψεῦδος,
1370 1789 1569 1829 τηνικαῦτα
1585 1789 1623 1821 ἐκ
1637 1790 1714 1822 τῶν
1731 1787 2018 1835 ιὸμολογημένων
2033 1793 2092 1823 καὶ
2109 1787 2373 1835 ἀναμφιβόλων

148 1836 208 1866 καὶ
237 1834 282 1879 τῇ
313 1834 391 1866 τῶν
420 1830 618 1878 μαρτύρων
648 1831 789 1879 ὑπογρα
820 1834 841 1878 ᾗ
869 1835 1034 1876 βεβαίων
1057 1830 1259 1878 ἰδιοχείρων
1281 1831 1515 1877 συμβολαίων
1539 1832 1626 1877 πρὸς
1648 1831 1695 1867 τοὶ
1719 1835 1818 1878 παρὰ
1842 1835 1919 1868 τῶν
1943 1832 2230 1880 ἀργυροπρατῶν
2251 1832 2275 1878 ἢ
2294 1831 2372 1869 κατ’

149 1874 274 1911 αὐτῶν
298 1875 554 1926 προφερόμενοι
576 1878 655 1911 τῶν
677 1846 984 1922 συναλΐαξάντων
1006 1875 1179 1923 ἰδιόχειρα
1201 1876 1398 1924 γράμματα
1420 1877 1489 1921 τὴν
1512 1878 1700 1923 σύγκρισιν
1723 1879 1895 1923 γίνεσθαι
1918 1882 1978 1913 καὶ
2001 1879 2093 1913 εἶναι
2117 1876 2209 1915 αὐτὰ
2229 1881 2375 1924 βέβαια,

147 2051 295 2083 nostrae
318 2044 463 2081 adversi
483 2045 641 2087 eveniat;
666 2055 787 2080 verum
810 2044 843 2078 si
866 2047 932 2079 aut
953 2055 1073 2080 rerum
1097 2042 1336 2079 humanarum
1361 2043 1541 2079 instabilis
1562 2047 1696 2079 natura
1720 2048 1785 2080 aut
1807 2044 1950 2080 divinae
1973 2044 2168 2080 voluntatis
2182 2046 2372 2082 commotio

147 2091 314 2127 humanis
344 2089 450 2125 malis
479 2090 603 2132 instat,
635 2090 787 2136 benique
816 2089 955 2134 inflicta
978 2089 1129 2125 caelitus
1148 2089 1340 2132 castigatio
1365 2089 1623 2135 imperatoriae
1639 2089 1894 2135 providentiae
1917 2092 1952 2125 et
1974 2089 2204 2136 betoeiqnitatis
2228 2091 2372 2127 occasio

143 2138 197 2182 fit.
244 2135 350 2180 Quod
380 2135 488 2171 etiam
518 2133 587 2170 hoc
620 2138 778 2181 tempore
802 2135 944 2176 accidit,
977 2145 1022 2169 ne
1047 2146 1092 2170 ue
1115 2134 1191 2169 indi
1217 2138 1253 2169 et
1275 2134 1515 2180 expositione.
1564 2133 1695 2169 Mortis
1716 2135 1810 2170 enim
1830 2134 2033 2181 periculum
2049 2146 2123 2181 per
2146 2135 2267 2171 omnia
2290 2135 2373 2171 loca

145 2185 393 2228 propaqatum
424 2181 559 2216 nemini
587 2180 829 2216 necessarium
859 2180 980 2215 reddit
1008 2145 1101 2215 iilud
1130 2145 1274 2220 aufflre,
1307 2178 1408 2224 quod
1438 2179 1685 2224 unusquisque
1707 2190 1845 2225 passus
1872 2184 1937 2215 est.
1986 2179 2117 2225 Itaque
2147 2191 2228 2216 cum
2257 2180 2372 2216 multa

147 2228 256 2274 quasi
283 2237 332 2261 ex
363 2225 559 2271 improviso
588 2225 799 2267 inciderint,
829 2235 924 2270 quae
946 2235 1021 2260 non
1050 2225 1166 2270 facile
1197 2229 1336 2270 tempus
1366 2223 1468 2259 aliud
1496 2224 1718 2266 induxisset,
1749 2225 1813 2270 qui
1840 2224 1879 2259 in
1902 2224 2056 2270 colleqio
2081 2225 2372 2271 arqentariorum

147 2275 378 2308 recensentur
401 2281 469 2305 nos
490 2270 671 2312 adierunt,
695 2270 853 2306 dicentes
875 2269 1024 2305 heredes
1046 2268 1242 2304 nonnullos
1265 2280 1309 2304 ac
1331 2279 1556 2304 successores
1579 2269 1820 2315 quorundam,
1844 2270 1908 2315 qui
1929 2270 2006 2304 sine
2019 2270 2167 2321 scriptis
2182 2269 2226 2305 ab
2242 2281 2371 2316 arqen-

148 2318 253 2353 tariis
277 2326 406 2351 aurum
429 2319 494 2350 aut
514 2316 622 2350 etiam
648 2318 840 2361 arqentum
863 2319 930 2350 aut
952 2315 1058 2350 etiam
1083 2315 1177 2349 alias
1199 2315 1337 2360 species
1360 2315 1593 2359 accepissent,
1625 2314 1674 2349 ad
1696 2314 1979 2350 malevolentiam
2003 2319 2104 2357 verti,
2137 2314 2238 2361 quod
2255 2325 2372 2361 neque

147 2363 211 2408 qui
233 2362 440 2407 acceperint
461 2365 692 2406 superessent
712 2370 829 2406 neque
852 2360 923 2406 ipsi
946 2359 1094 2395 heredes
1117 2359 1174 2395 vel
1192 2370 1417 2394 successores
1440 2369 1490 2394 ex
1512 2359 1660 2405 scriptis
1682 2359 1844 2394 convinci
1864 2363 2025 2405 possent.

281 2407 309 2441 I.
344 2405 442 2440 Huic
465 2406 579 2451 iqitur
600 2406 656 2440 rei
679 2405 813 2441 mederi
835 2404 1018 2440 studentes
1040 2405 1231 2445 sancimus,
1256 2408 1295 2438 ut
1311 2405 1376 2450 qui
1389 2403 1458 2439 hoc
1473 2404 1580 2439 mocio
1596 2406 1635 2438 in
1650 2403 1819 2439 iudicium
1833 2405 1955 2439 vocati
1968 2408 2063 2446 sunt,
2089 2408 2172 2440 ante
2188 2404 2309 2440 omnia
2321 2403 2372 2440 ad

146 2455 281 2488 rectam
313 2450 568 2486 conscientiam
600 2454 805 2496 spectantes
834 2449 1079 2485 indubitanter
1109 2449 1362 2491 confiteantur,
1394 2459 1488 2494 quae
1511 2449 1556 2483 ab
1588 2449 1808 2495 arqentariis
1838 2448 1911 2483 illis
1934 2448 2007 2484 sint
2030 2449 2129 2489 data,
2154 2450 2191 2483 in
2215 2459 2371 2495 quorum

147 2499 231 2532 iura
260 2499 520 2537 successerunt,
550 2495 715 2541 idemque
745 2496 852 2530 etiam
882 2495 1095 2541 superstites
1124 2493 1272 2540 quidam
1294 2493 1338 2529 cte
1361 2494 1413 2528 eis
1436 2494 1501 2539 qui
1523 2504 1572 2528 ex
1596 2495 1757 2540 ipsorum
1780 2497 1866 2528 sunt
1889 2493 2040 2539 colleqio
2062 2494 2218 2539 saciant.
2266 2491 2373 2536 Quod

147 2544 254 2577 etiam
286 2552 309 2576 a
339 2540 572 2586 supplicibus,
603 2550 684 2575 cum
714 2540 760 2575 ab
799 2539 1020 2575 adversariis
1059 2539 1136 2574 suis
1173 2540 1211 2573 in
1249 2539 1306 2573 ius
1343 2542 1530 2580 vocantur,
1561 2538 1648 2582 sieri
1675 2538 1843 2573 iubemus.
1892 2537 2034 2574 Sciente
2064 2543 2218 2584 utraque
2250 2543 2370 2584 parte,

146 2588 178 2622 si
209 2590 273 2621 aut
301 2587 550 2620 ministrorum
584 2585 787 2620 testimonio
819 2589 883 2619 aut
906 2585 1107 2620 diariorum
1130 2583 1338 2630 prolatione
1358 2593 1438 2618 cum
1461 2582 1696 2618 iureiurando
1719 2583 1825 2628 facta
1848 2588 1912 2618 aut
1935 2583 2060 2630 aliqua
2083 2584 2216 2619 idonea
2237 2581 2371 2629 proba-

148 2633 244 2667 tione
268 2631 513 2672 convincatur,
536 2631 721 2676 improbos
734 2629 890 2676 ,duplum
914 2630 1001 2670 eius,
1021 2628 1122 2674 quod
1140 2628 1399 2674 fraudulenter
1421 2633 1457 2663 et
1480 2627 1640 2674 improbe
1661 2628 1883 2674 neqaverint,
1908 2628 2095 2664 soluturos
2115 2639 2203 2670 esse,
2227 2629 2302 2663 sive
2315 2628 2372 2664 rei

146 2677 332 2712 veritatem
357 2674 618 2710 occultaverint
638 2675 713 2710 sive
736 2685 953 2720 coqnoscere
976 2673 1217 2720 neqlexerint.

282 2720 329 2754 11.
376 2720 537 2755 Alterum
561 2720 611 2754 ad
633 2730 699 2755 nos
721 2719 766 2754 ab
790 2719 912 2755 eodem
936 2718 1228 2765 arqentariorum
1245 2728 1398 2763 corpore
1414 2717 1568 2752 relatum
1591 2721 1646 2754 est
1669 2721 1790 2764 caput,
1817 2729 1863 2752 ne
1886 2717 2148 2763 compellantur
2163 2717 2326 2771 prolatis
2347 2728 2371 2752 a

145 2777 186 2802 se
219 2770 466 2800 contractuum
502 2764 790 2809 confessionibus
823 2769 888 2799 aut
921 2764 1050 2800 tabulis
1081 2769 1143 2798 aut
1175 2763 1379 2798 ratiociniis
1409 2762 1553 2798 illorum
1586 2773 1695 2797 manu
1727 2763 1961 2809 conscriptis,
1997 2761 2124 2798 deinde
2156 2772 2192 2797 an
2225 2761 2370 2797 dubium

147 2811 296 2850 vocatis,
322 2820 394 2854 per
419 2809 649 2855 publicorum
679 2810 994 2845 instrumentorum
1026 2808 1252 2843 collationem
1278 2807 1387 2852 fidem
1417 2807 1612 2854 imponere,
1642 2818 1712 2853 pro
1743 2812 1840 2843 terea
1872 2806 1970 2853 quod
1991 2807 2155 2854 ipsorum
2179 2806 2371 2853 colleqium

146 2855 270 2891 multis
299 2860 334 2889 et
359 2855 560 2899 praecipue
589 2854 766 2889 nobilibus
795 2853 999 2889 hominibus
1021 2853 1158 2896 credat,
1191 2854 1257 2898 qui
1283 2858 1493 2888 contractus
1522 2863 1610 2888 suos
1628 2852 1705 2899 pub
1720 2853 1813 2887 icari
1835 2859 1900 2887 aut
1922 2863 2042 2888 rerum
2065 2862 2214 2887 suarum
2236 2856 2370 2887 statum

146 2900 379 2946 manifestum
407 2899 488 2943 fieri
520 2909 593 2933 non
622 2900 815 2944 patiantur
845 2899 1056 2944 malintque,
1084 2902 1124 2933 ut
1147 2901 1424 2933 consentaneum
1448 2901 1511 2939 est,
1542 2897 1729 2933 extraneis
1752 2897 1908 2932 maiores
1931 2907 2039 2943 quam
2063 2897 2221 2932 minores
2244 2896 2369 2938 videri,

145 2945 211 2982 sed
248 2949 288 2979 ut
327 2943 427 2979 chiro
455 2942 591 2990 rapha.
642 2949 683 2978 ut
719 2944 853 2978 dictum
892 2948 964 2985 est,
1002 2943 1071 2978 sibi
1112 2943 1249 2978 tradita
1288 2942 1438 2978 eandem
1474 2953 1582 2988 quam
1615 2941 1762 2989 publica
1798 2943 2033 2977 instrumenta
2069 2941 2138 2977 vim
2173 2941 2367 2976 obtineant.

145 2994 168 3027 1
214 2989 336 3025 Etiam
361 2989 397 3022 in
447 2998 489 3023 oc
512 2988 625 3033 iqitur
648 2988 799 3023 mediam
823 2999 891 3023 nos
914 2988 1096 3034 quandam
1121 2988 1213 3024 viam
1234 2987 1400 3033 inqressi,
1426 2998 1499 3033 qua
1514 2992 1549 3022 et
1564 2987 1797 3033 arqentarios
1814 2986 1987 3022 adversus
2000 2997 2074 3028 eos,
2099 2985 2222 3031 quide
2237 2984 2368 3020 talibus

146 3036 252 3071 rebus
275 3034 371 3069 litem
395 3033 595 3074 movebunt,
620 3037 654 3068 et
675 3043 803 3067 rursus
827 3033 911 3068 illos
934 3033 1106 3069 adversus
1129 3032 1196 3068 hos
1218 3034 1274 3067 uti
1295 3032 1468 3074 volumus,
1493 3033 1685 3072 sancimus,
1708 3032 1744 3067 si
1765 3031 1855 3066 tales
1878 3028 2132 3076 autoqraphae
2155 3027 2366 3064 contrahen-

147 3081 241 3116 tium
265 3080 406 3114 litterae
455 3078 680 3123 roferantur‚
705 3087 797 3123 quas
820 3082 884 3112 aut
906 3078 996 3123 ipse,
1021 3079 1123 3113 cuius
1145 3088 1222 3113 esse
1245 3077 1426 3118 dicuntur,
1446 3081 1510 3112 aut
1529 3077 1645 3122 ipsius
1669 3075 1816 3111 heredes
1837 3085 2103 3110 successoresve
2126 3085 2199 3109 non
2208 3080 2368 3120 possunt

144 3125 380 3161 iureiurando
436 3128 498 3158 ato
528 3133 664 3168 neqare
694 3122 739 3157 ab
768 3121 845 3163 illo,
874 3124 977 3157 cuius
998 3133 1091 3168 prae
1114 3133 1153 3158 se
1175 3133 1304 3157 nomen
1325 3122 1465 3166 ferunt,
1488 3122 1646 3167 scriptas
1668 3130 1754 3162 esse,
1779 3130 1853 3155 non
1877 3125 2086 3155 numeratae
2106 3119 2283 3166 pecuniae
2304 3129 2367 3154 ex-

145 3171 345 3217 ceptionem
375 3179 449 3203 non
481 3179 527 3215 op
558 3171 717 3208 onentes,
748 3166 813 3202 sed
841 3167 990 3212 insuper
1020 3168 1127 3202 etiam
1154 3167 1386 3213 arqentarius
1410 3165 1559 3211 publico
1584 3166 1819 3200 instrumento
1843 3163 1981 3210 scripta
2005 3163 2221 3243 confirmare
2237 3164 2367 3211 possit.

146 3220 211 3250 aut
234 3216 311 3261 ipse
334 3213 476 3260 quidem
500 3179 735 3258 id‘neqliqat,
760 3211 991 3247 adversarius
1014 3222 1098 3247 vero
1123 3222 1173 3247 esc
1195 3212 1347 3247 alterius
1362 3210 1505 3256 publici
1531 3210 1660 3256 scripti
1674 3209 1947 3255 comparatione
1960 3209 2051 3254 [rau
2079 3219 2131 3243 em
2145 3208 2369 3254 redarquere

145 3264 312 3305 nequeat,
346 3266 430 3294 tunc
458 3269 507 3294 ex
536 3258 644 3294 certis
673 3261 710 3292 et
739 3256 950 3292 indubitatis
972 3261 1008 3292 et
1031 3258 1170 3292 testium
1193 3255 1458 3302 subscriptione
1479 3254 1702 3299 confirmatis
1725 3252 1966 3300 autoqraphis
1990 3253 2212 3289 documentis
2242 3252 2292 3288 ad
2313 3263 2371 3296 ea,

146 3316 240 3350 quae
263 3303 307 3340 ab
333 3303 554 3349 arqentariis
575 3306 640 3338 aut
662 3306 792 3338 contra
816 3312 876 3337 eos
896 3302 1143 3347 proferuntur
1165 3299 1452 3336 contrahentium
1476 3298 1734 3345 chiroqraplza,
1759 3299 1984 3344 comparatio
2005 3299 2074 3343 fiat
2096 3302 2132 3335 et
2154 3298 2264 3344 firma
2280 3296 2370 3334 haec

191 3474 211 3507 3
232 3479 353 3516 pestem
378 3473 458 3505 anni
480 3472 545 3505 541
570 3472 737 3515 siqnificat
753 3469 766 3513 ΙΙ
784 3470 804 3504 8
827 3465 952 3512 μηδὲ·
960 3465 1051 3512 μηδὲ
1066 3469 1115 3509 M,
1139 3480 1222 3502 corr.
1291 3467 1389 3509 vulq„
1413 3465 1462 3509 μὴ
1483 3469 1564 3501 coni.
1591 3468 1778 3502 Zachariae
1799 3481 1981 3512 perperam,
2003 3469 2085 3502 idem
2111 3468 2267 3502 excidisse
2290 3479 2367 3500 non·

146 3518 248 3551 Krolt
269 3516 282 3561 ΙΙ
312 3519 332 3551 9
365 3515 544 3562 ἀγράφων
569 3529 636 3549 cum
661 3516 846 3558 Scrimqero
870 3515 954 3558 vulq.
982 3513 995 3558 ΙΙ
1028 3515 1067 3547 13
1093 3511 1223 3546 ἱκετῶν
1291 3513 1381 3546 nulla
1408 3514 1478 3546 sine
1505 3525 1605 3546 causa
1636 3515 1748 3547 statuit
1778 3514 1791 3557 ΙΙ
1823 3515 1866 3548 30
1895 3510 2058 3559 ἄγραφον
2088 3525 2157 3547 cum
2182 3512 2366 3556 Scrimqero

147 3564 346 3603 Zachariae]
378 3562 530 3595 οἰκετῶν
556 3561 597 3594 Μ
624 3561 635 3604 ΙΙ
666 3562 709 3595 14
735 3560 859 3604 φωνῆς
881 3572 939 3593 om.
965 3559 1013 3592 Μ
1022 3571 1086 3600 pr„
1113 3560 1220 3591 adscr.
1289 3555 1694 3602 υιι19.11κατολιγωρίσει
1720 3560 1770 3600 ΙΙΙ,
1793 3572 1876 3593 corr.
1902 3560 1998 3592 Krolt
2014 3558 2026 3602 ΙΙ
2051 3559 2094 3592 32
2117 3559 2281 3601 βεβαίων
2305 3569 2363 3590 om.

148 3608 191 3640 M
196 3607 210 3626 ²
233 3615 268 3639 ut
291 3609 355 3639 vid.
387 3608 399 3650 ΙΙ
431 3609 470 3640 19
495 3607 801 3649 προσφερομέναις
827 3605 876 3647 M,
897 3617 979 3637 corr.
1005 3604 1106 3636 Kroll
1130 3602 1142 3647 ΙΙ
1178 3604 1220 3636 24
1291 3603 1334 3636 Μ
1351 3616 1417 3646 pr.‚
1441 3615 1603 3645 suprascr.
1625 3604 1666 3637 M
1671 3604 1686 3624 ²
1700 3611 1734 3638 ut
1747 3606 1827 3645 vid]
1845 3605 2117 3647 βεβαιουμένων
2133 3604 2215 3636 coni.
2232 3602 2364 3635 Zacha-

146 3649 275 3684 αὐτούς
293 3652 490 3692 Zachariae]
518 3647 606 3683 αὐτὰ
624 3651 666 3683 Μ
681 3653 692 3693 ss
709 3652 751 3685 29
777 3651 848 3690 καὶ]
865 3645 935 3682 κᾶν
951 3661 1019 3682 cum
1035 3648 1219 3692 Scrimqero
1289 3650 1359 3681 riae
1377 3647 1390 3691 ΙΙ
1407 3648 1448 3681 33
1474 3645 1658 3692 σύγκρισιν
1682 3661 1740 3682 om.
1765 3651 1798 3682 in
1823 3650 1884 3682 lac.
1909 3649 1954 3682 M
1968 3661 2033 3692 pru,
2058 3648 2137 3682 add.
2154 3647 2196 3681 M
2203 3646 2218 3667 ²
2239 3654 2274 3680 ut
2294 3645 2360 3679 vid.

2457 3279 2476 3357 Δί...
2468 3236 2476 3251 ι.
2468 3195 2476 3207 a
2466 3134 2476 3146 ι

2469 3451 2476 3468 n
2470 3424 2476 3440 1.-
2464 3370 2476 3417 J.—

2473 3602 2476 3604 .
2466 3532 2476 3560 .·,..
2464 3479 2476 3522 ...m—¹..
