2476 3854
1150 132 1230 181 651
1870 131 1979 175 Nov.
2010 130 2171 175 CXXX
2204 133 2313 174 1—3

1229 246 1410 292 suscipere
1428 246 1565 292 species
1588 245 1666 282 sine
1686 243 1848 291 qualibet
1861 241 2151 288 tergiversatione
2172 244 2211 278 et
2232 252 2312 279 ero·

1229 301 1315 336 gare
1345 291 1521 338 magistris
1551 290 1702 327 militum
1731 292 1769 326 et
1798 288 1970 325 militibus
1993 288 2031 323 in
2061 287 2181 333 specie
2206 287 2311 323 mini-

1230 340 1362 373 stratas
1386 346 1567 379 annonas,
1598 336 1731 372 habere
1753 337 1874 370 autem
1896 333 2039 387 eosdem
2062 332 2225 385 optiones
2248 332 2306 369 de·

1229 384 1391 428 putatam
1415 382 1466 418 eis
1490 381 1679 418 occasione
1700 379 1929 416 emolumenti
1955 381 2114 424 quintam
2139 378 2310 414 decimam

1198 431 1218 462 5
1230 427 1443 473 portionem.
1491 427 1549 462 Ex
1574 425 1829 463 consuetudine
1851 428 1974 461 autem
2003 426 2041 459 et
2061 427 2211 459 recauta
2232 423 2310 458 fieri

1230 473 1276 508 ab
1301 472 1506 517 optionibus
1538 470 1771 508 collatoribus
1802 480 1868 516 pro
1890 470 1947 506 his
1978 478 2071 514 quae
2098 469 2144 504 ab
2168 468 2225 504 his
2249 477 2309 503 ex·

80 519 220 555 τελέσιν
235 519 327 565 ὑπὲρ
347 522 426 555 τῶν
441 518 532 565 παρ’
550 516 674 554 αὐτῶν
690 518 977 564 δαπανωμένων,
1001 516 1160 562 κινδύνῳ
1229 517 1446 563 penduntur,
1470 517 1627 562 periculo
1652 526 1775 552 eorum
1797 515 1857 561 qui
1876 525 1957 551 cum
1977 515 2028 550 eis
2044 517 2129 550 sunt
2150 513 2310 549 iudicum

81 566 159 599 τῶν
190 565 259 599 σὺν
288 562 407 599 αὐτοῖς
436 564 561 599 ὄντων
591 564 752 610 ἐξάρχων
783 568 842 598 καὶ
866 565 1072 609 τριβούνων
1101 565 1161 597 καὶ
1231 565 1267 598 et
1288 562 1511 598 tribunorum
1535 567 1572 598 et
1595 562 1762 597 comitum
1793 563 1829 596 et
1851 560 2090 597 diasostarum
2111 562 2148 594 et
2170 558 2310 602 delega-

81 607 252 654 κσμήτων
285 612 346 644 καὶ
380 608 599 644 διασωστῶν
633 614 693 644 καὶ
723 610 961 654 delegatorum
994 613 1055 644 καὶ
1084 609 1163 643 τῶν
1230 612 1347 644 torum
1370 610 1406 643 et
1428 607 1710 652 uniuscuiusque
1738 606 1878 641 numeri
1906 605 2118 652 primatum3
2153 606 2190 639 et
2210 603 2309 639 nullo

81 653 233 689 ἑκάστου
265 652 448 709 τάγματος
481 653 767 700 πρωτευόντων·
802 658 861 688 καὶ
897 654 990 688 κατὰ
1023 651 1162 698 μηδένα
1177 655 1217 688 10
1231 652 1335 689 modo
1369 653 1482 697 gratis
1517 652 1716 697 expendere
1757 652 1885 687 milites
1922 661 1946 686 a
1979 649 2207 686 collatoribus
2245 650 2311 702 aut

79 698 220 744 τρόπον
235 697 375 752 δωρεαν
391 697 600 734 ἀναλίσκειν
622 700 706 734 τοὺς
720 697 947 745 στρατιώτας
969 699 1068 744 παρὰ
1084 699 1162 733 τῶν
1229 697 1419 734 occasione
1451 708 1524 732 non
1546 697 1666 733 factae
1693 696 1817 732 forsan
1846 695 2130 742 praeparationis
2160 696 2226 730 snt
2254 704 2308 729 111-

80 743 338 785 συντελεστων,
369 744 441 779 εἴτε
464 744 644 790 προφάσει
676 746 742 779 τοῦ
769 745 819 789 μὴ
841 745 1016 791 γίνρσθαι
1045 742 1094 778 ὥς
1115 744 1161 778 εἰ·
1227 743 1415 779 troitorum
1446 742 1603 786 nomine,
1635 752 1786 788 quorum
1814 743 1922 776 etiam
1953 741 2072 786 ipsum
2097 739 2310 776 vocabulum

79 788 142 823 κὸς
162 789 375 834 ἑτοιμασίαν
398 790 468 824 εἴτε
490 790 669 825 introitum
693 787 858 834 ἆνόματι,
883 790 938 824 ὠν
961 792 1021 824 καὶ
1045 785 1162 832 αὐτὴν
1228 788 1372 825 omnino
1402 788 1618 833 perimimus,
1649 790 1692 823 ut
1720 786 1878 832 undique
1906 786 2034 823 inlaesi
2063 789 2100 822 et
2126 785 2309 822 indemnes

78 833 147 888 τὴν
162 845 272 879 προςη
296 838 400 879 ορίαν
423 834 610 870 παντελῶς
634 832 864 891 άναιροῦμεν,
889 831 950 881 ἐφ’
970 827 1004 878 ᾧ
1022 847 1162 869 παντα-
1229 833 1478 871 custodiantur
1499 833 1615 869 nostri
1636 832 1797 869 subiecti-

78 878 198 921 καθἰν
220 847 390 924 άβῖαβεῒς
419 883 479 914 καὶ
502 878 669 925 ἀζημίους
699 879 952 927 φυλαττεσθαι
974 879 1058 915 τοὺς
1077 877 1162 924 ἡμε·
1175 881 1217 913 15

78 926 199 970 τέρους
221 921 410 959 ὑποτελεῖς.

81 151 263 184 mmm
290 151 545 183 TRANSITUM

82 261 194 295 ματος
218 247 391 285 «immae
417 248 662 293 ὑποδέχεσθαι
683 249 730 284 τὰ
754 248 829 293 εἴδη
859 246 942 292 δίχα
963 247 1063 284 τινὸς
1084 245 1162 281 δια-

83 297 239 341 στροφῆς
261 298 322 329 καὶ
410 293 506 330 εύειν
527 299 601 330 τοῖς
622 294 781 350 ἑξάρζοις
808 297 868 328 καὶ
890 298 963 329 τοῖς
985 291 1162 339 στρατιώ-

82 351 160 374 ταις
182 340 247 374 τὰς
270 341 310 374 ὃν
325 339 411 376 ειδει
433 342 693 388 χορηγουμένας
714 336 882 382 αννόνας,
906 341 1000 382 ἔχειν
1019 337 1062 374 δὲ
1081 337 1163 372 τοὺς

84 382 213 420 αὖτοὺς
242 382 416 420 ἇπτίονας
448 389 507 419 καὶ
538 385 604 428 τὴν
634 381 656 419 ἇ
685 387 889 430 ωρισμένην
923 381 1043 419 αὐτοῖς
1073 395 1160 428 προ-

83 430 191 476 φάσει
214 430 450 476 παραμυθίας
471 443 640 466 πεντεκαι
665 431 797 473 εκάτην
816 432 956 474 μοῖραν.
997 429 1045 464 τὰ
1066 425 1107 462 δὲ
1122 427 1163 468 ἐξ

83 475 191 510 ἔθους
205 479 354 511 recauta
366 476 540 521 γίνεσθαι
558 475 657 520 παρὰ
673 477 750 509 τῶν
766 472 954 509 ὀπτιὸνων
976 477 1051 509 τοῖς
1074 469 1160 508 ὑπο-

1068 1013 1225 1050 CAPUT
1247 1013 1295 1049 H.

141 1080 194 1115 Τὰ
216 1079 257 1115 δέ
278 1079 354 1125 εἴδη
377 1081 424 1115 τὰ
444 1080 683 1127 εὑρισκόμενα
706 1083 748 1117 ἐν
770 1079 913 1125 ἑκάστῳ
936 1081 1042 1126 τόπῳ
1068 1078 1162 1116 αὐτὰ
1274 1079 1420 1126 Species
1436 1081 1554 1115 autem
1577 1088 1670 1124 quae
1691 1077 1920 1114 inveniuntm¹
1941 1078 1979 1114 in
1994 1088 2208 1124 unoquoque
2229 1077 2310 1115 loco

78 1124 282 1171 λαμβάνειν
311 1124 395 1161 τοὺς
417 1124 657 1172 στρατιώτας,
689 1129 750 1161 καὶ
770 1127 821 1172 μὴ
852 1128 957 1172 ἔτερα
980 1127 1162 1170 ἐπιζητεῖν
1228 1127 1326 1172 ipsas
1349 1124 1515 1170 accipere
1537 1124 1677 1168 milites,
1701 1127 1737 1160 et
1755 1134 1828 1159 non
1850 1123 1940 1159 alias
1964 1133 2135 1168 quaerere
2158 1133 2250 1169 quae
2270 1124 2310 1159 in

80 1167 175 1217 ἅπερ
205 1173 247 1206 ἐν
276 1174 322 1219 τῇ
354 1169 443 1218 αῧτῇ
475 1173 628 1217 ἐπαρχίᾳ
658 1168 724 1214 οὔχ
754 1170 1003 1227 εὖρίσκονταιῖ
1030 1175 1091 1206 καὶ
1122 1173 1162 1206 ἐκ
1228 1173 1309 1217 ipsa
1331 1171 1474 1215 regione
1502 1180 1576 1206 non
1603 1170 1841 1210 inveniuntur,
1873 1171 1911 1205 et
1932 1173 2079 1215 propter
2107 1169 2178 1205 hoc
2199 1170 2308 1214 tergi-

79 1214 450 1296 τούτουλεδιαστροφὴν
472 1214 496 1261 ἢ
520 1219 652 1261 ζημίαν
675 1219 870 1264 ἐπαγαγεῖν
889 1219 962 1252 τοῖς
979 1219 1161 1263 ημετέροις
1173 1219 1215 1252 20
1229 1216 1465 1253 versationem
1486 1218 1552 1251 aut
1565 1215 1733 1251 damnum
1754 1214 1889 1250 inferre
1907 1215 2042 1251 nostris
2066 1214 2308 1251 collatoribus.

78 1274 191 1296 υποτε
231 1274 277 1296 σι.

1065 1351 1222 1388 CAPUT
1246 1352 1312 1388 ΙΠ.

151 1419 223 1463 Τὴν
246 1417 286 1454 δὲ
310 1421 506 1477 γινομένην
536 1417 636 1464 παρὰ
666 1420 744 1453 τῶν
774 1419 963 1466 κτητόρων
994 1417 1162 1463 δαπάνην
1296 1418 1389 1454 Eam
1419 1428 1504 1454 vero
1539 1427 1632 1464 quae
1662 1418 1705 1453 fit
1733 1427 1757 1454 8
1785 1418 1918 1454 nostris
1951 1418 2219 1471 possessoribus
2246 1428 2310 1455 ex-

77 1467 138 1500 ιιαὶ
162 1463 383 1509 δηλουμενην
415 1461 476 1498 διὰ
507 1465 586 1498 τῶν
610 1466 790 1500 recautum
820 1464 1009 1510 κελεύομεν
1029 1464 1160 1512 λογίζε-
1228 1473 1340 1509 pensa
1374 1466 1412 1499 et
1441 1463 1646 1500 declaratur
1677 1473 1744 1509 per
1771 1466 1920 1499 recauta
1951 1462 2116 1499 lubemus
2149 1464 2311 1509 reputari

78 1511 173 1545 σθαι
195 1507 316 1545 αὐτοῖς
339 1509 440 1555 παρὰ
462 1511 527 1543 τοῦ
544 1509 683 1554 θρόνου
706 1510 769 1553 τῆς
784 1511 848 1554 σῆς
863 1509 1036 1555 ὑπεροχῆς
1054 1514 1162 1555 χωρὶς
1227 1509 1281 1545 eis
1303 1519 1326 1545 a
1349 1509 1433 1545 sede
1455 1513 1539 1544 tuae
1560 1508 1780 1544 celsitudinis
1810 1509 1888 1544 sine
1910 1508 2070 1552 qualibet
2098 1509 2309 1555 tergiversa-

77 1557 142 1599 τῆς
166 1555 308 1590 οἱαςοῦν
338 1553 556 1610 διαστροφῆς
587 1552 609 1597 ἢ
632 1556 757 1599 ζημίας
787 1554 810 1599 ἢ
832 1557 994 1590 ἐπινοίας
1022 1557 1071 1590 εἰς
1093 1555 1161 1599 τὴν
1174 1557 1215 1589 25
1226 1555 1325 1590 tione
1352 1558 1416 1590 aut
1445 1554 1573 1590 damno
1604 1557 1668 1590 aut
1689 1554 1893 1590 inventione
1920 1554 1959 1589 in
1982 1554 2173 1590 collatione
2202 1564 2311 1600 quam

78 1598 286 1636 συντέλειαν
316 1600 386 1644 τὴν
417 1613 492 1644 παρ
540 1596 664 1634 αὐτῶν
694 1601 748 1643 τῷ
776 1598 937 1645 δημοσίῳ
968 1599 1161 1645 διδομένην
1227 1600 1273 1635 ab
1305 1600 1356 1635 eis
1387 1599 1499 1635 fiscus
1530 1599 1628 1645 capit
1657 1610 1724 1644 pro
1753 1599 1948 1635 indictione
1977 1599 2057 1640 illa,
2084 1599 2123 1634 in
2154 1610 2226 1645 qua
2246 1610 2309 1636 ex-

78 1642 171 1693 ὗπὲρ
192 1647 256 1690 τῆς
275 1645 518 1689 ἐπινεμήσεως
541 1646 689 1688 ἐκείνης,
713 1643 807 1679 καθ’
833 1643 879 1689 ἢν
894 1647 916 1690 ἡ
939 1644 1085 1690 δαπάνη
1107 1650 1160 1692 yl-
1226 1655 1340 1690 pensa
1366 1645 1418 1681 fit.
1466 1645 1505 1680 Si
1534 1655 1617 1681 vero
1649 1645 1803 1690 amplius
1833 1654 1940 1688 quam
1968 1643 2202 1690 professionis
2224 1648 2311 1681 sunt

77 1704 191 1726 νεται.
238 1691 270 1725 εἰ
291 1688 332 1725 δὲ
354 1689 503 1726 πλείονα
535 1691 612 1723 τῶν
635 1689 804 1725 συντελου
832 1694 928 1726 ε’νων
957 1690 1058 1738 παρὰ
1082 1692 1160 1726 τῶν
1227 1690 1273 1725 ab
1297 1690 1352 1726 his
1384 1690 1446 1735 qui
1469 1690 1557 1726 dant
1580 1690 1718 1735 species
1740 1690 1967 1726 inveniantur
1989 1699 2180 1735 expensae,
2209 1691 2309 1726 iube-

78 1734 296 1771 δεδωκότων
319 1736 366 1770 τὰ
389 1733 464 1779 εἴδη
488 1733 622 1782 εὑρεθῇ
647 1736 695 1770 τὰ
721 1732 791 1770 ἀνα
815 1736 999 1780 ισκόμενα,
1022 1735 1158 1771 κελεύο-
1226 1746 1305 1771 mus
1336 1746 1381 1771 ex
1412 1736 1509 1771 omni
1539 1746 1689 1780 corpore
1711 1735 1889 1771 fiscalium
1917 1734 2074 1770 eiusdem
2104 1735 2310 1780 provinciae

76 1794 145 1825 μεν
168 1782 207 1815 ἐκ
221 1782 285 1815 τοῦ
307 1781 445 1816 παντὸς
469 1779 635 1824 σώματος
656 1781 734 1815 τῶν
757 1779 942 1825 δημοσίων
963 1783 1027 1826 τῆς
1050 1778 1158 1825 αὐτῆς
1171 1783 1213 1816 30
1227 1780 1399 1826 compleri
1428 1791 1490 1816 eos
1520 1781 1581 1826 qui
1603 1781 1697 1816 ultra
1725 1790 1808 1816 suas
1831 1779 2036 1816 functiones
2059 1781 2309 1817 exhibuerunt.

77 1827 248 1874 ἐπαρχίας
269 1825 501 1871 πληροῦσθαι
523 1824 607 1859 τοὺς
629 1822 721 1872 ὑπὲρ
740 1826 809 1870 τὴν
828 1825 927 1861 ἰδίαν
949 1825 1158 1862 συντέλειαν
1226 1826 1265 1861 Si
1287 1836 1370 1862 vero
1393 1836 1466 1862 non
1489 1826 1622 1862 habeat
1650 1826 1730 1871 ipsa
1752 1826 1935 1870 provincia
1963 1825 2102 1862 fiscalia
2127 1826 2309 1863 sufficien-

77 1869 365 1915 δαπανὴσαντας.
412 1871 444 1904 εἴ
464 1868 504 1904 δὲ
519 1870 570 1913 μὴ
586 1871 657 1913 ἔχει
675 1869 697 1914 ἡ
719 1867 808 1914 aiv}
829 1873 982 1917 ἐπαρχία
1001 1871 1158 1915 δημόσια
1225 1872 1277 1907 tia
1300 1871 1347 1906 ad
1362 1881 1407 1907 ex
1453 1881 1554 1907 1188111
1577 1880 1668 1916 quse
1690 1870 1742 1914 fit,
1767 1871 1939 1916 compleri
1962 1881 2023 1907 eos
2046 1870 2108 1916 qui
2129 1871 2225 1908 hanc
2246 1882 2308 1908 ex-

77 1913 258 1961 ἇρκοῦντα
291 1917 340 1950 εἰς
374 1915 443 1960 τὴν
476 1919 671 1963 γενομένην
706 1914 886 1961 δαπάνην,
924 1916 1157 1962 πληροῖ-σθαι
1224 1926 1373 1962 pensam
1403 1882 1542 1952 iiieciunt
1573 1927 1618 1952 ex
1639 1916 1798 1960 generali
1820 1926 1945 1952 mensa
1976 1926 2069 1961 quae
2090 1917 2226 1961 regitur
2248 1917 2311 1963 (a)

75 1959 159 1996 τοὺς
188 1959 256 2004 τὴν
279 1959 395 2005 αὐτὴν
424 1961 595 2003 δαπάνην
623 1965 883 2006 ποιησαμένους
912 1964 951 1996 ἐκ
978 1965 1042 2006 τῆς
1062 1976 1157 2004 γενι-
1225 1964 1290 1998 tua
1318 1962 1449 2007 gloria,
1484 1965 1549 1998 aut
1577 1962 1731 1998 retinere
1759 1962 1851 1997 haec
1881 1971 1944 1997 eos
1974 1972 2021 1997 ex
2050 1961 2107 1997 his
2140 1972 2232 2008 quae
2260 1963 2308 1998 ab

76 2007 140 2050 κῆς
160 2008 337 2052 τραπέζης
358 2007 422 2050 τῆς
445 2004 683 2049 διοικουμένης
712 2007 811 2053 παρὰ
841 2009 905 2051 τῆς
927 2009 991 2051 σῆς
1014 2006 1156 2048 ἐνδοξό-
1170 2010 1212 2043 35
1226 2007 1279 2043 eis
1301 2007 1489 2043 inferenda
1512 2009 1599 2043 sunt
1620 2007 1815 2043 secundum
1838 2011 2043 2052 sequentem
2065 2007 2307 2047 indictionem,

76 2062 192 2106 τητος,
215 2049 326 2095 ἤγουν
345 2054 591 2096 παρακρατεῖν
614 2049 742 2085 αὐτοὺς
765 2053 879 2086 saiw
902 2054 941 2086 ἐκ
963 2054 1042 2087 τῶν
1061 2050 1153 2098 παρ’
1224 2054 1261 2088 et
1293 2052 1384 2088 haec
1418 2053 1578 2098 reputari
1619 2052 1670 2088 eis
1711 2062 1756 2088 ex
1796 2053 1893 2088 omni
1932 2052 2038 2088 modo
2078 2052 2125 2088 ab
2159 2052 2211 2089 eis
2246 2053 2309 2097 qui

79 2097 203 2131 αυτῶν
233 2094 522 2137 συντελουμένων
558 2094 650 2130 κατὰ
679 2095 748 2139 τὴν
779 2098 904 2143 ἐφεξῆς
936 2099 1160 2142 ἐπινέμησιν,

77 2143 139 2175 καὶ
168 2141 286 2175 ταῦτα
317 2139 529 2188 λογίζεσθαι
560 2137 681 2175 αὐτοῖς
711 2142 750 2181 ἐκ
772 2143 912 2187 τρόπου
936 2143 1074 2178 παντὸς
1098 2140 1158 2176 διὰ

78 2274 164 2311 ullis
193 2273 405 2320 ambaqibus
434 2278 470 2309 et
497 2273 647 2309 ducibus
677 2284 723 2309 ac
752 2274 924 2311 militibus
953 2285 1120 2311 annonas
1150 2275 1189 2309 in
1210 2274 1330 2320 specie
1351 2273 1641 2310 subministratus
1663 2284 1833 2319 erogare,
1867 2272 2000 2310 habere
2022 2277 2142 2311 autem
2164 2275 2307 2312 eosdem

79 2319 244 2367 optiones
277 2319 385 2354 etiam
419 2318 632 2354 destinatam
668 2318 759 2365 ipsis
791 2319 1021 2356 emolumenti
1052 2319 1196 2355 nomine
1229 2321 1390 2365 quintam
1421 2318 1594 2354 decimam
1620 2323 1775 2364 partem.
1820 2317 1940 2354 Solita
1971 2329 2055 2355 vero
2087 2325 2237 2357 recauta
2261 2322 2307 2357 ab

79 2363 288 2412 optionibus
306 2363 390 2408 fieri
412 2363 644 2399 collatoribus
659 2374 735 2410 pro
758 2365 929 2410 impensis
950 2364 996 2400 ab
1020 2365 1066 2400 iis
1085 2365 1210 2409 factis,
1240 2363 1405 2411 periculo
1428 2363 1558 2399 ducum
1589 2364 1653 2409 qui
1682 2373 1762 2399 cum
1784 2363 1831 2398 iis
1852 2367 1938 2398 sunt
1966 2368 2002 2399 et
2025 2364 2251 2401 tribunorum
2271 2370 2309 2402 et

79 2409 250 2446 connitum
278 2412 317 2445 et
337 2408 579 2444 diasostawm
610 2412 646 2444 et
668 2409 915 2454 deleqatorum
937 2413 975 2445 et
996 2410 1277 2455 uniuscuiusque
1306 2409 1446 2445 numeri
1465 2409 1762 2456 praepositorum
1769 2421 1786 2450 ;
1826 2419 1942 2454 neque
1962 2409 2036 2444 ullo
2057 2410 2165 2446 modo
2187 2413 2308 2457 qratis

78 2454 209 2490 milites
231 2465 255 2489 a
278 2453 512 2489 collatoribus
541 2459 706 2500 sumptus
735 2454 911 2501 accipere,
941 2454 1015 2490 sive
1037 2465 1087 2490 ex
1109 2463 1221 2489 causa
1244 2458 1449 2500 apparatus
1476 2454 1578 2499 forte
1600 2464 1673 2488 non
1693 2453 1791 2499 facti
1819 2454 1894 2489 sive
1917 2454 2130 2490 introituum
2152 2457 2306 2499 nomine,

79 2510 233 2546 quorum
255 2498 373 2544 ipsam
396 2497 678 2544 appellationem
696 2509 854 2545 prorsus
878 2499 1046 2541 tollimus,
1070 2503 1111 2535 ut
1133 2499 1292 2545 undique
1314 2498 1432 2534 illaesi
1455 2503 1491 2534 et
1514 2498 1696 2534 indemnes
1716 2497 1867 2534 subiecti
1888 2500 2007 2535 nostri
2024 2505 2223 2536 serventur.

214 2543 260 2579 Π.
307 2542 454 2590 Species
476 2548 595 2578 autem
619 2554 713 2589 quae
735 2555 880 2590 quoque
902 2544 983 2579 loco
1006 2545 1237 2591 reperiuntur
1264 2545 1366 2590 ipsas
1387 2543 1518 2579 milites
1539 2543 1735 2589 accipiant,
1767 2554 1854 2579 neve
1875 2544 1970 2579 alias
1990 2546 2183 2591 requirant
2212 2556 2307 2592 quae

79 2589 117 2625 in
139 2588 261 2624 eadem
283 2588 474 2635 provincia
497 2598 570 2623 non
592 2588 837 2634 reperiuntur,
858 2589 1012 2635 indeque
1033 2589 1261 2624 vexationem
1285 2589 1341 2625 vel
1363 2588 1533 2623 damnum
1554 2589 1724 2624 subiectis
1746 2588 1882 2624 nostris
1906 2589 2081 2634 inserant.

213 2633 279 2668 111.
326 2632 499 2679 Sumptus
528 2640 647 2668 autem
678 2645 701 2668 a
728 2634 997 2680 possessoribus
1022 2635 1148 2680 factos
1176 2638 1212 2669 et
1232 2644 1304 2680 per
1331 2637 1483 2669 recauta
1513 2633 1779 2669 demonstratos
1809 2633 1970 2669 iubemus
2000 2634 2174 2681 imputari
2205 2635 2251 2671 iis
2283 2646 2308 2672 a

78 2679 164 2715 sede
193 2682 277 2714 tuae
303 2677 533 2713 sublimitatis
561 2678 640 2713 sine
670 2677 746 2713 ulla
777 2680 967 2715 vexatione
997 2684 1062 2714 aut
1091 2678 1223 2714 damno
1255 2683 1318 2714 aut
1346 2678 1485 2723 fraude
1515 2679 1552 2714 in
1577 2678 1713 2714 tributa
1742 2677 1787 2713 ab
1810 2678 1858 2714 iis
1876 2679 1967 2723 fisco
1992 2680 2217 2725 praestanda
2233 2692 2308 2727 per

79 2724 180 2759 illam
201 2723 450 2765 indictionem,
480 2723 518 2757 in
542 2733 614 2768 qua
635 2727 799 2769 sumptus
817 2723 924 2768 fiunt.
971 2723 1109 2767 Quodsi
1124 2723 1238 2769 plura
1269 2735 1377 2769 quam
1400 2723 1446 2758 ab
1469 2723 1515 2758 iis
1538 2723 1763 2768 conserenda
1792 2728 1900 2759 erant
1929 2724 1974 2759 ab
2005 2725 2051 2759 iis
2081 2726 2147 2770 qui
2168 2726 2308 2777 species

79 2768 256 2805 dederunt
277 2773 428 2813 eroqata
451 2767 691 2811 inveniantur,
723 2767 881 2803 iubemus
903 2779 953 2804 ex
975 2773 1050 2805 toto
1074 2779 1228 2815 corpore
1247 2769 1426 2814 fiscalium
1449 2768 1606 2803 eiusdem
1624 2768 1838 2814 provinciae
1860 2768 1907 2804 iis
1927 2769 2100 2814 satisfieri
2122 2781 2184 2816 qut
2208 2771 2307 2807 ultra

77 2814 234 2860 propria
266 2812 400 2848 tributa
428 2812 677 2858 expenderint.
725 2811 770 2848 Si
790 2824 874 2849 vero
898 2813 1022 2850 eadem
1048 2814 1237 2860 prom'ncia
1267 2824 1340 2849 non
1371 2812 1479 2849 habet
1504 2813 1649 2858 fiscalia
1679 2824 1772 2859 quae
1802 2813 1995 2859 sufficiant
2027 2814 2077 2849 ad
2105 2825 2306 2861 expensam

77 2859 235 2904 factam,
263 2857 310 2892 iis
332 2858 396 2903 qui
417 2857 517 2893 illam
540 2868 739 2903 expensam
760 2858 931 2904 fecerunt
952 2870 1002 2895 ex
1023 2858 1187 2910 qenerali
1208 2869 1331 2894 mensa
1352 2858 1510 2903 satisfiat
1539 2869 1634 2904 quae
1654 2869 1678 2893 a
1702 2863 1765 2893 tua
1787 2858 1908 2905 qloria
1935 2859 2220 2902 administratur,
2252 2860 2309 2896 vel

78 2904 257 2940 retineant
280 2901 369 2937 haec
390 2913 441 2938 ecc
462 2902 508 2937 iis
530 2914 623 2948 quae
647 2903 691 2938 ab
715 2903 805 2949 ipsis
828 2903 1027 2949 insequenti
1051 2904 1245 2940 indictione
1268 2903 1493 2950 conferenda
1515 2909 1611 2946 sunt,
1635 2914 1751 2949 eaque
1765 2903 1928 2940 omnibus
1944 2904 2061 2940 modis
2083 2905 2306 2952 imputentur

137 3038 154 3070 1
181 3033 361 3070 ὄππίονας
376 3038 420 3079 (et
434 3039 481 3070 sic
499 3038 587 3080 infra
604 3040 799 3079 constanter)
817 3038 885 3081 Mu
902 3040 924 3072 4
946 3040 1006 3071 καὶ
1029 3052 1087 3071 om.
1105 3050 1126 3075 ς
1146 3037 1160 3084 ΙΙ

79 3083 101 3116 6
123 3083 270 3122 recauta]
292 3095 319 3115 s.
343 3095 374 3115 v.
399 3077 666 3127 εὖτρεπίσματα
691 3083 723 3116 L
746 3085 802 3123 (id.
828 3084 968 3125 652,15)
997 3082 1010 3127 Ι
1037 3086 1055 3117 7
1081 3081 1157 3117 δια-

80 3128 310 3169 πανωμένων
327 3127 358 3160 L
375 3126 388 3170 Ι
405 3129 425 3160 9
449 3130 611 3169 κομίτιον
627 3128 658 3160 L
676 3128 688 3169 ΙΙ
706 3128 930 3170 diligatdrmv,
949 3142 975 3161 s.
988 3141 1017 3161 v.
1040 3124 1157 3172 εἷ-τρε-

81 3171 223 3204 πιστῶν
240 3172 271 3203 L
295 3167 466 3216 διλιγατώ
492 3184 545 3205 ων
561 3173 604 3205 Μ
616 3173 628 3216 ΙΙ
650 3175 689 3207 13
714 3173 898 3214 ivtroita‘w,
916 3187 941 3207 s.
955 3186 985 3206 υ.
1003 3171 1158 3207 εἰσόδων

82 3215 114 3248 L
144 3215 337 3248 aneroitmn
361 3216 428 3260 ΜΙ
447 3218 570 3250 αυτῶν
594 3219 644 3250 L⁰
661 3219 674 3255 ss
692 3221 730 3252 17
755 3215 829 3260 εἴδη
855 3219 914 3259 τὰ]
943 3218 989 3251 τὰ
1015 3232 1074 3251 om.
1094 3220 1122 3252 L
1148 3220 1159 3258 ss

82 3261 126 3292 20
148 3256 172 3300 ἢ
195 3260 236 3292 Μ
243 3261 275 3299 ς]
305 3262 365 3292 καὶ
388 3261 420 3294 L
445 3260 459 3304 Ι
481 3259 630 3312 ἐπάγειν
653 3263 685 3296 L
703 3266 716 3307 ss
740 3265 782 3297 22
807 3263 906 3308 παρὰ
931 3264 1007 3297 τῶν
1030 3262 1157 3304 κτητό-

82 3305 170 3355 pone]
193 3313 213 3334 a
236 3305 360 3356 nostris
383 3307 625 3346 possessoribus
648 3319 668 3343 ς
683 3308 696 3350 [1
714 3309 756 3342 23
778 3314 949 3341 recautum
973 3309 1019 3341 M
1043 3319 1156 3341 recau-

82 3354 162 3388 ῖων,
185 3360 211 3379 s.
231 3360 262 3380 υ.
285 3349 583 3392 ευτρεπισμάτων
606 3352 638 3384 L
660 3353 673 3395 ΙΙ
698 3354 740 3386 28
764 3351 913 3387 πλείονα
935 3354 1013 3386 τῶν
1036 3365 1158 3386 συντε-

82 3390 279 3434 λουμένων]
303 3393 445 3434 amplius
468 3404 565 3434 quam
587 3397 803 3437 professionis
822 3403 901 3430 sunt
923 3398 972 3441 ςΙ
996 3400 1038 3432 29
1063 3395 1157 3442 εὗρε-

83 3436 166 3478 θείη
190 3437 221 3468 L
245 3436 258 3479 Ι
282 3438 325 3489 32
349 3437 430 3490 ἔξει]
461 3438 580 3471 habeat
603 3451 623 3475 ς
644 3440 657 3483 Ι
682 3437 705 3482 ἡ
729 3437 819 3483 αὐτὴ
845 3443 997 3484 ΔῙ(ΙιιΙ,)]
1022 3439 1111 3484 αι’-τὴ
1137 3440 1155 3484 ⁷]

81 3482 143 3516 Le
159 3481 173 3523 Ι
188 3481 234 3514 34
256 3493 325 3522 την
340 3480 465 3522 αυτὴν]
487 3483 573 3515 hanc
593 3486 628 3523 (i.
643 3497 669 3517 e.
684 3484 821 3527 ταύτην
836 3486 941 3528 τὴνῖ)
964 3500 984 3523 ς
999 3488 1012 3531 fl
1030 3490 1073 3522 36
1097 3484 1157 3520 αὗ-

81 3527 155 3559 τοῖς
180 3524 240 3568 Lfl
263 3526 304 3558 37
332 3521 455 3558 αὐτῶν
479 3528 550 3567 Le]
575 3524 686 3560 αὐτοῦ
711 3530 754 3561 Μ

151 3614 169 3648 1
193 3612 294 3646 facies
318 3613 376 3656 ΤΙ
392 3615 475 3654 sine]
498 3614 564 3647 nisi
584 3615 640 3658 V!
657 3617 677 3649 2
701 3616 851 3658 magistri
872 3619 907 3651 V
922 3620 1159 3662 magistrorum

85 3658 118 3691 T
138 3657 151 3701 Ε
175 3658 317 3701 speeiem
342 3659 375 3691 T
399 3668 487 3700 spem
500 3659 564 3710 .Vfl
581 3660 787 3693 ministratus
810 3663 844 3694 T
868 3662 1077 3698 ministratur
1099 3667 1159 3710 1⁷11

85 3704 106 3737 3
131 3703 258 3735 easdem
285 3703 318 3735 T
330 3702 344 3747 ΙΙ
358 3705 381 3737 4
403 3713 574 3737 occasione
598 3705 812 3738 emolumenti
835 3708 933 3750 vulq]
957 3709 1158 3743 occasionem

1226 3039 1264 3071 in
1286 3039 1331 3080 (et
1353 3037 1391 3070 in
1410 3038 1458 3079 V)
1482 3038 1712 3071 emolumentis
1735 3039 1813 3072 libri
1838 3038 1852 3082 Ι
1879 3038 2041 3080 quintam]
2076 3038 2135 3079 qui
2157 3040 2305 3071 nostram

1228 3084 1262 3116 Τ
1278 3084 1291 3126 fl
1309 3087 1328 3117 5
1352 3085 1481 3126 partem
1507 3083 1562 3126 ΤΗ
1582 3086 1602 3117 6
1626 3083 1667 3116 ab
1691 3083 1896 3126 optionibus]
1920 3083 2154 3125 adoptionibus
2175 3082 2234 3126 Vn
2249 3093 2303 3115 cx-

1226 3128 1408 3171 pediuntur
1433 3129 1465 3161 T
1482 3128 1495 3172 ΙΙ
1522 3130 1542 3162 8
1565 3129 1786 3161 diacostarum
1813 3129 1876 3170 ΤΙΙ
1905 3131 1942 3162 11
1969 3127 2075 3160 factae
2094 3129 2193 3170 cuiq]
2216 3127 2305 3159 faeta

1228 3176 1304 3207 libri
1320 3174 1332 3216 ss
1347 3174 1575 3215 introitorum]
1591 3174 1841 3206 anthidotorum
1861 3173 1917 3216 T}
1937 3174 1977 3205 12
1990 3173 2101 3212 etiam]
2118 3173 2235 3204 contra
2247 3173 2281 3204 T
2290 3172 2302 3216 η

1228 3220 1268 3252 13
1291 3218 1494 3261 pere'mimus
1516 3220 1587 3261 (sic)
1609 3219 1665 3262 Vl}
1681 3219 1843 3251 indemnis
1863 3218 1924 3260 Vn
1953 3219 1991 3250 17
2014 3216 2074 3257 qui
2095 3215 2157 3259 V!
2182 3216 2219 3248 in
2243 3229 2303 3249 om.

1234 3264 1290 3306 Vfl
1311 3265 1350 3297 18
1362 3263 1453 3306 ipsas
1467 3264 1572 3304 Beck]
1596 3264 1686 3307 ipsos
1707 3264 1741 3296 V
1756 3264 1844 3306 ipsos
1860 3270 1991 3303 quoque
2006 3261 2062 3303 Tu
2078 3259 2203 3292 milites
2216 3261 2303 3293 aeci-

1225 3318 1302 3350 pere
1314 3309 1352 3349 T,
1367 3308 1492 3341 milites
1503 3321 1562 3341 om.
1573 3311 1605 3342 in
1618 3316 1701 3351 spat.
1716 3321 1784 3341 cae.
1798 3310 1838 3341 10
1852 3308 1910 3338 litt.
1926 3305 1982 3349 Vss
1999 3306 2035 3337 in
2048 3318 2106 3338 om.
2122 3305 2179 3344 VH
2198 3305 2302 3339 19111-

1225 3353 1362 3386 uenitur
1382 3354 1412 3386 V
1427 3354 1440 3397 [1
1455 3354 1498 3387 20
1521 3353 1646 3386 inferre
1659 3353 1765 3392 Beck]
1789 3350 1907 3382 inferri
1923 3351 1999 3383 libri
2012 3349 2025 3392 ΙΙ
2044 3350 2087 3382 22
2102 3349 2186 3382 Eam
2203 3351 2301 3392 vulp]

1227 3409 1264 3431 ea
1288 3400 1366 3432 libri
1379 3398 1393 3442 Ι
1409 3409 1429 3430 a
1443 3399 1576 3439 nostris]
1601 3398 1722 3430 nostris
1737 3407 1756 3428 a
1776 3397 1806 3428 T
1818 3395 1830 3437 ΙΙ
1848 3404 2021 3436 expensam
2040 3396 2127 3437 vulq.
2144 3393 2158 3436 Ι
2176 3395 2217 3427 23
2241 3405 2302 3437 pro

1231 3444 1263 3476 T
1281 3443 1294 3485 fl
1311 3445 1353 3476 24
1378 3442 1608 3484 tergiuersatio
1629 3442 1686 3484 Vfl
1711 3443 1752 3474 25
1777 3441 1887 3480 quam]
1911 3449 1974 3479 que
1999 3438 2032 3470 T
2057 3448 2165 3479 neque
2185 3438 2302 3482 171126

1226 3488 1391 3520 inditione
1411 3488 1495 3526 V(et
1513 3490 1560 3520 sic
1582 3487 1711 3530 infra)1]
1730 3495 1769 3517 ex
1792 3493 1856 3524 qua
1880 3484 2018 3524 inpensa
2037 3483 2094 3526 Vll
2119 3484 2159 3516 27
2184 3483 2234 3524 fit]
2258 3484 2303 3516 sit

1236 3533 1323 3576 VT!
1338 3532 1553 3575 professionis
1569 3534 1646 3563 sunt
1664 3531 1709 3570 T]
1734 3528 1951 3571 professiones
1967 3530 2046 3559 sunt
2063 3528 2150 3571 vulq.
2174 3528 2300 3571 profes-

1227 3577 1332 3610 sionis
1354 3578 1393 3616 V;
1418 3578 1478 3620 leq.
1502 3587 1562 3618 pro
1578 3573 1830 3607 functionibus?
1846 3572 1858 3614 ΙΙ
1877 3573 1919 3605 28
1942 3572 2165 3605 inueniuntur
2182 3573 2216 3605 T
2225 3572 2239 3616 Ι
2256 3574 2301 3606 30

1227 3632 1265 3654 eo
1285 3623 1318 3655 V
1340 3622 1352 3664 fl
1381 3621 1440 3662 qui
1462 3621 1551 3652 ultra
1574 3638 1616 3643 —
1642 3619 1684 3651 32
1709 3628 1762 3649 eos
1785 3629 1843 3649 om.
1867 3617 1931 3658 Vu
1957 3618 1998 3650 31
2023 3616 2148 3649 fiscalia
2170 3617 2218 3659 T]
2241 3630 2302 3651 ou.

1226 3668 1312 3709 vulq.
1330 3666 1343 3708 ss
1368 3667 1410 3698 32
1434 3674 1518 3706 quae
1540 3663 1579 3695 fit
1605 3664 1650 3703 T]
1680 3662 1799 3694 factam
1823 3661 1907 3703 vulq.
1932 3660 1946 3704 Ι
1972 3661 2015 3694 33
2039 3671 2059 3692 a
2083 3662 2160 3694 add.
2180 3662 2267 3705 vulq.
2289 3662 2303 3707 Ι

1228 3713 1269 3744 35
1295 3711 1354 3749 eis]
1379 3709 1430 3741 his
1455 3710 1487 3741 T
1511 3718 1549 3739 ea
1570 3707 1686 3749 V1136
1708 3705 1857 3747 reputari
1878 3706 1981 3749 vulq.]
2005 3708 2158 3748 reputare
2182 3707 2260 3740 libri

1965 3762 2031 3794 82*
