2476 3854
138 94 247 139 Nov.
273 94 487 139 CXXXIV
522 100 585 140 10.
619 101 666 140 11

133 203 238 247 τάξιν
270 204 521 255 διαιρούμενον
551 206 760 251 λαμβάνειν,
790 206 854 241 τὰς
878 203 919 240 δὲ
941 205 1038 241 ὄκτὼ
1071 204 1213 254 οὗγκίας

133 249 308 287 δίδοσθαι
331 253 383 295 τῷ
407 256 640 297 μοναστηρίῳ
673 254 713 286 ἐν
744 242 777 294 αἶ
801 250 995 298 ἐγκλείεται
1018 250 1040 295 ἡ
1064 253 1214 295 τοιαύτη

132 293 239 344 γυνή·
265 298 296 331 εἰ
318 295 357 331 δὲ
379 297 467 341 μήτε
491 296 682 331 κατιόντας
703 294 794 341 μήτε
818 293 989 331 ἀνιόντας
1008 298 1091 340 ἔχοι,
1116 295 1140 341 ἢ
1154 300 1214 332 καὶ

133 339 297 377 ἀνιόντες
320 341 548 387 συνέπραξαν
571 344 616 389 τῇ
641 342 790 389 τοιαύτῃ
816 338 981 386 ἀσεβείᾳ,
1005 343 1130 377 πᾶσαν
1155 339 1213 377 αὗ-

133 389 195 430 τῆς
224 387 293 431 τὴν
315 385 442 421 οὐσίαν
473 384 673 431 λαμβάνειν
703 387 746 421 τὸ
779 387 1031 433 μοναστήριον.
1080 389 1213 423 ἐκείνου

133 431 501 486 παραφυλαττόμενον
534 429 621 466 ὥςτε
651 428 703 465 δι’
729 428 828 466 ὅλων
858 433 936 467 τῶν
959 431 1137 477 θεμάτων
1160 435 1215 477 τῷ

134 474 238 522 ἀνδρὶ
272 478 318 511 τὰ
353 489 534 522 συμφωνα
573 477 620 512 τὰ
656 479 728 512 τοῖς
762 475 954 523 προικῴοις
989 476 1215 524 ἐμφερόμενα

134 521 362 566 συμβολαίοις
386 521 644 567 φυλάττεσθαι.

1202 92 1286 143 686

1723 110 1784 142 ΠΤ
1812 110 1948 143 nunu
1975 111 2167 144 mmcmt
2195 111 2357 144 molum

1281 207 1364 244 dum
1392 207 1487 252 leges
1517 206 1648 244 divisas
1683 207 1865 254 accipere,
1898 211 1979 246 octo
2010 218 2093 246 vero
2126 209 2251 247 uncias
2281 209 2358 247 dari

1281 252 1497 288 monasterio
1527 252 1566 288 in
1599 263 1668 298 quo
1692 253 1885 296 includitur
1915 253 2115 291 huiusmodi
2137 254 2274 293 mulier.
2319 254 2358 292 si

1282 307 1365 334 vero
1395 306 1511 342 neque
1534 298 1785 334 descendentes
1814 308 1930 344 neque
1950 299 2184 336 ascendentes
2215 299 2358 345 habeat,

1283 345 1347 378 aut
1382 342 1615 380 ascendentes
1649 344 1893 380 consenserint
1933 344 2136 382 huiusmodi
2169 344 2357 391 iniquitati,

1251 392 1269 424 5
1283 396 1422 424 omnem
1452 387 1528 424 eius
1559 389 1798 425 substantiam
1829 389 1992 435 accipere
2023 390 2276 427 monasterium
2305 389 2358 426 illi

1284 432 1571 476 conservandam,
1595 437 1636 469 ut
1654 444 1719 480 per
1735 444 1858 471 omnes
1881 444 1987 471 casus
2010 434 2085 472 viro
2102 439 2211 481 pacta
2232 435 2357 472 dotali·

1283 479 1350 514 bus
1373 478 1474 513 illata
1496 478 1741 515 instrumentis
1766 483 1959 515 serventur.

1119 590 1274 627 CAPUT
1297 591 1359 626 XI.

196 642 341 688 Ἐπειδὴ
367 643 409 679 δέ
428 646 613 689 ‘rives-‘tow
636 643 809 692 ἡμέτερον
834 646 949 691 νόμον
972 651 1213 693 παραβαίνειν

1338 647 1428 691 Quia
1452 657 1534 684 vero
1557 647 1605 683 ali
1631 648 1669 683 ui
1692 649 1850 684 nostram
1873 648 1986 694 legem
2008 647 2262 686 transcendere
2283 650 2360 684 stu-

133 689 407 735 onovooigovqw,
442 692 482 724 ἐν
513 690 543 734 ᾧ
577 689 698 726 ἰδικιῦε
727 692 792 725 τὰς
816 692 931 726 αἰτίας
955 688 1213 746 omnemnque&
1228 695 1268 728 10
1283 692 1377 734 dent,
1400 693 1438 728 in
1462 702 1533 738 qua
1556 693 1610 728 evi
1637 695 1738 730 enter
1762 703 1890 730 causas
1913 694 2194 730 enumeravimus
2217 703 2262 729 ex
2281 692 2360 738 qui·

131 736 231 781 μεθα
263 735 301 776 ἐξ
334 736 387 770 ιῦν
409 737 537 780 μόνων
561 735 736 781 ῥεπούδια
768 735 923 772 δύναται
946 738 1159 781 πέμπεσθαι
1190 752 1212 781 η

133 783 171 815 ἐκ
187 782 251 815 τοῦ
267 778 397 825 ἀνδρὸς
420 779 443 824 ἢ
462 783 500 815 ἐκ
521 782 581 824 τῆς
603 781 779 828 γυναικός,
804 781 994 827 κελεύομεν
1017 780 1109 827 παρ’
1128 785 1212 817 ἐκεί-

131 838 195 861 νας
226 826 289 860 τὰς
318 827 433 860 αἰτίας
462 824 590 871 μηδενὶ
621 826 748 874 τρόπῳ
783 825 958 873 ῥεπούδια
989 827 1160 873 γίνεσθαι
1191 826 1214 871 ἢ

133 872 317 917 ἐρρῶσθαι
346 870 535 918 γινόμενα,
567 868 588 915 ἢ
613 873 706 906 κατὰ
736 876 944 907 συναίνεσιν
972 873 1054 907 τοὺς
1082 871 1214 918 γάμους

133 915 291 950 διαλύειν
314 920 374 950 καὶ
398 919 593 963 συγχωρεῖν
616 914 779 961 ἀλλήλοις
809 918 857 952 τὰ
881 915 1132 963 ἁμαρτήματα.

132 965 154 998 1
200 963 230 995 εἰ
254 959 293 995 δὲ
317 962 416 1007 παρὰ
440 963 501 996 τὰς
525 959 594 1008 ἀφ’
610 960 713 1007 ἡμῶν
739 961 974 1008 διωρισμένας
996 964 1112 998 αἰτίας
1135 962 1212 998 τολ-

130 1006 284 1051 μήσουσί
305 1018 399 1041 τινες
423 1005 583 1042 διαλύειν
614 1008 681 1043 τὸν
703 1007 833 1055 γάμον,
865 1008 1063 1051 κελεύομεν,
1093 1009 1124 1043 εἰ
1146 1011 1213 1053 μὲν

130 1052 324 1086 κατιόντας
353 1054 466 1095 ἔχοιεν
496 1053 567 1087 εἴτε
592 1053 629 1094 ἐξ
653 1049 761 1087 αὐτοῦ
791 1054 862 1087 εἴτε
893 1054 931 1095 ἐξ
954 1052 1063 1088 ἄλλου
1087 1054 1212 1098 γάμου,

129 1099 195 1131 τὰς
225 1093 347 1131 οὐσίας
376 1095 500 1132 αὐτῶν
531 1099 677 1133 ἐκείνοις
709 1096 883 1133 δίδοσθαι
914 1099 1007 1134 κατὰ
1037 1098 1106 1142 τὴν
1137 1101 1213 1134 τῶν

1282 738 1349 773 bus
1372 739 1487 774 solum
1510 748 1548 773 re
1575 738 1658 774 udia
1680 742 1831 784 possunt
1853 739 2047 774 transmitti
2070 741 2134 775 aut
2156 749 2179 775 a
2197 739 2272 775 viro
2294 740 2361 774 aut

1283 793 1304 817 a
1327 783 1483 826 muliere,
1514 783 1551 819 iu
1579 794 1677 819 emus
1709 786 1851 830 praeter
1873 784 1954 820 illas
1978 794 2106 821 causas
2133 784 2230 820 nullo
2253 783 2359 820 modo

1282 828 1432 872 repudia
1466 828 1560 872 fieri,
1595 833 1660 864 aut
1695 838 1759 874 per
1791 838 2002 866 consensum
2032 829 2176 875 nuptias
2205 828 2295 866 solvi
2324 829 2361 864 et

1284 873 1478 909 concedere
1499 873 1649 909 invicem
1673 873 1822 909 delictis.

1228 920 1267 952 15

1282 965 1303 999 1
1351 962 1389 997 Si
1421 972 1503 999 vero

1281 1008 1498 1053 sumpserint

1282 1053 1422 1098 quidem
1445 1053 1699 1089 descendentes
1730 1053 1921 1089 habuerint
1952 1053 2024 1089 sive
2047 1063 2092 1089 ex
2110 1053 2189 1098 ipso
2220 1052 2295 1089 sive
2316 1062 2362 1088 ex

1282 1099 1352 1134 alio
1375 1099 1610 1141 matrimonio,
1635 1099 1871 1135 substantiam
1894 1109 2016 1135 eorum
2038 1098 2109 1134 illis
2132 1097 2210 1134 dari
2232 1107 2360 1134 secun·

1560 965 1679 999 raeter
1712 972 1735 999 a
1769 962 1871 999 nobis
1903 963 2066 999 definitas
2099 971 2227 999 causas
2256 971 2361 1007 prae-

1558 1008 1632 1053 'qui
1654 1008 1790 1044 solvere
1812 1008 2093 1051 matrimonium,
2124 1008 2298 1052 iubemus,
2328 1006 2361 1044 si

130 1140 258 1186 νόμων
288 1141 405 1187 τάξιν,
437 1146 497 1176 καὶ
527 1143 595 1178 τόν
623 1157 663 1178 τε
687 1142 805 1190 ἄνδρα
835 1142 904 1187 τήν
931 1157 971 1179 τε
993 1147 1144 1191 γυναῖκα
1167 1145 1213 1178 εἰς
1227 1146 1268 1179 20
1282 1144 1366 1180 dum
1397 1144 1513 1188 legum
1543 1143 1712 1186 ordinem,
1744 1146 1781 1180 et
1803 1147 1877 1179 tam
1899 1143 2012 1180 virum
2042 1153 2147 1188 quam
2178 1142 2362 1179 mulierem

130 1187 375 1232 μοναστήριον
407 1187 655 1232 ἐμβάλλεσθαι
688 1190 747 1223 ἐπὶ
779 1190 904 1224 πάντα
931 1189 999 1224 τὸν
1030 1190 1093 1233 τῆς
1122 1191 1214 1233 ζωῆς
1279 1189 1318 1225 in
1339 1189 1595 1225 monasterium
1618 1189 1710 1224 mitti
1739 1189 1778 1224 in
1802 1188 1965 1225 omnibus
1997 1188 2089 1224 vitae
2112 1197 2199 1225 suae
2221 1191 2359 1241 temsso·

132 1231 255 1267 αὐτῶν
288 1233 430 1278 χρόνον,
469 1237 529 1267 καὶ
559 1236 597 1268 ἐκ
627 1235 690 1277 τῆς
720 1233 872 1268 ἑκάστου
903 1238 1106 1279 περιουσίας
1141 1233 1212 1269 ἀνοὶ
1279 1235 1390 1277 ribus,
1415 1238 1452 1270 et
1467 1235 1511 1270 de
1527 1234 1747 1280 singulorum
1767 1234 2002 1270 facultatibus
2026 1236 2216 1280 quaternas
2233 1243 2361 1269 uncias

1280 1280 1502 1315 monasteriis
1526 1280 1563 1315 in
1587 1279 1717 1325 quibus
1740 1279 1930 1315 mittuntur
1953 1279 2129 1324 separari3
2153 1279 2228 1315 viro
2248 1277 2360 1314 nihilo

131 1336 191 1357 ται
215 1324 474 1369 αφορίζεσθαι·
510 1337 575 1358 του
607 1322 738 1369 ἀνδρὸς
769 1323 936 1367 δηλονότι
966 1323 1057 1369 μηδὲ
1086 1327 1214 1370 χρῆσιν
1280 1325 1396 1361 minus
1433 1335 1547 1370 neque
1581 1335 1686 1360 usum
1720 1325 1874 1360 habente
1909 1324 2014 1360 datae
2044 1324 2156 1370 partis
2185 1323 2279 1360 filiis.
2323 1323 2361 1360 Si

131 1370 274 1411 ἔχοντος
291 1370 354 1403 τοῦ
373 1366 561 1413 διδομένου
577 1373 650 1403 τοῖς
666 1373 769 1405 παισὶ
785 1373 918 1415 μέρους.
959 1371 989 1403 εἰ
1011 1368 1051 1404 δὲ
1069 1371 1213 1405 κατιόν-
1226 1371 1267 1404 25
1281 1380 1361 1405 vero
1387 1370 1640 1406 descendentes
1671 1380 1744 1406 non
1763 1370 1935 1412 habeant,
1967 1369 2032 1406 sed
2053 1369 2285 1406 ascendentes
2308 1368 2361 1404 in-

130 1425 194 1449 τας
223 1413 272 1458 μὴ
298 1415 421 1457 ἔχοιεν,
455 1411 545 1448 ἀλλὰ
565 1412 729 1449 ἀνιόντες
749 1412 983 1460 εὑρίσκονται,
1012 1414 1055 1450 τὸ
1089 1419 1214 1461 τρίτον
1280 1415 1478 1459 veniuntur,
1509 1415 1650 1451 tertiam
1681 1417 1819 1460 partem
1849 1415 2070 1451 substantiae
2100 1414 2264 1460 accipere
2287 1423 2362 1458 eos,

129 1463 234 1504 μέρος
256 1460 318 1502 τῆς
342 1456 463 1494 οὐσίας
488 1459 687 1504 λαμβάνειν
713 1457 851 1504 αὐτούς,
876 1461 907 1494 εἰ
930 1460 978 1503 μὴ
1002 1462 1049 1508 τῇ
1065 1457 1213 1505 ἀσεβείᾳ
1282 1460 1314 1496 si
1336 1470 1408 1496 non
1430 1461 1611 1506 iniquitati
1643 1460 1830 1497 solutionis
1861 1460 2075 1496 matrimonii
2106 1459 2362 1503 consenserint,

130 1506 192 1548 τῆς
215 1503 347 1539 λύσεως
370 1506 435 1539 τοῦ
457 1502 575 1552 γάμου
599 1503 811 1552 συνῄνεσαν,
834 1504 882 1539 τὰ
899 1504 938 1540 δὲ
955 1504 1019 1540 δύο
1037 1509 1126 1553 μέρη
1142 1509 1214 1541 τοῖς
1283 1506 1371 1541 duas
1394 1515 1478 1542 vero
1502 1510 1624 1552 partes
1647 1505 1872 1542 monasteriis
1903 1506 1941 1541 in
1965 1505 2095 1551 quibus
2117 1504 2364 1551 unnsquisque

130 1554 380 1596 μοναστηρίοις
403 1551 444 1585 ἐν
467 1549 517 1585 οἶς
540 1552 687 1585 ἕκαστος
721 1550 936 1596 ἐμβάλλεται
961 1548 1212 1597 ἀφορίζεσθαι.
1282 1551 1434 1586 mittitur
1462 1551 1635 1597 separari.
1683 1551 1721 1587 Si
1750 1560 1834 1587 vero
1869 1560 1984 1596 neque
2015 1549 2269 1587 descendentes
2297 1559 2362 1586 ne·

130 1596 161 1629 εἱ
185 1594 224 1629 δὲ
244 1595 335 1639 μήτε
351 1595 538 1631 κατιόντες
559 1597 648 1640 μήτε
672 1593 836 1631 ἀνιόντες
859 1597 940 1640 εἷεν,
965 1595 989 1640 ἢ
1012 1599 1072 1631 καὶ
1094 1594 1215 1632 ἀνιόν-
1229 1599 1272 1633 30
1286 1605 1355 1642 que
1370 1596 1603 1633 ascendentes
1626 1596 1859 1639 inveniantur,
1884 1597 1940 1632 vel
1953 1595 2188 1632 ascendentes
2212 1605 2362 1632 consen-

1284 1644 1408 1677 serunt
1430 1642 1539 1686 facto,
1574 1642 1736 1678 iubemus
1767 1651 1905 1678 omnem
1924 1641 2162 1678 substantiam
2183 1643 2362 1678 monaste·

197 1722 224 1743 c.
247 1710 311 1743 XI
330 1717 417 1743 extat
441 1710 475 1743 Β
500 1712 553 1751 28,
572 1718 597 1746 7.
616 1718 632 1744 6
661 1718 737 1754 post
767 1724 837 1744 nov.
866 1711 1013 1745 CXVII
1032 1724 1059 1744 c.
1078 1712 1119 1745 12
1150 1718 1180 1744 et
1202 1712 1277 1744 inde
1300 1712 1406 1744 eodem
1433 1712 1499 1744 loco
1522 1713 1556 1745 in
1580 1712 1612 1744 L
1629 1714 1665 1755 fi
1688 1712 1752 1746 145
1777 1712 1831 1754 (cf.
1853 1724 1888 1754 ρ.
1911 1711 1975 1745 562
2000 1711 2046 1744 ad
2069 1723 2095 1745 c.
2114 1711 2180 1754 13).
2227 1710 2249 1754 ξ
2274 1710 2362 1745 1-3

130 1767 169 1789 ex
193 1755 229 1788 Β
253 1756 350 1788 habet
372 1755 533 1789 Nomoc.m
546 1754 643 1790 XIV
656 1758 702 1790 tit.
718 1757 768 1798 13,
785 1764 816 1794 ις
838 1768 890 1799 pr.
904 1774 948 1780 —
961 1755 982 1799 ξ
996 1757 1015 1790 3
1040 1757 1074 1789 in
1099 1757 1252 1800 epitomen
1276 1757 1412 1789 redacta
1436 1756 1486 1790 Β*
1511 1758 1548 1790 Γ
1564 1756 1605 1798 4,
1625 1764 1642 1790 5
1661 1768 1697 1800 p.
1717 1757 1782 1790 156
1799 1756 1903 1790 Zach.
1926 1774 1971 1780 —
1995 1755 2159 1790 Summam
2178 1767 2233 1799 pr.
2246 1773 2288 1781 -
2302 1754 2324 1798 5
2341 1755 2362 1790 3

126 1807 276 1845 praestat
290 1800 476 1845 Anonymus
493 1801 698 1835 Bodleianus
715 1802 754 1835 21
771 1801 806 1834 Β
832 1802 923 1844 apud
937 1801 1124 1835 Zachariae
1145 1797 1277 1835 Ἀνέκδ.
1293 1814 1327 1845 p.
1341 1802 1418 1835 220.
1468 1802 1631 1836 Theodori
1651 1814 1804 1835 summam
1826 1802 1943 1844 capitia
1965 1803 2082 1845 repetit
2092 1797 2165 1843 ΒΣ,
2185 1800 2364 1835 Athanasii

128 1847 332 1879 summarium
357 1845 379 1889 ξ
400 1849 413 1881 1
437 1846 492 1888 (-
509 1859 538 1880 v.
555 1848 604 1888 25)
637 1847 763 1881 libellus
794 1848 876 1892 περὶ
907 1842 1098 1892 διαφόρων
1128 1842 1430 1892 ἀναγνωσμάτων
1460 1847 1482 1891 ξ
1506 1848 1526 1881 6
1545 1859 1582 1891 p.
1603 1848 1669 1881 193
1693 1846 1886 1888 ΗείηιὸαοΙι,
1916 1845 2024 1880 Anon.
2047 1846 2254 1880 Bodleianus
2277 1846 2319 1880 21
2338 1845 2369 1880 0

131 1893 221 1934 opud
236 1891 423 1924 Zachariae
440 1892 460 1924 l.
475 1904 514 1932 e.,
537 1893 740 1925 summarium
757 1892 779 1935 ξ
794 1893 813 1925 2
838 1899 983 1936 repetunt
1000 1893 1164 1935 paratitla
1179 1893 1255 1925 Aah.
1271 1894 1313 1926 14
1329 1896 1343 1931 ξ
1357 1899 1384 1925 2.
1430 1892 1660 1935 Argumentum
1684 1899 1797 1926 notant
1816 1892 1979 1935 paratitlo
1994 1892 2071 1924 Ath.
2085 1893 2105 1925 2
2121 1895 2180 1932 ἐῢ,
2204 1892 2247 1926 10
2263 1895 2317 1931 §³-

130 1281 306 1332 τέσσαρας
336 1275 479 1325 οὗγκίας
502 1282 575 1332 τοῖς
597 1283 848 1324 μοναστηριόις
880 1281 919 1314 ἐν
943 1278 994 1314 οἶς
1018 1278 1214 1324 ἐμβάλλον-

131 1651 188 1675 τες
211 1640 412 1688 συνῄνεσαν
436 1643 489 1684 τῷ
509 1642 685 1688 γεγονότι,
709 1641 897 1685 κελεύομεν
921 1643 1047 1677 πᾶσαν
1071 1640 1140 1685 τὴν
1160 1639 1215 1676 οὗ·

128 1969 290 2006 ordinem
315 1969 531 2010 ,dividendas
562 1970 761 2016 accipiant,
800 1974 880 2006 octo
913 1975 1032 2006 autem
1062 1971 1191 2006 unciae
1214 1971 1432 2006 monasterio
1465 1970 1595 2006 dentur
1625 1970 1663 2005 in
1688 1980 1760 2016 quo
1784 1969 1959 2005 eiusmodi
1988 1969 2116 2005 mulier
2142 1967 2342 2005 includitur
2347 1981 2364 2012 ,-

128 2017 163 2051 si
176 2025 262 2051 vero
285 2025 401 2061 neque
419 2014 672 2051 descendentes
696 2026 811 2061 neque
835 2015 1067 2052 ascendentes
1090 2015 1231 2057 babeat,
1256 2016 1311 2052 vel
1333 2016 1440 2051 etiam
1465 2015 1697 2051 ascendentes
1715 2015 1890 2050 eiusmodi
1907 2014 2126 2060 impietatem
2148 2013 2362 2066 adiuverint,

129 2071 266 2097 omnem
289 2060 366 2096 eius
388 2060 627 2096 substantiam
650 2061 907 2097 monasterium
930 2060 1097 2107 accipiat.
1146 2062 1265 2107 Atque
1288 2060 1382 2096 illud
1403 2060 1512 2096 simul
1533 2061 1751 2103 observetur,
1775 2064 1817 2095 ut
1838 2060 1876 2094 in
1905 2059 2068 2096 omnibus
2091 2059 2232 2095 casabus
2251 2063 2364 2106 pacta

130 2105 311 2142 dotalibus
333 2105 582 2141 instrumentis
605 2106 741 2142 inserta
763 2106 896 2141 marito
918 2109 1115 2142 serventur.

261 2150 325 2186 XI.
376 2149 554 2193 Quoniam
577 2155 702 2198 „autem
736 2150 904 2186 nonnulli
935 2151 1048 2197 leqem
1081 2154 1244 2187 nostram
1279 2150 1415 2187 violare
1449 2149 1612 2193 student,
1647 2150 1685 2185 in
1716 2160 1789 2196 qua
1818 2148 2028 2196 specialiter
2061 2158 2192 2184 causas
2223 2159 2363 2185 enme-

127 2197 287 2233 ravimus
311 2207 360 2232 ex
376 2195 506 2242 quibus
528 2196 617 2231 solis
639 2196 793 2242 repudia
817 2200 881 2232 aut
904 2207 928 2231 a
951 2197 1029 2232 viro
1054 2200 1118 2232 aut
1141 2208 1164 2232 a
1187 2196 1335 2232 muliere
1358 2195 1451 2231 mitti
1471 2198 1636 2242 possunt,
1660 2195 1821 2231 iubemus
1841 2198 1990 2241 praeter
2012 2193 2096 2229 illas
2111 2203 2243 2230 causas
2262 2193 2364 2230 nullo

127 2241 234 2277 modo
258 2241 414 2287 repudia
434 2241 518 2286 lieri
540 2241 597 2277 vel
616 2242 722 2286 facta
746 2241 877 2284 valere,
909 2246 974 2277 aut
997 2242 1170 2288 coniuqes
1193 2251 1370 2278 consensu
1399 2240 1630 2276 matrimonia
1660 2239 1796 2276 solvere
1826 2243 1936 2286 atque
1964 2238 2095 2291 delicta
2123 2237 2195 2274 sibi
2215 2238 2363 2275 invicem

128 2290 151 2324 1
198 2286 415 2322 condonare.
509 2285 646 2330 Quodsi
669 2287 735 2333 qui
753 2291 903 2334 praeter
926 2297 1057 2322 causas
1087 2298 1112 2323 a
1135 2287 1239 2323 nobis
1261 2286 1427 2331 definitas
1449 2285 1715 2322 matrimonium
1746 2284 1886 2321 solvere
1908 2285 1993 2320 ausi
2012 2287 2102 2327 Smt,
2132 2284 2303 2327 iubemus
2331 2285 2367 2320 si

128 2332 271 2379 quidem
302 2331 556 2368 descendentes
588 2331 743 2367 habeant
772 2332 846 2368 sive
869 2343 919 2368 ex
948 2332 1030 2379 ipso
1062 2332 1135 2369 sive
1158 2343 1208 2368 ex
1231 2332 1304 2368 alio
1328 2331 1572 2374 matrimonio,
1603 2329 1677 2366 illis
1692 2330 1787 2367 bona
1803 2340 1927 2366 eorum
1949 2328 2033 2365 dari
2049 2329 2242 2365 secundum
2267 2327 2364 2365 ordi-

128 2388 208 2413 nem
233 2377 368 2423 lequm,
400 2381 435 2413 et
468 2382 540 2412 tam
572 2377 687 2413 virum
718 2388 826 2423 quam
857 2377 1040 2414 mulierem
1070 2378 1109 2413 in
1138 2378 1395 2413 monasterium
1422 2376 1542 2412 conici
1563 2386 1636 2423 per
1667 2386 1771 2411 omne
1801 2375 1897 2411 vitae
1918 2385 2043 2426 eorum
2068 2377 2225 2421 tempus,
2254 2383 2299 2410 ac
2320 2373 2366 2410 de

128 2423 316 2467 utriusque
338 2422 542 2457 substantia
566 2427 764 2468 quaternas
789 2423 916 2458 uncias
938 2423 1167 2459 monasteriis
1196 2423 1235 2458 in
1258 2433 1354 2468 quae
1381 2421 1610 2457 coniciuntur
1642 2420 1837 2457 destinari:
1869 2424 1911 2456 ut
1932 2419 2069 2456 sedicet
2099 2420 2155 2455 vir
2177 2430 2223 2456 ne
2243 2429 2364 2455 usum-

127 2469 289 2514 fructum
319 2467 461 2520 quidem
487 2468 610 2519 partis
641 2479 732 2511 quae
756 2467 876 2503 liberis
906 2467 1017 2504 datur
1045 2468 1186 2504 babeat.
1234 2467 1276 2503 Si
1305 2471 1424 2503 autem
1453 2466 1704 2502 descendentes
1734 2476 1807 2500 non
1837 2464 2011 2507 habeant,
2041 2463 2105 2500 sed
2134 2463 2366 2500 ascendentes

126 2518 275 2561 praesto
298 2517 379 2555 sent,
413 2516 554 2548 tertiam
572 2517 717 2565 partem
741 2512 965 2549 substantiae
988 2513 1015 2548 ii
1039 2513 1233 2566 accipiant,
1265 2512 1336 2548 nisi
1358 2512 1537 2559 impietati
1561 2511 1785 2547 matrimonii
1805 2510 1969 2547 solvendi
1990 2510 2248 2553 consenserint,
2271 2509 2366 2546 duae
2433 2531 2444 2542 .

129 2569 213 2594 vero
233 2562 362 2605 partes
384 2558 613 2593 monasterzis
642 2569 680 2593 tn
713 2568 807 2604 quae
838 2558 990 2611 quisque
1009 2559 1188 2595 conicitur
1217 2557 1451 2594 destinentur.
1498 2556 1547 2609 Si
1563 2567 1648 2592 vero
1676 2567 1792 2602 neque
1820 2554 2073 2592 descendentes
2104 2565 2220 2607 neque
2242 2564 2366 2590 assem

130 2603 252 2638 dentes
282 2603 370 2644 sint,
403 2602 459 2638 vel
488 2603 597 2639 etiam
628 2603 861 2639 ascendentes
891 2614 923 2639 et
955 2604 1056 2650 quod
1082 2605 1225 2650 factum
1256 2607 1310 2639 est
1341 2606 1603 2645 consenserint,
1635 2601 1795 2637 iubemus
1814 2611 1951 2636 omnem
1982 2599 2220 2635 substanttam
2242 2609 2366 2636 mona·

134 2661 2354 2674 ——ffl——ffl

190 2695 203 2726 1
233 2689 479 2736 διαιρουμένας
505 2693 574 2726 LB
597 2692 609 2736 ΙΙ
631 2691 757 2737 λαβεῖν
781 2694 942 2727 Nomoc.m
972 2693 985 2739 ΙΙ
1007 2689 1049 2727 οὗ
1072 2696 1152 2739 γίας
1176 2695 1223 2728 Μ

130 2738 291 2773 Nomos.m
318 2738 330 2780 ΙΙ
354 2739 374 2770 2
400 2735 599 2782 ἔγκλεισται
623 2739 782 2772 Nomoc.m
808 2738 820 2783 ΙΙ
844 2740 864 2772 3
891 2735 913 2781 ἢ
938 2752 995 2772 om.
1020 2706 1174 2774 Idume-‘¹
1202 2739 1214 2785 fl

131 2785 190 2817 καὶ
213 2780 247 2815 οἱ
271 2777 435 2815 ἀνιόντες
460 2783 489 2814 L
506 2783 685 2817 Nemeam
701 2783 714 2827 ΙΙ
733 2786 753 2817 4
777 2783 939 2828 ἔπραξαν
960 2784 1009 2817 B⁸
1031 2798 1059 2818 v.
1075 2786 1094 2818 l.
1111 2785 1123 2828 ΙΙ
1141 2797 1215 2818 τοι·

132 2828 236 2874 αύτῃ]
262 2823 350 2873 αὐτῇ
378 2827 426 2860 B⁸
442 2826 456 2870 ΙΙ
479 2823 597 2861 αὐτοῖς
620 2829 668 2862 Bl
696 2829 708 2872 ΙΙ
735 2831 754 2863 5
779 2830 912 2862 ἐκείνου
938 2827 1216 2875 παραφυλαττο-

130 2875 250 2918 μένου]
276 2872 328 2905 illi
353 2873 609 2905 conservandam
633 2876 667 2915 (i.
691 2887 715 2907 e.
741 2874 867 2916 ἐκείνῳ
892 2873 1215 2920 παραφυλαττομέ-

131 2918 236 2960 νηνῖ)
261 2929 281 2953 ς
304 2919 317 2960 ΙΙ
343 2919 361 2950 7
389 2915 433 2950 τὰ
458 2919 542 2957 τοῖς]
566 2917 612 2950 τὰ
638 2932 695 2951 om.
722 2918 773 2952 ΒΓ
785 2919 797 2962 ΙΙ
822 2920 1015 2963 προικῴοις
1030 2921 1087 2961 Μ]
1109 2932 1215 2965 γαμι-

131 2965 203 2998 κοῖς
228 2963 273 2996 ΑΙ
286 2976 312 2995 s.
327 2975 368 3004 v.‚
394 2962 470 2995 LB
494 2961 505 2999 ΙΙ
534 2964 552 2996 8
578 2961 806 3006 συμβολαίοις
829 2963 1056 3009 ἐμφερόμενα
1078 2966 1148 2998 LB
1168 2967 1215 3005 119

131 3011 376 3052 παραβαίνειν
387 3003 630 3048 σπουδάζουσι
643 3007 758 3051 νόμον
773 3010 806 3041 Β
821 3008 834 3053 ΙΙ
852 3009 975 3052 νόμον]
990 3024 1060 3043 που.
1075 3010 1220 3044 CXVII

132 3068 158 3088 c.
175 3057 203 3086 S.
219 3056 238 3087 9
257 3053 269 3097 ΙΙ
291 3055 328 3087 10
354 3049 664 3096 ἀπηριθμήσαμεν
679 3054 740 3086 Μα
757 3054 768 3096 ΙΙ
790 3055 827 3087 11
853 3054 990 3097 μόνων]
1016 3055 1122 3088 solum
1140 3057 1175 3097 (i.
1189 3069 1214 3089 e.

131 3099 258 3143 μόνον)
282 3110 301 3134 ς
318 3098 330 3142 ΙΙ
354 3094 539 3142 ῥεπούδια]
565 3095 667 3138 διαζύ
694 3110 731 3131 ια
755 3099 825 3131 LB
849 3101 906 3139 (id.
931 3102 986 3141 13)
1002 3101 1013 3143 ΙΙ
1038 3097 1216 3134 δύνανται

133 3143 350 3186 πεζιιπεσθαι
371 3144 400 3176 Β
424 3142 638 3186 πέμπεσθαι
663 3110 838 3176 δύνανται
863 3145 893 3176 L
910 3146 922 3187 ΙΙ
943 3147 983 3179 12
1004 3141 1109 3189 παρ’]
1134 3147 1215 3190 περὶ

133 3190 178 3223 ΒᾸ
197 3190 208 3232 ΙΙ
227 3190 372 3229 ἐκείνας]
394 3186 529 3221 ταύτας
548 3188 607 3221 B¹⁸
631 3189 643 3231 ΙΙ
670 3191 709 3223 13
726 3187 790 3222 τὰς
805 3188 988 3231 εἰρημένας
1005 3190 1121 3223 αἰτίας
1135 3191 1184 3223 B⁸
1205 3191 1216 3235 ΙΙ

134 3232 320 3276 ῥεπούδια]
346 3231 508 3267 διαλύειν
522 3231 657 3279 γάμους
676 3236 734 3266 καὶ
752 3230 919 3279 διαζύγια
933 3235 984 3267 B!
1000 3237 1054 3287 (es.
1070 3237 1115 3268 ad
1133 3238 1187 3277 14)
1203 3242 1214 3279 u

132 3278 155 3321 ἢ
168 3299 210 3302 -
227 3281 263 3313 14
279 3277 454 3324 γινόμενα
467 3292 524 3312 om.
537 3279 584 3311 ΒΕ
598 3290 617 3315 ς
634 3279 646 3320 ΙΙ
668 3282 706 3312 14
717 3275 893 3324 γινόμενα
907 3280 964 3319 Μ]
983 3292 1028 3312 τα
1041 3278 1216 3324 γινόμενα

134 3326 202 3357 LB
219 3325 231 3367 ΙΙ
251 3321 271 3366 ἢ
296 3324 388 3356 κατὰ
409 3342 451 3346 -
479 3325 519 3358 15
545 3320 706 3357 διαλύειν
730 3336 788 3356 om.
810 3323 859 3356 ΒΓ
879 3323 892 3362 ΙΙ
922 3328 1128 3368 συναίρεσιν
1155 3327 1181 3358 L
1205 3324 1217 3369 ΙΙ

132 3368 214 3402 τοὺς
239 3383 295 3401 om.
316 3370 358 3402 B!
377 3369 389 3413 ΙΙ
409 3370 448 3403 16
470 3369 512 3410 εἰ]
536 3367 580 3402 Οἱ
594 3370 756 3403 Nomoc.m
779 3369 791 3412 ΙΙ
807 3364 873 3413 ὑφ’
895 3366 998 3411 ἡμῶν
1023 3371 1049 3402 L
1077 3370 1089 3413 ss
1117 3372 1156 3404 18
1178 3371 1216 3402 ἐκ

132 3415 196 3447 τοῖ’
223 3410 332 3447 αὐτοῦ
358 3415 450 3447 malit
477 3415 753 3448 CGEHeimbach
779 3415 792 3458 ΙΙ
824 3415 866 3448 19
890 3413 951 3448 τὰς
974 3412 1107 3455 οὐσίας]
1138 3415 1216 3448 sub-

134 3459 290 3491 stantiam
315 3471 333 3495 ς
350 3460 362 3502 ΙΙ
380 3460 445 3492 τοῦ
469 3459 582 3503 νόμου
606 3460 767 3493 Nomoe.m
789 3459 801 3503 ΙΙ
828 3460 870 3494 22
895 3456 1019 3492 αὐτῶν
1043 3472 1100 3492 om.
1119 3460 1182 3492 Ma
1206 3461 1217 3502 Η

135 3506 175 3536 23
202 3500 345 3549 οὖγγίας
371 3505 442 3537 ML
453 3505 611 3538 Nomoc.m
639 3505 651 3548 ΙΙ
677 3506 718 3540 28
743 3505 808 3538 τοῦ
834 3517 891 3538 οηι.
907 3503 959 3538 ΒΤ
981 3504 993 3547 ΙΙ
1018 3506 1060 3538 29
1085 3502 1216 3548 ἐμβάλ-

134 3547 264 3581 λεσθαι
289 3549 353 3591 Mu
378 3551 420 3582 30
445 3547 534 3591 μήτε
558 3545 721 3583 ἀνιόντες
743 3548 834 3593 μήτε
853 3548 1038 3583 κατιόντες
1063 3550 1107 3582 Β’
1131 3550 1143 3593 ΙΙ
1166 3548 1215 3593 μὴ

134 3589 296 3627 ἀνιόντες
323 3595 364 3628 M
369 3599 387 3616 α
411 3595 423 3634 ll
452 3593 534 3636 εἶεν]
567 3595 782 3628 inveniantur
805 3607 825 3632 ς
848 3595 861 3639 ΙΙ
889 3596 960 3636 καὶ]
992 3597 1051 3627 καὶ
1075 3595 1106 3627 εἰ
1131 3595 1176 3628 B¹
1205 3594 1217 3639 l}

135 3634 310 3680 ἀνιόντες]
335 3638 371 3672 οἱ
394 3635 557 3673 ἀνιόντες
583 3641 650 3674 LB
675 3642 729 3684 (cf.
752 3642 798 3674 acl
820 3642 854 3683 3)

1342 2697 1356 2729 1
1385 2694 1492 2736 legem
1512 2693 1586 2736 ΙΨ)
1599 2694 1648 2736 vn
1673 2693 1785 2726 diuisa
1805 2695 1823 2725 b
1855 2692 2002 2725 diuersas
2023 2692 2056 2725 Τ
2062 2690 2075 2712 ¹
2097 2690 2110 2735 ΙΙ
2135 2701 2290 2735 accepere
2312 2694 2331 2726 b

1285 2742 1304 2774 2
1329 2739 1542 2773 concluditur
1566 2740 1598 2772 T
1610 2738 1623 2781 ss
1639 2740 1659 2772 3
1682 2749 1760 2771 vero
1777 2739 1895 2780 neque]
1920 2747 2027 2779 neque
2050 2749 2108 2770 om.
2124 2736 2143 2766 b
2161 2735 2174 2780 ss
2190 2735 2289 2769 habet
2309 2749 2332 2770 v

1284 2787 1305 2819 4
1329 2784 1500 2818 conserint
1525 2787 1542 2817 b
1569 2783 1582 2828 ss
1609 2786 1628 2818 5
1653 2783 1796 2828 accipiat
1818 2796 1839 2816 υ
1859 2784 1873 2827 fl
1901 2781 2101 2815 monasterio
2125 2783 2143 2814 b
2170 2783 2182 2824 ΙΙ
2208 2781 2263 2815 illi
2285 2791 2366 2816 uero

1284 2829 1544 2864 oonseruandam
1568 2828 1806 2871 (conseruanda
1825 2830 1858 2868 v)
1884 2830 1901 2861 b
1914 2839 1950 2867 υς
1984 2828 2044 2870 leq.
2067 2825 2130 2860 illo
2153 2836 2233 2860 uero
2257 2827 2366 2861 obaes—

1283 2875 1416 2909 vando?
1435 2875 1448 2919 ΙΙ
1464 2877 1484 2909 6
1501 2875 1585 2915 viro]
1610 2874 1666 2907 uel
1681 2887 1702 2907 v
1726 2885 1787 2907 uae
1806 2876 1823 2907 b
1841 2873 1853 2916 ΙΙ
1869 2874 1967 2915 pacto
1987 2872 2035 2906 1⁷¹
2060 2871 2148 2905 facta
2163 2883 2184 2904 υ
2202 2871 2215 2915 η
2232 2874 2251 2906 7
2272 2871 2366 2906 illata

1292 2921 1343 2954 V¹
1361 2921 1373 2964 ΙΙ
1389 2923 1409 2955 9
1424 2919 1553 2962 aliquid
1572 2922 1588 2952 b
1613 2919 1672 2952 alii
1688 2920 1747 2961 qui
1761 2932 1782 2952 v
1799 2918 1812 2962 ΙΙ
1829 2917 1966 2951 student
1987 2930 2045 2951 om.
2058 2917 2107 2950 Β)
2123 2916 2135 2960 ΙΙ
2157 2919 2197 2951 10
2209 2926 2276 2958 quo
2290 2917 2323 2950 T
2330 2917 2342 2938 ¹
2354 2916 2366 2960 ΙΙ
2423 2949 2428 2953 ,

1283 2966 1436 2999 uidenter
1457 2966 1504 2998 R¹
1521 2968 1538 2998 b
1562 2964 1721 2997 uidentur
1741 2963 1790 2998 V¹
1814 2963 1827 3006 ΙΙ
1852 2963 1980 3003 causas]
2005 2971 2118 2995 causas
2143 2971 2227 3013 quae
2247 2961 2304 3005 V!
2323 2963 2361 2996 11

1283 3011 1476 3054 repudiatae
1500 3012 1518 3043 b
1535 3010 1547 3053 ΙΙ
1568 3011 1609 3043 12
1634 3009 1755 3042 mulier
1780 3011 1797 3042 b
1814 3008 1827 3051 ΙΙ
1843 3010 1980 3051 propter
2005 3009 2023 3039 b
2039 3009 2051 3048 ΙΙ
2072 3008 2112 3057 13
2130 3006 2232 3038 fuerit
2257 3008 2274 3039 b
2293 3006 2306 3049 [1
2323 3007 2366 3042 14

1284 3055 1397 3089 delicti
1424 3058 1475 3088 bv
1506 3054 1659 3087 derelicti
1683 3053 1744 3097 Ru
1765 3055 1805 3087 16
1829 3054 1970 3095 praeter]
1995 3050 2180 3094 praedictas
2207 3051 2224 3081 ὁ
2242 3050 2255 3094 ΙΙ
2270 3061 2365 3094 prae-

1283 3099 1460 3143 sumpserit
1474 3099 1523 3132 R¹
1541 3099 1553 3142 ΙΙ
1574 3101 1612 3133 17
1630 3098 1752 3140 aliquis
1773 3097 1821 3131 1⁷²
1834 3110 1854 3130 υ
1877 3096 2005 3138 aliquid
2022 3095 2071 3128 Β*
2085 3095 2103 3125 ὁ
2121 3095 2132 3139 ΙΙ
2155 3097 2194 3130 18
2211 3095 2367 3129 habuerit

1292 3147 1325 3179 V
1335 3146 1348 3190 ΙΙ
1366 3156 1405 3178 ex
1417 3144 1496 3186 alio]
1510 3144 1552 3176 ad
1564 3143 1631 3176 alio
1646 3143 1663 3173 b
1680 3144 1692 3186 ΙΙ
1715 3144 1754 3177 19
1767 3141 1952 3175 substantia
1964 3154 1985 3174 v
2000 3139 2013 3186 ss
2032 3142 2074 3174 20
2087 3140 2238 3173 ordinem
2254 3141 2367 3183 legum
2425 3141 2430 3147 ⁴

1287 3190 1342 3234 ΤΙΙ
1361 3192 1399 3224 21
1428 3189 1629 3222 monasterio
1650 3187 1734 3231 Vvss
1754 3188 1795 3221 22
1821 3186 1992 3228 quaternis
2015 3185 2120 3218 untiis
2147 3186 2178 3218 T
2192 3185 2204 3229 ΙΙ
2221 3188 2262 3219 23
2288 3186 2366 3220 mit-

1284 3239 1338 3268 tur
1366 3236 1398 3268 T
1410 3234 1422 3278 ΙΙ
1438 3233 1584 3276 reparari
1605 3231 1654 3265 132
1671 3232 1684 3275 ss
1709 3242 1789 3265 uero
1804 3233 1884 3265 T¹v
1907 3241 1969 3265 uae
1987 3231 2004 3261 b
2030 3232 2066 3264 ui
2087 3231 2139 3264 V¹
2156 3229 2169 3275 ΙΙ
2195 3231 2238 3265 24
2262 3241 2365 3273 usqne

1293 3280 1342 3314 V¹
1359 3279 1372 3324 ΙΙ
1388 3289 1450 3312 usu
1469 3278 1589 3311 habere
1603 3277 1652 3310 13¹
1669 3277 1682 3321 {1
1699 3277 1777 3310 filiis
1794 3279 1854 3318 bv]
1879 3276 1966 3309 filiis.
1992 3275 2124 3318 quando
2143 3277 2238 3318 pater
2254 3285 2364 3309 rerum

1283 3325 1347 3358 filii
1362 3325 1398 3356 in
1414 3326 1576 3366 potestate
1592 3323 1694 3365 positi
1710 3333 1779 3355 non
1796 3322 1894 3355 habet
1911 3322 2043 3363 (habeat
2059 3321 2107 3363 T)
2123 3320 2365 3369 usumfructum

1285 3371 1316 3404 R
1327 3370 1389 3402 VT
1397 3369 1483 3412 vulq.
1532 3368 1567 3400 Si
1589 3381 1646 3401 om.
1663 3370 1680 3401 b
1700 3367 1711 3411 ΙΙ
1729 3370 1771 3402 26
1787 3367 1932 3408 tertiam]
1957 3366 2090 3400 tertiam
2107 3375 2188 3399 uero
2211 3378 2233 3399 ν
2249 3365 2261 3409 ΙΙ
2278 3364 2365 3399 acci-

1284 3425 1360 3458 pere
1384 3424 1439 3446 eos
1459 3424 1497 3446 su
1521 3413 1662 3446 stantiae
1682 3414 1713 3446 T
1735 3412 1747 3456 ΙΙ
1764 3415 1804 3447 27
1822 3412 2012 3454 iniquitatis
2027 3425 2048 3444 υ
2066 3411 2139 3453 (3¹,
2154 3411 2215 3444 scd
2228 3410 2366 3445 restituit

1284 3458 1470 3501 iniquitati)
1489 3457 1502 3503 ΙΙ
1517 3459 1766 3491 matrimonium
1791 3458 1821 3499 b,
1846 3470 1905 3491 om.
1917 3470 1938 3490 v
1954 3457 1968 3500 ΙΙ
1985 3458 2027 3491 28
2044 3454 2235 3488 monasterii
2251 3468 2272 3488 v
2294 3465 2365 3488 mo·

1285 3504 1423 3538 nasterii
1447 3503 1499 3536 his
1520 3504 1570 3536 V²
1589 3503 1601 3548 ΙΙ
1617 3503 1845 3546 unusquisque
1870 3503 1930 3536 del.
1953 3502 2003 3535 V³
2019 3501 2032 3545 ΙΙ
2050 3503 2092 3536 29
2115 3499 2259 3542 seperari
2278 3499 2329 3534 Τι
2351 3498 2364 3544 Ι

1285 3560 1391 3592 neque
1416 3549 1626 3581 ascendentes
1651 3563 1708 3582 om.
1728 3549 1779 3590 R,
1803 3547 2014 3581 ascendentes
2037 3553 2110 3580 ante
2133 3544 2364 3578 descendentes

1286 3596 1362 3628 add.
1377 3593 1425 3627 R²
1442 3594 1454 3638 ΙΙ
1481 3595 1522 3627 30
1547 3593 1600 3626 uel
1617 3593 1676 3635 ΕΞ]
1702 3595 1735 3627 et
1754 3592 1900 3627 R¹VTb
1932 3595 1991 3625 aut
2014 3592 2057 3625 al.
2075 3591 2088 3635 ΙΙ
2104 3589 2281 3623 ascendens
2304 3589 2336 3622 V

1285 3642 1522 3673 consenserunt
1543 3639 1610 3680 Vb]
1635 3638 1862 3672 consenserint
1880 3637 2038 3681 RTvuly.
2064 3636 2295 3669 conuenerunt
2308 3645 2330 3667 v

1285 3687 1326 3719 31
1352 3686 1474 3717 factum
1500 3684 1518 3714 b
1537 3683 1549 3728 11
1565 3683 1756 3717 monasterii
1781 3683 1800 3714 b
1835 3682 1970 3715 maioris
1993 3679 2200 3714 monasteriis
2222 3678 2276 3712 13⁰
