2592 3840
239 61 346 103 NOV.
368 60 506 103 LXIX
536 63 559 101 4

241 171 265 206 2
312 172 357 204 Εἰ
388 169 428 204 δὲ
457 175 519 204 καί
545 182 598 205 τις
629 167 799 214 χρήσαιτό
828 179 903 203 τισι
939 168 1055 203 θείοις
1086 165 1208 204 τύποις
1244 169 1314 203 εἴτε

243 219 500 262 πραγματικοῖς
530 215 599 249 εἴτε
623 213 738 248 ἄλλοις
771 216 852 259 περὶ
884 212 1048 248 τοιούτου
1086 214 1183 249 τινὸς
1214 212 1313 258 αὐτῷ

244 264 527 306 πεπορισμένοις,
551 263 697 294 ἔσονται
720 257 907 293 παντελῶς
930 257 1069 305 ἄκυροι·
1093 260 1171 293 τῶν
1189 256 1314 306 ἀρχόν-

243 320 321 340 των
343 304 499 352 μεγάλην
524 302 765 359 ἑκτινντὲντων
794 301 1065 358 ποινήν,ἐἰπερ
1096 301 1186 339 ὅλως
1214 317 1315 351 προς-

1311 54 1397 102 354

1942 71 2004 104 U'r
2031 71 2177 104 OMNES
2205 71 2456 105 ononnum·

1383 169 1407 205 2
1455 168 1493 203 Si
1516 177 1597 204 vero
1622 168 1809 222 quisquam
1834 170 1959 205 utatur
1988 169 2165 215 aliquibus
2197 171 2309 208 sacris
2331 171 2455 210 formis

1384 215 1457 267 sive
1477 214 1704 259 pragmaticis
1735 214 1808 267 sive
1838 213 1918 267 aliis
1950 213 1994 250 de
2020 215 2086 268 tali
2109 215 2261 269 quodam
2291 217 2359 253 sibi
2384 219 2455 254 lar·

1384 261 1483 304 gitis,
1521 263 1625 295 erunt
1659 269 1800 295 ommno
1836 258 2020 304 infirmae,
2058 259 2235 297 iudiclbus
2270 263 2456 299 maximam

1386 304 1603 341 solventibus
1625 314 1792 350 poenam,
1817 304 1849 340 si
1871 305 2012 341 omnino
2036 306 2269 351 susceperint.
2311 307 2361 343 Et
2384 319 2456 345 non

244 350 415 392 δέξοιντο.
462 354 534 384 Καὶ
558 363 597 384 ου
621 362 662 383 το
683 348 878 403 γενόμενον
908 362 1022 393 μονον
1053 349 1315 403 θεραπεύομεν,
1352 352 1371 384 5
1385 349 1455 385 1100
1479 349 1573 395 quod
1596 349 1638 385 fit
1661 350 1774 386 solum
1793 349 2040 394 medebuntur‚
2063 350 2126 386 sed
2153 355 2189 387 et
2209 352 2304 396 quod
2322 352 2456 389 facien-

243 395 333 431 ἆλλὰ
365 399 424 429 καὶ
454 395 496 430 τὸ
527 394 705 439 ἐσόμενον.
753 397 811 428 καὶ
834 407 901 440 γαρ
934 395 964 428 εἰ
985 407 1076 439 μετα
1106 409 1222 430 ταυτα
1244 409 1315 430 τοι·

244 441 329 476 οῦτό
345 455 381 475 τι
398 440 591 487 πορισθείη
610 443 684 473 τισὶ
699 440 778 473 τῶν
790 436 975 485 ἡμετέρων
989 438 1160 483 ὑπηκόων
1172 439 1194 484 ἢ
1206 441 1316 487 ἑτέρῳ

243 490 317 521 τινὶ
341 489 417 520 τῶν
441 485 652 531 ἔμπροσθεν
676 483 979 531 ἀπηγορευμένων
1002 487 1054 526 (ἐν
1075 485 1126 520 οἷς
1148 485 1317 531 περιλαμ-

244 530 404 584 βάνομεν
437 530 483 565 ὠς
514 531 650 582 εἴρηται
682 528 955 571 καὶεκκλησίας
982 534 1042 564 καὶ
1073 529 1182 578 εὐαγῆ
1208 544 1317 576 μονα-

1384 442 1445 475 tur
1468 440 1513 475 ab
1537 440 1714 485 aliquibus
1738 443 1940 477 nostrorum
1964 441 2204 477 subiectorum
2227 445 2290 478 aut
2316 451 2339 478 a

1386 395 1470 430 dum
1493 397 1558 430 est.
1606 394 1749 430 Etenim
1773 395 1803 430 si
1826 395 1998 440 posthaec
2029 396 2101 432 tale
2134 396 2268 442 aliquid
2292 397 2340 432 im
2365 401 2457 452 etre-

1387 485 1546 531 quolibet
1569 485 1698 530 quibus
1722 486 1822 566 {sius
1844 486 2100 531 interdiximus,
2132 487 2225 523 inter
2248 498 2337 532 quos
2362 443 2457 524 aggo

1386 530 1584 576 plectimur,
1608 530 1702 566 sicut
1750 531 1859 567 'ctum
1883 535 1948 575 est,
1980 531 2153 568 ecclesias
2184 534 2221 568 et
2243 532 2459 569 venerabilia

244 589 373 622 στηρια
396 579 456 609 καὶ
480 587 560 610 τους
584 575 705 609 θείους
727 572 831 619 ἡμῶν
852 575 965 610 οἴκους
988 579 1054 618 καὶ,
1066 575 1112 611 τὰ
1133 576 1220 610 θεῖα
1240 589 1317 624 πρι-
1334 580 1373 611 10
1387 576 1603 611 monasteria
1627 579 1663 611 et
1686 586 1807 612 sacras
1827 579 1968 612 nostras
1993 576 2116 613 domos
2140 580 2176 613 et
2195 587 2300 614 sacra
2319 578 2459 624 privata

245 621 338 666 βάτα
363 625 421 655 καὶ
442 622 483 655 τὸ
502 621 605 654 θεῖον
626 621 887 666 πατριμόνιον),
911 618 994 655 οὐδὲ
1013 620 1111 656 οὗτοι
1132 620 1319 656 παντελῶς

244 666 490 714 κρατήσουσιν.
527 668 630 699 ἔσται
654 663 694 699 δὲ
717 662 736 699 ὁ
764 662 871 710 νόμος
894 657 995 701 οἶτος
1018 667 1225 710 πανταχόσε
1253 667 1319 710 τὴν

245 713 371 746 ἑαυτοῦ
396 709 542 745 δικαίως
566 712 737 745 ἐκτείνων
761 710 874 753 ἰσχύν,
898 715 958 745 καὶ
981 707 1056 757 ἅμα
1077 714 1144 757 μὲν
1168 712 1214 747 τὰ
1238 711 1317 757 με’λ-

245 756 355 791 λοντα
379 754 521 810 ἀσφαλῆ
544 756 749 797 καθιστῶν,
774 753 849 800 ἅμα
873 755 974 810 δὲιτὸ
995 756 1185 811 παρελθὸν
1208 758 1318 804 θερα-

1387 623 1423 657 et
1446 631 1586 656 sacrum
1609 621 1879 666 patrimonium,
1911 631 2027 667 neque
2049 622 2119 658 hoc
2149 623 2291 659 omnino
2315 623 2456 660 valebit.

1388 666 1469 701 Erit
1499 668 1620 701 autem
1651 666 1709 703 lex
1740 667 1829 702 haec
1853 666 1991 712 ‚ubique
2020 678 2121 703 suam
2148 667 2242 704 iuste
2267 668 2459 705 extendens

1387 711 1554 747 virtutem
1583 714 1619 747 et
1650 711 1755 748 simul
1778 711 1918 757 quidem
1946 711 2070 748 futura
2098 716 2201 749 caute
2226 714 2456 758 constituens,

1388 757 1492 792 simul
1516 759 1635 792 autem
1659 757 1753 802 quod
1776 757 1958 802 praeteriit
1983 768 2122 795 curans.

244 803 269 838 3
307 801 438 836 neiwv.
492 804 572 834 Ῑστε
591 805 714 835 τοίνυν
735 798 893 836 ἅπαντες
910 802 1060 845 υπὴκοοι
1081 815 1182 838 οσους
1197 801 1216 838 ὁ
1233 802 1319 837 θεὸς
1336 807 1374 838 15
1387 803 1411 839 3
1460 801 1597 838 Scitote
1613 802 1721 847 igitur
1741 812 1861 838 01111168
1881 802 2042 848 subiecti,
2063 813 2152 850 quos
2170 804 2257 841 118118
2275 804 2459 842 6141081118

245 850 316 881 τοῖς
339 861 379 881 τε
402 845 504 891 ἡμῶν
525 845 712 892 προγόνοις
735 850 795 881 καὶ
818 844 903 891 ἡμῖν
927 845 1139 894 δεδώρηται,
1165 846 1212 883 ῶς
1235 849 1318 883 ταύ-

245 906 311 935 την
337 891 418 937 ὑμῖν
442 889 588 936 δίδομεν
611 891 679 935 τὴν
702 892 928 938 νομοθεσίαν
952 894 1075 929 πᾶσαν
1101 892 1185 938 ὑμῖν
1208 891 1319 939 ἀσφά-

246 936 344 971 λειαν
359 936 596 983 χαριζόμενοι,
618 940 678 971 καὶ
697 936 780 972 οὔτε
800 935 1055 985 ὁδοιπορήσετε
1074 938 1214 984 μακρὰν
1239 938 1319 973 οὔτε

245 982 335 1016 κατὰ
358 984 435 1017 τῶν
458 983 638 1036 μειζόνων
669 980 863 1037 δακρύσετε
894 982 975 1018 οὔτε
1012 982 1099 1028 ἡμᾶς
1128 985 1320 1030 με’μψεσθε

1387 847 1675 893 progenitoribus
1700 850 1737 883 et
1756 847 1858 884 nobis
1882 847 2037 894 donavit,
2060 849 2227 894 quoniam
2245 850 2340 886 hanc
2357 851 2459 888 vobis

1389 894 1513 928 damus
1545 892 1802 938 legislationem
1832 903 1971 929 omnem
2000 893 2100 931 vobis
2131 895 2307 930 cautelam
2338 895 2458 932 confe-

1388 942 1519 981 rentes,
1552 941 1587 973 et
1610 948 1725 991 neque
1747 938 1873 974 itinere
1895 938 2131 984 fatigabimini
2154 940 2313 984 longiore
2343 951 2459 994 neque

1388 984 1559 1019 adversus
1582 993 1755 1019 maximos
1778 983 2008 1021 lacrimabitis
2038 994 2154 1030 neque
2181 995 2247 1022 nos
2271 985 2460 1032 culpabitis

247 1027 294 1062 ὠς
324 1030 439 1062 ταῦτα
470 1041 518 1072 μη
550 1028 831 1073 θεραπευοντας.
878 1026 960 1063 ἀλλ’
990 1031 1136 1064 ἕκαστος
1165 1029 1321 1077 ἐγγύθεν
1334 1033 1375 1064 20
1389 1033 1570 1074 tamquam
1593 1029 1683 1064 haec
1706 1039 1779 1065 non
1804 1028 2030 1073 corrigentes,
2063 1030 2125 1066 sed
2152 1031 2324 1076 unusquis
2348 1041 2394 1067 ue
2415 1031 2460 1067 de

245 1074 343 1118 ὁρῶν
362 1072 429 1116 τὴν
453 1071 513 1118 ἐφ’
538 1072 587 1107 οἷς
611 1072 657 1107 ἂν
678 1073 881 1117 ζημιωθείη
902 1073 1010 1117 τυχὸν
1030 1072 1052 1117 ἢ
1070 1073 1221 1119 βλαβείη
1243 1087 1320 1109 ποι-

246 1117 322 1161 νήν,
354 1122 414 1152 καὶ
445 1116 582 1162 ταύτην
611 1118 908 1166 θεραπευομένην
937 1118 1086 1164 βλέπων
1116 1120 1182 1154 τὸν
1208 1123 1321 1167 με’γαν

246 1177 285 1197 τε
308 1167 368 1198 καὶ
389 1161 536 1211 ἀγαθὸν
559 1161 755 1208 ἀνυμνήσει
778 1163 872 1199 θεὸν
894 1163 960 1199 τὸν
977 1165 1092 1199 ταῦτα
1114 1162 1197 1210 ἡμῖν
1217 1178 1322 1210 νομο-

245 1210 401 1252 θετῆσαι
432 1207 549 1244 καλῶς
579 1223 619 1243 τε
650 1212 709 1243 καὶ
740 1207 886 1264 δικαίως
915 1208 1160 1267 ε’λλρζιμψαντα.
1201 1209 1320 1245 Ἔστω

1389 1075 1550 1155 {roizi-mo
1581 1074 1774 1155 reslffigm
1805 1084 1957 1154 poengm
1986 1075 2023 1110 in
2054 1075 2303 1156 quibusdforte
2348 1077 2459 1112 amni—

1390 1122 1904 1218 et⁰²p3ffl¹iiuqibiss⁰iauss‚
1925 1130 1993 1211 ἓξὲξ
2011 1130 2190 1202 ἓὲἑὲῗιέἐ
2207 1131 2462 1202 8813.ξῖἓὲἒῇ

1390 1214 1426 1247 et
1447 1213 1541 1247 iuste
1571 1210 1791 1246 1llum1nav1t.
1840 1210 1894 1246 S1t
1922 1220 2006 1255 ergo
2038 1221 2155 1257 poena
2185 1212 2271 1248 talia
2302 1212 2461 1248 commit-

247 1253 286 1288 δὲ
309 1254 418 1297 ποινὴ
440 1257 513 1289 τοῖς
536 1256 651 1289 ταῦτα
675 1251 945 1301 ἁμαρτανουσιν
973 1269 995 1299 η
1018 1259 1239 1303 προϊεμένοις
1262 1254 1321 1303 ἅρ-
1335 1259 1376 1292 25
1391 1256 1547 1291 tentibus
1571 1259 1634 1291 aut
1654 1256 1930 1301 suscipientibus
1952 1256 2130 1293 iudicibus
2153 1258 2191 1293 et
2206 1257 2337 1303 cinguli
2356 1267 2461 1294 casus

245 1313 367 1343 χουσιν
391 1298 412 1344 ἧ
435 1313 475 1334 τε
497 1301 558 1344 τῆς
581 1298 685 1347 ἀρχῆς
708 1302 887 1336 ἔκπτωσις
917 1304 978 1335 καὶ
1005 1300 1126 1337 decem
1149 1301 1321 1337 librarum

247 1346 325 1381 auri
349 1348 467 1389 ζημία.

253 1437 262 1447 ί
291 1389 410 1445 <Ean
418 1390 465 1444 λα
470 1405 493 1438 γ
502 1391 571 1436 ος.)
618 1391 663 1426 Οἱ
679 1394 804 1425 τοίνυν
823 1388 1052 1432 ἐνδοξότατοι
1072 1393 1221 1448 ἔπαρχοι
1244 1393 1323 1427 τῶν

1389 1305 1426 1338 et
1448 1301 1569 1337 decem
1592 1301 1762 1337 librarum
1785 1301 1864 1336 auri
1888 1301 2064 1338 damnum.

1434 1392 1482 1439 (Ε
1492 1403 1516 1438 p
1525 1392 1557 1428 il
1567 1403 1588 1428 0
1596 1391 1706 1438 gus.)
1741 1391 1995 1428 Glofiosissimi
2016 1393 2124 1446 igitur
2142 1392 2316 1438 praefecti
2339 1403 2462 1430 sacro-

248 1450 356 1482 ιερων
388 1450 490 1480 ημων
519 1439 756 1483 πραιτωρίων
785 1436 822 1470 οἱ
843 1434 1050 1479 πανταχόσε
1081 1449 1142 1481 της
1164 1437 1322 1481 υπηκόου
1389 1448 1468 1473 rum
1499 1440 1703 1474 nostrorum
1732 1438 1992 1483 praetoriorum
2026 1448 2087 1482 qul
2116 1449 2181 1484 per
2210 1448 2348 1474 omnem
2378 1439 2462 1475 sub-

247 1482 478 1516 καθεστῶτες
508 1481 573 1516 τὸν
604 1480 717 1526 νόμον
747 1483 889 1535 τοῦτον,
912 1481 1150 1528 γινώσκοντες
1181 1483 1320 1529 προθὴ-
1335 1486 1377 1519 30
1390 1484 1521 1519 iectam
1550 1485 1683 1519 terram
1715 1483 1916 1519 consistunt
1946 1483 2058 1528 legem
2086 1484 2179 1520 hanc
2209 1486 2462 1528 cognoscentes

247 1539 371 1562 σουσιν
395 1529 435 1561 ἐν
452 1530 529 1562 ταῖς
545 1522 610 1562 ὑπ’
626 1526 754 1562 αὐτοὺς
777 1525 1004 1571 διοικησεσιν,
1029 1529 1092 1562 ἐπί
1113 1541 1152 1563 τε
1173 1527 1322 1563 Ἰταλίας

247 1570 384 1616 ἁπάσης
407 1574 471 1607 ἐπί
491 1585 530 1607 τε
554 1572 694 1617 Λιβύης
722 1574 786 1607 ἐπί
805 1585 845 1606 τε
869 1573 947 1607 τῶν
968 1572 1092 1616 νήσων
1116 1575 1178 1608 ἐπί
1199 1587 1239 1608 τε
1261 1576 1322 1617 τῆς

246 1615 358 1662 Ἑιρας
380 1622 440 1651 καὶ
463 1616 550 1652 ὅσον
574 1619 614 1652 ἐν
635 1616 811 1664 Ἰλλυριοῖς
834 1619 919 1652 ἐστι.
967 1621 1026 1651 καὶ
1050 1619 1208 1654 εἴσονται
1232 1619 1321 1654 πάν-

247 1676 320 1704 τες,
352 1660 452 1698 ὅπως
475 1661 598 1698 αὐτῶν
620 1660 808 1708 κηδόμεθα
836 1664 890 1706 τῷ
913 1664 1072 1719 τοσαέιτα
1101 1661 1184 1709 ἡμῖν
1207 1678 1321 1711 παρα-

1390 1531 1593 1574 proponant
1625 1531 1661 1564 et
1684 1539 1748 1573 per
1770 1528 1943 1565 dioecesis
1976 1529 2044 1565 sub
2067 1539 2107 1565 se
2132 1529 2343 1566 constitutas
2369 1533 2405 1565 et
2425 1530 2463 1566 in

1391 1574 1486 1610 omni
1508 1574 1614 1610 Italia
1637 1576 1673 1610 et
1696 1574 1811 1620 Libya
1841 1577 1876 1610 et
1897 1574 2023 1610 insulis
2058 1578 2095 1610 et
2118 1574 2263 1611 Oriente
2291 1579 2328 1610 et
2351 1576 2462 1620 quod-

1392 1629 1542 1664 cumque
1575 1619 1613 1654 in
1644 1619 1787 1665 Illyrico
1819 1623 1891 1662 est,
1928 1623 1965 1655 et
1994 1619 2107 1656 scient
2136 1630 2258 1656 omnes
2287 1620 2462 1667 quomodo

1391 1675 1515 1700 eornm
1539 1675 1660 1700 curam
1683 1665 1867 1707 habemus,
1891 1664 1957 1700 deo
1978 1665 2039 1709 qui
2062 1667 2164 1701 tanta
2187 1665 2291 1702 nobis
2310 1666 2463 1702 contulit

248 1708 371 1763 ‹5256ch
394 1709 475 1753 θεῷ
500 1707 733 1756 προςάγοντες
755 1708 821 1743 τὸν
844 1706 968 1753 νόμον,
998 1721 1035 1743 ος
1054 1707 1215 1762 μεγάλην
1238 1707 1323 1764 ἡμῖν
1335 1712 1378 1745 35
1392 1710 1581 1746 offerentes
1604 1711 1638 1745 le
1663 1720 1733 1753 em,
1766 1711 1827 1755 qui
1848 1720 2012 1755 magnam
2042 1710 2145 1746 nobis
2173 1721 2239 1756 pro
2263 1711 2314 1747 eis
2336 1720 2463 1757 repen-

248 1768 315 1797 την
334 1757 424 1801 υπὲρ
448 1754 590 1808 ἑαυτῶν
613 1753 811 1801 ἀπολογίαν
835 1752 946 1788 δώσει
969 1767 1119 1789 τοιαυτα
1142 1767 1323 1802 προφασει

1392 1755 1566 1791 sationem
1596 1755 1642 1791 da
1666 1756 1712 1796 it,
1748 1755 1832 1791 dum
1863 1756 1951 1792 talia
1984 1766 2049 1801 pro
2082 1766 2194 1792 causa
2224 1756 2463 1792 subiectorum

248 1801 307 1843 τῆς
338 1813 416 1834 των
446 1799 619 1843 υπηκόων
649 1803 828 1845 σωτηρίας
857 1798 1138 1844 νομοθετήσασι.
1392 1801 1519 1837 salutis
1543 1801 1804 1837 sanciverimus.

304 1845 532 1890 Proponatur
556 1844 877 1889 Constantinopoli.
1438 1847 1666 1891 Proponatur
1686 1846 2091 1891 constantinopolitanis
2115 1846 2250 1882 civibus
2273 1847 2417 1883 nostris.

303 1890 402 1936 (Dat.
429 1891 464 1926 k.
490 1890 568 1925 Iun.
596 1890 683 1935 ΟΡ.)
713 1891 796 1936 imp.
828 1890 887 1925 dn.
920 1890 1107 1925 Iustiniani
1137 1901 1198 1935 pp.
1231 1891 1322 1936 Aug.
1339 1894 1381 1927 39
1438 1891 1522 1927 Dat.
1546 1892 1619 1928 kal.
1644 1891 1722 1927 Iun.
1749 1891 1817 1927 GP.
1842 1891 1925 1936 imp.
1949 1891 2045 1937 (dn.)
2067 1891 2256 1928 Iustiniani
2286 1902 2346 1938 pp.
2370 1893 2461 1937 Aug.

247 1947 330 1972 ann.
355 1936 434 1971 XII.
460 1936 621 1971 Iohanne
640 1947 672 1971 v.
691 1946 722 1971 0.
747 1945 845 1971 cons
1287 1939 1331 1978 [a.
1346 1939 1423 1980 538]
1482 1946 1576 1972 anno
1600 1937 1681 1972 XII.
1706 1937 1864 1972 Iohanne
1887 1948 1919 1972 v.
1947 1946 1977 1972 c.
2003 1937 2161 1973 consule.

247 2005 271 2040 2
318 2003 501 2041 moderate
523 2007 559 2039 et
580 2004 672 2039 iuste
695 2003 899 2049 qubernare
949 2004 1047 2039 ossit.
1140 2002 1277 2046 Quodsi
1300 2005 1406 2040 etiam
1431 2005 1512 2051 quis
1534 2006 1650 2040 sacris
1680 2004 1895 2051 quibusdam
1922 2004 2170 2040 sanctionibus
2198 2005 2272 2040 sive
2288 2016 2463 2051 praqma·

250 2049 329 2084 licis
351 2050 424 2085 sive
449 2048 532 2083 aliis
554 2052 681 2084 utatur
703 2048 747 2084 de
770 2048 905 2084 eiusmo
932 2049 946 2084 i
968 2059 1008 2084 re
1030 2049 1045 2083 i
1070 2049 1103 2083 si
1122 2048 1321 2095 praebitis,
1336 2050 1481 2085 omnino
1505 2050 1635 2085 irritae
1652 2053 1759 2086 erunt
1765 2062 1780 2092 ;
1811 2060 1979 2096 maqnam
2005 2061 2049 2085 ue
2071 2050 2306 2095 maqistratus
2328 2051 2464 2086 solvent

247 2105 414 2141 poenam,
438 2094 469 2129 si
493 2105 556 2129 eas
580 2094 724 2129 omnino
747 2094 981 2140 susceperint.
1066 2105 1156 2140 eque
1179 2094 1278 2140 quod
1297 2095 1440 2140 factum
1464 2099 1517 2138 est
1538 2095 1667 2138 solum,
1690 2095 1755 2130 sed
1773 2095 1879 2130 etiam
1903 2105 1975 2141 quo
1987 2095 2190 2175 afuturum
2212 2099 2267 2131 est
2283 2106 2462 2131 sanamus.

250 2140 392 2176 Etenim
423 2139 456 2175 si
482 2143 613 2185 postea
645 2138 733 2185 quid
762 2139 935 2175 eiusmodi
967 2139 1179 2185 quibusdam
1210 2150 1259 2175 ex
1289 2141 1423 2175 nostris
1452 2140 1622 2176 subiectis
1648 2140 1872 2186 praebeatur
1902 2139 1958 2176 vel
2025 2140 2053 2175 ii
2083 2139 2150 2176 ulli
2182 2150 2306 2176 eorum
2335 2140 2465 2187 quibus

247 2197 361 2233 supra
382 2184 636 2220 interdiximus
659 2185 710 2227 (in
734 2185 875 2231 quibus,
899 2185 956 2220 uti
975 2185 1109 2221 dictum
1133 2189 1202 2227 est,
1235 2186 1343 2221 etiam
1366 2185 1536 2221 ecclesias
1557 2189 1594 2221 et
1614 2185 1833 2221 venerabilia
1856 2185 2077 2221 monasteria
2107 2189 2144 2221 et
2171 2195 2299 2221 sacras
2320 2189 2466 2222 nostras

247 2232 375 2267 domos
399 2234 434 2266 et
455 2241 582 2266 sacras
608 2230 777 2277 privatas
807 2234 845 2265 et
864 2241 1008 2265 sacrum
1029 2230 1297 2277 patrimonium
1326 2230 1685 2278 comprehendimus),
1716 2241 1761 2266 ne
1784 2230 1838 2266 illi
1861 2230 2003 2276 quidem
2027 2231 2171 2266 omnino
2202 2241 2243 2266 re
2262 2230 2466 2276 potientur:

247 2278 386 2322 eritque
410 2275 497 2311 haec
526 2275 588 2311 lex
614 2286 708 2322 quac
730 2286 844 2321 usque
867 2287 1011 2322 quaque
1034 2286 1137 2311 suam
1159 2276 1229 2311 vim
1259 2276 1352 2312 iuste
1372 2276 1547 2312 extendat
1569 2285 1614 2311 ac
1634 2275 1742 2311 simul
1763 2279 1800 2311 et
1816 2275 1949 2321 futura
1973 2280 2072 2312 certa
2091 2276 2287 2311 constituat
2308 2280 2343 2312 e!
2354 2287 2466 2323 prae-

248 2323 272 2359 3
320 2322 434 2358 teritis
456 2320 650 2357 medeatur.
744 2320 883 2357 Scitote
905 2321 919 2355 i
945 2323 1018 2357 itur
1042 2331 1163 2356 omnes
1186 2321 1320 2357 subditi
1368 2332 1585 2367 uoscumque
1614 2320 1703 2356 deus
1726 2325 1762 2357 et
1783 2320 1982 2356 maioribus
2004 2321 2141 2356 nostris
2171 2326 2206 2357 et
2228 2320 2332 2356 nobis
2354 2321 2466 2357 dona·

248 2368 316 2410 vit,
352 2379 419 2403 nos
451 2366 545 2402 hanc
577 2366 689 2413 leqem
720 2366 833 2402 latam
864 2378 907 2402 vo
933 2367 965 2402 is
995 2366 1085 2402 dare
1116 2377 1254 2403 omnem
1289 2378 1332 2402 vo
1357 2367 1389 2402 is
1419 2368 1647 2402 securitatem
1676 2366 1973 2412 qratifieaturos;
2007 2377 2072 2402 nec
2101 2377 2165 2401 vos
2194 2365 2306 2413 lonqa
2335 2366 2468 2402 itinera

247 2414 416 2456 facturos
447 2423 523 2447 esse
553 2423 618 2447 nec
649 2411 821 2448 adversus
845 2412 1073 2458 potentiores
1104 2412 1365 2448 lamentaturos
1396 2423 1462 2448 nec
1488 2423 1556 2447 nos
1585 2411 1870 2458 reprehensuros
1906 2416 1948 2447 ut
1977 2412 2040 2458 qui
2071 2411 2160 2447 haec
2190 2422 2264 2447 non
2292 2422 2466 2448 sanemus.

250 2458 323 2493 Sed
344 2458 521 2503 unusquis
547 2469 591 2492 ue
614 2469 634 2492 e
655 2458 866 2504 propinquo
890 2457 1012 2493 videns
1030 2468 1191 2504 poenam
1214 2457 1259 2493 de
1282 2457 1337 2499 iis,
1362 2457 1493 2503 quibus
1514 2457 1617 2503 forte
1641 2457 1808 2492 laedatur
1830 2456 1886 2493 vel
1908 2457 2039 2492 damno
2064 2456 2264 2502 afficiatur,
2295 2460 2469 2493 statutam

249 2509 284 2538 et
314 2503 486 2538 medelam
540 2503 571 2537 is
600 2502 750 2538 allatam
779 2503 977 2550 respiciens
1004 2513 1174 2549 maqnum
1204 2506 1240 2538 et
1268 2502 1399 2538 bonum
1429 2502 1534 2538 deum
1562 2501 1807 2549 praedicabit,
1839 2503 1903 2549 qui
1934 2513 2002 2538 nos
2032 2501 2231 2538 illustravit
2258 2505 2300 2538 ut
2321 2501 2410 2538 haec
2434 2507 2471 2538 et

246 2547 399 2595 pulchre
417 2552 453 2583 et
471 2548 563 2583 iuste
582 2548 813 2583 sanciremus.
862 2547 952 2584 Esto
968 2552 1086 2583 autem
1102 2558 1229 2594 poena
1248 2547 1521 2594 maqistratibus
1543 2549 1609 2594 qui
1630 2547 1720 2584 haec
1738 2547 1950 2593 delinquant
1969 2547 2027 2583 vel
2042 2546 2247 2594 neqleqant,
2271 2550 2308 2583 et
2323 2547 2469 2583 amns-sio

249 2594 483 2639 maqistratus
506 2597 540 2628 et
562 2592 681 2628 decem
705 2594 791 2628 auri
811 2593 985 2629 librarum
1007 2593 1130 2628 multa.

386 2637 423 2672 Ε
423 2638 622 2684 piloqus.
673 2638 933 2674 Gloriosissimi
953 2639 1067 2684 iqitur
1083 2638 1268 2684 praefecti
1291 2648 1396 2674 sacro
1420 2641 1546 2673 nostro
1565 2640 1756 2684 praetorio
1779 2638 1844 2684 qui
1867 2637 1998 2684 ubique
2020 2638 2060 2673 in
2079 2637 2219 2673 dicione
2235 2640 2362 2673 nostra
2383 2640 2470 2673 sunt

250 2683 344 2719 hanc
368 2683 480 2729 leqem
504 2687 762 2728 coqnoscentes
784 2684 822 2717 in
846 2683 1067 2719 dioecesibus
1089 2695 1184 2736 quae
1206 2683 1271 2718 sub
1295 2684 1386 2729 ipsis
1407 2687 1492 2718 sunt
1507 2688 1734 2730 proponent,
1766 2687 1802 2718 et
1824 2683 1862 2717 in
1882 2681 1996 2718 Italia
2020 2686 2098 2718 tota
2121 2686 2157 2718 et
2177 2682 2217 2716 in
2238 2681 2356 2728 Libya
2378 2681 2471 2718 etin

249 2728 377 2764 insulis
400 2731 436 2763 et
457 2728 495 2762 in
514 2727 658 2764 Oriente
681 2733 715 2763 et
738 2732 912 2774 quantum
936 2730 973 2763 in
994 2726 1145 2775 Illyrico
1170 2734 1240 2771 est;
1264 2733 1374 2774 atque
1395 2728 1509 2764 scient
1527 2738 1661 2770 omnes,
1684 2727 1867 2774 quomodo
1897 2727 1980 2774 'psis
2023 2727 2274 2774 rospiciamus,
2297 2737 2378 2762 cum
2399 2726 2468 2763 deo

250 2775 315 2820 qui
337 2773 426 2809 haec
450 2777 552 2808 tanta
576 2773 678 2809 nobis
727 2773 868 2808 raebuit
892 2773 1089 2819 offeramus
1113 2774 1236 2827 leqem,
1270 2784 1364 2819 quae
1386 2784 1555 2820 maqnum
1577 2772 1682 2808 nobis
1702 2773 1948 2819 patrocinium
1996 2778 2105 2808 atura
2127 2775 2182 2808 est
2200 2782 2273 2818 pro
2296 2770 2471 2808 nobismet

249 2820 340 2866 ipsis
363 2819 428 2864 qui
450 2818 538 2853 talia
555 2829 629 2865 pro
652 2829 694 2853 sa
710 2823 769 2854 ute
791 2818 1016 2854 subditorum
1038 2830 1280 2855 sanxerimus.

298 2902 312 2933 1
341 2900 400 2931 καὶ
425 2911 480 2931 om.
496 2910 515 2934 ς
530 2897 542 2941 ΙΙ
567 2908 641 2930 τισι
666 2911 723 2930 om.
738 2898 774 2930 B
789 2896 802 2941 ΙΙ
829 2899 848 2930 5
874 2894 1063 2940 γινόμενον
1079 2898 1170 2939 Β(ς)
1187 2898 1199 2941 ΙΙ
1215 2894 1329 2941 μόνον

252 2958 309 2978 om.
321 2944 356 2977 B
368 2943 380 2983 ΙΙ
400 2939 665 2987 θεραπεύομεν]
679 2942 898 2975 medebuntur
910 2955 929 2978 ς
940 2943 952 2986 ΙΙ
970 2944 990 2976 6
1004 2938 1094 2975 ἀλλὰ
1105 2944 1176 2983 καὶ]
1196 2946 1257 2975 καὶ
1269 2955 1327 2976 om.

250 2991 283 3023 L
298 2989 311 3033 ΙΙ
330 2992 348 3022 7
362 2987 384 3031 ἢ
403 2988 526 3033 ἑτέρῳ]
547 2983 705 3031 ἡμετέρῳ
721 2988 769 3020 B⁶
786 2987 799 3030 ΙΙ
817 2990 836 3022 9
850 2990 910 3020 καὶ
926 2985 1120 3029 ἐκκλησίας]
1139 2990 1199 3020 καὶ
1215 3001 1272 3021 om.
1283 3001 1302 3024 ς
1317 2987 1330 3033 ΙΙ

255 3037 352 3078 10sq.
370 3035 430 3074 καζ
445 3032 507 3067 τὰς
524 3031 628 3066 θείας
648 3035 851 3077 περιουσίας
866 3034 926 3065 καὶ
944 3030 1007 3065 τὸν
1022 3031 1127 3065 θεῖον
1140 3031 1329 3077 θησαυρόν

253 3082 286 3113 Β
303 3080 315 3118 ΙΙ
337 3083 373 3114 11
390 3075 490 3112 οὗτοι
503 3098 543 3102 -
562 3079 602 3111 12
614 3074 865 3120 κρατήσουσιν]
882 3078 944 3110 1100
956 3096 1000 3101 -
1013 3077 1137 3110 valebit
1149 3091 1167 3114 ς
1185 3077 1199 3120 ΙΙ
1224 3079 1264 3112 13
1278 3075 1328 3111 δι-

251 3128 359 3158 καίαν
373 3125 404 3158 L
422 3125 434 3168 ΙΙ
451 3126 623 3157 ἐκτείνειν
637 3123 683 3155 L¹
700 3122 712 3166 ΙΙ
739 3124 779 3156 14
804 3119 927 3167 ἀφανῆ
938 3123 988 3155 L⁰
1005 3122 1018 3166 ΙΙ
1036 3120 1237 3167 παρελθών
1251 3124 1301 3156 L⁰
1318 3128 1329 3167 ΙΙ

256 3173 294 3205 15
317 3170 462 3213 ἐπήκοοι
474 3170 524 3202 L⁰
542 3168 555 3213 ΙΙ
580 3170 621 3202 16
640 3170 699 3201 καὶ
719 3163 803 3210 ἡμῖν
816 3168 873 3208 Μ]
898 3164 981 3211 ἡμῖν
1002 3180 1042 3201 τε
1062 3168 1131 3201 LB
1147 3169 1158 3210 ΙΙ
1189 3170 1227 3201 17
1246 3165 1329 3211 ἡμῖν

252 3218 303 3250 Βε
318 3215 331 3260 ΙΙ
350 3211 434 3259 ἡμῖν
447 3215 497 3248 B‘
514 3214 527 3258 ΙΙ
545 3215 586 3249 18
608 3210 883 3258 ὁδοιπορήσεται
904 3221 933 3246 et
954 3215 994 3247 19
1011 3209 1226 3256 δακρύσεται
1246 3214 1295 3246 L¹
1318 3213 1330 3257 ΙΙ

251 3259 368 3306 μακρὰ
385 3261 428 3294 Μ
441 3259 454 3305 ΙΙ
472 3262 512 3294 19
524 3257 723 3304 μέμψασθε
747 3257 979 3303 (μέμψασθαι
993 3258 1052 3300 L¹)
1077 3258 1108 3290 L
1125 3258 1138 3301 ΙΙ
1164 3259 1201 3292 21
1218 3255 1329 3300 τύχην

252 3309 303 3340 La
321 3307 334 3350 ΙΙ
358 3308 400 3340 22
427 3307 486 3350 leq.
510 3305 626 3338 ταῦτα
650 3301 950 3348 θεραπευόμεναῖ
975 3302 1100 3346 (ταύτῃ
1126 3301 1329 3347 θεραπείαν

251 3354 447 3398 γενομένην
472 3352 552 3384 coni.
569 3350 768 3390 Zachariae)
794 3347 807 3392 ΙΙ
832 3350 924 3394 μέγα
942 3349 971 3381 L
997 3349 1010 3392 ΙΙ
1038 3349 1079 3382 23
1106 3347 1209 3381 θεῶν
1233 3350 1283 3381 La
1318 3349 1330 3393 ss

254 3401 296 3431 25
321 3400 394 3430 τοῖς
418 3397 546 3437 ταῦτα]
572 3395 652 3427 talia
674 3406 693 3430 ς
722 3393 735 3438 ΙΙ
763 3395 983 3437 προϊεμένοις
1000 3393 1059 3435 Μ]
1085 3396 1330 3438 προσιεμένοις

252 3444 343 3478 LBs
364 3443 376 3486 {l
407 3445 449 3477 26
474 3442 584 3474 decem
608 3440 767 3473 librarum
791 3439 865 3471 auri
889 3436 967 3481 ἦτοι
991 3439 1114 3481 ζημία,
1145 3451 1171 3471 s.
1188 3452 1216 3471 v.
1243 3436 1329 3471 δέκα

254 3487 387 3533 λιτρῶν
411 3490 557 3532 χρυσίου
583 3487 628 3519 Μ
658 3483 742 3519 δέκα
767 3482 901 3529 λιτρῶν
924 3486 1068 3530 χρυσίου
1093 3484 1202 3526 ζημία
1226 3485 1295 3517 LB
1317 3483 1330 3528 ss

254 3535 297 3567 28
322 3530 503 3574 *ὕπαρχοι
517 3532 589 3565 ML
608 3530 620 3576 [Ι
637 3534 679 3566 30
700 3526 975 3575 προσθήσουσιν
992 3531 1022 3563 L
1041 3531 1054 3572 ΙΙ
1069 3531 1111 3563 31
1134 3529 1174 3562 ἐν
1192 3532 1269 3563 ταῖς
1285 3548 1327 3553 -

254 3565 482 3620 διοικήσεσῖν]
501 3581 533 3610 et
549 3588 607 3620 per
623 3579 656 3618 (i.
672 3590 697 3610 e.
719 3576 759 3611 ἔν
778 3589 819 3609 τε
838 3576 926 3617 ταῖς)
950 3575 1107 3608 dioecesis
1131 3587 1150 3611 ς
1168 3578 1181 3618 ΙΙ
1197 3575 1260 3608 ἐπί
1276 3577 1328 3616 τε]

254 3625 317 3657 ἐπί
332 3637 371 3656 τε
395 3625 454 3656 τοῦ
470 3624 516 3656 L¹
539 3624 552 3666 ΙΙ
578 3625 621 3657 36
634 3622 788 3662 ἑαυτῶν]
809 3622 855 3654 eis
867 3623 901 3662 (i.
916 3634 942 3654 e.
958 3618 1095 3663 αὐτῶν)
1108 3632 1127 3656 ς
1145 3620 1157 3663 ΙΙ
1179 3619 1329 3653 τοιαῦτα

255 3669 297 3701 Μ
304 3671 333 3709 ς]
359 3671 430 3701 τοῖς
454 3669 569 3701 ταῦτα
584 3669 614 3701 L
638 3668 651 3712 ΙΙ
680 3670 720 3701 37
747 3667 818 3709 τῆς]
839 3668 912 3699 τοῖς
929 3667 984 3708 Μ,
1013 3666 1075 3709 τῆς
1099 3674 1128 3699 et
1151 3668 1329 3711 σωτηρίας

1397 2911 1455 2931 om.
1469 2897 1501 2931 L
1516 2896 1530 2941 ΙΙ
1547 2897 1592 2931 38
1609 2895 1902 2938 constantinupoli
1917 2896 1960 2929 M
1980 2895 1993 2940 ΙΙ
2015 2897 2057 2931 39
2076 2896 2142 2928 dat.
2159 2896 2192 2931 k.
2207 2896 2284 2930 Iun.
2298 2896 2364 2930 ΟΡ.
2384 2898 2417 2930 in
2431 2896 2473 2929 M

1397 2944 1515 2976 omissa
1533 2955 1572 2996 ⁶2²³
1584 2942 1701 2978 sadd-
1713 2942 1818 2996 υ1ι19.;
1831 2938 1978 3018 ’ἐγῖᾴφη
2001 2937 2196 2993 καλανδῶν
2216 2935 2375 2992 Ἰουλίων
2393 2941 2470 2975 ΔιΙι.

1397 2985 1613 3031 ἐξεφωνηθη
1635 2987 1723 3030 μηνὶ
1743 2997 1867 3028 ιουνιῳ
1913 2987 2004 3019 head.
2020 2985 2033 3029 ΙΙ
2051 2997 2130 3029 imp.
2145 2985 2199 3019 dn.
2213 2985 2403 3019 Iustiniano
2414 2997 2469 3029 pp.

1396 3043 1472 3074 aug.
1486 3042 1563 3065 ann.
1578 3031 1648 3064 XII
1666 3031 1818 3064 Iohanno
1831 3041 1882 3063 110.
1897 3040 2001 3064 conss.
2016 3031 2063 3064 Μ
2064 3032 2119 3073 (ς),
2135 3027 2317 3074 βασιλείας
2328 3028 2470 3064 Ἰουστι-

1396 3071 2163 3156 eruutfifffflz‘ffsjffawsest
2177 3075 2352 3155 §rer
2367 3078 2469 3119 Μ·-

1445 3216 1461 3248 1
1477 3215 1565 3247 rubr.
1589 3213 1639 3246 De
1658 3213 1708 3245 his
1725 3212 1847 3254 quibus
1868 3212 1931 3244 fori
1949 3212 2166 3254 praescriptio
2185 3212 2368 3254 denegatur
2388 3212 2421 3244 R
2437 3214 2470 3246 in

1397 3258 1653 3302 mar9.(e:c1ul.)
1671 3258 1684 3300 ΙΙ
1707 3258 1727 3291 2
1749 3257 1914 3299 largitatis
1927 3257 1975 3290 R¹
1994 3255 2007 3301 ΙΙ
2030 3258 2051 3292 3
2070 3257 2194 3289 infirmi
2215 3257 2262 3290 V¹
2278 3256 2291 3301 ΙΙ
2317 3260 2336 3291 5
2356 3256 2404 3298 fit]
2427 3257 2472 3290 sit

1396 3303 1444 3337 1³¹
1464 3302 1477 3348 ss
1492 3302 1695 3336 medebimur
1708 3303 1801 3336 Beck
1817 3302 1831 3346 ΙΙ
1848 3304 1881 3335 et
1900 3302 1988 3344 quod
2009 3302 2053 3343 V]
2080 3302 2168 3343 quod
2185 3302 2283 3335 etiam
2306 3302 2407 3336 Rvul
2428 3329 2435 3336 .
2460 3301 2472 3347 ΙΙ

1397 3350 1418 3382 6
1430 3348 1459 3381 si
1474 3361 1532 3381 om.
1543 3349 1591 3381 R¹
1610 3347 1622 3393 ΙΙ
1639 3350 1658 3383 8
1671 3348 1897 3381 conuertimur
1918 3347 1974 3391 Vl}
1995 3349 2035 3381 12
2047 3348 2132 3381 iuste
2149 3360 2206 3381 om.
2225 3346 2279 3391 Vll
2298 3349 2391 3380 osten
2414 3358 2472 3381 ens

1406 3393 1462 3436 Vss
1481 3395 1521 3427 15
1536 3396 1568 3426 et
1589 3393 1649 3435 V³J
1674 3394 1710 3426 in
1723 3393 1815 3427 RV·
1834 3392 1847 3437 ΙΙ
1865 3394 1906 3428 20
1920 3403 2006 3425 unus
2019 3393 2093 3435 quis
2114 3393 2147 3426 V
2158 3393 2171 3435 ΙΙ
2187 3392 2230 3426 22
2242 3391 2366 3425 leditur
2380 3390 2473 3437 RVn

1397 3440 1522 3480 curam]
1543 3438 1584 3472 05
1604 3440 1677 3480 (tle.
1690 3439 1800 3480 causa)
1820 3449 1932 3472 curam
1947 3438 2007 3478 Εὖ,
2030 3439 2089 3482 leq.
2106 3437 2277 3471 curatam?
2296 3437 2308 3480 ΙΙ
2331 3438 2374 3471 24
2389 3436 2470 3470 illu-

1397 3483 1539 3517 minabit
1551 3484 1585 3516 R
1595 3484 1629 3517 V
1639 3484 1652 3527 ΙΙ
1667 3484 1945 3518 commutantibus
1957 3484 2006 3517 R¹
2023 3483 2035 3527 ΙΙ
2055 3485 2097 3518 26
2111 3487 2143 3516 et
2157 3483 2278 3524 decem]
2296 3485 2328 3515 et
2339 3495 2398 3516 om.
2420 3481 2472 3527 Vn

1398 3530 1440 3564 28
1452 3529 1637 3571 gloriosimi
1649 3530 1683 3563 R
1693 3528 1707 3575 1]
1740 3529 1891 3563 raefectis
1906 3529 1958 3572 Vl!
1975 3530 2015 3563 31
2029 3531 2237 3572 praeponant
2254 3527 2303 3571 Vi!
2315 3527 2472 3561 dieooesis

1405 3575 1436 3608 V
1445 3575 1583 3608 diocesis
1592 3574 1701 3620 111132
1713 3540 1838 3608 fibiaR
1847 3573 1893 3619 Vn
1905 3575 1947 3609 33
1961 3574 2084 3607 illirico
2093 3574 2126 3607 R
2136 3574 2183 3616 Vll
2199 3575 2240 3607 35
2253 3572 2415 3615 magnale
2425 3571 2471 3616 Vss

1398 3621 1440 3653 39
1453 3623 1575 3654 subscr.
1614 3628 1737 3654 raestat
1749 3621 1818 3654 cod.
1832 3621 2068 3662 Ambraceneis,
2086 3619 2152 3652 dat.
2167 3618 2232 3651 kal.
2247 3619 2322 3651 Iun.
2337 3619 2470 3661 reliquis

1397 3667 1521 3700 omissis
1538 3633 1695 3711 Vlflust.
1704 3676 1759 3709 pp.
1772 3676 1800 3699 a.
1814 3676 1867 3699 an.
1878 3665 1959 3699 XII.
1973 3666 2123 3699 Iohanne
2136 3663 2201 3698 uic.
2215 3662 2348 3698 consule
2357 3663 2467 3696 Ambr.
