2476 3854
174 106 282 152 Nov.
313 108 431 152 CXII
461 112 482 152 1

1245 108 1331 157 524
2070 125 2131 157 nn
2157 125 2392 160 Lme10s1s

1187 245 1344 282 CAPUT
1363 246 1391 281 Ι.

1383 313 1540 358 Ideoque
1562 313 1742 350 sancimus
1773 313 1964 358 litigiosam
1988 313 2059 349 dici
2081 316 2117 349 et
2138 313 2295 359 intellegi
2315 325 2389 350 rem

1315 357 1481 393 mobilem
1503 357 1558 393 vel
1580 358 1782 394 inmobilem
1805 369 1954 404 seseque
1975 361 2190 403 moventem,
2221 359 2265 394 de
2288 360 2389 396 cuius

1317 403 1469 438 dominio
1495 413 1605 438 causa
1627 404 1720 439 inter
1739 404 1927 449 petitorem
1951 407 1988 439 et
2009 404 2250 448 possidentem
2272 414 2390 440 move·

1315 452 1374 482 tur
1397 452 1461 482 aut
1483 458 1548 492 per
1562 448 1783 485 iudiciariam
1808 449 2073 484 conventionem
2096 452 2160 484 aut
2182 459 2247 494 per
2265 459 2390 494 preces

1284 497 1303 529 5
1316 493 1469 537 principi
1492 493 1631 529 oblatas
1654 497 1691 529 et
1713 495 1912 530 insinuatas
1935 493 2042 529 iudici
2070 504 2113 530 ac
2136 504 2200 539 per
2222 504 2304 529 eum
2325 495 2390 529 ad-

1315 538 1471 573 versario
1503 538 1780 583 interpellatoris
1813 539 1984 583 cognitas.
2030 538 2074 574 In
2096 539 2152 574 his
2180 539 2274 574 enim
2298 539 2390 574 casi-

1315 583 1383 617 bus
1408 583 1514 617 etiam
1537 585 1765 627 praeteritam
1796 584 2085 620 constitutionem
2107 584 2410 620 mansuetudinis*

240 310 310 344 Διά
330 323 387 345 τοι
417 311 525 345 τοῦτο
550 310 786 355 θεσπίζομεν,
817 311 992 355 litigiosov
1015 311 1189 359 λέγεσθαί
1207 327 1249 349 τε

170 358 231 388 καὶ
253 356 421 399 νοεῖσθαι
443 357 591 401 πρᾶγμα
617 357 767 399 κινητὸν
796 354 820 399 ἢ
850 355 1021 399 ἀκίνητον
1052 356 1074 400 ἢ
1106 356 1248 393 αὐτοκί-

170 413 291 442 νητον,
324 401 463 434 οὗτινος
494 403 575 445 περὶ
606 402 668 443 τῆς
698 399 906 436 δεσποτείας
939 403 1083 445 ζήτησις
1112 403 1247 448 μεταξὺ

169 446 233 479 τοῦ
259 447 449 491 ἐνάγοντος
480 449 540 478 καὶ
563 449 757 490 νεμομένου
784 449 937 480 κινεῖται
968 445 991 490 ἢ
1016 446 1074 481 διὰ
1105 446 1248 495 ἀρχικῆς

169 488 403 534 ὑπομνήσεως
432 489 452 532 ἢ
482 488 542 523 διὰ
574 488 734 533 δεήσεων
763 490 906 534 βασιλεῖ
937 493 1247 538 προςενεχθεισῶν

168 538 228 567 καὶ
251 537 303 577 τῷ
322 534 471 582 δικαστῇ
497 535 797 581 ἐμφανισθεισῶν
820 540 880 570 καὶ
904 534 953 570 δι’
973 536 1083 571 αὐτοῦ
1107 540 1160 582 τῷ
1184 535 1246 573 ἆν-

167 577 294 622 τιδίκῳ
323 581 387 613 τοῦ
418 579 681 626 προςελθόντος
711 581 966 627 γνωσθεισῶν.
1014 585 1074 618 ἐπὶ
1104 584 1247 618 τούτων

165 624 236 670 γὰρ
252 626 329 658 τῶν
346 623 524 667 θεμάτων
540 628 600 658 καὶ
616 625 685 668 τὴν
700 629 881 671 προτέραν
897 629 960 670 τῆς
973 625 1084 671 ἡμετέ
1105 640 1144 663 ας
1163 627 1245 673 ἦμε-
1314 631 1458 663 nostrae
1488 628 1639 672 posthac
1669 630 1831 664 volumus
1862 630 2039 672 obtinere,
2074 629 2112 664 in
2144 639 2215 673 qua
2236 629 2389 664 scientes

167 668 315 714 ρότητος
335 668 503 710 διάταξιν
522 671 613 713 μετὰ
629 671 746 705 ταῦτα
762 674 907 715 κρατεῖν
923 641 1145 716 βουλόμεθα,
1168 675 1207 708 έν
1223 666 1246 721 ᾗ
1313 677 1350 708 et
1369 673 1574 716 ignorantes
1595 676 1772 718 emptores
1792 674 2030 710 discrevimus.
2074 674 2125 709 Et
2143 675 2213 710 1100
2232 673 2388 710 adicien-

165 714 247 748 τούς
279 712 420 748 εἰδότας
452 718 511 748 καὶ
541 713 763 761 ἀγνοοῦντας
786 713 989 762 ἀγοραστὰς
1009 715 1244 765 διεκρίναμεν.
1261 721 1301 753 10
1314 718 1396 752 dum
1431 727 1510 753 esse
1544 719 1808 763 perspeximus,
1846 723 1887 754 ut
1921 719 1953 754 si
1987 719 2048 754 lite
2083 719 2127 754 de
2162 729 2201 754 re
2234 719 2389 763 litigiosa

165 757 254 792 ἀλλὰ
279 763 339 793 καὶ
360 761 467 794 τοῦτο
492 760 706 805 προςθεῖναι
725 759 945 804 συνείδομεν,
970 759 1058 797 ὥςτε
1078 764 1177 809 εἴπερ
1193 762 1245 798 δί-
1313 762 1488 807 pendente
1510 763 1691 807 pulsatum
1716 764 1904 808 contigerit
1935 764 1980 799 ab
2004 764 2073 799 hac
2104 765 2185 799 luce
2208 765 2386 808 recedere,

165 816 225 846 κης
249 808 329 849 περὶ
353 805 528 849 litigiosov
558 805 754 851 ἡρτημένης
781 807 901 853 συμβῇ
932 807 1001 842 τὸν
1025 807 1245 855 ἐναγόμενον
1313 807 1463 843 heredes
1494 812 1613 843 autem
1643 808 1719 844 eius
1750 809 1838 844 velle
1871 809 2075 845 divisionem
2109 819 2226 844 rerum
2255 808 2387 853 facere,

164 847 391 894 τελευτῆσαι,
432 851 514 884 τοὺς
549 848 590 884 δὲ
624 847 735 885 αὐτοῦ
770 850 1009 896 κληρονόμους
1043 853 1243 897 βούλεσθαι
1313 853 1389 888 81118
1413 853 1532 897 aliquo
1557 854 1740 889 obstaculo
1771 854 1878 890 liceat
1911 854 1963 889 eis
1986 854 2054 890 1100
2123 863 2193 890 ere.
2238 854 2387 898 Quando

164 892 293 928 διελεῖν
324 895 370 929 τὰ
402 895 616 942 πράγματα,
653 895 927 940 ἀνεμποδίστως
963 898 1094 938 ἐξεῖναι
1126 899 1245 933 αὐτοῖς
1313 898 1405 932 enim
1427 907 1484 933 res
1508 898 1683 942 litigiosae
1704 908 1768 943 per
1784 899 2045 935 successionem
2067 909 2089 934 a
2136 899 2285 934 heredes
2307 908 2387 944 per-

163 940 272 974 τοῦτο
297 937 601 985 διαπράττεσθαι.
649 939 757 984 ἡνίκα
779 941 849 987 γὰρ
873 942 1025 986 litigiosa
1047 943 1244 989 πράγματα
1259 946 1299 978 15
1312 943 1473 986 veniunt,
1510 953 1581 978 non
1613 943 1718 979 debet
1748 943 1915 979 alienatio
1949 943 2106 988 intellegi
2140 953 2262 979 earum
2294 944 2389 979 inter

163 984 256 1017 κατὰ
273 983 445 1028 διαδοχὴν
461 987 508 1019 εἰς
523 985 763 1040 κληρονόμους
779 990 1013 1032 περιέρχεται,
1029 985 1093 1022 οὐκ
1108 986 1244 1035 ὀφείλει
1314 988 1505 1023 coheredes
1540 988 1677 1024 divisio.
1724 989 1772 1023 Et
1805 989 1875 1024 hoc
1905 993 2025 1024 autem
2057 989 2239 1033 praesenti
2266 992 2389 1024 nostra·

163 1030 343 1072 ἐκποίησις
365 1031 534 1064 νοεῖσθαι
564 1044 586 1074 η
616 1031 760 1066 τούτων
789 1033 924 1075 μεταξὺ
955 1034 1033 1067 τῶν
1056 1033 1244 1080 συγκληρο-
1311 1033 1389 1077 lege
1409 1033 1641 1077 decernimus,
1665 1035 1707 1069 ut
1727 1033 1759 1069 si
1776 1033 1964 1078 contigerit
1981 1043 2092 1068 111111111
2114 1044 2181 1078 pro
2197 1033 2262 1069 tuli
2279 1043 2390 1069 causa

162 1074 290 1128 νόμων
322 1073 500 1121 διαίρεσις.
555 1079 628 1110 Καὶ
659 1078 766 1111 τοῦτο
803 1075 843 1110 δὲ
874 1075 935 1110 διὰ
967 1079 1031 1112 τοῦ
1064 1077 1245 1125 παρόντος
1312 1078 1507 1122 litigantem
1530 1078 1577 1113 ab
1596 1079 1750 1115 humano
1775 1079 1956 1114 consortio
1979 1079 2203 1114 recedentem
2223 1088 2292 1132 >per·
2305 1078 2389 1114 ulti-

162 1121 265 1163 ημῶν
295 1119 409 1164 νόμου
441 1121 679 1165 θεσπίζομεν,
710 1118 798 1156 diste
829 1123 860 1155 εἰ
883 1126 1040 1167 συμβαίη
1073 1126 1137 1158 ἕνα
1167 1126 1245 1158 τῶν
1312 1133 1406 1158 mam
1430 1123 1648 1159 voluntatem
1671 1133 1729 1159 res
1753 1124 1903 1169 aliquas,
1931 1123 1975 1160 de
1999 1124 2128 1168 quibus
2153 1123 2300 1159 domnii
2322 1123 2389 1159 dn-

162 1168 245 1211 περὶ
267 1165 445 1200 τοιούτων
469 1166 697 1212 πραγμάτων
721 1165 968 1211 δικαζομένων
991 1170 1069 1202 τῶν
1093 1167 1243 1215 οἱνθρω-
1258 1171 1299 1204 20
1312 1169 1437 1203 bitatio
1461 1169 1620 1211 vertitur,
1652 1168 1760 1214 legati
1782 1169 1923 1205 nomine
1947 1170 2158 1214 cuicumque
2177 1168 2388 1214 relinquere,

161 1214 282 1244 πίνων
306 1207 466 1245 ἀπιόντα
486 1213 714 1257 πραγμάτων
738 1211 798 1246 διὰ
816 1212 1021 1247 τελευταίας
1043 1213 1244 1258 βουλήσεως
1312 1213 1487 1258 siquidem
1521 1214 1624 1249 heres
1659 1214 1819 1249 iudiciali
1852 1214 2031 1250 sententia
2067 1213 2231 1250 dominus
2265 1221 2390 1249 earum

161 1255 359 1302 πράγματά
393 1270 495 1301 τινα,
533 1261 615 1302 περὶ
651 1257 706 1291 ὠν
740 1256 950 1292 δεσποτείας
985 1255 1244 1305 οἷμφιςβήτησις
1311 1259 1423 1293 fuerit
1462 1259 1743 1302 demonstratus,
1783 1263 1870 1295 tunc
1904 1259 2097 1304 legatarius
2135 1259 2232 1304 quod
2264 1259 2300 1294 ei
2331 1268 2388 1294 re-

161 1304 331 1343 κινεῖται,
363 1298 519 1345 ὀνόματι
543 1301 693 1348 λεγάτου
724 1306 799 1336 τινὶ
822 1302 1046 1347 καταλιπεῖν,
1077 1306 1110 1338 εἰ
1131 1306 1198 1348 μὲν
1221 1302 1241 1338 ὁ
1311 1304 1435 1339 lictum
1458 1308 1513 1339 est
1535 1304 1648 1339 modis
1672 1304 1836 1341 omnibus
1861 1307 2111 1349 consequatur.
2157 1304 2197 1340 Si
2219 1313 2302 1340 vero
2326 1303 2387 1339 lle-

161 1343 378 1400 κληρονόμος
401 1347 495 1380 κατὰ
520 1344 732 1391 δικαστικὴν
763 1349 887 1393 ψῆφον
911 1346 1089 1391 δεσπότης
1119 1347 1244 1384 αὐτῶν
1311 1358 1367 1383 res
1391 1349 1431 1384 in
1452 1348 1584 1384 iudicio
1609 1349 1724 1385 victus
1748 1350 1921 1392 extiterit,
1947 1360 2020 1385 11011
2042 1350 2175 1384 habeat
2195 1348 2388 1393 legatarius

160 1389 413 1434 αποδειχθείη,
444 1393 645 1434 τηνικαῦτα
675 1393 743 1427 τὸν
772 1391 988 1439 λεγατάριον
1019 1390 1110 1439 ὅπερ
1142 1391 1243 1437 αὐτῷ
1257 1396 1297 1429 25
1311 1395 1428 1429 10011111
1453 1394 1557 1429 aliam
1581 1404 1655 1429 rem
1678 1405 1744 1439 pro
1765 1395 1890 1430 eodem
1912 1395 2029 1438 legato
2049 1394 2215 1430 heredem
2237 1395 2387 1440 exigere,

160 1436 438 1471 καταλέλειπται
462 1438 555 1471 πᾶσι
577 1436 726 1483 τρόποις
745 1439 979 1482 κομίζεσθαι·
1005 1441 1036 1472 εἰ
1056 1437 1096 1473 δὲ
1117 1437 1136 1473 ὁ
1161 1438 1242 1482 κλη-
1311 1439 1478 1483 quoniam
1517 1440 1635 1475 sciens
1673 1443 1824 1475 testator
1862 1449 1936 1475 rem
1974 1439 2162 1484 litigiosam
2196 1449 2277 1475 esse
2313 1439 2388 1475 litis

160 1482 310 1526 ρονόμος
325 1483 365 1515 ἑν
383 1480 603 1527 δικαστηρίῳ
621 1483 689 1525 τὴν
704 1480 841 1526 ἥττονα
858 1485 983 1529 ψῆφον
999 1480 1242 1532 οἷπενέγκοιτο,
1310 1488 1474 1519 eventum
1497 1484 1668 1529 legatario
1694 1485 1889 1530 dereliquit.
1938 1484 2040 1520 Unde
2063 1484 2187 1520 damus
2209 1484 2390 1520 licentiam

159 1526 208 1570 μὴ
231 1528 325 1580 ἔχειν
346 1527 471 1573 χώραν
495 1528 563 1561 τὸν
587 1527 801 1574 λεγατάριον
832 1530 956 1574 ἕτερον
979 1530 1128 1576 πρᾶγμα
1151 1527 1243 1575 ὑπὲρ
1309 1529 1493 1573 legatario,
1525 1530 1555 1564 si
1578 1530 1648 1566 1100
1671 1530 1843 1574 prodesse
1866 1530 1934 1566 sibi
1957 1530 2150 1575 putaverit,
2180 1529 2253 1565 litis
2277 1529 2388 1575 parti·

159 1573 224 1605 τοῦ
247 1574 358 1605 αυτοῦ
383 1571 532 1618 λεγάτου
556 1573 623 1607 τὸν
642 1572 866 1618 κληρονόμον
888 1574 1123 1620 εἰςπροὶττειν,
1148 1576 1243 1610 ἐπει·
1313 1574 1427 1619 cipem
1450 1574 1543 1617 fieri,
1576 1585 1621 1609 ne
1645 1575 1801 1620 aliquam
1823 1575 1917 1610 forte
1940 1575 2193 1620 neglegentiam
2216 1584 2282 1610 seu
2303 1584 2387 1654 liro-

161 1615 275 1662 δὴπερ
298 1615 400 1651 εἰδώς
424 1615 443 1650 ὁ
470 1615 685 1661 διαθέμενος
712 1618 755 1652 τὸ
780 1620 931 1664 πρᾶγμα
953 1620 1128 1664 litigiosam
1150 1620 1243 1654 εἶναι
1255 1621 1298 1654 30
1312 1619 1480 1654 ditionem
1510 1620 1632 1655 heredi
1663 1620 1777 1666 possit
1805 1621 1958 1656 obicere.
2003 1622 2060 1655 Ab
2083 1621 2152 1655 hoc
2174 1623 2299 1660 sutem,
2331 1620 2387 1655 'ti-

160 1662 229 1704 τὴν
244 1663 307 1705 τῆς
323 1660 420 1705 δίκης
441 1664 591 1707 ἔκβασιν
611 1665 666 1706 τῷ
686 1662 887 1710 λεγαταριῳ
909 1664 1110 1700 κατέλιπεν.
1149 1662 1243 1699 ὅθεν
1309 1664 1399 1709 giosi
1422 1665 1595 1700 vocabulo
1619 1665 1839 1710 hypothecas
1863 1665 2024 1710 separari
2045 1665 2267 1701 decernimus
2291 1667 2329 1700 et
2350 1665 2388 1700 in

160 1705 307 1751 δίδομεν
341 1705 468 1741 ἄδειαν
503 1709 555 1751 τῷ
594 1707 814 1755 λεγαταρίῳ,
853 1710 885 1743 εἰ
918 1711 1025 1745 τοῦτο
1061 1713 1243 1764 συμφέρον
1310 1710 1365 1744 his
1389 1709 1483 1744 hanc
1507 1709 1771 1746 distinctionem
1794 1713 1928 1754 tenere,
1952 1714 1991 1746 ut
2009 1710 2041 1746 si
2056 1710 2197 1756 quidem
2216 1710 2387 1755 speciales

159 1753 279 1795 ἑαυτῷ
317 1751 507 1798 ἡγήσαιτο,
538 1757 690 1796 μέτοχον
719 1754 891 1800 γίνεσθαι
922 1756 985 1811 τῆς
1009 1753 1122 1799 δίκης,
1154 1752 1243 1789 eivers
1309 1765 1367 1790 res
1396 1755 1545 1790 mobiles
1569 1755 1623 1790 vel
1645 1755 1833 1791 inmobiles
1864 1760 1928 1790 aut
1956 1765 1995 1791 88
2017 1759 2198 1791 moventes
2228 1755 2387 1790 nomina·

158 1797 208 1841 μή
231 1810 317 1831 τινα
340 1798 450 1840 τυχὸν
474 1795 643 1841 ἀμέλειαν
664 1796 687 1842 ἢ
705 1797 906 1844 προδοσίαν
926 1800 1039 1834 αυτὸν
1056 1799 1242 1835 δύνασθαι
1309 1800 1373 1835 tim
1409 1799 1542 1835 fuerint
1580 1800 1804 1846 hypothecae
1839 1801 2066 1845 suppositae,
2105 1800 2211 1835 liceat
2245 1799 2387 1844 quidem

158 1844 212 1885 τῷ
234 1842 445 1887 κληρονόμῳ
470 1840 713 1878 ἀντιτιθέναι.
766 1841 825 1878 Ἐκ
853 1843 985 1888 ταύτης
1016 1843 1056 1879 δὲ
1085 1847 1148 1888 τῆς
1176 1846 1240 1879 τοῦ
1254 1848 1297 1881 35
1310 1845 1463 1881 debitori
1486 1854 1547 1880 eas
1579 1847 1637 1882 0111
1660 1848 1696 1882 et
1719 1846 1861 1891 quando
1885 1846 2037 1882 voluerit
2059 1845 2226 1889 vendere,
2259 1846 2311 1883 sic
2333 1849 2385 1880 ta·

159 1888 334 1932 litigiosov
358 1892 590 1934 προςηγορίας
619 1889 684 1923 τὰς
707 1887 899 1933 ὑποθήκας
930 1891 1154 1937 κεχωρίσθαι
1177 1890 1242 1924 θε-

159 1935 347 1977 σπίζομεν,
363 1936 422 1966 καὶ
439 1935 479 1967 ἐν
491 1931 641 1968 ταύταις
656 1934 795 1977 ταύτην
807 1938 953 1980 κρατεῖν
967 1935 1037 1979 τὴν
1050 1934 1241 1978 διάστιξιν,

161 1974 249 2012 ὥςτε
268 1979 299 2012 εἰ
314 1981 382 2022 μιέν
397 1976 494 2012 ίδικοὶ
516 1979 714 2025 πράγματα
737 1980 865 2024 κινητὰ
884 1979 908 2023 ἢ
924 1977 1077 2024 ἀκίνητοι
1101 1980 1122 2023 ἢ
1138 1979 1241 2015 αὖτο-

159 2027 288 2065 κίνητα
319 2021 497 2067 ὀνομαστὶ
528 2028 604 2058 ταῖς
635 2023 842 2067 ’ὑποθήκαις
872 2027 1078 2070 ἐμφέροιτο,
1111 2025 1243 2066 ἐξεῖναι

157 2071 225 2112 μὲν
246 2071 298 2111 τῷ
323 2068 484 2116 χρεώστῃ
508 2070 625 2103 ταῦτα
656 2063 688 2112 ᾧ
710 2067 746 2104 τ’
773 2069 821 2104 ἄν
843 2074 904 2104 καὶ
927 2067 990 2104 ὅτε
1019 2069 1091 2116 ἄρα
1113 2070 1297 2115 βουλη-’40

292 2203 321 2238 1.
370 2202 573 2248 Propterea
595 2203 669 2238 iam
691 2202 874 2238 sancimus
905 2202 1102 2249 litiqiosam
1133 2202 1205 2239 dici
1234 2206 1271 2239 et
1296 2203 1459 2250 intelleqi
1486 2214 1562 2239 rem
1590 2197 1755 2239 mobilem
1786 2202 1842 2239 vel
1862 2201 2075 2239 immobilem
2104 2202 2162 2238 vel
2181 2212 2222 2238 se
2242 2213 2383 2239 moven—

159 2254 245 2291 tem,
276 2248 379 2284 cuius
409 2247 453 2284 de
481 2247 640 2284 dominio
671 2248 765 2283 inter
786 2252 946 2283 actorem
976 2253 1011 2283 et
1033 2259 1280 2300 possessorem
1309 2249 1473 2294 quaestio
1505 2254 1667 2285 movetur
1700 2248 1758 2285 vel
1778 2259 1852 2295 per
1874 2247 2077 2283 iudicialem
2107 2246 2387 2284 admonitionem

157 2294 213 2330 vel
232 2304 301 2340 per
321 2297 450 2339 preces
471 2293 685 2339 imperatori
709 2292 851 2328 oblatas
874 2297 908 2329 et
933 2293 1042 2329 iudici
1065 2293 1270 2329 insinuatas
1300 2298 1336 2329 et
1356 2305 1425 2340 per
1447 2305 1527 2329 eum
1550 2293 1760 2330 adversario
1791 2293 1927 2328 actoris
1952 2297 2060 2328 notas
2077 2292 2211 2338 factas.
2259 2290 2307 2327 In
2328 2291 2387 2328 liis

157 2339 250 2375 enim
273 2338 416 2374 casibus
439 2339 546 2374 etiam
564 2339 730 2384 priorem
753 2339 1039 2374 mansuetudinis
1062 2345 1210 2375 nostrae
1233 2339 1523 2374 constitutionem
1553 2338 1708 2385 posthac
1731 2337 1850 2374 valere
1872 2337 2050 2380 volumus,
2083 2338 2120 2372 in
2140 2348 2213 2383 qua
2234 2338 2386 2374 scientes

157 2389 193 2420 et
215 2385 427 2429 iqnorantes
450 2387 631 2429 emptores
655 2383 895 2419 discrevimus.
945 2383 1019 2419 Sed
1048 2383 1117 2420 hoc
1147 2395 1292 2430 quoque
1322 2384 1548 2419 adiciendum
1579 2394 1656 2419 esse
1680 2383 1956 2431 perspeximu5‚
1987 2383 2021 2418 si
2048 2382 2151 2428 forte
2179 2383 2241 2418 tite
2270 2382 2315 2418 de
2345 2393 2386 2418 re

158 2430 317 2475 titiqiosa
367 2428 516 2463 endente
539 2439 624 2463 reus
647 2428 838 2464 decesserit
861 2432 895 2463 et
918 2427 1066 2465 heredes
1089 2429 1165 2466 eius
1188 2439 1248 2464 res
1270 2428 1428 2465 dividere
1450 2429 1579 2471 velint,
1610 2433 1652 2464 ut
1673 2429 1751 2464 sine
1774 2427 2026 2475 impedimento
2052 2427 2121 2463 hoc
2143 2427 2188 2462 iis
2236 2437 2387 2480 eraqere

158 2475 275 2509 liceat.
351 2485 410 2508 um
445 2474 538 2509 enim
572 2484 632 2508 res
667 2473 848 2519 litiqiosae
882 2484 954 2520 per
986 2475 1247 2509 successionem
1286 2474 1336 2509 ad
1367 2474 1516 2509 heredes
1546 2474 1779 2520 perveniant,
1818 2481 1906 2508 non*
1931 2471 2033 2508 debet
2064 2481 2135 2518 pro
2170 2484 2193 2508 a
2207 2479 2387 2509 uenatione

159 2520 284 2555 haberi
306 2519 434 2554 narum
457 2529 579 2554 rerum
602 2519 697 2554 inter
721 2518 914 2554 coheredes
937 2518 1075 2554 divisio.
1124 2518 1225 2555 Illud
1247 2530 1391 2565 quoquc
1413 2518 1481 2554 hac
1505 2523 1631 2555 nostra
1655 2518 1735 2565 leqe
1756 2518 1949 2560 sancimus,
1980 2517 2013 2553 si
2031 2517 2133 2564 forte
2155 2527 2249 2553 unus
2270 2528 2322 2554 σω
2339 2517 2386 2553 iis

158 2565 221 2610 qui
252 2564 297 2599 de
326 2563 501 2599 eiusmodi
530 2563 637 2599 rebus
666 2563 811 2610 litiqant
840 2575 891 2599 ex
918 2563 1085 2599 humanis
1113 2564 1221 2599 rebus
1250 2564 1474 2599 discessurus
1496 2575 1570 2611 per
1597 2564 1758 2599 ultimam
1787 2562 2006 2599 voluntatem
2037 2562 2213 2609 quasdam
2239 2573 2311 2606 res,
2341 2563 2386 2598 de

159 2620 313 2655 quarum
342 2609 501 2643 dominio
532 2609 781 2644 controversia
811 2613 984 2652 movetur,
1020 2609 1132 2656 leqati
1164 2610 1305 2645 nomine
1337 2610 1450 2645 alicui
1477 2609 1682 2655 reliquerit,
1717 2609 1750 2644 si
1772 2606 1914 2654 quidem
1945 2607 2047 2642 heres
2071 2618 2144 2654 per
2172 2607 2385 2644 sententiam

159 2654 362 2689 iudicialem
391 2653 558 2688 dominus
588 2665 712 2688 earum
742 2655 923 2700 probatus
953 2654 1017 2696 sit,
1050 2659 1093 2689 ut
1116 2658 1188 2689 tum
1219 2654 1419 2700 lcqatarius
1449 2655 1547 2700 quod
1569 2656 1602 2689 ei
1624 2654 1788 2689 relictum
1815 2658 1869 2689 est
1893 2652 2057 2688 omnibus
2078 2652 2193 2688 modis
2214 2653 2386 2698 auferat;

160 2700 217 2734 sin
242 2704 359 2734 autem
383 2698 485 2734 Ιιενοε
507 2698 636 2733 iudicis
658 2700 835 2734 sententia
857 2699 1018 2745 inferior
1040 2699 1255 2740 discesserit,
1287 2700 1430 2745 copiam
1454 2710 1527 2734 non
1550 2698 1681 2735 habeat
1703 2698 1904 2751 legatarius
1932 2697 2041 2732 aliam
2064 2708 2140 2733 rem
2163 2709 2239 2744 pro
2262 2697 2385 2734 eodem

161 2745 193 2779 le
220 2749 280 2779 ato
305 2743 348 2778 ab
373 2743 501 2778 lierede
525 2743 714 2790 exiqendi,
747 2744 920 2790 quoniam
952 2748 1106 2780 testator
1135 2745 1251 2780 sciens
1282 2756 1356 2780 rem
1388 2744 1583 2790 litiqiosam
1611 2755 1689 2780 esse
1720 2744 1795 2779 litis
1825 2746 1986 2779 eventum
2018 2742 2197 2788 legatario
2226 2742 2382 2789 reliquit.

166 2755 264 2824 Uiqtde
287 2788 465 2834 leqatario
491 2788 670 2823 licentiam
692 2788 832 2829 damus,
854 2790 889 2824 si
904 2788 973 2825 hoc
989 2789 1169 2835 prodesse
1191 2789 1260 2825 sibi
1278 2790 1470 2831 existimet,
1494 2793 1535 2825 ut
1553 2790 1741 2841 particeps
1759 2789 1828 2834 fiat
1849 2787 1932 2829 litis,
1956 2798 2001 2822 ne
2016 2797 2125 2834 quam
2140 2788 2243 2834 forte
2266 2787 2384 2834 nealc-

160 2834 319 2879 qsentiam
352 2834 407 2868 vet
434 2833 626 2878 perfidiam
658 2832 781 2868 heredi
807 2835 926 2880 possit
957 2845 1150 2881 opponere.
1202 2835 1256 2870 Ab
1288 2834 1357 2869 hac
1386 2845 1470 2870 vero
1503 2834 1654 2880 lituqiosi
1690 2845 1713 2869 a
1733 2833 1936 2880 pellatione
1967 2831 2188 2884 hypothecas
2217 2832 2388 2879 separari

160 2879 351 2919 sancimus,
376 2883 485 2922 atque
507 2878 546 2911 in
569 2878 614 2912 iis
638 2877 732 2914 hanc
755 2878 1019 2914 distinctionem
1044 2879 1174 2921 valere,
1206 2882 1248 2915 ut
1269 2880 1302 2914 si
1323 2879 1498 2925 speciales
1521 2890 1580 2914 res
1602 2879 1697 2915 mobi
1712 2888 1750 2914 es
1772 2877 1829 2914 vel
1850 2876 2046 2913 immobiles
2069 2876 2127 2912 vel
2146 2887 2185 2912 se
2206 2881 2385 2913 moventes

162 2924 372 2959 nominatim
397 2922 607 2968 hypothecis
629 2929 894 2968 supponantur,
925 2924 1081 2959 debitori
1108 2935 1171 2959 eas
1202 2924 1411 2970 cuicumque
1438 2929 1476 2960 et
1503 2924 1651 2970 quando
1681 2923 1766 2959 velit
1795 2921 1948 2958 vendere
1970 2922 2091 2965 liceat,
2120 2921 2174 2957 ita
2197 2926 2315 2957 tamen
2343 2926 2385 2957 ut

1366 3058 1387 3090 2
1411 3056 1463 3089 vel
1486 3056 1679 3089 inmobilem
1703 3069 1763 3090 om.
1785 3056 1815 3088 V
1834 3055 1848 3099 Ι]
1873 3058 1892 3090 3
1916 3055 2050 3088 domino
2076 3055 2125 3088 T¹
2149 3054 2163 3099 ΙΙ
2188 3056 2209 3089 4
2230 3065 2384 3098 praweps

1308 3102 1358 3135 R¹
1373 3101 1386 3146 ΙΙ
1405 3103 1425 3135 5
1449 3102 1578 3135 oblatos
1599 3101 1649 3134 V⁰
1666 3101 1679 3144 ΙΙ
1695 3101 1905 3134 aduersario·
1922 3100 1955 3133 T
1964 3101 1977 3142 ΙΙ
1996 3102 2017 3133 6
2041 3099 2320 3141 interpellationis
2335 3101 2383 3134 T¹

1308 3146 1611 3188 interappellatoris
1636 3145 1684 3178 R¹
1706 3145 1719 3188 ss
1742 3148 1759 3178 7
1784 3145 1894 3186 etiam]
1916 3148 1949 3176 et
1968 3145 2012 3182 R,
2035 3157 2094 3178 om.
2109 3145 2140 3178 T
2154 3144 2167 3188 ΙΙ
2192 3146 2211 3179 8
2235 3146 2382 3187 posthac]

217 3061 232 3092 1
258 3053 443 3091 Ἐπίδικον
467 3053 609 3100 λέγεταί
629 3067 669 3088 τε
692 3059 751 3088 καὶ
770 3058 907 3089 νοεῖται
930 3057 1079 3102 πρᾶγμα
1104 3060 1165 3091 inc.
1181 3058 1216 3091 B
1228 3057 1240 3100 Ι1

163 3108 182 3138 4
207 3105 403 3147 νεμομένου
428 3101 526 3136 ΜΒς
536 3101 612 3141 lut]
648 3101 865 3145 ἐναγομένου
891 3103 919 3134 L
947 3102 960 3145 ΙΙ
990 3103 1012 3135 6
1037 3099 1087 3135 δι’
1116 3098 1240 3143 αὐτοῦ]

163 3148 222 3183 διὰ
247 3147 378 3182 τούτου
396 3147 431 3180 Β
450 3147 499 3190 119
523 3142 701 3185 διάταξιν]
731 3147 807 3179 Cod.
831 3147 861 3185 8,
883 3155 929 3181 36,
947 3147 1018 3187 5(4)
1035 3147 1048 3189 ΙΙ
1068 3149 1105 3180 11
1131 3158 1240 3191 προσ-

163 3195 280 3236 θῆναι
302 3194 334 3226 L
349 3193 362 3238 ΙΙ
383 3194 423 3226 12
445 3191 597 3233 litigiosu
615 3191 660 3223 M
678 3189 896 3235 λιτιγιόσσου
922 3191 952 3223 L
977 3199 1005 3223 et
1029 3194 1076 3225 ita
1099 3194 1240 3234 saepius,

164 3238 325 3274 ἐπιδίκου
342 3246 372 3271 et
388 3239 435 3270 ita
451 3243 633 3270 constanter
650 3235 684 3268 B
702 3236 713 3277 ΙΙ
734 3238 774 3268 15
793 3233 935 3268 ἑπίδικα
949 3237 1016 3268 LB
1031 3235 1044 3279 ss
1066 3238 1104 3269 17
1119 3235 1240 3280 κληρο-

164 3283 290 3328 νόμων
315 3285 346 3317 L
371 3283 384 3326 ΙΙ
411 3283 454 3316 20
478 3283 560 3325 περὶ
582 3280 660 3313 τῶν
683 3278 861 3312 τοιούτων
883 3281 917 3313 Β
941 3280 952 3323 ΙΙ
984 3282 1020 3314 21
1050 3277 1241 3314 ἀπιόντων

166 3332 201 3364 Β
219 3331 231 3374 11
256 3328 493 3374 πραγμάτων]
524 3325 692 3359 consortio
716 3336 751 3364 ς,
782 3327 865 3358 unde
888 3324 1086 3370 ταγμάτων
1110 3327 1240 3359 Zacha-

166 3378 234 3409 riae
251 3376 263 3418 ΙΙ
289 3376 330 3408 23
357 3369 509 3418 ληγάτου
534 3379 564 3405 et
582 3372 629 3404 sic
649 3377 832 3403 constanter
850 3371 882 3403 Β
898 3369 911 3413 ss
931 3371 972 3403 29
993 3367 1142 3415 λεγοίτου
1161 3370 1239 3411 τὸν]

166 3418 386 3474 κληρονόμου
410 3419 460 3451 La
477 3418 490 3461 ΙΙ
515 3419 553 3451 31
581 3413 848 3468 κατέλειπενιΒ
866 3416 879 3458 11
901 3416 945 3449 32
969 3414 1142 3456 legatarcm
1169 3417 1213 3448 Μ
1229 3415 1241 3459 ΙΙ

167 3468 208 3499 33
222 3464 392 3510 ηγήσεται
407 3464 454 3495 L⁰
472 3463 484 3502 ΙΙ
502 3463 545 3496 34
563 3459 747 3494 δύνασθαι
766 3459 880 3493 αυτὸν
896 3461 923 3492 L
940 3460 952 3502 ΙΙ
980 3461 1022 3492 35
1039 3460 1101 3501 τῆς
1125 3474 1183 3493 om.
1200 3461 1239 3501 L,

165 3511 229 3543 τοῦ
249 3524 308 3543 om.
321 3510 356 3542 B
373 3511 383 3545 ΙΙ
404 3510 446 3541 36
470 3505 662 3552 λιτιγιόσου
679 3506 721 3538 Μ
738 3503 955 3551 λιγιτιόσσου
980 3506 1010 3537 L
1025 3504 1038 3548 fl
1057 3507 1099 3538 40
1123 3506 1240 3538 ταῦτα

168 3555 299 3598 om.L1}
326 3550 390 3587 *τ’
409 3552 467 3594 civ]
493 3550 527 3585 δ’
547 3549 595 3585 ἄν
619 3551 692 3584 ML

1307 3202 1366 3234 per
1388 3192 1468 3224 haec
1493 3190 1539 3223 Β*
1576 3200 1635 3233 per
1658 3190 1743 3222 hanc
1760 3189 1809 3222 ΗΞ
1826 3189 1839 3233 ΙΙ
1859 3191 1880 3223 9
1904 3189 2111 3222 decreuimus
2135 3189 2191 3233 Vll
2217 3191 2257 3224 12
2272 3194 2384 3224 autem

1309 3238 1391 3277 eins]
1415 3237 1487 3268 eius
1507 3238 1619 3267 autem
1640 3234 1673 3267 V
1691 3235 1761 3266 eius
1783 3247 1841 3267 om.
1854 3234 1888 3266 R
1904 3233 1917 3277 ss
1934 3233 2030 3275 velle]
2055 3234 2091 3267 in
2107 3234 2177 3267 illis
2195 3234 2283 3268 uelle
2299 3235 2351 3269 T²
2371 3236 2385 3280 fl

1308 3280 1471 3313 diuisione
1491 3280 1547 3322 ῘῘΙΙ
1567 3281 1607 3313 13
1630 3278 1755 3320 aliquo]
1780 3278 1851 3311 uuo
1878 3279 1908 3311 R
1923 3281 1935 3321 n
1954 3279 1985 3311 ci
2008 3279 2071 3312 hoo
2094 3280 2125 3312 T
2133 3281 2141 3300 ¹
2174 3281 2236 3313 hoc
2259 3281 2307 3313 eis
2329 3281 2384 3323 Vn

1306 3325 1414 3358 facere
1436 3325 1470 3357 R
1494 3324 1507 3365 ΙΙ
1537 3326 1578 3358 16
1603 3324 1649 3356 Et
1672 3337 1731 3357 om.
1754 3323 1814 3366 Vu
1839 3323 1911 3365 lege
1935 3327 2049 3357 nostra
2075 3325 2107 3358 T
2123 3325 2135 3366 ΙΙ
2162 3327 2201 3359 18
2224 3326 2335 3358 huano
2356 3325 2388 3358 V

1307 3380 1375 3403 uno
1399 3369 1432 3403 R
1455 3370 1468 3412 ΙΙ
1490 3369 1640 3402 recedere
1665 3368 1713 3402 R'
1737 3368 1750 3411 ΙΙ
1778 3370 1818 3402 19
1841 3368 1967 3401 domini
2000 3369 2047 3402 V¹
2072 3370 2085 3413 ΙΙ
2109 3372 2151 3403 20
2176 3371 2296 3412 cuique
2321 3370 2382 3412 T¹‚

1307 3415 1451 3447 uertitur
1475 3416 1551 3447 add.
1573 3415 1627 3447 T⁰
1645 3413 1657 3458 ΙΙ
1681 3413 1855 3455 reliquerit
1876 3414 1908 3447 V
1925 3414 1936 3456 ΙΙ
1960 3416 1999 3449 21
2026 3415 2200 3457 siquidem]
2224 3420 2257 3448 et
2277 3415 2383 3457 siqui-

1307 3460 1379 3491 dem
1395 3460 1425 3492 R
1447 3462 1496 3491 set
1511 3459 1676 3501 siquidem
1690 3459 1722 3492 T
1728 3459 1737 3478 ¹
1755 3459 1768 3502 fl
1784 3458 1948 3500 iudiciali]
1967 3460 2088 3492 iuditio
2105 3460 2159 3493 uel
2174 3460 2229 3503 ΤΠ
2248 3461 2290 3494 23
2304 3471 2382 3493 con-

1306 3508 1463 3546 sequetur
1484 3505 1515 3537 T
1529 3505 1541 3547 ΙΙ
1558 3506 1601 3537 24
1623 3504 1660 3537 in
1684 3517 1742 3538 om.
1760 3505 1791 3537 T
1803 3505 1815 3543 ΙΙ
1831 3506 1950 3536 exterit
1971 3505 2025 3548 Vn
2043 3507 2085 3539 26
2110 3506 2278 3547 quoniam]
2303 3505 2383 3547 quia

1306 3562 1331 3581 s.
1346 3561 1375 3581 v.
1399 3549 1448 3582 V³
1463 3550 1475 3591 ΙΙ
1502 3551 1542 3582 27
1561 3549 1686 3591 legatio
1702 3549 1736 3582 R
1759 3551 1772 3590 n
1795 3550 1837 3582 29
1858 3551 1911 3590 ne]
1937 3560 1978 3582 ne
2002 3553 2040 3582 ut
2055 3551 2105 3584 Β*
2129 3553 2168 3583 ut
2185 3551 2223 3591 T,
2239 3562 2308 3584 ιν.
2328 3550 2381 3592 Vll

1305 3594 1346 3627 31
1373 3594 1420 3635 in]
1445 3594 1477 3626 ·i
1504 3595 1552 3627 T¹
1576 3594 1588 3638 ss
1614 3596 1656 3628 32
1675 3597 1714 3627 ut
1736 3595 1834 3637 wlff]
1860 3597 1892 3626 et
1915 3595 2053 3636 RVTu
2077 3597 2119 3630 33
2143 3598 2202 3627 aut
2226 3594 2347 3628 mlv
2370 3600 2381 3633 n

1305 3649 1374 3671 sese
1398 3640 1452 3682 ΤΙΙ
1471 3640 1633 3673 nominati
1654 3640 1766 3683 171134
1790 3640 1892 3672 fuerit
1913 3640 1959 3672 [ι’
1977 3640 1990 3683 ΙΙ
2007 3642 2140 3682 quidem
2161 3642 2209 3674 bis
2220 3652 2283 3673 scr.
2305 3639 2380 3685 V¹fl

1306 3686 1348 3718 35
1372 3685 1416 3718 tfii
1438 3685 1470 3718 R
