2476 3854
156 97 232 140 Ed.
254 97 315 140 IX
344 100 454 140 2-5
1224 94 1312 141 774
1907 114 1965 144 DE
1994 114 2375 148 ARGENTAmonuu

155 206 349 252 εἰςκομιδῆς
380 205 402 252 ἦ
431 221 471 242 τε
500 208 562 250 τῆς
590 205 754 248 δαπάνης
784 207 862 241 τῶν
891 205 1116 253 γραμμάτων
1147 210 1278 250 πίστις,
1310 206 1459 243 πάντως
1490 208 1661 256 ἑκάτερον
1689 211 1782 246 εἶναι
1812 212 1958 256 πιστόν,
1989 215 2049 246 καὶ
2072 211 2184 257 μὴτὸ
2208 215 2276 255 μὲν
2297 209 2377 249 κατ’

158 251 279 287 αὐτῶν
312 256 468 295 κοατεῖν,
499 253 542 287 τὸ
574 250 613 286 δὲ
644 249 735 296 ὑπὲρ
765 249 890 285 αὐτῶν
922 251 1053 296 ἄκυρον
1083 251 1188 294 εἶναι,
1211 251 1304 287 ἀλλὰ
1330 251 1584 299 ἀπαιτεῖσθαι,
1607 252 1676 290 ὅσα
1699 254 1747 291 τὰ
1773 254 1812 290 λο
1837 257 1971 291 οθέσια
1993 257 2129 301 δείξειε,
2154 257 2251 302 πλὴν
2273 259 2304 293 εἰ
2327 257 2376 302 μὴ

155 297 317 344 θάτερον
335 286 362 341 ἦ
385 297 551 341 ἑκάτερον
574 299 677 341 μέρος
698 294 842 339 πλάνην
866 294 987 342 ψήφου
1011 292 1034 340 ἢ
1058 299 1140 343 περὶ
1164 295 1273 332 τόκον
1296 297 1441 343 βλάβην
1464 297 1773 345 ὑπομεμενηκέναι
1797 269 1957 342 affligam
2004 304 2036 336 εἰ
2057 303 2127 349 γάρ
2152 317 2189 337 τι
2211 304 2379 338 τοιοῦτον

155 345 351 388 προφανῶς
382 342 552 385 δειχθείη,
582 342 645 385 τῆς
677 340 769 376 κατὰ
801 341 913 386 νόμον
939 339 1173 387 διορθώσεως
1203 344 1311 378 τοῦτο
1343 341 1544 385 ἀξιοῦσθαι
1575 346 1811 390 θεσπίζομεν,
1844 343 1933 382 ὥςτε
1963 348 2119 382 ἕκαστον
2149 349 2214 383 τοῦ
2238 346 2378 383 δικαίου

154 392 214 422 καὶ
237 390 300 431 τῆς
323 388 486 431 ἰσότητος
509 384 717 421 ἀπολαύειν.
2387 394 2422 426 -5

1149 443 1305 480 CAPUT
1328 445 1391 480 111.

290 513 361 543 Καὶ
390 511 496 545 τοῦτο
524 508 565 543 δὲ
597 507 779 551 ἐδίδαξαν,
811 504 860 543 α’)’ς
891 521 986 545 τινες
1015 510 1055 551 ἐξ
1085 509 1211 545 αὐτῶν
1229 509 1420 558 ὁμολογίας
1443 511 1542 558 παρά
1567 511 1751 548 πλειόνων
1775 515 2007 559 κομισάμενοι
2031 519 2091 550 καὶ
2111 515 2245 550 ταύτας
2269 512 2376 560 ἄλλη-

154 554 306 601 λεγγύως
330 552 352 597 ἢ
373 556 465 589 κατὰ
489 553 688 598 μανδάτον,
713 554 791 588 εἶτα
814 552 857 588 τὸ
883 553 1053 590 πλεῖστον
1075 557 1140 589 τοῦ
1164 558 1284 600 χρέους
1308 555 1502 602 εἰληφότες,
1526 560 1586 591 καὶ
1609 555 1730 606 ὀλίγου
1753 561 1851 594 τινὸς
1866 558 1969 595 ὄντος
1985 559 2379 605 τοῦίἷπολελειμμένου,

154 602 214 635 ἐπὶ
244 600 298 643 τῷ
329 601 392 633 τοῦ
423 603 541 645 χρέους
571 598 777 643 ἐλλείμματι
801 599 946 640 ἑξωθεν
978 597 1062 646 παρ’
1095 600 1176 635 ἑνὸς
1207 598 1330 636 αὐτῶν
1355 600 1376 646 ἢ
1409 600 1474 636 δύο
1503 601 1677 646 λαβόντες
1707 600 1905 651 ὁμολογίας,
1937 603 1986 640 aie
2005 606 2091 640 εἴσω
2116 606 2223 651 ρἠτοῦ
2248 603 2380 660 χρόνον

153 646 269 679 ταῦτα
297 645 567 689 καταθήσουσι,
597 643 775 679 διαλύσεις
807 644 916 687 τυχὸν
946 642 970 688 ἢ
1001 644 1189 692 ὁμολογίας
1222 647 1354 681 ἔθεντο
1386 647 1477 692 πρὸς
1507 643 1686 691 ἅπαντας,
1718 653 1921 694 συμβέβηκε
1951 648 1992 684 δὲ
2021 649 2045 694 ἢ
2075 651 2144 685 τὸν
2174 651 2240 685 ἕνα
2273 664 2296 694 η
2319 653 2380 684 καὶ

153 689 320 724 πλείονας
348 691 425 724 τῶν
453 688 709 733 πεποιηκότων
739 688 806 732 τὴν
837 691 899 733 τῆς
929 688 1099 725 λοιπάδος
1130 688 1326 738 ὁμολογίαν
1355 690 1565 736 τελευτῆσαι
1595 696 1656 727 καὶ
1684 694 1767 728 τοὺς
1789 693 2030 740 κληρονόμους
2049 695 2099 740 μὴ
2123 695 2310 741 αἱρεῖσθαι
2333 695 2376 730 τὸ
2404 697 2446 730 10

154 732 238 780 παρ’
267 731 378 769 αὐτοῦ
401 732 424 778 ἢ
448 733 574 770 αὐτῶν
597 733 861 781 διομολογηθὲν
885 738 1031 780 χρυσίον
1054 733 1192 770 δοῦναι.
1239 737 1465 782 θεσπίζομεν
1488 731 1564 779 οὖν,
1590 738 1622 771 εἰ
1644 739 1762 773 ταῦτα
1785 735 1899 774 οὕτως
1918 743 2000 784 ἔχει,
2024 740 2068 775 τὸ
2084 743 2162 775 ταῖς
2178 736 2381 787 ὁμολογίαις

153 780 409 825 περιεχόμενον
441 784 588 826 χρυσίον
618 782 678 813 καὶ
709 778 810 825 παρὰ
841 780 906 814 τοῦ
936 777 1215 824 τελευτήσαντος
1243 778 1266 825 ἢ
1295 783 1374 816 τῶν
1403 780 1700 826 τελευτησάντων
1731 782 1996 832 διομολογηθέν
2027 786 2068 819 ἐν
2090 785 2277 832 γράμμασι
2298 784 2382 820 τοὺς

154 824 280 860 αὐτῶν
300 826 582 871 εἰςπράττεσθαι
607 823 848 869 κληρονόμους
869 825 963 870 μετὰ
986 827 1051 860 τοῦ
1077 830 1409 872 συμπεφωνημένου
1428 826 1545 863 τόκου.

1135 926 1294 964 CAPUT
1318 927 1380 964 IV.

287 993 334 1026 Εἰ
357 991 399 1027 δέ
419 1004 512 1028 τινες
536 992 769 1028 ἐδανείσαντο
793 992 816 1037 ἢ
840 991 1067 1029 δανείσοιντο
1090 1000 1179 1042 παρ’
1202 993 1326 1030 αὐτῶν
1349 996 1497 1040 ἐνέχυρα
1520 993 1655 1039 δόντες,
1679 995 1758 1030 εἶτα
1781 998 1821 1030 ἐν
1843 999 1921 1031 ταῖς
1937 995 2142 1032 δανειακαῖς
2161 999 2382 1044 συγγραφαῖς

153 1039 358 1083 ἐπέτρεψαν
386 1037 408 1081 ἢ
440 1040 676 1084 ἐπιτρέψαιεν
706 1036 825 1073 αὐτοῖς
850 1041 890 1073 ἐκ
921 1036 1151 1083 διαπράσεως
1181 1041 1259 1075 τῶν
1290 1039 1470 1088 ἐνεχύρων
1499 1044 1621 1076 πίστει
1654 1038 1777 1076 αὐτῶν
1799 1044 1987 1088 γινομένης
2008 1041 2052 1077 τὸ
2077 1041 2219 1077 τούτων
2242 1045 2381 1086 τίμημα
2406 1043 2448 1078 15

153 1084 200 1117 εἰς
224 1083 268 1116 τὸ
295 1086 396 1138 χρέος
425 1082 648 1130 λογίζεσθαι,
680 1083 716 1118 οἱ
745 1082 785 1119 δὲ
814 1085 924 1119 τοῦτο
948 1084 1134 1128 πράξαιεν,
1164 1085 1213 1130 μὴ
1236 1084 1623 1132 πολυπραγμονεῖσθαι
1646 1083 1774 1121 αὖτοὺς
1792 1085 1884 1131 μηδὲ
1905 1086 2099 1133 πράγματα
2121 1085 2214 1142 ὑπὲρ
2235 1085 2380 1122 τούτων

153 1131 258 1172 ἔχειν,
284 1126 359 1162 αλλ’
387 1125 569 1172 ὀμνύντας
593 1127 731 1173 ὁπόσης
764 1130 868 1173 τιμῆς
892 1128 938 1163 τά
964 1130 1111 1175 ἐνέχυρα
1135 1131 1342 1175 πεπράκασι
1366 1131 1618 1173 πιστεύεσθαι,
1642 1134 1702 1165 καὶ
1723 1129 1846 1177 ἀρκεῖν
1869 1133 1977 1167 τοῦτο
2001 1128 2122 1166 αὐτοῖς
2145 1143 2235 1178 προς
2257 1132 2382 1167 πᾶσαν

154 1170 413 1219 ἀγνωμοσύνης
445 1170 640 1220 ἀναίρεσιν.
688 1175 735 1208 Εἰ
768 1172 811 1208 δέ
830 1185 884 1209 τις
908 1173 1080 1221 ἀγράφως
1104 1173 1356 1220 δανειζόμενος
1379 1178 1526 1221 ἐνέχυρα
1550 1173 1628 1220 δοίη
1651 1176 1675 1220 ἢ
1698 1180 1899 1223 σφραγίσας
1921 1174 2015 1212 αὐτὰ
2037 1175 2061 1220 ἢ
2084 1179 2144 1211 καὶ
2167 1174 2382 1224 σφραγίδων

152 1222 269 1263 χωρίς,
301 1215 464 1266 ἀνάγκην
494 1222 589 1262 ἔχειν
619 1218 689 1254 τὸν
720 1218 980 1264 δανεισάμενον
1008 1217 1032 1263 ἢ
1063 1218 1263 1275 λαμβάνειν
1295 1219 1343 1256 τοὶ
1368 1222 1516 1267 ἐνέχυρα
1539 1221 1829 1268 ἐπιγινώσκοντα
1849 1222 1914 1257 τὰς
1936 1220 2135 1278 σφραγῖδας
2158 1218 2181 1265 ἢ
2203 1225 2265 1256 καὶ
2288 1219 2380 1256 αὐτὰ

153 1263 201 1307 μὴ
227 1261 541 1311 ῥαδιουργηθέντα
573 1267 632 1298 καὶ
657 1262 892 1311 ἀποπληροῦν
914 1264 957 1299 τό
981 1277 1021 1299 τε
1044 1264 1242 1311 κεφαλαιον
1265 1266 1332 1301 τόν
1354 1279 1395 1301 τε
1418 1266 1715 1312 συμφωνηθέντα
1737 1266 1860 1312 τόκον,
1883 1264 1907 1310 ἢ
1929 1280 2029 1313 ειπερ
2053 1264 2119 1301 οὐκ
2142 1268 2213 1310 ἔχει
2235 1280 2257 1310 χ
2324 1268 2382 1301 lov
2402 1267 2445 1302 20

153 1306 173 1342 ὁ
199 1307 390 1365 ὖφειλέτης,
414 1310 463 1344 εἰς
485 1308 554 1352 τὴν
579 1307 686 1350 ἀξίαν
710 1308 918 1353 διατίμησιν
941 1311 1059 1344 ταῦτα
1082 1309 1367 1354 καταλιμπάνειν
1389 1314 1450 1346 καὶ
1471 1312 1515 1347 τὸ
1539 1310 1744 1347 ὑπόλοιπον
1767 1311 1838 1356 πλη
1862 1313 1939 1356 οὖν,
1962 1309 2004 1347 οὗ
2030 1309 2230 1356 δυνάμενον
2287 1313 2294 1324 '
2314 1324 2381 1356 ειν,

153 1354 202 1388 ὠς
234 1351 288 1388 δεῖ
318 1354 432 1388 αυτὸν
463 1352 693 1400 άρκεσθῆναι
723 1358 796 1390 τοῖς
828 1353 1014 1400 ένεχύροις,
1042 1353 1112 1390 κᾶν
1138 1356 1170 1390 εἰ
1192 1354 1383 1391 ἐλάττονος
1406 1356 1478 1391 εἷεν
1499 1355 1710 1399 ποσότητος,
1734 1354 1811 1392 ἀλλ’
1854 1371 1875 1392 κ
1898 1357 2035 1404 τρόπου
2058 1357 2197 1394 παντὸς
2219 1355 2381 1403 πληροῦν

153 1400 230 1433 πᾶν
251 1399 295 1433 τὸ
316 1402 424 1445 χρέος,
447 1396 536 1434 ὅσον
561 1397 608 1434 ἂν
630 1400 721 1444 μετὰ
745 1402 809 1436 τοῦ
834 1400 1144 1446 συμφωνηθέντος
1166 1399 1355 1448 λογισθείη
1388 1401 1508 1438 τόκου.
1555 1403 1587 1436 εἰ
1619 1400 1659 1436 δὲ
1678 1405 1737 1436 καὶ
1761 1399 1928 1449 ὁρισθείη
1951 1403 2077 1448 χρόνος
2099 1403 2160 1438 ἐπὶ
2182 1403 2237 1446 τῷ
2261 1399 2381 1436 δανεί-

154 1456 265 1488 σματι
290 1444 469 1491 ἐνεχύρων
491 1441 592 1487 ἅπαξ
617 1444 820 1490 δεδομένων
844 1443 867 1488 ἢ
888 1447 1188 1492 ἐσφραγισμένων
1210 1443 1234 1490 ἢ
1257 1443 1527 1493 ἆσφραγίστων,
1552 1447 1638 1481 εἴσω
1659 1445 1700 1481 δὲ
1721 1448 1787 1482 τοῦ
1802 1447 1930 1494 χρόνου
1947 1449 1998 1493 μὴ
2014 1450 2163 1495 γένηται
2179 1445 2223 1482 τὸ
2240 1443 2382 1490 ἱκανόν,

153 1488 258 1524 ἄλλος
285 1488 325 1523 δὲ
353 1491 523 1525 τοσοῦτος
553 1489 722 1539 παρέλθῃ
751 1491 888 1537 χρόνος,
918 1491 1051 1532 ἐξεῖναι
1081 1487 1208 1526 αὐτοὺς
1232 1487 1402 1536 ἀκριβοῦς
1426 1490 1665 1537 διατιμήσεως
1682 1495 1874 1540 γενομένης
1897 1506 1950 1528 πα
1973 1491 2097 1528 όντων
2118 1495 2180 1526 καὶ
2202 1490 2381 1537 ταβουλα-
2405 1492 2448 1526 25

154 1538 243 1579 ρι’ων
266 1538 325 1568 καὶ
349 1536 427 1570 τῶν
450 1536 571 1570 θείων
594 1539 843 1581 προκειμένων
866 1535 1001 1582 λογίων
1023 1539 1084 1570 καὶ
1102 1535 1328 1581 διατιμητῶν
1343 1536 1746 1583 παραλαμβανομένων,
1770 1536 1945 1584 διατιμᾶσ
1979 1551 2017 1573 αι
2032 1538 2152 1573 ταῦτα
2169 1539 2230 1574 καὶ
2245 1537 2385 1573 ἑαυτοῖς

155 1580 375 1627 λογίζεσθαι,
399 1580 470 1615 εἴτε
495 1581 635 1627 ἐξαρκεῖ
657 1582 705 1616 εἰς
728 1581 771 1617 τὸ
795 1583 894 1628 χρέος
917 1581 989 1616 εἴτε
1011 1584 1071 1616 καὶ
1095 1582 1143 1617 εἰς
1164 1585 1268 1628 μέρος
1290 1583 1357 1617 τοῦ
1380 1584 1509 1627 χρέους.

1165 1683 1325 1720 CAPUT
1348 1683 1393 1721 V.

291 1751 364 1783 Καὶ
394 1750 502 1783 τοῦτο
531 1752 654 1793 μέντοι
685 1746 867 1784 ἰάσασθαι
898 1748 1019 1797 ᾔτουν,
1053 1746 1141 1786 ὥςτε
1172 1748 1233 1785 διὰ
1263 1749 1306 1786 τὸ
1336 1749 1406 1786 τὸν
1436 1753 1521 1795 βίον
1549 1748 1668 1786 αὐτοῖς
1698 1751 1739 1786 ἐν
1769 1751 1823 1795 τῷ
1857 1748 2038 1794 δανείζειν
2060 1755 2121 1786 καὶ
2144 1749 2382 1795 δανείζεσθαι

153 1793 383 1828 καθεστάναι
414 1797 474 1828 καὶ
504 1791 724 1840 ἀντιφωνεῖν
754 1791 844 1840 ὑπὲρ
878 1795 1013 1840 ἑτέρων
1036 1799 1096 1830 καὶ
1119 1793 1245 1831 τόκους
1268 1795 1394 1839 τελεῖν,
1417 1796 1467 1840 μὴ
1487 1793 1755 1831 ἀνατίθεσθαι
1780 1794 1900 1831 αὐτοῖς
1920 1795 1989 1839 τὴν
2012 1793 2192 1841 ἡμετέραν
2214 1794 2381 1838 διάταξιν

155 1842 195 1874 ἐν
222 1841 295 1874 τοῖς
326 1837 575 1883 δανείσμασιν,
607 1837 654 1881 ἢν
685 1840 898 1886 ἐγράψαμεν
926 1838 1055 1885 μηδενὶ
1076 1842 1342 1888 συγχωροῦντες
1362 1840 1453 1887 ὑπὲρ
1476 1841 1520 1876 τὸ
1546 1839 1742 1876 διπλάσιον
1765 1841 1986 1884 κομίζεσθαί
2007 1854 2054 1884 τι,
2074 1842 2176 1889 εἴπερ
2199 1838 2381 1885 τοσαύτην
2404 1841 2449 1875 30

155 1882 356 1931 καταβάλοι
379 1881 577 1928 ποσότητα,
602 1883 694 1929 ὅσην
714 1884 757 1919 τό
782 1898 823 1920 τε
847 1882 998 1930 ἀρχαῖον
1021 1886 1060 1920 οἵ
1079 1899 1119 1920 τε
1142 1885 1240 1920 τόκοι
1263 1885 1473 1931 πληροῦσιν.
1520 1884 1619 1930 ἡμεῖς
1641 1890 1766 1922 τοίνυν
1789 1887 1858 1930 τὴν
1881 1888 1949 1930 μὲν
1972 1884 2140 1928 διάταξιν
2163 1887 2212 1921 εἰς
2233 1885 2278 1921 τὸ
2302 1886 2383 1930 ἑξῆς

156 1929 425 1974 παραβαθῆναι
454 1929 641 1965 παντελῶς
670 1928 712 1965 ού
736 1929 960 1975 βουλόμεθα,
988 1929 1031 1966 τὸ
1056 1928 1096 1965 δὲ
1118 1930 1322 1978 παρελθόν,
1346 1928 1436 1978 ὅπερ
1460 1927 1579 1966 οὐκέτι
1604 1929 1743 1975 δέχεται
1766 1930 1954 1966 παντελῶς
1977 1930 2178 1977 ἐπιβουλὴν
2197 1928 2383 1976 οὐδεμίαν,

156 2103 348 2144 utrumque
372 2097 517 2133 omnino
541 2100 664 2132 ratum
686 2098 746 2140 sit,
770 2107 887 2143 neque
910 2096 1010 2143 quod
1030 2102 1160 2134 contra
1183 2098 1284 2145 ipsos
1305 2101 1360 2134 est
1382 2097 1524 2141 valebit,
1546 2097 1645 2144 quod
1665 2109 1750 2135 vero
1771 2109 1843 2146 pro
1866 2098 1956 2146 ipsis
1978 2102 2032 2136 est
2050 2099 2194 2136 irritum
2216 2099 2298 2143 erit,
2319 2099 2385 2136 sed

154 2144 329 2190 exiqatur
359 2146 534 2189 quantum
559 2142 759 2178 ratiocinia
789 2145 1003 2186 monstrant,
1034 2143 1106 2179 nisi
1136 2142 1315 2179 alterutra
1345 2146 1409 2178 aut
1440 2147 1597 2190 utraque
1612 2154 1709 2191 pars
1728 2155 1768 2180 se
1790 2154 1950 2181 errorem
1973 2144 2107 2181 calculi
2126 2148 2193 2181 aut
2213 2144 2383 2181 damnum

155 2190 193 2224 in
228 2188 349 2224 usuris
377 2197 590 2241 perpessam
621 2187 933 2224 demonstraverit.
988 2186 1031 2223 Si
1059 2187 1149 2234 quid
1177 2188 1270 2224 enim
1301 2187 1374 2224 tale
1404 2188 1586 2225 evidenter
1615 2188 1841 2232 ostendatur,
1877 2189 1917 2225 id
1945 2189 2105 2234 legitima
2135 2189 2384 2227 emendatione

155 2245 178 2269 a
196 2233 260 2279 sici
282 2243 475 2276 sancimus,
498 2235 540 2268 ut
562 2233 810 2279 unusquisque
833 2233 968 2268 iustitia
993 2236 1029 2269 et
1051 2234 1234 2279 aequitate
1254 2234 1418 2279 fruatur.

289 2290 355 2325 111.
403 2289 488 2324 Hoc
516 2299 660 2335 quoque
689 2300 757 2325 nos
787 2288 1000 2332 docuerunt,
1032 2289 1209 2335 quosdam
1237 2300 1289 2326 ex
1318 2290 1409 2337 ipsis
1434 2289 1739 2343 promissionibus
1762 2300 1786 2327 a
1804 2290 1974 2337 pluribus
1996 2291 2155 2338 acceptis
2186 2289 2305 2337 iisque
2332 2301 2383 2330 ex

155 2338 280 2371 mutua
317 2334 551 2380 fideiussione
589 2338 655 2371 aut
691 2345 741 2371 ex
771 2334 961 2377 mandato,
992 2334 1120 2371 deinde
1177 2334 1310 2371 lurima
1340 2335 1448 2371 debita
1475 2338 1585 2382 parte
1617 2339 1784 2383 accepta,
1814 2339 1852 2372 et
1883 2336 2022 2382 exiqua
2052 2335 2211 2383 quadam
2241 2336 2382 2380 relicta,

149 2384 309 2427 propter
340 2380 451 2415 debiti
475 2379 654 2426 reliquum
684 2389 846 2416 seorsum
869 2380 914 2416 ab
942 2390 1016 2415 uno
1038 2383 1104 2416 aut
1151 2379 1263 2416 uobus
1285 2380 1429 2416 illorum
1482 2380 1693 2416 romissione
1715 2385 1877 2427 accepta,
1900 2390 1939 2417 se
1962 2381 2061 2417 intra
2084 2385 2220 2418 certum
2243 2386 2383 2429 tempus

156 2427 227 2461 ista
256 2425 509 2472 persoluturos
538 2435 627 2467 esse,
659 2424 823 2478 apochas
850 2425 953 2477 forte
975 2429 1039 2461 aut
1054 2425 1321 2479 promissiones
1345 2391 1510 2462 omnifflcs
1531 2425 1718 2471 conficere,
1743 2425 1918 2462 accidisse
1940 2436 2024 2462 vero
2048 2430 2091 2462 ut
2113 2430 2179 2463 aut
2200 2436 2296 2463 unus
2317 2429 2383 2462 aut

152 2471 279 2517 plures
301 2481 442 2512 eorum,
467 2470 532 2516 qui
552 2469 681 2516 reliqui
707 2469 961 2516 obliqattonem
982 2470 1174 2516 fecissent,
1207 2470 1359 2513 obirent,
1383 2474 1420 2506 et
1441 2469 1590 2507 heredes
1609 2471 1803 2518 pecuniam
1826 2470 1872 2506 ab
1896 2470 1959 2507 illo
1983 2474 2047 2507 aut
2070 2471 2145 2507 illis
2160 2470 2382 2519 promissam

155 2515 344 2552 exsolvere
372 2515 521 2551 nollent.
570 2514 761 2550 Sancimus
790 2515 916 2562 mitur,
946 2516 982 2551 si
1001 2514 1090 2551 haee
1109 2516 1162 2551 ita
1184 2525 1223 2552 se
1246 2514 1419 2559 habeant,
1446 2516 1639 2562 pecuniam
1661 2515 1961 2562 promissionibus
1983 2515 2278 2564 comprehensam
2300 2519 2336 2554 et
2357 2525 2382 2553 a

157 2561 332 2606 defuncto
356 2563 420 2596 aut
443 2560 629 2607 defunctis
650 2560 690 2595 in
712 2561 849 2607 scripto
867 2560 1081 2607 professam
1104 2559 1149 2596 ab
1173 2559 1365 2597 heredibus
1387 2571 1512 2597 eorum
1535 2569 1615 2596 cum
1636 2560 1822 2608 stipulatis
1844 2562 1965 2597 usuris
1987 2561 2101 2608 exiqi.

290 2615 354 2653 IV.
400 2615 445 2652 Si
471 2616 535 2662 qui
566 2619 686 2652 autem
708 2615 806 2651 datis
826 2615 1045 2663 pignoribus
1068 2616 1113 2652 ab
1137 2616 1190 2652 eis
1211 2616 1366 2652 mutuati
1385 2616 1530 2663 suerint
1551 2619 1617 2654 aut
1638 2620 1857 2659 mutuentur,
1878 2617 2007 2653 deinde
2029 2618 2068 2653 in
2090 2616 2207 2654 mutui
2227 2627 2381 2671 synqra·

154 2661 239 2708 phis
267 2661 499 2708 permiserint
530 2665 595 2697 aut
613 2661 838 2713 permittant
869 2661 938 2706 eis,
969 2665 1011 2697 ut
1039 2661 1243 2698 venditione
1269 2662 1467 2714 piynorum
1498 2661 1563 2698 sub
1596 2663 1760 2708 ipsorum
1787 2661 1862 2708 fide
1890 2663 1996 2708 facta
2018 2673 2143 2698 eorum
2164 2667 2322 2709 pronum
2343 2662 2382 2699 in

156 2706 311 2742 debitum
335 2707 541 2753 imputetur,
562 2706 617 2757 illz
643 2716 726 2742 vero
751 2706 820 2742 hoc
841 2706 1010 2752 fecerint,
1033 2716 1107 2742 non
1130 2705 1314 2742 molestari
1338 2717 1401 2743 eos
1423 2717 1469 2743 ne
1496 2717 1540 2742 ue
1556 2711 1715 2754 propter
1730 2717 1774 2743 ea
1790 2708 1946 2752 neqotiis
1962 2708 2009 2743 im
2037 2706 2154 2750 licari,
2178 2707 2242 2744 sed
2258 2707 2381 2744 iuran-

156 2751 268 2793 tibus,
300 2751 428 2797 quanti
456 2751 566 2797 pretii
594 2752 757 2797 piqnora
788 2751 1030 2794 vendiderint,
1063 2752 1179 2794 credi,
1211 2751 1319 2798 idque
1349 2751 1396 2787 iis
1426 2762 1449 2787 a
1509 2762 1647 2789 omnem
1679 2752 1943 2799 improbitatem
1969 2757 2005 2788 to
2020 2752 2161 2788 leudam
2181 2752 2273 2788 satis
2294 2762 2381 2790 esse.

156 2795 201 2832 Si
228 2796 311 2843 quis
339 2806 422 2832 vero
453 2796 531 2831 sine
561 2797 698 2847 scripto
727 2799 912 2832 mutuatus
935 2796 1100 2843 piqnora
1123 2795 1183 2832 det
1205 2800 1269 2832 aut
1292 2796 1483 2844 obsignata
1506 2800 1571 2832 aut
1593 2797 1699 2833 etiam
1722 2797 1800 2833 sine
1821 2796 1964 2845 siqillis,
1987 2807 2129 2834 necesse
2151 2797 2296 2835 habebit
2317 2797 2383 2844 qm·

156 2844 340 2876 mutuatus
370 2843 436 2883 est,
465 2844 529 2875 aut
552 2851 718 2887 pzqnora
749 2843 911 2887 recipere
941 2851 1145 2888 aqnoscens
1173 2841 1298 2894 siqilla
1327 2846 1391 2877 aut
1422 2843 1531 2879 etiam
1554 2842 1636 2889 ivsa
1659 2853 1733 2878 non
1757 2842 1868 2885 laesa,
1903 2845 1947 2879 et>
1962 2841 2113 2889 explere
2135 2847 2171 2879 et
2189 2845 2323 2879 sortem
2345 2845 2382 2879 et

150 2886 354 2933 promissas
376 2896 519 2926 usuras,
544 2890 607 2920 aut
626 2885 658 2920 si
674 2886 866 2931 pecum’am
890 2897 963 2922 non
986 2885 1117 2923 habeat
1140 2885 1291 2929 debitor,
1315 2887 1366 2923 ad
1384 2887 1517 2923 iustam
1541 2887 1823 2923 aestimationem
1847 2887 1912 2923 illa
1934 2887 2138 2933 relinquere
2155 2890 2191 2924 et
2202 2886 2381 2934 reliquum

155 2930 342 3012 325100‘5552-
360 2940 475 3010 25355
493 2930 881 3012 tz'zffzfft‘zzeflssni‘sszm
900 2931 2382 3013 53¹²‘’Zsszntfz‘ffe“nezanumw‘'Litterae““examita

156 3027 295 3067 tempus
325 3025 449 3056 mutuo
474 3019 712 3068 praefinitum
742 3021 791 3055 sit
821 2987 916 3056 datiis
946 2987 1056 3057 s’ergel
1071 2988 1387 3068 piqnoribuspsive
1411 3021 1610 3069 obsiqnatis
1632 3023 1706 3059 sive
1728 2987 1802 3057 gon
1826 3022 2035 3068 obsiyrcatis,
2058 3021 2157 3057 intra
2180 3019 2220 3057 id
2243 3025 2381 3068 tempus

156 3077 240 3103 vero
272 3066 365 3101 satis
394 3076 468 3101 non
497 3065 640 3111 fact-um
671 3064 731 3107 sit,
762 3065 988 3111 alterumque
1017 3069 1154 3101 tantum
1184 3066 1351 3103 elabatur
1374 3071 1525 3113 tempus,
1552 3067 1660 3103 liceat
1681 3067 1783 3114 ipsis,
1807 3070 1981 3102 accurata
2004 3065 2254 3102 aestimatione
2273 3065 2381 3111 facta

149 3110 405 3158 praesentibus
434 3114 472 3147 et
507 3109 698 3146 tabulariis
726 3114 763 3145 et
790 3110 922 3145 divinis
950 3110 1105 3156 eloquiis
1131 3112 1338 3158 propositis
1367 3115 1404 3148 et
1434 3111 1723 3148 aestimatoribus
1754 3110 1925 3148 adhibitis
1955 3121 1998 3146 ea
2028 3110 2219 3147 aestimare
2247 3114 2284 3147 et
2311 3109 2384 3147 sibi

156 3158 349 3204 imputare,
372 3155 447 3192 sive
469 3154 624 3191 debitum
647 3154 799 3201 explent
821 3155 894 3192 sive
916 3156 1024 3190 etiam
1043 3160 1190 3202 partem
1214 3156 1332 3193 debiti.

290 3212 333 3249 V.
381 3211 455 3248 Sed
484 3211 554 3248 hoe
585 3222 730 3258 quoque
756 3214 796 3246 ut
825 3215 1019 3246 sanaretur
1047 3212 1241 3257 petierunt,
1273 3223 1319 3249 ne
1348 3212 1521 3258 quoniam
1551 3212 1667 3247 victus
1696 3211 1786 3258 ipsis
1817 3211 1855 3246 in
1885 3214 2009 3247 mutuo
2033 3214 2069 3247 et
2088 3209 2209 3246 dando
2228 3212 2263 3247 et
2284 3211 2380 3247 acei-

154 3258 288 3305 piendo
321 3258 495 3294 consistat
524 3260 560 3293 et
584 3267 660 3304 pro
691 3256 774 3292 aliis
803 3255 1055 3292 constituendo
1084 3261 1119 3292 et
1153 3267 1285 3293 usuras
1306 3256 1508 3303 pendendo,
1541 3256 1630 3303 ipsis
1652 3255 1690 3292 in
1713 3256 1846 3292 mutuis
1868 3255 1999 3291 dandis
2021 3258 2148 3292 nostra
2171 3259 2382 3303 opponatur

156 3303 376 3346 constitutio,
434 3313 518 3337 uam
548 3301 759 3348 scripsimus
786 3301 919 3337 nemini
949 3300 1046 3336 ultra
1072 3301 1221 3347 duplum
1240 3303 1407 3350 accipere
1430 3301 1623 3348 quicquam
1640 3302 1904 3347 permittenteS,
1927 3301 1962 3337 si
1985 3305 2120 3352 tantam
2171 3300 2380 3352 uantitatem

156 3349 304 3385 solverit
331 3313 490 3384 credqitor
522 3352 695 3394 quantam
726 3350 763 3383 et
789 3356 870 3382 sors
899 3349 935 3383 et
958 3356 1092 3382 usurae
1114 3346 1292 3392 efficiant.
1340 3346 1418 3382 Nos
1440 3347 1552 3392 iqitur
1576 3346 1613 3381 in
1631 3349 1819 3392 posterum
1843 3357 1921 3382 eam
1945 3345 2058 3394 leqem
2083 3356 2139 3382 vio
2156 3346 2216 3382 ari
2237 3354 2380 3381 ommno

204 3519 217 3550 1
245 3516 322 3550 τῶν
345 3515 568 3562 γραμμάτων
580 3518 728 3560 sortasse
752 3529 815 3551 non
839 3527 951 3550 sanum
978 3513 991 3559 ΙΙ
1021 3516 1042 3548 4
1067 3514 1231 3556 ἕκαστον]
1303 3513 1397 3548 σθαι
1428 3513 1476 3547 εἰς
1504 3511 1547 3547 τὸ
1578 3515 1676 3558 χρέος
1699 3526 1794 3548 anon.
1819 3514 1920 3548 Bodl.
1954 3514 1967 3558 ΙΙ
2004 3515 2041 3548 18
2070 3511 2259 3560 ἐγγράφως
2282 3524 2378 3547 anon·

156 3556 211 3594 ἐπ’
237 3562 455 3606 ἀμφοτέρων
481 3574 574 3595 αηοη.
600 3562 702 3595 Bodl.
721 3562 770 3605 118
796 3559 981 3605 έλείμματι
1005 3560 1051 3593 Μ
1063 3559 1074 3603 ΙΙ
1095 3562 1133 3594 15
1158 3560 1234 3593 ἐπι·
1305 3559 1406 3592 Bodl.
1435 3558 1447 3602 ΙΙ
1478 3559 1519 3593 20
1549 3558 1826 3605 σφραγισθέντα
1849 3572 1918 3593 cum
1941 3559 2089 3604 Aqylaeo
2113 3559 2198 3603 vuly.
2225 3557 2238 3602 ΙΙ
2268 3559 2310 3592 25
2335 3569 2378 3591 an

155 3607 287 3650 τρέψαι
312 3607 351 3640 ἐν
376 3607 422 3640 Μ
439 3607 451 3650 ΙΙ
481 3602 601 3640 αὐτοῖς
624 3607 823 3649 Zachariae]
847 3608 920 3640 τοῖς
943 3604 988 3639 M
1007 3605 1059 3645 (ἐκ
1082 3602 1235 3649 διαπρά-
1304 3601 1422 3637 αὐτοῖς
1452 3603 1465 3646 ΙΙ
1498 3606 1541 3638 29
1563 3602 1743 3646 διάταξιν]
1769 3605 1845 3639 cod.
1863 3606 1896 3647 4,
1913 3611 1959 3646 3¹2,
1974 3611 2020 3638 27.
2072 3604 2123 3646 Cf.
2148 3614 2220 3637 nov.
2249 3601 2376 3637 CXXI.

157 3661 246 3685 σεως
282 3658 383 3685 tuetur
418 3654 507 3696 epit.)
539 3653 552 3695 ll
585 3650 711 3695 λαβεῖν
745 3649 788 3686 τὸ
828 3654 965 3696 τίμημα
999 3652 1059 3683 καὶ
1093 3647 1232 3695 λογίσα-
1307 3649 1544 3684 CXXXVIII
