2476 3854
97 89 204 133 Nov.
225 90 359 134 CLIX
391 92 428 133 2.
451 93 474 133 3

96 199 160 234 οὐκ
190 197 316 246 ὀρθῶς
346 199 430 235 οὐδὲ
460 198 709 245 προςηκόντως
731 196 956 245 Ἀλέξανδρος
986 196 1006 233 ὁ
1032 198 1174 241 ἐνδοξό-

97 257 202 280 τατος
213 246 282 289 τὴν
294 243 377 290 παρ’
392 244 502 280 αὐτοῦ
520 247 801 290 προτεινομένην
819 243 1036 287 ἐνεστήσατο
1053 243 1172 288 δίκην·

97 288 287 325 ἀπιουσῶν
322 290 362 324 δὲ
391 294 451 324 καὶ
481 291 634 332 τούτων,
669 289 717 324 ῶς
748 294 923 335 τέσσαρας
953 288 1022 333 ἤδη
1052 290 1176 336 γενεὰς

97 335 387 381 παρεληλυθέναι
420 335 548 379 δοκεῖν,
576 332 640 369 οὐκ
672 331 717 370 ἂν
740 332 1000 379 ὑπομείναιμεν
1024 331 1176 380 ἀρχαίαν

96 379 194 415 οὕτω
225 380 463 425 δικαστηρίοις
495 378 680 414 ὑπόθεσιν
711 378 998 425 παραδίδοσθαι,
1020 381 1176 424 μάλιστα

96 428 158 469 τῆς
183 429 467 460 Κωνσταντίνου
495 425 626 459 παιδὸς
650 427 709 459 ἐπὶ
732 428 813 460 νέας
836 422 934 459 οὕτω
958 426 1020 468 τῆς
1041 423 1177 469 ἡλικίας

97 470 344 513 καταλυσάσης
374 470 441 504 τὸν
476 474 570 514 βίον,
607 467 695 504 ὥςτε
724 469 794 504 κᾶν
825 472 856 504 εἰ
884 469 933 514 μὴ
961 468 1178 515 διαθέμενος

96 518 226 550 ἐκεῖνος
255 516 458 561 ἐτύγχανεν,
491 516 538 549 εἰς
561 513 630 558 τὴν
653 518 789 561 μητέρα
812 515 882 558 τὴν
906 513 1016 558 αὐτῆς
1039 515 1175 561 περιελ-

99 562 181 595 θεῖν
213 561 255 594 τὸ
289 561 516 605 προάστειον,
549 559 613 594 οὐκ
646 559 754 603 αὐτῆς
782 561 844 603 τῆς
871 563 952 595 νέας
976 562 1039 595 τοῦ
1063 559 1176 605 νόμου

1161 86 1246 133 742

1903 106 1965 137 DE
1995 107 2319 140 RESTITU'I'IONE

1244 200 1463 253 promeritis,
1494 212 1567 238 non
1595 205 1692 238 recte
1716 212 1829 248 neque
1853 206 2096 249 competenter
2119 205 2321 242 Alexander

1244 245 1419 290 gloriosus
1435 256 1458 281 a
1474 256 1513 282 se
1531 247 1774 284 advenientem
1794 249 1948 285 instituit
1962 249 2077 295 litem3
2100 251 2321 287 transeundo

1243 301 1330 344 yero
1348 294 1383 344 et
1398 291 1559 335 istorum,
1577 293 1671 338 quod
1684 296 1852 338 quattuor
1862 294 1933 329 iam
1945 295 2190 339 generationes
2203 299 2322 332 trans·

1244 346 1315 371 isse
1343 336 1531 388 ‘videntum
1568 348 1640 374 non
1675 338 1792 374 facere
1823 339 1963 384 quidem
1988 341 2171 386 antiquam
2202 340 2323 376 taliter

1212 381 1385 417 biudiciis
1415 382 1651 426 cognitionem
1679 384 1792 426 tradi,
1824 384 1975 420 maxime
1997 385 2222 421 Constantini
2245 386 2320 421 filia

1245 426 1363 462 adhuc
1394 427 1580 478 pupillaris
1610 428 1731 464 taliter
1753 429 1881 465 aetatis
1905 429 2031 465 functa
2053 431 2138 475 vita,
2168 432 2209 466 ut
2231 435 2268 466 et
2291 431 2323 466 si

1245 472 1350 507 etiam
1375 482 1451 507 sme
1471 476 1683 509 testamento
1708 474 1768 509 ille
1792 477 1896 514 esset,
1920 475 1957 510 in
1981 478 2129 510 matrem
2149 475 2225 510 eius
2242 485 2322 520 per-

1245 517 1367 551 venire
1387 517 1603 562 proastium,
1627 529 1699 554 non
1723 519 1836 564 ipsius
1860 520 2040 563 novellae,
2067 520 2136 563 legi
2159 530 2242 556 vero
2265 523 2323 555 ut-

1245 564 1328 606 pote
1360 562 1458 597 facta
1481 563 1609 598 horum
1632 573 1760 606 causa,
1794 568 1830 599 et
1852 564 1983 600 nullius
2007 565 2121 601 Hierii
2143 565 2323 609 gloriosae

96 605 135 639 δὲ
167 602 283 650 ὥςπερ
314 609 507 651 γενομένου
538 605 682 639 τούτων
706 607 831 647 αἰτίου,
852 609 912 639 καὶ
936 602 1077 641 οὐδενὸς
1100 608 1177 641 τῶν
1195 611 1232 642 10
1246 606 1435 642 memoriae
1448 607 1638 645 heredibus
1650 609 1745 644 circa
1756 609 1972 645 voluntatem
1988 610 2220 655 peccantibus
2233 610 2321 646 eius.

89 648 211 695 Ἶεριόυ
246 652 309 685 τοῦ
342 652 405 693 τῆς
435 648 583 691 ἐνδόξου
613 650 752 695 μνήμης
783 649 965 693 διαδόχων
997 655 1078 696 περὶ
1108 652 1177 694 τὴν

93 695 267 740 βούλησιν
298 693 569 742 ἁμαρτάνοντος
599 697 668 738 τὴν
698 696 822 730 αὐτοῦ.
869 699 929 729 καὶ
952 695 1022 742 γὰρ
1046 697 1076 730 εἰ
1101 695 1175 731 δια-

95 738 213 783 θήκας
236 744 518 775 Κωνσταντῖνος
547 742 701 787 γράφων
732 739 1043 776 ὑποκαταστάσεις
1074 742 1176 776 τινὰς

95 786 290 829 ἐποιήσατο
321 788 383 829 τῆς
404 785 534 822 παιδὸς
556 783 773 829 τελευτώσης
797 783 945 842 ἆνηβου,
970 786 1068 842 πλην
1090 784 1172 821 ἀλλ’

1245 652 1387 687 Etenim
1410 651 1476 698 (si)
1499 657 1747 688 testamentum
1776 654 2030 691 Constantinus
2055 655 2214 692 scribens
2238 655 2323 691 sub-

1245 697 1449 733 stitutiones
1471 698 1607 743 aliquas
1627 699 1713 734 fecit
1732 698 1807 734 filia
1827 699 1996 735 defuncta
2010 700 2205 745 impubere,
2228 702 2322 736 atta-

1244 752 1324 777 men
1348 742 1398 777 nil
1422 752 1466 777 ex
1489 743 1557 778 hoc
1580 743 1817 780 introducitur
1834 755 1997 789 magnum
2014 748 2050 781 et
2065 745 2179 790 ipsius
2195 755 2323 781 secun-

1245 787 1328 822 dum
1359 788 1428 823 hoc
1459 788 1544 832 legis
1567 789 1724 834 pupillae
1743 789 1847 824 matri
1869 789 2107 826 substantiam
2130 790 2324 836 praebente

93 829 199 866 οὐδὲν
218 831 395 865 ἐντεῦθεν
419 831 592 877 εἰςάγεται
615 835 716 877 μέγα,
730 834 800 884 ἱκαὶ,
814 844 929 886 ἀυτου
946 832 1024 866 καθ
1059 831 1174 866 αὐτὸν
1191 835 1230 866 15
1244 834 1455 868 testamento
1481 834 1571 868 citra
1589 834 1778 869 transitum
1802 844 1889 870 eam.

92 878 157 911 τοῦ
182 876 295 920 νόμου
319 878 363 923 τῇ
387 877 450 919 τῆς
472 879 553 911 νέας
570 880 679 922 μητρὶ
698 889 766 918 την
783 880 912 910 ουσίαν
930 877 1174 923 παρεξομένου

93 920 286 963 διαθηκῶν
308 924 414 967 χωρὶς
437 918 612 965 ἀπιούσης
635 919 754 964 αὐτῆς.

1084 989 1239 1026 CAPUT
1268 990 1332 1027 III.

163 1059 387 1100 Θεσπίζομεν
416 1061 540 1091 τοίνυν
569 1056 658 1100 μήτε
678 1055 915 1103 Ἀλέξανδρον
937 1055 1007 1092 τὸν
1027 1055 1171 1099 ἐνδοξό-

92 1116 206 1137 τατον
228 1100 262 1155 ἢ
274 1102 356 1136 τοὺς
380 1101 492 1136 αὐτοῦ
517 1101 648 1137 παῖδας
666 1102 756 1145 μήτε
778 1103 861 1138 τοὺς
885 1100 1072 1146 διαδόχους
1095 1105 1173 1138 τῶν

1306 1058 1493 1093 Sancimus
1517 1058 1635 1102 igitur,
1659 1069 1774 1104 neque
1791 1059 2033 1096 Alexandrum
2056 1060 2170 1096 virum
2191 1059 2323 1105 glorio-

1243 1114 1321 1139 sum
1336 1105 1401 1139 aut
1416 1104 1491 1139 eius
1506 1103 1599 1139 filios
1614 1114 1727 1150 neque
1743 1115 1969 1141 successores
1983 1105 2201 1149 reliquorum
2216 1105 2326 1141 Hierii

93 1148 232 1182 λοιπῶν
261 1150 373 1226 legion
402 1149 467 1181 τοῦ
500 1149 563 1189 τῆς
596 1145 743 1203 ἐνδόξου
768 1147 908 1203 μνήμης
930 1149 995 1182 τοῦ
1020 1152 1171 1193 πρεσβυ-
1188 1151 1229 1184 20
1242 1149 1418 1193 gloriosae
1434 1149 1625 1185 memoriae
1638 1150 1788 1186 senioris
1800 1151 1953 1186 filiorum
1966 1160 2081 1196 neque
2093 1150 2203 1203 aliurn
2214 1160 2324 1196 quen·

93 1197 196 1239 τέρου
227 1196 296 1228 nat
320 1205 374 1227 ων
401 1192 492 1237 μήτε
517 1191 628 1227 ἄλλον
649 1207 732 1227 τινα
755 1207 832 1228 των
857 1206 1012 1228 παντων
1035 1194 1083 1228 εἰς
1105 1192 1175 1236 τὴν

94 1237 210 1281 αὐτὴν
244 1234 528 1283 ἀναφερομένων
559 1237 736 1283 φαμιλίαν
766 1236 790 1281 ἢ
819 1238 911 1272 κατὰ
943 1242 1086 1273 Μαοίας
1115 1242 1175 1272 καὶ

94 1286 233 1328 Μαρίας
256 1285 335 1317 τῶν
359 1281 611 1323 ἐνδοξοτάτων
636 1283 815 1329 προφάσει
838 1285 917 1318 τῶν
939 1271 1024 1329 arag?
1051 1281 1176 1318 αὐτοῖς

93 1329 345 1363 καθεστώτων
378 1328 606 1383 πραγμάτων
629 1325 652 1371 ἢ
676 1329 768 1363 κατὰ
790 1330 867 1363 τῶν
891 1327 1014 1363 ἄλλων
1034 1332 1175 1383 χωρεῖν,

1244 1194 1327 1229 dam
1361 1204 1404 1230 ex
1441 1194 1603 1231 omnibus
1638 1195 1675 1230 in
1710 1195 1786 1232 eius
1823 1195 2056 1231 constitutum
2091 1195 2229 1231 familia
2262 1198 2326 1231 aut

1245 1242 1371 1275 contra
1387 1239 1538 1274 Mariam
1562 1242 1599 1276 et
1614 1240 1766 1276 Mariam
1781 1240 1953 1285 gloriosas
1970 1240 2120 1276 feminas
2137 1241 2325 1277 occasione

1244 1295 1362 1320 rerum
1385 1285 1481 1330 apud
1506 1295 1566 1320 eas
1588 1287 1863 1322 constitutarum
1878 1288 1942 1322 aut
1957 1288 2083 1322 contra
2099 1286 2190 1322 alios
2205 1295 2324 1330 agere,

1245 1330 1341 1375 apud
1373 1340 1462 1374 quos
1489 1340 1546 1366 res
1579 1331 1796 1366 constitutae
1823 1334 1907 1367 sunt
1929 1341 2026 1367 nunc
2048 1334 2112 1366 aut
2133 1331 2171 1366 in
2194 1331 2325 1376 quibus

93 1371 181 1429 atotp'x
211 1373 262 1426 οἷς
289 1373 336 1408 τὰ
363 1386 566 1427 -πραγματα
596 1374 800 1417 καθέστηκε
826 1375 895 1408 νῦν
918 1371 942 1417 ἢ
963 1377 1025 1408 καὶ
1048 1375 1095 1408 εἰς
1116 1372 1177 1409 οὓς
1191 1377 1231 1409 25
1244 1374 1366 1411 futuro
1392 1375 1614 1420 pervenerint
1637 1378 1807 1422 tempore,
1830 1377 1868 1412 in
1887 1377 2016 1422 quibus
2033 1375 2177 1413 Hierius
2194 1376 2325 1420 glorio·

93 1431 185 1454 κατα
216 1432 284 1452 τον
315 1419 395 1462 ἑξης
426 1418 655 1464 περιέλθοιεν
685 1418 829 1464 χρόνον,
861 1416 915 1465 ἐφ’
946 1418 997 1453 οἷς
1020 1418 1135 1467 Ἱέριος
1155 1417 1175 1453 ὁ

92 1466 155 1508 τῆς
178 1462 326 1504 ἐνδόξου
349 1463 489 1509 μνήμης
509 1463 672 1499 κωλύσας
696 1462 868 1511 ἐτύγχανε
891 1464 960 1508 τὴν
978 1466 1176 1508 ἐκποίησιν,

93 1508 114 1553 ἢ
137 1506 230 1544 ὅλως
252 1510 463 1555 μεμνῆσθαι
493 1509 622 1544 λοιπὸν
646 1510 709 1552 τῆς
732 1509 920 1544 κωλύσεως
942 1513 1002 1544 καὶ
1025 1512 1090 1545 τοῦ
1115 1511 1178 1554 τῆς

94 1553 264 1609 φαμιλίας
282 1552 475 1608 τόνόματος
505 1559 569 1589 καί
597 1567 634 1588 τι
666 1553 807 1590 δίκαιον
835 1556 1115 1598 κατασκευάζειν
1139 1557 1178 1589 ἐκ

1246 1430 1308 1457 sae
1322 1421 1514 1456 memoriae
1529 1421 1721 1466 prohibens
1739 1421 1808 1456 fuit
1822 1422 2083 1462 alienationem,
2103 1425 2168 1457 aut
2182 1421 2325 1467 omnino

1247 1475 1338 1510 quae
1361 1466 1548 1501 memorari
1567 1466 1808 1511 prohibitione
1829 1469 1867 1502 et
1887 1466 2045 1502 familiae
2065 1476 2193 1502 nomen
2207 1468 2245 1502 et
2259 1466 2324 1502 ali-

1247 1511 1342 1556 quod
1371 1511 1428 1547 ius
1459 1511 1637 1547 fabricare
1664 1522 1708 1547 ex
1731 1512 1818 1555 hoc,
1850 1515 1891 1547 ut
1913 1511 1993 1548 aliis
2016 1511 2129 1547 Hierii
2150 1511 2326 1556 gloriosae

1247 1557 1436 1592 memoriae
1466 1556 1549 1592 filiis
1578 1557 1666 1602 ipsis
1698 1557 1936 1593 alienantibus
1965 1559 2002 1593 et
2036 1556 2326 1593 convenientibus

93 1613 231 1642 τουτου,
263 1612 311 1635 ως
340 1604 400 1634 καὶ
431 1601 509 1635 τῶν
542 1598 664 1635 ἄλλων
697 1598 817 1655 Ἱεριόυ
848 1602 913 1635 τοῦ
944 1602 1007 1655 τῇς
1031 1598 1176 1641 ἐνδόξου
1191 1604 1233 1637 30
1247 1601 1340 1637 sicut
1366 1604 1403 1637 et
1431 1601 1648 1647 reliquorum
1671 1603 1960 1644 alienationibus,
1985 1605 2021 1638 et
2042 1602 2206 1647 primitus
2230 1602 2326 1638 leva-

92 1647 232 1690 μνήμης
262 1644 354 1679 υἱῶν
379 1645 426 1679 τὰ
451 1642 575 1679 αὐτῶν
598 1647 875 1688 ἐκποιησαντων
899 1658 1095 1691 πραγματα
1118 1649 1178 1680 καὶ

94 1689 420 1736 συμφωνησάντων
451 1687 565 1736 ὥςπερ
594 1694 654 1724 καὶ
683 1694 761 1725 ταῖς
787 1692 864 1725 τῶν
895 1690 1035 1726 λοιπῶν
1058 1693 1177 1725 ἐκποι-

93 1736 196 1779 ήσεσι
226 1739 287 1769 καὶ
318 1734 601 1780 προανελόντων
640 1740 744 1782 σφίσι
777 1749 818 1770 τε
853 1732 973 1771 αὐτοῖς
1010 1739 1071 1770 καὶ
1104 1739 1177 1771 τοῖς

94 1778 275 1823 διαδόχοις
297 1780 362 1814 τὰς
386 1779 586 1835 δυνιαμένας
608 1779 805 1826 ἁρμόττειν
824 1778 966 1828 ἀγωγὰς
984 1783 1021 1815 ἐκ
1036 1780 1176 1819 τούτου,

1246 1651 1370 1682 rentur
1392 1650 1428 1683 et
1450 1647 1539 1692 ipsis
1555 1651 1591 1683 et
1607 1647 1877 1684 successoribus
1894 1657 1985 1693 quae
2001 1650 2153 1692 possunt
2167 1646 2326 1683 actiones

1248 1696 1451 1737 competere
1475 1692 1519 1728 de
1542 1692 1622 1737 hoc,
1647 1696 1684 1729 et
1706 1693 1786 1729 aliis
1810 1703 1900 1738 quos
1919 1692 2226 1738 apprehendentes
2242 1692 2325 1728 reli-

1247 1738 1386 1782 quimus
1414 1737 1612 1776 intellectui
1642 1738 1690 1773 ad
1712 1738 1916 1774 huiusmodi
1939 1737 2043 1774 nobis
2065 1736 2326 1774 sufficientibus

1244 1782 1415 1818 iudicium
1439 1786 1475 1818 et
1498 1783 1766 1827 legislationem.
1814 1783 1864 1819 Et
1887 1783 1982 1819 hanc
2006 1792 2084 1819 esse
2108 1781 2326 1819 decisionem

93 1829 154 1861 καὶ
176 1827 254 1860 τῶν
278 1823 400 1860 ἄλλων
423 1838 482 1880 ους
507 1825 721 1881 φθάσαντες
736 1829 871 1871 ἔφημεν
888 1826 1072 1872 λογισμῶν
1087 1826 1176 1871 πρὸς
1190 1829 1232 1862 35

95 1872 163 1914 τὴν
193 1871 364 1914 τοιαύτην
394 1868 481 1916 ἧμιν
504 1884 714 1915 αρκουντων
737 1875 856 1915 κρίσιν
879 1885 919 1906 τε
942 1875 1001 1905 καὶ
1019 1872 1176 1916 νομοθε-

93 1920 190 1950 σίαν.
238 1919 297 1949 καὶ
322 1914 461 1959 ταύτην
484 1916 576 1950 εἶναι
599 1916 716 1959 τομὴν
739 1916 780 1949 οὐ
805 1918 866 1959 τῆς
890 1915 1071 1962 παρούσης
1088 1915 1175 1951 ὑπο-

92 2022 240 2054 nostrae
269 2019 376 2053 etiam
406 2027 522 2052 nurus
552 2016 622 2052 hac
653 2015 898 2063 appellatione
929 2016 1140 2063 diquantur,
1166 2027 1242 2053 non
1272 2020 1370 2053 recte
1399 2027 1515 2063 neque
1544 2016 1712 2053 decenter
1735 2016 1946 2053 Alexander
1967 2016 2024 2052 vir
2044 2016 2327 2063 gloriosissimus

94 2065 189 2099 litem
220 2062 264 2098 ab
296 2063 377 2109 ipso
407 2062 579 2098 intentam
603 2062 778 2104 instituit‚·
808 2073 929 2098 verum
952 2064 986 2098 si
1007 2061 1076 2098 hae
1099 2073 1243 2108 quoque
1266 2061 1452 2104 decedunt,
1475 2065 1515 2097 ut
1538 2062 1610 2098 iam
1635 2066 1810 2108 quattuor
1831 2062 2086 2108 qenerationes
2105 2061 2326 2108 praeterisse

93 2110 293 2151 videantur,
324 2119 399 2143 non
423 2108 611 2153 patiemur
643 2111 716 2142 tam
747 2111 921 2143 vetustam
952 2118 1097 2143 causam
1131 2107 1230 2143 tradi
1257 2107 1414 2149 iudiciis,
1445 2107 1603 2143 maxime
1634 2118 1714 2143 cum
1739 2107 1966 2143 Constantini
1983 2107 2063 2152 filia
2087 2102 2178 2143 adeo
2202 2110 2327 2143 tenera

93 2158 212 2190 aetate
242 2154 351 2189 vitam
378 2153 526 2198 finierit,
558 2156 600 2188 ut
628 2153 736 2188 etiam
765 2152 797 2187 si
825 2153 927 2198 forte
956 2153 989 2188 is
1020 2156 1267 2189 testamentum
1298 2163 1370 2188 non
1392 2152 1551 2198 fecisset,
1586 2156 1704 2189 tamen
1729 2152 1779 2188 ad
1798 2157 1948 2188 matrem
1972 2152 2049 2188 eius
2069 2155 2327 2198 perventurum

93 2203 185 2235 esset
206 2198 402 2251 praedium
433 2197 690 2241 suburbanum,
722 2208 801 2233 cum
835 2209 909 2233 non
940 2199 1020 2244 ipsa
1049 2198 1212 2245 pupilla,
1245 2197 1311 2233 sed
1339 2198 1403 2233 leae
1432 2198 1516 2243 fere
1547 2196 1675 2233 horum
1699 2207 1811 2233 causa
1832 2202 1941 2240 esset,
1973 2197 2111 2233 etiamsi
2133 2196 2255 2232 nullus
2277 2207 2327 2232 ea:

96 2244 210 2280 ‚Hieriz
242 2243 427 2290 yloriosae
457 2243 651 2279 memoriae
680 2242 948 2278 successoribus
979 2244 1077 2279 circa
1108 2243 1326 2278 voluntatem
1357 2243 1435 2278 eius
1446 2247 1647 2289 peccasset.
1696 2242 1791 2278 Nam
1814 2243 1882 2278 etsi
1906 2241 2165 2279 Constantinus
2185 2242 2325 2288 scripto

95 2292 307 2325 testamento
332 2288 506 2334 quasdam
531 2288 803 2324 substitutiones
824 2288 927 2333 fecit,
959 2288 992 2323 si
1013 2288 1094 2330 filia
1116 2288 1215 2324 intra
1226 2288 1456 2340 pubertatem
1479 2292 1691 2330 moreretur,
1722 2291 1839 2324 tamen
1862 2287 1947 2323 inde
1968 2297 2081 2333 qrave
2103 2285 2196 2322 nihil
2215 2287 2325 2322 intro·

93 2334 247 2375 ducitur,
273 2344 353 2369 cum
377 2338 412 2370 et
435 2335 516 2386 ipsa
539 2333 601 2369 lex
617 2344 690 2379 per
713 2344 750 2369 se
766 2334 876 2369 matri
886 2333 1051 2380 pupillae
1065 2333 1302 2369 substanttam
1314 2332 1529 2380 praebitura
1544 2338 1648 2375 esset,
1671 2333 1704 2368 si
1719 2343 1763 2368 ea
1783 2332 1861 2374 sine
1878 2336 2089 2368 testamento
2105 2331 2323 2369 decessisset.

229 2379 294 2415 111.
343 2378 534 2414 Sanczmus
567 2379 692 2424 iyitur,
727 2389 844 2424 neque
875 2378 1127 2414 Alexandrum
1162 2378 1276 2414 virum
1312 2378 1612 2425 gloriosissimum
1646 2379 1764 2414 eiusve
1795 2377 1925 2414 liberos
1956 2388 2072 2423 neque
2099 2386 2327 2413 successores

94 2428 294 2461 ceterorum
318 2423 441 2460 Hierii
468 2424 622 2460 senioris
650 2424 836 2469 qloriosae
866 2424 1060 2459 memoriae
1091 2422 1296 2466 liberorum,
1328 2434 1443 2469 neque
1473 2423 1584 2458 alium
1615 2422 1727 2458 ullum
1758 2433 1808 2459 ex
1832 2422 1996 2458 omnibus
2019 2423 2084 2468 qui
2106 2421 2157 2457 ad
2178 2421 2327 2458 eandem

92 2470 273 2515 familiam
297 2470 511 2515 referuntur
535 2472 601 2504 aut
623 2472 752 2505 contra
775 2468 934 2504 Mariam
958 2473 994 2504 et
1016 2467 1175 2504 Mariam
1197 2468 1356 2514 feminas
1378 2468 1660 2515 qloriosissimas
1682 2468 1827 2503 nomine
1847 2478 1968 2503 rerum
1991 2477 2085 2514 quae
2107 2465 2210 2519 apud
2226 2467 2328 2514 ipsas

93 2518 224 2551 extant
251 2518 316 2549 aut
346 2519 475 2550 eontra
504 2518 642 2550 ceteros
666 2513 869 2561 procedere
900 2513 1003 2560 apud
1033 2524 1124 2560 quos
1152 2524 1211 2549 res
1235 2524 1331 2549 nunc
1362 2517 1495 2549 extant
1524 2513 1580 2549 vel
1602 2514 1710 2549 etiam
1735 2512 1785 2548 ad
1807 2523 1900 2558 quos
1923 2513 1961 2548 in
1980 2517 2142 2558 sequentt
2167 2516 2328 2558 tempore

91 2566 332 2606 perventurae
356 2563 451 2602 sunt,
475 2559 512 2594 in
538 2559 669 2605 quibus
693 2558 843 2595 Hierius
866 2559 1050 2605 yloriosae
1073 2559 1266 2594 memoriae
1286 2559 1390 2604 forte
1414 2558 1667 2594 alienationem
1682 2557 1889 2610 prohibuit,
1912 2561 1978 2593 aut
1991 2557 2136 2593 omnino
2150 2556 2188 2592 in
2201 2561 2327 2604 poste-

93 2615 174 2640 rum
205 2605 417 2640 mentionem
446 2605 573 2651 facere
596 2603 858 2651 prohibitionis
888 2608 923 2640 et
946 2604 1103 2640 nominis
1123 2603 1291 2650 familiae
1314 2607 1424 2649 atque
1447 2603 1559 2638 ullum
1583 2602 1653 2638 sibi
1675 2603 1759 2639 mae
1782 2604 1839 2639 ius
1856 2613 2009 2649 parare,
2035 2602 2171 2654 quippe
2193 2612 2274 2638 cum
2292 2604 2329 2638 et

94 2650 204 2686 ceteri
227 2649 349 2684 Hierii
367 2649 552 2692 gloriosae
573 2650 766 2701 memoriae
786 2649 857 2695 filii
879 2660 939 2685 res
961 2660 1048 2685 suas
1071 2649 1272 2685 alienarint
1293 2652 1329 2684 et
1351 2648 1506 2693 quodam
1530 2647 1637 2684 modo
1652 2648 1875 2694 reliquorum
1891 2658 2034 2694 quoque
2049 2646 2328 2683 alienationibus

95 2695 340 2730 consenserint
364 2700 474 2740 atque
498 2700 570 2730 tam
593 2694 663 2730 sibi
672 2705 776 2774 ἄρεω·
799 2705 908 2740 quam
931 2695 1197 2730 successoribus
1218 2694 1296 2729 suis
1318 2694 1481 2729 actiones
1504 2704 1598 2740 quae
1627 2692 1710 2729 hinc
1734 2696 1934 2774 comssetere

685 2705 695 2728 z

95 2739 214 2782 lerint,
230 2743 266 2774 et
281 2743 421 2780 ceterae
440 2750 532 2785 quas
547 2743 653 2774 antea
692 2742 712 2775 i

141 2843 161 2876 2
185 2838 310 2874 αὐτῶν
324 2841 368 2873 Μ
380 2842 392 2885 11
410 2843 704 2887 προτεινομένην]
729 2842 959 2875 advenientem
975 2843 1010 2884 (i.
1024 2854 1050 2875 e.
1068 2851 1178 2885 προσ-

96 2888 292 2965 γᾶῖομένην
302 2886 374 2964 Ὁές
386 2889 398 2927 11
412 2889 434 2920 4
446 2883 719 2964 ὑπῗμῖιείναιμεν]
738 2887 844 2920 facere
860 2887 995 2929 quidem
1011 2887 1088 2964 {EG
1105 2887 1177 2928 ἐπὶ]

95 2943 138 3012 li}
163 2943 205 3010 ¹:3⁰
226 2944 303 3010 ‘ll-mee·
323 2931 1038 3011 §gviscllwvzmzuzelzavgrmwssapggzzug
1056 2942 1144 3019 221:qu
1167 2931 1180 3019 11

94 3020 248 3071 γράφειν
271 3022 323 3055 La
340 3022 352 3066 11
373 3024 412 3056 18
422 3034 469 3064 sq.
495 3018 612 3064 *μηδὲ
627 3040 670 3045 -
719 3018 781 3063 ηδὲ
804 3022 876 3055 ML
894 3022 906 3064 11
928 3024 967 3056 19
993 3020 1179 3063 διαδόχους

96 3082 155 3101 om.
180 3069 212 3102 L
241 3067 254 3111 11
284 3068 326 3100 21
358 3063 536 3101 namus-L
562 3066 574 3110 11
604 3034 720 3109 *μηδὲ
744 3066 817 3099 ML
847 3072 859 3111 11
888 3065 1011 3100 ἄλλων
1035 3068 1066 3100 L
1096 3069 1108 3107 11
1137 3068 1179 3100 22

96 3109 211 3157 αὐτὴν
235 3114 292 3154 Μ]
317 3107 441 3145 αὐτῶν
461 3112 492 3145 L
518 3111 588 3143 eius
611 3123 630 3147 ς
649 3111 661 3155 11
684 3107 979 3156 ἀναφερομένων]
1016 3112 1179 3145 constitu-

95 3162 167 3191 tum
198 3160 237 3200 (i.
263 3172 288 3192 e.
321 3154 606 3202 ἀναφερόμενον)
632 3168 651 3192 ς
679 3160 758 3197 sort.
784 3165 866 3190 recte
891 3156 903 3199 11
930 3159 971 3190 26
1004 3155 1073 3190 τὸν
1106 3158 1179 3190 Ha-

97 3205 244 3245 loander]
268 3202 346 3236 τῶν
368 3203 440 3236 ML
458 3202 470 3246 11
489 3203 531 3236 28
559 3199 691 3235 λοιπὸν
715 3214 773 3234 om.
798 3214 817 3237 ς
836 3202 906 3243 1130
930 3200 1073 3235 τούτων
1096 3202 1146 3235 La
1170 3200 1182 3245 11

96 3251 137 3284 31
164 3245 289 3282 αὐτῶν
312 3249 343 3281 L
371 3247 384 3286 ss
414 3245 611 3293 πράγματα
634 3259 692 3280 om.
718 3258 738 3282 ς
765 3246 778 3289 11
808 3247 849 3280 33
873 3244 1181 3291 *προανελόντων

95 3296 215 3337 scripsi
248 3307 287 3328 es·
321 3295 352 3334 ς]
389 3290 686 3337 προςανελόντων
723 3291 795 3324 ML
819 3291 830 3332 11
853 3294 956 3336 σφίσι
991 3303 1031 3325 τε
1063 3287 1181 3325 αὐτοῖς

96 3342 167 3381 καὶ]
192 3338 261 3381 τὴν
286 3341 412 3382 σφῒσιν
434 3338 475 3371 τέ
497 3339 557 3371 καὶ
580 3338 609 3371 L
626 3337 639 3415 11
658 3338 707 3370 34
725 3332 868 3370 τούτων
891 3337 923 3369 L
941 3336 953 3379 11
978 3338 1019 3370 35
1046 3337 1182 3380 ἔφημεν

97 3382 292 3430 λογισμῶν]
319 3384 515 3426 reliquimus
539 3382 623 3415 intel
638 3382 727 3415 ectui
751 3393 771 3418 ς

143 3519 163 3551 2
195 3519 225 3558 a]
259 3517 300 3549 ad
323 3518 411 3561 ναῖς.
442 3516 454 3559 11
481 3516 714 3549 aduenientem
739 3516 828 3557 RV]
855 3514 1126 3547 adinucnientcm
1155 3516 1187 3547 Τ

97 3563 283 3595 venientem
307 3563 394 3605 vulo.
414 3562 426 3606 11
452 3561 545 3595 litem
573 3563 605 3595 T
623 3563 724 3606 vala]
749 3561 826 3595 litte
852 3562 886 3602 (i.
913 3573 938 3593 e.
963 3559 1087 3601 littere)
1111 3560 1188 3593 RV

97 3608 143 3651 113
170 3607 259 3648 quod
280 3608 342 3641 del.
361 3608 412 3640 T²
427 3607 440 3651 11
458 3609 479 3641 4
505 3607 677 3640 mdentur
700 3607 749 3641 V¹
796 3608 816 3641 5
842 3605 1056 3639 Constantini
1073 3605 1179 3646 Beck]

99 3652 301 3685 constituens
331 3652 539 3694 (constitutio
562 3653 627 3693 Ra)
658 3653 736 3687 libri
805 3653 825 3685 6
850 3650 963 3685 taliter
986 3663 1048 3684 scr.
1072 3649 1122 3684 V³
1146 3652 1178 3684 in

710 2740 834 2775 ximus
849 2740 1011 2774 rationes
1027 2739 1077 2774 ad
1091 2738 1266 2774 eiusmodi
1281 2738 1450 2774 iudicium
1468 2743 1502 2774 et
1517 2739 1740 2774 sanctionem
1757 2749 1803 2774 no

1978 2692 2091 2728 ossint
2116 2692 2188 2728 iam
2210 2696 2327 2727 sustu-

1830 2739 1860 2773 is
1873 2738 1945 2784 suf
1966 2737 2074 2773 ciant.
2106 2739 2224 2783 Atque
2238 2735 2328 2772 haec

1248 2848 1332 2884 spat.
1355 2852 1429 2875 vae.
1448 2840 1460 2884 11
1478 2840 1591 2873 functe
1614 2841 1689 2874 RV
1709 2840 1845 2873 functae
1871 2839 1922 2872 1¹¹
1941 2843 1953 2883 11
1969 2838 2060 2872 uitae
2082 2838 2115 2871 T
2128 2838 2141 2882 11
2157 2840 2190 2871 et
2213 2850 2270 2871 om.
2299 2837 2333 2871 T

1246 2886 1334 2929 vulq.
1361 2885 1374 2930 11
1396 2886 1416 2919 8
1441 2895 1521 2919 uero
1544 2885 1612 2927 legi
1636 2886 1669 2918 R
1693 2886 1800 2929 vuly.;
1825 2897 1888 2918 scr.
1912 2883 1996 2926 legis
2021 2882 2124 2916 vero?
2139 2884 2152 2926 11
2170 2884 2210 2916 ut
2234 2883 2327 2926 pate·

1248 2931 1335 2964 sacta
1359 2941 1472 2964 eorum
1494 2931 1526 2964 T
1545 2930 1558 2974 11
1583 2933 1604 2965 9
1628 2929 1743 2963 nullus
1767 2930 1799 2963 R
1821 2928 1834 2973 11
1861 2928 1923 2962 etii
1948 2929 1981 2962 T
2001 2927 2014 2972 11
2038 2930 2079 2962 10
2107 2927 2154 2960 eis
2178 2925 2259 2971 T¹11
2285 2928 2323 2961 11

1248 2976 1382 3017 etenim]
1408 2978 1441 3008 et
1459 2975 1509 3009 12¹
1526 2975 1539 3020 11
1556 2975 1587 3009 si
1611 2976 1688 3009 add.
1707 2975 1830 3019 Beckfl
1850 2975 1891 3008 12
1914 2975 2059 3006 attamen
2083 2973 2181 3016 vulq.]
2202 2973 2237 3004 at
2259 2973 2327 3004 tam

1248 3022 1281 3054 R
1295 3022 1323 3054 V
1342 3021 1383 3053 ad
1407 3023 1476 3053 tam
1502 3022 1533 3054 T
1553 3020 1565 3063 11
1591 3021 1631 3055 13
1656 3019 1761 3052 nichil
1789 3020 1821 3053 T
1838 3019 1850 3062 11
1873 3017 2066 3059 secundum]
2091 3018 2125 3050 et
2146 3016 2327 3049 secundum

1250 3066 1282 3100 T
1290 3066 1302 3087 ²
1331 3065 1344 3109 11
1373 3067 1413 3100 15
1435 3067 1525 3099 circa
1542 3066 1576 3098 R
1597 3064 1611 3109 11
1642 3066 1702 3109 leq.
1727 3063 1910 3097 transitura
1930 3062 1993 3096 ea?
2018 3062 2030 3105 11
2057 3063 2098 3096 19
2122 3061 2327 3104 reliquorum

1249 3111 1354 3151 Beck]
1378 3110 1567 3152 relinquere
1583 3110 1721 3153 Vvulq„
1747 3121 1804 3141 om.
1821 3109 1891 3142 RT
1903 3110 1915 3150 11
1932 3107 2019 3140 herii
2041 3107 2073 3140 T
2085 3106 2098 3150 11
2116 3108 2157 3141 20
2181 3106 2328 3141 filiorum

1250 3157 1354 3196 Beck]
1390 3154 1477 3188 filios
1503 3155 1574 3188 ΒΤ
1599 3155 1684 3198 vulo.
1711 3153 1791 3186 filiis
1813 3154 1845 3186 V
1871 3152 1884 3196 11
1913 3154 1952 3186 21
1987 3151 2149 3185 familiam
2177 3150 2252 3192 Ta]
2284 3153 2328 3186 22

1249 3202 1282 3233 et
1311 3200 1456 3233 enariam
1483 3200 1545 3241 Τί,
1577 3211 1635 3232 om.
1660 3199 1694 3232 R
1717 3198 1729 3242 11
1755 3198 1961 3231 occasionem
1986 3196 2035 3230 R¹
2057 3197 2188 3230 actione
2208 3197 2325 3240 17124

1249 3247 1319 3286 aut]
1344 3247 1453 3278 autem
1475 3244 1536 3278 VT
1549 3243 1562 3287 11
1578 3244 1615 3276 in
1639 3243 1772 3285 quibus]
1794 3243 1915 3285 quibus
1940 3243 1975 3275 in
1997 3241 2053 3286 Vll
2071 3243 2112 3276 25
2137 3243 2328 3286 peruenerit

1259 3291 1323 3323 VT
1340 3289 1543 3333 perueniunt
1566 3289 1598 3322 R
1627 3289 1640 3332 11
1668 3290 1709 3322 25
1735 3290 1881 3331 tempore
1903 3288 1940 3321 in
1965 3287 2087 3330 quibus
2111 3299 2169 3321 om.
2195 3287 2225 3320 V
2241 3285 2254 3331 11
2284 3288 2327 3321 26

1250 3334 1316 3368 fuit
1339 3335 1444 3375 Beck]
1467 3333 1546 3367 fecit
1570 3334 1647 3367 libri
1669 3334 1681 3377 11
1707 3335 1747 3368 27
1780 3336 1875 3376 quae]
1901 3343 1967 3376 quo
1991 3334 2078 3376 vulq.
2101 3331 2114 3375 11
2140 3332 2326 3373 memorari]

1249 3379 1438 3412 memorarii
1460 3380 1492 3412 V
1509 3378 1699 3412 memoriam
1723 3379 1792 3412 RT
1810 3380 1896 3423 vulq.
1914 3378 1927 3422 11
1943 3376 2181 3421 prohibitione]
2208 3387 2229 3409 a
2250 3387 2326 3420 pro—

1250 3424 1414 3458 hibitione
1435 3424 1490 3467 Vl]
1508 3423 1636 3466 aliquid
1661 3425 1693 3458 R
1708 3423 1720 3468 11
1740 3425 1782 3459 28
1807 3424 1860 3456 ius
1883 3436 1941 3457 om.
1967 3422 2015 3456 Β*
2037 3423 2049 3466 11
2075 3424 2126 3463 ex]
2151 3425 2184 3455 et
2207 3431 2246 3455 ex
2268 3421 2328 3466 Vfl

1251 3471 1293 3505 29
1316 3469 1503 3511 memoriae]
1520 3469 1677 3512 proibens
1694 3469 1775 3502 fecit
1788 3489 1828 3493 —
1843 3468 2034 3502 memoriam
2050 3479 2088 3501 ex
2102 3468 2145 3502 26
2154 3479 2202 3510 sq.
2218 3478 2327 3500 errore

1251 3515 1327 3548 add.
1352 3514 1400 3547 12¹
1420 3513 1433 3558 11
1448 3515 1531 3558 ipsis
1555 3528 1613 3548 om.
1636 3514 1694 3559 Vss
1709 3513 1945 3554 alienantibus]
1966 3524 2018 3546 res
2043 3513 2119 3546 add.
2147 3510 2265 3554 Beck„
2283 3511 2326 3544 30

1249 3559 1455 3592 lcuiaruntur
1477 3561 1509 3593 T
1521 3560 1533 3603 11
1552 3561 1591 3594 31
1615 3561 1648 3593 et
1671 3559 1752 3602 ipsis
1777 3561 1824 3594 ed.
1845 3561 1965 3603 priua]
1991 3559 2023 3591 et
2046 3556 2112 3600 ipsi
2133 3556 2166 3589 R
2188 3556 2253 3598 ipsi
2271 3554 2332 3589 VT

1248 3603 1308 3683 let
1332 3618 1390 3638 om.
1415 3605 1464 3638 12¹
1492 3607 1504 3649 11
1526 3606 1666 3648 possunt
1691 3616 1751 3638 om.
1782 3605 1812 3638 T
1821 3604 1831 3625 ¹
1854 3603 1867 3649 11
1895 3603 2112 3637 alienationes
2133 3600 2187 3646 Vss
2206 3602 2249 3635 32
2273 3610 2325 3634 re-

1262 3650 1432 3692 inquimus
1456 3651 1491 3683 R

2460 3509 2476 3854 h—-n———aA-m-n-
2460 3162 2476 3504 *unu-mmuh
2469 3109 2476 3152 ,-
2469 3036 2476 3099 -...-
2473 3017 2476 3024 .
2472 2949 2476 2961 ..
2472 2930 2476 2942 -
