2476 3854
144 146 252 192 Nov.
274 147 396 192 CXII
425 152 450 193 3
481 163 544 204 ep.
1219 143 1301 192 528
2048 161 2108 192 nn
2135 161 2371 194 Lmemffls

142 259 167 295 2
213 260 368 304 νόμιαον
392 257 574 302 δέχεσθαι.
645 259 676 292 εἰ
699 256 740 292 δὲ
757 258 1038 303 προτιθεμένων
1061 260 1138 293 τῶν
1162 258 1227 293 ἰδί-
1296 260 1319 294 2
1354 259 1478 293 timum
1494 260 1676 295 sortiatur.
1724 259 1763 296 Si
1774 270 1856 296 vero
1873 261 2066 306 propositis
2083 261 2207 298 edictis
2222 266 2371 298 vocatus

143 317 242 338 κτων
265 294 410 348 κληθεὶς
433 305 480 338 εἰς
502 304 544 337 τὸ
568 301 801 348 δικαστήριον
819 303 943 337 ἐλθεῖν
967 307 1027 337 καὶ
1050 303 1114 338 τὰς
1138 302 1229 338 ἰδίας
1297 304 1342 339 ad
1357 304 1528 339 iudicium
1551 306 1670 340 venire
1694 309 1730 340 et
1751 315 1834 341 suas
1857 305 2072 341 intentiones
2096 310 2160 341 aut
2173 317 2238 352 per
2252 318 2291 343 se
2308 310 2371 343 aut

145 350 328 395 ἐναγωγὰς
344 347 365 391 ἢ
383 346 434 382 δι’
450 349 577 382 ἑαυτοῦ
594 346 616 391 ἢ
633 346 693 381 διὰ
710 352 862 392 νομίμου
879 347 1061 394 (καθάπερ
1078 349 1228 406 εἴρηται)
1296 359 1360 394 per
1376 349 1567 393 legitimum
1586 351 1691 393 (sicut
1711 350 1845 385 dictum
1865 353 1931 393 est)
1954 355 2221 395 procuratorem
2240 363 2370 397 propo-

144 393 316 428 ἐντολέως
339 394 534 439 προθεῖναι
556 393 606 438 μὴ
630 393 848 437 βουληθείη,
878 394 1079 436 τηνικαῦτα
1101 397 1229 440 ςτέραν
1296 404 1380 429 nere
1403 394 1569 439 noluerit,
1593 400 1679 430 tunc
1699 396 1795 430 aliud
1818 396 1924 430 unius
1948 396 2033 430 anni
2055 397 2208 441 spatium
2232 397 2265 432 ei
2285 408 2371 432 con·

144 439 223 473 ἑνὸς
247 440 410 473 ἐνιαυτοῦ
436 438 668 485 προθεσμίαν
692 435 790 481 αὐτῷ
816 450 934 484 συγχω
958 440 1076 483 οὗμεν,
1102 440 1142 485 ᾑς
1173 441 1227 473 ἐν·
1264 441 1283 472 5
1298 438 1465 483 cedimus,
1486 440 1580 475 intra
1596 441 1690 485 quod
1711 441 1780 476 nisi
1797 451 1898 476 suam
1916 440 2148 476 intentionem
2166 441 2275 476 fuerit
2291 452 2370 488 per·

143 485 205 518 τὸς
228 485 259 517 εἰ
278 483 326 528 μὴ
353 485 395 531 τῇ
421 482 498 526 ἰδίᾳ
521 482 714 524 ἐπεξέλθοι
736 484 911 531 ἐναγωγῇ,
961 481 1084 528 ἰδομηεν
1100 482 1228 518 ἄδειαν
1296 486 1453 527 secutus,
1477 485 1601 520 damus
1619 486 1798 521 licentiam
1822 486 1931 521 iudici
1947 488 1983 521 et
1998 487 2146 522 absente
2169 486 2371 523 adversario

144 530 198 571 τῷ
222 526 371 575 δικαστῇ
395 531 455 562 καὶ
479 526 638 563 ἀπόντος
659 529 724 563 τοῦ
745 526 931 562 ἀντιδίκου
954 529 1017 563 τὰς
1038 530 1102 563 τοῦ
1126 540 1228 574 προς·
1297 529 1410 574 partis
1447 531 1686 575 permanentis
1726 531 1955 575 allegationes
1996 532 2190 566 secundum
2229 536 2372 567 nostras

144 572 375 619 εδρεύσαντος
402 576 528 619 μέρους
559 572 717 608 dinamio
742 578 796 608 ιάς
826 573 918 607 κατὰ
939 574 1020 607 τοὺς
1044 572 1228 621 ἡμετέρους
1297 576 1391 617 leges
1424 575 1625 611 examinare
1655 580 1691 611 et
1713 576 1862 611 veritate
1892 576 2055 611 subtilius
2086 576 2257 620 requisita
2286 577 2370 622 legi-

144 619 272 661 νόμους
290 619 471 661 ἐξετάζειν
486 621 625 661 καὶτῆς
640 587 813 662 &avg-stas
835 615 992 663 ἀκριβῶς
1016 621 1229 663 ζητουμένης
1296 621 1418 654 timam
1439 620 1599 664 proferre
1618 621 1840 657 sententiam.
1880 621 1918 656 Si
1936 631 2018 656 vero
2039 621 2134 656 intra
2153 621 2373 666 praedictum

143 663 300 708 νόμιμον
324 667 517 709 προφέρειν
540 665 675 709 ψῆφον.
722 665 754 698 εἰ
777 662 817 697 δὲ
840 663 940 698 ἐντὸς
961 665 1024 707 τῆς
1047 665 1228 710 εἰρημένης
1243 666 1283 698 10
1298 665 1381 699 anni
1415 665 1571 709 spatium
1605 666 1741 701 venerit
1775 670 1811 702 et
1846 676 1930 702 suas
1960 667 2176 702 intentiones
2207 676 2374 702 exercere

142 710 207 742 τοῦ
240 709 319 743 ἑνὸς
350 711 515 743 ἐνιαυτοῦ
547 709 774 755 προθεσμίας
803 711 1051 755 παραγένηται
1081 713 1140 743 καὶ
1164 710 1229 743 τὰς
1298 710 1464 751 voluerit,
1493 711 1655 746 iubemus
1685 711 1838 747 iudicem
1867 711 1980 747 modis
2012 711 2175 746 omnibus
2198 721 2372 758 expensas

144 752 235 787 ἰδίας
258 754 440 800 ἐναγωγὰς
463 753 684 800 ἐγγυμνάσαι
708 753 923 810 βουληθείη,
951 753 1138 797 κελεύομεν
1162 755 1229 788 τὸν
1298 755 1352 790 vel
1372 758 1547 800 sumptus,
1571 766 1661 800 quos
1684 760 1831 802 propter
1854 756 1951 791 litem
1974 757 2136 801 pulsatus
2160 767 2371 802 permanens

144 797 317 842 δικαστὴν
341 801 433 834 πᾶσι
456 799 604 845 τρόποις
626 799 673 833 τὰ
697 798 921 843 αναλώματα
941 797 1051 846 ἤγουν
1067 797 1229 842 δαπανή-
1297 800 1333 834 in
1358 799 1488 835 iudicio
1515 801 1698 843 sustinuit,
1728 805 1812 837 ante
1843 801 1962 837 omnia
1989 802 2128 846 exigere
2150 806 2307 837 actorem
2336 807 2373 837 et

142 857 260 888 ματα,
291 841 383 889 ἅπερ
413 842 474 878 διὰ
502 844 572 887 τὴν
604 841 708 887 δίκην
740 842 759 878 ὁ
793 844 960 886 ἐναχθεὶς
983 842 1229 890 προςεδρεύων
1298 845 1440 891 pulsato
1460 845 1560 885 dare,
1586 849 1622 881 et
1641 846 1692 881 sic
1717 850 1873 882 actorem
1896 856 2104 891 permanere
2126 846 2239 882 donec
2263 857 2373 882 causa

143 890 196 932 τῷ
219 886 437 934 δικαστηρίῳ
461 888 646 932 ὑπέμεινε,
674 889 745 935 πρὸ
779 888 933 925 πάντων
955 890 1139 935 εἰςπρᾶξαι
1164 889 1229 924 τὸν
1243 891 1284 923 15
1298 891 1402 925 finem
1427 891 1620 926 secundum
1643 891 1736 936 leges
1760 892 1923 936 accipiat.
1960 891 2052 926 Nam
2074 892 2104 927 si
2127 894 2371 928 tantummodo

144 933 322 980 ἐνάγοντα
347 938 407 968 καὶ
430 935 484 968 τοῦ
505 935 715 969 αἰτιαθέντι
732 937 943 980 παρασχεῖν,
966 938 1026 968 καὶ
1043 931 1140 969 οὕτω
1161 934 1229 968 τὸν
1297 936 1432 971 venerit
1452 939 1488 970 et
1504 936 1668 981 expensis
1693 937 1766 972 Sive
1781 937 1981 981 sumptibus
2000 937 2092 972 datis
2113 937 2227 972 solum
2244 939 2374 972 annale

144 978 322 1024 ἐνάγοντα
346 968 598 1025 προςεδρεῦσαι
620 982 739 1026 μέχρις
767 978 855 1014 ὅτου
878 979 921 1013 τὸ
947 980 1095 1026 πρᾶγμα
1119 982 1230 1025 πέρας
1298 984 1438 1025 tempus
1468 981 1724 1026 Interrumpere
1755 981 1915 1023 voluerit,
1948 985 1984 1016 et
2006 981 2134 1016 iterum
2164 981 2211 1016 ab
2240 981 2372 1018 iudicio

144 1022 289 1067 δέξηται
312 1025 404 1058 κατὰ
426 1025 509 1059 τοὺς
531 1022 671 1067 νόμους.
712 1026 744 1058 εἰ
766 1025 834 1072 γὰρ
849 1026 966 1068 μόνον
982 1037 1082 1069 παρα
1105 1027 1229 1067 ε’νηται
1297 1025 1467 1061 recedens
1499 1036 1612 1070 usque
1635 1027 1681 1062 ad
1705 1026 1837 1061 exitum
1870 1036 2000 1062 causae
2032 1037 2104 1061 non
2126 1028 2373 1072 permanserit,

143 1072 204 1103 καὶ
234 1070 312 1103 τῶν
343 1067 621 1114 δαπανημάτων
651 1070 722 1104 εἴτε
752 1070 997 1115 ζημιωμάτων
1028 1068 1062 1104 δι
1088 1072 1230 1114 ομένων
1298 1071 1461 1106 iubemus
1492 1081 1572 1106 eum
1603 1074 1686 1116 post
1715 1072 1917 1117 praedictas
1948 1071 2145 1107 edictorum
2174 1075 2210 1106 et
2235 1072 2373 1107 annalis

143 1114 260 1159 μόνον
274 1114 341 1148 τὸν
357 1117 577 1149 ἐνιαυσιαῖον
590 1114 725 1158 χρόνον
741 1113 917 1161 διακόψαι
937 1114 1146 1159 βουληθείη,
1170 1117 1229 1148 καὶ
1244 1115 1286 1148 20
1299 1116 1406 1161 spatii
1435 1117 1700 1152 observationes
1729 1118 1775 1152 ab
1799 1117 1896 1152 omni
1927 1116 2053 1152 cadere
2076 1117 2234 1160 actione,
2266 1127 2374 1162 quam

144 1159 255 1194 πάλιν
286 1157 490 1203 ἀναχωρῶν
521 1161 584 1194 τοῦ
614 1148 846 1206 δικαστηρίου
869 1163 969 1207 μέχρι
994 1163 1146 1204 πέρατος
1167 1161 1230 1202 τῆς
1299 1162 1367 1197 sibi
1402 1164 1602 1207 competere
1637 1164 1764 1197 contra
1795 1163 1978 1207 pulsatum
2011 1161 2248 1197 existimabat.
2302 1162 2373 1197 De-

144 1205 357 1238 ὑποθέσεως
378 1206 427 1250 μὴ
452 1209 677 1252 παραμείνῃ,
709 1203 898 1249 κελεύομεν
923 1202 1036 1239 αὐτὸν
1055 1205 1145 1250 μετὰ
1169 1205 1230 1238 τὰς
1298 1208 1408 1241 terior
1431 1217 1583 1252 namque
1611 1206 1713 1242 dolus
1737 1207 1812 1242 eius
1835 1207 2038 1251 agnoscitur
2060 1208 2121 1252 qui
2138 1208 2274 1243 interm
2300 1209 2374 1242 tam

144 1251 329 1295 εἰρημένας
357 1251 437 1284 τῶν
466 1249 617 1284 ἰδίκτων
646 1254 705 1284 καὶ
736 1252 802 1285 τοῦ
832 1252 1051 1285 ἐνιαυσιαίου
1083 1249 1229 1293 διαστή-
1298 1252 1425 1287 iterum
1448 1253 1544 1287 litem
1570 1253 1735 1295 deseruit,
1759 1262 1865 1296 quam
1881 1252 1942 1297 qui
1962 1253 2070 1288 semel
2089 1255 2252 1297 coeptam
2295 1262 2373 1288 ere-

143 1307 256 1339 ματος
273 1294 539 1340 παρατηρήσεις
559 1294 673 1339 πάσης
693 1293 836 1342 ἀγωγῆς
852 1298 1042 1330 ἐκπίπτειν
1057 1293 1104 1339 ἣν
1120 1292 1230 1341 ἁρμό·
1298 1297 1412 1341 liquit.
1460 1298 1565 1341 Legis
1589 1300 1708 1333 autem
1731 1298 1932 1342 privilegio,
1963 1307 2054 1342 quae
2077 1297 2279 1333 nolentibus
2301 1307 2374 1333 non

145 1343 220 1382 ζειν
245 1338 347 1384 αὐτῷ
370 1341 463 1374 κατὰ
486 1341 551 1374 τοῦ
576 1341 796 1383 έναχθεντος
817 1339 1060 1385 ὑπελάμβανε.
1099 1345 1229 1389 χείρων
1243 1341 1285 1374 25
1298 1342 1447 1387 imponit
1477 1343 1724 1378 necessitatem
1754 1344 1918 1388 proprias
1941 1343 2101 1378 actiones
2123 1352 2273 1385 movere,
2303 1343 2373 1378 illis

143 1386 213 1432 γὰρ
230 1383 249 1419 ὁ
273 1387 409 1420 ἐκείνου
429 1383 532 1420 δόλος
550 1384 768 1432 γινώσκεται
784 1382 876 1421 ὅςτις
892 1388 1105 1433 ἑγκοπεῖσαν
1122 1386 1230 1420 αὖθις
1297 1388 1542 1423 tantummodo
1573 1388 1627 1423 uti
1655 1388 1897 1430 concedimm,
1930 1389 1990 1433 qui
2018 1388 2150 1423 nullam
2178 1387 2373 1424 secundum

144 1431 212 1474 τὴν
237 1429 339 1474 δίκην
363 1430 631 1474 καταλέλοιπεν,
656 1431 749 1476 ἢπερ
773 1433 908 1466 ἐκείνου
931 1428 1024 1465 ὅςτις
1047 1428 1146 1471 ἅπαξ
1167 1431 1230 1473 τῆς
1297 1434 1498 1477 praedictos
1529 1433 1653 1469 modos
1683 1433 1885 1470 adversario
1916 1433 2089 1469 moverint
2117 1433 2372 1478 quaestionem.

145 1475 482 1521 προκαταρχθείσης
505 1474 602 1518 δίκης
618 1474 766 1516 ἀπέστη.
801 1478 854 1519 τῷ
877 1474 916 1510 δὲ
931 1476 995 1511 τοῦ
1013 1478 1125 1520 νόμου
1141 1488 1193 1554 πρ
1213 1495 1228 1500 -

144 1525 260 1564 νομίῳ
293 1523 357 1555 τοῦ
388 1522 437 1565 μὴ
470 1521 699 1557 ἐπιτιθέντος
731 1519 895 1567 ἀνάγκην
925 1525 998 1556 τοῖς
1026 1522 1075 1566 μὴ
1103 1524 1170 1565 βου
1195 1533 1227 1554 o-

144 1569 264 1610 μένοις
293 1566 356 1599 τὰς
384 1564 477 1601 ἰδίας
507 1569 571 1601 ἐνα
595 1567 691 1614 ωγὰς
719 1570 831 1601 κινεῖν
855 1569 999 1601 ἐκείνοις
1022 1569 1082 1601 καὶ
1103 1565 1228 1610 μόνοις
1239 1567 1283 1601 30

146 1613 398 1657 συγχωροῦμεν
426 1613 555 1656 κεχρῆσ
590 1626 626 1645 αι
657 1615 731 1646 τοῖς
761 1609 932 1656 οὐδεμίαν
962 1610 1112 1655 ζήτησιν
1135 1610 1227 1646 κατὰ

145 1656 228 1690 τούς
251 1659 452 1702 εἰρημένους
474 1656 629 1703 τρόπους
652 1657 744 1691 κατὰ
767 1658 844 1691 τῶν
864 1655 1062 1691 ἀντιδίκων
1077 1658 1226 1691 κινοῦσι.

198 1698 486 1748 (Ἐπίλογος.)
548 1704 667 1736 Ταῦτα
697 1700 736 1736 δὲ
767 1701 891 1738 πάντα
924 1705 1069 1750 κρατεῖν
1098 1702 1229 1736 θεσπί·
1361 1699 1636 1745 (Epilogus.)
1679 1699 1779 1736 Haec
1814 1703 1932 1737 autem
1967 1701 2086 1737 omnia
2118 1701 2279 1739 obtinere
2312 1701 2373 1739 de-

148 1749 255 1791 ζομεν
287 1750 346 1781 ἐπὶ
378 1748 456 1781 τῶν
487 1745 705 1782 ὑποθέσεων
735 1750 812 1782 τῶν
835 1747 947 1791 μήπω
970 1745 991 1791 ἢ
1015 1747 1108 1781 κατὰ
1133 1746 1229 1781 δικα-
1298 1746 1474 1780 cernimus
1505 1747 1541 1779 in
1572 1746 1708 1789 causis,
1738 1756 1830 1790 quae
1853 1746 2002 1782 necdum
2032 1747 2085 1782 vel
2107 1747 2266 1784 iudiciali
2291 1759 2374 1784 seu-

146 1793 274 1835 στικὴν
296 1793 421 1838 ψῆφον
446 1789 467 1834 ἢ
490 1793 583 1826 κατὰ
615 1792 760 1838 φιλικὴν
791 1791 975 1837 σύμβασιν
1005 1791 1029 1835 ἢ
1052 1795 1112 1826 καὶ
1135 1789 1227 1825 καθ’
1243 1794 1285 1826 35
1297 1790 1410 1825 tentia
1441 1791 1496 1825 vel
1520 1791 1661 1825 amicali
1685 1791 1918 1827 conventione
1949 1795 2011 1826 aut
2041 1792 2112 1827 alia
2139 1793 2209 1828 iuri
2232 1794 2374 1838 cognita

147 1838 273 1883 ἑτέραν
296 1839 349 1880 τῷ
374 1836 477 1883 νόμῳ
503 1839 732 1884 ἐγνωσμένην
748 1841 864 1883 τομὴν
887 1841 996 1884 πέρας
1012 1836 1230 1882 δεξαμένων.
1300 1835 1478 1871 decisione
1512 1835 1633 1881 finitae
1668 1838 1771 1877 sunt,
1807 1837 1992 1872 Theodoto
2024 1847 2154 1882 parens
2188 1838 2374 1874 karissime

228 1897 358 1915 uuam
598 1919 603 1922 ,
1302 1884 1409 1925 atque
1431 1881 1683 1916 amantissime.
1721 1881 1874 1917 Illustris
1896 1882 2017 1927 itaque
2041 1885 2077 1918 et
2098 1883 2286 1928 magnifica
2308 1893 2371 1918 au-

1302 1926 1450 1962 ctoritas
1470 1930 1534 1961 tua
1548 1928 1772 1971 praesentem
1793 1927 1907 1962 nostri
1930 1927 2081 1963 numinis
2104 1929 2217 1972 legem
2239 1929 2276 1964 in
2292 1939 2371 1973 per-

1299 1975 1446 2017 petuum
1469 1971 1656 2007 valituram
1679 1972 1804 2007 edictis
1827 1971 1866 2006 in
1885 1972 1954 2007 hac
1977 1973 2074 2017 regia
2097 1973 2186 2008 urbe
2208 1973 2373 2019 proposi·

1244 2020 1288 2052 40
1300 2017 1346 2052 tis
1377 2020 1414 2051 et
1440 2016 1752 2061 praeceptionibus
1782 2017 1820 2051 in
1853 2017 2035 2053 universas
2069 2017 2271 2063 provincias
2305 2020 2374 2054 sub

1297 2065 1363 2097 tua
1397 2061 1612 2097 constitutas
1645 2061 1892 2098 iurisdictione
1930 2062 2074 2098 directis
2112 2062 2223 2099 faciat
2260 2063 2373 2099 mani-

218 2156 240 2200 §
265 2158 285 2190 2
309 2158 403 2190 habet
428 2156 476 2189 B⁸
499 2157 519 2189 l.
542 2169 568 2189 c.
595 2157 615 2190 8
634 2169 670 2200 p.
686 2157 750 2190 228
777 2157 879 2190 Zach-

146 2291 171 2326 2
218 2292 306 2324 nata
322 2288 432 2334 finem
457 2288 654 2334 legitimum
670 2287 840 2333 accipiat.
913 2286 979 2322 Sin
998 2290 1115 2323 autem
1134 2286 1341 2333 propositis
1362 2285 1489 2321 edictis
1508 2289 1659 2321 vocatus
1680 2285 1718 2320 in
1736 2285 1905 2320 iudicium
1928 2285 2050 2321 venire
2063 2290 2098 2322 et
2113 2286 2275 2322 actiones
2287 2297 2375 2323 suas

137 2335 204 2371 vel
219 2345 291 2381 per
313 2345 353 2369 se
375 2333 431 2370 vel
446 2344 519 2380 per
542 2332 737 2379 leqitimum
770 2333 840 2374 (uti
863 2332 997 2368 dictum
1020 2337 1089 2374 est)
1116 2336 1398 2379 procuratorem
1427 2341 1636 2377 proponere
1658 2330 1834 2381 noluerit,
1867 2334 1951 2366 tunc
1976 2330 2129 2367 alterum
2158 2332 2265 2367 :mins
2286 2333 2374 2368 antii

148 2380 306 2426 spatium
329 2380 365 2415 ei
386 2378 624 2420 concedimus,
649 2379 747 2413 intra
772 2378 873 2423 quod
892 2379 925 2413 si
948 2378 1122 2413 actionem
1141 2388 1245 2412 suam
1263 2387 1338 2412 non
1354 2380 1607 2423 persequatur,
1632 2375 1812 2411 licentiam
1832 2375 1943 2410 iudici
1963 2375 2090 2411 damus
2108 2376 2216 2412 etiam
2231 2377 2375 2413 absente

148 2425 359 2461 adversario
391 2423 628 2469 alleqationes
649 2423 774 2469 partis
803 2433 897 2469 quae
921 2427 1070 2469 praesto
1100 2423 1178 2468 suit
1207 2421 1403 2457 secundum
1433 2421 1530 2467 leqes
1553 2424 1697 2456 nostras
1719 2420 1955 2456 examinandi
1976 2425 2013 2456 et
2034 2421 2185 2457 veritate
2206 2427 2376 2459 accurate

149 2470 314 2517 quaesita
340 2469 536 2515 leqitimum
560 2468 738 2503 calculum
754 2467 988 2515 proferendi.
1037 2466 1175 2511 Quodsi
1198 2468 1296 2502 intra
1323 2466 1549 2513 praedictum
1580 2466 1688 2500 unius
1710 2467 1801 2501 anni
1820 2466 1977 2512 spatium
1999 2467 2137 2502 venerit
2158 2471 2196 2502 ct
2215 2468 2376 2503 actiones

149 2526 235 2551 suas
258 2525 430 2550 exercere
453 2514 623 2556 voluerit,
652 2513 813 2548 iubemus
836 2513 991 2549 iudicem
1014 2514 1159 2549 omnino
1182 2516 1348 2558 sumptus
1377 2511 1451 2547 sive
1473 2521 1673 2556 expensas,
1706 2521 1798 2556 quas
1827 2522 1912 2546 reus
1941 2511 1980 2546 in
2008 2511 2142 2547 iudicio
2155 2522 2376 2558 permanens

144 2563 300 2606 propter
323 2560 418 2595 litem
439 2559 619 2601 sustinuit,
643 2564 727 2594 ante
750 2559 871 2593 omnia
887 2558 931 2593 ab
951 2562 1075 2594 actore
1094 2558 1243 2603 eaiqere
1263 2561 1300 2592 et
1317 2568 1380 2592 reo
1399 2563 1600 2603 praestare,
1624 2561 1733 2607 atque
1747 2556 1799 2591 ita
1815 2560 1982 2607 actorem·
1988 2560 2136 2602 praesto
2154 2567 2240 2600 esse,
2263 2557 2376 2593 donec

150 2616 261 2640 causa
290 2603 484 2640 secundum
515 2604 611 2655 leqes
637 2603 748 2648 finem
777 2603 946 2650 accipiat.
994 2603 1088 2638 Nam
1118 2605 1153 2638 si
1178 2603 1313 2638 venerit
1334 2602 1449 2636 sotum
1473 2606 1509 2637 et
1530 2611 1702 2647 eapenszs
1721 2602 1794 2636 sive
1817 2601 1873 2636 dis
1899 2601 2015 2636 endn's
2031 2602 2221 2648 praestitis
2243 2602 2377 2639 annale

151 2650 345 2686 dumtaxat
376 2654 514 2695 tempus
543 2652 805 2695 interrumpere
834 2649 1007 2691 voluerit,
1038 2659 1083 2683 ac
1113 2658 1241 2683 rursus
1271 2658 1295 2682 a
1324 2646 1459 2681 iudicio
1491 2646 1661 2682 recedens
1689 2656 1803 2692 usque
1832 2657 1855 2681 a
1900 2646 2009 2691 finem
2040 2657 2172 2683 causae
2196 2657 2270 2683 non
2289 2658 2375 2693 per-

151 2695 334 2736 manserit,
359 2695 518 2730 iubemus
533 2705 612 2729 eum
628 2699 719 2739 post
738 2694 949 2739 praedictas
964 2693 1162 2729 edictorum
1180 2696 1217 2728 et
1233 2691 1378 2727 annalis
1397 2692 1508 2738 spatii
1526 2691 1793 2727 observationes
1812 2692 1911 2726 omni
1928 2691 2069 2726 actione
2084 2691 2254 2728 excidere
2267 2702 2376 2738 quam

151 2740 218 2775 sibi
241 2744 368 2775 contra
391 2750 490 2774 ream
514 2743 714 2785 competere
736 2739 978 2774 existimabat.
1026 2738 1195 2775 Deterior
1216 2738 1309 2773 enim
1330 2737 1441 2782 fraus
1463 2736 1562 2771 illius
1584 2746 1661 2772 esse
1683 2736 1905 2782 intetleqitur
1927 2737 1993 2782 qui
2017 2737 2255 2783 interruptam
2279 2738 2376 2772 litem

152 2786 280 2820 iterum
313 2784 489 2825 deseruit,
520 2794 629 2835 quam
658 2784 735 2819 eius
765 2784 828 2830 qui
850 2784 958 2819 semet
981 2795 1004 2818 a
1028 2787 1229 2819 contestata
1253 2782 1315 2817 lite
1338 2782 1483 2817 destitit.
1529 2781 1638 2828 Leqis
1661 2787 1779 2816 autem
1789 2781 1993 2861 lprivileqio
2017 2792 2110 2826 quae
2131 2782 2375 2818 necessitatem

152 2840 225 2864 non
248 2830 401 2875 imponit
431 2828 552 2863 invitis
574 2829 734 2863 actiones
763 2839 850 2863 suas
872 2829 1054 2873 movendi,
1085 2828 1158 2863 illis
1179 2827 1270 2863 solis
1300 2827 1354 2862 uti
1374 2826 1615 2872 permittimus
1645 2826 1709 2872 qui
1739 2837 1787 2861 nu
1803 2826 1874 2861 tam
1906 2826 2151 2872 qaaestionem
2179 2826 2375 2862 secundum

146 2874 360 2922 praedictos
379 2873 506 2908 modos
525 2873 697 2908 adversus
720 2873 948 2908 adversarios
970 2878 1122 2910 movent.
2076 2915 2084 2922 .
2142 2916 2149 2923 ·
2173 2915 2181 2922 ·

289 2918 378 2964 Epi
385 2918 399 2952 t
406 2929 426 2953 o
434 2929 528 2963 qus.
578 2918 678 2953 Haec
706 2922 824 2953 autem
855 2919 975 2954 omnia
1005 2919 1126 2955 valere
1154 2917 1335 2954 sancimus
1364 2917 1403 2952 in
1433 2916 1553 2952 causis
1583 2926 1678 2962 quae
1707 2915 1878 2967 nondum·
1896 2914 1953 2950 vel
1973 2925 2047 2961 per
2069 2913 2272 2950 audet-nalem
2294 2925 2374 2950 sen·

155 2964 301 3001 tentiam
325 2963 379 2999 vel
394 2973 467 3009 per
490 2962 675 2998 amicalem
699 2963 968 2999 conventionem
992 2964 1050 2999 vet
1067 2974 1135 3009 per
1157 2963 1266 2998 aliam
1289 2962 1504 2998 decisionem
1528 2961 1606 3007 leqe
1629 2961 1789 3006 aquitam
1809 2960 1937 3004 finctae
1959 2962 2051 2994 sunt.

221 3102 242 3135 4
266 3098 478 3143 προςθεῖναι
502 3099 534 3131 L
558 3098 570 3135 11
594 3097 656 3140 μὴ]
679 3100 740 3130 καὶ
763 3098 813 3130 La
830 3098 843 3141 11
867 3097 948 3131 ε’νὸς
972 3098 1138 3132 ἐνιαυτοῦ
1158 3097 1230 3131 ἑτέ·
1371 3099 1385 3130 1
1414 3098 1554 3128 uocatur
1578 3095 1626 3127 12¹
1645 3095 1657 3137 11
1685 3096 1706 3127 4
1729 3093 1834 3134 aliud]
1858 3092 1900 3125 ad
1923 3092 2016 3126 aliud
2038 3092 2100 3144 VJ!
2127 3093 2206 3125 anni
2230 3094 2372 3135 spatium

155 3159 223 3179 οαν
253 3143 486 3189 προθεσμίαν
517 3139 617 3176 αὐτῶ
643 3143 673 3175 L
711 3142 838 3185 ἑτέραν
869 3138 968 3184 αὐτῷ
1002 3142 1232 3189 προθεσμίαν
1300 3140 1401 3174 unius
1426 3141 1459 3173 T
1471 3142 1483 3182 11
1506 3140 1602 3172 annis
1628 3139 1675 3171 Β*
1697 3138 1710 3181 11
1730 3141 1752 3189 Ῑῖ
1778 3137 1895 3180 partis]
1918 3148 1978 3180 per
1999 3141 2103 3180 partis
2124 3138 2177 3171 ΕΟ
2199 3141 2213 3182 11
2235 3140 2256 3172 9
2279 3149 2372 3181 prae·

154 3180 234 3225 ἑνὸς
258 3189 422 3224 ἐνιαυτοῦ
448 3188 497 3221 Β*
519 3202 547 3221 υ.
574 3189 594 3221 I.
625 3189 637 3230 11
665 3189 684 3221 6
709 3186 899 3227 ἐπεξέλθοι
924 3189 1100 3232 ἐναγωγῆ]
1131 3187 1231 3227 έπεξ-
1299 3186 1420 3218 dictam
1441 3185 1487 3218 R'
1506 3185 1518 3227 11
1545 3186 1581 3217 11
1610 3182 1756 3215 noluerit
1778 3182 1827 3215 R²
1838 3183 1890 3215 V⁰
1907 3182 1919 3225 11
1940 3183 1980 3217 12
2004 3185 2135 3225 praeter
2156 3183 2212 3227 Vss
2239 3185 2279 3217 13
2301 3194 2373 3217 sus-

155 3236 301 3270 ἐλθοιεν
324 3231 346 3267 ἆ
370 3246 400 3267 ω
424 3233 445 3276 ἢ
469 3229 629 3278 (ἀγωγὴν
654 3233 716 3273 La)
742 3233 814 3265 ML
849 3229 1043 3271 ὑπεξέλθοι
1067 3223 1231 3278 ’έναγωγῄ
1299 3229 1440 3262 tinuerit
1466 3230 1498 3262 Τ
1521 3229 1534 3271 11
1564 3230 1603 3262 14
1629 3230 1738 3269 causa]
1774 3241 1812 3257 u
1839 3227 1891 3278 12¹.
1917 3226 1930 3271 11
1961 3229 1999 3261 15
2023 3227 2164 3271 accipiat
2193 3229 2373 3262 secundum

155 3287 196 3323 (v.
223 3284 242 3316 l.
267 3282 330 3315 ἐπε
353 3246 458 3313 ἔλθοι
481 3275 654 3324 διαγωγῇ)
680 3277 729 3310 Β*
755 3278 767 3320 11
799 3279 816 3310 7
843 3274 1136 3320 προςεδρεύοντος
1160 3278 1191 3310 L
1221 3276 1233 3319 11
1299 3275 1386 3316 leges
1405 3274 1439 3307 R
1455 3274 1467 3313 11
1484 3273 1589 3315 legem
1613 3273 1642 3305 V
1658 3271 1670 3316 11
1701 3274 1740 3306 16
1762 3271 1957 3315 expen81bus
1980 3273 2030 3306 T¹
2051 3272 2063 3316 11
2089 3273 2293 3326 solummodo
2313 3274 2346 3307 V
2363 3275 2375 3313 11

159 3331 199 3363 10
223 3327 394 3371 προφέρει
419 3324 464 3357 Μ
481 3324 494 3366 11
520 3323 645 3368 ψῆφον
669 3324 702 3356 in
727 3323 826 3355 litura
850 3323 880 3355 L
905 3322 917 3365 11
949 3323 988 3355 12
1013 3321 1233 3367 ἑκγυμνοὶσαι
1303 3322 1340 3354 17
1366 3318 1419 3360 ab]
1444 3329 1463 3350 a
1487 3318 1569 3351 R²T
1590 3318 1602 3362 11
1634 3319 1674 3352 18
1699 3317 1828 3351 recedes
1851 3317 1901 3349 R¹
1924 3316 1935 3361 ΙΙ
1966 3321 2206 3360 permanserint
2229 3318 2308 3362 V¹fl
2335 3322 2373 3353 19

158 3374 209 3407 B*
232 3373 245 3415 11
277 3375 318 3406 16
341 3368 445 3404 οὔπω
470 3369 520 3402 L⁰
544 3369 557 3411 11
589 3369 628 3402 18
652 3364 790 3407 δέξεται
817 3367 864 3399 3⁸
888 3367 900 3410 11
931 3368 971 3400 19
996 3366 1077 3407 εἴτε]
1102 3365 1124 3408 ἢ
1149 3368 1198 3400 B*
1221 3366 1233 3408 11
1300 3365 1386 3404 eum]
1411 3362 1499 3396 enim
1527 3364 1558 3395 T
1582 3363 1595 3406 11
1622 3366 1694 3404 post
1719 3375 1776 3396 om.
1799 3362 1847 3395 V²
1875 3362 1887 3405 11
1916 3363 2116 3405 praedictam
2143 3364 2175 3396 T
2199 3363 2212 3405 11
2237 3363 2373 3397 annales

156 3420 199 3452 22
223 3418 469 3459 *παοαμείνοι
494 3413 633 3456 MLBn
659 3415 701 3447 23
726 3408 978 3454 διαστήματος]
1002 3410 1131 3455 χρόνου
1156 3407 1231 3444 δια-
1308 3409 1357 3441 17¹
1373 3407 1385 3452 11
1413 3410 1450 3442 21
1480 3407 1646 3440 existimat
1670 3407 1702 3440 T
1719 3406 1732 3450 11
1757 3408 1799 3441 22
1824 3407 1905 3448 eius]
1931 3407 2000 3459 eius
2024 3411 2071 3440 est
2097 3409 2150 3441 7³⁶
2164 3407 2178 3452 11
2204 3408 2246 3442 24
2263 3408 2371 3459 'privi-

156 3450 336 3505 στήματᾶς
359 3462 408 3494 13⁸
435 3460 449 3503 11
478 3461 519 3493 25
553 3454 800 3501 ὑπελαμβάνει
824 3459 895 3498 (sic)
919 3456 967 3489 L²
997 3459 1008 3499 11
1034 3459 1164 3499 χείρων
1190 3475 1228 3479 -
1298 3453 1386 3495 legio
1410 3454 1508 3496 vulo]
1543 3452 1722 3495 priuilegia
1747 3453 1824 3486 libri
1851 3452 1863 3496 11
1891 3455 1933 3486 25
1958 3454 2075 3496 inponi
2101 3453 2152 3486 Τι
2178 3453 2191 3497 11
2219 3452 2300 3504 illis]
2335 3453 2370 3485 in

158 3510 200 3541 28
224 3506 359 3547 ἀπέστη
386 3518 443 3538 om.
470 3506 520 3538 Β3
536 3504 549 3548 11
572 3505 614 3538 26
638 3498 738 3536 ὅστις
762 3515 800 3536 ex
824 3514 904 3535 corr.
931 3502 961 3534 L
983 3501 996 3538 ΙΙ
1021 3502 1233 3534 ἐκκοπεῖσαν
1299 3498 1352 3531 his
1379 3498 1410 3531 T
1431 3497 1444 3542 11
1471 3499 1512 3531 27
1538 3497 1744 3539 quaestiones
1765 3497 1798 3529 R
1821 3497 1834 3540 11
1864 3499 1905 3532 33
1930 3498 2052 3539 omnia]
2076 3497 2131 3531 ola
2153 3508 2264 3530 omma
2286 3498 2338 3530 R⁰
2360 3498 2371 3539 11

161 3553 241 3586 LB⁶
257 3556 268 3594 11
295 3553 336 3586 27
361 3546 453 3593 ἥπεο
477 3551 544 3592 Μ11
563 3550 692 3583 ἐκεῖνος
716 3546 764 3581 L2
780 3547 792 3591 11
816 3548 859 3580 30
882 3545 947 3579 τὰς
970 3543 1062 3579 ἰδίας
1086 3547 1144 3587 M]
1169 3545 1233 3578 τὰς
1299 3544 1343 3577 34
1367 3542 1418 3575 vel
1442 3556 1499 3576 om.
1520 3544 1552 3576 T
1569 3548 1581 3587 11
1612 3544 1653 3578 36
1676 3542 1789 3575 finitae
1812 3543 1914 3585 υιι19.]
1939 3543 2034 3576 finita
2057 3543 2133 3576 RV
2149 3542 2292 3594 definita·
2309 3542 2370 3595 Τ·11

166 3597 285 3630 ιίκείας
306 3597 351 3638 Β,
369 3583 472 3629 σιγαὶ)
491 3595 504 3639 11
528 3595 569 3628 35
587 3595 808 3638 συμβίβασιν
821 3592 852 3625 L
869 3591 882 3635 11
907 3593 948 3626 37
967 3593 998 3625 in
1017 3598 1099 3625 textu
1115 3603 1231 3635 yraeco
1299 3589 1342 3622 38
1367 3589 1510 3621 nominis
1531 3589 1584 3631 1711
1602 3591 1760 3631 perpetuo
1782 3587 1814 3620 It
1825 3586 1871 3639 VJ
1887 3589 1899 3631 11
1926 3590 1969 3622 40
1993 3591 2026 3621 et
2048 3598 2107 3631 per
2129 3590 2369 3639 praeceptioni-

182 3644 310 3676 mittitur
327 3642 475 3674 clausula
489 3653 555 3674 una
570 3652 637 3675 cum
653 3638 895 3681 subscriptione,
912 3650 994 3680 quae
1007 3645 1154 3670 servatur
1167 3638 1198 3670 in
1213 3648 1231 3671 ς
1298 3633 1360 3666 bus
1384 3633 1431 3666 R¹
1458 3634 1470 3675 11
1492 3633 1528 3666 in
1561 3635 1734 3666 uniuersas
1763 3633 1954 3674 prouincias
1978 3632 2067 3674 RV]
2099 3642 2277 3684 uniuersis·
2292 3642 2369 3675 pro-

1299 3678 1417 3712 uintiis
1445 3679 1475 3711 Τ
1497 3679 1509 3722 11
1533 3680 1573 3713 41
1600 3680 1674 3712 tuas
1695 3678 1746 3712 Vss
1770 3677 1784 3721 11
1809 3677 1990 3711 constituta
2015 3678 2047 3711 T
2068 3677 2082 3723 11
2112 3677 2296 3710 manifestis
2323 3676 2366 3709 R·

1298 3724 1471 3757 manifesta
1494 3723 1544 3757 13²
