2592 3840
243 62 349 107 Nov.
381 63 436 108 cl
465 67 489 107 3

241 177 302 207 καὶ
316 173 427 218 μήπω
443 176 503 217 τῆς
518 174 750 208 καταθέσεως
764 176 954 220 γενομένης
976 175 1039 217 τῆς
1062 175 1129 210 τὸν
1152 174 1314 220 λαβόντα

242 217 445 265 ὖπαγούσης
467 221 511 266 τῇ
529 218 649 265 βουλῇ,
675 222 734 252 καὶ
752 215 867 253 οὕτως
889 216 1114 253 ἐκδικεῖσθαι
1136 219 1184 255 τὰ
1199 219 1313 275 δωρη-

241 263 359 298 θέντα
383 262 454 298 ὑπὸ
485 265 547 297 τοῦ
572 262 822 308 βουλευτηρίου
844 266 945 309 μέχρι
975 265 1053 298 τῶν
1080 265 1121 299 θ’
1145 262 1310 320 οὖῖκιων,

241 306 302 353 ἐφ’
319 308 373 343 αἷς
389 308 536 342 πάντως
554 309 596 342 τὸ
614 307 867 353 βουλευτήριον
882 307 1074 362 καλεῖσθαι
1089 309 1309 355 βουλομεθα.

1304 61 1388 110 490

1380 175 1478 211 facta
1508 185 1598 221 quae
1621 176 1851 222 accipientem
1883 178 1994 213 societ
2021 177 2152 222 curiae,
2183 179 2291 216 etiam
2313 179 2365 216 sic
2386 179 2446 215 de-

1681 78 1741 109 DE
1769 76 2095 113 nozu'nounms
2120 77 2151 110 A
2180 78 2447 113 oumamnus

1380 220 1479 256 fendi
1501 231 1592 266 quae
1613 221 1745 258 donata
1767 225 1852 258 sunt
1875 222 1995 258 curiae
2024 233 2136 268 usque
2162 223 2209 259 ad
2230 234 2356 261 novem
2378 235 2446 261 un-

1379 265 1464 308 cias,
1488 266 1526 301 in
1549 266 1676 312 quibus
1699 267 1840 303 omnino
1865 268 2000 303 curiam
2022 267 2143 305 vocari
2166 278 2362 306 censemus.

239 355 259 388 1
307 355 352 387 Εἰ
376 352 414 387 δὲ
437 355 475 386 ἐκ
499 351 676 405 &almum
702 352 725 396 ἢ
748 352 904 408 κλήςεως
923 366 1034 397 νυμον
1057 355 1118 390 ἐπὶ
1140 355 1208 409 ‘5²²²'
1230 355 1311 399 κλῆ-
1347 358 1366 390 5
1379 358 1400 391 1
1446 355 1581 399 Quodsi
1610 366 1654 392 ex
1682 359 1896 393 testamento
1927 359 1990 392 aut
2020 366 2084 403 per
2110 358 2331 394 vocationem
2359 357 2446 403 legis

239 411 304 443 ρον
327 395 492 443 ἀφίκοιτο
515 411 579 431 του
596 396 786 441 βουλευτοῦ
811 412 830 432 o
855 398 903 442 μὴ
923 398 1112 443 βουλευτὴς
1127 414 1192 442 ων,
1215 413 1311 444 τηνι-

239 445 354 477 καῦτα
378 440 489 477 εὐθὺς
515 439 591 485 ἅμα
614 444 658 489 τῇ
682 442 826 490 τελευτῇ
851 444 914 477 τοῦ
936 443 1128 487 βουλευτοῦ
1152 450 1311 480 συνιέναι

239 488 281 521 τὸ
317 486 580 534 βουλευτήριον,
618 491 677 521 καὶ
712 484 788 532 ἅμα
822 489 875 530 τῷ
910 489 986 532 τῆς
1006 488 1146 525 πόλεως
1182 488 1310 534 ἐκδίκῳ

239 532 356 574 πάσης
373 536 484 588 ’χωρὶς
506 532 697 577 ἐπιβουλῆς
726 534 818 588 κατὰ
849 534 927 568 τῶν
949 535 1014 568 τοῦ
1037 533 1311 579 τελευτήσαντος

238 591 462 631 πραγματων
493 579 660 633 ἐσομένης
691 582 750 612 καὶ
773 578 989 634 aeteya-aopi&
1014 580 1205 634 ποιεῖσθαι
1232 582 1309 615 τῶν
1325 582 1364 615 10
1379 580 1499 615 euriae
1521 581 1588 616 sub
1609 581 1707 617 facto
1729 581 1850 626 signat:

238 635 474 668 πραγματων,
498 635 679 669 παροντος
701 627 762 657 καὶ
785 637 896 658 αυτου
919 637 983 658 του
1008 636 1037 659 π
1059 635 1099 659 ος
1119 627 1228 660 τοῦτο
1250 639 1308 659 κα-

237 666 422 722 λουμένου,
454 671 515 701 καὶ
545 667 591 702 τὰ
612 669 809 715 πράγματα
832 638 1106 714 παραδίδοσῧαι
1130 672 1176 718 τῇ
1199 670 1309 717 βουλῇ

236 714 307 745 υπὸ
331 724 534 768 σημαντρα,
542 714 716 767 γινόμενα
746 715 811 748 τοῦ
840 727 879 748 τε
908 712 1046 749 ἐνδίκου
1075 716 1140 750 τοῦ
1163 728 1204 749 τε
1226 715 1309 761 θεοῖ

1380 400 1439 444 qui
1461 410 1534 436 non
1559 404 1614 436 est
1637 401 1781 437 curialis
1799 416 1906 433 ooooo
1928 412 2139 438 concurrere
2162 403 2294 438 curiam
2316 406 2352 439 et
2374 413 2448 438 una

1380 455 1459 479 cum
1495 445 1682 483 defensore
1717 446 1868 483 civitatis
1907 451 2049 492 praeter
2082 457 2220 484 omnem
2254 447 2447 484 laesionem

1378 490 1536 525 futuram
1554 501 1671 527 rerum
1690 491 1850 527 defuncti
1871 495 1908 528 et
1923 492 2194 537 descriptionem
2216 492 2295 528 fieri
2315 501 2446 535 rerum,

1378 538 1565 580 praesente
1588 536 1693 571 etiam
1714 546 1756 573 eo
1780 537 1841 582 qui
1862 537 1909 573 ad
1931 538 2000 573 hoc
2023 541 2183 580 vocatur,
2210 541 2248 573 et
2269 547 2328 572 res
2350 536 2447 572 tradi

1851 583 1910 618 ulo
1934 585 2009 618 tam
2033 582 2229 619 defensoris
2261 591 2367 626 quam
2389 581 2447 618 dei

1378 625 1546 661 amatoris
1578 626 1746 671 episcopi.
1793 627 1843 662 Et
1872 628 1955 663 dum
1985 627 2171 673 praedicta
2203 627 2299 663 actio

1377 681 1456 705 rum
1487 670 1586 706 facta
1607 670 1715 706 fuerit
1742 671 1839 717 apud
1861 672 2014 708 iudicem
2036 672 2250 718 provinciae,
2281 674 2318 708 et
2340 672 2447 708 datus

1376 715 1485 750 fuerit
1508 716 1629 752 curiae
1650 717 1857 758 (secundum
1883 717 1978 762 quod
2003 717 2207 763 frequenter
2228 717 2364 753 dictum
2379 719 2447 760 est)

237 756 449 802 φιλεστατου
483 771 559 792 τιον
594 771 723 793 τοπων
756 757 966 794 ἐπισκόπου.
1015 763 1076 794 καὶ
1109 759 1254 796 ἐπειδὰν
1290 764 1311 803 ἠ
1378 771 1458 795 cum
1493 761 1694 796 substantia
1728 765 1765 798 et
1794 762 1910 807 prole,
1949 772 2040 808 quae
2076 765 2132 798 est
2166 766 2203 799 et
2242 772 2334 808 quae
2367 762 2446 805 erit,

237 802 419 857 πρόσθεν,
427 804 590 856 εἰρημένη
622 804 752 859 πρᾶξις
779 806 857 838 τῶν
880 803 1150 849 ὑπομνημάτων
1172 809 1311 852 γένοιτο
1325 807 1363 840 15
1378 810 1462 840 tunc
1493 815 1572 841 eum
1604 810 1640 842 et
1669 815 1727 842 res
1755 807 1949 852 percipere,
1981 811 2018 843 et
2043 817 2122 844 esse
2151 817 2232 844 eum
2255 807 2446 849 dominum,

236 848 334 892 παρὰ
366 862 420 890 τῳ
450 860 513 891 της
535 850 706 895 ἐπαρχίας
733 853 929 896 ηγουμένῳ,
960 854 1020 884 καὶ
1044 849 1231 893 ἐπιδοθείη
1255 851 1308 893 τῷ

235 891 475 938 βουλευτηρίῳ
499 895 619 935 (τοῦτο
674 894 682 905 “
709 894 750 929 τὸ
773 894 942 929 πολλάκις
964 895 1094 939 ῥηθέν)
1121 896 1188 930 σὺν
1212 909 1310 940 περι-

235 941 340 981 ουσίᾳ
363 942 423 972 καὶ
437 940 525 985 γονῇ
549 938 638 986 οὔσῃ
658 952 699 974 τε
716 943 777 973 καὶ
794 941 954 987 ἐσομένῃ,
977 943 1176 984 τηνικαῦτα
1197 937 1310 974 αὐτὸν

235 986 294 1015 καὶ
328 983 374 1017 τοὶ
407 984 603 1039 πράγματα
633 984 933 1030 παραλαμβάνειν
965 989 1042 1032 καὶν
1060 985 1152 1020 εἶναι
1188 982 1310 1019 αὐτῶν

235 1027 366 1073 κύριον,
390 1030 559 1074 καθαπερ
575 1025 594 1063 ὁ
613 1027 783 1075 πρότερος
805 1029 997 1074 βουλευτὴς
1018 1033 1075 1074 ἠν,
1098 1028 1203 1064 οὐδὲν
1222 1032 1309 1064 ἐκεί-

234 1086 297 1106 νου
322 1071 548 1109 διαλλάττειν
572 1072 765 1109 δοκοῦντα·
791 1076 859 1130 τῆςΚ
872 1075 1039 1119 τοιαύτης
1062 1074 1226 1120 πράξεως
1249 1073 1309 1118 δη-

234 1116 322 1160 λαδὴ
347 1119 446 1164 παρὰ
476 1120 530 1162 τῷ
562 1121 624 1174 τῇς
647 1121 816 1166 ἐπαρχίας
839 1123 1024 1167 ηγουμένῳ
1048 1118 1188 1166 κέρδους
1219 1125 1330 1155 παν-’

235 1163 296 1197 τὸς
326 1167 386 1196 καὶ
418 1166 543 1209 ζημίας
573 1165 715 1208 απάσης
749 1168 855 1210 χωρὶς
889 1169 1082 1209 γινομένης.
1129 1163 1211 1199 οὐδὲ
1241 1165 1288 1212 γὰ

234 1205 294 1242 ἐπ’
321 1208 484 1264 ἐξαπάτῃ
515 1206 598 1243 οὐδὲ
628 1212 688 1245 ἐπὶ
720 1212 828 1266 ζημίᾳ
858 1212 920 1264 τῆς
950 1210 1095 1265 βουλῇς,
1129 1207 1209 1244 ἀλλ’
1243 1212 1290 1246 ἐπ

1377 851 1570 886 secundum
1600 851 1696 896 quod
1724 853 1761 887 et
1790 852 1889 896 prior
1917 852 1976 887 ille
2005 853 2149 888 curialis
2171 852 2258 897 fuit,
2290 851 2379 888 nihil
2399 852 2448 887 ab

1376 896 1437 931 illo
1457 895 1598 931 differre
1619 897 1750 932 visum:
1774 896 1977 933 huiusmodi
1995 897 2106 942 gestis
2125 898 2203 933 sine
2225 897 2333 933 dubio
2349 897 2447 943 apud

1376 941 1528 994 iudicem
1550 941 1754 986 provinciae
1776 941 1908 977 habitis
1938 944 2081 987 praeter
2103 951 2206 978 omne
2229 942 2370 979 lucrum
2391 945 2445 977 at-

1323 1030 1365 1064 20
1377 996 1446 1066 3¹¹⁶
1468 986 1702 1039 dispendium.
1748 986 1874 1032 Neque
1903 986 1997 1022 enim
2028 987 2075 1022 ad
2094 987 2299 1024 illusionem
2324 985 2379 1022 vel
2400 986 2448 1022 ad

1400 1031 1598 1076 ispendium
1622 1031 1758 1075 curiae,
1788 1032 1851 1067 sed
1882 1032 1929 1067 ad
1958 1031 2147 1068 utilitatem
2175 1032 2269 1068 hanc
2295 1029 2446 1076 proteri-

1377 1087 1456 1112 mus
1480 1076 1717 1130 sanct-ionem,
1748 1078 1789 1112 ut
1810 1076 1848 1111 in
1870 1079 2081 1130 perpetuum
2104 1077 2221 1113 valeat
2247 1086 2381 1121 augens
2411 1078 2448 1111 et

1378 1122 1607 1219 333332132.
1629 1125 1859 1208 eiipiiffi
1874 1122 2448 1218 qii'iihffoesftiff‘iifiimi‘iiff

1378 1211 1475 1247 mlis
1509 1213 1630 1254 heres,
1667 1222 1738 1247 non
1773 1216 1891 1247 tamen
1922 1212 2077 1248 existens
2112 1214 2148 1248 et
2178 1212 2256 1258 ipse
2291 1210 2446 1252 curialis,

234 1250 389 1309 ὠφελείᾳ
419 1267 552 1289 τουτον
582 1255 735 1298 τίθεμεν
765 1268 833 1290 τον
863 1269 988 1299 νομον,
1023 1267 1111 1290 ωςτε
1141 1254 1311 1298 διηνεκῶς
1324 1256 1365 1288 25
1378 1256 1532 1292 noluerit
1553 1256 1651 1292 adire
1675 1259 1710 1292 et
1732 1266 1772 1293 se
1789 1257 1875 1292 dare
1894 1257 2026 1300 curiae,
2049 1257 2150 1292 curia.
2168 1256 2308 1302 quidem
2327 1258 2448 1291 teneat

235 1311 348 1333 αυτον
370 1303 515 1345 κρατεῖν
547 1298 704 1341 αὔξοντα
736 1304 795 1334 καὶ
818 1299 974 1346 χρήμασι
998 1305 1059 1335 καὶ
1082 1300 1224 1344 σώμασι
1247 1301 1310 1335 τὰς

233 1345 311 1377 τῶν
334 1344 538 1388 βουλευτῶν
562 1349 766 1390 περιουσίας
788 1358 827 1379 τε
845 1349 906 1379 καί
926 1346 1118 1381 συστάσεις.
1162 1347 1208 1380 Εἰ
1227 1348 1310 1390 μέν·

233 1402 330 1435 τοιγε
353 1387 372 1423 ὁ
400 1390 438 1430 ἐξ
462 1387 660 1424 ἀδιαθέτου
684 1390 897 1435 καλούμενος
919 1393 982 1425 τοῦ
1006 1390 1197 1435 βουλευτοῦ
1229 1390 1310 1434 κλη-

1378 1311 1502 1337 novem
1525 1302 1648 1337 uncias
1675 1302 1744 1347 (et)
1765 1301 2008 1338 tantummodo
2029 1302 2108 1347 ipse
2130 1302 2293 1338 dominus
2315 1300 2447 1337 efficie-

1378 1350 1438 1383 tur
1459 1347 1567 1382 trium
1590 1347 1791 1389 unciarum,
1821 1357 1909 1392 quas
1931 1347 1963 1383 ei
1987 1347 2050 1383 dat
2071 1349 2108 1383 et
2130 1347 2288 1384 anterior
2308 1346 2368 1382 lex
2393 1345 2449 1382 vel

1379 1393 1410 1427 si
1440 1402 1511 1427 non
1541 1392 1651 1428 fuerit
1681 1392 1834 1428 curialis.
1883 1392 2016 1436 Quodsi
2045 1393 2166 1437 plures
2192 1391 2328 1428 fuerint
2354 1390 2447 1427 eius-

233 1433 401 1512 ρονόμος,
425 1432 489 1469 οὐκ
511 1433 564 1469 ὢν
583 1439 707 1480 μέντοι
730 1439 791 1469 καὶ
806 1432 913 1470 αὐτὸς
936 1435 1139 1482 βουλευτής,
1163 1434 1212 1481 μὴ
1228 1440 1311 1480 βον-
1379 1437 1457 1473 dem
1487 1437 1619 1481 gradus
1654 1438 1715 1482 qui
1742 1439 1917 1473 vocantur
1952 1437 1998 1473 ad
2028 1437 2171 1473 curialis
2205 1435 2447 1479 heredissoem,

247 1479 363 1522 ,ηθέίη
388 1479 598 1526 προςελθεῖν
621 1484 682 1515 καὶ
696 1481 828 1515 ἑαυτὸν
852 1479 1041 1516 ἐπιδοῦναι
1063 1483 1108 1528 τῇ
1132 1480 1261 1536 βουλῇ,
1288 1478 1365 1524 ἡ30
1377 1486 1413 1518 et
1459 1483 1580 1517 uidam
1604 1482 1763 1518 dederint
1794 1493 1832 1518 se
1861 1482 2004 1528 quidam
2032 1482 2294 1525 recusaverint,
2323 1490 2449 1518 novem

232 1526 300 1569 μὲν
323 1524 433 1569 βουλὴ
457 1529 636 1568 κατεχέτω
665 1526 707 1560 τὸ
731 1527 975 1572 ἐνναούγκιον,
1005 1527 1119 1571 μόνου
1142 1524 1182 1560 δὲ
1204 1526 1311 1561 αυτὸς

233 1568 350 1614 κύριος
372 1568 562 1616 γενήσεται
592 1571 656 1605 τοῦ
680 1575 895 1617 τριουγκίου·
933 1567 1026 1616 ὅπερ
1049 1569 1148 1614 αὐτῷ
1181 1569 1310 1606 δίδωσι

234 1618 293 1648 καὶ
323 1613 378 1659 (ὁ)
409 1617 580 1661 πρότερος
610 1617 734 1660 νόμος,
770 1618 800 1650 εἰ
823 1620 883 1671 καὶ
911 1617 960 1661 μὴ
990 1616 1092 1660 τύχοι
1114 1615 1307 1661 βουλεύων.

1378 1528 1437 1572 qui
1462 1537 1518 1563 em
1539 1527 1665 1564 uncias
1687 1528 1851 1573 accipere
1873 1537 1954 1563 eum
1976 1527 2033 1563 vel
2055 1537 2116 1564 eos
2145 1527 2208 1573 qui
2229 1537 2269 1563 se
2287 1525 2448 1563 dederint

1378 1573 1516 1615 curiae,
1547 1577 1621 1608 tres
1644 1577 1763 1609 autem
1793 1573 1919 1608 uncias
1949 1573 2112 1626 residuos
2141 1573 2203 1626 qui
2223 1582 2269 1608 ex
2289 1572 2367 1625 Iege
2386 1581 2447 1607 vo-

1378 1621 1505 1653 cantur
1542 1618 1705 1664 accipere
1742 1618 1901 1654 heredes.
1954 1617 2071 1654 Studn
2107 1628 2201 1655 emm
2239 1617 2343 1654 nobis
2382 1618 2448 1659 ent,

235 1661 280 1693 Εἰ
296 1663 421 1704 μέντοι
437 1660 597 1695 πλείονες
620 1661 691 1695 εἷεν
714 1663 778 1695 τοῦ
797 1663 905 1696 αυτοῦ
921 1662 1072 1706 βαθμοῦ
1097 1661 1308 1705 καλούμενοι
1377 1664 1472 1698 omni
1494 1663 1597 1699 modo
1621 1673 1746 1700 novem
1769 1663 1895 1700 uncias
1917 1662 1963 1699 ad
1987 1663 2156 1700 curialem
2178 1662 2338 1699 eiufldem
2359 1661 2448 1697 civi-

234 1705 324 1762 πρὸς
339 1705 406 1740 τὸν
421 1707 486 1740 τοῦ
505 1705 696 1750 βουλευτοῦ
720 1706 860 1762 κλῆρον,
884 1710 944 1741 καὶ
967 1707 1004 1741 οἱ
1023 1709 1091 1761 μὲν
1113 1704 1308 1742 ἐπιδιδοῖεν
1322 1707 1364 1740 35
1376 1709 1460 1744 tatis
1482 1708 1678 1753 pervenire,

235 1751 380 1785 εαυτοὺς
402 1750 439 1785 οἱ
460 1749 500 1785 δὲ
522 1754 770 1797 παραιτοῖντο,
800 1766 842 1786 το
866 1754 934 1797 μὲν
957 1754 1189 1799 ἐνναουγκιον
1222 1750 1307 1795 λαμ-

233 1795 362 1841 βάνειν
381 1795 450 1831 τὸν
466 1794 680 1831 ἐπιδιδόντα
699 1795 723 1840 ἢ
739 1797 822 1831 τοὺς
845 1795 1076 1832 ἐπιδιδόντας
1097 1797 1242 1831 ἑαυτοὺς
1263 1798 1308 1844 τῇ

234 1839 361 1888 βουλῇ,
371 1840 414 1875 τὸ
432 1839 471 1875 δὲ
485 1840 689 1888 τριούγκιον
704 1842 786 1877 τοὺς
804 1841 950 1878 λοιποὺς
965 1841 1047 1877 τοὺς
1062 1844 1101 1876 ἐκ
1116 1843 1180 1876 τοῦ
1197 1839 1309 1886 νόμου

234 1884 469 1930 καλουμένους
506 1886 752 1932 κληρονόμους.
807 1886 946 1931 σπουδὴ
1005 1887 1051 1933 ἀρ
1085 1887 1310 1942 καθέστηκεν

234 1929 320 1975 ἡμῖν
343 1929 492 1966 πάντως
514 1932 557 1965 τὸ
582 1930 814 1979 ἐνναοῦγκιον
837 1934 884 1967 εἰς
899 1936 965 1977 βου
988 1932 1094 1976 ευτὴν
1117 1933 1179 1975 τῆς
1203 1933 1310 1975 αυτῆς
1322 1934 1367 1966 40

234 1979 411 2022 περιιέναι
436 1976 583 2011 πόλεως.

231 2133 394 2179 sessione
417 2144 511 2179 quae
533 2144 613 2169 eum
637 2133 701 2179 qui
723 2132 863 2178 accepit
885 2131 1008 2166 curiae
1030 2131 1194 2173 subiciat,
1218 2132 1271 2168 sic
1293 2143 1437 2179 quoque
1460 2142 1519 2167 res
1541 2131 1700 2167 donatae
1719 2142 1742 2166 a
1760 2131 1864 2166 curia
1882 2131 2108 2167 vindicentur
2131 2141 2244 2178 usque
2258 2129 2447 2167 «ἀποῦσα

234 2181 256 2215 1
302 2178 441 2221 uncias,
471 2177 522 2214 ad
543 2189 636 2224 quas
661 2178 806 2214 omnino
829 2177 968 2212 curiam
991 2178 1118 2212 vocari
1138 2176 1310 2212 volumus.
1415 2176 1456 2213 Si
1478 2187 1561 2212 vero
1584 2187 1634 2213 ex
1659 2179 1866 2212 testamento
1889 2175 1946 2212 vel
1965 2175 2044 2222 leae
2067 2180 2214 2212 vocatus
2235 2175 2268 2211 is
2289 2174 2354 2222 qui
2374 2184 2448 2212 non

233 2227 286 2260 est
308 2223 458 2259 curialis
487 2223 537 2258 ad
558 2222 790 2259 hereditatem
814 2221 963 2257 curialis
984 2221 1115 2264 veniat,
1148 2226 1222 2257 tum
1237 2223 1358 2258 statim
1378 2221 1528 2257 simulac
1549 2225 1712 2257 mortuus
1732 2224 1785 2256 est
1807 2220 1957 2257 curialis
1977 2221 2081 2257 σπανία
2101 2220 2302 2264 conveniat,
2320 2223 2356 2256 et
2371 2230 2448 2255 ma

234 2279 313 2304 cum
344 2268 536 2314 defensore
568 2268 723 2304 civitatis
758 2267 837 2303 sine
867 2266 944 2302 ulia
972 2266 1109 2313 fraude
1140 2267 1313 2303 adversus
1351 2277 1410 2303 res
1440 2266 1604 2312 defuncti
1634 2265 1855 2302 admittenda
1889 2267 2127 2303 inventarium
2158 2265 2280 2312 faciat
2314 2274 2449 2307 rerum,

228 2318 424 2360 praesente
445 2313 553 2349 etiam
576 2314 601 2356 i,
615 2324 657 2349 so
686 2314 751 2360 qui
780 2312 830 2348 ad
859 2311 929 2348 hoc
951 2316 1118 2356 vocatur,
1147 2315 1256 2358 atque
1278 2323 1337 2348 res
1360 2313 1483 2348 curiae
1507 2310 1700 2348 tradantur
1729 2311 1795 2347 sub
1818 2311 2016 2358 signaculis
2031 2311 2162 2358 posita
2185 2314 2222 2347 et
2243 2309 2449 2356 defensoris

233 2363 270 2394 et
291 2359 356 2395 deo
381 2359 561 2394 carissimi
603 2369 751 2394 ecorum
780 2357 950 2404 episcopi.
999 2355 1051 2393 Et
1078 2367 1158 2393 cum
1188 2367 1302 2404 supra
1325 2356 1421 2393 dicta
1451 2360 1636 2404 qestorum
1663 2356 1845 2402 confectio
1877 2356 1979 2403 apud
1999 2355 2207 2403 praesidem
2230 2354 2448 2403 provinciae

230 2409 383 2450 peracta
404 2404 467 2446 sit,
499 2407 534 2440 et
563 2403 623 2440 ille
654 2404 777 2439 curiae
807 2402 859 2445 (id
881 2401 981 2448 quod
1001 2413 1110 2449 saepe
1130 2402 1265 2438 dictum
1287 2405 1353 2446 est)
1382 2413 1463 2438 cum
1484 2401 1688 2438 substantia
1716 2405 1751 2437 et
1777 2400 1885 2449 prole
1914 2412 2009 2448 quac
2038 2405 2076 2438 et
2105 2400 2154 2437 sit
2182 2404 2219 2437 et
2246 2401 2380 2447 suma
2400 2399 2449 2435 sit

233 2460 271 2484 se
293 2448 472 2490 obtulerit,
505 2453 589 2484 tunc
611 2453 646 2485 et
667 2459 727 2484 res
750 2447 909 2494 accipiat
930 2452 964 2483 et
987 2446 1152 2483 dominus
1173 2448 1223 2483 sit
1244 2458 1387 2490 earum,
1419 2445 1716 2494 quemadmodum
1731 2446 1843 2492 prior
1865 2446 2014 2482 curialis
2033 2446 2122 2492 fuit,
2146 2456 2233 2482 neve
2255 2445 2449 2491 quicquam

234 2494 279 2530 ab
301 2494 364 2529 illo
389 2494 538 2539 differre
560 2493 747 2535 videatur;
777 2491 953 2528 eiusmodi
975 2496 1095 2528 autem
1118 2493 1301 2539 confectio
1324 2493 1492 2528 nimirum
1515 2503 1539 2527 a
1565 2491 1617 2527 ud
1635 2490 1839 2538 praesidem
1859 2491 2068 2538 provinciae
2088 2491 2168 2526 sine
2189 2489 2264 2526 ullo
2288 2489 2393 2526 lucro
2411 2491 2449 2525 et

233 2539 309 2574 ullo
340 2538 471 2574 damno
493 2544 710 2585 peraqatur.
760 2538 886 2584 Neque
916 2537 1009 2573 enim
1039 2538 1078 2572 in
1104 2537 1276 2583 fraudem
1307 2549 1422 2584 neque
1452 2537 1502 2573 ad
1569 2537 1771 2573 trimentum
1802 2537 1943 2581 curiae,
1976 2535 2042 2572 sed
2062 2535 2112 2572 ad
2133 2535 2327 2571 utilitatem
2354 2532 2449 2570 hanc

235 2584 348 2635 leqem
369 2584 537 2628 ferimus,
567 2589 608 2619 ut
627 2587 805 2630 perpetuo
829 2582 947 2618 valeat
976 2586 1012 2618 et
1040 2583 1205 2634 pecuniis
1235 2587 1272 2619 et
1293 2582 1509 2634 corporibus
1530 2581 1749 2618 substantias
1778 2586 1815 2617 et
1835 2581 2063 2617 condiciones
2085 2580 2275 2616 cwialium
2297 2588 2448 2626 augens.

235 2627 276 2663 Si
306 2639 389 2664 vero
422 2629 487 2674 qui
515 2629 560 2665 ab
589 2629 758 2665 intestato
788 2631 939 2664 vocatur
970 2627 1120 2663 curialis
1148 2626 1261 2671 lueres,
1292 2638 1356 2674 qui
1380 2631 1499 2663 tamen
1527 2627 1605 2674 ipse
1632 2637 1706 2662 non
1735 2626 1784 2662 sit
1807 2626 1974 2670 curtatis,
2002 2625 2160 2662 noluerit
2182 2624 2285 2676 adire
2313 2629 2351 2662 ct
2370 2633 2449 2661 sese

235 2673 369 2718 offerre
392 2673 527 2715 curiae,
552 2674 654 2709 curia
677 2672 819 2720 quidem
842 2683 968 2709 novem
990 2673 1118 2708 uncias
1139 2673 1305 2715 retineat,
1328 2673 1406 2719 ipse
1423 2676 1544 2709 autem
1568 2671 1812 2708 tantummodo
1836 2671 1943 2707 trium
1966 2671 2157 2707 unciarum
2176 2669 2344 2706 dos-uuas
2359 2669 2450 2706 crit:

236 2717 334 2798 md
352 2718 389 2770 'ei
405 2718 517 2764 prior
540 2729 683 2771 quoque
706 2719 767 2754 lex
792 2717 933 2760 tribuit,
966 2717 1049 2770 iicet
1067 2718 1170 2763 forte
1192 2718 1343 2770 curiatis
1364 2728 1439 2753 non
1461 2718 1518 2753 sit.
1565 2716 1704 2760 Quodsi
1723 2716 1848 2769 piures
1870 2717 1944 2769 sint
1972 2716 2129 2770 eiusdem
2142 2713 2292 2769 ,qradus
2313 2713 2380 2761 qui
2399 2712 2451 2750 ad

301 2762 468 2798 editatem
492 2763 640 2799 curialis
663 2767 845 2805 vocentur,
869 2766 905 2798 et
927 2761 990 2798 aiu
1013 2773 1053 2798 se
1077 2763 1236 2809 offerant
1259 2762 1322 2798 alu
1345 2765 1521 2804 recusent,
1545 2773 1669 2799 novem
1691 2761 1834 2808 quadem
1856 2772 1982 2798 uncias
2005 2771 2037 2798 ts
2059 2761 2116 2798 vel
2136 2771 2163 2796 ιι
2186 2771 2248 2807 qua
2271 2770 2311 2796 se
2325 2769 2450 2795 curiae

236 2807 428 2843 obtulerint
451 2809 642 2855 accipiant,
669 2812 741 2843 tres
763 2810 881 2859 autem
904 2806 1030 2858 uncias
1052 2808 1185 2859 reliqui
1206 2808 1270 2859 qui
1293 2819 1316 2843 a
1340 2808 1417 2854 Iege
1439 2811 1613 2843 vocantur
1635 2806 1793 2843 heredes.
1841 2806 1956 2843 Curae
1977 2805 2071 2843 enim
2094 2805 2198 2842 nobis
2219 2809 2284 2847 est,
2313 2807 2356 2841 ut
2377 2803 2448 2839 uti-
2466 2810 2468 2815 “

235 2864 305 2899 que
327 2863 453 2888 novem
475 2853 604 2888 unciae
626 2853 676 2888 ad
698 2852 871 2888 curtalem
894 2851 1051 2887 eiusdem
1076 2852 1232 2888 civitatis
1248 2853 1474 2899 perveniant.

281 3013 302 3045 6
317 3007 370 3044 ὤν
385 3022 442 3044 om.
456 3010 487 3043 L
505 3013 518 3052 11
535 3011 552 3042 ’ί
568 3018 718 3041 συνυαι
732 3008 781 3040 La
797 3006 809 3050 11
828 3010 848 3041 9
866 3007 953 3048 τῶν]
978 3006 1046 3041 τὸν
1058 3008 1090 3041 L
1106 3008 1119 3051 11
1139 3010 1176 3042 11
1191 3009 1309 3050 τοῦτο]

235 3056 366 3090 τοῦτον
389 3056 439 3089 vel
460 3055 577 3087 ταῦτα
600 3066 668 3086 cum
692 3053 910 3096 Hombequio
935 3054 1026 3086 malit
1043 3053 1230 3087 Zachariae
1253 3055 1308 3097 (cs.

237 3104 283 3135 ad
294 3103 325 3143 ς)
341 3101 355 3145 fl
373 3102 414 3136 13
428 3097 605 3145 γενόμενα
621 3099 652 3131 L
668 3097 681 3141 11
703 3100 743 3131 14
766 3097 843 3130 τῶν
862 3094 991 3130 τόπων
1015 3110 1072 3130 om.
1090 3110 1109 3134 ς
1126 3097 1139 3136 ΙΙ
1158 3100 1197 3132 15
1222 3098 1309 3142 πρό-

237 3146 343 3187 σθέν]
379 3143 469 3190 πρὸς
491 3143 585 3177 θεὸν
610 3144 640 3176 L
664 3142 677 3186 11
705 3139 901 3187 πρόσταξις
925 3143 954 3175 L
984 3142 996 3185 ΙΙ
1028 3144 1068 3176 19
1094 3139 1217 3176 αὐτῶν
1241 3144 1309 3176 Za-

238 3193 381 3233 chariae]
407 3186 518 3223 αὐτὸν
544 3190 620 3223 libri
641 3188 654 3232 11
680 3189 722 3222 20
746 3185 917 3231 καθάπερ
941 3184 961 3218 ὁ
987 3185 1170 3231 πρότερος]
1194 3199 1308 3220 secun-

237 3239 315 3270 dum
331 3236 420 3279 quod
438 3238 471 3269 et
485 3234 577 3278 prior
593 3232 651 3267 ille
668 3244 688 3270 ς
704 3232 716 3277 11
734 3233 775 3266 21
794 3229 1001 3265 ὃιαλάττειν
1021 3233 1052 3265 L
1069 3231 1082 3276 11
1100 3234 1142 3266 25
1163 3229 1310 3278 ἅφελεία

238 3284 288 3316 L⁰
302 3283 316 3326 11
342 3284 384 3317 26
409 3277 582 3320 αὔξονται
603 3278 651 3312 M
659 3279 672 3321 11
699 3279 734 3313 31
753 3290 800 3321 sq.
827 3274 1036 3322 ἐναούγγιον
1061 3285 1090 3310 et
1110 3289 1234 3323 τριουγ
1258 3281 1310 3310 lov

238 3329 268 3362 L
283 3329 381 3368 (etsie
393 3340 422 3360 υ.
436 3327 489 3360 36.
504 3326 556 3360 38.
570 3326 626 3366 40)
644 3323 657 3365 ΙΙ
672 3324 715 3357 33
732 3319 752 3355 ὁ
771 3323 848 3355 add.
863 3322 1050 3355 Zachariae
1065 3321 1078 3366 ΙΙ
1097 3324 1138 3356 35
1153 3290 1310 3355 &anglena

238 3373 270 3406 l,
294 3374 308 3417 11
332 3374 372 3406 37
399 3369 556 3412 ἑωυτοὺς]
582 3367 729 3402 ναστοὺς
752 3367 805 3400 L⁰
832 3366 845 3411 11
872 3368 915 3400 38
938 3365 1030 3407 τοὺς]
1055 3367 1142 3400 veie?
1166 3365 1310 3401 λοιποὺς

239 3419 289 3451 L⁰
305 3418 317 3460 11
336 3419 379 3452 39
403 3415 652 3462 κληρονόμους]
676 3413 823 3457 accipere
844 3411 981 3446 heredes
1005 3424 1024 3448 ς
1039 3411 1052 3456 ΙΙ
1071 3414 1109 3446 41
1135 3414 1309 3457 περιιέναι

239 3464 322 3504 ML]
346 3464 515 3507 παριέναι
538 3461 724 3495 Zachariae
748 3470 810 3492 non
834 3464 918 3491 recte

307 3553 325 3584 5
351 3552 577 3585 euocationem
603 3550 636 3583 T
659 3548 673 3593 fl
699 3550 720 3583 6
745 3549 864 3582 hiatum
887 3559 950 3581 non
974 3553 1085 3580 natant
1109 3546 1200 3585 Ιίῠνίς
1234 3558 1309 3590 ευρ-

238 3599 388 3640 plendum
404 3599 480 3638 sere
503 3596 544 3628 ad
560 3594 801 3628 successionem
824 3592 952 3625 venerit
967 3591 1114 3632 curialis,
1139 3593 1218 3624 tnnc
1235 3602 1308 3624 mox

241 3642 339 3674 simul
364 3652 437 3674 cum
462 3644 567 3673 morte
591 3640 726 3672 curialis
754 3639 837 3679 (sim.
859 3639 960 3682 valy.)
989 3636 1003 3682 11
1031 3639 1049 3670 7
1074 3639 1208 3680 propter
1239 3637 1270 3669 V
1298 3636 1311 3681 11

1378 3011 1398 3043 8
1422 3018 1531 3042 rerum
1556 3020 1614 3040 om.
1630 3006 1691 3051 ΤΙΙ
1714 3007 1807 3040 fleret
1832 3007 1866 3040 T
1884 3006 1897 3050 11
1922 3009 1942 3041 9
1966 3008 2138 3050 praesente
2164 3005 2208 3047 T]
2240 3007 2273 3038 et
2294 3015 2447 3049 praesen-

1377 3055 1442 3087 tem
1462 3053 1519 3097 Vn
1536 3052 1605 3094 qui]
1630 3051 1719 3093 quod
1742 3052 1773 3085 T
1787 3051 1800 3094 11
1823 3052 1886 3084 hoc
1910 3051 1957 3093 T]
1981 3051 2061 3084 haec
2082 3050 2205 3094 Vvulq.
2224 3049 2296 3095 1110
2321 3050 2374 3084 dei
2400 3050 2446 3093 T]
2515 3050 2518 3051 ⁷

1377 3098 1417 3131 de
1438 3097 1493 3141 Vn
1521 3098 1562 3132 12
1585 3096 1727 3129 iudicem
1747 3096 1951 3138 prouinciae]
1975 3098 2104 3138 praeter
2124 3104 2220 3128 omne
2243 3094 2372 3129 lucrum
2397 3097 2447 3129 at-

1377 3153 1440 3184 que
1465 3141 1682 3184 dispendium.
1726 3142 1842 3183 Neque
1865 3141 1952 3174 enim
1976 3139 2018 3173 ad
2041 3139 2230 3173 illusionem
2252 3140 2307 3174 uel
2330 3139 2373 3174 ad
2396 3140 2447 3174 ‹ri-

1376 3187 1548 3231 spendium
1573 3187 1650 3219 add.
1670 3186 1701 3219 T
1718 3186 1839 3228 (errore
1863 3198 1901 3219 ex
1921 3198 1952 3219 v.
1968 3187 2063 3229 lflsq.
2086 3186 2234 3229 repetita)
2250 3183 2264 3230 Ι
2283 3187 2322 3220 13
2345 3185 2448 3219 ruerit

1377 3245 1434 3266 om.
1451 3231 1505 3275 ΤΙΙ
1527 3232 1568 3265 14
1587 3230 1688 3272 *eritJ
1712 3230 1814 3263 fuerit
1838 3231 1915 3264 libri
1927 3230 1940 3275 11
1961 3233 2001 3265 15
2026 3240 2092 3263 esse
2108 3232 2194 3272 eum]
2217 3241 2285 3264 esse
2301 3240 2375 3263 oum
2396 3229 2431 3265 V

1378 3279 1419 3310 17
1443 3276 1503 3309 illo
1529 3276 1575 3317 V]
1612 3285 1649 3308 eo
1675 3275 1806 3319 Tvulq.
1845 3275 1858 3319 ΙΙ
1884 3275 2030 3317 *visuml
2064 3275 2172 3308 iussus
2197 3275 2229 3309 T
2258 3275 2295 3308 in
2317 3275 2387 3309 suia
2434 3291 2447 3319 5

1377 3322 1464 3355 visus
1487 3319 1604 3364 vulq.fl
1630 3321 1671 3355 18
1692 3322 1833 3363 praeter]
1856 3322 1946 3363 petet
1966 3320 2000 3354 V
2019 3320 2033 3365 11
2066 3322 2105 3355 19
2130 3321 2217 3353 enim
2242 3328 2271 3355 α
2293 3320 2334 3353 ad
2356 3321 2450 3365 (post

1377 3365 1444 3409 uel)
1470 3379 1527 3399 om.
1543 3365 1576 3398 T
1594 3367 1670 3406 (non
1693 3378 1752 3400 om.
1769 3367 1880 3409 priore
1904 3366 1987 3404 loco;
2012 3367 2054 3410 cll
2072 3367 2119 3399 ad
2139 3378 2171 3398 υ.
2188 3366 2241 3408 12)
2257 3365 2272 3411 fl
2286 3363 2446 3400 nram-

1377 3414 1483 3444 tatum
1510 3410 1541 3443 T
1564 3410 1577 3462 11
1607 3411 1647 3444 23
1681 3410 1732 3443 his
1763 3410 1831 3454 Vn
1859 3411 1902 3445 24
1932 3410 2026 3444 heres
2052 3429 2091 3435 -—
2115 3410 2251 3444 curialis
2281 3423 2340 3445 om.
2373 3407 2408 3444 V
2430 3406 2449 3455 Ι

1378 3458 1420 3490 25
1445 3455 1591 3489 uoluerit
1611 3455 1665 3499 Vn
1691 3455 1763 3488 dari
1787 3454 1841 3500 Vl}
1867 3456 1910 3489 26
1934 3458 1967 3488 et
1990 3456 2119 3494 addid&
2145 3457 2255 3488 autem
2279 3461 2354 3489 anu
2373 3454 2447 3499 ipae

1377 3502 1453 3535 add.
1467 3501 1552 3544 vulq.
1570 3500 1583 3544 11
1601 3502 1642 3535 29
1669 3503 1807 3534 uocatur
1832 3501 1864 3534 T
1878 3500 1890 3545 ΙΙ
1906 3500 2051 3542 curialis]
2076 3500 2167 3534 curii
2186 3498 2201 3533 1
2221 3501 2257 3543 (i.
2269 3513 2296 3534 e.
2319 3499 2445 3533 curiam

1377 3546 1444 3588 uel)
1469 3545 1517 3590 Τ1
1542 3547 1586 3580 30
1598 3546 1737 3588 quadam
1759 3546 1815 3590 1711
1831 3556 1864 3578 se
1888 3545 2034 3587 quidam]
2058 3546 2220 3588 siquidem
2241 3545 2298 3590 V.
2313 3546 2354 3579 31
2369 3543 2443 3587 qui-

1376 3591 1449 3624 dam
1472 3591 1586 3634 V132
1610 3590 1757 3625 residuas
1780 3591 1896 3636 V133
1921 3593 1969 3624 est
1991 3604 2049 3625 om.
2074 3591 2188 3634 V134
2213 3589 2370 3623 curialem
2397 3586 2461 3630 ΥΤ

1376 3635 1510 3669 curialis
1531 3636 1563 3668 V
1581 3636 1720 3670 oux-iales
1744 3637 1826 3682 cuiq.
