2476 3854
1143 865 1229 928 II.

182 982 637 1048 APPENDIX
695 983 865 1051 CON
874 987 1476 1054 STITUTIONUM
1535 989 2190 1058 DISPERSARUM.

623 1303 718 1354 DE
765 1235 1268 1355 ADSCRIPTICIIIS
1316 1305 1407 1355 ΕΤ
1452 1303 1755 1356 COLONIS.

743 1382 831 1428 Imp.
856 1381 1079 1419 lastinianus
1102 1382 1194 1427 Aug.
1218 1381 1407 1418 Dominico
1431 1381 1630 1427 praefecto.
2319 1391 2339 1423 5

203 1447 501 1494 (Praefatio.)
535 1448 713 1486 Adierunt
735 1452 896 1487 nostram
919 1450 1149 1487 serenitatem
1172 1449 1466 1494 Lugdunensium
1490 1449 1715 1486 habitatores
1735 1452 1772 1486 et
1793 1449 1863 1486 hoc
1884 1460 1950 1487 nos
1975 1450 2191 1487 docuerunt:
2212 1452 2298 1506 quia

68 1494 153 1527 ante
183 1492 433 1538 proposuimus
463 1493 588 1538 legem,
619 1504 685 1540 per
716 1505 824 1541 quam
850 1495 1018 1533 iussimus
1050 1496 1170 1533 adseri
1197 1495 1299 1531 ticios
1329 1495 1386 1532 vel
1417 1495 1565 1532 colonos
1589 1495 1859 1533 commiscentes
1883 1506 1924 1532 se
1946 1495 2069 1532 liberis
2089 1496 2297 1534 mulieribus

67 1547 259 1582 procreare
287 1538 380 1575 filios
411 1538 458 1574 ad
489 1540 755 1578 similitudinem
778 1541 983 1584 liberorum,
1015 1543 1079 1584 [et]
1103 1551 1149 1577 ex
1197 1551 1239 1578 oc
1262 1540 1508 1577 detrimentari
1525 1539 1658 1578 fundos
1681 1544 1718 1577 et
1740 1550 1862 1578 eorum
1885 1541 2102 1584 functiones,
2125 1542 2295 1578 receden-

67 1582 166 1618 tibus
195 1583 361 1629 agricolis
391 1584 488 1621 velut
518 1594 563 1621 ex
595 1589 698 1622 utero
730 1585 843 1623 libero
874 1586 1164 1633 procedentibus.

1078 1675 1236 1712 CAPUT
1259 1675 1289 1711 Ι.

204 1741 254 1776 Et
275 1740 346 1777 hoc
370 1741 587 1786 corrigentes
610 1742 802 1786 sancimus,
826 1744 1023 1781 secundum
1046 1745 1200 1780 veterem
1223 1743 1337 1788 legem
1359 1742 1403 1779 de
1426 1742 1665 1789 adscripticiis
1685 1744 1722 1779 et
1745 1742 1881 1780 colonis
1906 1743 2113 1780 constitutis
2126 1744 2294 1790 agricolis
2319 1751 2360 1784 10

93 1786 165 1823 uod
195 1786 357 1822 nascitur
387 1787 655 1832 adscripticium
688 1792 724 1823 et
748 1789 913 1825 colonum
936 1788 1030 1833 fieri3
1061 1788 1126 1825 sed
1148 1788 1180 1824 si
1202 1789 1281 1824 sola
1304 1788 1414 1823 fuerit
1438 1788 1566 1824 mulier
1588 1788 1703 1824 libera
1725 1788 1923 1825 constituta
1946 1799 2027 1825 cum
2051 1790 2291 1841 procreaverit

66 1798 178 1875 filios,
209 1836 296 1867 tunc
323 1841 407 1876 ergo
438 1832 538 1869 nullo
570 1832 674 1869 modo
705 1833 863 1885 patimur
891 1834 985 1870 laedi
1008 1844 1053 1870 ex
1072 1834 1142 1869 hoc
1166 1833 1311 1879 penitus
1334 1833 1486 1868 liberum
1509 1834 1662 1876 uterum,
1695 1836 1736 1868 ut
1759 1843 1850 1878 quae
1873 1833 1956 1869 talis
1980 1834 2107 1870 mulier
2129 1834 2194 1870 tali
2216 1835 2292 1871 viro

67 1877 206 1912 sociata
236 1876 365 1919 fuerit,
397 1887 512 1922 neque
543 1877 771 1923 adscripticio
795 1889 910 1925 neque
935 1879 1083 1924 colono;
1115 1878 1154 1914 in
1176 1879 1246 1915 hoc
1268 1878 1515 1914 tantummodo
1540 1887 1628 1914 casu
1652 1878 1836 1914 obtinente
1857 1878 1946 1923 lege.
1994 1878 2183 1915 Sancimus
2206 1889 2290 1925 ergo

66 1922 268 1966 generalem
297 1922 422 1967 legem,
453 1926 495 1958 ut
526 1923 589 1968 qui
613 1933 657 1959 ex
679 1923 909 1969 adscripticio
934 1927 970 1960 et
992 1924 1119 1961 colono
1141 1926 1250 1959 natus
1274 1925 1329 1959 est
1351 1923 1465 1968 patris
1489 1927 1654 1959 naturam
1677 1926 1859 1969 sequatur.
1907 1923 1967 1959 Sic
1989 1933 2072 1968 ergo
2097 1926 2134 1960 et
2155 1924 2290 1960 indem-

66 1967 162 2002 nitas
193 1966 273 2003 fisci
305 1967 536 2004 collatoribus
567 1968 651 2010 erit,
708 1978 813 2006 arens
846 1970 1040 2006 carissime.
1088 1969 1171 2005 Hoc*
1191 1979 1275 2013 ergo
1298 1968 1479 2004 medentes
1503 1971 1728 2013 praesentem
1751 1967 2019 2015 dispositionem
2039 1968 2288 2014 disposuimus,
2316 1974 2358 2008 15

66 2022 172 2092 qlliiam
203 2013 524 2094 ‘absessvfffessumg
555 2013 681 2050 celsitu
708 2014 799 2050 ‘nem
829 2015 1010 2052 sancimus
1040 2014 1079 2051 in
1111 2014 1275 2051 omnibus
1306 2013 1518 2060 Illyricianis
1547 2013 1730 2059 partibus,
1762 2018 1804 2049 ut
1835 2023 1908 2050 non
1942 2012 2071 2049 exinde
2094 2014 2290 2052 deminutio

67 2067 90 2092 a
143 2066 190 2092 ua
240 2067 367 2093 ommis
390 2069 402 2093 1
443 2068 506 2094 era
523 2068 576 2094 ur.

121 2067 142 2102 q
199 2102 489 2149 (Epilogus.)
533 2103 614 2140 Tua
647 2103 756 2149 igitur
787 2103 903 2149 gloria
936 2113 1028 2149 quae
1063 2104 1167 2142 nobis
1199 2104 1276 2141 visa
1307 2106 1393 2140 sunt
1423 2106 1460 2140 et
1490 2113 1556 2149 per
1585 2102 1681 2140 hanc
1711 2102 1823 2148 legem
1853 2103 2012 2140 divinam
2042 2103 2292 2149 significantur

65 2146 209 2183 effectui
234 2148 440 2193 mancipare
468 2148 636 2193 festinet,
667 2150 781 2185 multa
810 2148 1015 2185 imminente
1046 2150 1170 2185 decem
1193 2150 1368 2185 librarum
1391 2149 1471 2184 auri
1494 2149 1555 2194 qui
1578 2158 1657 2184 eam
1679 2148 1864 2185 violaverit
1887 2152 1950 2186 aut
1973 2148 2194 2186 concesserit
2214 2149 2289 2185 vio-

64 2192 218 2229 landam.
266 2193 350 2229 Dat.
368 2193 448 2231 VII.
473 2194 520 2230 id.
545 2194 659 2241 April.
686 2194 754 2231 GP.
779 2194 862 2240 imp.
887 2194 944 2230 dn.
969 2194 1158 2231 Iustiniani
1181 2195 1293 2242 (pp.)
1311 2196 1404 2239 Aug.
1429 2203 1526 2231 anno
1549 2193 1646 2230 XIV.
1667 2193 1805 2231 Iustino
1828 2195 1920 2241 (vc.)
1942 2203 2042 2231 cons.
2123 2197 2169 2237 [a.
2194 2196 2287 2238 54⁰]
2312 2197 2355 2231 20

1148 2374 1197 2410 Π.

110 2442 337 2495 IUSSIO
383 2443 767 2496 IUSTINIANI
812 2442 1450 2563 ΙΜΡΕΙΙίΞξΙὲἏΙέΙέΝξΒΟ
1496 2441 1896 2494 PRIVILEGIO
1945 2441 2247 2494 GONGILII

63 2587 263 2634 Imperator
293 2589 512 2626 Iustinianus
543 2589 802 2627 Alamannicus
835 2589 1012 2626 Gothicus
1043 2589 1244 2625 Francicus
1273 2587 1509 2624 Germanicus
1540 2586 1696 2624 Anticus
1729 2586 1902 2641 Alanicus
1925 2585 2170 2641 Uuandalicus
2192 2586 2288 2641 Arx-13

64 2643 176 2669 canus
198 2633 315 2680 (pius)
338 2633 425 2671 felix
455 2635 600 2672 inclitus
632 2634 747 2672 victor
778 2645 823 2671 ac
845 2634 1455 2726 triumplzztlffilisgxxffssgassssustus
1478 2632 1640 2669 Daciano
1663 2632 1939 2678 metropohtano
1961 2632 2109 2678 Byzacu
2131 2634 2169 2669 et
2192 2643 2288 2670 omm
2311 2636 2355 2670 25

198 2746 402 2782 Restitutus
423 2750 459 2783 et
482 2747 670 2784 Heraclius
693 2747 976 2784 reverendissimi
998 2747 1064 2784 viri
1087 2747 1243 2783 omnium
1267 2746 1528 2793 quodammodo
1552 2745 1661 2781 vestri
1686 2744 1829 2781 concilii
1851 2743 2078 2781 sacerdotum
2100 2754 2174 2781 non
2196 2744 2289 2790 reia·

63 2790 197 2826 tionem
228 2794 370 2827 tantum
397 2792 461 2828 sed
491 2793 607 2838 ipsam
639 2793 707 2829 visi
730 2796 814 2829 sunt
835 2793 1009 2830 adtulisse
1031 2793 1287 2838 praesentiam
1317 2791 1504 2829 relucebat
1525 2799 1679 2835 namque
1700 2790 1739 2826 in
1763 2790 1814 2826 eis
1836 2789 1976 2835 puritas
1999 2793 2139 2826 vestrae
2162 2793 2288 2826 ancto-

62 2835 180 2872 ritatis
212 2837 249 2872 et
277 2836 381 2873 vitae.
427 2837 506 2874 Nec
537 2838 653 2874 solum
684 2838 939 2875 ecclesiasticis
970 2837 1091 2875 causis
1125 2837 1189 2875 sed
1216 2838 1327 2874 totius
1350 2836 1556 2884 provinciae
1578 2834 1793 2871 utilitatibus
1811 2835 2043 2881 profuerunt,
2071 2834 2228 2872 dicentes
2251 2836 2289 2871 et

198 2927 287 2971 App.
311 2927 335 2961 1
355 2935 402 2961 est
424 2930 457 2962 in
478 2929 561 2962 Iul-⁹
585 2929 731 2971 (contulit
758 2930 914 2973 Girard),
948 2931 1086 2965 eiusdem
1116 2931 1205 2964 Utin.
1232 2937 1262 2964 ee
1288 2930 1441 2971 Trivulz„
1460 2935 1638 2972 praeterea
1662 2928 1695 2962 in
1721 2927 1790 2972 leqe
1814 2926 1965 2961 Romana
1986 2927 2140 2961 canonice
2162 2932 2289 2970 compta

62 2973 147 3016 (cod.
174 2971 284 3006 Paris.
300 2974 411 3007 12448
435 2974 480 3014 [l]
504 2975 637 3008 contulit
658 2975 816 3018 Krizyer).

198 3018 287 3062 App.
311 3018 357 3052 ΙΙ
373 3026 420 3052 est
443 3019 475 3052 in
498 3019 563 3052 Iul.
594 3019 746 3053 Utinensi
765 3021 911 3062 (contulit
933 3020 1088 3063 Haenel),
1113 3021 1162 3054 ed.
1187 3020 1344 3055 Pithoeus
1362 3032 1399 3064 p.
1417 3020 1482 3053 237
1508 3019 1618 3053 codice
1641 3029 1717 3051 usus
1735 3018 1854 3061 iqnoto.

107 3166 130 3198 4
152 3164 351 3208 asoriptieiis
368 3165 452 3198 IulJ’
469 3164 530 3205 (εἰσ
552 3166 689 3209 semper)
712 3164 752 3198 de
775 3165 944 3207 scriptitio
968 3167 1001 3199 et
1023 3166 1142 3200 colono
1211 3167 1245 3199 et
1269 3178 1326 3200 om.
1345 3166 1358 3199 1
1433 3163 1676 3208 significantem
1698 3162 1782 3196 IuLP
1801 3159 1824 3204 l,
1856 3173 1939 3213 corr.
1964 3160 2062 3212 Kroll
2089 3160 2288 3204 (significata

62 3220 102 3242 ex
117 3209 182 3242 fine
199 3209 353 3243 nouellae
366 3211 378 3243 l
392 3210 405 3254 ΙΙ
423 3212 442 3244 5
459 3209 637 3244 Dominico
651 3220 707 3253 pp.
721 3209 853 3253 Illyrici
869 3212 951 3244 coni.
971 3211 1119 3245 Miraeus
1131 3211 1143 3255 Η
1212 3211 1373 3253 Μίναειιε)
1438 3212 1479 3244 19
1499 3209 1617 3242 effectu
1635 3210 1648 3241 l
1662 3207 1675 3251 ΙΙ
1699 3206 1824 3239 mulcta
1841 3207 1854 3239 l
1866 3205 1879 3250 Ι]
1897 3208 2126 3258 imminentem
2140 3206 2223 3240 Iul!
2242 3207 2256 3240 l
2274 3207 2287 3247 Ι

62 3254 252 3289 Badierunt
265 3255 366 3288 Kroll
375 3262 406 3288 et
417 3255 572 3297 Skutsch]
589 3255 775 3289 docuerunt
793 3255 870 3289 libri
879 3254 890 3300 ΙΙ
903 3254 1143 3298 ligdinensium
1211 3258 1254 3291 20
1288 3258 1411 3290 subscr.
1446 3254 1513 3287 dat.
1544 3253 1605 3286 sub
1634 3252 1679 3287 id.
1713 3252 1757 3293 (d.
1786 3252 1814 3294 Ι)
1851 3250 1967 3303 aprilis
1991 3250 2287 3303 ‘constantinopoli

62 3301 157 3340 lum,
181 3299 464 3342 ligdiniensiuml
486 3301 499 3344 ΙΙ
523 3303 540 3335 7
567 3300 688 3343 legem]
715 3300 794 3335 God.
810 3302 864 3342 11,
877 3302 933 3342 48,
948 3308 982 3335 2⁴
1008 3304 1050 3344 qs.
1067 3314 1140 3335 nov.
1211 3300 1348 3344 (-1im1)
1379 3300 1458 3343 imp.
1483 3298 1569 3332 dom.
1594 3308 1651 3331 nn.
1684 3297 1800 3339 (dn-n.
1821 3297 1849 3337 Ι)
1881 3298 2067 3330 iustiniano
2097 3307 2173 3339 aug.
2197 3306 2286 3330 anno

67 3345 210 3379 CLXII
229 3358 254 3379 c.
273 3347 294 3379 2
319 3344 332 3390 ΙΙ
360 3345 651 3380 commiscentibus
674 3346 758 3380 1241ae
775 3346 788 3379 ἰ
801 3345 815 3389 ΙΙ
839 3344 1038 3380 mulieribus
1053 3359 1111 3379 om.
1131 3347 1143 3380 1
1210 3347 1277 3387 (an.
1301 3346 1408 3386 IalJ’)
1439 3344 1565 3377 iustino
1589 3343 1735 3385 (austino
1753 3343 1782 3384 l)
1815 3341 1948 3375 consule
1971 3341 2056 3376 1121ae
2079 3342 2091 3375 1
2119 3341 2132 3386 ΙΙ
2164 3342 2206 3375 22
2231 3340 2286 3374 hic

61 3390 73 3431 ΙΙ
89 3391 109 3424 8
123 3400 288 3432 proquare
306 3391 344 3434 ΙΙΙ
362 3390 462 3431 filios]
479 3390 602 3425 liberos
619 3393 631 3425 l
645 3390 658 3435 ss
676 3392 709 3424 et
727 3391 789 3425 del.
807 3390 946 3424 Skutsch
964 3391 977 3434 ΙΙ
993 3393 1013 3425 9
1026 3401 1141 3433 proce·
1210 3390 1352 3424 habetur
1375 3389 1482 3422 iussio
1513 3389 1600 3422 Utin.
1615 3387 1629 3433 11
1657 3387 1835 3431 privilegio
1861 3387 1960 3428 Pith.]
1988 3386 2169 3430 priuilegia
2197 3386 2284 3420 Utin.

61 3434 176 3468 dentes
192 3434 304 3480 IulJ’u
325 3438 365 3471 10
383 3438 415 3469 et
431 3437 495 3469 boc
512 3437 535 3477 l]
556 3447 594 3469 ex
610 3437 673 3470 hoc
688 3437 773 3470 Iul.¹²
790 3436 804 3480 ΙΙ
828 3437 863 3470 11
883 3435 972 3478 quod
991 3436 1141 3469 nascitur
1209 3434 1398 3480 privilegiis
1423 3432 1525 3468 Zach.
1542 3434 1555 3477 ΙΙ
1573 3434 1615 3468 23
1640 3433 1802 3467 Uizaceni
1831 3433 1917 3466 Utin.
1937 3431 2027 3466 Pith.
2052 3433 2148 3473 (idem
2170 3443 2201 3464 v.
2227 3431 2284 3470 26)

62 3493 121 3513 om.
140 3481 152 3512 l
168 3480 180 3523 u
196 3480 320 3513 fierieri
336 3482 349 3514 l
361 3482 374 3524 ss
395 3482 436 3514 12
461 3483 565 3523 utque
580 3482 663 3515 IulJ’
680 3480 719 3525 ΙΙΙ
739 3481 780 3515 13
801 3480 980 3523 adscriptio
998 3482 1054 3524 l⁰u
1073 3491 1141 3513 non
1210 3482 1222 3526 ΙΙ
1245 3482 1289 3515 24
1310 3479 1457 3523 gotticus
1488 3479 1574 3513 Utin.
1601 3479 1687 3513 Pith.
1718 3482 1732 3523 u
1759 3479 1800 3512 27
1826 3475 2017 3511 hereacleus
2045 3477 2131 3511 Utin.
2156 3475 2170 3520 fl
2195 3473 2284 3529 quood

60 3524 165 3557 fuerit
190 3526 380 3560 Zachariae
409 3521 472 3567 (aie
502 3526 565 3568 τῆς
595 3522 760 3569 τοιαύτης
787 3524 956 3572 γυναικὸς
985 3525 1140 3568 τοιούτῳ
1209 3525 1252 3559 ad
1274 3525 1409 3559 modum
1439 3525 1540 3566 Utin„
1564 3523 1654 3566 quod
1677 3523 1719 3556 ad
1742 3522 1839 3556 modo
1865 3522 1962 3565 Pan„
1987 3534 2069 3556 corr.
2097 3519 2282 3556 Zachanao

61 3566 130 3602 ἆνδ
154 3569 476 3614 ἰσυζευχθείσηςΗΙ
496 3573 537 3605 14
560 3571 714 3614 generali
731 3571 804 3614 lege
827 3573 910 3606 com'.
928 3569 1114 3605 Zachariae
1129 3570 1141 3615 ΙΙ
1207 3569 1221 3616 ΙΙ
1243 3571 1287 3605 28
1309 3570 1414 3614 ipsam
1441 3568 1638 3611 Zachariae]
1661 3578 1723 3603 sua
1746 3567 1832 3602 Pieli.
1856 3567 1977 3610 (Utin.)
1995 3566 2008 3611 fl
2023 3566 2075 3602 usi
2103 3566 2191 3600 Utin.
2208 3564 2221 3605 Ι
2238 3565 2280 3601 29

64 3616 104 3648 15
130 3582 199 3647 fisci
217 3614 416 3657 Zachariae]
431 3615 510 3650 fisco
525 3617 619 3659 lum,
644 3627 664 3650 a
688 3616 766 3650 fisco
783 3618 816 3650 et
832 3616 871 3659 lu
888 3616 951 3649 hoo
968 3616 1086 3658 Kroll]
1103 3616 1140 3650 in
1210 3618 1243 3649 et
1264 3624 1339 3661 poet
1360 3614 1507 3651 dicentes
1532 3627 1589 3649 om.
1615 3614 1703 3650 Pith-

61 3659 124 3694 hoc
135 3659 240 3694 1141ss
255 3660 267 3703 ΙΙ
284 3661 456 3704 posuimus
470 3661 508 3703 lu
530 3662 572 3696 16
588 3672 682 3704 quem
697 3662 802 3696 lum
816 3661 830 3706 ΙΙ
847 3661 1026 3695 diminutio
1040 3661 1053 3695 1
1067 3660 1080 3706 Ι
1099 3662 1140 3697 18
