2592 3840
263 83 370 126 NOV.
394 84 583 127 XXXIX
618 88 650 128 1.
682 87 707 126 2

260 192 303 228 τό
333 207 373 241 γε
404 196 465 228 ἐπὶ
492 198 566 229 τοῖς
596 193 805 242 πράγμασιν
826 197 972 230 ἐκείνοις
1002 197 1062 240 τῆς
1087 193 1338 232 ἀποκαταστά-

261 251 352 274 σεως
371 237 528 286 δρώσης·
564 241 635 274 εἴτε
652 238 741 287 γυνὴ
763 241 807 287 τῇ
828 237 1121 276 ἀποκαταστάσει
1136 241 1342 288 βαρύνοιτο,

260 283 309 329 μὴ
328 283 499 329 ἐμποδών
522 286 693 332 γίνεσθαι
714 284 802 330 πρὸς
830 284 896 328 τὴν
919 287 980 328 τῆς
1000 287 1144 328 προικὸς
1165 286 1340 323 ἐπίδοσιν.

260 329 306 363 τὰ
329 327 396 376 γὰρ
420 331 521 376 κοινῇ
546 331 634 364 πᾶσι
659 333 890 376 συμφέροντα
913 333 991 364 τῶν
1012 330 1087 374 ἰδίᾳ
1110 335 1184 366 τισὶ
1208 331 1339 368 λυσιτε-

1346 84 1430 132 256

2007 103 2067 133 DE
2094 103 2489 136 RESTITU'HONIBUS

1409 199 1477 234 bus
1512 200 1738 235 restitutione
1771 199 1929 244 valente3
1967 203 2003 236 et
2037 201 2069 237 si
2103 201 2232 237 mulier
2262 203 2488 240 restitutione

1410 247 1588 288 gravetur,
1620 255 1692 280 non
1720 244 2008 289 impedimentum
2039 245 2118 281 fieri
2145 246 2191 282 ad
2221 247 2314 282 dotis
2335 248 2487 285 oblatio-

1410 299 1502 325 nem.
1549 290 1606 325 Ea
1637 290 1730 325 enim
1761 299 1851 334 quae
1882 292 2117 327 communiter
2149 292 2313 328 omnibus
2337 296 2489 337 prosunt

1410 334 1466 369 his
1490 344 1583 380 quae
1605 334 1808 380 specialiter
1828 334 2039 380 quibusdam
2062 336 2165 371 utilia
2189 339 2274 372 sunt
2295 338 2487 382 praeponi·

262 372 426 408 λούντων
450 375 686 419 προτίθεμεν.
733 378 792 408 καὶ
816 377 912 409 ἔστω
942 378 1048 410 τοῦτο
1080 380 1155 411 ταῖς
1176 381 1342 424 γαμικαῖς
1377 382 1396 414 5
1410 389 1501 414 mus.
1549 380 1672 425 Sitque
1696 380 1764 414 hoc
1788 380 2007 424 nuptialibus
2032 381 2275 417 oblationibus
2301 385 2339 417 et
2360 382 2487 418 harum

261 417 446 475 ἐπιδόσεσι
478 423 537 453 καὶ
569 423 646 453 ταῖς
677 419 852 453 ἐντεῦθεν
883 417 1098 464 ἀπαντήσεσι
1131 420 1340 475 προνόμιον.

260 477 291 498 ει
337 463 381 509 ἀρ
411 468 470 497 καὶ
500 464 535 498 οἱ
564 463 634 520 πρὸ
664 462 768 508 ἡμῶν
793 466 831 498 ἐκ
862 466 940 499 τῶν
962 468 1117 512 γενικῶν
1139 468 1341 508 υποθηκοῦν

260 477 376 544 πολλὰ
413 508 505 543 κατὰ
540 508 724 555 πρόληψιν
759 508 904 553 ἐξεῖλον,
941 514 1098 557 καίτοιγε
1132 510 1196 555 οὔχ
1225 511 1339 547 οὕτως

259 551 346 598 ἡμῖν
365 551 543 600 ἀναγκαῖα
563 554 796 597 καθεστῶτα,
822 556 900 606 πῶς
921 553 984 597 οὐχ
1003 553 1100 600 ἡμεῖς
1121 558 1160 591 ἐκ
1177 557 1339 602 μείζονάς

1411 424 1658 460 exactionibus
1690 424 1920 470 privilegium.
1969 424 2006 459 Si
2040 425 2133 460 enim
2164 429 2201 460 et
2231 429 2315 461 ante
2344 437 2411 463 nos
2443 437 2488 463 ex

1409 470 1634 512 generalibus
1658 469 1867 515 hypothecis
1898 469 2051 514 plurima
2075 480 2139 515 per
2161 471 2487 516 praesumptionem

1408 518 1643 558 exceperunt,
1680 525 1760 550 cum
1794 514 1918 559 utique
1952 525 2023 550 non
2058 515 2111 550 ita
2145 516 2249 551 nobis
2284 517 2488 552 necessaria

1409 560 1626 603 consistant,
1662 560 1838 603 quomodo
1869 569 1940 594 non
1971 570 2037 595 nos
2069 569 2114 595 ex
2136 560 2262 596 maiori
2293 564 2330 596 et
2351 561 2507 597 meliori

259 611 300 633 τε
331 602 391 632 καὶ
422 597 606 632 καλλίονος
637 596 783 645 γνώμης
814 613 881 642 την
911 601 989 634 τῶν
1011 603 1177 654 γαμικῶν
1200 601 1339 655 κερδῶν
1355 606 1395 638 10
1410 603 1588 638 sententia
1604 604 1816 648 nuptialium
1832 605 2014 639 lucrorum
2031 614 2117 640 exce
2143 605 2276 641 tionem
2287 604 2488 642 faciemus?

260 645 282 678 1
329 644 507 687 ἐξαίρεσιν
531 643 777 687 ποιησόμεθα;
829 646 949 679 Ταῦτα
973 643 1013 679 δὲ
1034 659 1158 681 παντα
1179 660 1234 691 τῳ
1259 646 1338 691 με’λ-

260 687 361 723 λοντι
382 685 609 734 χαριζόμεθα
640 686 759 735 χρόνῳ
789 692 849 722 καὶ
879 693 957 735 ταῖς
982 687 1133 738 ὕστερον
1157 693 1340 736 ἐσομέναις

258 729 595 767 ἀποκαταστάσεσιν
618 730 640 776 ἢ
663 731 771 768 τόνδε
793 735 970 781 γενέσθαι
999 734 1065 770 τὸν
1088 734 1211 780 νόμον.
1257 735 1340 771 οὐδὲ

258 776 326 825 γὰρ
352 780 464 812 ἐκεῖνο
486 778 662 824 γενέσθαι
686 780 939 834 συγχωροῦμεν
961 779 1004 814 τὸ
1027 779 1178 835 βλάβος,
1204 782 1288 824 [ἵνα]
1309 782 1343 815 εἴ

1407 649 1429 683 1
1474 648 1574 683 Haec
1604 648 1711 692 igitur
1743 649 1862 684 omnia
1883 648 2004 685 futuro
2037 659 2104 685 con
2122 650 2252 686 erimus
2274 651 2427 696 tempori
2449 653 2488 687 et

1408 695 1536 737 postea
1550 693 1722 728 faciendis
1738 693 2025 730 restitutionibus
2041 695 2236 730 secundum
2252 695 2348 731 hanc
2360 696 2484 740 legem.

1408 737 1491 772 Non
1521 738 1614 772 enim
1645 739 1743 773 illam
1774 738 2002 774 concedimus
2034 738 2113 774 fieri
2144 740 2353 783 laesionem,
2386 744 2427 776 ut
2455 741 2487 776 si

1409 792 1480 827 qua
1502 782 1630 818 mulier
1654 793 1800 828 parvam
1826 783 1962 819 habens
1983 783 2112 828 dotem,
2140 784 2268 821 deinde
2287 785 2400 830 legem
2423 795 2485 821 co-

258 834 311 857 τις
337 821 574 876 γυνὴὶὀλξίγην
603 826 732 877 ἔχουςα
759 837 893 878 προικα
925 824 1003 859 εἶτα
1031 839 1097 860 τον
1128 839 1241 870 νυμον
1271 840 1337 870 μα·
1356 831 1394 863 15
1407 837 1582 871 gnoscens
1607 831 1782 872 nostram,
1807 832 1871 863 aut
1894 828 1926 863 si
1949 827 2028 872 quis
2051 829 2105 864 vir
2127 829 2341 865 mediocrem
2361 830 2487 866 fecerit

259 868 380 901 θοῦσα
400 881 464 901 τον
481 871 664 913 ημέτερον,
688 882 710 911 η
730 871 760 903 εἰ
783 881 837 903 τις
860 867 948 915 ἀνὴρ
971 875 1122 917 μετρίαν
1146 871 1338 916 ποιησάμε-

257 923 317 946 νος
340 917 587 959 προγαμιαίαν
612 911 753 959 δωρεὰν
778 913 867 960 πρὸς
890 915 1115 962 περιγραφὴν
1145 918 1208 950 τοῦ
1226 914 1338 961 νόμου

256 956 454 1001 βουληθείη
479 957 628 1001 αὔξησιν
652 956 674 1002 ἢ
704 960 766 1002 τῆς
798 959 946 1006 προικὸς
975 958 997 1003 ἢ
1015 962 1076 1004 τῆς
1099 965 1339 1008 προγαμιαίας

258 999 391 1047 δωρεᾶς
421 1002 669 1047 ποιήσασθαι,
700 1003 743 1038 τὸ
775 1003 891 1039 ἕλκειν
922 1004 1011 1059 πρὸς
1039 1005 1233 1050 ἐπιβουλὴν
1261 1008 1339 1041 τῶν

1408 873 1688 917 antenuptialem
1709 872 1948 915 donationem,
1973 873 2020 908 ad
2040 873 2377 910 circumventionem
2397 875 2484 921 legis

1406 917 1491 952 velit
1514 921 1742 961 augmentum
1773 921 1837 952 aut
1865 917 1958 953 dotis
1988 921 2051 953 aut
2080 919 2334 972 antenuptialis
2365 920 2486 956 facere

1408 962 1622 1005 donationis,
1647 964 1715 998 hoc
1738 963 1882 997 trahere
1906 962 1951 998 ad
1973 962 2121 999 insidias
2141 964 2424 1000 restltutionum:
2449 967 2487 1001 et

1407 1007 1500 1042 hanc
1525 1008 1618 1042 enim
1641 1007 1846 1052 perimimus
1871 1008 2224 1052 circumventionem,
2256 1009 2391 1045 nullam
2413 1010 2484 1045 uti-

256 1044 600 1082 ἀποκαταστάσεων.
652 1051 712 1082 καὶ
747 1048 885 1093 ταύτην
918 1064 986 1097 γαρ
1020 1049 1237 1097 ἀναιροῦμεν
1270 1051 1337 1095 τὴν
1352 1054 1394 1087 20
1406 1052 1543 1087 litatem
1573 1053 1706 1088 habere
1736 1053 1970 1088 concedentes
2005 1051 2221 1089 facientibus
2257 1057 2486 1099 augmentum

257 1092 493 1138 περιγραφήν,
524 1090 632 1127 οὐδὲν
665 1091 789 1140 ὄφελος
820 1097 914 1137 ἔχειν
939 1093 1099 1129 διδόντες
1123 1099 1196 1130 τοῖς
1218 1109 1336 1131 ποιου-

255 1139 373 1180 μένοις
404 1136 467 1172 τὰς
496 1138 706 1181 ἐπαυξήσεις
738 1136 824 1173 ὅσον
856 1139 945 1187 πρὸς
975 1140 1043 1184 τὴν
1066 1142 1127 1176 ἐπὶ
1150 1144 1228 1175 ταῖς
1250 1141 1336 1176 ἄπο-

255 1179 498 1216 καταστάσεσι
533 1181 687 1228 βλάβην,
723 1184 894 1231 καθαρὸν
928 1186 983 1229 τῷ
1017 1184 1185 1229 μέλλοντι
1216 1185 1335 1233 χρόνῳ

255 1225 320 1260 τὸν
352 1225 521 1273 ἡμέτερον
552 1230 741 1275 τηροῦντες
769 1229 894 1272 νόμον.
940 1226 959 1240 ‘⁸
1036 1232 1105 1274 μὲν
1136 1224 1199 1265 οὗν
1228 1233 1337 1266 τοῦτο

255 1270 449 1317 κεφάλαιον
472 1275 576 1307 ἔσται
599 1275 653 1317 τῷ
679 1271 837 1320 παρόντι
859 1274 972 1319 νόμῳ.

1407 1100 1580 1141 quantum
1611 1097 1656 1133 ad
1687 1097 1922 1133 restitutionis
1954 1097 2168 1141 laesionem,
2203 1109 2332 1143 puram
2360 1099 2484 1136 futuro

1406 1142 1559 1187 tempori
1590 1146 1752 1178 nostram
1782 1145 1965 1178 servantes
1993 1142 2114 1187 legem.
2162 1142 2281 1179 Unum
2314 1144 2485 1190 siquidem

1406 1187 1476 1222 hoc
1502 1187 1699 1232 capitulum
1723 1191 1777 1223 est
1800 1187 1997 1232 praesentis
2020 1187 2118 1232 legis.

1255 1387 1412 1424 CAPUT
1435 1389 1483 1424 11.

301 1449 480 1496 Δεύτερον
501 1450 541 1485 δὲ
561 1454 674 1487 έκεῖνο
694 1452 736 1488 τὸ
753 1457 836 1500 περὶ
856 1455 934 1488 τῶν
953 1457 1135 1501 γυναικῶν
1154 1456 1232 1489 τῶν
1246 1454 1334 1499 μετὰ

254 1493 336 1530 τοὺς
371 1499 566 1543 προτέρους
599 1498 730 1545 γάμους
765 1497 853 1544 πρὸς
888 1497 1055 1545 δεύτερον
1093 1500 1336 1542 ἐπειχθεισῶν

256 1544 477 1575 συνοικέσιον
497 1545 556 1575 καὶ
577 1546 665 1587 πρὶν
686 1543 752 1578 τὸν
771 1543 936 1578 ἐνιαυτὸν
957 1544 1103 1588 ἐξήκειν,
1128 1542 1170 1579 ὃν
1189 1543 1233 1588 δη
1251 1548 1334 1579 πέν-

255 1586 372 1630 θιμον
400 1586 436 1620 οἱ
465 1586 581 1641 νόμὶοιε
602 1587 788 1622 καλοῦσιν·
822 1586 862 1623 ἃς
886 1591 1128 1636 ἐτιμωροῦντο
1161 1588 1335 1631 διατάξεις

1459 1455 1662 1492 Secundum
1695 1466 1779 1492 vero
1814 1457 1903 1493 illud
1936 1456 1980 1493 de
2013 1458 2239 1502 mulieribus,
2275 1468 2367 1504 qnae
2400 1462 2485 1505 post

1405 1501 1543 1546 priores
1567 1501 1710 1546 nuptias
1734 1501 1781 1537 ad
1805 1502 1998 1538 secundum
2025 1508 2199 1539 venerunt
2222 1503 2484 1541 matrimonium

1405 1548 1442 1581 et
1464 1549 1656 1591 antequam
1680 1556 1796 1582 annus
1820 1547 2035 1592 expleretur,
2060 1558 2164 1593 quem
2183 1549 2369 1594 lugubrem
2387 1549 2483 1595 leges

1404 1592 1605 1637 appellant3
1644 1602 1732 1644 quas
1761 1592 1959 1637 puniebant
1990 1593 2263 1630 constitutiones
2292 1598 2368 1630 tres
2399 1597 2487 1631 ante

255 1634 348 1684 τρεῖς
371 1632 448 1665 τῶν
472 1646 543 1687 προ
564 1635 665 1677 ημῶν
689 1633 975 1687 αὐτοκρατόρων,
999 1638 1060 1668 καὶ
1077 1631 1173 1690 ἡμεῖς
1189 1637 1335 1683 ἔναγχος
1349 1639 1390 1672 30
1404 1647 1470 1671 nos
1493 1637 1754 1681 imperantium,
1780 1641 1816 1672 et
1839 1648 1904 1673 nos
1928 1647 2042 1682 nuper
2065 1638 2110 1674 de
2132 1638 2188 1674 ln's
2212 1638 2409 1675 scribentes
2431 1639 2482 1675 le-

254 1689 321 1709 τον
351 1679 433 1720 περὶ
462 1689 605 1711 τουτων
633 1689 838 1724 γραψαντες
869 1677 983 1723 νόμον
1007 1693 1098 1724 μετα
1128 1693 1244 1714 τινων
1274 1682 1336 1715 έπ-

256 1720 508 1766 ανορθώσεων
539 1725 599 1756 καὶ
630 1723 677 1757 τὰ
704 1726 787 1770 περὶ
813 1720 936 1758 αὐτῶν
960 1725 1266 1768 νομοθετηθέντα
1295 1727 1335 1759 ἐν

254 1769 406 1811 βραχείᾳ
426 1770 499 1800 τινὶ
519 1771 630 1813 μοίρᾳ
649 1769 710 1810 τῆς
735 1767 838 1812 ἡμῶν
857 1766 980 1803 αὐτῶν
997 1770 1216 1813 νομοθεσίας
1234 1782 1334 1817 προς-

254 1809 432 1855 ηκάμεθα.
470 1809 550 1845 ἀλλ’
569 1810 834 1847 ἀναιδέστατόν
857 1827 893 1848 τι
916 1815 984 1848 νῦν
1004 1813 1221 1858 ἀπήντησεν,
1246 1812 1335 1861 ὅπερ

255 1857 316 1908 egri
341 1859 415 1909 τρῖς
438 1854 619 1913 ἡμετξροις
642 1859 822 1902 συμβῆναι
844 1856 984 1904 χρόνοις
1006 1857 1070 1893 οὐκ
1091 1857 1334 1904 ἠβουλόμεθα,
1349 1863 1389 1895 35
1403 1871 1500 1902 mus;
1537 1862 1766 1906 quamobrem
1797 1862 1901 1897 nobis
1935 1865 2033 1898 recte
2068 1863 2206 1907 placmt
2236 1864 2483 1900 emendatione
2542 1893 2567 1901 ,Δ

256 1912 343 1934 ωςτε
364 1905 450 1945 ημῖν
468 1914 613 1936 εικοτως
642 1901 766 1943 ἔδοξεν
798 1903 1090 1947 ἐπανορθώσεως
1119 1903 1221 1945 ἄξιον
1241 1901 1333 1938 καθ-

254 1945 412 1980 εστάναι.
461 1947 559 1990 Γυνὴ
582 1947 651 1995 γὰρ
682 1949 730 1982 εἰς
752 1946 882 1993 ἀνδρὸς
906 1947 1067 1983 ἐλθοῦσα
1097 1951 1227 1983 τοῦτον
1249 1947 1334 1984 ἀπέ-

253 1989 376 2034 βαλεν,
402 1987 449 2025 ιᾶς
472 1993 565 2026 ἔοικε
595 1995 655 2026 καὶ
685 1996 739 2027 ἔτι
771 1992 958 2039 περιόντος
988 1991 1098 2028 αὐτοῦ
1125 1993 1167 2028 τὸ
1190 1993 1240 2038 μὴ
1264 2006 1333 2028 σω-

254 2039 402 2081 φρονεῖν
419 2038 603 2072 ἐννουῦσα.
641 2038 744 2072 οὔπω
759 2038 829 2083 γὰρ
846 2038 1031 2082 ἐξήκοντος
1049 2040 1112 2073 τοῦ
1129 2041 1228 2074 ἔτους
1243 2038 1335 2074 κατὰ

1403 1692 1482 1726 gem
1507 1692 1586 1716 cum
1611 1682 1824 1726 quibusdam
1848 1682 2131 1718 correctionibus
2162 1683 2269 1719 etiam
2296 1694 2340 1720 su
2367 1694 2406 1720 er
2426 1684 2482 1720 his

1405 1727 1545 1761 sancita
1574 1727 1611 1761 in
1644 1727 1741 1762 brevi
1772 1727 1924 1771 quadam
1952 1731 2055 1772 parte
2080 1731 2226 1764 nostrae
2249 1728 2338 1773 legis
2374 1729 2482 1765 tionis

1404 1771 1595 1815 tetigimus.
1644 1771 1713 1806 Sed
1737 1772 2084 1817 impudentissimum
2107 1773 2275 1818 quiddam
2303 1784 2398 1809 nunc
2420 1784 2482 1810 ac·—

1405 1816 1523 1859 cessit‚
1549 1816 1644 1862 quod
1667 1817 1704 1851 in
1728 1818 1861 1854 nostris
1884 1818 2075 1862 provenire
2097 1819 2318 1872 temporibus
2339 1819 2481 1855 noleba-

1404 1905 1549 1950 dignum
1566 1907 1728 1942 existere.
1765 1907 1895 1942 Mulier
1912 1907 2005 1942 enim
2026 1907 2073 1942 ad
2089 1908 2202 1943 virum
2221 1909 2365 1944 veniens
2384 1909 2481 1945 hunc

1405 1951 1540 1994 extulit,
1566 1956 1606 1986 ut
1629 1954 1780 1996 apparet
1802 1952 1910 1987 etiam
1934 1953 2126 1996 superstite
2150 1963 2191 1988 eo
2212 1964 2286 1989 non
2310 1956 2410 1989 caste
2431 1953 2481 1990 vi-

1402 2005 1483 2031 vere
1515 1996 1690 2041 cogitans3
1726 1997 1885 2032 nondum
1915 1997 2008 2032 enim
2037 1997 2215 2043 completo
2244 2008 2340 2035 anno
2371 1999 2481 2035 unde·

243 2173 247 2179 ,
298 2139 370 2170 cap.
385 2127 430 2160 II
448 2139 587 2161 summas
612 2129 731 2162 habent
754 2124 879 2162 ‘Ponat
897 2130 977 2171 23,1
1002 2137 1032 2162 et
1055 2130 1184 2172 Ecloqa
1208 2131 1255 2163 ad
1277 2130 1459 2165 Prochiron
1481 2139 1605 2166 mutata
1629 2133 1661 2174 8,
1686 2139 1719 2166 21

252 2238 433 2274 restitutio
442 2251 456 2280 ;
479 2238 552 2274 sive
569 2238 696 2274 mulier
715 2240 942 2275 restitutione
961 2244 1143 2283 oneretur,
1167 2252 1212 2276 ne
1233 2240 1328 2277 dotis
1344 2240 1484 2277 dationi
1502 2241 1754 2288 impedimento
1773 2241 1831 2278 sit.

1877 2240 1978 2284 Quae
1997 2242 2090 2278 enim
2110 2245 2346 2279 communiter
2369 2244 2482 2279 omni-

253 2283 319 2319 bus
342 2282 447 2318 utilia
470 2287 555 2319 sunt
574 2283 619 2319 iis
648 2295 742 2329 quae
745 2284 935 2365 (privatim
959 2284 1173 2331 quibusdam
1197 2285 1404 2322 conducunt
1416 2286 1696 2338 praeponimus.
1745 2287 1863 2332 Atque
1885 2285 1955 2322 hoc
1981 2286 2206 2334 nuptialibus
2228 2287 2484 2326 donationibus

252 2333 289 2364 et
311 2328 565 2364 exactionibus
588 2340 682 2375 quae
706 2330 742 2364 in

252 2373 366 2409 multa
699 2374 704 2381 “

251 2421 274 2454 1
320 2418 467 2454 me'zore
490 2419 633 2454 ratione
658 2419 841 2455 lucrorum
864 2420 1082 2466 nuptialium
1105 2421 1357 2468 exceptionem
1378 2422 1587 2467 faciamus?

809 2330 906 2375 fiunt
926 2330 1157 2376 privileqium
1178 2335 1266 2367 esto.
1314 2330 1457 2367 Etenim
1477 2332 1512 2367 si
1532 2335 1640 2367 ettam
1662 2332 1819 2367 maiores
1842 2331 1959 2366 nostri
1979 2343 2002 2367 a
2022 2332 2253 2384 qeneralibus
2271 2331 2483 2385 hypothecis

417 2385 458 2409 er
477 2378 807 2420 praesumptionem
831 2379 1065 2422 exceperunt,
1090 2375 1253 2421 quamvis
1277 2387 1351 2411 non
1375 2375 1467 2412 adeo
1491 2376 1699 2412 necessaria
1722 2377 1827 2412 nobis
1849 2377 1932 2419 sint,
1965 2376 2091 2423 quzdm
2116 2388 2184 2413 nos
2215 2389 2266 2414 ex
2287 2389 2426 2415 macore
2446 2380 2484 2415 et

1665 2420 1767 2457 Haec
1790 2427 1908 2457 autem
1932 2422 2054 2457 omnia
2073 2422 2206 2468 futuro
2232 2424 2386 2470 tempori
2408 2422 2482 2460 lar·-

253 2463 431 2509 qimur'et
454 2463 741 2499 restitutionibus
763 2469 898 2517 postea
947 2466 1066 2501 utaris
1083 2477 1206 2546 (quam
1229 2465 1318 2502 llaec
1348 2466 1412 2502 lex
1435 2466 1512 2502 lata
1535 2470 1599 2503 est.
1658 2466 1784 2513 Neque
1810 2467 1903 2501 enim
1934 2466 2147 2519 illam-sieri
2161 2468 2330 2519 patimur
2353 2467 2481 2505 laesio-

1109 2522 1130 2546 ο

253 2519 351 2550 nem,
387 2508 419 2543 si
450 2519 524 2554 qua
555 2508 682 2544 mulier
712 2521 885 2556 exiquam
943 2510 1052 2546 abens

1148 2522 1202 2546 em
1233 2510 1362 2547 deinde
1391 2511 1470 2563 leqe
1501 2515 1628 2547 nostra
1652 2512 1818 2558 coqnita,
1849 2511 1906 2547 vel
1926 2511 1959 2546 si
1989 2523 2050 2557 qut
2086 2522 2142 2547 mr
2170 2523 2232 2559 qui
2268 2512 2483 2550 mediocrem

253 2553 486 2588 donationem
510 2555 792 2606 antenuptialem
790 2555 918 2634 dfoeit’
942 2555 979 2590 in
1004 2556 1370 2608 circumscriptionem
1395 2556 1486 2609 leqts
1510 2561 1740 2603 auqmentum
1761 2557 1889 2602 facere
1911 2555 1998 2592 velit
2028 2556 2125 2592 dotis
2145 2557 2201 2593 vel
2222 2557 2482 2605 antenuptialis

254 2597 473 2639 donationis,
499 2598 538 2632 id
561 2599 743 2645 arripiens
766 2612 789 2635 a

832 2600 1004 2644 fraudem
1027 2600 1315 2636 restitutionibus
1333 2601 1553 2647 faciendam.
1593 2601 1689 2637 Nam
1710 2601 1804 2637 hanc
1827 2612 1972 2648 quoque
1997 2601 2155 2637 tollimus
2177 2602 2480 2650 circumscriptio-

253 2653 351 2684 nem,
377 2653 455 2677 cum
479 2642 616 2678 nullam
640 2644 831 2680 utilitatem
855 2645 901 2680 iis
924 2645 988 2691 qui
1011 2651 1204 2691 auqmenta
1225 2646 1374 2691 faciunt
1397 2650 1571 2693 quantum
1595 2646 1646 2683 ad
1666 2647 1936 2682 restitutionum
1958 2645 2207 2683 detrimentum
2230 2647 2481 2691 concedamus,

253 2686 434 2733 inteqram
457 2688 587 2732 futuro
613 2690 767 2734 tempori
789 2690 901 2769 leqem
925 2694 1088 2725 nostram
1109 2695 1304 2726 servantes.
1351 2694 1476 2738 Atque
1500 2703 1611 2727 unum
1633 2691 1776 2738 quidem
1800 2690 1869 2727 hoc
1892 2695 2004 2738 caput
2025 2691 2096 2727 erit
2111 2692 2305 2738 praesenti
2326 2692 2409 2739 leat.

388 2731 435 2767 11.
483 2731 645 2767 Alterum
667 2738 786 2769 autem
808 2745 819 2768 ι

838 2734 900 2769 lud
922 2734 967 2770 de
989 2735 1209 2778 mulieribus,
1242 2747 1336 2782 quae
1353 2741 1443 2783 post
1463 2736 1609 2783 priores
1631 2737 1781 2783 nuptias
1803 2736 1853 2772 ad
1873 2735 2067 2772 secundum
2088 2737 2357 2773 matrimonium
2377 2736 2482 2783 festi-

253 2777 378 2812 narint
400 2776 510 2822 idque
533 2782 617 2812 ante
641 2789 749 2823 quam
773 2789 901 2822 annus,
925 2790 1029 2824 quem
1054 2779 1196 2825 quidem
1222 2780 1338 2816 luctus
1361 2792 1495 2817 annum
1520 2781 1617 2828 leqes
1631 2786 1773 2824 vocant,
1797 2781 1930 2818 exierit
1935 2794 1951 2823 ;
1974 2791 2066 2827 quas
2081 2780 2287 2828 puniebant
2307 2781 2481 2819 constitu-

255 2822 372 2858 tiones
397 2826 470 2857 tres
494 2822 751 2873 imperatorum
775 2824 839 2868 qui
862 2829 946 2859 ante
968 2835 1036 2859 nos
1058 2826 1223 2869 fuerunt,
1248 2836 1293 2861 ac
1312 2837 1379 2861 nos
1399 2838 1516 2873 nuper
1535 2837 1614 2861 cum
1635 2826 1748 2873 leqem
1769 2826 1838 2862 hac
1858 2825 1902 2862 de
1919 2837 1961 2862 re
1979 2825 2215 2862 scriberemus
2234 2837 2315 2862 cum
2361 2826 2480 2863 uibu&

253 2866 337 2902 dam
368 2865 676 2902 emendationibus
711 2869 818 2903 etiam
850 2879 943 2919 quae
978 2868 1022 2904 de
1056 2869 1130 2904 illis
1163 2870 1305 2905 sancita
1340 2875 1445 2906 erant
1479 2871 1518 2905 in
1553 2872 1692 2923 exiyua
1726 2871 1885 2918 quadam
1918 2875 2026 2918 parte
2060 2875 2208 2906 nostrae
2239 2871 2332 2918 leqis
2371 2870 2482 2908 tione&

252 2912 464 2958 recepimus.
514 2910 587 2947 Sed
608 2912 953 2958 impudentisszmum
977 2913 1161 2959 quoddam
1181 2915 1331 2960 facinus
1353 2926 1450 2950 nunc
1474 2922 1645 2958 occurrit,
1669 2916 1769 2962 quod
1789 2916 1926 2952 nostris
1950 2914 2170 2962 temporibus
2191 2915 2369 2952 nollemus
2387 2915 2480 2952 aeet-

254 2956 369 2992 disse:
392 2956 445 2992 ita
466 2962 506 2991 ut
528 2955 631 2991 nobis
653 2957 780 2992 merito
806 2958 1028 2993 correctione
1053 2958 1202 3004 diqnum
1225 2970 1301 2995 esse
1324 2960 1438 2995 visum
1460 2962 1517 2995 sit.
1565 2959 1700 2997 Mulier
1723 2962 1816 2997 enim
1839 2971 1932 3007 quae
1954 2960 2034 2996 viro
2058 2964 2234 3007 nupserat
2255 2972 2336 2997 eum
2351 2960 2482 3013 antidi,

253 3002 361 3037 etiam
384 3001 578 3048 superstite
601 3012 656 3043 eo,
689 3006 729 3037 ut
755 3002 905 3044 videtur,
937 3002 1199 3049 impudicitiam
1223 3003 1404 3043 meditata.

300 3114 320 3147 3
343 3111 404 3157 μὴ]
427 3110 516 3158 μηδδ
527 3113 576 3147 L²
593 3113 605 3155 11
622 3115 641 3147 5
666 3113 769 3146 ἔσται
794 3114 880 3159 ΒΙΙΙ]
901 3118 918 3147 ’7
945 3115 976 3147 εἰ
998 3114 1077 3161 γὰρ]
1103 3115 1140 3149 οἱ
1159 3114 1227 3162 γὰρ
1253 3116 1299 3150 B¹
1321 3115 1334 3161 11

256 3161 293 3193 11
323 3157 565 3202 ποιησώμεθα
591 3158 650 3203 Ε11
680 3160 720 3192 14
743 3159 868 3201 ἐκείνῳ
893 3160 946 3192 ΒΓ
969 3160 981 3203 11
1003 3171 1121 3206 συγχω
1146 3161 1254 3204 οὗμεν
1277 3173 1333 3207 γε·

253 3203 389 3238 νέσθαι
407 3204 465 3240 Bc
492 3204 504 3247 11
535 3202 596 3237 ἵνα
620 3204 788 3237 abundare
811 3206 893 3237 vidit
919 3205 1094 3238 Heimbaclz
1126 3205 1132 3250 1
1165 3203 1187 3248 ἦ
1208 3216 1262 3239 τις
1286 3207 1333 3239 L¹

253 3246 330 3291 ἣτις
350 3248 398 3282 L²
414 3248 427 3292 11
447 3251 486 3283 15
511 3245 632 3293 ὀλίγον
648 3248 695 3281 L²
711 3248 722 3289 ΙΙ
745 3250 784 3283 16
801 3256 878 3292 post
893 3245 1063 3293 ἡμέτερον
1084 3264 1203 3284 rasura
1218 3252 1293 3284 circ.
1313 3253 1334 3285 4

256 3295 314 3328 liu.
333 3301 379 3327 est
403 3295 436 3327 in
459 3293 502 3326 M
521 3293 534 3337 11
563 3295 602 3327 19
619 3291 661 3327 τὸ
682 3291 797 3326 ἕλκειν
811 3294 900 3335 ΜΒ]
924 3294 978 3327 τῶ
997 3294 1111 3328 ἕλκειν
1125 3296 1156 3328 L
1180 3296 1243 3328 1100
1266 3298 1333 3328 tra-

254 3340 332 3372 here
349 3351 384 3379 ς;
409 3338 517 3372 τοῦτο
533 3336 629 3372 ἕλκοι
644 3339 840 3383 Homberyk,
857 3340 964 3373 malim
980 3340 1088 3373 τοῦτο
1106 3338 1232 3374 ἕλκων.
1264 3341 1333 3373 Ex-

255 3386 372 3417 cidisse
391 3385 520 3426 aliquid
534 3385 719 3428 suspicatur
731 3384 920 3418 Zachariae
940 3383 953 3428 11
980 3386 1017 3418 21
1038 3386 1109 3426 ἔχει
1127 3386 1162 3418 Β
1177 3384 1190 3429 11
1216 3387 1258 3419 22
1274 3383 1336 3418 τὰς

254 3427 475 3471 ἐπαυξήσεις]
500 3432 715 3471 augmentum
739 3440 759 3465 ς
785 3430 797 3471 ΙΙ
832 3430 875 3463 24
899 3426 1013 3471 νόμον
1037 3429 1227 3475 τηροῦντες
1252 3430 1287 3464 Β
1323 3430 1334 3473 ΙΙ

255 3476 298 3508 25
323 3476 438 3514 ἔσται]
465 3477 512 3507 est
534 3487 552 3511 ς
567 3474 580 3519 11
601 3476 641 3509 26
658 3472 713 3515 τὸ]
734 3473 812 3507 τῶν
826 3474 872 3507 L¹
892 3475 903 3517 11
929 3476 968 3507 27
992 3474 1236 3516 έπειχθεισῶν
1250 3476 1334 3516 ML]

255 3519 492 3560 ἐπαχθεισῶν
513 3520 547 3553 Β
561 3521 645 3562 vulq.
663 3520 675 3562 11
694 3521 737 3554 29
762 3516 939 3559 διατάξεις
959 3521 1062 3564 τρεῖς]
1093 3521 1170 3553 Cod.
1186 3522 1216 3561 5,
1236 3525 1302 3561 9,1.
1318 3528 1334 3553 2

256 3566 287 3603 6,
304 3570 354 3605 56,
369 3572 384 3598 4
398 3567 453 3607 (qs.
465 3577 499 3607 p.
517 3566 591 3607 164,
605 3568 655 3606 20)
672 3566 683 3608 11
711 3567 747 3599 31
766 3566 843 3606 τὸν]
861 3564 960 3598 vah?
972 3565 1019 3598 L¹
1036 3564 1049 3609 11
1067 3562 1208 3598 τούτων
1222 3565 1335 3606 LB¹c]

256 3609 387 3641 τοῦτον
398 3610 442 3642 Μ
449 3610 569 3651 (τοῦτο
582 3610 634 3643 ΒΓ
650 3607 779 3644 τούτου
792 3623 860 3644 cum
872 3610 1054 3656 Scrim'qero
1062 3611 1163 3654 ναῖς.)
1175 3609 1193 3654 11
1209 3605 1334 3653 νόμον]

256 3666 327 3686 nov.
343 3655 459 3687 XXII
474 3668 499 3687 c.
515 3656 556 3689 22
583 3654 596 3699 11
625 3657 666 3689 38
691 3652 732 3688 τὸ
757 3652 798 3688 οὗ
821 3653 871 3699 μὴ
895 3655 942 3688 ΒΙ

1466 3004 1559 3039 Nam
1592 3016 1688 3041 anno
1719 3005 1879 3041 nondum
1908 3009 2041 3040 exacto
2072 3005 2138 3042 sub
2166 3005 2276 3050 finem
2304 3004 2480 3043 andecam

1463 3119 1477 3150 1
1504 3116 1747 3149 restitutionem
1772 3117 1821 3149 R¹
1848 3115 1863 3160 Ι
1899 3118 1919 3150 4
1943 3116 2044 3149 utilia
2073 3118 2164 3157 sunt]
2200 3116 2344 3149 utili-u
2377 3115 2429 3149 Β*

1403 3164 1422 3195 5
1447 3162 1510 3193 1100
1533 3160 1743 3203 nuptialibus
1765 3179 1810 3184 —
1834 3162 1854 3194 8
1879 3161 2060 3194 necessaria
2083 3159 2155 3206 00111
2181 3173 2245 3196 εον.
2262 3161 2312 3194 13²
2328 3163 2360 3195 in
2379 3173 2446 3195 rar.

1401 3218 1549 3239 versuum
1574 3206 1586 3249 11
1619 3207 1639 3239 6
1664 3207 1716 3246 ex]
1741 3207 1774 3237 et
1795 3203 1860 3249 1711
1891 3207 1909 3237 ’1
1934 3205 2202 3248 praesumptione
2222 3205 2299 3246 1⁷¹ss
2331 3207 2352 3240 9
2372 3204 2480 3239 ooni-

1401 3254 1468 3283 stat
1488 3249 1545 3293 Vll
1565 3250 1702 3283 meliore
1724 3250 1794 3283 ΒΤ
1812 3249 1825 3293 11
1849 3250 1890 3283 13
1915 3250 2003 3282 enim
2028 3262 2086 3283 om.
2105 3250 2137 3282 V
2154 3249 2166 3293 11
2190 3250 2254 3283 feri
2274 3250 2330 3295 Vll
2354 3250 2478 3283 lesi-0·

1402 3295 1451 3328 R¹
1466 3295 1479 3338 11
1510 3296 1552 3328 22
1577 3297 1690 3328 nostra
1715 3295 1764 3327 R¹
1787 3294 1800 3338 11
1826 3294 1914 3336 leges
1938 3294 2019 3346 R‘l]
2046 3294 2209 3337 siquidem
2233 3295 2322 3336 RV]
2346 3293 2479 3337 quidem

1401 3340 1488 3383 vuly.
1507 3339 1519 3383 11
1537 3341 1578 3374 23
1602 3342 1660 3381 est]
1680 3343 1712 3373 et
1733 3338 1789 3383 Vn
1814 3340 1857 3374 26
1870 3342 1958 3373 rubr.
1983 3339 2019 3371 Sl
2041 3339 2151 3372 soluto
2174 3340 2388 3373 matrimonio
2405 3348 2478 3373 mu-

1402 3384 1466 3417 lier
1489 3385 1648 3418 secundas
1672 3385 1805 3427 quidem
1829 3385 1966 3427 nuptias
1988 3394 2056 3417 non
2081 3385 2285 3418 contraxerit
2306 3386 2387 3426 (non
2401 3393 2478 3417 0011-

1402 3430 1542 3462 traxerit
1561 3431 1694 3473 nuptias
1717 3431 1769 3470 T),
1794 3432 1871 3462 ante
1893 3439 2019 3462 annum
2043 3432 2154 3464 autem
2178 3429 2343 3472 inpletum
2359 3429 2400 3462 ab
2418 3427 2480 3461 ali-

1403 3485 1469 3516 quo
1482 3477 1630 3518 stuprata
1642 3475 1685 3508 sit
1697 3475 1876 3518 RTmary.
1894 3474 1906 3518 ΙΙ
1923 3476 1965 3508 27
1990 3474 2032 3507 ad
2047 3474 2222 3507 secundam
2244 3473 2301 3518 Vl!
2317 3475 2359 3507 28
2379 3470 2478 3515 loges]

1402 3519 1509 3561 legem
1533 3521 1581 3553 R'
1602 3534 1660 3555 om.
1683 3519 1800 3564 171129
1826 3519 2039 3562 appellabant
2059 3519 2117 3563 1711
2140 3519 2325 3562 puniebant
2348 3521 2381 3551 et
2401 3527 2478 3550 oon-

1403 3565 1593 3598 stitutiones
1614 3565 1669 3609 Vn
1688 3566 1775 3605 ante]
1789 3575 1832 3596 an
1845 3564 1895 3596 R*
1913 3563 1925 3608 11
1942 3566 1984 3598 30
1997 3566 2116 3607 nuper]
2133 3574 2232 3608 super
2249 3564 2278 3596 R
2294 3562 2307 3607 11
2325 3563 2367 3597 32
2381 3561 2478 3616 legi·-

1404 3609 1552 3651 lationis]
1577 3610 1659 3652 legis
1682 3610 1716 3643 R
1741 3608 1754 3653 ΙΙ
1785 3611 1827 3643 36
1852 3609 1990 3642 existere
2013 3610 2115 3653 vuqu
2146 3608 2331 3642 existimare
2357 3608 2432 3641 libr·
2465 3603 2479 3647 fl

1405 3657 1447 3689 38
1470 3655 1601 3698 expleto
1621 3656 1653 3689 T
1669 3655 1683 3699 1
1706 3653 1893 3695 undecimo]
1918 3654 1955 3686 in
1973 3654 2100 3687 decimo
2122 3654 2171 3688 V¹
2193 3663 2261 3687 non
2281 3652 2407 3686 decimo
2427 3648 2478 3685 V·
