2476 3854
91 55 198 122 Nov.
230 78 386 123 cxvn
415 80 454 123 8.
485 82 510 122 9

88 189 181 223 κατὰ
197 189 278 224 τοὺς
292 194 373 235 περὶ
389 189 518 225 τούτου
531 189 661 234 νόμους
679 192 738 223 καὶ
754 189 823 232 τὴν
839 187 953 232 ἄλλην
967 191 1030 232 τῆς
1044 203 1167 237 γυναι-

88 234 148 268 κὸς
164 240 374 280 περιουσίαν
391 238 463 270 τοῖς
479 239 582 270 παισὶ
604 234 868 281 φυλάττεσθαι,
889 238 949 268 καὶ
967 233 1083 270 οὕτως
1099 235 1167 270 τὸν

87 280 216 323 μοιχὸν
235 285 393 325 νομίμως
416 279 648 327 ἐλεγχόμενον
672 276 748 324 ἅμα
771 281 817 327 τῇ
838 283 981 326 γυναικὶ
1004 283 1167 326 τιμωρεῖ-

88 325 190 359 σθαι.
238 330 297 360 καὶ
321 327 352 359 εἰ
381 327 447 369 μὲν
480 329 552 367 ἔχοι
577 322 597 359 ὁ
621 324 745 370 μοιχὸς
767 327 937 372 γυναῖκα,
970 324 1167 370 λαμβάνειν

89 366 203 414 αὐτὴν
233 371 301 414 τήν
323 384 362 405 τε
387 369 484 404 ἰδίαν
508 373 638 415 προῖκα
668 373 728 404 καὶ
757 369 825 413 τὴν
849 368 909 404 διὰ
933 370 1016 405 τοὺς
1035 369 1168 418 γάμους

88 413 238 461 δωρεάν,
271 412 357 450 ὥςτε
389 416 419 448 εἰ
447 413 579 449 παῖδας
608 417 731 457 ἔχοιεν,
771 414 883 459 μόνης
918 414 987 459 τῆν
1016 418 1168 463 γυναῖκα

87 461 150 503 τῆς
180 462 333 505 χρήσεως
365 458 562 495 ἀπολαύειν
593 462 655 503 τῆς
685 458 836 506 δωρεᾶς,
867 462 929 503 τῆς
961 458 1168 497 δεσποτείας

87 505 179 539 κατὰ
211 506 293 539 τοὺς
323 505 452 548 νόμους
483 509 556 540 τοῖς
579 509 685 540 παισὶ
717 504 1001 552 φυλαττομένης·
1037 505 1106 550 τὴν
1130 504 1169 540 δὲ

87 548 199 593 ἄλλην
230 552 294 584 τοῦ
327 549 458 595 ἀνδρὸς
488 555 698 596 περιουσίαν
729 554 802 585 τοῖς
829 548 941 585 αὐτοῦ
973 555 1100 587 παισὶν
1129 551 1169 593 ἐξ

1160 74 1246 123 558

1638 90 1700 123 U'r
1728 89 1890 121 LICEAT
1918 89 2059 123 MATRI
2086 91 2143 123 ΕΤ
2171 90 2310 124 AVIAE

1236 190 1279 224 de
1298 189 1367 225 hoc
1387 189 1482 232 leges
1503 189 1677 234 aliamque
1696 189 1853 225 mulieris
1871 188 2108 224 substantiam
2122 189 2204 226 filiis
2223 200 2307 226 con-

1236 234 1387 278 servari,
1423 237 1460 269 et
1494 233 1545 270 ita
1579 235 1781 270 adulterum
1815 233 1968 279 legitime
2004 234 2204 270 convictum
2237 244 2311 271 una

1237 291 1316 316 cum
1352 289 1465 318 uxore
1497 279 1626 324 puniri.
1675 279 1725 314 Et
1759 279 1790 315 si
1824 279 1965 324 quidem
1999 279 2132 315 habeat
2165 290 2310 316 uxorem

1236 325 1386 369 adulter,
1416 324 1579 369 accipere
1602 335 1679 360 eam
1704 329 1739 359 et
1762 325 1879 360 dotem
1901 325 2083 370 propriam
2106 327 2143 360 et
2164 327 2311 371 propter

1204 370 1379 415 5nuptias
1412 369 1659 413 donationem,
1695 373 1735 404 ut
1766 369 1796 405 si
1825 369 1918 405 filios
1949 369 2100 413 habeut,
2137 370 2212 405 solo
2243 380 2312 406 usu

1236 415 1362 450 mulier
1380 414 1520 450 fruatur
1544 415 1743 451 donationis
1764 415 1982 460 proprietate
2000 414 2197 450 secundum
2216 415 2312 469 leges

1235 461 1317 495 filiis
1343 459 1535 504 servanda;
1571 461 1677 496 aliam
1707 470 1791 496 vero
1821 459 1940 495 mariti
1971 460 2206 496 substantiam
2236 469 2312 496 elus

1236 506 1317 540 filiis
1341 515 1386 540 ex
1405 509 1528 540 nostra
1551 505 1715 550 largitate
1739 505 1923 541 donamus.
1971 504 2073 541 Filiis
2096 507 2217 540 autem
2239 515 2312 541 non

1237 550 1469 586 existentibus
1489 550 1744 596 antenuptialis
1769 550 1910 595 quidem
1930 550 2131 585 donationis
2151 550 2311 595 proprie·

86 592 256 648 ἡμετέρας
277 594 479 652 φιλοτιμίας
496 594 726 641 δωρούμεθα.
775 594 922 630 παίδων
938 594 1040 642 δὲμὴ
1056 595 1165 632 ὑπόν-
1183 598 1222 631 10
1235 599 1345 630 tatem
1367 595 1508 630 mulieri
1533 600 1733 641 competere
1756 596 1944 638 sancimus,
1969 595 2075 630 aliam
2098 605 2180 631 vero
2196 594 2313 631 mariti

86 653 164 675 των
190 652 253 683 της
275 654 342 685 μεν
366 645 606 688 προγαμιαίας
629 639 762 687 δωρεᾶς
790 641 859 684 τὴν
883 640 1099 677 δεσποτείαν
1122 643 1166 688 τῇ

85 688 227 731 γυναικὶ
251 683 435 731 διαφέρειν
458 687 694 730 θεσπίζομεν,
725 686 795 730 τὴν
819 685 859 721 δὲ
883 685 994 730 ἄλλην
1016 689 1081 722 τοῦ
1105 684 1166 722 ἇν-

88 729 171 776 δρὸς
194 732 319 765 πᾶσαν
343 736 552 777 περιουσίαν
575 733 628 775 τῷ
650 736 767 778 φίσκῳ
789 731 882 766 κατὰ
898 732 980 767 τοὺς
995 731 1168 767 παλαιοὺς

86 776 377 821 προςκυροῦσθαι
401 776 538 821 νόμους.

1236 641 1632 721 omnemlsubstantiam
1662 641 1751 677 fisco
1782 640 1976 677 secundum
2007 640 2171 685 antiquas
2195 639 2311 686 appli-

1237 696 1358 722 camus
1395 695 1487 730 eges.

86 822 110 856 3
152 818 240 855 Ἐὰν
256 820 460 865 οἱῳδήποτε
482 820 609 867 τρόπῳ
634 820 655 865 ἡ
680 821 769 868 γυνὴ
793 822 837 868 τῇ
858 823 932 869 ζωῇ
956 824 1020 857 τοῦ
1037 820 1168 868 ἀνδρὸς
1184 822 1260 859 153
1306 821 1344 856 Si
1373 821 1535 867 quolibet
1568 820 1672 856 modo
1702 821 1828 856 mulier
1862 821 1954 856 vitae
1982 820 2048 857 viti
2081 819 2192 856 fuerit
2224 819 2311 856 insi-

86 864 341 945 έπὲθουλεὺσῃ,
377 864 399 910 ἢ
433 866 551 901 ἄλλοις
582 868 690 902 τοῦτο
722 869 867 902 ποιοῦσι
901 866 1083 902 συνειδυῖα
1117 869 1170 911 τῷ
1236 867 1349 911 diata,
1385 870 1448 901 aut
1482 865 1562 902 aliis
1595 866 1665 902 hoc
1698 865 1915 903 facientibus
1950 864 2094 902 conscia
2130 865 2204 901 viro
2238 875 2311 901 non

85 908 134 945 οἷν
157 915 192 956 ρὶ
214 912 263 955 μὴ
285 910 487 959 φανερώσῃ.
1234 912 1454 947 indicaverit.

85 956 111 992 4
153 953 240 991 Ἐὰν
263 956 417 1003 ἀνδράσι
440 958 489 1002 μὴ
510 956 728 1002 βουλομένου
751 958 815 992 τοῦ
832 954 964 1003 ἀνδρὸς
986 958 1168 999 ἐξωτικοῖς
1235 957 1260 993 4
1306 957 1343 992 Si
1362 967 1441 992 cum
1461 956 1544 992 viris
1562 955 1704 992 nolente
1727 956 1854 992 marito
1878 955 2055 992 extraneis
2079 956 2230 992 convivit
2250 957 2314 992 aut

86 1002 315 1050 συμποσιάζῃ
347 1001 371 1046 ἢ
403 1002 625 1045 συλλούηται.
1236 1013 1315 1038 cum
1341 1003 1392 1038 eis
1415 1002 1566 1037 lavatur.
2006 1021 2010 1026 -

85 1047 109 1083 ὃ
160 1043 247 1081 Ἐὰν
275 1048 325 1092 μὴ
357 1047 575 1093 βουλομένου
606 1049 671 1082 τοῦ
704 1046 835 1093 ἀνδρὸς
870 1048 945 1089 ἔξω
975 1049 1041 1082 τοῦ
1071 1049 1167 1083 οἴκου
1181 1049 1259 1085 205
1306 1048 1343 1083 Si
1359 1048 1502 1083 nolente
1527 1047 1600 1082 viro
1620 1046 1709 1082 foris
1733 1046 1875 1082 domum
1898 1045 2079 1090 manserit,
2103 1045 2171 1083 nisi
2189 1045 2314 1083 forsan

83 1095 200 1139 μείνῃ,
233 1093 264 1126 εἰ
285 1092 434 1139 μήτοιγε
456 1094 566 1136 τυχὸν
598 1092 698 1138 παρὰ
723 1096 798 1128 τοῖς
822 1092 923 1128 ἰδίοις
944 1094 1121 1141 γονεῦσιν.
1236 1093 1331 1138 apud
1356 1093 1520 1138 proprios
1543 1095 1721 1137 parentes.

85 1138 110 1174 6
153 1135 240 1172 Ἐὰν
271 1138 430 1173 ἱππικοῖς
461 1136 484 1182 ἢ
516 1138 683 1183 θεάτροις
715 1137 736 1182 ἢ
764 1143 941 1186 κυνηγίοις
971 1151 1023 1174 πα
1049 1142 1167 1186 αγίνη-
1236 1140 1260 1176 6
1303 1139 1341 1174 Si
1358 1138 1577 1174 circensibus
1593 1140 1658 1172 aut
1672 1137 1820 1172 theatris
1836 1138 1901 1173 aut
1914 1136 2185 1182 amphitheatris
2202 1136 2314 1172 inter·

85 1195 149 1237 ται
178 1185 249 1262 ἐμὲ
270 1185 323 1238 τῷ
357 1184 548 1230 θεωρῆσαι
579 1181 795 1230 ἀγνοοῦντος
827 1183 851 1228 ἢ
878 1187 939 1218 καὶ
969 1197 1021 1219 κω
1044 1183 1170 1220 ύοντος
1235 1184 1345 1220 fuerit
1366 1183 1413 1219 ad
1438 1182 1671 1229 spectandum
1694 1182 1878 1227 ignorante
1905 1184 1969 1218 aut
1990 1182 2203 1227 prohibente
2224 1181 2312 1219 viro.

85 1240 151 1262 του
178 1243 225 1263 αν
250 1240 318 1263 008.

85 1274 105 1309 '2
157 1274 203 1307 Εἰ
232 1260 399 1320 μέντοιγε
430 1275 549 1320 συμβῇ
578 1287 662 1308 τινα
694 1272 776 1318 δίχα
798 1275 882 1319 μιᾶς
905 1274 982 1308 τῶν
1005 1287 1167 1320 προειρη-
1181 1275 1257 1310 257
1303 1273 1342 1309 Si
1366 1283 1449 1318 ergo
1473 1273 1659 1318 contigerit
1682 1273 1834 1318 aliquem
1862 1272 1954 1308 citra
1983 1281 2089 1308 unam
2111 1271 2312 1318 praedicta-

84 1321 207 1363 μένων
240 1320 369 1354 αἰτιῶν
405 1318 473 1362 τὴν
504 1320 632 1354 ἑαυτοῦ
662 1320 825 1366 γαμετὴν
856 1321 920 1354 τοῦ
951 1317 1044 1354 ἰδίου
1072 1320 1168 1354 οἴκου
1235 1329 1314 1354 rum
1339 1329 1526 1355 causarum
1551 1328 1651 1354 suam
1668 1328 1814 1354 uxorem
1838 1317 1942 1354 domo
1957 1318 2104 1364 proprIa
2125 1317 2312 1363 expellere,

86 1364 372 1408 ἐξοιθήσασθαι,
402 1361 490 1399 ὦςτε
520 1366 659 1408 ἐκείνην
688 1365 737 1409 μὴ
763 1368 915 1407 ἔχουσαν
941 1368 1055 1411 γονεῖς
1078 1364 1169 1411 πρὸς
1236 1369 1278 1401 ut
1299 1364 1363 1400 illa
1392 1375 1464 1400 non
1496 1364 1633 1399 habens
1664 1367 1830 1409 parentes
1858 1362 1956 1417 apud
1985 1373 2075 1408 quos
2101 1363 2217 1409 possst
2237 1373 2312 1399 ma-

85 1407 145 1444 οῗῖς
174 1408 328 1445 δύναται
357 1412 478 1455 μεῖναι
509 1409 549 1451 ἐξ
579 1408 735 1457 ἀνάγκης
766 1411 841 1450 ἔξω
872 1411 941 1454 τὴν
970 1411 1082 1445 νύκτα
1116 1409 1168 1445 δι-
1235 1420 1321 1446 nere
1360 1419 1404 1445 ex
1438 1409 1651 1445 necessitate
1687 1409 1774 1444 foris
1812 1408 1951 1444 habitet
1986 1410 2111 1452 nocte,
2149 1408 2313 1445 iubemus

86 1454 200 1502 ἄγειν,
231 1454 419 1500 κελεύομεν
439 1453 618 1500 μηδεμίαν
642 1456 734 1490 εἶναι
757 1457 810 1499 τῷ
836 1452 942 1502 ἀνδρὶ
963 1454 1087 1490 ἄδειαν
1111 1454 1171 1491 διὰ
1235 1455 1369 1491 nullam
1400 1465 1480 1492 esse
1509 1455 1636 1490 marito
1668 1454 1849 1490 licentiam
1879 1464 1945 1499 pro
1973 1456 2028 1490 ter
2049 1454 2144 1489 hanc
2168 1463 2314 1490 causam

86 1499 225 1544 ταύτην
259 1501 327 1544 τὴν
359 1501 481 1535 αἰτίαν
517 1499 710 1547 ῥεπούδιον
747 1504 904 1546 πέμπειν
939 1502 983 1549 τῇ
1015 1504 1167 1548 γυναικί,
1181 1503 1223 1536 30
1236 1501 1421 1546 repudium
1455 1500 1594 1536 mittere
1629 1499 1751 1544 uxori,
1793 1509 1835 1536 eo
1871 1509 1942 1545 quo
2001 1498 2080 1545 ipse
2116 1498 2224 1536 huius
2260 1499 2313 1536 rei

87 1544 252 1593 διότιπερ
277 1543 386 1581 αὐτὸς
408 1545 539 1581 τούτου
565 1546 675 1581 αἴτιος
697 1550 846 1593 γίνεται.
1236 1550 1363 1583 auctor
1386 1546 1534 1582 exsistit.

1080 1658 1237 1696 CAPUT
1260 1659 1324 1695 IX.

159 1725 227 1762 Τάς
250 1725 291 1762 δὲ
313 1727 445 1771 αἰτίας,
477 1725 569 1772 ὑπὲρ
592 1717 645 1761 ὦν
669 1724 824 1774 εὐλόγως
847 1725 1003 1762 δύναται
1025 1728 1080 1771 τῷ
1103 1725 1166 1762 ἂν·
1305 1727 1441 1763 Causas
1478 1727 1598 1762 autem
1637 1737 1703 1771 pro
1739 1724 1868 1771 quibus
1903 1724 2164 1761 rationabiliter
2195 1728 2315 1771 potest

86 1771 143 1819 δρὶ
166 1773 266 1819 παρὰ
295 1774 357 1817 τῆς
384 1772 552 1820 γυναικὸς
581 1773 795 1817 πέμπεσθαι
819 1770 1012 1821 ῥεπούδιον
1044 1775 1103 1806 καὶ
1126 1772 1165 1814 ἐξ
1232 1772 1308 1809 viro
1332 1783 1354 1808 a
1377 1771 1523 1808 muliere
1546 1771 1637 1807 mitti
1659 1771 1846 1816 repudium
1875 1770 1944 1817 (et)
1974 1780 2017 1806 ex
2041 1770 2168 1816 quibus
2191 1772 2312 1816 potest

149 1864 204 1909 §4
225 1871 442 1908 arqumentum
463 1871 554 1898 notat
578 1864 710 1904 Nomoc.
724 1865 784 1898 XI
790 1864 879 1899 Vtit.
894 1865 926 1906 9,
940 1871 970 1898 31
993 1876 1028 1908 p.
1043 1866 1108 1899 570
1132 1864 1240 1906 Pura,
1277 1865 1449 1908 exscripsit
1473 1876 1511 1897 ex
1538 1863 1571 1896 B
1583 1863 1744 1898 Nomou-³²¹
1765 1863 1808 1896 ib.

84 1977 169 2013 dum
193 1977 291 2023 leqes
314 1975 383 2011 hac
405 1975 450 2011 de
472 1987 512 2011 re
536 1975 632 2012 latas
662 1980 695 2010 et
719 1974 861 2021 reliqua
891 1975 1052 2011 mulieris
1083 1974 1179 2010 bona
1210 1974 1331 2011 liberis
1353 1974 1578 2016 conservari,
1611 1979 1721 2020 atque
1744 1974 1797 2009 ita
1819 1971 2022 2008 adulterum
2052 1971 2207 2018 leqitime
2230 1982 2313 2008 cmi-

85 2023 216 2059 victum
247 2032 321 2057 una
353 2031 433 2056 cum
455 2020 603 2057 muliere
619 2020 762 2067 puniri.
811 2019 859 2055 Et
881 2021 915 2056 si
937 2020 1080 2066 quidem
1102 2020 1247 2056 adulter
1269 2031 1423 2057 uxorem
1447 2020 1594 2062 habeat,
1624 2030 1668 2055 ea
1693 2023 1765 2054 tam
1789 2017 1907 2053 dotem
1937 2027 2040 2053 suam
2069 2027 2178 2063 quam
2200 2016 2314 2053 dona-

86 2068 216 2103 tionem
233 2069 390 2114 propter
411 2068 560 2113 nuptias
582 2067 755 2112 accipiat.
787 2066 840 2101 ita
863 2069 905 2101 ut
925 2067 960 2101 si
982 2065 1114 2101 liberos
1137 2064 1304 2108 habeant,
1335 2066 1415 2101 solo
1439 2065 1568 2101 mulier
1591 2063 1786 2110 usufructu
1809 2062 2018 2114 donationis
2039 2063 2202 2108 fruatur,
2233 2071 2314 2098 cum

85 2113 283 2149 dominium
305 2111 500 2147 secundum
532 2112 629 2158 leyes
659 2111 781 2146 liberis
809 2115 992 2153 servetur;
1027 2111 1205 2156 reliquam
1235 2121 1320 2147 vero
1352 2111 1478 2147 mariti
1506 2109 1743 2146 substantiam
1775 2108 1897 2143 liberis
1927 2118 2004 2143 etus
2026 2118 2076 2143 ex
2099 2106 2315 2159 liberalitate

85 2162 212 2195 nostra
236 2157 424 2193 donamus.
473 2155 540 2192 Sin
558 2161 677 2192 autem
697 2156 800 2192 liberi
823 2167 896 2192 non
913 2160 1067 2203 praesto
1083 2157 1167 2198 sint,
1191 2157 1373 2192 sancimus
1391 2161 1432 2192 ut
1449 2154 1708 2202 antenuptialis
1727 2153 1870 2200 quidem
1890 2152 2096 2204 donationis
2115 2151 2314 2189 domanium

84 2203 227 2240 mulieri
250 2205 441 2249 competat,
465 2202 607 2248 reliqua
631 2212 715 2238 vero
740 2202 862 2237 mariti
885 2201 1086 2237 substantia
1110 2201 1226 2237 omnis
1246 2202 1337 2246 fisco
1361 2201 1556 2237 secundum
1576 2204 1711 2236 veteres
1735 2199 1832 2245 leqes
1855 2198 2059 2250 addicatur.

83 2250 110 2287 3
124 2248 197 2330 dSi
219 2248 471 2295 qualicumque
493 2247 599 2283 modo
623 2247 752 2283 mulier
774 2248 868 2283 vitae
892 2247 1015 2283 mariti
1039 2246 1212 2282 insidiata
1233 2246 1296 2289 sit,
1327 2248 1385 2283 vel
1406 2247 1490 2282 aliis
1518 2245 1586 2282 Ιιοο
1607 2244 1828 2291 facientibus
1851 2244 1995 2279 conscia
2025 2242 2066 2278 ad
2085 2242 2218 2279 marito
2239 2253 2315 2279 non

84 2295 122 2330 in
149 2293 309 2331 icaverit.
2283 2316 2286 2320 .

84 2340 110 2377 4
155 2333 196 2375 Si
220 2350 300 2374 cum
322 2339 509 2374 extraneis
532 2338 620 2374 viris
641 2337 783 2373 nolente
806 2337 938 2373 marito
962 2337 1171 2374 convivetur
1198 2337 1254 2373 vel
1277 2347 1357 2372 cum
1380 2336 1426 2372 iis
1449 2336 1598 2373 lavetur.

84 2387 108 2422 ἔ)
154 2384 196 2420 Si
219 2384 363 2420 nolente
385 2383 517 2419 marito
540 2387 651 2419 extra
675 2383 820 2418 domum
844 2384 1027 2425 manserit,
1051 2383 1124 2417 nisi
1144 2383 1247 2428 forte
1270 2381 1373 2428 apud
1387 2385 1565 2428 parentes
1587 2390 1682 2416 suos.
2174 2422 2182 2430 ²

84 2432 109 2468 6
155 2430 197 2466 Si
218 2430 258 2465 in
282 2428 500 2464 circensibus
522 2429 578 2465 vel
602 2428 751 2464 theatris
774 2428 831 2464 vel
852 2429 890 2462 in
913 2439 1028 2463 arena
1051 2427 1241 2474 spectandi
1265 2438 1377 2463 causa
1399 2427 1541 2462 intersit
1564 2427 1756 2473 iqnorante
1777 2423 1833 2460 vel
1844 2422 2065 2472 prohibente
2087 2426 2232 2460 manto.

85 2477 106 2511 7
159 2475 203 2510 Si
224 2485 328 2521 quem
352 2485 436 2510 vero
462 2474 655 2520 contiqerit
673 2478 825 2519 praeter
848 2473 1008 2519 aliquam
1039 2483 1089 2509 ex
1109 2472 1309 2519 praedictis
1341 2472 1462 2508 causis
1492 2482 1648 2507 uxorem
1677 2480 1780 2506 suam
1805 2470 1966 2516 propria
1989 2467 2097 2520 domo
2120 2467 2315 2520 expellere,

85 2524 127 2557 ut
152 2520 217 2556 illa
247 2531 318 2555 non
350 2519 485 2555 habens
508 2524 685 2566 parentes
720 2518 821 2565 apud
854 2529 946 2565 quos
977 2529 1123 2554 manere
1151 2519 1272 2565 possit
1300 2528 1351 2554 ex
1381 2517 1591 2554 necessitate
1620 2515 1717 2562 foris
1750 2518 1889 2551 noctem
1922 2517 2121 2565 transtqat,
2155 2513 2317 2567 iubemus

86 2566 222 2602 nullam
247 2576 322 2601 esse
344 2565 423 2600 viro
442 2568 657 2611 potestatem
683 2569 843 2610 propter
866 2563 961 2600 hano
984 2574 1130 2599 causam
1153 2563 1344 2610 repudium
1367 2562 1532 2600 mittendi
1553 2561 1683 2604 uxori,
1708 2563 1910 2607 propterea
1933 2558 2034 2606 quod
2061 2569 2141 2605 ipse
2162 2569 2242 2595 etus
2261 2569 2314 2594 ret

87 2615 216 2647 auctor
239 2610 372 2646 extitit.

220 2655 283 2691 IX.
333 2655 470 2692 Causae
493 2665 589 2696 vero,
616 2657 773 2700 propter
795 2664 887 2699 quas
918 2654 998 2690 iure
1026 2658 1148 2701 potest
1178 2653 1310 2690 marito
1336 2652 1380 2689 ab
1404 2663 1521 2690 uxore
1544 2652 1639 2688 mitti
1660 2650 1850 2698 repudium
1878 2653 1915 2685 et
1938 2660 1989 2685 ex
2017 2648 2148 2696 quibus
2177 2649 2259 2696 ipsa
2281 2654 2317 2685 et

157 2770 232 2811 lsq.
254 2765 400 2800 κατὰ-
413 2765 542 2810 νόμους
562 2779 633 2808 om.,
659 2774 732 2800 ante
755 2767 828 2799 τοῖς
851 2769 957 2800 παισὶ
973 2768 1051 2800 add.
1076 2764 1169 2800 κατὰ

86 2812 168 2849 τοὺς
192 2811 404 2857 ἑζιιπροσθεν
427 2808 643 2855 ὡρισμένους
665 2808 896 2855 (ὡρισμένους
919 2825 976 2846 om.
1002 2812 1081 2856 Ep.)
1109 2811 1169 2845 νό-

87 2869 172 2904 μους
185 2859 244 2891 Pr.
258 2859 322 2902 Ep.
340 2857 352 2902 Ι]
372 2859 391 2891 3
413 2858 583 2900 νομίμως]
609 2853 741 2899 ὁμοίως
768 2857 823 2889 Pr.
837 2870 866 2891 υ.
882 2857 902 2891 l.
921 2856 933 2900 ΙΙ
950 2859 972 2891 4
985 2858 1055 2899 ἔχει
1070 2858 1134 2901 Ep.
1158 2856 1171 2902 ΙΙ

88 2907 109 2940 5
132 2916 172 2938 τε
196 2916 253 2937 om.
268 2903 327 2936 Pr.
341 2903 405 2945 Ep.
433 2902 445 2944 ΙΙ
471 2904 531 2934 καὶ
555 2900 622 2943 τὴν
647 2900 717 2946 πρὸ
742 2899 859 2947 γάμου
891 2900 972 2944 ἦτοι
1004 2900 1064 2936 διὰ
1084 2901 1171 2936 ’τοὺς

88 2949 221 2996 γάμους
237 2948 301 2992 Ep.
318 2948 331 2992 ΙΙ
349 2949 370 2981 9
394 2946 432 2987 ἐξ
450 2944 622 2990 ἡμετέρας
645 2945 849 2992 φιλοτιμίας
873 2960 931 2980 om.
944 2948 1001 2981 Pr.
1021 2948 1033 2991 ΙΙ
1053 2950 1090 2982 11
1109 2948 1171 2990 τῆς

87 2996 166 3040 μὲν]
180 2993 247 3037 τὴν
259 2993 327 3037 μὲν
339 2992 402 3034 τῆς
412 2993 468 3025 Pr.
480 2993 572 3025 codd.
585 2992 734 3034 plerique
770 2990 840 3034 τὴν
853 3005 910 3024 om.
922 2993 979 3025 Pr.
993 2990 1005 3038 ΙΙ
1018 2995 1058 3027 13
1073 3005 1169 3036 περι-

88 3043 215 3075 ουσίαν
228 3040 353 3074 πᾶσαν
365 3038 430 3082 Ep.
449 3037 463 3081 1]
482 3038 520 3070 15
531 3031 629 3077 Ἐὰν]
641 3037 680 3069 έν
694 3037 725 3069 L
772 3037 835 3069 τοῦ
849 3033 939 3070 ἰδίου
953 3034 1084 3082 ἀνδρὸς
1092 3038 1143 3071 ΒΓ
1159 3037 1170 3075 ll

92 3090 131 3121 17
156 3083 360 3131 φανερώσει
385 3082 458 3125 M‘,
477 3082 525 3115 Β*
537 3094 567 3114 υ.
584 3083 603 3114 l.
631 3081 644 3135 1]
676 3083 715 3115 18
741 3078 905 3124 ανδράσι]
942 3079 1118 3127 ἀνδράσιν
1148 3081 1170 3123 ἡ

96 3130 184 3179 γυνὴ
210 3131 334 3165 Nom.m
357 3128 371 3173 Ι
397 3130 438 3163 19
462 3127 690 3173 συμποσιαζῃ
711 3122 733 3168 ἢ
755 3124 962 3160 συλλούεται
988 3127 1039 3160 B!
1050 3128 1172 3161 Nom.m

91 3177 238 3211 convivit
258 3176 318 3208 aut
340 3173 472 3207 lavatur
496 3184 516 3209 ς
531 3171 543 3215 ΙΙ
562 3173 600 3206 21
621 3173 711 3215 με’νη
732 3172 771 3204 Μ
775 3175 792 3192 ⁰
808 3171 820 3215 ΙΙ
839 3171 869 3203 εἰ
885 3170 934 3215 μή
955 3185 991 3205 τι
1010 3184 1050 3217 γε
1068 3173 1136 3205 LB
1158 3170 1171 3217 ΙΙ

90 3222 247 3264 τυχοῦσα
271 3220 329 3254 Pr.
350 3220 444 3253 codd.
459 3219 609 3262 plerique
629 3217 642 3258 ΙΙ
668 3213 770 3249 ἰδίοις
794 3229 851 3249 om.
868 3217 919 3249 B!
932 3217 944 3260 ΙΙ
970 3219 1011 3251 22
1036 3215 1058 3259 ἢ
1082 3216 1172 3249 θἐά-

90 3269 198 3313 τροις]
222 3263 246 3309 ἢ
270 3279 329 3300 om.
343 3264 389 3299 ΕΙ
415 3265 427 3307 ΙΙ
449 3261 743 3308 παραγενήσηται
767 3262 824 3294 Pr.
857 3260 1052 3308 παραβάλῃ
1074 3263 1137 3305 Ep.
1161 3260 1174 3306 ss

92 3316 133 3348 23
158 3312 224 3354 τῷ]
248 3310 290 3345 τὸ
315 3310 379 3354 Ep.
409 3309 421 3353 ΙΙ
449 3310 508 3343 καὶ
533 3321 591 3341 om.
605 3307 662 3340 Pr.
688 3307 752 3349 Ep.
776 3318 795 3343 ς
819 3306 832 3350 ΙΙ
862 3308 903 3340 25
929 3307 975 3340 Εἰ
996 3309 1172 3351 μέντοιγε]

92 3358 157 3391 ἐὰν
181 3355 220 3391 δὲ
244 3358 301 3390 Pr.
321 3356 386 3399 Ep.
415 3355 420 3399 Ι
455 3354 550 3398 μιᾶς]
585 3350 684 3387 τινὸς
707 3352 771 3394 Ep.
800 3351 813 3395 ΙΙ
842 3353 884 3385 26
909 3348 1011 3393 ἰδίου]
1044 3351 1173 3384 οἰκείου

94 3405 142 3437 Β*
158 3403 171 3448 ΙΙ
190 3405 231 3437 27
246 3400 405 3441 ἐξωθεῖσ
439 3413 477 3433 αι
492 3400 522 3432 L
547 3396 737 3440 ἐξωθῆσαι
749 3397 806 3430 Pr.
819 3410 847 3430 υ.
859 3397 891 3438 L,
907 3397 971 3440 Ep.
988 3396 1000 3441 Ι]
1025 3397 1172 3429 ἐκείνων

94 3449 141 3482 L¹
157 3449 170 3492 Ι]
188 3450 304 3489 ἐκείνη
327 3445 377 3490 μὴ
402 3444 532 3487 ἔχουσα
557 3445 612 3478 Pr.
622 3444 779 3486 plerique.
794 3442 858 3486 Ep.
877 3441 889 3485 ΙΙ
914 3444 957 3476 28
980 3443 1102 3485 μένειν
1115 3442 1171 3474 Pr.

93 3496 157 3538 Ep.
176 3495 188 3537 ΙΙ
207 3492 244 3532 ἐξ
257 3489 412 3537 ἀνάγκης
432 3490 565 3534 om.Ep.
585 3489 598 3532 ΙΙ
614 3490 656 3523 30
670 3483 863 3533 &suoi-Bam
877 3507 918 3511 —
931 3489 1084 3533 γυναικί]
1104 3499 1173 3528 χω·

94 3539 270 3584 ρισθῆναι
293 3538 355 3579 τῆς
379 3533 542 3581 γυναικός
566 3535 623 3568 Pr.
639 3534 704 3578 Ep.
729 3533 740 3578 ΙΙ
771 3534 810 3566 31
837 3534 987 3577 γίνεται]
1020 3533 1173 3574 κατέστη

95 3586 158 3625 Ep.
177 3585 189 3627 ΙΙ
208 3586 250 3618 32
267 3582 334 3616 Τὰς
351 3579 390 3615 δὲ
406 3582 521 3615 αἰτίας
533 3600 576 3605 -—
590 3575 794 3627 ῥεπούδιον]
825 3577 890 3611 Τὰς
910 3577 1025 3611 αἰτίας
1049 3573 1100 3610 δι’
1121 3568 1175 3610 ὦν

95 3626 248 3675 εὐλόγως
272 3625 424 3661 δύναται
454 3623 474 3667 ἡ
497 3624 586 3671 γυνὴ
618 3625 683 3659 τοῦ
707 3621 837 3668 ἀνδρὸς
861 3622 1092 3667 χωρισθῆναι
1116 3622 1172 3655 Pr.

98 3676 159 3718 Ep.
183 3674 197 3719 ss
223 3676 264 3708 33
290 3672 401 3716 παρὰ]
427 3674 508 3718 περὶ
534 3671 579 3704 B¹

1303 2768 1320 2801 1
1346 2766 1386 2799 de
1409 2766 1452 2798 ho
1474 2766 1534 2807 V1,
1559 2765 1599 2798 de
1624 2778 1682 2798 om.
1698 2765 1731 2798 T
1750 2764 1763 2809 ΙΙ
1786 2763 1877 2805 filiis]
1907 2762 1991 2796 uiris
2014 2761 2093 2795 filiis
2118 2761 2174 2795 T‘⁸
2237 2770 2315 2795 oon-

1238 2821 1371 2845 seruare
1398 2812 1449 2845 Τῡι
1469 2811 1482 2854 ΙΙ
1508 2812 1528 2845 2
1552 2810 1754 2844 adulterium
1781 2809 1828 2843 ΕΙ
1851 2808 1865 2853 ΙΙ
1890 2808 2107 2841 coniunctum
2130 2805 2180 2839 R·
2233 2807 2254 2840 5
2277 2807 2318 2840 ut

1242 2857 1345 2898 Beck]
1370 2858 1402 2889 et
1428 2857 1504 2890 libri
1530 2856 1543 2900 Ι]
1572 2856 1601 2889 si
1624 2868 1682 2889 om.
1708 2854 1758 2888 R¹
1826 2853 1981 2887 habuerit
2006 2853 2039 2886 T
2069 2851 2215 2885 habeant
2237 2851 2282 2885 al.
2305 2850 2318 2895 ΙΙ

1238 2903 1259 2935 6
1276 2902 1409 2935 fruatur
1423 2901 1545 2935 mulier
1560 2902 1592 2934 R
1608 2900 1620 2943 ΙΙ
1640 2903 1658 2934 7
1675 2900 1721 2933 eis
1810 2899 1820 2920 ²
1837 2899 1849 2943 ΙΙ
1876 2900 1896 2933 8
1915 2900 1967 2939 ex]
1992 2899 2084 2930 extra
2102 2895 2153 2929 Β*
2174 2895 2187 2940 ΙΙ
2204 2896 2226 2930 9
2240 2894 2316 2938 qui-

1237 2947 1311 2980 dem
1336 2947 1531 2980 donationes
1562 2946 1614 2980 Va
1649 2945 1839 2978 donationis
1863 2942 1997 2986 quidem
2017 2941 2050 2975 R
2074 2941 2087 2985 ΙΙ
2120 2942 2162 2975 10
2185 2950 2317 2974 omnem

1237 2992 1350 3025 mariti
1376 2992 1408 3025 Τ
1426 2992 1439 3035 ΙΙ
1467 2994 1504 3026 11
1531 2990 1704 3033 antiquam
1727 2989 1930 3033 adplicamua
1953 2986 2059 3030 legem
2085 2984 2148 3029 ΤΙΙ
2175 2986 2215 3020 15
2239 2984 2316 3019 uiro

1241 3037 1343 3070 R¹V¹
1363 3037 1375 3080 ΙΙ
1402 3039 1442 3071 17
1467 3035 1679 3069 iuditiauerit
1702 3034 1782 3078 13¹1!
1806 3035 1846 3068 18
1869 3032 1990 3065 marito
2014 3033 2047 3064 et
2070 3029 2235 3064 extraneis
2255 3030 2317 3074 Vfl

1239 3081 1397 3123 convivit]
1422 3081 1527 3115 coiuit
1551 3082 1667 3113 iuncta
1690 3079 1738 3112 T¹
1758 3079 1770 3122 Ι]
1793 3081 1852 3111 aut
1872 3088 1945 3110 oum
1969 3077 2017 3109 eis
2040 3075 2173 3109 leuatur
2198 3077 2231 3109 in
2247 3088 2315 3110 rae.

1248 3127 1298 3161 V2
1331 3129 1390 3159 aut
1421 3128 1473 3166 (ut
1498 3126 1530 3159 Τ
1537 3125 1561 3168 ¹)
1591 3135 1666 3158 cum
1697 3124 1744 3157 eis
1775 3123 1909 3156 lauetur
1934 3122 1967 3155 T
1997 3124 2055 3154 aut
2077 3120 2212 3154 lauatur
2240 3131 2317 3156 oum

1240 3172 1286 3204 eis
1298 3171 1331 3204 R
1347 3171 1360 3215 ΙΙ
1377 3173 1415 3206 21
1435 3171 1536 3214 apud]
1560 3170 1602 3203 ad
1618 3170 1650 3203 Τ
1662 3169 1675 3213 ΙΙ
1693 3169 1735 3203 22
1751 3170 1810 3201 aut
1829 3166 2047 3210 anphiteatris
2063 3166 2095 3199 T
2113 3169 2173 3199 aut
2189 3166 2316 3220 emphi-

1239 3217 1379 3250 theatris
1402 3216 1453 3257 R,
1478 3229 1536 3248 om.
1565 3214 1633 3258 Vl}
1660 3213 1816 3246 interfuit
1843 3212 1915 3246 RV
1935 3212 1948 3255 Ι]
1978 3213 2020 3246 25
2045 3212 2074 3245 εἰ
2098 3213 2187 3254 ergo]
2220 3221 2316 3256 signo

1248 3262 1298 3295 V¹
1320 3262 1332 3305 Ι]
1358 3261 1527 3303 contigere
1554 3260 1602 3293 Τι
1631 3258 1644 3303 ΙΙ
1673 3259 1760 3292 circa
1786 3258 1834 3292 T²
1863 3257 1876 3301 ΙΙ
1904 3258 1947 3292 26
1972 3268 2108 3289 uxorem
2131 3267 2226 3290 suam
2249 3256 2283 3291 R

1241 3308 1282 3341 27
1303 3308 1362 3340 aut
1384 3306 1429 3339 Β*
1464 3308 1496 3338 et
1522 3305 1579 3349 ΤΙῙ
1595 3303 1694 3348 apud]
1719 3303 1760 3336 ad
1784 3302 1897 3347 R¹Vn
1915 3306 2022 3345 posset
2048 3301 2106 3347 Tss
2131 3303 2173 3336 29
2196 3302 2317 3336 marito

1240 3351 1367 3385 nullam
1389 3362 1454 3384 esse
1479 3350 1533 3395 ΤΙ]
1553 3352 1591 3385 31
1617 3348 1727 3382 existit
1748 3348 1792 3390 V]
1818 3348 1938 3381 existat
1964 3349 2123 3392 RTvulq.
2143 3346 2156 3391 ΙΙ
2171 3348 2215 3382 32
2227 3348 2315 3382 rubr.

1240 3397 1289 3430 De
1310 3396 1457 3440 repudiis
1480 3395 1520 3429 ab
1545 3405 1647 3428 uxore
1671 3394 1841 3427 mittendis
1865 3393 1932 3426 RT
1952 3406 2013 3437 my.
2037 3394 2090 3435 (ex
2112 3393 2190 3435 Iul.)
2216 3391 2229 3437 [Ι
2254 3402 2316 3436 pro

1241 3442 1361 3475 om.R¹
1390 3442 1403 3485 ΙΙ
1432 3442 1473 3476 33
1496 3440 1671 3485 repudium
1695 3439 1784 3472 mitti
1811 3439 1848 3481 T,
1884 3438 1974 3471 mitti
1999 3451 2055 3472 om.
2079 3438 2111 3471 R
2139 3437 2152 3481 ΙΙ
2180 3439 2214 3471 et
2237 3438 2314 3471 add.

1242 3488 1334 3520 Beck:

1206 3541 1212 3706 l
