2476 3854
187 108 296 152 Nov.
326 107 462 152 cxvl
494 111 509 150 1
546 121 610 164 ep.
1249 104 1333 153 550
2004 120 2066 153 m·
2093 104 2243 160 inmun
2271 118 2406 154 mm

181 220 288 254 οἴκοις
307 216 331 263 ἢ
354 216 523 263 κτήσεσιν
552 215 719 253 ὁπωςοῦν
749 215 1050 264 προςεδρεύοντας
1078 222 1143 254 καί
1159 231 1262 255 τινας
1328 219 1434 254 nibus
1469 220 1532 254 aut
1562 218 1865 265 qualitercumque
1899 218 2127 256 observantes
2161 222 2200 255 et
2232 219 2404 266 quasdam

182 261 301 299 αὐτοῖς
323 262 507 299 ἰδιωτικὰς
529 261 755 307 πληροῦντας
776 267 912 319 ἱερείας,
936 260 1026 299 aiere
1048 264 1078 298 εἰ
1093 265 1143 308 μὴ
1159 265 1262 300 ἐντὸς
1329 264 1380 299 eis
1401 263 1566 309 proprias
1589 264 1625 299 in
1652 265 1766 300 lentes
1790 264 1977 308 utilitates,
2007 263 2104 310 quod
2126 264 2195 300 nisi
2223 265 2319 301 intra
2339 265 2403 301 tri-

181 310 328 353 triginta
358 310 493 345 dierum
523 309 750 352 προθεσμίας
779 309 1062 355 αριθμουμένων
1095 307 1168 344 ἀπὸ
1199 312 1262 354 τῆς
1328 309 1427 354 ginta.
1440 309 1575 344 dierum
1589 309 1624 344 di
1639 310 1795 345 ationem
1809 312 2094 355 computatorum
2109 310 2156 346 ab
2167 309 2404 346 insinuatione

181 354 274 389 κατὰ
297 354 414 390 τόπον
438 355 633 399 ἐμφανείας
655 354 719 397 τῆς
741 355 923 399 παρούσης
951 353 1058 399 ἡμῶν
1080 353 1261 391 διατυπώ-
1356 364 1393 389 er
1422 354 1502 389 loca
1554 355 1727 390 raesentis
1755 357 1901 390 nostrae
1929 354 2172 400 dispositionis
2202 365 2264 391 eos
2293 365 2404 400 expu-

182 411 271 434 σεως
293 400 439 434 τούτους
462 396 737 440 ἀποδιώξουσιν,
763 399 803 433 αἱ
822 401 891 444 μὲν
915 396 1039 435 αὐτῶν
1061 400 1140 435 τῶν
1162 399 1260 443 ἐχόν-
1296 402 1314 434 5
1344 398 1452 442 erint,
1484 365 1707 434 substantiae
1738 399 1878 453 quidem
1907 400 2112 436 habentium
2143 409 2205 436 eos
2236 401 2300 435 aut
2321 399 2404 436 reti·

180 457 259 479 των
290 441 418 478 αὐτοὺς
447 440 470 487 ἢ
502 440 737 488 κρατούντων
767 440 886 478 οὐσίαι
917 442 1083 489 δημεύσει
1106 442 1262 490 ὑποβλη-
1329 444 1488 479 nentium
1520 444 1756 489 publicatiom
1786 445 1970 480 subiectae
1997 444 2086 481 fisco
2119 445 2404 491 applicabuntur,

181 490 306 524 θεῖσαι
326 491 379 532 τῷ
405 487 566 532 δημοσίῳ
589 489 979 534 προςκυρωθήσονται,
1014 486 1116 525 αὐτοὶ
1140 488 1180 524 δὲ
1202 493 1261 525 καὶ
1329 489 1398 534 ipsi
1421 499 1505 524 vero
1529 493 1565 525 et
1588 489 1819 532 dignitatibus
1851 493 1887 526 et
1907 490 2042 526 militiis
2075 501 2165 535 quas
2188 491 2322 526 habent
2343 499 2404 525 ex-

180 535 258 568 τῶν
288 531 510 579 ἀξιωμάτων
541 536 600 567 καὶ
629 535 708 568 τῶν
739 536 940 580 στρατειῶν
971 531 1099 570 ὁποίας
1122 537 1262 579 ἔχουσιν
1329 535 1517 579 pellentur,
1540 534 1666 570 milites
1691 545 1772 571 vero
1796 538 1833 571 et
1854 534 2030 571 foederati
2053 535 2115 580 qui
2138 535 2187 571 eis
2237 538 2294 571 ost
2316 534 2406 571 dila·

182 579 453 621 ἐξωθήσονται,
489 578 523 612 οἱ
559 577 599 612 δὲ
631 580 855 621 στρατιῶται
892 583 953 614 καὶ
988 578 1195 627 φοιδεράτοι
1229 580 1262 614 οἱ
1330 580 1460 614 tionem
1485 579 1748 615 observaverint
1770 591 1843 616 non
1858 581 1973 617 solum
1995 581 2121 615 militia
2144 591 2208 626 spo
2237 580 2404 623 abutitur,

180 624 319 658 τούτοις
341 623 432 668 μετὰ
456 623 526 667 τὴν
542 624 775 668 προθεσμίαν
800 628 1066 670 παραμένοντες
1089 622 1131 660 οὗ
1147 623 1262 670 μόνον
1279 628 1318 661 10
1331 624 1394 660 sed
1423 624 1529 659 etiam
1560 625 1684 661 ultima
1714 626 1941 661 sustinebunt
1972 625 2158 678 supplicia.
2205 624 2405 661 Scientibus

179 670 241 711 τῆς
257 670 372 712 ζώνης
391 666 723 715 ἀφαιρεθήσονται,
756 667 847 703 ἀλλὰ
871 673 930 703 καὶ
954 670 1018 705 τὰς
1041 671 1088 704 εἰς
1110 673 1263 713 ἔσχατον
1332 673 1367 705 et
1389 669 1667 715 uniuscuiusque
1690 670 1894 715 provinciae
1915 670 2107 714 iudicibus,
2137 670 2219 715 quia
2242 671 2274 706 si
2295 669 2407 715 aliqui
2456 706 2458 708 .

180 712 402 759 ὑπομενοῦσι
433 718 623 759 τιμωρίας·
660 711 814 749 εἰδότων
844 718 903 748 καὶ
927 717 1004 749 τῶν
1026 715 1175 758 ἑκάστης
1200 718 1261 751 έπ-
1330 715 1556 750 inveniantur
1589 715 1627 750 in
1658 715 1747 751 locis
1784 724 1875 760 quae
1905 716 1950 751 ab
1981 716 2037 751 his
2067 715 2314 751 exactionibus
2342 718 2407 750 aut

180 764 303 803 αρχίας
326 756 527 804 ἀρχόντων,
552 758 600 793 cos
618 759 654 793 εἴ
671 771 765 794 τινες
787 756 970 805 εὑρεθεῖεν
989 762 1029 795 ἐν
1045 764 1118 795 τοῖς
1137 759 1263 796 τόποις
1330 760 1592 795 convictoribus
1612 763 1675 795 aut
1694 760 1855 804 personis
1880 761 2056 806 aliquibus
2079 762 2143 796 aut
2163 760 2326 796 dominiis
2343 761 2406 795 aut

179 807 251 838 τοῖς
286 801 377 850 παρ’
401 802 524 838 αὐτῶν
548 804 777 849 ι’θννομένοις
807 802 831 848 ἢ
866 805 1074 850 ἐπιτρόποις
1109 809 1204 840 τισὶν
1239 803 1262 849 ἢ
1329 804 1614 849 possessionibus
1653 809 1716 840 aut
1751 805 1967 849 quibuslibet
2001 805 2156 850 propriis
2190 804 2405 840 utilitatibus

179 849 382 894 προςιόποις
404 846 426 892 ἢ
444 850 551 884 οἴκοις
574 845 597 892 ἢ
617 847 812 884 δεσπόταις
834 849 856 893 ἢ
877 848 1047 893 κτήσεσιν
1068 847 1092 894 ἢ
1115 854 1193 885 ταῖς
1212 850 1261 885 οἱ·
1278 853 1317 885 15
1329 852 1588 895 permanentes,
1621 853 1656 885 et
1679 861 1750 885 non
1775 850 1936 886 celeriter
1962 850 2052 886 istos
2076 849 2407 895 comprehenderint

180 896 302 929 αιςοῦν
321 893 520 929 ἰδιωτικαῖς
534 898 666 939 χρείαις
686 893 986 940 προςεδρεῦοντες,
1010 895 1134 941 καὶμὴ
1152 907 1261 931 σπου·
1329 899 1367 930 et
1397 895 1581 939 suppliciis
1613 895 1850 938 subdiderint,
1884 899 1921 930 et
1943 896 2071 931 milites
2098 895 2239 940 quidem
2270 895 2316 930 ad
2337 905 2406 930 nu·

180 937 291 973 δαίως
312 939 460 974 τούτους
483 941 646 982 συσχῶσί
671 953 711 973 τε
740 943 800 974 καὶ
823 944 1014 985 τιμωρίαις
1036 938 1260 985 ὑποβάλωσι,
1329 949 1446 975 meros
1469 950 1554 975 suos
1578 941 1820 975 transmittant
1842 941 1880 975 in
1903 940 2033 985 quibus
2055 940 2218 982 militant,
2244 939 2406 976 foedera-

179 984 336 1019 καὶτοὺς
357 986 426 1029 μὲν
449 984 674 1029 στρατιώτας
697 986 745 1019 εἰς
766 985 849 1019 τοὺς
867 984 1049 1031 ἀριθμοὺς
1072 988 1260 1032 ἐκπέμψω·
1329 988 1386 1021 tos
1410 995 1493 1020 vero
1525 985 1571 1019 ad
1602 985 1767 1030 proprios
1797 985 1975 1030 optiones,
2008 987 2044 1020 et
2073 985 2143 1030 ipsi
2171 984 2206 1018 X
2235 984 2406 1021 librarum

179 1041 240 1064 σιν
270 1032 311 1063 ἐν
342 1029 394 1064 οἷς
426 1028 704 1075 στρατεύονται,
735 1029 817 1065 τοὺς
845 1029 886 1065 δὲ
914 1029 1146 1077 φοιδεράτους
1174 1031 1263 1076 πρὸς
1330 1031 1409 1065 auri
1438 1039 1590 1075 poenam
1620 1031 1815 1084 exigentur,
1848 1031 1885 1065 et
1911 1030 2059 1074 insuper
2089 1029 2192 1065 exilio
2220 1029 2407 1066 tradentur

178 1076 261 1110 τοὺς
284 1073 393 1109 ἰδίους
416 1071 605 1116 όπτίονας,
639 1077 699 1109 καὶ
724 1072 828 1110 αὐτοὶ
851 1073 920 1110 ἀνὰ
951 1076 1071 1112 decem
1094 1077 1261 1122 librarum
1276 1077 1319 1110 20
1330 1079 1456 1120 utpote
1498 1078 1640 1111 nostras
1685 1076 1861 1111 iussiones
1906 1077 2177 1120 praesumentes
2219 1074 2405 1120 negligere.

178 1121 257 1156 auri
278 1120 411 1163 ποινὴν
427 1119 774 1166 εἰςπραχθήσονται,
798 1124 859 1155 καὶ
880 1121 970 1166 πρὸς
984 1119 1127 1156 τούτοις
1142 1121 1263 1167 ἐξορίᾳ
1330 1121 1444 1156 Nemo
1464 1120 1572 1164 igitur
1592 1131 1706 1164 neque
1725 1121 1841 1156 divino
1861 1120 2014 1166 quodam
2034 1125 2118 1166 typo
2135 1120 2179 1156 de
2193 1119 2264 1156 hoc
2282 1119 2408 1155 forsan

179 1163 508 1211 παραδοθήσονται
534 1162 582 1199 ὥς
605 1166 684 1200 τῶν
707 1164 893 1211 ἡμετέρων
916 1165 1112 1202 κελεύσεσιν
1133 1164 1262 1222 τολμή-
1329 1166 1428 1201 facto
1459 1175 1575 1210 neque
1632 1166 1807 1211 raeceptis
1836 1165 1993 1201 iudicum
2023 1167 2156 1208 utetur,
2186 1174 2252 1201 uec
2279 1164 2408 1210 aliquis

179 1222 308 1246 σαντες
327 1208 512 1256 ἀμελῆσαι.
558 1209 681 1256 μηδεὶς
699 1214 821 1246 τοίνυν
840 1210 931 1256 μήτε
949 1212 1043 1256 θείῳ
1063 1214 1138 1246 τινὶ
1156 1225 1262 1256 τυπῳ
1329 1214 1534 1247 nostrorum
1551 1212 1588 1246 iu
1611 1221 1706 1246 lcum
1722 1211 1923 1247 huiusmodi
1943 1211 2079 1256 aliquos
2094 1212 2200 1257 typos
2223 1212 2287 1246 aut

179 1260 262 1302 περὶ
284 1255 415 1291 τούτου
438 1253 486 1290 ὠς
509 1257 602 1290 εἰκὸς
622 1260 805 1303 γενομένῳ
829 1258 920 1301 μήτε
943 1255 1178 1303 προςτάξεσιν
1201 1254 1261 1303 ἀρ-
1331 1257 1512 1301 ceptiones
1535 1257 1694 1292 iudicum
1717 1256 1900 1301 suscipiat,
1925 1257 1987 1292 sed
2003 1266 2084 1292 cum
2107 1255 2203 1291 omni
2226 1255 2409 1291 celeritate

178 1301 325 1345 χόντων
347 1302 555 1348 (χρήσηται,
577 1300 671 1346 μηδέ
683 1313 736 1336 τις
754 1303 832 1337 τῶν
847 1301 1033 1348 ἡμετέρων
1057 1299 1264 1348 ἅρχόντων>
1276 1303 1318 1336 25
1329 1301 1459 1337 milites
1491 1301 1632 1347 quidem
1662 1302 1708 1338 ad
1730 1301 1895 1347 proprios
1920 1311 2097 1345 numeros,
2127 1300 2303 1337 foederati
2323 1308 2408 1336 vero

179 1347 360 1382 τοιούτους
395 1347 495 1381 τινὰς
525 1347 658 1381 τύπους
693 1343 717 1390 ἢ
748 1346 953 1393 προςτάξεις
987 1346 1131 1393 ἀρχικὰς
1159 1359 1262 1394 προς·
1330 1348 1377 1383 ad
1412 1357 1495 1382 suos
1533 1348 1694 1391 optiones
1729 1348 1955 1383 revertantur
1991 1349 2028 1382 et
2061 1356 2128 1392 pro
2163 1344 2408 1383 communibus

180 1391 343 1437 δέξηται,
369 1390 459 1426 ἀλλὰ
478 1392 571 1437 μετὰ
587 1391 704 1436 πάσης
725 1394 922 1437 ταχυτῆτος
945 1392 982 1427 οἱ
1030 1395 1069 1426 εν
1084 1394 1262 1439 στρατιῶ-
1331 1394 1469 1428 certent
1492 1392 1618 1427 rebus:
1655 1393 1754 1428 nullo
1777 1392 1882 1428 modo
1905 1392 1998 1428 enim
2029 1391 2073 1428 ‹le
2095 1393 2214 1428 cetero
2242 1389 2408 1427 concedi-

179 1451 240 1473 ται
269 1438 318 1472 εἰς
348 1438 431 1472 τοὺς
460 1435 569 1472 ἰδίους
601 1436 776 1484 ἀριθμοὺς
810 1437 847 1472 οἱ
873 1436 913 1473 δὲ
935 1451 998 1485 φοι
1022 1435 1145 1484 εροὶτοι
1173 1438 1263 1485 πρὸς
1330 1447 1408 1474 mus
1442 1441 1583 1473 nostros
1620 1438 1748 1473 milites
1786 1441 1850 1472 aut
1883 1437 2087 1474 foederatos
2124 1437 2163 1474 in
2195 1435 2408 1484 quibusdum

179 1484 262 1518 τοὺς
276 1484 419 1518 ἑαυτῶν
442 1479 616 1518 ὖπτίονας
639 1482 875 1518 ἐπανέλθωσι
899 1487 959 1518 καὶ
975 1482 1066 1530 ὑπὲρ
1089 1483 1167 1518 τῶν
1189 1493 1261 1518 xoi-
1330 1483 1473 1519 omnino
1497 1482 1645 1528 privatis
1669 1483 1884 1519 utilitatibus
1905 1481 2086 1529 occupari.

179 1530 258 1563 νῶν
280 1526 538 1575 ἀγωνίσωνται
561 1529 799 1576 πραγμάτων.
847 1525 932 1563 κατ’
951 1526 1082 1563 οὐδένα
1096 1527 1165 1576 γὰρ
1180 1527 1263 1575 τρό-
1276 1530 1318 1564 30

180 1586 253 1609 πον
287 1575 352 1608 τοῦ
382 1573 509 1608 λοιποῦ
543 1577 794 1621 συγχωροῦμεν
828 1574 910 1609 τοὺς
940 1572 1129 1620 ἡμετέρους
1157 1586 1262 1620 στρα-

180 1619 313 1654 τιώτας
345 1615 367 1662 ἢ
402 1616 631 1666 φοιδεράτους
664 1619 704 1653 ἔν
737 1629 812 1654 τισι
845 1618 1032 1655 παντελῶς
1066 1617 1264 1655 ἰδιωτικαῖς

181 1663 472 1706 ἀπασχολεῖσθαι
493 1668 635 1710 χρείαις.

248 1709 344 1756 <Ἐπ
354 1713 369 1743 ί
375 1709 422 1743 λο
430 1711 532 1756 yos.)
584 1710 634 1744 Τὰ
663 1712 788 1744 τοίνυν
820 1710 1063 1754 παραστάντα
1085 1708 1173 1754 ἡμῖν
1203 1712 1264 1744 καὶ
1376 1708 1638 1754 (Epilogus.)
1683 1709 1783 1754 Quae
1801 1708 1910 1753 igitur
1931 1708 2146 1754 placuerunt
2169 1708 2272 1746 nobis
2295 1711 2410 1754 etper

182 1753 243 1790 διὰ
277 1757 342 1789 τοῦ
378 1754 559 1800 παρόντος
594 1753 796 1800 δηλούμενα
827 1755 939 1799 νόμον
970 1753 992 1799 ἦ
1029 1754 1074 1799 σὴ
1105 1752 1263 1801 ὑπεροχὴ
1275 1756 1317 1791 35
1330 1757 1554 1800 praesentem
1593 1755 1783 1790 manifesta
1822 1758 1906 1789 sunt
1944 1754 2072 1799 legem,
2116 1757 2180 1790 tua
2218 1754 2410 1790 eminentia

180 1800 407 1847 γινώσκουσα
437 1801 530 1834 κατὰ
560 1802 628 1845 μὲν
659 1800 727 1844 τὴν
758 1796 956 1845 εὐδαίμονα
986 1797 1124 1843 ταύτην
1153 1799 1263 1835 πόλιν
1332 1809 1550 1845 cognoscens
1573 1800 1611 1835 in
1635 1800 1703 1835 hac
1727 1799 1867 1845 quidem
1889 1799 2097 1835 felicissima
2121 1799 2261 1835 civitate
2283 1798 2410 1835 edictis

181 1980 314 2017 nabere
330 1979 561 2015 -studuerunt
588 1977 841 2029 qualicumque
872 1977 981 2013 modo
1013 1977 1175 2015 detentos
1206 1981 1240 2014 et
1268 1978 1434 2024 privatas
1463 1977 1639 2024 quasdam
1671 1987 1804 2024 operas
1830 1977 1920 2024 ipsis
1935 1980 2188 2024 praestantes,
2218 1977 2291 2014 nisi
2311 1977 2410 2015 intra

183 2025 334 2072 triqinta
357 2025 496 2060 dierum
518 2023 678 2070 spatium
700 2023 745 2059 ab
768 2023 1014 2059 insinuatione
1041 2023 1246 2069 praesentis
1268 2023 1535 2058 constitutionis
1558 2025 1706 2058 nostrae
1735 2023 1775 2057 in
1797 2033 1840 2058 eo
1865 2022 1946 2058 loco
1976 2023 2084 2068 facta
2106 2021 2411 2061 numerandorum

182 2082 245 2108 eos
260 2069 483 2118 expulerint,
508 2069 604 2104 bona
621 2079 745 2104 eorum
770 2068 833 2114 qui
849 2079 911 2104 eos
927 2067 1059 2104 habent
1078 2072 1143 2104 aut
1158 2068 1319 2104 detinent
1333 2068 1580 2114 publicationi
1600 2067 1759 2103 subiecta
1778 2068 1870 2113 fisco
1886 2068 2068 2103 addictum
2086 2068 2144 2110 iri,
2168 2069 2270 2116 ipsos
2291 2072 2410 2106 autem

182 2115 422 2163 diqnitatz‘bus
447 2118 484 2150 et
504 2113 641 2149 militiis
673 2123 765 2159 quas
788 2112 920 2149 nabent
947 2118 1097 2150 exutum
1120 2113 1187 2156 iri,
1219 2113 1349 2149 milites
1379 2123 1462 2150 vero
1492 2115 1530 2148 et
1548 2113 1763 2160 foederatos
1793 2113 1857 2159 qui
1871 2116 1964 2160 post
1984 2112 2216 2159 praefinitum
2239 2113 2411 2161 temporis

181 2162 340 2209 spatium
365 2158 467 2206 apud
488 2159 573 2195 illos
590 2163 831 2206 permaneant
862 2169 935 2194 non
958 2159 1075 2194 solum
1104 2158 1248 2205 cinqulo
1276 2159 1463 2205 privatum
1485 2158 1552 2201 iri,
1583 2158 1649 2194 sed
1679 2158 1787 2193 eciam
1818 2164 1983 2194 extrema
2010 2158 2194 2195 subituros
2221 2168 2298 2195 esse
2323 2169 2410 2211 sup-

176 2207 294 2255 plicia
302 2219 317 2248 ;
351 2215 396 2241 ac
417 2205 538 2240 sciant
560 2205 668 2240 etiam
719 2204 902 2239 rovinciae
925 2205 1096 2250 cuiusque
1113 2203 1317 2251 praesides,
1341 2204 1373 2239 si
1397 2203 1461 2249 qui
1482 2203 1522 2238 in
1545 2203 1634 2251 locis
1657 2203 1720 2250 qui
1739 2203 1784 2239 ab
1804 2204 1893 2256 ipsis
1911 2204 2162 2249 qubernantur
2183 2204 2318 2241 inventi
2338 2207 2413 2240 smt

182 2252 238 2289 vel
253 2250 355 2298 apud
368 2253 636 2297 procuratores
659 2261 682 2284 α
698 2250 804 2295 iquos
826 2249 881 2284 vel
897 2248 990 2284 alias
1007 2260 1190 2296 personas
1213 2249 1269 2286 vel
1283 2250 1321 2285 in
1344 2248 1507 2284 domibus
1530 2248 1589 2284 vel
1601 2248 1703 2295 apud
1725 2248 1890 2283 dominos
1906 2259 2031 2284 earum
2052 2248 2109 2284 vel
2123 2249 2162 2284 in
2174 2248 2411 2296 possessioni·

183 2298 248 2341 bus
271 2296 327 2332 vel
348 2296 386 2331 in
410 2295 727 2342 qualibuscumque
747 2294 903 2341 privatis
927 2295 1048 2345 operis
1071 2293 1222 2337 detenti,
1253 2293 1325 2330 nisi
1354 2304 1417 2330 eos
1448 2293 1582 2329 acriter
1604 2293 1942 2374 comprehenderint
1971 2297 2008 2330 et
2036 2293 2229 2340 suppliciis
2257 2294 2411 2331 subiece-

182 2343 268 2384 rint,
300 2345 409 2388 atque
432 2340 563 2376 milites
585 2340 635 2375 ad
656 2350 824 2375 numeros
847 2341 884 2375 in
909 2340 1038 2386 quibus
1060 2340 1227 2381 militant,
1256 2339 1472 2386 foederatos
1495 2342 1615 2375 autem
1638 2350 1662 2374 a
1711 2343 1876 2386 optiones
1897 2349 1984 2375 suos
2007 2339 2280 2382 transmiserint,
2311 2340 2413 2387 ipsos

182 2398 328 2440 quoque
358 2386 534 2422 denarum
566 2385 741 2420 librarum
764 2385 848 2421 auri
876 2395 1031 2431 poenam
1060 2385 1312 2432 persoluturos
1342 2394 1418 2421 esse
1448 2394 1493 2420 ac
1517 2388 1713 2431 praeterea
1742 2384 1856 2420 exilio
1887 2383 2058 2419 traditum
2087 2384 2154 2427 iri,
2185 2384 2320 2432 quippe
2349 2385 2416 2432 qui

182 2435 360 2484 iussiones
383 2434 531 2484 nostras
562 2430 752 2477 neqleqere
774 2430 855 2466 ausi
877 2430 959 2465 sint.
1007 2429 1121 2466 Nemo
1145 2431 1261 2482 iqitur
1290 2434 1365 2483 aut·
1381 2440 1488 2481 sacro
1518 2429 1596 2464 ulla
1611 2430 1805 2482 'sanctione
1834 2428 1972 2481 det-noc
1991 2429 2092 2474 forte
2115 2428 2192 2465 lata
2220 2433 2287 2466 aut
2304 2439 2412 2482 prae-

183 2481 598 2567 2550‘52522‘295522523352'?
619 2476 793 2556 §titii
807 2474 1557 2556 ”glatiali-{uteiestetisti}
1582 2473 1756 2571 Z‘fflffs'
1779 2473 2279 2571 ἓῗἜὲἔέἱᾳῖἶάἵὲἷιῖἰμὲ
2300 2485 2415 2556 m

184 2571 412 2604 revertantur
435 2570 471 2602 et
491 2577 561 2613 pro
584 2566 692 2601 rebus
709 2565 868 2612 publicis
890 2565 1068 2602 dimicent.
1116 2565 1241 2612 Neque
1263 2566 1357 2601 enim
1380 2564 1455 2600 ullo
1478 2563 1586 2600 modo
1609 2575 1648 2599 in
1665 2568 1854 2611 posterum
1876 2568 2116 2611 permittimus
2145 2567 2187 2600 ut
2208 2564 2257 2600 mi
2285 2570 2338 2601 tes
2358 2564 2416 2602 vel

183 2612 368 2659 foederati
389 2612 509 2646 nostri
529 2611 568 2645 in
588 2610 672 2646 ullis
694 2611 839 2646 omnino
857 2610 1017 2658 privatis
1041 2622 1062 2646 ο
1091 2611 1163 2646 eris
1182 2614 1412 2657 occupentur.

322 2655 561 2704 Epiloqus.
609 2654 709 2698 Quae
739 2655 854 2702 iqitur
886 2655 990 2691 nobis
1018 2667 1044 2702 p
1061 2661 1239 2692 acuerunt
1272 2660 1307 2691 et
1338 2664 1410 2702 per
1442 2658 1668 2702 praesentem
1703 2654 1816 2701 leqem
1850 2653 2085 2690 declarantur
2120 2657 2184 2690 tua
2215 2653 2416 2692 sublimitas

236 2829 250 2861 1
269 2822 457 2866 ὁποτεοῦν]
472 2827 531 2858 aut
546 2825 832 2867 qualitercumque
849 2837 868 2861 ς
894 2824 906 2868 ΙΙ
930 2825 950 2858 2
967 2820 1068 2867 ὥςτε]
1093 2826 1153 2868 leq.
1168 2821 1270 2870 053⁴?ss
1407 2827 1423 2858 1
1451 2825 1511 2857 aut
1534 2823 1833 2866 qualitercumque]
1864 2825 1924 2856 aut
1946 2824 2008 2857 del.
2028 2823 2124 2857 Beck
2140 2822 2174 2902 ἓν
2191 2824 2212 2858 2
2235 2822 2307 2857 eius
2329 2823 2384 2858 Τί
2402 2821 2418 2870 Ι

188 2874 208 2907 3
233 2872 372 2913 triginta
390 2870 516 2902 dierum
532 2872 590 2911 M]
615 2872 781 2915 τρίγιντα
804 2866 962 2913 διεροῦμ,
987 2883 1012 2903 s.
1026 2882 1054 2903 v.
1080 2866 1110 2902 λ’
1124 2866 1271 2914 ἡμερῶν
1338 2869 1428 2911 quod
1452 2869 1529 2910 nisi]
1553 2868 1619 2901 nisi
1643 2869 1702 2911 qui
1727 2869 1777 2901 T¹
1796 2869 1809 2912 ΙΙ
1834 2868 1962 2901 dierum
1981 2867 2122 2911 triginta
2170 2893 2179 2910 ,
2203 2868 2333 2902 dierum
2355 2879 2414 2903 οιιι.

188 2918 220 2951 L
239 2917 251 2960 ΙΙ
267 2919 289 2951 4
300 2914 392 2949 κατὰ
406 2913 523 2948 τόπον
536 2916 594 2955 Μ]
619 2914 711 2947 κατὰ
727 2913 793 2947 τὸν
808 2914 927 2948 τόπον
944 2916 974 2947 L
991 2915 1003 2957 ΙΙ
1023 2916 1042 2947 6
1058 2910 1188 2948 οὐσίαν
1205 2916 1236 2948 L
1259 2915 1270 2953 Η
1338 2914 1388 2947 R¹
1407 2915 1418 2956 ΙΙ
1436 2915 1454 2947 3
1468 2913 1699 2947 dilatationem
1716 2914 1750 2947 V
1764 2913 1941 2948 dilationes
1952 2912 2262 2990 R21g0‘computatos
2280 2912 2415 2947 Vcom-

190 2965 211 2998 8
234 2960 419 3006 στρατιῶν
444 2959 491 2993 M
506 2960 518 3003 ΙΙ
546 2962 586 2994 12
611 2956 830 3002 ὑπομένωσι
854 2961 884 2992 L
901 2959 913 3002 ΙΙ
941 2962 982 2992 14
1001 2959 1216 3002 ἰθυνομένης
1241 2960 1270 2993 L
1338 2961 1477 3002 putatus
1492 2960 1523 2991 R
1547 2960 1769 3001 computatam
1784 2958 1818 2991 T
1836 2960 2012 3000 eomputau
2037 2968 2132 2991 orum
2149 2960 2232 3002 vuly.
2280 2959 2303 2992 4
2320 2968 2414 3001 prae-

190 3005 417 3041 exactionibus
434 3004 476 3050 ςΙΙ
488 3004 696 3049 ἐπιτρόποις
711 3005 751 3045 L,
766 3006 807 3045 cf.
819 3007 849 3045 ς]
875 3004 934 3037 ἐπὶ
950 3000 1077 3038 τόποις
1091 3006 1136 3038 Μ
1146 3007 1157 3047 ΙΙ
1175 3006 1272 3038 τισὶν
1338 3004 1440 3037 sentis
1463 3004 1621 3046 temporis
1643 3005 1777 3036 nostrae
1799 3002 1850 3036 13¹
1863 3003 1879 3054 j}
1903 3002 2067 3045 expulerit
2090 3002 2123 3036 R
2139 3002 2152 3046 ΙΙ
2177 3004 2198 3037 6
2215 3013 2262 3047 pu
2285 3001 2415 3036 linatio-

190 3050 213 3096 ἢ
237 3048 444 3105 προσώποις
469 3050 527 3091 Μ]
551 3051 649 3082 τισὶν
672 3045 695 3100 ἢ
719 3048 849 3100 ἕτεροις
872 3048 1015 3093 (ἑτέροις
1039 3050 1101 3083 del.
1127 3063 1164 3082 m.
1192 3053 1219 3090 1)
1248 3046 1273 3092 ἢ
1339 3049 1393 3082 nis
1414 3048 1506 3092 17117
1530 3048 1598 3092 ipsi
1621 3061 1679 3081 om.
1694 3048 1748 3082 Τι
1794 3049 1814 3082 8
1838 3046 2049 3099 dilectionem
2066 3046 2115 3099 Β]
2125 3046 2176 3082 V¹
2199 3046 2416 3100 deiectionem

190 3097 548 3187 ggizzgpffzlnculltiezltis
555 3093 1120 3183 {iazyzlffiffixggugtguelgallff
1131 3102 1272 3183 ἔῖξῖιοὲ
1338 3093 1418 3172 squillit
1425 3091 1821 3181 θυιῖἷοῗῗξαιῖἑιεῖὶῃῖξνὸαηὶι
1846 3091 2201 3181 ἧῖθὲἒοῐὶόζδίὶέἒευιῖῧῖ
2217 3092 2249 3182 ῚΙΙῚ
2268 3092 2418 3173 (18ἶίιι)ο<ξιῑιιξ

191 3186 303 3224 οὖποις
331 3183 352 3229 ἢ
377 3182 570 3219 δεσπόταις
601 3184 641 3217 ἐν
665 3182 772 3216 οἴκοις
804 3180 825 3224 ἢ
848 3182 993 3226 πτήσεσι
1016 3186 1093 3217 ταῖς
1117 3182 1272 3218 οἱαιςοῦν
1339 3182 1524 3216 uictoribus
1557 3181 1610 3215 Τι
1632 3182 1731 3225 vulq]
1768 3181 2040 3214 coniunctoribus
2063 3182 2096 3216 R
2113 3182 2216 3222 VT²;
2254 3183 2316 3227 leq.
2339 3193 2417 3218 oon·

192 3233 263 3267 κτὲ.
279 3233 292 3277 ΙΙ
314 3235 354 3266 15
371 3227 393 3274 ἢ
409 3230 516 3265 οἴκοις
532 3242 590 3263 om.
605 3242 624 3266 ς
640 3229 652 3273 ΙΙ
670 3225 875 3268 δεσπόταις]
893 3228 1047 3261 dominiis
1065 3240 1083 3265 ς
1100 3234 1112 3272 u
1132 3232 1169 3264 17
1186 3226 1271 3263 ὑπο·
1341 3227 1535 3261 ductoribus
1550 3227 1605 3270 (cfi
1629 3227 1705 3261 Cod.
1719 3227 1752 3268 4,
1769 3233 1817 3268 65,
1834 3233 1875 3261 31.
1893 3226 1968 3267 35)'?
1984 3225 2073 3304 {kant
2089 3226 2241 3262 domibus
2262 3235 2337 3263 ante
2359 3230 2419 3262 aut

193 3276 363 3324 βάλλουσι
385 3278 414 3310 L
430 3278 443 3319 ΙΙ
465 3278 504 3310 18
526 3274 586 3316 εἰς]
610 3276 670 3307 καὶ
693 3274 741 3306 εἰς
763 3274 792 3306 L
810 3273 822 3316 ss
839 3271 921 3306 τοὺς
943 3270 1134 3318 ἀριθμοὺς]
1159 3285 1273 3307 nume·
1340 3273 1497 3305 dominiis
1522 3273 1601 3305 add.
1624 3271 1721 3306 Beck
1742 3270 1755 3314 ΙΙ
1786 3272 1827 3306 14
1849 3270 1989 3304 utilitati
2015 3282 2054 3306 us
2078 3272 2224 3318 Rvuly]
2248 3273 2418 3307 facultati-

195 3337 246 3357 τος
270 3334 346 3357 suos
369 3335 389 3359 ς
413 3323 468 3365 (cf.
495 3322 549 3363 28)
578 3320 590 3364 ΙΙ
620 3321 864 3362 ἐκπέμψουσιν
890 3319 932 3350 Μ
956 3318 968 3361 ΙΙ
1002 3320 1041 3351 19
1066 3316 1273 3363 φοιὸεροίτο-
1340 3317 1404 3351 bus
1426 3317 1489 3350 VT
1501 3319 1513 3358 ΙΙ
1531 3317 1572 3350 16
1598 3318 1630 3349 ct
1652 3315 1822 3358 supplitiis
1846 3316 2065 3350 subdiderint
2079 3317 2200 3351 om.R¹
2215 3321 2227 3361 ΙΙ
2248 3320 2287 3354 17
2311 3319 2418 3353 trans·

216 3380 256 3403 ας
276 3369 302 3401 L
321 3368 333 3412 ΙΙ
351 3370 392 3403 20
410 3367 520 3400 decem
536 3365 698 3399 librarum
714 3363 788 3395 auri
804 3363 874 3404 Asc]
898 3358 920 3395 ι’
935 3360 1070 3408 λιτρῶν
1087 3364 1116 3396 L
1132 3364 1144 3407 ΙΙ
1170 3366 1211 3398 23
1224 3377 1271 3407 sq.
1341 3363 1477 3395 mittant
1501 3363 1599 3404 vulo]
1630 3361 1860 3394 transmittunt
1884 3362 1995 3395 RVT
2018 3362 2030 3405 ΙΙ
2061 3365 2102 3397 18
2126 3363 2278 3406 proprias
2299 3356 2393 3398 ΜΤ

194 3382 313 3459 Ξμηδὲ
328 3433 364 3437 —-
380 3409 472 3457 μηδὲ
486 3410 556 3445 ML
573 3411 586 3456 n
604 3411 646 3444 25
668 3410 709 3453 *χ
732 3407 861 3451 ήσηται
874 3426 916 3431 -
929 3402 1120 3451 ἀρχόντων
1142 3418 1275 3452 propter
1342 3407 1514 3449 opiniones
1536 3406 1588 3440 Τι
1606 3406 1618 3450 ΙΙ
1633 3407 1645 3439 i
1671 3407 1716 3440 sis
1739 3406 1787 3440 R*
1805 3406 1819 3450 ΙΙ
1845 3408 1885 3441 19
1907 3407 2039 3448 exigent
2059 3408 2184 3443 Vcorr.
2199 3410 2212 3452 u
2229 3411 2264 3442 et
2286 3421 2345 3443 om.
2358 3408 2392 3443 R

196 3460 461 3493 homoeoteleuton
482 3458 599 3491 omissa
617 3457 651 3490 in
667 3454 713 3489 M
757 3453 905 3497 supplevi
924 3465 962 3486 ex
979 3464 997 3489 ς
1023 3453 1163 3496 (χρῆται
1185 3451 1276 3497 μηδὲ
1343 3453 1384 3486 22
1409 3452 1571 3493 iudicum]
1604 3451 1641 3485 iu
1666 3452 1753 3485 'cum
1776 3452 1960 3496 suscipiant
1988 3453 2037 3486 Ta
2065 3452 2078 3497 ΙΙ
2107 3455 2221 3487 utatur
2245 3452 2297 3487 Ra
2318 3453 2403 3498 ναις,

196 3505 302 3548 suppl.
328 3516 397 3537 cum
421 3503 618 3536 Haloandro
642 3500 740 3543 vulo.)
767 3497 781 3543 ss
805 3499 846 3532 28
872 3494 1120 3543 φοιὸεριὶτοροι
1147 3496 1177 3531 L
1194 3498 1206 3541 ΙΙ
1233 3500 1274 3532 29
1342 3498 1451 3530 utitur
1483 3497 1612 3531 R¹VT
1636 3495 1648 3542 ΙΙ
1683 3498 1725 3531 23
1755 3498 2003 3539 praece-tiones
2036 3497 2087 3532 V¹
2113 3499 2125 3542 ss
2163 3499 2208 3533 24
2235 3497 2418 3541 suscipiant

198 3546 382 3583 όπτίωνας
406 3548 437 3581 L
467 3547 480 3592 Ι]
506 3549 549 3581 30
573 3545 819 3592 ἀγωνίσονται
843 3543 922 3576 ML
949 3543 963 3586 ΙΙ
992 3545 1030 3576 31
1058 3536 1123 3577 τοῦ
1146 3540 1274 3578 λοιποῦ
1344 3543 1376 3576 Τ
1398 3542 1410 3586 ΙΙ
1438 3544 1480 3576 25
1503 3542 1685 3576 militantes
1709 3541 1800 3576 RT¹
1832 3541 1844 3586 ΙΙ
1871 3543 2033 3576 fedei-atos
2058 3544 2150 3586 libri,
2180 3556 2263 3577 corr.
2286 3545 2370 3587 vulq.
2406 3542 2418 3588 ΙΙ

198 3607 256 3629 om,
277 3595 309 3627 L
1343 3587 1385 3621 26
1409 3598 1483 3620 suas
1507 3589 1600 3630 libri,
1625 3600 1707 3622 corr.
1729 3586 1906 3621 Heimbach
1933 3587 1946 3630 ΙΙ
1970 3589 2012 3622 27
2029 3590 2199 3622 certantur
2213 3587 2316 3622 R¹T¹
2346 3596 2416 3621 oer-

1341 3635 1431 3666 tetur
1452 3633 1500 3666 V¹
1518 3633 1532 3678 ΙΙ
1549 3632 1643 3667 nullo
1667 3633 1755 3666 enim
1778 3632 1875 3666 modo
1901 3633 2026 3677 Toulq.
2044 3633 2057 3678 ΙΙ
2078 3634 2122 3669 29
2142 3632 2299 3676 occupari
2321 3630 2417 3666 utili-

1341 3678 1466 3711 tatibus
1489 3678 1523 3712 R
1537 3679 1549 3722 ΙΙ
1576 3678 1618 3713 35
1642 3677 1852 3711 manifestata
1877 3678 2003 3722 Tvulq.
