2592 3840
249 91 357 139 Nov.
388 94 572 139 LXXXI
606 99 624 137 1

1311 91 1396 141 398

1665 106 1956 141 CONSTITUTIO
1985 107 2106 148 QUAE
2133 107 2450 144 DIGmA‘rmus

250 206 435 250 βασιλείαν
465 205 625 248 διδόασι,
654 209 714 239 καὶ
737 207 815 239 τῶν
834 218 874 251 γε
895 204 1019 249 μόνοις
1038 209 1111 240 τοῖς
1133 202 1318 241 ὑπατικοῖς
1385 205 1570 250 imperium
1601 206 1792 251 praebent,
1823 209 1860 242 et
1882 206 1967 243 solis
1998 207 2245 244 consularibus
2277 209 2449 245 codicillis

250 252 441 296 συμβόλοις
455 254 713 295 τετιμημένων,
736 253 796 283 καὶ
813 252 873 284 ἐπὶ
895 252 972 285 τῶν
991 247 1112 295 ἀρχῶν
1132 252 1209 285 τῶν
1225 250 1316 285 ἐλευ-

1384 250 1614 295 honorantur,
1647 256 1684 288 et
1707 261 1815 297 super
1836 252 1986 296 cingulis
2016 262 2108 298 quae
2130 253 2282 289 liberare
2302 263 2326 289 a
2349 254 2450 290 curia

250 297 386 343 θἐροῦν
408 296 536 342 βουλῆς
560 296 780 339 δυναμένων,
805 298 990 329 τουτέστιν
1009 295 1251 340 ἐπαρχότητός
1277 310 1316 330 τε
1383 299 1552 340 possunt,
1583 297 1653 332 hoc
1685 302 1739 332 est
1767 297 2013 349 praefecturae
2045 300 2081 333 et
2111 297 2449 342 magistromflitatus

250 345 309 376 καὶ
341 346 553 387 στρατηγίας
583 342 714 386 (φαμὲν
745 338 784 373 δὲ
813 341 876 383 τῆς
907 342 947 374 ἐν
977 337 1096 375 αὐτοῖς
1124 344 1196 376 τοῖς
1227 341 1318 387 θρό-

1388 340 1550 383 (dicimus
1573 346 1691 377 autem
1714 342 1752 377 in
1774 342 1862 387 1psis
1886 342 2029 378 sedibus
2059 345 2095 377 et
2117 342 2285 388 operibus
2310 343 2451 396 agnitis)

250 400 323 421 νοις
354 391 508 421 καὶτοῖς
531 388 644 438 ἔργοις
664 387 938 441 γνωριζομένης)
971 382 1060 419 αὐτὸ
1083 387 1192 441 ‘misto
1212 399 1317 431 vope-
1355 386 1456 421 5hoc
1486 385 1602 430 ipsum
1632 387 1810 423 sancimus
1841 396 1939 430 esse,
1972 391 2013 422 ut
2043 388 2157 423 omnis
2186 387 2269 424 talis
2298 387 2451 433 dignitas

250 433 441 476 θετοῦμεν,
473 433 533 465 ἵνα
563 444 638 464 παν
670 443 837 464 τοιουτον
867 431 1010 475 αξίωμα
1043 433 1102 464 καὶ
1125 430 1214 477 αρχὴ
1246 444 1318 466 τοι-

251 477 339 519 αὐτη
372 479 627 531 προςγινομένη
657 479 754 509 τισὶν
783 475 833 509 οἷς
852 473 899 509 ἄν
928 474 1025 520 ἡμεῖς
1049 474 1317 521 δοκιμάσαιμεν,

250 519 340 567 ὅπερ
364 519 492 555 αὐτους
516 518 737 555 ἀπαλλάττει
768 524 827 554 καὶ
850 520 993 565 βουλῆς,
1025 523 1133 555 τοῦτο
1164 521 1318 564 ἱσχύσειε

249 570 309 600 καὶ
337 568 410 620 τῆς*
421 564 716 608 ὗπεξουσιότητος
741 563 869 599 αὐτοὺς
900 564 1114 611 ἐλευθεροῦν
1142 568 1220 610 τῷν
1249 579 1316 602 πα-

1386 434 1451 465 aut
1474 431 1579 466 etiam
1604 431 1782 477 cingulum
1804 431 2005 468 huiusmodi
2028 432 2243 477 adquisitum
2264 432 2451 478 aliquibus,

1387 485 1630 521 quoscumque
1659 488 1724 513 nos
1756 477 2041 522 probaverimus,
2070 478 2165 522 quod
2188 487 2249 512 eos
2279 477 2407 513 liberat
2428 487 2452 513 a

1388 520 1502 563 curia,
1534 521 1603 556 hoc
1625 522 1742 557 valeat
1764 525 1799 557 et
1819 527 1859 557 ut
1880 525 2059 567 potestate
2081 533 2142 558 eos
2166 522 2291 558 liberet
2311 525 2452 568 patrum

1386 569 1449 600 aut
1471 575 1625 602 avorum.
1673 566 1765 602 Nam
1788 567 1818 602 si
1842 567 2073 611 sancivimus,
2103 572 2144 602 ut
2174 567 2205 603 si
2228 568 2305 612 quis
2329 577 2451 603 servus

249 615 364 657 τέρων
388 626 409 654 η
433 611 608 645 πάππων.
657 612 687 644 εἰ
707 611 776 657 γὰρ
800 610 1128 656 ἐνομοθετήσαμεν,
1149 611 1197 645 ὡς
1220 612 1318 645 εἴτις
1333 613 1374 645 10
1386 611 1520 646 sciente
1536 611 1679 647 domino
1694 616 1849 647 meretur
1865 612 2027 647 militiam
2049 616 2114 648 aut
2129 613 2322 658 quamlibet
2338 612 2451 657 digni·

249 658 381 699 οἰκέτης
411 655 545 690 εἰδότος
580 657 644 689 τοῦ
669 658 883 700 κεκτημένου
915 653 1061 703 ἀξιωθῇ
1085 669 1131 690 στ
1154 660 1272 690 ατείας
1294 655 1317 699 ἢ

249 713 344 735 τινος
375 698 474 741 ἀξίας
506 701 605 743 τύχοι
637 700 735 746 παρὰ
767 702 828 744 τῆς
858 700 1055 745 βασιλείας,
1087 699 1125 734 εὐ
1161 702 1198 735 ὐς
1225 700 1317 735 ἐλευ-

251 747 422 791 θεροῦται
454 749 513 780 καὶ
544 748 591 780 εἰς
616 743 729 790 αὐτὴν
753 741 1002 791 ἀναρπάζεται
1032 746 1100 790 τὴν
1124 744 1318 794 εὐγένειαν,

249 793 325 826 πῶς
348 789 424 833 οὐχὶ
448 789 601 844 δίκαιον(
616 792 684 825 τὸν
706 790 930 845 τηλικούτων
960 789 1162 836 ἠξιωμένον
1184 790 1317 836 συμβό·

248 835 323 871 λων
345 837 394 881 μὴ
415 839 474 870 καὶ
497 837 559 879 τῆς
582 837 881 879 υπεξουσιοτητος
912 835 1104 882 ἐλεύθερον
1127 837 1318 884 γίνεσθαις
1333 839 1374 871 15

1385 659 1495 690 tatem
1524 656 1745 701 adipiscatur
1774 657 1820 692 ab
1850 657 2007 702 imperio,
2039 663 2185 702 repente
2213 657 2385 693 liberatur
2415 659 2454 692 et

1385 700 1422 753 in
1457 700 1571 745 ipsam
1604 701 1743 746 rapitur
1776 701 2047 746 ingenuitatem,
2066 703 2257 756 ‘quomodo
2291 713 2365 756 non
2399 705 2454 738 est

1385 748 1518 827 &³233
1539 747 2147 836 sstssiapfitssffifftifffi3⁰ffl⁰ffl⁰⁸
2170 758 2243 783 '¹⁰¹²
2261 749 2368 783 “mm
2386 757 2452 798 ⁹⁰·

1246 947 1401 998 CAPUT
1429 921 1468 983 1.-

300 1016 369 1050 Διὰ
399 1017 507 1050 τοῦτο
538 1019 662 1050 τοίνυν
690 1013 785 1058 τῷδε
816 1017 868 1058 τῷ
902 1015 1112 1060 σεμνοτάτῳ
1143 1015 1318 1061 χρώμενοι

248 1061 349 1106 νόμῳ
382 1062 615 1105 θεσπίζομεν,
647 1060 729 1095 τούς
750 1074 790 1094 τε
813 1058 1036 1107 ὄρδιναρίους
1065 1058 1240 1104 ὑπάτους,
1272 1061 1318 1095 εἴ·

248 1120 314 1152 περ
338 1109 378 1140 ἐν
394 1103 614 1146 ὑπεξουσίοις
636 1105 784 1149 τελοῖεν,
808 1102 884 1150 ἅμα
908 1108 960 1148 τῷ
987 1106 1120 1152 ῥήματι
1150 1108 1203 1149 τῷ
1233 1105 1318 1140 ταύ-

247 1165 315 1194 την
338 1149 456 1186 αὐτοῖς
477 1153 700 1205 χαριζομένῳ
723 1151 792 1194 τὴν
814 1151 920 1191 τάξιν
947 1152 994 1185 εἰς
1018 1148 1320 1195 αὗτεξουσιότητα

1442 1015 1637 1060 Propterea
1669 1015 1777 1060 igitur
1811 1017 1880 1052 hac
1914 1015 2162 1052 honestissima
2200 1018 2342 1052 utentes
2375 1016 2454 1061 lege

1387 1060 1577 1102 sancimus,
1612 1062 1649 1095 et
1678 1061 1878 1097 ordinarios
1910 1062 2090 1104 consules,
2124 1061 2155 1097 si
2179 1061 2246 1097 sub
2275 1063 2454 1106 potestate

1388 1106 1595 1148 consistant,
1619 1115 1691 1140 una
1715 1116 1794 1140 cum
1817 1106 1896 1151 ipso
1916 1107 2023 1142 verbo
2047 1116 2117 1151 quo
2140 1106 2210 1142 hoc
2226 1105 2283 1142 his
2301 1106 2455 1142 donatur

1388 1150 1545 1186 officium
1573 1160 1660 1185 suae
1688 1151 1876 1195 potestatis
1905 1150 2001 1195 fieri,
2035 1161 2101 1186 nec
2132 1161 2206 1187 non
2235 1154 2272 1186 et
2301 1151 2358 1187 his
2393 1151 2456 1205 qui

248 1197 442 1242 φέρεσθαι,
478 1200 538 1229 καὶ
572 1208 661 1241 προς
694 1210 734 1243 γε
769 1199 841 1230 τοῖς
874 1197 1222 1251 τιμωμένοιςῖπαροὶ
1257 1198 1320 1239 τῆς
1333 1199 1374 1232 20
1387 1196 1609 1231 honorantur
1628 1196 1674 1231 ab
1697 1196 1846 1240 imperio
1877 1206 1942 1241 per
1964 1196 2170 1232 consulares
2193 1195 2394 1239 codicillos,
2422 1206 2455 1232 sl

247 1241 429 1286 βασιλείας
459 1239 645 1275 ὑπατικοῖς
676 1241 882 1286 συμβόλοις,
914 1243 1014 1287 εἰπερ
1041 1254 1112 1275 υπο
1144 1255 1213 1285 την
1243 1243 1320 1276 τῶν

248 1291 417 1340 πατέρων
440 1285 714 1340 τελοῖενιχεῖρα,
745 1286 917 1341 γίνεσθαι
948 1287 992 1321 τὸ
1023 1285 1206 1340 σύμβαλον
1236 1283 1318 1320 αὗτ-

1388 1241 1453 1276 sub
1485 1241 1597 1286 patris
1629 1243 1714 1276 sunt
1745 1251 1870 1284 manu,
1901 1241 1980 1276 fieri
2011 1241 2192 1277 codicillos
2215 1251 2339 1277 eorum
2368 1250 2455 1276 suae

1387 1286 1572 1331 potestatis
1597 1286 1831 1322 occasionem.
1871 1286 1921 1322 Et
1944 1286 1975 1322 si
1993 1297 2081 1332 quos
2104 1297 2172 1322 nos
2194 1296 2259 1331 per
2273 1286 2455 1322 universas

247 1334 490 1374 εξουσιοτητος
525 1343 731 1377 προφασιν·
767 1335 827 1365 καὶ
861 1333 892 1365 εὶ
950 1334 970 1365 ε’
996 1343 1098 1366 τινας
1127 1334 1224 1376 ημεῖς
1259 1333 1319 1367 ἐπὶ
1387 1331 1540 1367 diocesis
1571 1331 1845 1375 gloriosissimos
1874 1332 2076 1377 praefectos
2107 1341 2291 1367 sacrorum
2313 1334 2454 1367 nostro-

247 1379 379 1412 πασῶν
409 1378 486 1411 τῶν
517 1375 729 1420 διοικήσεων
758 1378 835 1411 τῶν
867 1378 908 1411 ἐν
931 1377 1118 1418 οξοτάτων
1149 1376 1319 1422 ἐπάρχων
1387 1387 1465 1411 rum
1499 1376 1758 1421 praetoriorum
1793 1377 2020 1412 instituamus
2057 1380 2121 1412 aut
2156 1375 2195 1412 in
2227 1377 2456 1421 praefectura

246 1425 324 1457 τῶν
359 1422 466 1468 ἱερῶν
500 1420 605 1466 ἡμῶν
637 1426 871 1468 πραιτωρίων
907 1422 1166 1466 ἐπιστήσαιμεν
1200 1420 1223 1465 ἢ
1258 1423 1318 1457 ἐπὶ
1333 1425 1374 1457 25
1388 1422 1540 1456 civitatis
1565 1421 1752 1466 utriusque
1775 1420 1910 1458 Romae
1931 1421 2196 1467 provexerimus
2223 1425 2287 1456 aut
2307 1421 2345 1456 in
2367 1431 2455 1466 quo-

247 1467 316 1511 τὴν
331 1467 544 1513 πολιαρχίαν
568 1468 734 1513 ἑκατέρας
756 1464 886 1512 Ῥώμης
916 1466 1066 1514 ἄγοιμεν
1094 1465 1118 1510 ἢ
1148 1469 1212 1502 ἐπί
1234 1481 1318 1501 τινα
1386 1467 1475 1501 libet
1497 1467 1828 1511 magistromilitatu‚
1859 1468 1925 1503 hos
1947 1469 2094 1512 repente
2117 1467 2224 1502 etiam
2247 1475 2333 1502 suae
2355 1469 2456 1512 pote-

248 1517 478 1560 στρατηγιάν,
501 1512 646 1546 τούτους
669 1510 780 1546 εὐθὺς
799 1515 860 1546 καὶ
877 1508 1122 1553 αὗτεξουσίους
1136 1512 1317 1559 γίνεσθαι.
1388 1512 1488 1547 statis
1512 1511 1599 1547 fieri.
1647 1512 1741 1547 Eum
1764 1522 1933 1557 namque,
1965 1512 2025 1557 qui
2052 1515 2233 1548 tantorum
2263 1511 2371 1547 iudex
2399 1514 2456 1548 est

248 1558 315 1593 τὸν
330 1559 399 1605 γὰρ
413 1557 601 1592 τοσούτων
625 1557 784 1603 ἄρχοντα
799 1561 859 1591 καὶ
874 1557 1057 1592 τοσούτοις
1077 1557 1320 1592 ἐπιτάττοντα
1388 1561 1425 1592 et
1443 1557 1554 1592 tantis
1573 1557 1682 1600 iubet,
1705 1567 1850 1593 manere
1872 1557 1939 1592 sub
1957 1559 2135 1602 potestate
2155 1555 2301 1593 alterius
2324 1562 2361 1592 et
2381 1566 2455 1592 non

247 1607 370 1648 μένειν
390 1606 450 1638 ἐπὶ
473 1604 535 1646 τῆς
557 1600 854 1646 «ὑπεξουσιότητος
876 1604 930 1636 ἔτι
954 1606 1013 1636 καὶ
1035 1603 1084 1647 μὴ
1101 1606 1173 1637 τοῖς
1197 1599 1319 1643 αὐτεξ-
1387 1603 1481 1637 inter
1505 1612 1566 1637 eos
1598 1602 1659 1647 qui
1683 1612 1768 1637 suae
1793 1603 1980 1648 potestatis
2010 1607 2094 1638 sunt
2123 1601 2232 1638 scribi
2254 1605 2454 1638 nostrarum

248 1653 378 1683 ουσίοις
409 1648 656 1695 ἐγγράφεσθαι
686 1649 763 1682 τῶν
789 1645 974 1693 ἡμετέρων
1005 1644 1156 1689 ἀνάξιον
1187 1645 1319 1695 ἡγησά-
1333 1649 1375 1682 30
1388 1647 1570 1691 indignum
1593 1647 1825 1683 iudicavimus
1848 1648 1964 1691 legum
1986 1647 2091 1684 simul
2113 1650 2150 1684 et
2171 1649 2380 1692 temporum.

247 1697 269 1730 1
321 1694 422 1738 μεθα
452 1693 578 1737 νόμων
609 1706 649 1726 τε
681 1689 757 1737 ἅμα
787 1696 846 1726 καὶ
870 1692 1022 1738 χρόνων.
1080 1695 1120 1727 ἐν
1146 1696 1239 1740 γένει
1270 1690 1319 1735 δέ,
1387 1695 1409 1729 1
1456 1692 1677 1728 Generaliter
1707 1697 1843 1738 autem,
1875 1692 1981 1728 sicuti
2006 1693 2139 1728 dictum
2162 1695 2232 1735 est,
2265 1692 2457 1736 sancimus,

248 1739 419 1773 καθάπεο
449 1739 603 1784 εἴρηται,
635 1738 917 1782 νομοθετοῦμεν,
950 1735 1037 1772 tim
1068 1739 1144 1772 πᾶν
1177 1735 1319 1782 ἀξίωμα
1388 1739 1429 1772 ut
1451 1737 1563 1773 omnis
1596 1737 1750 1781 dignitas
1781 1739 1818 1773 et
1849 1748 1951 1773 omne
1983 1738 2161 1782 cingulum
2193 1747 2216 1772 a
2248 1737 2348 1772 curia
2368 1737 2454 1773 libe-

249 1788 308 1818 καὶ
331 1770 444 1830 ἄρχην
468 1785 592 1818 πᾶσαν
614 1782 742 1827 βουλῆς
766 1782 981 1828 ἐλευθεροῦν
1008 1781 1211 1827 δυναμένην
1233 1782 1319 1817 ταύ-
1387 1792 1468 1818 rare
1482 1783 1602 1818 valens
1618 1782 1687 1817 hoc
1704 1783 1810 1818 etiam
1828 1793 1914 1818 suae
1929 1783 2116 1828 potestatis
2132 1782 2328 1828 praemium
2342 1783 2455 1818 honu-

248 1843 315 1873 την
338 1833 397 1863 καὶ
413 1826 727 1872 αὖτεξουσιότητος
747 1831 852 1875 γέρας
873 1831 947 1862 τοῖς
962 1831 1207 1873 τετιμημένοις
1227 1841 1316 1873 παρ-
1385 1827 1474 1863 ratis
1498 1830 1665 1873 praestet,
1697 1830 1734 1862 et
1755 1828 1948 1864 nobiliores
1979 1828 2096 1864 adhuc
2126 1831 2246 1873 patres
2277 1827 2454 1869 ostendat,

249 1876 349 1930 {xav-
396 1875 505 1909 τοῦτο
534 1873 603 1921 γὰρ
632 1876 693 1907 καὶ
715 1876 944 1919 σεμνοτέρους
974 1875 1028 1908 ἔτι
1058 1874 1141 1908 τοὺς
1162 1876 1318 1919 πατέρας
1331 1875 1374 1909 35
1387 1873 1419 1909 si
1442 1882 1524 1918 ergo
1548 1873 1594 1908 ab
1617 1872 1763 1918 imperio
1786 1873 1838 1909 sic
1860 1873 2116 1909 honoratorum
2138 1873 2211 1909 sint
2229 1873 2368 1918 patron
2392 1872 2454 1918 qui

249 1923 459 1966 αποφαίνει,
483 1919 520 1953 εἴ
536 1932 577 1965 γε
599 1919 677 1953 τῶν
692 1915 798 1953 ὀὕτω
820 1918 921 1964 παρὰ
944 1919 1008 1962 τῆς
1025 1917 1209 1963 βασιλείας
1227 1931 1321 1953 ‘csti-

249 2057 281 2089 Z
294 2013 418 2097 αΙῙῙΞν.
434 2012 658 2098 Θὲσὲτῖζομεῖ)
673 2029 715 2035 —
728 2008 914 2055 πρόφασιν
934 2011 1029 2044 habet
1053 2010 1103 2043 Β*
1121 2010 1154 2042 P
1169 2011 1200 2051 5,
1214 2018 1229 2044 7
1251 2022 1286 2054 p.
1301 2011 1366 2045 649
1380 2010 1484 2044 Zach.
1530 2010 1758 2053 Arqumentum
1774 2022 1810 2044 c.
1823 2010 1848 2043 Ι
1859 2017 1888 2043 et
1905 2009 1969 2043 III
1989 2017 2117 2044 notatur
2139 2010 2217 2043 ibid.
2231 2016 2249 2044 6
2268 2013 2284 2050 5
2301 2016 2319 2043 2
2340 2021 2375 2054 p.
2388 2009 2454 2048 648

282 2069 319 2089 ac
331 2070 350 2089 ι.
389 2070 426 2089 ex
552 2081 560 2097 ‚
574 2063 601 2097 4,
614 2063 630 2089 3
1255 2079 1258 2080 ⁷

248 2168 363 2214 iisque
383 2167 446 2213 qui
461 2167 548 2202 solis
568 2165 818 2202 consularibus
841 2164 1019 2201 codicillis
1041 2164 1281 2207 honorantur,
1306 2169 1339 2201 et
1355 2165 1400 2201 de
1415 2164 1687 2213 maqistratibus
1708 2165 1772 2212 qui
1787 2177 1811 2201 a
1826 2166 1929 2201 curia
1953 2165 2107 2202 liberare
2121 2168 2292 2212 possunt,
2316 2165 2385 2202 hoc
2401 2169 2457 2202 est

247 2218 283 2248 et
301 2212 540 2259 praefectura
556 2215 593 2247 et
606 2211 814 2257 maqisterio
834 2210 984 2246 militum
1007 2210 1189 2253 (nimirum
1211 2221 1290 2246 eam
1314 2210 1464 2246 dicimus
1487 2210 1698 2257 diqnitatem
1723 2221 1816 2257 quae
1837 2211 1927 2257 ipsis
1948 2210 2091 2246 sedibus
2105 2214 2140 2246 et
2154 2210 2322 2257 operibus
2342 2220 2456 2257 aqna-

247 2258 372 2300 scitur)
404 2257 443 2292 id
464 2258 583 2303 ipsum
606 2256 804 2299 sancimus,
840 2260 880 2290 ut
903 2256 1019 2291 omnis
1042 2254 1217 2291 eiusmodi
1240 2255 1399 2301 diqnitas
1422 2260 1459 2291 et
1479 2255 1713 2301 maqistratus
1743 2257 1780 2290 in
1803 2266 1866 2291 eos
1896 2265 2138 2302 quoscumque
2160 2265 2228 2290 nos
2246 2255 2456 2302 probaveri-

248 2313 326 2338 mus
346 2302 512 2344 collatus,
537 2302 600 2348 qui
623 2301 765 2348 quidem
784 2312 846 2336 eos
869 2312 892 2336 a
909 2301 1011 2336 curia
1034 2300 1179 2343 liberat,
1203 2300 1296 2336 idem
1319 2301 1427 2336 etiam
1448 2304 1628 2347 potestate
1643 2304 1796 2347 patrum
1819 2301 1875 2337 vel
1895 2311 2044 2336 avorum
2067 2311 2131 2336 eos
2153 2299 2307 2336 liberare
2327 2300 2456 2337 valeat.

230 2347 391 2383 'Etenim
414 2348 450 2383 si
469 2347 670 2389 sanximus,
692 2351 733 2381 ut
754 2346 788 2381 si
810 2346 873 2392 qui
891 2356 1016 2382 servus
1038 2346 1173 2381 sciente
1194 2345 1339 2381 domino
1363 2345 1492 2381 militia
1515 2345 1647 2391 diqnus
1664 2344 1808 2382 habitus
1829 2346 1903 2382 sive
1925 2356 2033 2392 quam
2052 2345 2262 2398 diqnitatem
2285 2345 2330 2382 ab
2346 2345 2456 2393 impe-

248 2398 371 2428 ratore
394 2396 521 2428 nactus
543 2392 609 2434 sit,
640 2392 673 2427 is
696 2391 817 2427 statim
842 2391 1013 2427 liberetur
1035 2396 1070 2427 et
1092 2390 1142 2426 ad
1163 2391 1278 2437 ipsam
1302 2391 1558 2437 inqenuitatem
1581 2390 1773 2437 eripiatur,
1796 2391 1861 2437 qui
1882 2401 1956 2427 non
1973 2401 2051 2438 par
2072 2395 2131 2433 stt,
2155 2389 2219 2437 qui
2242 2389 2374 2427 talibus
2396 2401 2456 2427 co-

249 2438 380 2473 dicillis
401 2437 573 2483 dignatus
595 2441 659 2478 est,
684 2447 762 2472 eum
786 2436 893 2472 etiam
917 2447 940 2471 a
961 2437 1087 2482 patria
1103 2440 1288 2482 potestate
1312 2436 1459 2472 liberum
1481 2436 1588 2481 fieri?

383 2483 411 2517 Ι.
458 2482 661 2529 Propterea
685 2482 798 2528 iqitur
821 2481 890 2517 hac
913 2482 991 2527 leqe
1014 2480 1263 2517 honestissima
1286 2484 1423 2517 utentes
1444 2481 1643 2524 sancimus,
1674 2484 1716 2516 ut
1738 2484 1774 2517 et
1796 2479 1975 2516 ordinarii
2002 2479 2179 2524 consules,
2201 2481 2235 2516 si
2255 2480 2396 2527 quidem
2417 2480 2458 2516 in

243 2531 426 2575 potestate
440 2527 523 2570 sint,
548 2539 621 2562 una
638 2527 812 2607 cuszo
829 2526 972 2562 nomine
994 2526 1095 2573 quod
1113 2526 1208 2561 hunc
1226 2526 1272 2561 iis
1288 2525 1447 2562 ordinem
1470 2526 1526 2561 lar
1552 2526 1626 2561 itur
1647 2536 1735 2561 suae
1754 2527 1949 2572 potestatis
1970 2525 2192 2571 efficiantur,
2214 2528 2252 2561 et
2293 2530 2458 2562 raeterea

250 2574 295 2608 iis
317 2574 379 2619 qui
402 2572 655 2607 consularibus
678 2583 720 2607 co
747 2571 853 2607 iciliis
876 2571 920 2607 ab
945 2572 1094 2618 imperio
1118 2570 1357 2614 honorantur,
1386 2572 1419 2606 si
1438 2571 1501 2617 qui
1526 2582 1581 2606 em
1602 2570 1668 2607 sub
1691 2582 1800 2606 manu
1820 2574 1970 2617 patrum
1992 2571 2085 2612 sint,
2117 2569 2249 2606 codicil
2262 2581 2275 2606 ι
2294 2570 2459 2606 existant

250 2618 547 2664 emancipationis
570 2627 704 2657 causa;
734 2621 770 2652 et
799 2616 831 2652 si
855 2626 947 2662 quos
970 2627 1037 2652 nos
1055 2616 1094 2651 in
1118 2616 1281 2651 omnibus
1303 2615 1524 2651 dioecesibus
1545 2615 1891 2662 yloriosissimorum
1907 2615 2179 2662 praefectorum
2200 2624 2307 2650 sacro
2330 2618 2455 2650 nostro

249 2663 435 2709 praetorio
459 2662 749 2697 constituerimus
771 2662 845 2697 sive
867 2661 917 2696 ad
933 2661 1208 2708 praefecturam
1232 2661 1331 2697 urbis
1353 2660 1540 2706 utriusque
1557 2659 1695 2696 Romae
1717 2661 1791 2696 sive
1811 2659 1861 2695 ad
1874 2660 2119 2706 maqisterium
2141 2659 2292 2695 militum
2307 2658 2459 2706 aliquod

244 2707 534 2753 provexerimus,
558 2707 585 2741 ii
600 2707 720 2742 statim
743 2707 851 2742 etiam
872 2717 961 2750 suae
973 2706 1165 2753 potestatis
1176 2706 1278 2750 fiant.
1326 2704 1420 2741 Nam
1437 2706 1499 2751 qui
1524 2709 1575 2740 tot
1590 2704 1793 2740 hominibus
1812 2709 1968 2751 praeest,
1994 2708 2046 2740 tot
2067 2703 2269 2740 hominibus
2289 2703 2456 2750 imperat,

251 2763 330 2788 eum
352 2751 417 2786 sub
436 2752 564 2798 patria
586 2755 762 2798 potestate
785 2762 930 2787 manere
952 2761 997 2786 ac
1011 2762 1085 2787 non
1108 2750 1154 2785 iis
1177 2750 1240 2796 qui
1254 2760 1343 2786 suae
1359 2749 1553 2796 potestatis
1574 2755 1661 2785 sunt
1675 2749 1832 2785 adscribi
1846 2749 1982 2785 nostris
1995 2747 2181 2795 indiqnum
2198 2747 2335 2795 leqibus
2352 2748 2459 2784 simul

251 2800 272 2833 1
318 2801 353 2832 et
386 2796 602 2843 temporibus
631 2796 874 2832 iudicavimus.
967 2794 1013 2831 In
1036 2796 1238 2831 universum
1269 2799 1406 2838 autem,
1430 2795 1523 2830 sicut
1546 2793 1678 2830 dictum
1701 2798 1773 2836 est,
1803 2794 2000 2837 sancimus,
2030 2798 2072 2829 ut
2095 2793 2211 2828 omnis
2241 2792 2399 2839 diqnitas
2421 2796 2457 2829 et

251 2853 309 2877 ma
336 2842 486 2876 istratus
508 2842 633 2883 omnis,
658 2842 720 2886 qui
736 2853 759 2877 a
775 2841 878 2876 curia
896 2840 1050 2877 liberare
1067 2843 1202 2887 potest,
1225 2838 1317 2875 idem
1336 2840 1442 2875 etiam
1457 2849 1545 2875 suae
1559 2840 1756 2885 potestatis
1773 2838 1976 2885 praemium
1996 2841 2157 2885 praestet
2179 2837 2224 2873 iis
2238 2838 2303 2891 qui
2319 2837 2458 2874 honore

252 2899 273 2922 a
306 2887 374 2922 ecti
396 2887 477 2921 sint.
527 2886 608 2920 Hoc
630 2886 723 2921 enim
743 2886 800 2922 vel
821 2885 1076 2922 honoratiores
1098 2884 1218 2921 reddit
1233 2888 1373 2931 patres,
1404 2883 1578 2930 siquidem
1600 2894 1724 2920 eorum
1755 2887 1840 2919 sunt
1861 2886 1992 2930 patres
2014 2883 2078 2929 qui
2099 2883 2152 2919 ita
2175 2881 2220 2918 ab
2240 2887 2458 2930 imperatore

1393 2998 1554 3031 tissimum
1577 3010 1603 3032 s.
1617 3010 1648 3030 υ.
1663 2998 1740 3030 cdd.
1759 2995 1810 3030 Τ2
1836 2996 1849 3040 11
1878 2997 1899 3031 6
1923 2996 2034 3039 etiam]
2058 2999 2091 3029 et
2122 2997 2152 3028 V
2175 2996 2188 3041 n
2215 2995 2395 3038 aliquibus]
2417 2997 2457 3031 ab

1392 3042 1560 3085 aliquibus
1580 3042 1615 3075 R
1638 3042 1650 3085 ΙΙ
1680 3044 1698 3075 7
1723 3052 1783 3075 nos
1807 3054 1864 3075 om.
1881 3042 1930 3075 T¹
1949 3045 1962 3086 ss
1989 3041 2047 3084 qui
2070 3041 2146 3075 RV
2151 3041 2166 3062 ²
2183 3042 2196 3085 ΙΙ
2219 3043 2238 3076 8
2263 3044 2296 3075 et
2319 3055 2376 3075 om.
2390 3042 2425 3075 R
2446 3042 2459 3087 ΙΙ

1393 3090 1458 3129 eos]
1482 3087 1538 3121 uel
1558 3098 1612 3120 eos
1635 3087 1682 3119 R¹
1699 3089 1711 3130 Ι]
1730 3089 1750 3121 9
1773 3086 1957 3120 sanccimus
1970 3086 2019 3119 Β*
2043 3086 2233 3119 sancuimus
2253 3087 2310 3130 Vll
2328 3089 2368 3122 10
2390 3098 2458 3121 me-

299 3003 315 3034 1
339 3000 391 3033 τῶ
412 3011 452 3046 γε
468 2999 500 3032 L
518 2998 530 3039 ΙΙ
547 3000 567 3032 2
591 3001 836 3041 τετιμημένων
857 3012 914 3032 om.
930 2999 960 3032 L
976 2998 988 3037 ΙΙ
1006 2994 1128 3042 ἀρχῶν
1151 2998 1228 3031 τῶν
1254 2999 1323 3031 Ηα-

255 3046 483 3085 Ζοαηάενετς]
508 3040 694 3087 ἀρχόντων
707 3045 779 3076 ML
803 3044 815 3087 ΙΙ
841 3046 859 3077 5
879 3045 972 3089 ἔργω
994 3044 1042 3077 L¹
1065 3046 1077 3086 ss
1107 3042 1324 3086 νομοθετοῦ-

252 3093 331 3135 μεν]
350 3090 515 3123 sancimus
532 3099 600 3121 esse
618 3101 637 3124 ς
654 3089 665 3131 ΙΙ
683 3090 703 3122 6
723 3091 794 3130 καὶ]
814 3092 873 3121 aut
892 3090 991 3122 etiam
1009 3101 1027 3125 ς
1044 3089 1056 3132 ΙΙ
1075 3090 1093 3123 8
1114 3090 1174 3121 καὶ
1187 3086 1324 3131 βουλῆς]

253 3138 313 3169 καὶ
337 3149 395 3170 om.
410 3146 429 3171 ς
451 3135 463 3178 ΙΙ
491 3136 531 3168 10
555 3131 883 3177 ἐνομοθετήσαμεν]
914 3135 990 3167 Cod.
1005 3137 1036 3175 6,
1049 3142 1077 3174 4,
1091 3142 1118 3174 4,
1135 3142 1143 3166 ι
1163 3133 1175 3177 ΙΙ
1202 3135 1240 3167 17
1266 3129 1325 3176 ὀρ-
1391 3136 1484 3167 retur
1496 3133 1577 3173 ΒΤ]
1601 3134 1764 3165 mereatur
1786 3132 1908 3174 Vvulq.
1928 3130 1934 3175 Ι
1959 3133 1997 3166 11
2017 3130 2178 3165 liberetur
2197 3139 2228 3166 et
2253 3133 2293 3166 12
2309 3131 2458 3175 rapiatur

255 3180 443 3226 διναρίους]
468 3177 675 3222 ἐμβάθμους
691 3179 739 3212 B³
761 3186 789 3211 et
811 3192 836 3211 ε.
851 3192 879 3211 v.
894 3179 924 3211 L
942 3178 954 3221 ΙΙ
981 3181 1021 3212 19
1043 3174 1327 3221 ἀφεξουσιότητα
1392 3176 1506 3222 vulffifl
1526 3178 1568 3211 13
1589 3176 1699 3217 etiam]
1718 3189 1757 3207 o·
1781 3175 1859 3220 17¹1}
1879 3178 1921 3210 14
1951 3176 2091 3210 ibertum
2114 3177 2162 3210 V¹
2187 3176 2363 3210 liberatum
2388 3176 2432 3210 17⁸

256 3228 286 3260 L
304 3227 316 3270 ΙΙ
340 3229 382 3260 20
406 3224 519 3269 παρὰ]
543 3224 679 3258 uaeas,
694 3222 707 3267 ΙΙ
734 3224 776 3257 22
799 3225 897 3267 χεῖρα
921 3221 1056 3256 τελοῖεν
1071 3225 1100 3257 L
1119 3224 1132 3267 ΙΙ
1154 3223 1326 3268 γίνεσθαι
1396 3224 1436 3257 16
1460 3232 1498 3255 ac
1521 3222 1570 3255 12¹
1585 3221 1598 3264 Ι]
1618 3223 1660 3256 18
1684 3222 1745 3254 hoc
1769 3233 1828 3254 om.
1843 3221 1894 3254 Τι
1912 3219 1924 3264 ΙΙ
1943 3223 1983 3255 19
2006 3223 2096 3262 suae]
2121 3222 2192 3255 siue
2205 3222 2253 3255 Β*
2297 3222 2358 3256 hos
2382 3221 2432 3256 T*

255 3282 372 3316 om.L¹
395 3281 408 3325 ΙΙ
436 3267 579 3325 συμβόλ.
600 3281 632 3319 (ι’.
647 3292 673 3313 e.
692 3276 953 3322 συμβόλαιονῗ)
978 3279 1009 3311 L
1036 3278 1048 3320 ΙΙ
1080 3280 1121 3312 23
1146 3275 1243 3319 ἡμεῖς
1266 3279 1326 3312 ἐπὶ
1394 3270 1436 3302 20
1461 3266 1624 3301 “odiciniss
1646 3267 1695 3299 γ’
1719 3265 1732 3317 ΙΙ
1760 3266 1799 3300 2Ῑ
1827 3268 1945 3309 patus
1966 3266 2015 3298 ν’
2031 3266 2043 3310 ΙΙ
2068 3277 2168 3299 manu
2193 3279 2250 3300 ⁰7¹¹·
2303 3267 2344 3310 Ἰ
2367 3267 2457 3308 ΜΒ]

1393 3323 1450 3346 seu
1473 3311 1534 3356 Ru
1561 3313 1602 3346 22
1624 3320 1794 3344 occasione
1817 3309 1866 3343 R²
1877 3309 1924 3343 V²
1946 3310 1959 3354 ΙΙ
1977 3311 2051 3352 quis
2074 3311 2121 3344 V¹
2137 3311 2149 3355 ΙΙ
2176 3313 2218 3346 23
2242 3311 2386 3345 dionem
2407 3310 2458 3345 V¹

1394 3358 1536 3391 dioceses
1557 3357 1604 3390 V³
1619 3358 1630 3399 ΙΙ
1657 3357 1700 3390 24
1723 3355 1758 3387 in
1783 3369 1840 3389 om.
1865 3355 1912 3388 V¹
1936 3355 1948 3399 ΙΙ
1973 3357 2015 3389 26
2039 3357 2195 3398 magistro
2218 3356 2366 3390 militatu
2390 3356 2455 3398 Τί]

1394 3402 1544 3444 magistri
1568 3401 1714 3434 militatu
1737 3400 1771 3434 R
1799 3401 1958 3441 magistro
1982 3400 2144 3434 militatus
2166 3402 2199 3435 V
2215 3402 2352 3444 magistr
2429 3401 2437 3408 '

255 3327 385 3362 πασῶν
405 3327 477 3368 Me]
505 3323 527 3369 ἢ
550 3324 616 3368 μιᾶ
640 3324 771 3358 πασῶν
795 3325 826 3357 L
851 3324 863 3366 ΙΙ
891 3325 934 3357 24
957 3322 1149 3366 *ἐπάρχων
1173 3326 1227 3367 (cf.
1248 3337 1278 3356 υ.
1293 3332 1324 3363 3;

257 3374 377 3406 Theod.
392 3373 466 3406 Atlz.
484 3372 530 3405 Β*
550 3384 584 3415 p.
599 3372 687 3411 648ss
713 3365 885 3412 ὑπάρχων
901 3368 970 3400 ML
990 3367 1001 3411 ΙΙ
1028 3370 1069 3402 25
1094 3367 1325 3410 *ἐπιστήσοι·

254 3431 321 3461 μεν
337 3418 434 3460 MLu
461 3418 503 3451 26
529 3413 748 3459 πολυαρχίαν
762 3415 818 3448 Ma
842 3414 854 3457 ss
877 3409 1067 3459 ἀγάγωμεν
1083 3414 1112 3446 L
1129 3414 1141 3456 ΙΙ
1168 3417 1210 3448 30
1232 3415 1326 3459 ἐγγε-

255 3461 423 3508 γράφθαι
448 3463 479 3496 L
509 3462 521 3504 ss
549 3463 590 3496 31
615 3459 769 3506 θρόνων
793 3459 988 3492 Haloander
1010 3459 1092 3491 male
1119 3458 1131 3501 ΙΙ
1160 3459 1203 3492 34
1225 3460 1327 3504 γέρας

259 3508 340 3549 Ιιῖς]
363 3509 450 3553 γέρα
465 3507 551 3541 ML¹
568 3506 581 3550 11
603 3507 646 3540 35
669 3505 775 3539 τοῦτο
798 3502 865 3550 γὰρ
889 3516 946 3537 om.
962 3514 982 3539 ς

2352 3412 2372 3435 ο
2393 3411 2456 3434 nu-

1394 3447 1492 3481 litum
1518 3446 1602 3525 T'IQ
1614 3446 1726 3487 etiam]
1751 3447 1784 3478 et
1803 3444 1861 3488 Vn
1875 3447 2053 3487 potestates
2075 3446 2156 3491 un
2180 3448 2220 3481 27
2243 3450 2292 3480 est
2315 3459 2372 3480 om.
2393 3444 2458 3491 Vn

1394 3494 1435 3527 29
1459 3492 1548 3525 intra
1611 3491 1622 3535 ΙΙ
1652 3492 1694 3526 30
1715 3491 1910 3533 temporum]
1934 3491 2079 3533 ipsorum
2101 3492 2239 3535 R¹T¹u
2266 3492 2306 3526 31
2333 3491 2455 3532 autom]

1393 3550 1450 3571 om.
1462 3538 1509 3570 R*
1527 3537 1633 3579 igitur
1645 3535 1695 3570 12²
1711 3535 1724 3580 ΙΙ
1739 3536 1782 3570 32
1795 3545 1814 3568 a
1827 3535 1919 3568 curia
1933 3537 2015 3571 2133
2029 3537 2091 3570 hoc
2104 3549 2163 3570 om.
2174 3535 2231 3581 Vll
2247 3538 2291 3572 34
2324 3537 2454 3576 raestet]

1392 3582 1485 3615 iubet
1504 3583 1646 3624 praestet
1658 3579 1737 3625 13⁰1}
1756 3579 1905 3613 ostendat
1927 3599 1969 3605 —
1990 3582 2032 3616 35
2047 3584 2156 3625 patres
2179 3594 2236 3615 om.
2251 3581 2284 3615 R
2307 3581 2312 3625 Ι
2329 3582 2371 3616 35
2395 3581 2455 3621 sio]

1393 3626 1523 3669 quidem
1548 3626 1594 3659 sic
1620 3627 1652 3660 T
1671 3624 1684 3671 ΙΙ
1709 3629 1875 3659 oratorum
1898 3626 1941 3659 V¹
1968 3626 1980 3670 u
2004 3626 2084 3668 sint]
2109 3626 2173 3669 ipsi
2196 3627 2264 3660 siut
2291 3627 2324 3660 T
2341 3627 2397 3670 (qs.
2411 3626 2458 3660 ad

1393 3672 1469 3714 399,
1483 3674 1508 3714 1)
1525 3671 1537 3714 11
1562 3671 1631 3713 qui]
1656 3670 1737 3712 quid
1762 3670 1808 3703 12¹

304 3589 319 3620 1
344 3586 523 3629 praebeant
552 3586 582 3618 T
603 3585 616 3627 11
644 3588 675 3617 et
699 3585 756 3626 qui
781 3582 859 3616 solis
885 3583 977 3616 Beck
1005 3581 1018 3625 ΙΙ
1047 3583 1067 3615 2
1092 3581 1233 3622 singulis
1265 3581 1326 3627 Vn

258 3632 315 3671 qui
338 3633 370 3664 R.
387 3632 399 3674 11
417 3634 436 3665 3
461 3631 641 3673 *magistri
664 3630 826 3662 militatus
850 3629 927 3662 libri
941 3627 953 3671 ΙΙ
978 3629 998 3661 4
1022 3627 1095 3660 istis
1121 3626 1175 3668 ΤΙΙ
1196 3627 1255 3670 leq.
1269 3637 1325 3669 ag-

259 3676 346 3708 niti?
365 3676 377 3720 ss
393 3676 516 3717 agnitis
530 3695 570 3700 —
584 3678 603 3709 5
618 3676 782 3709 sancimus
805 3676 838 3708 in
862 3686 926 3707 rae.
951 3672 1004 3717 Vss
1029 3674 1048 3705 5
1074 3672 1193 3715 ipsum]
1219 3682 1324 3705 sacra—
