2476 3854
98 114 191 146 non
216 113 463 146 mammis
512 132 515 134 -
977 116 980 119 “
1155 94 1238 143 719
1864 96 1972 139 Nov.
1993 95 2187 139 CXLVII
2214 109 2275 151 pr.
2303 100 2319 138 1

97 224 177 246 των
199 208 296 255 ἡμῖν.
335 209 412 246 ἄλλ’
438 210 563 254 ἐπειδὴ
584 211 715 257 μικρὸν
735 213 797 246 καὶ
820 209 1003 254 βασιλείας
1026 207 1179 251 ἀνάξιον
1246 208 1327 244 dice
1348 210 1387 244 et
1407 208 1556 254 imperio
1578 207 1760 252 indignum
1783 209 1839 242 est
1857 207 1903 243 de
1923 206 2071 260 singulis
2094 206 2324 252 interpellan-

98 256 193 291 εἶναι
225 259 421 302 νομίζομεν
451 257 496 291 τὸ
532 259 615 302 περὶ
648 256 732 290 τοὺς
764 256 937 290 ἑκάστοτε
966 255 1179 300 προςιόντας
1246 254 1343 289 tibus
1365 254 1531 298 proprias
1553 252 1755 297 aliquorum
1777 255 2083 288 remunerationes
2106 252 2237 294 facere,
2260 255 2326 287 ant

98 299 215 335 ι’δικάς
236 313 339 336 τινας
357 300 561 348 φιλοτιμίας
577 301 778 342 ποιεῖσθαι,
801 297 824 343 ἢ
840 303 1019 347 καὶμέχρι
1033 304 1178 344 χωρίων
1244 298 1353 334 etiam
1383 308 1498 343 usque
1529 299 1576 333 ad
1605 298 1707 333 villas
1733 301 1798 332 ant
1828 297 1990 332 civitates
2017 297 2112 332 80188
2135 300 2199 349 ant
2218 297 2326 332 etiam

98 344 122 389 ἢ
143 345 289 381 πόλεων
309 344 439 391 μόνων
460 345 485 390 ἢ
507 349 569 380 καὶ
590 342 691 380 ὅλων
713 346 898 390 ἐπαρχιῶν
915 345 985 388 τὴν
998 343 1178 390 ἡμετέραν
1244 343 1341 379 solas
1363 343 1564 388 provincias
1586 347 1747 379 nostram
1769 342 1960 378 extendere
1974 342 2265 384 misericordiam,
2289 345 2326 377 et

97 392 268 426 ἐκτείνειν
290 390 590 438 φιλανθρωπίαν,
611 389 702 425 ἀλλὰ
724 390 774 435 μὴ
797 393 889 437 μέγα
910 403 948 425 τι
970 393 1031 424 καὶ
1052 389 1179 425 κοινὸν
1212 392 1317 424 5n0n
1344 398 1512 433 magnum
1542 388 1679 433 aliquid
1709 391 1747 423 et
1776 397 1964 424 commune
1985 387 2031 424 de
2053 388 2217 424 omnibus
2239 387 2325 422 sub·

98 437 159 470 ἐπὶ
181 437 272 470 πᾶσι
294 439 369 471 τοῖς
389 433 560 478 ὑπηκόοις
581 434 824 479 ποιήσασθαι,
1244 432 1347 469 iectis
1369 433 1500 477 facere,

1107 522 1263 558 CAPUT
1284 522 1313 557 I.

163 591 294 626 τούτου
321 592 429 637 χάριν
460 593 528 635 ἐπὶ
551 591 618 625 τὰς
647 588 832 637 παρούσας
856 592 960 626 θείας
982 590 1090 636 ἡμῶν
1111 589 1174 634 ἤλ-
1310 590 1458 634 propter
1480 588 1550 625 hoc
1572 590 1621 626 ad
1642 592 1851 635 praesentes
1874 593 2016 626 nostras
2034 589 2195 625 venimus
2211 588 2324 624 dona-

95 635 215 680 θομεν
245 634 393 682 δωρεάς,
424 633 469 670 δι’
495 636 550 670 ὥν
580 637 807 681 θεσπίζομεν
833 634 1013 682 ἀφεῖσθαι
1035 636 1177 671 πάντας
1242 635 1378 675 tiones,
1413 643 1479 679 per
1506 644 1597 678 quas
1627 635 1807 670 sancimus
1839 635 1968 670 dimitti
1997 635 2161 671 omnibns
2191 634 2325 670 nostris

94 681 178 718 τοὺς,
199 680 387 726 ἡμετέρους
409 679 592 716 ὑποτελεῖς
610 679 861 725 ἐλλειμμάτων
875 685 1065 716 παντοίων
1080 677 1174 726 ὄφει-
1244 679 1414 716 subiectis
1444 678 1582 724 reliqua.
1612 680 1756 716 omnino
1784 680 1905 715 debita
1927 690 1951 716 a
1972 680 2166 726 praeterito
2192 679 2324 714 circulo

96 724 259 769 λομένων
290 723 375 770 παρ’
408 723 534 760 αὐτῶν
564 723 639 760 ἇπό
670 728 733 769 τῆς
762 728 827 761 τοῦ
850 730 1025 771 προτέρου
1047 725 1176 759 κύκλου
1193 729 1231 760 10
1244 724 1381 770 primae
1414 723 1620 760 indictionis
1655 727 1693 760 et
1727 725 1822 764 eius,
1857 725 1894 760 iu
1929 735 2035 771 quam
2068 724 2325 770 praecedentes

95 770 241 825 πραξτης
268 771 511 815 ἑπινεμήσεως
535 774 596 804 καὶ
623 769 747 825 αῇτῆς,
760 772 829 827 ,εἰς
851 769 898 825 ἣν
918 773 981 825 τας
1003 772 1178 816 προτέρας
1244 771 1389 822 nostras
1420 769 1664 822 concludimus
1696 770 1926 823 donationes,
1956 774 1994 824 et
2023 780 2118 822 nunc
2139 772 2326 822 transacta

94 813 705 905 mmffiffffl
836 813 1175 904 ,222510‘225‘25’523
1244 813 1739 895 {fflznffiflffiemffl
1712 818 2171 911 ¹3³?232z12353nz'11g333
2194 814 2324 894 {2332

95 905 207 939 εἴκοσι
238 903 304 940 δύο
335 907 431 940 ἐτῶν
462 906 588 951 ἐφεξῆς
616 906 687 949 τὴν
712 906 762 940 εἰς
783 907 867 941 τοὺς
889 904 1068 947 ὑπηκόους
1090 902 1174 950 παρ’
1245 904 1440 949 largitatis,
1470 906 1509 939 et
1536 905 1639 940 nulla
1666 904 1805 950 rehqua
1827 905 1920 950 exigi
1942 905 1989 940 ad
2011 905 2073 940 illa
2094 906 2212 939 relata
2234 909 2323 939 tem·

95 947 199 992 ἡμῶν
212 953 407 996 γινομένην
422 950 644 996 φιλοτιμίαν,
657 954 717 985 καὶ
731 949 911 995 μηδεμίαν
926 949 1176 994 ἐλλειμμάτων
1194 954 1231 985 15
1244 959 1346 995 pora.
1391 949 1490 984 Haec
1524 958 1607 985 vero
1639 949 1789 985 dicimus
1819 960 1892 986 11011
1921 950 1959 985 in
1980 950 2037 985 his
2060 959 2152 995 quae
2174 949 2213 984 in
2234 958 2324 984 auro

95 994 279 1038 εἴεπραξιν
309 995 403 1029 εἴναι
431 995 520 1040 πρὸς
549 997 702 1030 ἐκείνους
732 993 967 1042 ἀναγομένων
989 997 1074 1030 τοὺς
1085 994 1176 1049 ,χρό-
1246 994 1373 1036 solum,
1397 994 1459 1029 sed
1482 994 1589 1029 etiam
1611 994 1643 1029 si
1665 997 1851 1039 argentum
1872 999 1937 1030 aut
1959 995 2118 1030 triticum
2136 998 2199 1029 ant
2214 1004 2325 1039 quae·

94 1050 187 1073 νους.
231 1041 349 1074 ταῦτα
371 1039 415 1074 δε·
432 1053 553 1086 φαμεν
575 1037 617 1074 οὗ
641 1043 725 1084 περὶ
746 1042 825 1075 τῶν
842 1042 883 1076 ἐν
919 1044 1031 1084 away
1046 1053 1175 1085 μονον,
1245 1039 1327 1075 dam
1349 1038 1422 1074 alia
1444 1039 1582 1084 specioe
1605 1039 1725 1075 debita
1747 1039 1806 1081 sit,
1830 1043 1866 1075 et
1887 1041 1956 1075 hoc
1980 1040 2121 1084 quidem
2139 1039 2213 1074 sive
2227 1039 2325 1083 qnod

96 1080 190 1118 ἀλλὰ
211 1081 282 1119 κᾶν
304 1085 337 1119 εἰ
358 1083 506 1131 ἄργυρος
528 1082 551 1128 ἢ
576 1088 673 1119 σῖτος
694 1083 718 1128 ἢ
740 1087 865 1131 ἕτερον
887 1087 922 1120 εἴ
943 1096 979 1119 ος
1000 1085 1045 1119 τὸ
1068 1098 1173 1130 χρεω-
1243 1093 1267 1119 a
1296 1083 1466 1120 subiectis
1498 1084 1648 1120 debetur
1676 1085 1723 1120 sit
1756 1085 1830 1120 sive
1862 1085 1909 1120 ab
1931 1085 2074 1131 Illyrica
2095 1085 2325 1130 praefectura

95 1129 295 1172 σιούμονον
323 1129 394 1172 εἴη,
422 1135 481 1163 καὶ
513 1131 622 1164 τοῦτο
652 1132 720 1171 μὲν
750 1131 782 1164 εἰ
810 1131 890 1165 τῶν
919 1128 1074 1176 θρόνων
1097 1131 1176 1164 τῶν
1243 1132 1308 1165 aut
1322 1139 1508 1164 sacrorum
1522 1132 1725 1166 nostrorum
1739 1130 2001 1172 thesaurorum,
2026 1130 2100 1165 sive
2116 1140 2183 1174 pro
2196 1129 2323 1164 fructi-

95 1174 175 1207 σῶν
196 1173 241 1208 τὸ
263 1174 365 1220 παρὰ
387 1175 465 1209 τῶν
488 1171 678 1209 ὑποτελῶν
703 1172 942 1221 ὄφειλόμενον
969 1175 1040 1218 εἴη,
1068 1176 1177 1209 τοῦτο
1190 1177 1232 1210 20
1244 1174 1313 1210 bns
1336 1174 1410 1210 sive
1431 1184 1499 1219 pro
1521 1174 1675 1210 residuis
1690 1175 1806 1211 titulis
1824 1175 2154 1220 quomodocumque
2168 1174 2323 1210 inferen-

96 1215 138 1252 δὶ
165 1219 198 1252 εἰ
221 1220 286 1262 τῆς
314 1219 413 1266 παρὰ
434 1217 609 1264 Ἰλλυριοῖς
639 1218 882 1265 ἐπαρχότητος
910 1219 935 1264 ἢ
955 1222 1035 1254 τῶν
1057 1220 1177 1254 θείων
1244 1219 1300 1255 dis
1324 1219 1371 1254 ab
1389 1219 1452 1254 eis.
1477 1219 1706 1255 Communem
1720 1221 1815 1255 enim
1829 1220 1993 1256 omnibus
2009 1221 2178 1256 continue
2191 1219 2325 1255 nostris

94 1259 202 1308 ἡμῶν
231 1263 443 1318 θησαυρῶν,
474 1265 546 1299 εἴτε
572 1263 663 1310 ὑπὲρ
685 1267 815 1310 φόρων
836 1265 908 1300 εἴτε
930 1263 1021 1311 ὑπὲρ
1040 1265 1176 1310 ἑτέρων
1244 1264 1415 1301 subiectis
1448 1263 1544 1300 hanc
1574 1268 1736 1301 nostram
1763 1265 1965 1310 largitatem
2002 1265 2248 1307 concedimus,
2282 1266 2325 1299 ut

94 1307 233 1343 τίτλων
262 1310 430 1344 οπωςοῦν
457 1311 694 1356 εἰςαγομένων
714 1309 843 1345 αὐτοῖς.
891 1310 1017 1353 κοινὴν
1038 1310 1108 1357 γὰρ
1132 1308 1175 1353 δὴ
1242 1319 1347 1345 nemo
1370 1319 1437 1355 pro
1457 1309 1679 1354 temporibus
1694 1310 1767 1346 illis
1782 1320 1892 1356 super
1907 1320 1968 1346 eos
1982 1310 2141 1353 inducat,
2164 1310 2324 1355 qualem-

95 1354 212 1388 πᾶσιν
242 1354 369 1400 ἐφεξῆς
398 1357 473 1389 τοῖς
498 1353 679 1400 ἡμετέροις
701 1353 890 1390 ὑποτελέσι
911 1356 1048 1398 ταύτην
1071 1353 1176 1399 ἡμῶν
1244 1365 1395 1399 cumque
1417 1353 1634 1399 reliquorum
1656 1355 1794 1391 faciens
1818 1356 2052 1397 exactionem,
2076 1356 2152 1391 sive
2173 1356 2221 1390 ab
2235 1354 2324 1399 ipsis

94 1397 166 1441 τὴν
187 1397 398 1444 φιλοτιμίαν
419 1403 632 1445 παρέχομεν,
656 1397 744 1434 dien
762 1398 876 1434 οὐδεὶς
896 1399 988 1445 ὑπὲρ
1003 1401 1081 1434 τῶν
1094 1398 1176 1446 χρό·
1188 1402 1232 1435 25
1244 1399 1420 1435 destinato
1453 1399 1605 1443 cingulis
1627 1404 1693 1436 aut
1715 1401 2020 1446 qualitercumque
2038 1401 2219 1446 publicam
2240 1409 2324 1445 per-

95 1455 175 1477 νων
203 1445 354 1478 ἐκείνων
380 1442 436 1478 ἐπ’
470 1442 601 1479 αὖτοὺς
622 1443 753 1479 λοιπὸν
776 1443 1012 1488 ἐνεχθήσεται
1035 1445 1105 1489 τὴν
1126 1445 1176 1480 οἶ-
1244 1454 1368 1480 sonam
1390 1444 1595 1481 vindicante
1618 1446 1692 1482 sive
1713 1445 1889 1482 inferente
1911 1448 2107 1499 praecepta
2127 1447 2193 1481 aut
2212 1445 2324 1490 depu-

96 1489 211 1522 ανοῢν
239 1487 332 1523 ἑλλιι
357 1486 489 1542 μάτων
518 1490 728 1545 ποιούμενος
756 1490 955 1544 εἴὶπραξινὲ
986 1490 1060 1524 εἴτε
1090 1487 1173 1535 παρ’
1242 1489 1399 1525 tationes
1425 1489 1491 1531 sit,
1522 1490 1607 1535 quia
1633 1491 1839 1527 huiusmodi
1865 1491 1951 1537 qmd
1973 1491 2133 1536 accepit,
2164 1494 2201 1525 et
2221 1494 2324 1525 tanto

19 1530 32 1544 ⁸
95 1529 222 1567 αὐτῶν
254 1544 319 1568 στι
382 1545 489 1579 μενος
520 1535 600 1569 τῶν
633 1536 756 1579 αρχῶν
788 1549 811 1578 η
842 1538 904 1569 καὶ
934 1536 1103 1570 οπως-οὖν
1130 1536 1174 1569 τὸ
1243 1535 1411 1571 continue
1439 1545 1513 1570 non
1542 1536 1698 1579 exigenti
1724 1540 1884 1582 tempore
1907 1539 2034 1572 contra
2054 1535 2236 1572 subiectos
2258 1545 2325 1570 au-

95 1578 161 1612 τοῦ
187 1576 359 1622 δημοσίου
391 1577 587 1624 πρόςωπον
613 1579 850 1624 οἰκειούμενος
874 1581 946 1614 εἴτε
978 1581 1080 1614 τινὰς
1099 1582 1174 1614 ἐπι·
1242 1579 1389 1615 ferimus
1420 1579 1662 1624 exactionem,
1691 1581 1840 1627 insuper
1862 1585 1899 1617 et
1920 1584 2046 1616 contra
2066 1581 2185 1626 ipsum
2206 1579 2325 1625 publi·

96 1621 291 1668 φερόμενος
315 1636 345 1659 π
426 1624 521 1665 ἄξεις
551 1622 575 1668 ἢ
605 1624 773 1671 ἐπανεὶς,
805 1627 983 1671 ἐπείτοιγε
1009 1628 1070 1659 καὶ
1100 1628 1175 1660 τοῖς
1187 1628 1231 1660 30
1243 1635 1336 1661 cum.
1384 1624 1455 1670 Qui
1487 1625 1582 1661 enim
1617 1626 1724 1663 debet
1759 1626 1927 1663 continue
1955 1629 2096 1662 tantum
2125 1626 2324 1671 neglegens,

95 1667 242 1702 τοιοῦτό
272 1682 310 1704 τι
383 1669 565 1713 μβάνουσι
589 1672 651 1703 καὶ
679 1670 857 1704 τοσοῦτον
877 1670 1003 1714 ἐφεξῆς
1024 1666 1089 1704 οὐκ
1112 1670 1175 1704 εἰς·

95 1711 255 1757 πράξασι
281 1711 416 1760 χρόνον
437 1713 507 1755 τὴν
527 1714 623 1749 κατὰ
644 1714 724 1749 τῶν
743 1713 932 1750 ὑποτελῶν
954 1712 1175 1761 ἀναιροῦμαι·

95 1753 303 1802 ἀπαίτησιν,
325 1761 387 1792 καὶ
408 1758 500 1803 πρός
519 1771 562 1805 γε
583 1758 654 1802 τὴν
675 1756 753 1794 κατ’
780 1756 892 1794 αὐτοῦ
911 1761 976 1794 τοῦ
992 1757 1174 1803 δημοσίου.

94 1799 116 1835 ό
147 1802 219 1849 γὰρ
245 1803 535 1850 χρεωστούμενος
565 1804 691 1849 ἑφεξῆς
719 1806 895 1839 τοσοῦτον
913 1801 936 1848 ἣ
960 1805 1176 1850 ῥαθυμήσας

92 1935 246 1988 imperio
274 1935 466 1982 indiqnum
495 1947 591 1973 essse
608 1943 800 1983 putamus,
830 1939 869 1972 in
899 1939 1067 1984 sinqutos
1095 1939 1158 1984 qui
1187 1949 1255 1973 nos
1283 1938 1418 1973 adeunt
1439 1939 1615 1984 speciales
1636 1939 1782 1984 aliquas
1800 1940 2037 1975 liberalitates
2060 1940 2242 1984 conferre,
2271 1938 2328 1973 vel

93 1984 203 2017 ettam
229 1990 344 2027 usque
370 1981 421 2016 ad
439 1982 599 2028 praedia
625 1986 691 2018 aut
712 1982 819 2018 urbes
838 1982 938 2019 solas
959 1982 1015 2018 vel
1036 1982 1145 2018 etiam
1168 1982 1219 2018 ad
1238 1983 1403 2028 mteqras
1421 1983 1633 2028 provincias
1654 1982 1911 2019 humanitatem
1934 1988 2096 2019 nostram
2118 1982 2325 2025 extendere,

93 2034 162 2062 neo
182 2036 268 2062 vero
291 2036 426 2072 maqno
449 2026 575 2072 aliquo
598 2030 635 2062 et
655 2027 836 2062 communi
858 2027 1030 2072 beneficio
1053 2038 1176 2063 omnes
1197 2027 1379 2062 subiectos
1400 2028 1563 2073 afficere,

227 2069 259 2105 1.
306 2070 414 2106 huius
441 2071 496 2106 rei
524 2072 648 2117 qratia
677 2071 728 2107 ad
749 2076 963 2118 praesentes
990 2082 1119 2107 sacras
1148 2077 1296 2107 nostras
1319 2073 1552 2118 pervenimus
1579 2072 1811 2113 donationes,
1835 2083 1909 2119 per
1938 2083 2032 2118 quas
2052 2073 2255 2114 sancimus,
2281 2077 2324 2108 ut

95 2114 259 2151 omnibus
286 2114 455 2151 subiectis
482 2116 620 2151 nostris
647 2116 879 2152 remittantur
904 2118 1020 2152 omnis
1048 2117 1193 2163 qeneris
1219 2117 1363 2162 reliqua
1394 2127 1490 2162 quae
1518 2116 1564 2153 ab
1594 2117 1642 2152 iis
1663 2116 1839 2152 debentur
1857 2116 1941 2153 inde
1962 2128 1987 2152 a
2008 2118 2209 2164 superioris
2231 2118 2326 2163 cycli

91 2161 214 2207 prima
235 2159 433 2196 indictione
454 2164 491 2196 et
512 2161 607 2206 ipsa,
631 2161 670 2196 in
692 2171 801 2206 quam
818 2161 967 2208 priores
987 2165 1136 2196 nostras
1157 2162 1372 2197 donationes
1392 2161 1645 2202 conclusimus,
1668 2171 1783 2207 usque
1805 2161 1856 2196 ad
1875 2163 2063 2208 septimam
2079 2162 2187 2197 modo
2205 2167 2324 2196 trans-

94 2209 214 2241 actam
235 2204 468 2241 indictionem
490 2210 527 2241 et
549 2206 678 2252 ipsam,
701 2209 744 2241 ut
755 2217 832 2252 per
851 2207 983 2252 viqinti
1001 2205 1094 2241 duos
1116 2216 1232 2241 annos
1254 2206 1443 2241 continuos
1462 2206 1663 2242 liberalitas
1685 2217 1710 2241 a
1731 2205 1837 2241 nobis
1858 2207 1898 2241 in
1920 2207 2099 2242 subiectos
2112 2207 2162 2242 sit
2176 2206 2324 2247 collata,

93 2259 183 2285 neve
207 2248 285 2284 uua
306 2249 376 2294 fiat
404 2250 551 2286 exactio
579 2250 802 2296 reliquorum
833 2261 928 2303 quae
957 2250 1008 2286 ad
1027 2250 1092 2286 illa
1115 2253 1278 2297 tempora
1299 2251 1522 2295 reserantur.
1568 2250 1671 2286 Haec
1693 2261 1778 2286 vero
1802 2262 1877 2286 non
1899 2251 1944 2286 de
1966 2251 2013 2286 iis
2034 2252 2149 2286 solum
2173 2251 2326 2286 dicimus

94 2304 190 2340 quae
211 2294 250 2329 in
273 2304 367 2330 auro
389 2298 567 2338 constant,
596 2297 660 2331 sed
682 2295 789 2330 etiam
811 2306 844 2330 st
866 2295 966 2341 quod
988 2295 1161 2331 debeatur
1182 2299 1374 2340 arpentum
1396 2295 1453 2331 vel
1472 2295 1697 2341 frumentum
1721 2295 1778 2331 vel
1798 2296 1873 2331 alia
1894 2296 2034 2342 species
2054 2297 2113 2336 sit,
2137 2300 2174 2331 et
2197 2301 2269 2331 tam
2291 2296 2326 2330 si

93 2339 191 2375 sedis
213 2343 298 2375 tuae
319 2339 369 2375 sit
390 2339 491 2391 quod
511 2350 536 2375 a
557 2339 726 2375 subiectis
747 2339 920 2375 debeatur
991 2350 1050 2375 am
1072 2340 1106 2374 si
1121 2341 1386 2386 praefecturae
1408 2339 1551 2386 Illyrici
1566 2344 1633 2375 aut
1645 2350 1834 2375 sacrorum
1848 2345 2055 2376 nostrornm
2072 2340 2325 2376 thesaurorum

92 2384 167 2419 sive
188 2384 333 2420 nomine
355 2384 571 2419 tributorum
593 2385 669 2420 sive
690 2384 847 2420 aliorum
871 2386 937 2421 titu
1076 2384 1330 2430 qualicumque
1351 2384 1459 2420 modo
1482 2386 1528 2420 iis
1549 2384 1834 2431 inserendorum.
1882 2385 2108 2421 Communem
2132 2386 2225 2421 enim
2249 2396 2323 2420 om-

93 2429 199 2464 nibus
229 2428 311 2464 dein
379 2439 399 2464 s
427 2428 597 2465 subiectis
623 2429 759 2464 nostris
788 2429 883 2465 hanc
911 2433 1073 2465 nostram
1104 2429 1354 2464 liberalitatem
1375 2430 1606 2476 praebemus,
1636 2434 1678 2465 ut
1705 2440 1810 2464 nemo
1838 2441 1909 2476 pro
1941 2430 2014 2465 illis
2044 2430 2264 2477 temporibus
2286 2432 2324 2464 in

92 2478 277 2519 posterum
358 2484 481 2509 versus
505 2484 578 2509 eos·
594 2474 774 2521 procedat
802 2474 853 2509 ad
874 2474 1168 2526 qualemcumque
1189 2474 1411 2520 reliquorum
1434 2475 1662 2510 exactionem
1682 2473 1904 2520 faciendam,
1927 2476 2003 2511 sive
2025 2475 2071 2510 ab
2094 2476 2185 2522 ipsis
2206 2476 2322 2520 maqi-

92 2517 268 2554 stratibus
295 2518 426 2554 missus
454 2518 504 2553 sit
531 2519 606 2555 sive
636 2519 744 2554 etiam
775 2530 903 2565 quoms
931 2519 1036 2554 modo
1063 2519 1147 2564 fisci
1170 2529 1370 2565 personam
1399 2519 1470 2554 sibi
1500 2519 1655 2555 vindicet
1685 2520 1760 2554 sive
1789 2520 1963 2555 mandata
1996 2520 2121 2566 aliqua
2144 2524 2210 2555 aut
2231 2520 2323 2555 dete-

92 2562 261 2609 qationes
289 2562 436 2608 afferat,
467 2563 758 2609 quandoquidem
788 2564 896 2599 etiam
926 2564 974 2599 iis
1002 2564 1066 2609 qui
1096 2563 1168 2599 tale
1198 2563 1288 2610 quid
1311 2564 1523 2610 percipiunt
1544 2568 1581 2599 et
1595 2574 1669 2610 per
1692 2568 1830 2599 tantum
1855 2567 1995 2612 tempus
2018 2566 2227 2600 continuum
2250 2575 2323 2599 non

93 2611 307 2653 exeqerunt,
337 2608 564 2644 exactionem
594 2608 767 2644 adversus
792 2608 980 2651 subfectos,
1008 2612 1045 2644 et
1066 2609 1216 2654 insuper
1237 2607 1411 2644 adversus
1435 2610 1554 2655 ipsum
1567 2609 1698 2654 fiscum
1720 2609 1934 2654 auferimus.
1982 2609 2078 2645 Nam
2101 2610 2160 2644 cui
2184 2614 2324 2644 tantum

93 2651 262 2699 deinceps
291 2652 451 2696 debetur,
479 2652 512 2687 is
538 2652 601 2688 ubi
631 2657 698 2688 aut
719 2653 950 2700 neqleqenter
972 2654 1049 2699 eqit
1069 2659 1134 2688 aut
1155 2653 1331 2706 sportulis
1347 2653 1475 2699 potius
1497 2664 1564 2688 nec
1585 2664 1669 2689 vero
1686 2653 1891 2706 principali
1913 2654 2033 2690 debito
2057 2655 2214 2690 intentus
2234 2654 2323 2699 suit,

92 2700 130 2732 et
157 2707 276 2742 neque
303 2696 349 2732 ab
377 2697 450 2732 illis
471 2707 588 2743 neque
609 2709 634 2733 a
650 2698 800 2744 publico
824 2699 1015 2744 quicquam
1029 2703 1208 2744 percepit,
1230 2708 1307 2733 non
1328 2698 1366 2733 in
1390 2702 1552 2744 tempore
1572 2708 1702 2733 rursus
1723 2698 1964 2734 reminiscitur
1985 2698 2251 2745 deleqationum
2269 2699 2326 2734 vel

142 2834 157 2864 1
181 2829 322 2876 μικρὸν]
346 2830 473 2863 modice
496 2831 531 2871 (ἰ.
555 2843 582 2863 e.
604 2832 786 2874 με’τριονῗ)
805 2842 825 2866 ς
840 2831 853 2873 Ι
871 2832 891 2864 2
914 2829 1007 2862 εἶναι
1029 2833 1173 2872 νομίζο·
1240 2832 1273 2864 L
1290 2834 1304 2874 Ι
1320 2834 1363 2865 34
1385 2829 1409 2873 ἢ
1431 2845 1490 2865 om.
1511 2843 1532 2867 ς·

91 2877 172 2919 μεν]
196 2878 244 2907 est
266 2876 313 2916 ςΙ
331 2877 352 2909 3
375 2877 488 2916 τινας]
512 2874 700 2916 aliquorum
723 2876 758 2916 (i.
775 2887 802 2908 e.
826 2886 941 2908 τινων
949 2874 980 2916 ²)
1003 2886 1024 2911 ς
1039 2875 1052 2917 Ι
1069 2871 1091 2916 ἢ
1113 2876 1174 2907 καὶ
1239 2895 2318 2902 Ἠ

91 2922 195 2965 μέχρι
210 2920 291 2960 Mc]
317 2916 341 2962 ἢ
362 2921 507 2962 με’χριΕ
533 2919 547 2963 Ι
569 2922 591 2953 4
623 2915 734 2960 ὅλων]
766 2919 855 2952 solas
877 2921 912 2962 (i.
925 2933 951 2953 e.
974 2918 1138 2962 μόνωνῖ)
1154 2931 1174 2955 ς
1287 2922 1303 2953 1
1330 2919 1469 2962 dignum
1495 2921 1549 2953 T⁰
1579 2923 1592 2964 Β
1619 2923 1679 2961 est]
1704 2925 1737 2953 et
1759 2923 1785 2953 V
1805 2923 1818 2963 Ι
1842 2921 2169 2964 interpellationibus
2194 2924 2241 2956 P
2261 2925 2273 2964 Ι
2300 2926 2320 2955 3

91 2963 140 3009 115
159 2964 290 2997 καινὸν
312 2965 363 2998 L⁰
389 2964 402 3006 Ι
432 2967 451 2998 7
483 2963 590 2997 θείας
612 2977 670 2998 σπι.
696 2976 716 3001 ς
743 2964 757 3007 Ι
784 2966 806 2998 9
828 2962 1053 3008 ἐλειμμάτων
1076 2965 1148 2997 ML
1162 2964 1174 3008 ΙΙ
1239 2963 1358 2997 uillam
1382 2964 1445 3007 ΤΙ
1469 2967 1492 2999 4
1513 2965 1720 3008 prouintiam
1739 2965 1789 2998 V·
1806 2965 1819 3010 Ι
1838 2968 1858 3001 8
1882 2966 2014 2999 demitti
2035 2967 2121 3010 VT!
2139 2969 2159 3001 9
2184 2967 2321 3008 cingulo

92 3011 294 3050 παντοίων]
318 3009 455 3042 omnino
478 3010 512 3051 (ι’.
537 3022 565 3042 e.
589 3011 784 3050 παντοίως)
804 3021 824 3046 ς
841 3011 855 3053 Ι
879 3012 920 3043 10
943 3005 1026 3053 παρ’
1050 3005 1174 3042 αὐτῶν
1248 3009 1354 3051 7110
1377 3009 1415 3042 in
1430 3012 1528 3054 cuiq-J
1543 3013 1578 3043 et
1594 3011 1662 3044 VT
1674 3011 1728 3050 (ad
1747 3021 1845 3053 quam
1861 3013 1983 3044 mavult
2001 3011 2320 3055 Heimbachnprae-

93 3066 154 3087 on.
176 3065 197 3090 ς·
223 3054 237 3098 Ι
267 3057 305 3088 11
339 3053 485 3098 πρώτης
511 3054 765 3097 ἐπινεμήσεως]
789 3056 811 3088 ι’.
836 3067 863 3088 e.
886 3067 909 3087 α
932 3053 999 3088 kal.
1025 3055 1116 3097 Sept.
1141 3067 1172 3087 a.
1239 3054 1386 3087 cedentis
1405 3055 1476 3095 VT,
1507 3068 1590 3088 corr.
1619 3056 1705 3099 vulq.
1735 3055 1749 3099 Ι
1777 3058 1817 3090 11
1849 3056 2071 3088 conclusimus
2100 3057 2187 3099 vulq.
2217 3056 2230 3097 Ι
2259 3057 2319 3097 leq.

95 3099 160 3132 522
175 3099 190 3142 Ι
208 3101 249 3133 12
267 3100 382 3144 μέχρι]
407 3101 440 3131 et
463 3111 483 3136 ς
507 3101 520 3142 n
543 3097 796 3143 παρελθούσης
819 3100 878 3140 M]
903 3095 1117 3141 διελθούσης
1140 3100 1172 3132 L
1239 3101 1425 3131 transactae
1447 3101 1607 3143 septimae
1624 3100 1844 3133 indictionis?
1870 3101 1883 3142 Ι
1909 3102 1948 3134 12
1972 3101 2124 3143 septima]
2148 3100 2321 3141 sepultura

94 3144 129 3183 (ι’.
154 3155 181 3176 e.
203 3156 303 3186 usque
326 3146 372 3177 ad
390 3145 457 3177 kal.
478 3145 569 3188 Sept.
595 3158 626 3178 a.
652 3146 731 3185 544)
757 3144 770 3188 ΙΙ
802 3146 844 3179 14
875 3142 958 3177 τοὺς
986 3141 1171 3186 ὑπηκόους]
1241 3144 1274 3176 Τ
1292 3143 1306 3186 Ι
1332 3146 1374 3178 14
1393 3143 1562 3186 largitatis
1584 3146 1685 3188 vulq]
1709 3145 1881 3187 largitates
1902 3145 1964 3178 VT
1985 3145 1997 3185 ΙΙ
2020 3144 2143 3185 reliqui
2165 3144 2218 3184 V}
2241 3145 2319 3184 ⁸ad]

94 3188 224 3220 nostms
244 3187 409 3221 subiectos
431 3199 452 3224 ς
472 3189 486 3232 Ι
513 3191 555 3222 15
577 3190 773 3243 γενομένην
797 3189 857 3232 ΕΙ
882 3187 1110 3232 ἐλειμμάτων
1133 3189 1180 3222 Μ
1240 3199 1279 3220 ex
1302 3190 1381 3222 mm·
1400 3190 1453 3230 (ex
1475 3189 1537 3222 illo
1558 3189 1664 3222 relato
1687 3192 1834 3232 tempore
1856 3191 1956 3232 vulq.)
1982 3188 1995 3232 Ι
2029 3191 2066 3221 17
2092 3190 2154 3220 hoc
2178 3201 2236 3222 om.
2262 3189 2296 3221 T
2307 3189 2320 3231 [Ι

94 3232 139 3270 (et
161 3233 209 3264 ita
222 3235 301 3274 sere
322 3235 517 3275 constanter)
541 3233 555 3276 Ι
581 3236 621 3268 16
641 3236 879 3279 αναγομένων
904 3235 973 3275 Ες]
998 3230 1172 3279 ἀναγομέ-
1241 3235 1284 3268 18
1307 3233 1376 3266 sive
1397 3234 1502 3277 <sedis
1524 3234 1618 3277 tuae)
1643 3235 1736 3267 Beck
1757 3235 1770 3278 ΙΙ
1796 3236 1839 3266 sit
1860 3234 1932 3266 siue
1957 3234 1986 3265 T
2008 3234 2107 3274 vulq]
2132 3233 2205 3265 siue
2227 3232 2272 3265 sit
2292 3233 2326 3265 V

93 3287 164 3317 νην
186 3276 230 3309 Μ
255 3275 270 3319 Ι
298 3277 339 3327 19
364 3278 425 3309 καὶ
453 3278 565 3310 τοῦτο
586 3279 708 3321 μέν-
726 3282 745 3312 7
767 3279 875 3312 τοῦτο
898 3276 939 3312 δὲ
959 3292 1019 3312 om.
1042 3280 1074 3311 L
1103 3283 1116 3321 u
1142 3278 1174 3311 εἰ
1238 3278 1250 3317 ΙΙ
1269 3278 1360 3321 apud
1379 3278 1512 3321 Illyrios
1534 3279 1761 3322 praefecturae
1785 3279 1879 3311 Beck
1896 3278 1908 3320 Ι
1925 3279 1967 3311 20
1991 3287 2199 3318 quocumque
2222 3277 2319 3310 modo

95 3321 271 3363 Scrfmyer]
294 3333 316 3362 η
341 3321 388 3353 Μ
406 3320 420 3364 Ι
447 3321 526 3355 τῶν
543 3321 699 3365 θρόνων
714 3324 793 3357 τῶν
815 3324 892 3356 σῶν
915 3336 974 3357 om.
996 3335 1016 3360 ς
1043 3324 1057 3366 ΙΙ
1085 3325 1122 3357 21
1150 3322 1174 3365 ἢ
1242 3324 1275 3356 T
1296 3325 1309 3366 Ι
1335 3325 1377 3358 21
1400 3324 1443 3356 ab
1463 3325 1546 3357 delet
1568 3325 1663 3357 Beck
1678 3324 1691 3367 ss
1709 3324 1910 3355 *commune
1931 3322 1962 3355 V
1976 3323 2239 3354 communionem
2264 3322 2319 3365 ΤΗ

93 3364 139 3405 τῆ
168 3360 251 3417 παρ’
282 3362 447 3408 ἰλλυρίοις
471 3366 690 3420 ἐπαρχότητι
715 3364 739 3410 ἢ
761 3371 836 3400 τινὶ
866 3368 943 3401 τῶν
972 3368 1091 3401 θείων
1115 3370 1145 3401 L
1162 3369 1172 3410 li
1240 3369 1285 3402 24
1307 3368 1512 3410 reliquarum
1532 3368 1625 3412 VTu
1654 3370 1695 3402 25
1720 3367 1902 3399 destinatus
1926 3366 2040 3409 vulq.ss
2060 3368 2103 3400 26
2126 3366 2319 3399 uindicante

94 3409 352 3452 έπαρχιοτητος
374 3410 421 3442 Μ
442 3410 455 3452 Ι
484 3411 527 3444 22
550 3413 643 3456 υπέρ
665 3410 795 3456 φόρων
816 3412 888 3446 εἴτε
910 3411 1002 3457 ὑπὲρ
1023 3413 1169 3459 ἑτέρων]
1248 3414 1293 3454 V]
1319 3413 1527 3447 uindicantes
1553 3414 1591 3454 T,
1616 3413 1788 3444 vindicans
1808 3412 1892 3453 vulq.
1919 3410 1931 3453 ΙΙ
1953 3410 2099 3443 inserens
2121 3411 2238 3454 tuly]
2262 3411 2318 3443 de-

94 3463 158 3496 pro
179 3453 344 3486 fructibus
358 3454 427 3486 sive
440 3465 502 3496 pro
517 3456 657 3488 residuis
672 3468 692 3491 ς
708 3457 721 3499 Ι
738 3458 782 3490 26
797 3454 853 3490 ἐπ’
872 3454 1011 3498 αὐτοὺς]
1028 3454 1087 3491 ὑπ’
1108 3456 1171 3490 αὗ-
1239 3459 1413 3501 putatione
1433 3459 1469 3491 V
1485 3460 1498 3500 Ι
1520 3460 1562 3492 27
1587 3457 1632 3490 sit
1655 3457 1734 3498 quia
1758 3455 1830 3498 (qni
1854 3456 1888 3488 T
1891 3457 1922 3497 )]
1945 3455 2001 3487 sed
2025 3456 2084 3496 qui
2109 3454 2284 3488 Mommsen
2305 3454 2319 3499 ΙΙ

93 3497 173 3530 τῶν
195 3493 323 3539 (αὐτὸν
339 3498 402 3540 L‘)
426 3499 457 3531 L
474 3499 487 3536 Ι
503 3497 634 3533 λοιπὸν
656 3513 715 3533 om.
732 3513 751 3537 ς
766 3501 779 3542 Ι
796 3501 1040 3544 ἐναχθήσεται
1063 3504 1095 3536 L
1119 3504 1171 3536 in·
1239 3503 1321 3544 quid
1343 3503 1471 3546 accepit
1481 3504 1526 3544 V]
1550 3502 1676 3543 accepit
1698 3500 1831 3543 quidem
1851 3500 1896 3538 T;
1923 3500 1983 3543 leq.
2008 3499 2090 3541 quid
2113 3499 2318 3542 accipienti?

95 3542 196 3575 ducat
219 3554 239 3578 ς
254 3543 267 3586 ΙΙ
284 3545 325 3577 2Ί
350 3545 577 3586 ποιουμένων
596 3546 626 3577 L
643 3545 657 3588 Ι
674 3546 717 3579 29
740 3544 841 3578 τινὰς
864 3559 922 3580 om.
943 3558 964 3582 ς
979 3547 993 3590 Ι
1009 3548 1052 3581 30
1077 3548 1170 3581 ἐπεί·
1237 3547 1251 3592 ΙΙ
1273 3549 1316 3582 28
1348 3548 1494 3590 exigenti
1514 3548 1562 3587 V]
1592 3547 1743 3588 exigente
1769 3545 1801 3577 T
1831 3544 1962 3586 exigere
1994 3546 2079 3588 melq.
2112 3544 2126 3588 ΙΙ
2154 3544 2319 3577 subiectos

94 3598 191 3632 τοιγε
214 3588 272 3628 Μ]
304 3588 424 3633 &aalys
445 3588 478 3621 L
508 3590 555 3621 sit
582 3589 662 3630 qnia
684 3600 705 3625 ς
729 3592 742 3632 Ι
770 3592 831 3622 καὶ
854 3593 928 3624 τοῖς
956 3591 1102 3625 τοιοῦτό
1134 3605 1170 3626 τι
1238 3611 1282 3617 -
1297 3593 1356 3634 qui
1378 3594 1467 3625 enim
1492 3605 1549 3625 mn.
1577 3591 1609 3623 T
1628 3591 1641 3634 n
1671 3591 1713 3624 30
1740 3588 1918 3631 neglegent
1938 3590 1973 3623 V
1996 3589 2169 3632 negligent
2194 3590 2234 3630 T,
2265 3589 2317 3622 vel

79 3629 331 3685 ,λαμβάνουση
363 3632 553 3666 huiusmodi
576 3633 657 3675 quid
676 3635 803 3677 accepit
826 3646 846 3670 ς
861 3635 875 3679 Ι
892 3637 930 3669 31
959 3636 1172 3680 εἰσπράξαιο
1238 3638 1411 3679 negligens
1434 3637 1485 3669 vel
1509 3637 1596 3680 vulq.
