2476 3854
109 82 184 125 Ed.
205 83 268 126 111
297 96 356 138 pr.
1167 80 1251 146 769
1625 97 1685 127 nn
1713 95 2007 129 Assnnmomm
2037 96 2327 129 succnssmnn

107 196 267 236 συνέχειν
290 189 420 228 αὖτοὺς
444 196 742 239 προςταττομένῳ
766 192 849 227 τοὺς
873 192 1167 238 ἐποφειλομένους
1190 189 1274 239 παρ’
1293 192 1417 228 αὐτῶν
1432 191 1621 238 δημοσίους
1637 191 1766 239 φόρους
1783 194 2034 234 κατατιθέναι,
2057 194 2123 228 τοῦ
2140 192 2328 238 διδομένου

105 239 200 273 κατὰ
231 238 355 284 χώραν
387 236 507 273 αὐτοῖς
538 237 645 284 λόγου
671 238 761 283 πρὸς
791 235 898 272 οὐδὲν
929 235 1047 273 αὐτοῖς
1073 241 1312 281 συνοίσοντος,
1345 240 1494 273 ἐκείνων
1514 236 1554 273 δὲ
1574 237 1702 282 μόνων
1725 238 1887 280 ἑχόντων
1909 236 2113 285 ἀσφάλειαν
2134 239 2212 274 ταῖν
2234 238 2328 274 κατὰ

107 284 218 318 θείαν
242 281 347 328 ἡμῶν
369 282 531 318 κέλευσιν
555 282 664 329 λόγον
686 281 832 318 ἀσυλίας
854 285 1103 328 κομιζομένων
1125 280 1149 327 ἢ
1172 282 1267 318 κατὰ
1290 284 1496 329 προςτιίξεις
1519 284 1582 327 τῆς
1604 285 1666 327 σῆς
1686 280 1870 328 ὑπεροχῆς.

1116 383 1272 420 CAPUT
1294 383 1323 419 1.

238 449 383 494 Ἐπειδὴ
414 450 454 486 δὲ
484 450 582 497 παρὰ
615 452 678 495 τῆς
709 452 772 494 σῆς
803 448 1036 495 ἐνδοξότητος
1066 449 1323 495 ἐδιδάχθημεν,
1355 446 1404 485 ὥς
1432 462 1526 485 τινες
1555 452 1615 486 ἐπὶ
1646 451 1790 495 ζητήσει
1813 450 2055 486 κατελθόντες
2078 455 2120 486 ἑν
2143 449 2328 499 διαφόροις

107 498 289 542 ἐπαρχίαις
313 498 390 531 τῶν
419 497 564 531 ἑαυτούς
594 499 638 542 τῇ
669 498 749 531 τῶν
783 496 975 531 αἱοετικῶν
1005 494 1264 531 ἐκδεδωκότων
1295 494 1413 542 πλάνῃ
1446 499 1506 529 καὶ
1537 495 1690 531 πολλοὺς
1720 495 1812 542 ὑπὲρ
1835 498 1898 540 τῆς
1920 496 2089 539 τοιαύτης
2113 497 2229 532 αἰτίας
2250 499 2328 533 τῶν
2352 501 2372 533 5

106 540 294 577 ὑποτελῶν
326 540 518 585 συσχόντες
545 541 640 588 λόγῳ
666 529 903 586 σπορτούλων
935 541 1106 576 πλεῖστον
1140 539 1224 588 παρ’
1250 540 1375 575 αῧτῶν
1398 544 1544 584 χρυσίον
1567 540 1744 585 εἰλήφασι,
1769 542 1995 586 θεσπίζομεν
2017 543 2099 576 τοὺς
2122 541 2267 577 τοιοῦτό
2291 556 2329 576 τι

105 586 366 631 τετολμηκότας
391 591 452 620 καὶ
480 588 704 630 συσχεθῆναι
735 590 796 620 καὶ
828 587 1079 631 προςαχθῆναι
1108 590 1180 621 τοῖς
1210 585 1479 632 λαμπροτάτοις
1509 587 1587 621 τῶν
1610 587 1795 631 ἐπαρχιῶν
1818 585 1965 631 ἄρχουσι
1988 590 2047 621 καὶ
2069 585 2144 632 μετ’
2171 586 2231 622 ἑλέ
2249 598 2330 631 χους

105 632 148 666 τὸ
174 631 318 677 ληφθὲν
341 632 572 675 καταθεῖναι,
596 635 656 665 καὶ
672 631 715 666 τὸ
738 633 806 676 μὲν
831 632 995 677 simplum
1018 635 1092 666 τοῖς
1115 632 1357 676 ζημιωθεῖσιν
1381 628 1498 665 αἰτοῖς
1520 629 1732 674 ἀναδοῦναι,
1755 631 1798 666 τὸ
1825 630 1864 666 δὲ
1887 632 2034 677 duplum
2058 633 2211 677 εἰςκομισ
2248 633 2329 667 ’ναι

106 680 127 713 1
165 678 220 719 τῷ
246 676 418 721 δημοσίῳ.
471 676 556 711 Τοὺς
580 675 620 711 δὲ
642 680 878 721 τεταγμένους
901 677 948 711 εἰς
970 675 1039 720 τὴν
1062 675 1281 733 βικαριανὴν
1303 676 1420 718 τάξιν,
1443 676 1511 720 τὴν
1531 674 1822 722 ὑπηρετουμένην
1842 677 1897 720 τῷ
1919 676 2149 723 περιβλέπτῳ
2173 681 2328 723 βικαρίῳ

105 723 166 763 τῆς
187 720 353 761 Ἀσιανῆς
383 720 588 765 διοικήσεως
617 720 776 765 κινδύνῳ
806 723 924 765 οἰκείῳ
954 724 1014 756 καὶ
1046 723 1124 756 τῶν
1148 720 1391 766 υπαρχόντων
1415 718 1533 755 αὐτοῖς
1556 720 1785 768 πραγμάτων
1807 720 1875 765 τὴν
1897 720 2097 767 εἰςκομιδὴν
2119 723 2196 756 τῶν
2219 721 2325 767 δημο-
2356 726 2394 758 10

105 771 198 801 σι’ων
229 767 420 802 ποιεῖσθαι
450 765 587 813 φόρων,
618 765 883 801 ἐκλελοιπότων
912 770 989 811 μέν,
1024 766 1195 812 καθάπερ
1225 766 1248 810 ἡ
1278 766 1323 809 σὴ
1350 766 1505 810 ὑπεροχὴ
1536 769 1596 800 καὶ
1625 767 1732 800 τοῦτο
1762 767 1810 800 εἰς
1835 766 1904 809 τὴν
1938 765 2116 812 ἡμετέραν
2148 764 2265 815 ἀνήγα
2289 782 2329 803 εν

106 809 302 856 εὐσέβειαν,
325 813 403 847 τῶν
427 814 475 846 εἰς
498 813 566 855 τὴν
590 811 786 857 ἐπιχώριον
809 809 1094 857 ἀναφερομένων
1115 811 1223 852 τάξιν
1247 814 1306 845 καὶ
1322 811 1370 845 εἰς
1387 809 1526 857 ὀλίγους
1539 808 1683 857 σφόδρα
1697 808 1954 856 περιστάντων
1969 810 2104 855 αὗτῶν,
2129 813 2168 846 ἐκ
2182 813 2252 848 πολ
2287 814 2329 847 ’ν

106 855 146 891 δὲ
171 856 316 903 χρόνων
347 858 412 891 τοῦ
435 860 600 903 βικαρίου
623 861 683 890 καὶ
705 857 775 900 τὴν
797 859 862 891 τοῦ
887 856 1142 903 λαμπροτάτου
1165 858 1226 899 τῆς
1249 859 1418 902 ἐπαρχίας
1448 856 1616 902 ἄρχοντος
1644 857 1709 890 τοῦ
1742 857 1897 903 Φρυγῶν
1929 858 2178 891 Πακατιαναῖν
2200 857 2330 892 ἔθνους

105 901 369 948 παρειληφότος
400 900 524 947 ἀρχήν.
573 900 695 936 ἀδείας
724 900 830 946 οὔσης
853 905 925 936 τοῖς
948 903 996 936 εἰς
1019 900 1089 945 τὴν
1111 902 1330 947 βικαριανὴν
1353 898 1630 948 ἀναφερομένοις
1653 900 1760 942 τάξιν
1782 902 1874 935 κατὰ
1897 899 2092 947 πρόςταξιν
2109 903 2174 936 τοῦ
2197 904 2264 937 νῦν
2287 916 2328 937 τε

104 951 166 981 καὶ
197 947 290 982 κατὰ
318 948 446 993 καιρὸν
475 951 639 992 βικαρίου
669 947 734 981 τὰς
765 945 937 991 δημοσίας
967 946 1192 992 εἰςπράττειν
1224 946 1442 990 συντελείας,
1468 949 1528 980 καὶ
1560 946 1846 992 παρασκευάζειν
1878 944 1990 981 αὐτὰς
2022 947 2249 992 εῖςφέρεσθαι
2272 949 2327 991 τῷ
2355 951 2396 983 15

103 993 128 1028 2
177 991 348 1037 δημοσίῳ.
402 992 488 1027 Τοὺς
519 991 559 1026 δὲ
590 991 700 1026 ὄντας
726 992 896 1026 ἐθνικοὺς
926 989 1125 1027 ἀποδέκτας
1152 990 1246 1026 καθ’
1272 991 1430 1034 ἑκάστην
1461 993 1638 1037 ἐπαρχίαν
1669 991 1894 1035 θεσπίζομεν
1923 993 1964 1026 ἐν
1990 995 2066 1026 ταῖς
2097 989 2181 1038 παρ’
2208 990 2331 1027 αὐτῶν

103 1041 308 1084 γινομέναις
331 1035 536 1078 ἀποδείξεσι
559 1035 835 1082 διακεκριμένως
857 1037 901 1071 τὸ
923 1034 978 1072 ἐπ’
1006 1035 1134 1072 αὐτοὺς
1159 1036 1478 1081 καταβαλλόμενον
1500 1040 1643 1083 χρυσίον
1666 1034 1870 1094 ἐγγράφειν,
1894 1040 1954 1071 καὶ
1978 1034 2176 1082 διακρίνειν
2198 1038 2267 1082 τήν
2289 1050 2331 1072 τε

104 1081 426 1127 καταβαλλομένην
455 1080 510 1118 ἐπ’
544 1080 671 1117 αὖτοίς
700 1082 887 1124 ποσότητα
910 1083 1090 1128 προφάσει
1113 1083 1191 1117 τῶν
1215 1080 1429 1125 ἀνηκόντων
1453 1082 1497 1128 τῇ
1524 1083 1587 1125 τῆς
1610 1083 1671 1124 σῆς
1695 1082 1868 1127 υπεροχῆς
1891 1084 2050 1128 τραπέζῃ
2073 1084 2133 1116 καὶ
2155 1082 2226 1126 τὴν
2247 1079 2330 1126 ἆνή-

106 1139 242 1162 κουσαν
265 1131 343 1162 ταῖς
362 1128 481 1162 θείαις
505 1125 610 1172 ἡμῶν
631 1126 843 1173 λαργιτιόσι,
866 1130 927 1161 καὶ
952 1126 1013 1162 διὰ
1036 1128 1113 1161 τῶν
1135 1127 1313 1162 τοιούτων
1337 1124 1561 1168 ἀποδείξεων
1580 1124 1710 1170 δηλοῦν
1729 1127 1796 1171 τὴν
1810 1125 2130 1172 καταβαλλομένην
2145 1125 2332 1172 ποσότητα

104 1176 165 1207 καὶ
187 1173 236 1217 μὴ
260 1173 307 1207 τὰ
327 1173 366 1213 ἐξ
389 1173 526 1219 ἑτέρων
548 1172 685 1208 τίτλων
707 1170 834 1206 ἄδειαν
858 1174 952 1215 ἔχειν
975 1172 1077 1207 τινὰς
1099 1173 1147 1207 εἰς
1171 1173 1308 1218 ἑτέρους
1329 1173 1581 1217 μετατιθέναι.
2355 1180 2399 1213 20

239 1214 360 1263 (Ἐπί
367 1217 415 1252 λο
423 1231 471 1265 γο
482 1218 525 1263 ς.)
565 1218 616 1252 Τὰ
638 1221 763 1252 τοίνυν
787 1215 1140 1262 παραστάντα,ἦμῒν
1162 1221 1222 1252 καὶ
1245 1215 1305 1252 διὰ
1329 1216 1435 1252 τοῦδε
1458 1218 1523 1253 τοῦ
1547 1218 1651 1252 θείου
1675 1218 1928 1264 πραγματικοῦ
1951 1215 2152 1262 δηλούμενα
2173 1215 2287 1262 νόμον
2307 1213 2331 1262 ἡ

105 1262 151 1307 σὴ
174 1260 328 1309 ὑπεροχὴ
352 1264 399 1298 εἰς
423 1265 529 1310 ἔργον
552 1260 717 1307 ἀχθῆναι
738 1261 986 1309 προςταξάτω.

1197 1400 1239 1410 .-

1207 1410 1234 1444 Γ

500 1476 677 1532 ΠΕΡΙ
727 1477 874 1531 ΤΗΣ
921 1475 1071 1530 ΤΩΝ
1118 1475 1516 1530 ΑΡΜΕΝΙῼΝ
1565 1475 1944 1529 ΔῙΑΔΟΧΗΣ.

924 1553 984 1602 (Ὁ
1009 1552 1115 1589 αὐτὸς
1134 1554 1302 1600 βασιλευς
1324 1580 1502 1590 ......
1509 1555 1527 1599 >
2355 1566 2399 1600 25
2460 1595 2469 1599 =

239 1622 545 1668 (Προοίμιον.)
591 1627 665 1658 Καὶ
693 1622 895 1670 Ἀρμενίους
924 1621 1137 1668 βουλόμεθα
1167 1623 1229 1665 τῆς
1260 1625 1434 1669 προτέρας
1463 1620 1738 1663 ἀπαλλάξαντες
1769 1619 1908 1657 ἀδικίας
1940 1622 2002 1658 ἐπὶ
2032 1620 2114 1657 τοὺς
2144 1618 2333 1668 ἡμετέρους

107 1665 167 1701 διὰ
187 1666 343 1703 πάντων
366 1667 517 1715 ἀγαγεῖν
539 1668 671 1714 νόμους
693 1673 753 1704 καὶ
772 1668 901 1704 δοῦναι
925 1666 1046 1704 αὐτοῖς
1068 1666 1222 1711 ἰσότητα
1242 1667 1312 1711 τὴν
1335 1670 1556 1713 πρέπουσαν.

240 1759 391 1794 Edictum
414 1759 480 1792 III
502 1759 628 1794 Graece
651 1767 772 1794 tantum
798 1767 885 1794 extat
906 1761 941 1794 in
965 1759 1015 1794 Μ
1035 1778 1079 1784 -
1103 1760 1193 1803 Epz't.
1219 1759 1341 1792 Athan.
1357 1758 1461 1792 XIX
1475 1759 1518 1793 1?
1555 1753 1685 1800 (Οὐδὲν
1716 1756 1828 1793 πλέον
1857 1757 1919 1800 τῆς
1949 1758 2147 1805 ἐπιγραφῆς
2173 1754 2335 1791 διδάσκει

105 1800 128 1847 ἡ
153 1799 339 1847 διάταξις.)
385 1804 507 1838 Iulian.
532 1812 630 1839 const.
648 1806 796 1839 XXIX.

105 1959 177 1995 tale
199 1960 257 1995 ius
276 1959 322 1995 ab
345 1961 398 1995 eis
428 1961 657 2007 acceperint,·
687 1960 751 1995 sed
780 1959 899 1995 licebit
928 1959 1041 1995 cuivis
1070 1959 1372 2007 comprehendere
1402 1970 1476 2002 eos,
1506 1960 1567 1994 cui
1597 1960 1798 2005 imperatur
1820 1962 1862 1994 ut
1882 1958 1928 1994 ab
1951 1959 2025 1994 illis
2047 1959 2167 1996 debita
2184 1958 2334 2005 publica

106 2005 242 2040 tributa
271 2004 399 2047 solvat,
430 2006 482 2041 ita
511 2010 553 2041 ut
581 2006 639 2040 ius
667 2005 707 2040 in
731 2005 925 2051 provincia
950 2005 997 2040 iis
1024 2004 1147 2040 datum
1179 2004 1229 2040 ad
1259 2005 1397 2040 nullam
1427 2015 1503 2040 rem
1535 2004 1625 2050 ipsis
1656 2005 1745 2040 utile
1767 2005 1825 2049 sit,
1849 2004 1915 2040 sed
1935 2003 1991 2039 illi
2012 2004 2083 2039 soli
2104 2004 2335 2040 securitatem

106 2049 272 2092 habeant,
298 2051 362 2096 qui
385 2061 435 2086 ex
457 2061 566 2086 sacra
589 2053 714 2086 nostra
738 2050 897 2085 iussione
920 2054 986 2085 aut
1007 2050 1245 2086 excellentiae
1268 2053 1351 2085 tuae
1373 2049 1556 2085 mandatis
1578 2050 1636 2084 ius
1659 2049 1754 2095 asyli
1776 2050 1992 2096 acceperint.

238 2096 267 2131 Ι.
315 2094 494 2138 Quoniam
523 2099 644 2132 autem
674 2106 697 2130 a
727 2095 847 2141 qloria
872 2099 934 2130 tua
958 2095 1077 2131 edocti
1098 2105 1222 2130 sumus
1245 2095 1440 2130 nonnullos
1463 2095 1501 2129 in
1525 2094 1686 2130 diversas
1707 2095 1917 2141 provincias
1932 2094 2126 2141 profectos
2147 2093 2198 2129 ad
2218 2093 2336 2140 inqui-

104 2140 271 2176 sitionem
295 2151 432 2183 eorum,
457 2141 521 2187 qui
542 2152 582 2176 se
606 2140 868 2176 haereticorum
891 2141 1010 2176 errori
1033 2140 1265 2182 dedidissent,
1287 2140 1409 2175 multis
1431 2139 1584 2176 subditis
1608 2139 1678 2175 hac
1700 2139 1746 2176 de
1768 2150 1880 2176 causa
1903 2138 2169 2187 comprehensis
2189 2143 2336 2185 sportu-

105 2186 224 2221 larum
247 2187 392 2221 nomine
412 2186 610 2232 plurimum
633 2186 716 2221 auri
739 2185 784 2220 ab
808 2186 860 2221 eis
883 2186 1075 2232 accepisse,
1100 2186 1293 2228 sancimus,
1317 2188 1359 2220 ut
1382 2185 1448 2230 qui
1470 2185 1541 2221 tale
1565 2184 1707 2230 aliquid
1732 2185 1814 2220 ausi
1828 2189 1911 2220 sunt
1935 2189 1968 2220 et
1985 2183 2336 2238 comprehendantur

104 2235 141 2266 et
159 2231 212 2266 ad
232 2231 451 2266 clarissimos
468 2231 743 2277 provinciarum
794 2230 953 2266 raesides
976 2229 1170 2273 ducantur,
1194 2235 1229 2266 et
1248 2234 1335 2276 post
1357 2229 1593 2276 probationes
1616 2229 1715 2276 quod
1736 2230 1943 2276 acceperint
1964 2230 2002 2265 in
2019 2235 2066 2266 tre
2094 2229 2166 2265 lum
2181 2229 2335 2273 solvant,

105 2279 127 2312 1
185 2279 223 2311 et
251 2276 420 2322 simplum
451 2277 498 2312 iis
528 2276 620 2323 ipsis
651 2276 716 2322 qui
745 2242 878 2311 tltyzmno
910 2276 1035 2320 affecti
1064 2279 1148 2310 sunt
1177 2275 1349 2317 reddant,
1385 2275 1535 2321 duplum
1565 2285 1648 2310 vero
1681 2275 1772 2320 fisco
1803 2276 2000 2321 inferatur.
2047 2241 2117 2319 ἄιε·
2148 2279 2267 2310 autem
2295 2274 2335 2309 in

105 2321 292 2356 vicariana
321 2321 478 2364 cohorte,
510 2332 604 2367 quae
634 2321 823 2367 spectabili
845 2321 1005 2356 Asianae
1036 2319 1239 2356 dioeceseos
1270 2320 1407 2356 vicario
1439 2324 1606 2366 apparet,
1639 2320 1826 2356 constituti
1855 2323 1952 2362 sunt,
1987 2330 2054 2355 suo
2087 2320 2335 2365 bonorumque

104 2376 252 2402 suorum
276 2366 444 2412 periculo
471 2366 702 2413 publicorum
735 2365 952 2401 tributorum
982 2365 1179 2401 illationem
1196 2366 1371 2412 faciant,
1403 2375 1483 2400 cum
1509 2364 1726 2410 defecerint,
1759 2368 1800 2400 ut
1831 2364 1900 2399 hoc
1931 2375 2076 2411 quoque
2098 2364 2149 2399 ad
2171 2369 2333 2399 nostram

103 2412 273 2457 pietatem
294 2411 509 2447 excellentia
533 2417 595 2447 tua
616 2411 766 2453 rettulit,
790 2412 821 2446 ii
838 2411 905 2462 qui
928 2410 978 2445 ad
997 2410 1258 2457 provincialem
1282 2410 1466 2445 cohortem
1484 2410 1672 2456 pertinent
1695 2413 1732 2445 et
1755 2409 1804 2445 ad
1824 2420 1969 2456 paucos
1985 2409 2178 2445 admodum
2196 2408 2335 2455 redacti

104 2457 189 2499 sae'nt,
219 2467 238 2491 e
268 2457 380 2491 mullo
406 2462 524 2493 autem
549 2461 708 2503 tempore
730 2456 888 2491 vicarius
913 2457 1021 2491 etiam
1045 2455 1236 2491 clarissimi
1252 2455 1470 2501 provinciae
1491 2454 1673 2500 praesidis
1696 2453 1885 2501 Phryqum
1909 2454 2194 2490 Pacatianorum
2216 2453 2336 2500 qentis

105 2502 359 2548 maqistratum
392 2502 592 2549 susceperit
600 2514 614 2543 ;
646 2501 789 2537 licentia
819 2501 907 2536 data
930 2501 986 2542 iis,
1019 2501 1085 2580 gui
1105 2501 1144 2535 in
1167 2500 1390 2535 vicarianam
1413 2499 1594 2535 cohortem
1614 2499 1723 2535 relati
1745 2504 1843 2542 sunt,
1867 2503 1908 2535 ut
1931 2500 2035 2535 iussu
2058 2499 2188 2535 vicarii
2211 2502 2249 2535 et
2270 2498 2334 2544 qui

105 2547 129 2582 2
176 2557 273 2581 nunc
296 2550 352 2582 est
381 2551 418 2583 et
436 2558 509 2593 pro
535 2551 695 2592 tempore
717 2547 869 2591 futurus
892 2549 947 2581 est
963 2557 1019 2592 pu
1045 2545 1134 2581 licas
1157 2545 1440 2580 contributiones
1459 2545 1613 2590 exigant
1635 2555 1768 2590 easque
1787 2545 1878 2590 fisco
1901 2544 2035 2590 inferri
2058 2547 2195 2580 curent.
2242 2543 2335 2579 Pro·

107 2591 277 2627 vinciales
307 2602 391 2627 vero
419 2597 647 2638 susceptores
675 2592 714 2627 in
747 2601 820 2626 una
851 2601 996 2636 quaque
1021 2591 1217 2637 provincia
1242 2590 1459 2626 constitutos
1482 2591 1520 2624 in
1544 2589 1696 2635 apochis
1718 2589 1762 2625 ab
1787 2590 1840 2626 eis
1863 2590 2042 2635 confectis
2064 2589 2221 2624 solutum
2243 2588 2335 2635 ipsis

106 2647 235 2671 aurum
258 2636 426 2671 distincte
447 2637 647 2672 inscribant
670 2640 707 2672 et
729 2636 936 2671 discernant
958 2635 1114 2671 solutam
1139 2636 1230 2682 ipse's
1252 2636 1491 2681 quantitatem
1515 2635 1702 2670 occasione
1725 2645 1862 2677 eorum,
1887 2645 1982 2680 quae
2002 2638 2085 2670 tuae
2099 2633 2336 2670 eoecellentiae

107 2692 260 2722 mensae,
283 2685 319 2715 et
339 2692 433 2727 quae
456 2683 572 2718 sacris
595 2683 733 2717 nostris
756 2680 1011 2727 larqitionibus
1036 2685 1254 2726 competunt,
1279 2684 1316 2715 et
1324 2690 1395 2735 per
1411 2679 1618 2714 huiusmodi
1631 2680 1844 2716 securitates
1856 2679 2080 2726 persolutam
2098 2679 2334 2725 quantitatem

106 2726 350 2770 manifestent,
377 2737 492 2772 neque
514 2738 564 2762 ea:
587 2727 671 2762 aliis
694 2725 807 2762 titulis
830 2727 868 2761 in
892 2726 985 2760 alios
1010 2730 1248 2772 transponere
1272 2735 1441 2771 cuiquam
1465 2724 1581 2760 liceat.

243 2769 280 2805 E
282 2770 484 2815 piloqus.
534 2771 633 2814 Quae
655 2772 769 2817 iqitur
792 2771 896 2806 nobis
912 2770 1136 2817 placuerunt
1158 2774 1193 2807 et
1208 2781 1282 2817 per
1304 2769 1400 2806 hanc
1421 2780 1565 2805 sacram
1583 2770 1853 2816 praqmaticam
1868 2768 2103 2805 declarantur
2121 2768 2245 2815 leqem,
2268 2778 2333 2804 ex-

107 2815 272 2851 cellentia
298 2821 359 2850 tua
383 2815 432 2850 ad
452 2816 617 2862 effectum
638 2816 791 2863 perduci
813 2816 945 2851 iubeat.

646 3016 750 3067 DE
790 2948 1286 3068 ARMENIORIUIIil
1330 3015 1806 3068 SUCCESSIONE.

998 3093 1097 3131 Idem
1119 3096 1318 3143 imperator
1341 3122 1350 3131 .
1375 3122 1385 3131 .
1411 3124 1419 3131 .
1445 3123 1454 3132 .

245 3163 503 3209 Praefatio.
551 3160 672 3197 Etiam
704 3162 892 3197 Armenios
927 3163 1092 3198 volumus
1121 3163 1283 3209 pristina
1316 3162 1496 3198 iniustitia
1526 3161 1699 3197 liberatos
1730 3162 1781 3196 ad
1810 3164 1957 3197 nostras
1988 3161 2085 3208 leqes
2108 3170 2181 3208 per
2212 3160 2334 3197 omnia

110 3209 286 3246 deducere
307 3215 343 3245 et
366 3208 630 3245 convenientem
653 3207 706 3242 eis
729 3207 866 3243 donare
889 3206 1136 3253 aequitatem*

156 3369 177 3402 6
213 3365 473 3411 σπορτούλλων
497 3366 539 3399 Μ
570 3365 582 3408 [Ι
613 3367 633 3399 8
666 3372 742 3409 post
777 3363 921 3409 ληφθὲν
957 3366 1112 3399 excidisse
1147 3365 1188 3398 ἐν
1257 3365 1290 3398 lc.
1314 3365 1400 3397 Mai.
1427 3377 1457 3399 a.
1475 3365 1549 3397 531.
1575 3364 1587 3406 ΙΙ
1615 3366 1659 3398 24
1679 3366 1774 3397 inser.
1799 3365 1889 3408 Περὶ
1912 3362 2011 3408 (tofi)
2033 3361 2115 3397 τοὺς
2135 3359 2334 3408 Ἀρμενίους

110 3410 251 3457 τριπλῷ
276 3414 358 3446 vidit
380 3410 595 3454 Zachariaefl
616 3412 657 3445 16
688 3410 848 3456 γενικοὺς
872 3410 953 3443 coni.
979 3410 1167 3444 Zachariae
1174 3421 1189 3450 ;
1255 3407 1348 3442 κατὰ
1364 3406 1424 3442 τοὶ
1431 3419 1446 3441 ς
1461 3407 1647 3451 Ῥωμαίων
1662 3407 1923 3443 πολιτεύεσθαι
1939 3407 2068 3452 νόμους
2080 3410 2155 3442 Am.
2175 3410 2335 3452 (pertinet

111 3467 146 3492 at
162 3461 203 3500 cf.
220 3459 300 3492 cod.
317 3459 368 3498 12,
381 3459 436 3499 63,
451 3458 471 3490 2
488 3457 508 3497 ξ
522 3463 539 3490 6
558 3455 571 3500 {l
587 3457 630 3490 22
654 3458 774 3490 subscr.
800 3457 909 3496 deest,·
932 3456 1012 3487 data
1040 3462 1087 3488 cst
1113 3467 1186 3488 con·
1247 3456 1396 3498 sortasse
1420 3456 1467 3487 ad
1486 3467 1557 3487 nov.
1576 3455 1702 3494 XXI).
1742 3455 1786 3487 Ut
1809 3455 1895 3495 iura,
1918 3455 2052 3496 quaein
2070 3452 2333 3486 successionibus

110 3506 234 3538 stitutio
253 3510 326 3536 ante
351 3515 421 3535 nov.
440 3502 539 3542 VIII,
561 3515 626 3545 qua
638 3502 854 3545 praecipitur,
878 3507 914 3533 ut
929 3501 1071 3533 vicarius
1083 3500 1187 3533 Asiae
1255 3499 1364 3541 posita
1388 3501 1467 3531 sunt
1491 3499 1531 3531 ab
1555 3499 1712 3532 intestato
1736 3499 1957 3539 venientibus,
1982 3499 2081 3531 etiam
2105 3498 2142 3531 in
2168 3498 2332 3531 Armeniis

112 3549 293 3592 appelletur
316 3560 418 3581 comes
442 3547 609 3591 Phryyz'ae
629 3548 831 3580 Pacatianae
854 3547 906 3589 (p.
924 3546 978 3585 67,
992 3552 1028 3578 26
1041 3546 1097 3586 ss.)
1121 3546 1141 3577 i.
1160 3557 1185 3577 e.
1255 3546 1390 3576 teneant
1413 3545 1475 3577 Iul.
1493 3543 1505 3588 ΙΙ
1525 3545 1567 3578 25
1590 3541 1628 3578 ‘0
1652 3543 1759 3578 αὐτὸς
1777 3548 1863 3588 βασ.
1887 3545 2007 3577 addidi
2029 3556 2067 3577 ez·
2089 3545 2180 3584 Aila,
2210 3543 2330 3577 Acacio

113 3602 185 3627 ante
207 3593 311 3626 XVII
335 3593 419 3634 (XII
430 3591 461 3636 ?)
485 3593 516 3625 k.
538 3592 621 3626 Mai.
645 3605 675 3624 a.
693 3594 758 3626 535
780 3599 810 3625 et
828 3598 905 3634 post
928 3603 1022 3633 quam
1045 3590 1186 3623 Ioannes
1250 3591 1439 3633 proconsuli
1465 3591 1638 3623 Armeniae
1673 3592 1731 3633 (cf.
1764 3603 1835 3623 nov.
1857 3589 1954 3622 XXI
1983 3602 2015 3633 p.
2044 3590 2117 3630 144,
2136 3596 2170 3623 33
2202 3586 2336 3621 XXXI

108 3642 348 3683 praefecturam
375 3639 456 3679 iniit,
482 3639 518 3671 id
540 3639 629 3680 quod
631 3639 719 3680 fecit
735 3639 817 3671 inter
832 3635 866 3669 X
883 3636 914 3669 k.
931 3636 1033 3669 Mart.
1053 3643 1083 3669 et
1094 3636 1183 3678 prid.
1250 3647 1286 3678 p.
1305 3635 1421 3676 236,1)
1446 3636 1526 3668 data
1550 3648 1616 3668 esse
1640 3637 1774 3668 videtur.
