2592 3840
242 86 283 130 N
286 101 350 130 ov.
381 86 527 130 XXIX
559 91 597 129 4.
629 91 653 130 5
1316 84 1399 132 222
1767 102 1827 133 nn
1856 101 2090 135 emmone
2117 103 2465 137 PAPHLAeomAn

243 201 317 232 τοῖς
346 197 600 254 προςηκόντων
631 195 852 242 ἀνθρώποις.
901 199 974 230 Καὶ
1002 195 1259 241 ἐπιμελήσεταί
1278 211 1319 245 γε
1387 199 1456 234 bus
1479 199 1755 244 competentium
1777 199 1992 236 hominibus.
2037 201 2185 238 curabit
2200 212 2341 248 qnoque
2358 213 2464 248 prae·

243 241 490 289 διαφεροντως
510 244 573 278 τοῦ
595 241 677 277 κατ’
700 245 850 276 ἐκείνους
871 240 1005 289 ῥᾳδίως
1025 238 1320 288 ἇμαρτανομένου
1391 244 1496 289 cipue
1520 244 1615 289 quod
1641 245 1679 280 in
1701 245 1772 280 illis
1797 245 1891 281 delin
1917 246 2016 281 uitur
2037 247 2138 291 locis,
2169 257 2240 283 non
2263 249 2466 292 permittere

243 287 325 322 τοὺς
348 287 487 329 τόπους,
511 287 553 322 τὸ
576 287 626 332 μὴ
644 290 839 334 συγχωρεῖν
862 285 1002 320 τίτλους
1025 287 1234 321 ἐπιτιθέναι
1251 301 1319 331 χω·-
1389 288 1513 324 titulos
1543 289 1678 341 imponi
1706 291 1865 343 praediis
1889 256 1923 326 ὦ

268 337 332 367 ίοις
354 337 453 367 τισὶν
475 331 803 380 ἀναγεγραμμένους
833 332 881 366 εἴς
903 342 1001 365 τινος
1023 331 1137 376 ὄνομα
1158 333 1238 366 τῶν
1259 332 1318 367 ᾶλ-
1386 334 1489 369 0111118
1511 343 1654 370 nomme
1676 335 1831 371 aliorum
1854 335 1946 371 citra
1967 335 2095 372 fiscum
2116 340 2151 372 et
2173 337 2375 382 imperiales
2400 339 2464 374 do-

244 346 321 412 λων
344 377 438 421 πλὴν
461 379 525 412 τοῦ
546 375 714 421 δημοσίου
736 390 776 410 τε
798 379 858 409 καὶ
882 377 959 410 τῶν
977 375 1178 420 βασιλικῶν
1196 377 1317 412 οἴκων.
1353 383 1373 414 5
1385 389 1474 421 mos,
1495 379 1558 415 sed
1576 379 1607 414 si
1625 379 1712 424 quid
1731 380 1805 416 tale
1823 381 1996 416 invenerit
2013 381 2161 426 factum,
2180 382 2304 418 titulos
2324 382 2466 427 quidem

243 420 325 456 ἀλλ’
345 423 381 456 εἴ
402 436 438 457 τι
458 423 621 456 τοιοῦτον
645 419 739 466 εὕροι
762 420 963 467 γινόμενον,
986 419 1068 456 τοὺς
1090 423 1157 465 μὲν
1179 420 1319 457 τίτλους
1385 426 1533 469 repente
1563 424 1729 470 deponet,
1760 425 1858 461 illius
1881 435 1964 461 vero
1987 426 2142 471 praediis
2174 427 2235 471 qui
2266 427 2355 462 haec
2377 427 2465 463 deli-

244 465 373 501 αὐτίκα
396 466 622 514 καθαιρήσει,
646 470 718 500 τοῖς
741 464 780 499 δὲ
799 467 933 500 ἐκείνου
956 469 1099 513 χωρίοις
1121 467 1185 501 τοῦ
1202 468 1318 502 ταῦτα
1386 469 1473 513 quit,
1498 469 1530 504 si
1552 479 1723 515 praesens
1755 470 1825 507 hoc
1848 470 1932 515 agit,
1964 471 2089 507 titulos
2118 472 2276 516 imponet
2299 472 2465 508 omnibus

243 510 527 559 ἁμαρτάνοντος,
559 512 596 545 εἴ
620 524 660 558 γε
683 509 814 558 παρών
836 512 953 545 ταῦτα
976 508 1147 555 πράττοι,
1179 511 1319 547 τίτλους
1386 513 1500 549 modis
1531 514 1674 550 nomine
1705 515 1786 550 fisci
1818 519 1855 551 et
1876 516 2041 561 primitus
2070 516 2253 562 depositos
2276 517 2401 553 titulos
2425 517 2464 552 in

244 555 415 600 ἐπιθήσει
430 555 575 591 πάντως
593 553 744 600 ὀνόματι
759 557 823 590 τοῦ
840 553 1021 600 δημοσίου,
1042 555 1221 603 πρότερον
1236 556 1319 592 τοὺς
1386 558 1482 594 1111118
1506 559 1705 603 confringet
1728 563 1855 605 caput;
1892 561 1922 596 si
1945 570 2029 596 vero
2054 562 2183 597 absens
2206 561 2326 604 fuerit,
2357 571 2465 607 prae-

243 602 534 646 καθαιρεθέντας
565 600 703 635 τίτλους
737 601 785 634 εἰς
818 599 887 644 τὴν
916 602 1052 636 ἐκείνου
1085 603 1319 649 περιρρηγνὺς
1335 606 1374 638 10
1387 604 1525 639 diorum
1556 605 1800 649 praepositum
1832 606 2133 651 comprehendens
2165 608 2202 642 et
2232 616 2363 651 corpus
2386 607 2464 642 eius

243 646 411 692 κεφαλήν,
437 647 468 679 εἰ
486 644 525 679 δὲ
544 643 652 679 ἀπών
669 645 733 688 εἴη,
756 644 822 679 τὸν
842 646 921 679 τῶν
939 649 1083 692 χωρίων
1103 649 1317 692 προεστῶτα
1386 648 1594 684 verberibus
1626 649 1779 684 subiciet
1808 653 1845 686 et
1872 650 1997 687 titulos
2020 651 2128 687 etiam
2156 651 2209 687 sic
2231 653 2379 697 repente
2402 651 2464 687 de·

243 690 436 735 συλλαβὼν
459 690 500 724 τὸ
517 689 621 735 σῶμά
644 703 684 724 τε
703 687 813 724 αὐτοῦ
834 689 1009 734 βασάνοις
1026 688 1212 735 ὑποβαλεῖ,
1236 691 1318 726 τοὺς
1386 695 1498 738 ponet
1527 693 1566 728 in
1597 697 1706 738 caput
1736 695 1933 739 praepositi
1963 696 2189 749 praediorum
2220 706 2282 732 eos
2306 695 2464 732 eonfrin-

242 735 380 770 τίτλσυς
410 749 450 769 τε
480 738 540 768 καὶ
567 732 681 769 οὕτως
711 733 822 769 εὐθὺς
842 734 1059 780 καθαιρήσει
1089 736 1138 770 εἰς
1160 735 1318 783 κεφαλὴν
1386 747 1484 781 gens,
1509 738 1626 773 sciens
1651 738 1744 783 quia,
1778 739 1809 774 si
1831 741 1905 776 tale
1928 741 1976 775 all
2000 741 2062 776 uid
2085 741 2289 786 despexerit
2311 744 2349 777 et
2371 741 2463 777 didi-

242 782 306 814 τοῦ
330 782 557 826 προεστῶτος
576 781 655 813 τῶν
676 783 822 825 χωρίων
846 777 974 815 αὐτοὺς
996 778 1184 822 κατεάξας·
1209 781 1317 828 γινώ-
1390 783 1541 818 cerimus
1569 783 1693 819 titulos
1724 783 1824 828 infigi
1844 784 1927 831 (ab)
1957 751 2005 820 affl
2029 785 2135 822 nibus
2165 786 2353 832 impositos
2384 785 2464 821 aliis

242 837 351 867 σκων,
376 823 423 859 οἷς
442 826 473 858 εἰ
493 824 634 858 τοιοῦτό
654 838 691 858 τι
709 822 864 872 περιίδοι
892 827 952 859 καὶ
971 823 1155 870 μάθοιμεν
1179 825 1319 861 τίτλους
1335 830 1373 862 15
1387 831 1531 872 praeter
1552 827 1680 863 fiscum
1708 831 1745 864 et
1772 829 1974 875 imperiales
2022 841 2121 866 omos
2145 834 2288 867 nostras
2319 834 2356 866 et
2377 831 2463 876 piis-

241 870 448 905 ἐπικεῖσθαι
472 868 571 915 παρά
594 882 709 904 τινων
731 870 971 906 ἐπιτεθέντας
993 868 1115 904 ἄλλων
1136 869 1231 915 πλὴν
1254 873 1318 906 τοῦ
1388 872 1499 908 8111188
1510 872 1707 917 Augustae,
1730 875 1767 909 et
1787 874 1941 909 iudicem
2036 878 2217 911 oscentem
2237 875 2378 911 factum
2401 875 2464 911 (le-

240 928 281 949 τε
303 913 474 970 δημοσίου
502 915 581 949 τῶν
610 927 651 948 τε
680 914 885 959 βασιλικῶν
913 915 1024 950 οἴκων
1055 913 1159 959 ἡμῶν
1188 929 1228 950 τε
1257 919 1318 951 καὶ
1386 918 1557 961 spexisse‚
1588 917 1667 962 ipse
1690 918 1751 963 qui
1775 918 1954 964 cingulum
2011 920 2096 956 abet
2119 920 2311 956 sustinebit
2332 920 2463 956 confis-

239 961 300 1002 τῆς
315 956 568 1004 ευσεβεστάτης
582 956 804 1006 Αὐγούστης,
824 958 891 996 τόν
910 973 951 994 τε
970 959 1127 1006 ἄρχοντα
1142 960 1317 1004 μαθόντα
1386 962 1578 1005 cationem,
1612 962 1698 1007 quia
1716 963 1832 1009 (cum)
1854 964 2012 1009 potuerit
2033 965 2123 1000 haec
2141 964 2248 1000 facile
2273 965 2465 1010 prohibere

239 1003 281 1038 τὸ
294 1005 496 1058 ’γενόμενον
519 1005 702 1052 περιορᾶν,
727 1004 832 1040 αὐτὸς
854 1003 874 1040 ὁ
890 1004 958 1048 τὴν
978 1004 1091 1052 ἀρχὴν
1112 1008 1208 1049 ἔχων
1230 1003 1315 1041 ὖπο-
1385 1007 1626 1052 magnitudine
1664 1011 1769 1044 utens
1807 1008 2144 1054 administrationis,
2183 1012 2304 1046 tamen
2343 1009 2464 1046 studio

238 1060 410 1092 στήσεται
434 1047 613 1093 δήμευσιν,
650 1047 698 1084 ῶς
720 1049 841 1096 παρὸν
863 1051 980 1085 ταῦτα
1010 1048 1144 1098 ῥᾳδίως
1165 1049 1316 1086 κωλύειν
1330 1051 1475 1087 2011880
1499 1052 1723 1097 contempsit.

237 1095 292 1137 τῷ
326 1094 474 1141 μεγέθει
506 1093 695 1142 χριόμενον
729 1096 791 1139 τῆς
826 1092 948 1142 ἀρχῆς,
982 1090 1079 1140 ὅμως
1113 1094 1317 1140 ἐξεπίτηδες

237 1138 379 1174 τούτων
402 1137 602 1186 ὑπερορῶν.

1239 1219 1395 1256 CAPUT
1418 1220 1463 1256 V.

289 1270 464 1307 Κάκείνου
500 1271 540 1307 δὲ
570 1273 715 1307 θέσθαι
749 1286 778 1309 π
802 1273 926 1309 ύνοιαν
963 1272 1075 1310 αὐτὸν
1105 1274 1315 1321 βουλόμεθα
1429 1276 1528 1311 1111118
1546 1287 1688 1322 (1110(1118
1705 1286 1839 1322 ponere
1861 1286 1942 1312 eum
1958 1277 2214 1322 providentiam
2229 1279 2402 1323 volumus,
2421 1282 2464 1315 ut

237 1319 300 1351 τοῦ
330 1319 418 1351 πᾶσι
450 1317 681 1364 λῃστεύουσιν
713 1321 778 1353 ἐπε
801 1323 893 1353 ιε’ναι
926 1323 985 1353 καὶ
1017 1323 1091 1354 τοῖς
1114 1320 1314 1368 ἁρπάζουσι
1385 1331 1507 1357 omnes
1530 1322 1788 1358 latrocinantes
1807 1322 2017 1367 insequatur
2039 1326 2076 1358 et
2094 1324 2306 1369 arripientes
2326 1324 2462 1360 alienas

237 1361 320 1397 τοὺς
343 1360 545 1409 ἀλλοτρίους
567 1366 667 1407 βίους
686 1359 784 1406 ἢκαὶ
806 1367 975 1411 γυναῖκας
998 1368 1057 1399 καὶ
1081 1363 1172 1400 ἄλλα
1196 1365 1316 1413 έγκλή-
1328 1368 1370 1403 25
1383 1367 1474 1402 vitas
1497 1370 1561 1401 aut
1584 1366 1692 1402 etiam
1715 1377 1848 1403 uxores
1871 1372 1908 1402 et
1924 1367 1996 1407 alia
2016 1368 2165 1404 crimina
2188 1369 2462 1412 committentes,

235 1421 335 1451 ματα
359 1409 376 1441 ἐ
398 1411 615 1454 γαζομένοις,
648 1412 808 1452 συνέχειν
831 1422 871 1443 τε
894 1407 1021 1444 αὐτοὺς
1044 1413 1104 1444 καὶ
1127 1414 1316 1458 τιμωρίαις
1385 1414 1422 1447 et
1453 1412 1733 1457 comprehendat
1762 1414 1825 1448 eos
1856 1415 1892 1446 et
1921 1413 2106 1458 suppliciis
2135 1413 2290 1450 subiciat
2319 1424 2461 1460 compe-

235 1421 455 1497 ὖποβάλῖειν
475 1453 737 1502 προςηκούσαις,
761 1457 821 1488 καὶ
843 1455 965 1490 πᾶσαν
984 1452 1129 1490 ἀδικίαν
1144 1452 1314 1491 &vaurst—
1383 1456 1554 1499 tentibus,
1579 1460 1616 1493 et
1639 1467 1779 1493 omnem
1801 1457 2014 1492 iniustitiam
2036 1458 2195 1494 inhibeat
2217 1462 2254 1495 et
2271 1469 2345 1496 non
2367 1459 2463 1495 sinat

237 1496 312 1531 λειν
348 1501 407 1531 καὶ
437 1497 486 1542 μὴ
522 1501 717 1546 συγχωρεῖν
749 1500 790 1534 ἕν
819 1512 894 1534 τινι
927 1499 1009 1534 τούς
1039 1502 1316 1547 ἐπιεικεστέρους
1384 1501 1540 1547 aliquem
1562 1501 1762 1538 mitioribus
1786 1511 1933 1538 nocere:
1964 1512 2011 1539 ne
2033 1502 2150 1539 denuo
2172 1511 2240 1540 nos
2261 1503 2341 1540 aliis
2361 1514 2460 1585 οἷ08-

236 1540 385 1577 ἀδικεῖν·
408 1539 495 1578 ὥςτε
515 1543 562 1587 μὴ
582 1542 694 1578 πάλιν
713 1542 802 1588 ἡμᾶς
821 1544 956 1590 ἑτέρων
977 1543 1125 1580 δεῖσθαι
1143 1547 1223 1581 τῶν
1242 1549 1315 1580 τοῖς
1383 1557 1463 1582 mus
1487 1547 1549 1591 qui
1571 1547 1659 1582 talia
1682 1549 1922 1592 exequantur,
1950 1550 1992 1583 ut
2022 1558 2147 1583 rursus
2175 1548 2357 1594 patiamur
2408 1549 2461 1586 io-

235 1586 411 1622 τοιούτοις
433 1587 656 1630 ἐπεξιόντων
686 1593 747 1623 καὶ
778 1588 891 1624 πάλιν
923 1587 1120 1633 ἀνέχεσθαι
1142 1590 1312 1635 βιοκωλυ-
1327 1594 1370 1627 30
1383 1592 1520 1637 colytas
1544 1592 1595 1635 (id
1618 1596 1673 1628 est
1695 1592 1944 1628 violentiarum
1966 1593 2189 1635 inhibitores)
2221 1596 2258 1630 et
2279 1594 2461 1630 latronum

235 1633 313 1667 τῶν
335 1645 376 1666 τε
399 1637 459 1667 καὶ
483 1633 762 1682 λῃστοδιωκτῶν
792 1638 853 1668 καὶ
876 1635 1013 1682 ἑτέρων
1036 1635 1214 1670 τοιούτων
1236 1634 1314 1671 ὀνο·
1382 1638 1616 1682 insecutores,
1633 1640 1670 1673 et
1687 1637 1986 1674 aliishuiusmodi
2000 1638 2203 1674 nominibus
2219 1642 2328 1685 atque
2339 1639 2461 1684 rebus,

235 1676 363 1720 μάτων
396 1691 437 1712 τε
468 1683 528 1713 καὶ
563 1678 806 1726 πραγμάτων·
840 1675 933 1725 ἅπερ
969 1679 1065 1724 ἡμεῖς
1092 1679 1313 1728 ἄποστρεφό-
1382 1692 1471 1727 quas
1503 1693 1570 1718 nos
1593 1682 1821 1719 adversantes
1854 1683 1901 1718 ad
1930 1683 2025 1718 hunc
2049 1693 2130 1719 eum
2155 1683 2314 1720 ordinem
2336 1684 2460 1720 eduxi-

234 1736 336 1767 μενοι
363 1722 450 1780 πρὸς
480 1721 617 1767 ταύτην
647 1722 759 1759 αὐτὸν
794 1723 861 1768 τὴν
890 1725 995 1766 τάξιν
1027 1723 1215 1772 ἠγάγομεν,
1253 1730 1314 1760 καὶ
1381 1738 1480 1771 111118,
1515 1730 1552 1762 et
1582 1727 1634 1763 sic
1664 1728 1697 1763 ei
1725 1728 1912 1764 honestam
1935 1728 2277 1764 administrationem
2299 1728 2460 1772 fecimus,

235 1765 348 1801 οὕτως
368 1769 468 1812 αυτῷ
489 1769 622 1813 σεμνὴν
644 1769 712 1812 τὴν
731 1767 843 1815 ἀρχὴν
863 1770 1119 1815 πεποιήκαμεν,
1147 1768 1234 1805 ὥςτε
1254 1774 1314 1805 καὶ
1381 1774 1424 1807 ut
1447 1775 1485 1807 et
1507 1772 1778 1818 appellationes,
1809 1782 1901 1818 (11188
1931 1773 1963 1808 81
1986 1773 2159 1809 iudicanti
2182 1773 2323 1817 dantur,
2353 1777 2392 1810 et
2413 1774 2461 1810 ad

235 1812 297 1846 τὰς
320 1812 504 1856 ἐκκλήτους
531 1813 595 1848 τὰς
618 1811 717 1858 αὐτῷ
742 1813 926 1857 δικάζοντι
950 1813 1139 1860 διδομένας
1162 1814 1251 1863 πρός
1274 1829 1314 1850 τε
1326 1819 1368 1852 35
1381 1819 1482 1852 tuam
1506 1818 1752 1853 celsitudinem
1777 1819 1814 1854 et
1836 1818 1897 1862 qui
1920 1827 1985 1863 per
2006 1820 2147 1863 tempus
2170 1819 2317 1855 eandem
2339 1829 2459 1856 susce-

234 1856 302 1900 τὴν
324 1857 392 1900 σὴν
413 1855 591 1906 ὑπεροχὴν
620 1862 681 1892 καὶ
710 1858 792 1894 τοὺς
822 1862 915 1894 κατὰ
945 1859 1072 1907 καιρὸν
1103 1859 1171 1904 τὴν
1201 1858 1313 1904 αὐτὴν
1381 1863 1501 1907 perint
1532 1862 1756 1907 dignitatem,
1787 1864 1824 1898 et
1853 1862 1901 1898 ad
1930 1863 2206 1899 famosissimum
2236 1867 2461 1909 quaestorem

235 1901 555 1948 παραληψομένους
577 1901 687 1951 ἀρχὴν
715 1902 805 1951 πρός
827 1917 868 1939 τε
893 1904 959 1940 τὸν
982 1906 1220 1952 πανεύφημον
1243 1919 1312 1940 κοι-
1383 1907 1478 1942 sacri
1500 1908 1616 1945 nustri
1639 1907 1781 1953 palatii,
1813 1908 1875 1953 qui
1906 1909 2102 1944 secundum
2129 1909 2288 1945 ordinem
2316 1911 2459 1946 consul-

236 1951 397 1993 αίστωρα
421 1950 485 1982 τοῦ
505 1949 610 1983 θείου
634 1947 738 1993 ἡμῶν
758 1948 947 1992 παλατίου,
971 1950 1075 1997 οἵπερ
1098 1951 1191 1985 κατὰ
1208 1951 1314 1991 τάξιν
1381 1952 1528 1988 tationis
1550 1962 1612 1988 eas
1637 1953 1823 1997 audibunt,
1853 1953 2008 1989 minores
2039 1955 2159 1989 autem
2190 1954 2460 1999 quingentorum

234 1992 550 2028 κονσουλτατίονος
585 1991 709 2028 αὐτῶν
746 1992 1002 2040 ἀκροάσονται,
1040 1994 1104 2030 τὰς
1138 1994 1179 2030 δὲ
1213 1995 1312 2031 ἐλάτ-
1382 1997 1577 2033 solidorum
1607 2007 1737 2033 causas
1765 1998 1803 2033 in
1826 1998 2011 2043 provincia
2039 1999 2115 2034 eius
2137 2004 2253 2034 motas
2275 2000 2372 2045 apud
2394 1999 2460 2035 ali·

234 2049 314 2071 τους
343 2039 421 2072 τῶν
451 2043 703 2073 πεντακοσίων
732 2039 969 2085 νομισμάτων
998 2038 1098 2075 δίκας
1127 2040 1191 2075 τὰς
1220 2040 1313 2075 κατὰ
1325 2045 1369 2077 40
1382 2052 1472 2087 (11108
1495 2053 1568 2078 11011
1592 2043 1818 2088 8118οω01188,
1848 2043 1911 2088 qui
1933 2043 2040 2078 etiam
2063 2053 2109 2079 ex
2137 2043 2356 2088 delegatione
2375 2045 2459 2086 sint,

234 2082 301 2125 τὴν
325 2084 501 2127 ἐπαρχίαν
530 2083 569 2118 v*
626 2082 736 2119 αὐτοῦ
759 2088 969 2130 κινουμένας
997 2085 1097 2132 παρά
1119 2097 1218 2121 τισιν
1240 2087 1312 2121 ἑτέ·
1382 2088 1524 2132 quando
1555 2088 1623 2124 sub
1654 2088 1896 2141 appellatione
1926 2088 2019 2124 fiunt
2065 2088 2112 2123 ad
2142 2089 2370 2134 semetipsum
2397 2089 2459 2125 de-

235 2138 307 2172 ροις
322 2125 361 2162 οὐ
378 2133 554 2173 σπεκταβι
590 2140 651 2171 οις,
672 2131 704 2164 εἰ
719 2133 780 2163 καὶ
796 2132 835 2164 ἐκ
854 2131 1101 2177 παραπομπῆς
1118 2131 1200 2174 εἶεν,
1221 2128 1313 2166 ὅταν
1381 2134 1512 2168 ducere
1544 2133 1582 2168 in
1611 2132 1717 2168 divim
1749 2132 1933 2169 secretarii
1966 2115 2143 2176 ordinem,
2174 2135 2217 2169 ut
2237 2134 2394 2180 undique
2422 2138 2460 2170 et

235 2174 396 2217 έφέσιμοι
413 2177 600 2219 γίνωνται,
620 2174 709 2222 πρὸς
728 2175 859 2210 ἑαυτὸν
876 2174 980 2221 ἄγειν
1000 2177 1040 2210 ἐν
1060 2176 1106 2223 τῇ
1123 2177 1186 2210 τοῦ
1207 2177 1311 2211 θείου

236 2260 286 2297 Et
309 2263 510 2309 praecipue
539 2263 683 2299 curabit
710 2275 786 2300 rem
816 2275 911 2310 quae
941 2267 980 2300 in
1009 2265 1083 2300 illis
1114 2265 1205 2301 locis
1233 2266 1348 2311 facile
1378 2267 1624 2310 committitur,
1655 2279 1702 2303 ne
1721 2267 1889 2314 patiatur
1903 2267 2072 2314 praediis
2096 2267 2310 2313 quibusdam
2334 2269 2459 2305 titulos

234 2307 373 2353 imponi
393 2309 537 2343 nomine
559 2308 755 2355 inscriptos
778 2310 934 2345 aliorum
964 2321 1073 2356 quam
1094 2314 1160 2346 aut
1178 2311 1261 2356 fisci
1290 2314 1356 2346 aut
1378 2311 1620 2358 imperialium
1643 2311 1796 2348 aedium.
1843 2311 1982 2355 Quodsi
2004 2312 2180 2348 eiusmodi
2210 2311 2300 2360 quid
2316 2314 2459 2358 factum

234 2352 403 2395 inveniat,
429 2353 553 2388 titulos
573 2354 714 2398 quidem
734 2355 855 2389 statim
877 2355 987 2398 tollet,
1004 2355 1174 2402 praediis
1190 2366 1275 2391 vero
1293 2356 1403 2398 illius,
1452 2356 1491 2391 ui
1514 2356 1605 2393 llaec
1627 2357 1855 2400 commiserit,
1877 2357 1911 2392 si
1934 2356 2076 2403 quidem
2091 2368 2272 2404 praesens
2293 2369 2339 2394 ea
2357 2363 2457 2406 aqat,

236 2397 360 2432 titulos
391 2398 535 2433 omnino
567 2399 727 2445 imponet
754 2400 837 2444 fisci
868 2400 1031 2441 nomine,
1067 2401 1158 2447 ipsis
1189 2412 1280 2447 quos
1310 2404 1413 2436 sustu
1428 2406 1459 2436 tt
1490 2402 1605 2437 titulis
1630 2403 1741 2449 prius
1772 2402 1812 2437 in
1842 2402 1963 2449 eapite
1993 2402 2092 2437 illius
2121 2403 2333 2448 confractis.
2390 2402 2459 2440 Sin

235 2441 363 2476 absens
384 2443 443 2484 sit,
474 2444 551 2478 eius
573 2443 636 2495 qui
657 2444 820 2490 praediis
850 2444 926 2480 illis
949 2446 1188 2492 praepositus
1219 2450 1274 2482 est
1296 2445 1545 2493 comprehensi
1567 2457 1703 2494 corpus
1734 2448 1920 2483 tormentis
1940 2446 2103 2490 subiciet,
2133 2447 2328 2494 titulosque
2349 2448 2459 2485 etiam

234 2486 287 2520 sic
309 2487 432 2521 statim
456 2487 558 2522 tollet
579 2498 617 2522 in
635 2489 754 2535 capite
770 2491 977 2536 praepositi
995 2490 1231 2536 praediorum
1252 2492 1479 2537 confractos,
1502 2495 1612 2538 atque
1631 2493 1735 2535 sciat,
1758 2492 1793 2527 si
1812 2491 1902 2538 quid
1918 2491 2096 2527 eiusmodi
2110 2492 2315 2538 neqlexen‘t
2335 2497 2373 2529 et
2389 2504 2458 2530 nos

236 2531 508 2581 coqnoverimus
539 2532 663 2568 titulos
694 2534 885 2580 impositos
914 2546 991 2570 esse
1011 2546 1082 2588 per
1110 2536 1205 2571 alios
1226 2536 1299 2571 nisi
1320 2540 1387 2571 aut
1385 2547 1476 2616 ἀρετ
1494 2537 1623 2582 fiscum
1646 2540 1712 2573 aut
1726 2547 1798 2584 per
1820 2536 1949 2589 domos
1970 2537 2177 2589 imperiales
2198 2541 2236 2573 et
2253 2543 2403 2590 nostras
2421 2542 2460 2574 et

229 2585 417 2620 piissimae
435 2576 621 2622 Λυρκείας
644 2582 753 2623 atque
781 2579 886 2624 facto
919 2584 1067 2626 ooqmto
1090 2582 1344 2627 maqistratum
1372 2581 1386 2616 i
1440 2581 1641 2629 neqleqere,
1672 2582 1791 2629 ipsum
1814 2592 1877 2628 qut
1899 2585 2150 2628 maqzstratum
2178 2586 2277 2629 ρει-ιτ
2292 2582 2456 2630 publica-

237 2619 367 2654 tionem
391 2619 566 2655 bonorum
590 2632 665 2656 esse
687 2623 908 2666 subiturum,
940 2626 1132 2670 quoniam,
1163 2636 1243 2661 cum
1264 2626 1380 2672 facile
1410 2625 1501 2663 haee
1515 2626 1716 2674 prohibere
1747 2627 1889 2663 licuerit
1918 2626 2156 2673 maqistratus
2178 2627 2307 2674 opibus
2328 2628 2456 2671 utenti,

238 2668 356 2698 tamen
378 2665 543 2700 consulto
567 2677 611 2701 ea
626 2668 883 2712 praetermisit.

370 2708 413 2744 V.
469 2708 531 2744 Illi
554 2721 697 2756 quoque
719 2713 773 2747 rei
796 2724 920 2748 euram
949 2725 1029 2749 eum
1052 2714 1222 2751 adbibere
1246 2715 1418 2759 volumus,
1448 2720 1491 2752 ut
1514 2726 1636 2752 omnes
1659 2716 1821 2752 latrones
1850 2716 1984 2762 quique
2007 2715 2130 2752 aliena
2153 2715 2248 2752 bona
2270 2717 2327 2753 vel
2346 2717 2456 2754 etiam

234 2753 394 2798 seminas
414 2754 575 2804 'rapiunt
603 2755 720 2791 aliave
749 2758 901 2792 crimina
926 2764 1161 2805 perpetrant,
1186 2765 1435 2807 persequatur
1464 2772 1598 2814 eosque
1628 2764 1794 2798 coerceat
1824 2767 1860 2796 et
1887 2760 2078 2808 suppliciis
2099 2761 2204 2797 iustis
2225 2761 2391 2806 subiciat,
2420 2766 2459 2799 et

237 2808 375 2833 omnem
406 2799 620 2833 iniustitiam
655 2802 848 2847 reprimat,
882 2812 970 2838 neve
1004 2803 1081 2839 ulla
1112 2804 1151 2839 in
1186 2816 1227 2840 re
1255 2805 1398 2851 probos
1431 2805 1594 2842 honunes
1626 2806 1762 2842 iniuria
1795 2805 1902 2852 affici
1923 2806 2114 2852 patiatur:
2154 2817 2201 2842 ne
2229 2817 2299 2842 nos
2327 2817 2457 2844 rursus

236 2842 319 2877 aliis
352 2842 577 2888 indiqeamus
611 2845 674 2890 qui
709 2845 797 2880 talia
854 2852 1104 2893 ersequantur,
1139 2853 1176 2885 et
1204 2849 1407 2897 biocolytae
1440 2855 1478 2887 et
1512 2851 1694 2887 latronum
1718 2854 1973 2898 persecutores
2005 2850 2152 2897 aliaque
2184 2850 2362 2888 eiusmodi
2389 2862 2455 2888 no-

235 2887 334 2921 mina
364 2892 401 2922 et
429 2897 487 2922 res
515 2887 631 2923 denuo
663 2889 778 2925 tolera
829 2902 852 2925 a
881 2892 974 2927 sint:
1013 2903 1107 2938 quae
1137 2905 1207 2929 nos
1236 2896 1394 2931 aversati
1424 2895 1475 2931 ad
1502 2895 1598 2931 bunc
1619 2907 1699 2932 eum
1721 2895 1883 2932 ordinem
1905 2895 2100 2939 eveximus,
2129 2899 2240 2942 atque
2260 2896 2315 2932 ita
2340 2895 2455 2933 leono-

235 2936 355 2967 ratum
378 2932 412 2967 ei
434 2933 685 2978 maqistratum
708 2934 939 2978 reddidinms,
970 2941 1012 2972 ut
1034 2938 1300 2984 appellationes
1322 2951 1468 2986 quoque
1490 2951 1584 2987 quae
1606 2941 1689 2988 ipso
1711 2941 1896 2976 iudicante
1916 2941 2200 2987 interponuntur
2227 2945 2264 2977 et
2285 2940 2336 2976 ad
2356 2945 2455 2977 tuam

234 2976 487 3012 sublimitatem
510 2987 643 3022 eosque
673 2978 736 3023 qui
765 2978 933 3026 deinceps
956 2982 1105 3016 eundem
1128 2984 1380 3029 maqistratum
1407 2986 1612 3032 suscepturi
1641 2990 1727 3022 sunt
1755 2989 1792 3021 et
1819 2985 1869 3020 ad
1889 2984 2206 3021 celebratissimum
2228 2990 2456 3032 quaestorem

233 3022 335 3057 sacri
362 3021 480 3057 nostri
502 3022 655 3067 palatii,
688 3023 752 3068 qui
764 3028 766 3033 ’
782 3024 923 3069 quidem
953 3027 1148 3061 secundum
1180 3027 1343 3064 ordinem
1374 3030 1654 3066 consultationis
1681 3041 1744 3067 eas
1772 3029 1934 3066 audituri
1963 3030 2055 3072 sint,
2087 3029 2169 3066 lites
2199 3033 2320 3066 autem
2350 3031 2454 3078 quin-

233 3067 352 3113 qentis
374 3066 498 3102 aureis
520 3067 677 3102 minores
700 3068 737 3101 in
757 3069 948 3114 provincia
971 3071 1048 3105 eius
1070 3074 1188 3106 motas
1210 3073 1311 3118 apud
1333 3074 1428 3110 alios
1451 3075 1627 3121 quosdam
1651 3086 1726 3111 non
1747 3074 1971 3122 spectabiles,
1995 3074 2137 3110 etiamsi
2159 3085 2210 3111 ex
2227 3075 2455 3122 deteqotione

232 3112 323 3155 sint,
355 3111 502 3158 quando
524 3111 739 3158 appelletur,
772 3112 822 3147 ad
850 3117 960 3149 semet
990 3114 1146 3150 deducat
1174 3117 1214 3150 in
1244 3120 1345 3153 sacri
1372 3119 1499 3155 iudicii
1529 3120 1678 3156 ordine:
1710 3124 1753 3156 ut
1781 3118 1940 3165 undique
1969 3123 2006 3155 et
2026 3119 2108 3165 ipse
2135 3119 2408 3166 maqistratibus
2430 3131 2455 3156 a

238 3175 2450 3190 ..Μ

287 3205 307 3236 2
331 3199 465 3247 ῥᾳδίως
488 3214 546 3236 om.
561 3213 581 3238 ς
602 3202 615 3245 11
643 3204 681 3235 10
706 3202 754 3234 εἰς
777 3203 854 3235 τῶν
878 3204 1056 3237 ἐπικείνου
1080 3207 1110 3238 L
1127 3206 1138 3248 Ι]
1165 3219 1307 3252 περιρη-
1429 3213 1441 3243 1
1469 3211 1603 3243 curauit
1623 3210 1716 3254 7116
1739 3212 1908 3253 repentem
1934 3209 2025 3254 7117
2051 3213 2127 3252 aget
2152 3211 2185 3243 Τ
2193 3210 2202 3230 ¹
2221 3209 2235 3254 ΙΙ
2250 3211 2453 3253 imponet—

231 3246 315 3294 γνὺς
339 3247 450 3280 MLB
475 3244 489 3290 Ι
515 3247 557 3281 22
582 3243 844 3292 *ὑπερορῶντα
869 3248 979 3281 MLB
1002 3248 1014 3292 ΙΙ
1043 3251 1084 3283 23
1109 3246 1206 3282 κάκεῖ
1231 3253 1262 3284 L
1296 3252 1308 3296 ΙΙ
1375 3254 1524 3287 8titulos
1540 3268 1599 3288 om.
1617 3254 1712 3299 7119
1730 3255 1949 3297 *confringat
1963 3255 2040 3289 libri
2087 3258 2127 3289 10
2140 3255 2380 3297 comphendere
2399 3253 2452 3299 7ΙΙ

234 3295 276 3328 28
300 3293 341 3325 ἔν
362 3293 449 3333 τινι]
474 3292 515 3325 ἐν
538 3304 597 3326 om.
611 3303 631 3328 ς
648 3291 714 3336 131
742 3303 783 3324 τε
807 3292 887 3333 LB]
913 3304 970 3325 om.
984 3292 1052 3337 ΜΙΙ
1069 3296 1129 3326 καὶ
1150 3291 1209 3339 ἐφ’
1236 3296 1306 3329 ἑτέ·
1377 3299 1414 3331 11
1431 3300 1464 3331 et
1479 3300 1529 3339 (in
1550 3300 1596 3341 V)
1610 3300 1712 3333 titulo
1725 3299 1828 3344 libr-iu
1845 3299 1904 3341 810]
1917 3299 2004 3332 siout
2068 3298 2082 3343 fl
2103 3301 2141 3334 13
2156 3299 2185 3332 si
2197 3312 2258 3334 om.
2275 3299 2332 3344 71
2350 3301 2392 3334 14
2407 3299 2451 3332 ab

232 3349 309 3382 ρων
333 3337 370 3371 Β
388 3337 401 3381 ΙΙ
417 3339 459 3371 33
473 3349 520 3381 sq.
545 3339 661 3370 καὶ-
677 3333 922 3379 πεποιήκαμεν
945 3349 1004 3370 om.
1019 3338 1054 3370 B
1079 3338 1092 3380 1]
1116 3340 1158 3372 35
1184 3336 1308 3373 αὐτῶν
1375 3343 1452 3375 add.
1460 3344 1546 3387 vulq.
1558 3342 1571 3388 ΙΙ
1585 3346 1625 3378 16
1638 3344 1818 3387 dispexisse
1835 3345 1899 3379 VT
1904 3343 1918 3390 Ι]
1933 3346 1972 3379 18
1985 3354 2060 3377 cum
2073 3345 2152 3378 add.
2161 3345 2247 3388 vulq.
2286 3345 2326 3378 19
2337 3343 2451 3377 studio

232 3384 264 3416 L
283 3383 295 3426 ΙΙ
312 3379 504 3426 δεδομένας
516 3382 553 3416 Β
567 3382 580 3426 Ε
598 3379 686 3427 πρὸς
697 3393 736 3415 τε
750 3382 808 3423 Μ]
821 3383 880 3414 καὶ
894 3379 982 3426 πρός
992 3393 1033 3415 τε
1046 3381 1114 3415 LB
1133 3382 1145 3426 Ι
1161 3385 1204 3417 36
1217 3383 1308 3417 κατὰ
1374 3386 1468 3427 haec]
1487 3388 1567 3420 haec
1580 3389 1692 3421 studio
1704 3390 1783 3422 haee
1805 3388 1861 3433 711
1878 3391 1921 3424 23
1939 3388 2151 3432 prouidentia
2165 3390 2243 3423 libri
2286 3391 2330 3424 24
2345 3388 2451 3422 omnis

234 3441 292 3462 om.
308 3428 356 3461 L¹
385 3427 398 3471 Β
425 3429 468 3462 38
488 3435 564 3471 post
587 3424 764 3461 παλατίου
784 3427 931 3470 suppleri
949 3426 1162 3469 πέμπεσθαι
1185 3441 1210 3460 ς.
1233 3436 1253 3462 t.
1276 3442 1305 3472 q.
1375 3430 1452 3463 libri
1467 3430 1479 3473 ΙΙ
1497 3433 1540 3465 26
1563 3433 1733 3476 simplitiis
1753 3433 1839 3479 VTu
1863 3435 1906 3469 28
1930 3436 1984 3475 110]
2009 3446 2067 3467 om.
2090 3434 2172 3467 Val.
2218 3435 2290 3475 nos]
2308 3444 2375 3467 non
2394 3434 2452 3476 ΤΙΙ

231 3474 297 3506 vult
318 3473 517 3514 Zachariae,
539 3474 599 3506 sed
615 3474 657 3516 (f
674 3471 812 3506 XXVI
823 3475 842 3505 5
858 3470 871 3513 11
890 3473 932 3506 39
956 3469 1249 3505 κονσουλατίοηοε
1268 3474 1315 3506 M
1374 3475 1417 3507 29
1442 3477 1492 3515 ut]
1517 3478 1550 3508 et
1572 3479 1627 3511 vul
1649 3504 1656 3511 .
1676 3477 1869 3522 upatiamnu
1894 3478 1950 3523 711
1968 3478 2156 3522 byooolytas
2258 3478 2271 3522 ΙΙ
2289 3479 2331 3513 32
2358 3487 2450 3510 aver-

232 3514 511 3550 κονσουλτατίον
529 3518 561 3551 L
593 3512 828 3550 συνελεύσεως
846 3517 892 3550 M
895 3529 921 3549 ε.
934 3529 975 3557 v.‚
999 3516 1064 3560 Bu
1094 3518 1132 3550 41
1159 3514 1227 3559 τὴν
1247 3514 1306 3550 αὖ·
1373 3520 1482 3551 santes
1505 3491 1693 3598 udal-¹193?
1718 3523 1979 3557 consultationes
2001 3523 2030 3556 V
2089 3526 2131 3557 39
2153 3523 2358 3566 prouintiam
2390 3522 2423 3556 V

231 3562 307 3603 τοῦ]
331 3559 399 3604 τὴν
412 3575 471 3595 om.
488 3563 517 3595 L
533 3563 545 3606 ss
564 3563 607 3596 42
632 3558 672 3594 οὗ
697 3558 961 3605 σπεκταβιλίοις
974 3562 1029 3604 (cf.
1045 3561 1090 3603 ς)]
1115 3565 1305 3606 σπεκταβι-
1373 3564 1418 3596 40
1438 3565 1605 3605 expectab·
1623 3576 1656 3599 es
1681 3567 1758 3600 libri
1773 3566 1786 3610 fl
1801 3569 1874 3609 qui]
1896 3569 1924 3600 si
1948 3568 2032 3612 vulq.
2079 3570 2119 3602 41
2151 3567 2273 3609 ¹'fluntl
2296 3567 2399 3600 fuerit

234 3604 319 3639 λίοις
343 3607 386 3639 Μ
408 3602 473 3639 οῧσ
495 3605 753 3653 περιβλέπτως
772 3607 803 3639 L
827 3603 1076 3652 περιβλέπτοις
1097 3605 1133 3638 Β
1150 3606 1162 3649 ΙΙ
1180 3606 1211 3638 εἰ
1234 3609 1305 3648 καὶ]
1373 3607 1499 3639 suerint
1514 3609 1569 3652 ΤΙΙ
1586 3610 1639 3651 ad]
1661 3620 1682 3643 a
1703 3611 1735 3643 V
1748 3610 1761 3654 ΙΙ
1777 3611 1918 3644 deducat
1937 3614 2023 3655 vulq-
2039 3611 2051 3655 ΙΙ
2069 3613 2113 3646 42
2137 3613 2173 3644 in
2190 3612 2296 3645 divini
2315 3625 2374 3645 om.
2397 3610 2448 3653 71

232 3652 290 3693 qui
314 3651 414 3684 etiam
438 3664 457 3687 ς
1372 3654 1542 3685 secretarii
1566 3655 1620 3697 Vn
1643 3655 1760 3687 ordine
1785 3655 1831 3696 V]
1854 3656 2006 3689 ordinem
2030 3657 2117 3691 Tae.

1925 291 2066 336 iquibus
2090 292 2310 337 conscriptos
2339 293 2376 327 in
2399 293 2465 328 ali·
2527 298 2530 302 '
