2476 3854
105 118 165 150 nn
194 117 354 150 mirus
380 116 651 149 mmnmus
1175 99 1260 148 725
2039 103 2146 147 Nov.
2168 104 2239 148 CL
2267 117 2329 159 pr.

1085 235 1247 275 'CAPUT
1271 237 1338 275 111.

244 308 364 341 Ταῦτα
392 309 460 351 μὲν
489 298 555 341 οῦν
583 302 682 349 ἡμεῖς
710 308 783 339 τοῖς
814 307 855 339 ἐν
882 308 962 340 ταῖς
989 306 1174 350 ἐπαρχίαις
1203 302 1353 341 ἅπαντα
1384 302 1699 351 προκηρύττοντες,
1730 307 1791 339 καὶ
1821 302 1938 352 ταύτῃ
1961 302 2164 340 δεικνύντες
2186 301 2253 348 ὅση
2276 317 2331 340 τις

103 351 188 397 ίμῖν
212 354 290 386 ἐστι
313 356 395 397 περὶ
417 352 501 386 τοὺς
520 349 696 393 ὑπηκόους
718 349 996 398 φιλανθρωπία,
1021 349 1104 384 ἵλεώ
1128 363 1168 385 τε
1190 354 1251 384 καὶ
1274 349 1405 393 εὐμενῆ
1429 349 1498 384 τὸν
1521 347 1616 384 θεὸν
1636 349 1777 393 μᾶλλον
1800 350 1936 395 ἕξομεν,
1960 351 2023 393 τῆς
2044 351 2124 384 τῶν
2141 347 2330 385 ὑποτελῶν

103 395 297 441 ἀβλαβείας
319 398 500 440 τοσαύτην
522 396 710 440 τιθεμενοι
733 395 923 440 πρόνοιαν.
969 395 1006 430 οἱ
1028 394 1068 429 δὲ
1090 395 1222 437 ταύτης
1243 393 1349 439 ἡμῶν
1370 396 1434 438 τῆς
1459 394 1729 441 καλοκαγαθίας
1751 395 1976 438 ἐπιτυχόντες
1998 395 2031 429 εἶ
2053 399 2138 442 περὶ
2159 395 2228 439 τὴν
2251 398 2329 430 τῶν

103 440 295 487 ἀρχόντων
325 442 463 486 αἵρεσιν
486 439 729 486 διαμάρτοιεν,
756 437 887 474 οῦδένα
910 440 1096 475 παντελῶς
1118 437 1143 483 ἢ
1165 441 1259 485 σφᾶς
1280 438 1409 475 αὐτοὺς
1433 438 1668 474 αἰτιάσονται.
1716 441 1747 474 εἰ
1770 439 1811 474 δὲ
1832 444 1892 475 καὶ
1915 437 2161 485 ἇναβᾶλοιντο
2184 440 2330 475 τούτους

103 485 336 533 ἐπιλέγεσθαι
358 489 418 520 καὶ
440 487 488 521 εἰς
511 484 598 529 ἡμᾶς
622 482 826 530 ἀναφέρειν,
850 482 963 520 οὐκέτ’
988 484 1075 531 (ἂν)
1098 483 1243 519 δικαίως
1265 485 1348 519 τοῦς
1371 485 1546 520 &memma
1569 487 1858 530 ἐκπεμπομένους
1886 487 1927 520 ἐν
1956 489 2036 520 ταῖς
2058 488 2244 532 ἐπαρχίαις
2268 484 2327 520 διὰ
2376 490 2395 520 5

102 531 172 574 τὴν
194 532 272 565 τῶν
294 529 480 574 δημοσίων
503 529 679 575 συλλογὴν
702 527 849 564 ἅπαντα
873 531 1052 575 πράττειν
1073 533 1373 576 προαιρουμένους
1396 532 1673 575 ἐπιμέμψαιντο,
1696 529 1801 576 (οὐδ’
1827 528 1948 576 ἡμεῖς)
1969 532 2034 566 τοῦ
2058 530 2184 566 λοιποῦ
2207 529 2328 571 ἀνεξό-

100 576 203 620 μεθα
225 575 452 620 προςιόντων
476 572 600 609 αὐτῶν
623 578 683 608 καὶ
706 575 851 609 τούτους
871 576 1110 619 αἰτιωμένων.
1147 575 1183 610 οἱ
1204 575 1275 622 γὰρ
1296 574 1366 618 τὴν
1389 575 1553 615 ἐξουσίαν
1575 572 1661 620 παρ’
1685 574 1792 619 ἡμῶν
1815 574 1989 620 λαβόντες
2012 577 2076 620 τῆς
2097 577 2177 611 τῶν
2199 573 2329 619 ἆοχόν-

101 633 180 654 των
213 620 394 666 ὀπιλογῆς,
427 621 487 654 ἵνα
521 620 584 654 τὰς
618 617 727 664 ἆρχὰς
757 622 887 664 προῖκα
914 619 1160 665 λαμβάνοντες
1189 620 1273 654 τοὺς
1303 620 1492 663 δημοσίους
1520 617 1692 665 είςάγοιεν
1719 620 1851 665 φόρους
1882 617 1989 655 αἰτοί
2016 634 2057 655 τε
2087 618 2175 667 παρ’
2206 610 2330 656 αῦτῶν

100 663 274 709 μηδαμῶς
294 664 487 707 ἀδικοῖντο,
521 665 772 711 ῥᾳθυμοῦντες
801 664 901 699 οὗτοι
931 669 1015 711 περὶ
1036 665 1107 709 τὴν
1128 665 1271 699 τούτων
1289 664 1460 712 ἐπιλογὴν
1482 661 1624 699 ἀνεκτοὶ
1647 665 1828 706 καθάπαξ
1849 666 1915 700 οὐκ
1938 668 2083 701 ἔσονται
2106 667 2331 711 μεαφόμενοι

101 708 241 744 τούτοις
274 713 336 744 καὶ
365 713 443 745 ταῖς
465 710 543 744 κατ’
575 706 696 744 αὐτῶν
725 709 994 755 προςελεύσεσιν
1022 706 1108 754 ἡμῖν
1138 709 1373 752 ἐνοχλοῦντες.
1420 709 1581 757 ἀναβολῇ
1616 707 1657 743 δὲ
1683 709 1854 755 χρήσεται
1884 712 2064 752 καθάπαξ
2094 701 2208 746 οὐδεὶς
2239 711 2331 757 πρὸς
2358 715 2397 747 10

100 755 170 798 τὴν
193 756 270 790 τῶν
301 757 538 799 ἐπικειμένων
561 753 662 798 αὐτῷ
686 753 872 810 δημοσίων
894 754 1022 800 φόρων
1044 753 1264 800 καταβολήν,
1295 752 1338 789 οὗ
1361 755 1463 790 θεῖος
1485 755 1588 798 οἶκος,
1611 752 1689 797 οὐχὶ
1712 755 1896 802 ὁγιωτότη
1920 755 2098 811 ἐκκλησία,
2121 755 2185 791 οῦκ
2209 753 2331 804 εὐαγὲς

101 803 282 843 πτωχεῖον
310 798 335 843 ἢ
364 800 621 846 μοναστήριον,
654 798 722 834 ἀλλ
755 797 839 834 οἶδε’
867 802 990 844 μεῖζον
1019 797 1042 844 ἢ
1066 799 1221 834 ἔλαττον
1242 801 1447 854 πρόςωπον.
1495 799 1579 834 οὔτε
1602 798 1643 834 δὲ
1664 799 1958 845 πολιτευομένους
1978 814 2065 836 ουτε
2083 801 2167 837 τοῦς
2190 801 2330 848 λεγομέ-

100 856 182 879 νους
211 844 431 891 ἐκλήπτορας
457 844 540 879 οὔτε
562 843 634 890 μὴν
656 845 740 879 τοὺς
761 843 895 888 ἄλλους,
925 844 976 879 ok
998 847 1176 880 ἐπίκειται
1198 843 1221 889 ἡ
1245 859 1324 880 των
1347 843 1532 890 δημοσίων
1555 842 1682 892 φόρων
1706 850 1863 891 φροντίς,
1887 847 2099 892 ἐξαιροῦμεν
2122 848 2187 881 τοῦ
2211 847 2330 882 ἐντεῦ-

101 890 174 923 θεν
202 889 383 924 κινδύνου.
428 890 474 924 τὰ
503 890 574 936 γὰρ
603 892 705 936 κοινῇ
736 891 830 925 πᾶσι
861 888 1117 925 λυσιτελοῦντα
1145 894 1386 936 προκρίνομεν
1415 892 1479 934 τῆς
1506 887 1632 924 ἀδίκου
1655 894 1897 936 προαιρέσεως
1919 892 1998 926 τῶν
2016 893 2065 926 εἰς
2085 892 2130 926 τὸ
2155 890 2332 936 δημόσιον

100 931 327 980 ἀγνωμονεῖν
350 934 570 969 ἐθελόντων.
2358 941 2398 973 15

234 977 519 1027 (Ἑπίλογος.)
557 976 660 1014 αΩςτε
684 977 724 1014 δὲ
745 979 791 1014 τὰ
814 979 930 1014 καλῶς
951 977 1039 1024 ἡμῖν
1061 978 1302 1025 παραστάντα
1327 980 1467 1025 φανερὰ
1499 981 1591 1014 πᾶσι
1613 980 1801 1026 γενέσθαι,
1825 980 2015 1025 κελεύομεν
2038 982 2108 1024 τὴν
2131 981 2200 1025 σὴν
2223 979 2331 1027 ὕπερ·

101 1024 188 1068 οχὴν
218 1026 311 1059 κατά
332 1039 373 1059 τε
394 1025 464 1068 τὴν
486 1022 683 1069 εὐδαίμονα
705 1022 843 1067 ταύτην
863 1023 975 1059 πόλιν
993 1027 1053 1058 καὶ
1062 1024 1150 1079 ’μὴν
1171 1028 1232 1058 καὶ
1259 1026 1299 1058 ἐν
1322 1029 1399 1059 ταῖς
1421 1027 1607 1072 ἐπαρχίαις
1630 1025 1673 1059 τὸ
1698 1026 1822 1071 παρὸν
1841 1027 1948 1060 θεῖον
1970 1025 2111 1061 ἰ’δικτον
2134 1027 2332 1073 προθεῖναι

101 1071 149 1104 εἰς
175 1070 259 1104 τούς
288 1072 496 1125 περιφανεῖς
525 1067 678 1113 ἑκάστης
709 1069 849 1105 πόλεως
881 1069 1024 1112 τόπους,
1047 1081 1137 1104 ωςτε
1158 1068 1297 1112 μηδένα
1320 1068 1514 1104 διαλαθεῖν
1537 1070 1607 1114 τὴν
1631 1070 1871 1116 ἐξηυρημένην
1893 1071 2074 1116 πρόνοιαν
2095 1073 2160 1115 τῆς
2180 1070 2332 1118 γαληνό-

100 1126 206 1157 τητος
234 1111 340 1159 ἡμῶν
370 1117 461 1159 υπέρ
489 1128 530 1149 τε
561 1116 627 1149 τοῦ
654 1112 826 1159 δημοσίου
855 1118 916 1149 καὶ
945 1116 1009 1158 τῆς
1038 1116 1116 1149 τῶν
1147 1113 1337 1150 ὑποτελῶν
1367 1112 1573 1160 ἆβλαβείας.
1619 1115 1702 1151 Dat
1726 1116 1806 1153 XV.
1828 1116 1866 1152 k.
1890 1116 1997 1153 Febr.
2022 1117 2093 1153 CP.
2123 1117 2250 1163 (imp.)
2273 1117 2331 1152 dn.

101 1159 230 1196 Iustini
251 1170 313 1205 pp.
337 1161 428 1205 Aug.
452 1163 570 1206 <anno
591 1159 680 1205 IV.)
698 1162 783 1205 post
805 1170 904 1196 cons.
928 1159 1085 1196 eiusdem
1107 1161 1224 1206 <anno
1247 1160 1349 1206 ΙΙΙ.)
1865 1207 1875 1217 1
2168 1165 2216 1204 [α.
2241 1164 2331 1204 569]
2356 1166 2399 1198 20

1177 1317 1249 1354 01..
1723 1317 1836 1355 Auth.
1853 1318 2033 1356 CXXXII.
2050 1319 2137 1355 0011.
2154 1319 2207 1356 lx
2221 1319 2278 1356 tit.
2294 1322 2334 1356 13

151 1387 205 1436 R
236 1386 330 1436 DE
364 1386 610 1438 RAPTIS
645 1386 1063 1438 MULIERIBUS
1099 1388 1192 1436 ET
1226 1386 1416 1447 QUAE
1449 1386 1880 1440 RAPTORIBUS
1915 1389 2198 1439 NUBUNT
2225 1389 2281 1438 R

101 1475 144 1510 In
173 1474 315 1511 nomine
345 1474 477 1511 domini
506 1476 620 1512 nostri
649 1476 732 1512 Iesu
762 1475 896 1512 christi
928 1475 1129 1522 Imperator
1158 1475 1294 1512 Caesar
1324 1474 1474 1511 Flavius
1497 1475 1718 1513 lastinianus
1739 1476 1996 1513 Alamannicus
2020 1476 2194 1513 Gothicus
2217 1477 2333 1513 Fran-

104 1521 204 1556 cicus
227 1520 462 1556 Germanicus
485 1520 637 1557 Anticus
660 1520 834 1557 Alanicus
857 1521 1384 1611 UnandalicAusugffignfflffis
1415 1520 1503 1556 felix
1529 1521 1675 1558 inclitus
1707 1522 1821 1559 victor
1849 1531 1896 1558 ac
1924 1523 2164 1568 triumphator
2194 1532 2335 1568 semper
2357 1572 2401 1604 25

234 1631 528 1679 (Praefatio.)
573 1632 679 1677 Legis
709 1633 1039 1687 interpretationem
1070 1633 1215 1669 culmini
1242 1636 1382 1687 tantum
1405 1631 1595 1687 principali
1618 1636 1821 1686 competere
1842 1633 1975 1688 nemini
1997 1634 2095 1688 yenit
2113 1635 2150 1670 in
2173 1634 2334 1679 dubium,

103 1678 1026 1768 fflffleffffitss⁶ffim‘1‘t20322135335230r12‘ffiss}
1047 1677 2206 1760 {iz-¹1²3?effluxffleffssffisssmsffffifflffiuzia‘xtsw
2222 1683 2336 1769 {42¹2ss

101 1734 209 1822 &nl-{ea
229 1750 403 1822 posuisse,
426 1768 616 1822 ‹st-capitis
639 1769 832 1822 subiecisse
850 1769 1031 1822 supplicio
1054 1779 1128 1805 non
1151 1772 1290 1804 tantum
1313 1761 1489 1814 raptores,
1511 1779 1633 1804 verum
1654 1749 1767 1804 ’etim
1791 1769 1940 1822 comites
1963 1779 2087 1805 eorum
2110 1752 2273 1806 nec’non
2298 1772 2334 1805 et

102 1814 193 1850 ahos
217 1824 278 1859 qm
297 1823 348 1849 eis
370 1813 542 1849 auxilium
566 1815 727 1859 tempore
747 1823 941 1850 invasloms
962 1814 1156 1850 contulisse
1178 1817 1378 1850 noscuntur
1401 1817 1438 1849 et
1460 1823 1534 1850 non
1563 1815 1705 1849 tantum
1735 1815 1945 1859 parennbus
1975 1815 2180 1859 mulierum,
2212 1825 2334 1851 verum
2359 1820 2402 1852 30

235 1904 323 1939 Νου.
345 1906 403 1939 CL
426 1905 588 1945 (Authent.
611 1905 796 1939 CXXXII
809 1919 853 1931 =
874 1904 955 1938 Coll.
970 1905 1032 1938 IX
1046 1906 1092 1939 tit.
1110 1906 1154 1947 13)
1186 1912 1234 1939 est
1261 1906 1397 1939 alterum
1429 1905 1593 1949 exemplar
1617 1906 1763 1939 novellae
1788 1906 1952 1940 CXLIII
1971 1906 2080 1939 Leoni
2095 1908 2205 1949 praefi
2226 1913 2334 1949 praet.

102 1951 171 1984 sive
191 1950 315 1984 Italiae
339 1951 407 1984 eive
430 1951 561 1995 Illyrici
590 1951 777 1993 inscriptum
806 1950 862 1993 (cf.
887 1962 972 1992 quae
995 1950 1052 1984 illo
1076 1951 1145 1984 loco
1169 1952 1371 1994 exposuimus
1391 1962 1427 1994 p.
1445 1952 1535 1992 707),
1567 1951 1656 1993 quod
1676 1958 1824 1984 servatur
1848 1952 1882 1984 in
1905 1951 1991 1984 Iul-P
2003 1953 2039 1994 fi
2057 1952 2117 1985 171
2141 1959 2172 1984 et
2195 1952 2228 1984 in
2244 1951 2336 1994 Leye

102 1995 255 2029 Romana
275 1997 428 2029 canonice
451 2002 577 2038 compta
601 2007 627 2028 e.
646 1996 710 2029 199
734 1996 792 2037 (=
807 1996 842 2036 Ι).
888 1995 1056 2028 Lectionis
1079 1996 1341 2039 discrepantiam,
1363 2008 1446 2038 quae
1470 1997 1517 2028 ad
1539 2006 1616 2028 nov.
1638 1995 1801 2029 CXLIII
1821 1997 1949 2038 inteqra
1973 1997 2142 2038 adscripta
2165 2003 2228 2036 est,
2256 1997 2287 2028 b.
2312 1996 2333 2028 l.

104 2052 166 2074 non
191 2041 415 2074 adnotavimus
438 2042 504 2074 nisi
524 2042 581 2073 ubi
601 2042 783 2083 scripturas
804 2039 889 2072 IuLP
910 2047 941 2073 et
963 2041 976 2072 l
997 2042 1174 2084 recepimus
1196 2053 1218 2073 a
1242 2047 1387 2074 contextu
1408 2041 1535 2083 qualem
1558 2041 1616 2073 illo
1641 2041 1709 2073 loco
1730 2041 1950 2074 constituimus
1972 2042 2205 2094 discrepantes.

236 2085 279 2118 In
303 2086 408 2118 indice
431 2085 479 2118 Μ
495 2086 575 2118 haec
596 2085 725 2118 novella
747 2086 887 2127 refertur
910 2081 964 2128 ρν’
985 2087 1069 2129 περὶ
1097 2085 1161 2127 τῆς
1187 2084 1413 2130 γαμηθείσης
1443 2084 1497 2127 τῷ
1525 2081 1730 2128 ἇρπιίζοντι
1754 2081 1890 2127 αῦτήν;
1925 2080 2018 2127 αῦτη
2039 2097 2105 2118 ουκ
2128 2082 2263 2129 ἐγράφη
2286 2081 2338 2117 αἷς

104 2130 249 2174 ῥωμαία
272 2122 363 2163 οῦσα
385 2130 610 2175 γεγραμμένη
630 2130 746 2163 addita
768 2131 930 2162 notatione
952 2124 1030 2171 ἥτις
1052 2130 1129 2163 ἐστὶ
1152 2131 1414 2175 προγενεστέρα
1436 2129 1502 2162 τοῦ
1525 2127 1682 2163 κώδικος.
1731 2130 1792 2163 ἐπὶ
1820 2130 1888 2172 μὲν
1910 2128 1980 2174 γὰρ
2005 2130 2070 2171 τῆς
2101 2125 2211 2171 αὐτῆς
2242 2125 2334 2163 ῦπα·

103 2178 199 2208 τείας
227 2176 287 2207 καὶ
318 2171 339 2206 ὁ
370 2172 483 2214 κώδιξ
512 2176 572 2206 καὶ
603 2171 694 2216 αῦτη
723 2173 993 2218 ἑκπεφιύνηται·
1024 2170 1107 2208 ἀλλ’
1138 2175 1267 2208 ἐκεῖνος
1291 2175 1442 2216 (ἐκείνου
1463 2175 1547 2215 eod.)
1577 2175 1646 2217 μὲν
1676 2174 1717 2207 ἐν
1747 2175 1802 2207 τῶ
1826 2176 1955 2219 πέρατι
1978 2174 2041 2216 τῆς
2065 2169 2238 2208 ὑπατείας
2260 2173 2332 2218 πρὸ

104 2225 1887 2319 {stifficinerescunt&5⁰:2²·„isdem0151ff‹ime-{miazi
1908 2219 1960 2263 ’ἶ
1977 2232 2038 2263 ’‘⁶“
2060 2221 2106 2272 ἦ
2127 2230 2224 2273 ‘m
2242 2224 2334 2271 ὥτ’]

331 2301 337 2308 .
1046 2300 1054 2307 .
1587 2301 1596 2309 .
1713 2299 1722 2309 .
1809 2300 1818 2317 ,
1884 2300 1892 2307 .

238 2407 303 2443 ΙΠ.
350 2409 469 2453 Atque
498 2406 588 2442 haec
618 2417 686 2442 nos
717 2407 838 2442 omnia
868 2417 948 2442 eum
978 2407 1023 2442 iis
1053 2407 1116 2453 qui
1138 2407 1178 2441 in
1199 2407 1399 2453 provinciis
1421 2411 1508 2441 sunt
1523 2405 1780 2452 praedicemus
1801 2417 1917 2453 eoque
1938 2408 2047 2442 modo
2068 2413 2207 2453 quanta
2230 2408 2336 2443 nobis

103 2455 152 2490 sit
179 2464 270 2500 erqa
299 2452 479 2488 subiectos
509 2451 696 2488 clementia
725 2452 965 2495 ostendamus,
993 2452 1112 2498 maqis
1126 2462 1202 2498 pro
1230 2452 1332 2486 itium
1355 2455 1391 2487 et
1413 2451 1619 2487 benevolum
1641 2450 1745 2487 deum
1768 2451 1986 2494 habebimus,
2009 2453 2073 2498 qui
2095 2452 2336 2488 incolumitati

104 2499 344 2535 subiectorum
368 2501 505 2533 tantam
528 2508 653 2532 euram
676 2495 918 2532 adhibeamus.
964 2495 1035 2540 Qui
1058 2502 1176 2532 autem
1225 2507 1269 2531 ac
1290 2500 1417 2532 nostra
1441 2495 1659 2532 liberalitate
1678 2497 1790 2542 potiti
1810 2500 1906 2538 sunt,
1929 2497 1963 2532 si
1990 2497 2028 2531 in
2056 2498 2334 2550 maqislratuum

104 2544 280 2580 electione
303 2542 545 2589 peccaverint,
577 2542 751 2576 neminem
781 2542 925 2577 omnino
948 2541 1020 2576 nisi
1041 2552 1081 2577 se
1101 2542 1174 2588 ipsi
1196 2541 1423 2577 incusabunt.
1468 2539 1609 2584 Quodsi
1628 2542 1736 2576 etiam
1759 2541 1967 2577 distulerint
1988 2553 2050 2578 eos
2071 2542 2207 2588 eltqere
2229 2546 2264 2578 et
2285 2542 2336 2578 ad

104 2600 172 2624 nos
201 2587 358 2628 referre,
388 2598 462 2622 non
487 2587 614 2622 merito
647 2586 803 2632 amplius
829 2597 891 2622 eos
920 2587 984 2632 qui
1012 2585 1096 2621 ltine
1126 2587 1166 2621 in
1188 2587 1402 2632 provincias
1431 2587 1623 2622 mittuntur
1651 2590 1809 2632 propter
1839 2588 2053 2623 tributorum
2086 2587 2334 2623 collectionem

105 2637 235 2669 cuncta
262 2633 388 2677 facere
418 2632 562 2667 studere
593 2634 868 2676 conquerentur,
898 2642 1014 2677 neque
1045 2642 1113 2666 nos
1143 2631 1181 2665 in
1198 2636 1389 2677 posterum
1403 2631 1590 2677 patiemur
1612 2641 1675 2666 eos
1697 2642 1765 2667 nos
1786 2631 1889 2667 adire
1911 2636 2020 2683 atque
2042 2631 2127 2668 illos
2149 2643 2335 2668 accusare.

105 2678 176 2721 Qui
204 2678 298 2713 enim
356 2680 540 2712 otestatem
571 2688 595 2711 a
624 2676 728 2712 nobis
758 2677 859 2711 nacti
886 2680 973 2711 sunt
993 2675 1206 2722 praesidum
1237 2675 1503 2722 eliqendorum,
1541 2679 1583 2710 ut
1612 2677 1830 2722 maqistratu
1861 2682 1980 2722 qratts
2009 2681 2158 2724 accepto
2187 2677 2335 2723 publica

106 2722 239 2758 tributa
268 2723 304 2756 in
327 2726 434 2757 erant
463 2732 550 2757 neve
579 2721 651 2767 ipsi
680 2721 726 2756 ab
757 2720 832 2756 illis
861 2721 938 2756 ulla
966 2721 1101 2756 iniuria
1131 2721 1358 2766 afficiantur,
1390 2721 1418 2755 ii
1448 2731 1528 2756 cum
1551 2720 1589 2754 in
1612 2720 1786 2757 electione
1808 2732 1941 2757 eorum>
1955 2722 2061 2768 neqle
2085 2727 2187 2758 enter
2209 2725 2334 2768 aqant,

105 2768 250 2803 omnino
303 2766 427 2802 erendi
457 2777 530 2801 non
561 2770 678 2806 erunt,
708 2766 743 2800 si
757 2765 803 2800 de
829 2765 875 2801 iis
904 2769 1174 2811 conquerantur
1204 2769 1313 2811 atque
1343 2765 1695 2811 interpellationibus
1724 2766 1899 2802 adversus
1919 2777 1984 2802 eos
2006 2733 2111 2802 nogis
2133 2767 2334 2802 molestiam

106 2812 275 2858 afferant.
321 2811 447 2857 Neque
476 2821 561 2847 vero
592 2809 766 2846 dilatione
795 2810 983 2863 quisquam
1012 2810 1155 2846 omnino
1185 2814 1307 2846 utetur
1333 2810 1372 2844 in
1391 2810 1553 2862 publicis
1585 2810 1728 2845 tributis
1750 2811 1824 2857 ipsi
1846 2812 2023 2858 impositis
2045 2811 2237 2854 solvendis,
2260 2822 2334 2846 non

105 2867 213 2892 saera
242 2856 380 2898 domus,
407 2866 480 2890 non
508 2856 734 2890 sanctissima
759 2855 920 2897 eeclesia,
953 2866 1027 2891 non
1052 2855 1253 2891 venerabile
1273 2857 1457 2900 ptochium
1481 2854 1538 2891 vel
1558 2857 1827 2898 monasterium,
1857 2856 1923 2891 sed
1942 2867 1989 2892 ne
2008 2867 2168 2903 persona
2191 2856 2333 2902 quidem

105 2902 224 2937 maior
245 2902 415 2936 minorve.
459 2900 589 2935 Verum
614 2911 728 2946 neque
751 2900 906 2936 curiales
928 2911 1043 2946 neque
1058 2903 1286 2946 susceptores
1301 2900 1365 2945 qui
1382 2903 1570 2942 vocantur,
1591 2910 1708 2945 neque
1722 2900 1818 2937 alios
1832 2901 1962 2947 quibus
1973 2902 2204 2948 publicorum
2222 2901 2333 2936 tribu-

107 2950 225 2982 torum
249 2956 339 2981 cura
361 2945 532 2981 incumbit
555 2957 578 2980 a
596 2945 764 2991 periculo
788 2945 871 2980 inde
893 2944 1048 2980 oriundo
1071 2945 1283 2990 excipimus.
1330 2943 1431 2987 Quae
1452 2945 1546 2980 enim
1568 2944 1606 2978 in
1629 2956 1814 2982 commune
1837 2946 2000 2981 omnibus
2020 2949 2176 2993 prosunt
2197 2945 2333 2980 iniusto

107 2991 257 3027 consilio
279 3001 403 3026 eorum
426 2990 489 3036 qui
511 2989 684 3025 adversus
701 2989 830 3035 fiscum
853 2994 1082 3025 contumaces
1104 3000 1182 3024 esse
1204 2989 1330 3024 volunt
1345 2989 1621 3035 praeponimus.

241 3035 278 3071 E
281 3035 353 3082 pil
360 3046 447 3081 oqu
455 3046 485 3070 s.
538 3034 582 3070 Ut
611 3039 730 3070 autem
760 3046 804 3070 ea
827 3045 922 3080 quae
943 3039 1039 3070 recte
1062 3035 1165 3070 nobis
1183 3034 1404 3080 placuerunt
1426 3034 1589 3070 omnibus
1610 3034 1806 3080 manifesta
1826 3035 1931 3079 fiant,
1963 3038 2060 3070 tuam
2082 3034 2333 3070 sublimitatem

106 3080 267 3116 iubemus
295 3091 375 3115 cum
406 3081 444 3115 in
474 3079 544 3115 hac
574 3079 678 3125 felici
708 3080 853 3116 civitate
879 3084 952 3116 tum
974 3080 1013 3114 in
1034 3079 1233 3126 provinciis
1250 3089 1427 3125 praesens
1448 3089 1592 3114 sacrum
1615 3078 1769 3115 edictum
1793 3079 1831 3114 in
1852 3080 2008 3126 publicis
2031 3080 2138 3114 unius
2160 3078 2333 3123 cuiusque

108 3126 264 3160 civitatis
294 3125 386 3160 loeis
413 3136 641 3172 proponere,
678 3136 724 3161 ne
753 3135 967 3171 quemquam
998 3124 1110 3160 lateat
1141 3134 1230 3159 cura
1261 3135 1285 3158 a
1315 3126 1509 3160 serenitate
1534 3128 1662 3159 nostra
1693 3128 1767 3160 tam
1793 3135 1865 3170 pro
1893 3124 1984 3169 fisco
2014 3134 2122 3169 quam
2146 3133 2221 3168 pro
2250 3122 2332 3158 sub-

107 3170 279 3204 iectorum
300 3169 547 3205 incolumitate
568 3170 791 3216 excoqitata.

153 3293 174 3324 3
206 3289 254 3332 οἱ]
284 3290 316 3323 εἰ
347 3291 509 3333 Scrimyer
538 3298 650 3325 temere
676 3291 690 3335 Ι
716 3291 749 3324 εἰ
776 3293 871 3335 περὶ]
901 3289 991 3334 ἱπὲρ
1021 3292 1185 3334 Scrimqer
1254 3290 1440 3324 στινιανοῦ
1463 3292 1562 3332 (corr.
1585 3287 1788 3331 Ἰουστίνου)
1810 3290 1902 3333 μετὰ
1925 3290 1993 3332 τὴν
2016 3286 2194 3323 ὑπατείαν
2218 3287 2332 3321 αὐτοῦ

112 3343 222 3369 temere
246 3336 259 3378 ΙΙ
284 3337 305 3369 4
325 3331 593 3378 ἇναβάλλοιντο
617 3335 809 3380 8ονίηι9εν1
827 3339 847 3369 5
872 3333 1015 3369 *οὐκέτ’
1043 3331 1102 3377 ἂν]
1126 3332 1183 3368 οὗ·
1253 3335 1296 3368 τὸ
1321 3335 1357 3379 β’
1374 3336 1495 3368 Theod.
1519 3337 1647 3369 Annum
1672 3337 1800 3378 imperii
1820 3335 1915 3368 VIII.
1928 3342 2004 3377 post
2027 3346 2112 3367 cons.
2128 3334 2248 3367 Iustini
2261 3333 2332 3366 III.

109 3382 186 3413 κε’τι
209 3380 250 3412 M
268 3376 344 3420 οῦκ,
369 3379 399 3412 εἰ
419 3381 568 3419 (debebat
589 3377 719 3421 οῦκέτι,
749 3377 819 3413 κᾶν
840 3380 884 3422 εἶ)
908 3382 1096 3415 Zachariae
1122 3382 1135 3424 ss
1165 3382 1185 3414 6
1255 3381 1419 3424 Scrimyer
1443 3381 1533 3414 dedit
1549 3388 1661 3414 temere
1670 3391 1685 3420 ,·
1713 3392 1827 3412 annum
1846 3381 1977 3422 imperii
1989 3379 2056 3412 IV.
2067 3385 2145 3422 post
2159 3390 2245 3412 cons.
2261 3378 2332 3411 III.

111 3425 404 3468 *ἐπιμέμψοιντο
427 3425 475 3458 Μ
488 3426 502 3467 Ι
524 3422 606 3457 οὐδ’
632 3422 730 3466 ἡμεῖς
754 3426 889 3458 inseruit
908 3426 1124 3470 Hombequfl
1145 3427 1185 3459 12
1254 3433 1337 3459 recte
1360 3426 1498 3459 restituit
1520 3426 1645 3459 Biener
1663 3437 1701 3467 p.
1723 3425 1797 3457 528.

110 3465 224 3502 *οῦδὲ
242 3468 324 3501 τοὺς
347 3469 394 3502 Μ
414 3469 427 3511 ss
457 3471 496 3502 17
521 3466 665 3502 ἔδικτον
689 3482 757 3502 cum
777 3470 960 3513 Scrimqero
983 3472 1070 3515 vulq.
1099 3470 1113 3515 ΙΙ
1145 3472 1186 3505 18

111 3514 174 3557 τῆς
196 3510 438 3559 γαληνότητος
460 3515 526 3556 (vel
546 3513 592 3559 τῇ
614 3511 846 3558 γαληνότητι)
865 3513 970 3556 ἡμῶν
985 3517 1186 3557 Zachariae]
1557 3512 1562 3515 Α

113 3560 184 3591 τοῖς
207 3555 461 3609 γαληνοτάτοις
482 3557 569 3600 ἡμῖν
585 3559 627 3591 Μ
641 3558 654 3601 fl
673 3560 713 3592 19
736 3561 858 3591 subscr.
874 3559 941 3593 dat.
956 3559 1033 3593 XV.
1053 3561 1086 3592 k.
1104 3561 1186 3593 febr.
1301 3561 1343 3594 23
1368 3561 1463 3592 inser.
1482 3559 1574 3591 Idem
1597 3559 1682 3597 Aug.
1700 3556 1891 3588 Areobindo
1907 3557 2037 3600 (pp->ss
2056 3558 2099 3590 29
2121 3558 2231 3596 antea]
2254 3557 2333 3588 ante

113 3614 161 3645 cp.
187 3603 242 3635 dn.
266 3603 394 3635 iustum
416 3614 471 3646 pp.
496 3613 571 3644 aug.
596 3605 673 3645 post
702 3613 809 3635 conss.
839 3602 1020 3636 einsdecem
1044 3605 1088 3637 M
1115 3604 1186 3644 ἐξε·
1255 3605 1266 3645 ll
1291 3605 1390 3637 etiam
1421 3603 1532 3642 (etiam
1557 3603 1634 3641 etl)
1666 3601 1813 3641 comites]
1846 3602 1982 3634 comites
2011 3602 2112 3634 etiam
2136 3600 2150 3645 Ι
2179 3603 2213 3633 et
2235 3599 2331 3642 alios]

92 3687 99 3698 ι
114 3645 274 3693 φωνήθη
303 3649 391 3691 μηνὶ
414 3650 641 3693 φεβρουαρίῳ
664 3647 737 3680 ἔτει
760 3643 792 3679 δ’
825 3647 889 3688 τῆς
911 3647 1093 3690 βασιλείας
1108 3645 1188 3681 Ἰου-
1257 3649 1367 3691 alio-an
1386 3650 1428 3681 30
1452 3657 1566 3679 verum
1591 3648 1713 3685 tamen]
1737 3656 1851 3678 verum
