2592 3840
268 87 376 130 Nov.
406 86 532 129 XXII
560 88 627 129 22.
655 89 707 129 23

270 197 420 245 λαγῆναι
449 198 591 232 ποινιῦν
620 200 692 231 τοῖς
724 198 762 229 ἐκ
792 195 855 229 τοῦ
887 196 1060 240 προτέρου
1094 194 1209 240 γάμου
1237 198 1343 229 παισὶ

268 242 335 286 τὴν
360 241 524 287 ἡμίσειαν
554 243 614 285 τῆς
637 242 765 276 οἰκείας
796 242 999 286 περιουσίας
1028 237 1236 284 δωρουμένη
1265 242 1342 284 μοῖ-

270 301 337 332 ραν
362 288 551 334 καθαρῶς,
584 286 750 333 αἱρέσεως
774 282 911 327 ἁπάσης
933 287 1058 329 χωρίς,
1089 287 1148 318 καὶ
1171 282 1255 319 οὐδὲ
1276 284 1343 327 τὴν

269 334 394 386 ςχρῆσιν
426 335 738 385 παρακατέχουσα,
773 328 859 363 ἀλλὰ
894 327 1008 371 πάσης
1041 330 1102 372 τῆς
1131 328 1254 365 οὐσίας
1283 331 1344 373 τῆς

1348 79 1427 128 164

2223 95 2284 127 ΒΕ
2312 94 2490 128 NUPTIIS

1411 193 1547 239 poeuis,
1571 204 1615 229 ex
1639 192 1750 238 priori
1774 191 1998 227 matrimonio
2021 192 2105 228 filiis
2127 193 2279 230 mediam
2298 204 2386 231 suae
2403 195 2488 231 sub-

1411 239 1566 274 stantiae
1598 239 1732 274 donare
1761 237 1959 282 portionem
1991 246 2081 282 pure
2113 241 2148 273 et
2178 239 2255 274 sine
2285 240 2379 275 omni
2404 251 2488 276 con·

1412 284 1552 319 dicione
1586 287 1624 319 et
1659 293 1774 327 neque
1809 292 1912 317 usum
1944 282 2115 325 retinere,
2154 283 2218 319 sed
2253 284 2368 320 omnis
2402 285 2488 321 sub-

1413 329 1568 364 stantiae
1592 338 1698 372 quam
1721 327 1858 370 habuit,
1913 327 2030 362 uando
2054 328 2101 363 ad
2124 328 2301 364 secundas
2323 329 2490 366 veniebat

269 391 329 412 οτε
364 389 450 425 προς
485 389 565 411 τους
595 375 775 422 δευτέρους
811 377 937 420 ἐφοίτα
971 373 1116 420 γάμους,
1152 374 1244 409 κατὰ
1275 373 1342 418 τὴν
1378 378 1396 409 5
1412 374 1566 419 nuptias,
1592 373 1752 415 mediam,
1778 372 1872 407 sicut
1920 371 2058 415 iximus,
2083 373 2210 409 cedens
2230 377 2368 424 partem
2390 375 2488 420 prius

270 420 444 467 ἡμίσειαν,
469 421 637 466 καθάπερ
656 422 822 466 ἔφθημεν
839 418 1010 460 εἰπόντες,
1034 419 1247 463 ἑξισταμένη
1268 422 1342 464 μοῖ-

270 481 339 514 ραν
367 471 440 501 τοῖς
471 467 682 513 ἔμπροσθεν
709 466 911 512 γενομένοις
941 467 1055 498 παισί.
1103 467 1178 498 Καὶ
1209 462 1343 544 διαιὲή·

270 525 396 546 σονται
419 513 525 545 τοῦτο
549 511 584 545 οἱ
604 509 728 546 παῖδες
756 507 913 544 ἅπαντες
942 509 980 549 ἐξ
1003 509 1095 552 ἴσης,
1128 513 1188 543 καὶ
1212 513 1281 545 παῖ
1305 521 1344 544 ας

269 559 335 602 μὲν
366 559 505 599 ἔχοντες
536 557 583 590 εἰς
613 555 693 589 τούς
725 555 864 588 ἑαυτῶν
896 557 1182 600 παραπέμψουσι
1213 553 1345 590 παῖδας
1412 553 1582 597 legibus),
1614 553 1645 587 si
1676 562 1759 587 vero
1789 562 1861 588 non
1892 552 2103 597 habuerint,
2140 553 2299 589 defuncti
2331 563 2396 590 seu
2427 554 2488 590 de·
2514 576 2516 578 -

1412 418 1610 464 procreatis
1634 417 1726 452 filiis.
1774 417 1824 452 Et
1853 416 2010 452 divident
2029 417 2098 453 hoc
2124 418 2189 453 filii
2215 429 2336 454 omnes
2361 429 2406 454 ex
2427 429 2488 456 ae·

1436 474 1493 506 uo,
1527 467 1563 498 et
1585 462 1678 497 filios
1703 461 1844 506 quidem
1866 461 2039 498 habentes
2065 462 2112 498 ad
2138 473 2222 499 suos
2245 465 2490 500 transmittent

1439 508 1504 543 lios
1541 510 1697 552 (oportet
1732 507 1825 542 enim
1859 507 1994 552 aliquid
2034 507 2142 543 etiam
2178 509 2358 546 veteribus
2395 508 2489 545 adici

270 600 339 642 (δεῖ
359 601 427 657 γάρ
451 615 486 635 τι
509 604 568 634 καὶ
592 603 665 635 τοῖς
696 598 862 635 παλαιοῖς
885 599 1100 652 προςθεῖραι
1121 598 1277 644 wiffare)-
1314 600 1345 634 εἰ
1360 602 1399 634 10
1413 598 1618 633 functorum
1641 598 1825 642 portiones
1856 597 2037 643 accipient
2067 598 2217 651 omnino·
2234 609 2301 644 pro
2324 599 2490 644 portione

271 645 311 680 δὲ
337 660 401 680 ουκ
425 648 547 689 ἔχοιεν,
579 644 624 679 τὰ
645 647 709 678 τοῦ
732 642 1008 687 τελευτήσαντος
1032 658 1054 687 η
1083 646 1161 678 τῶν
1184 643 1344 688 τελευτη-

270 691 415 725 σάντων
438 694 525 735 μέρη
556 688 732 734 λήψονται
763 686 1108 736 πάντεςάναλόγως
1138 688 1174 723 οἱ
1203 686 1345 724 τούτων

269 734 425 781 ἀδελφοί.
474 736 505 768 εἰ
528 732 568 768 δὲ
591 733 721 768 πάντες
743 732 960 775 ἀπέλθοιεν,
991 736 1101 776 ἐχέτω
1127 746 1179 769 πα
1205 734 1345 780 αψυχὴν

269 783 330 823 τῆς
354 781 477 823 ἑαυτῆς
501 778 702 823 δυςκληρίας
731 776 752 821 ἡ
773 777 890 833 μήτηρ
921 778 963 812 τὸ
984 781 1099 813 ταῦτα
1124 777 1176 814 πά
1200 794 1236 814 ιν
1260 776 1343 814 ἀνα-

1413 653 1536 679 eorum
1558 642 1701 678 fratres.
1750 642 1789 677 Si
1811 652 1895 678 vero
1915 652 2037 679 omnes
2060 642 2219 679 defuncti
2243 643 2334 686 sint,
2357 644 2490 680 habeat

1414 687 1694 724 consolationem
1719 697 1805 723 suae
1827 686 2047 724 infelicitatis
2070 692 2200 732 mater,
2231 691 2274 724 ut
2296 698 2339 724 es.
2362 699 2489 725 rursus

1413 732 1572 777 recipiat.
1626 732 1677 767 Et
1709 733 1799 768 haec
1834 732 2005 775 dicimus,
2040 733 2072 769 si
2102 734 2261 769 intestati
2291 734 2490 770 morientur

1412 778 1493 821 filii3
1519 788 1591 813 non
1615 778 1710 813 enim
1732 777 1771 813 in
1794 777 1860 820 his,
1885 787 1978 822 quae
2001 779 2110 814 semel
2133 778 2231 814 facts.
2249 781 2337 815 sunt
2356 789 2489 820 eorum,

269 824 403 869 λαβεῖν.
451 827 522 858 Καὶ
545 826 662 858 ταῦτα
688 826 817 869 φαμέν,
849 821 1161 878 εἰπερριδιάθετοι
1185 821 1344 867 τελευτή-
1361 826 1399 858 15
1412 823 1678 867 prohibebimus
1704 832 1764 858 eos
1784 825 1997 858 testamenta
2021 824 2257 868 conscribere,
2282 826 2346 860 aut
2365 834 2489 869 super-

269 883 370 904 σαιεν
394 869 429 903 οἱ
450 867 590 903 παῖδες·
627 867 710 903 οὐδὲ
730 867 798 915 γὰρ
823 870 883 903 ἐπὶ
913 880 988 903 τοις
1018 867 1117 910 ἅπαξ
1143 873 1346 916 γενομένοις

269 913 391 949 αὐτῶν
415 915 575 960 εἴρξομεν
604 911 730 948 αὐτοὺς
760 911 941 956 διαθήκας
969 914 1122 961 γράφειν
1153 912 1175 958 ἢ
1203 912 1344 961 περιόν·

268 972 330 993 τας
354 957 396 993 ὃν
420 957 613 1003 βούλονται
635 960 751 993 ταῦτα
773 956 984 993 διατιθέναι
1007 958 1154 1006 τρόπον.
1202 959 1257 993 Αἱ
1277 961 1345 1004 μὲν

268 998 331 1038 οὖν
351 1006 570 1045 ἐπικείμεναι
594 1006 719 1038 ποιναὶ
743 1006 821 1037 ταῖς
843 1002 915 1050 πρὸ
938 1005 1004 1038 τοῦ
1025 1004 1210 1058 πενθίμρυ
1233 1018 1343 1051 γημα-

1414 868 1515 904 stites
1540 878 1610 912 quo
1635 868 1758 903 volunt
1788 868 1877 903 haec
1906 868 2012 903 modo
2036 868 2234 913 disponere.
2281 869 2393 914 Igitur
2422 869 2488 904 im-

1413 913 1587 948 minentes
1605 923 1742 958 poenae
1765 917 1848 948 ante
1866 913 1985 948 luctus
2006 913 2222 949 nubentibus
2238 916 2378 960 tempus
2397 914 2490 950 tales

1414 958 1672 1003 quodammodo
1708 961 1810 1000 sunt,
1846 961 1882 993 et
1915 961 1989 993 tres
2025 969 2091 1003 pro
2126 958 2182 994 his
2215 958 2489 995 constitutiones

1413 1004 1512 1048 prius
1545 1004 1698 1049 scriptas
1727 1013 1801 1038 una
1824 1002 1978 1048 quadam
2006 1003 2076 1039 hac
2106 1003 2378 1049 interpositione
2399 1005 2490 1040 haec

266 1052 388 1092 με’ναις
410 1049 537 1095 χρόνου
561 1050 730 1082 τοιαῦταί
751 1060 829 1083 πως
848 1050 928 1091 εἰσί,
952 1052 1012 1083 καὶ
1035 1052 1128 1095 τρεῖς
1151 1051 1241 1095 νπὲρ
1263 1047 1343 1084 τού·
1357 1051 1399 1084 20
1413 1049 1516 1084 nobis
1539 1049 1597 1084 lex
1621 1048 1840 1094 competenti
1862 1048 2013 1093 protulit
2036 1048 2249 1085 adiectione.

463 1093 471 1103 t

266 1107 343 1127 των
368 1092 545 1134 διαταξεις
573 1097 646 1128 τοῖς
674 1094 888 1140 ἔμπροσθεν
914 1096 1160 1140 γεγραμμένας
1181 1097 1246 1139 μιᾷ
1269 1107 1344 1129 τινι

266 1138 378 1186 ταύτῃ
406 1138 619 1183 παρενθήκη
650 1135 711 1172 ὅδε
739 1138 824 1183 ἡμῖν
854 1137 873 1172 ὁ
898 1137 1005 1183 νόμος
1034 1137 1125 1184 μετὰ
1155 1141 1217 1184 τῆς
1240 1151 1343 1186 προς-

266 1183 415 1228 ηκούσης
439 1181 588 1231 ἀπήγγει
652 1181 865 1230 προςθὴκης.

1223 1296 1381 1333 CAPUT
1402 1295 1538 1334 XXIII.

311 1364 356 1397 Εἰ
380 1362 419 1398 δὲ
438 1361 640 1418 ἀναμείνειε
662 1365 731 1407 μὲν
753 1362 820 1397 τὸν
838 1363 968 1418 ζρόνον
991 1361 1013 1408 ἡ
1034 1362 1124 1412 γυνὴ
1146 1367 1206 1398 καὶ
1228 1362 1343 1412 ταύτῃ

1458 1364 1496 1400 Si
1511 1374 1594 1400 vero
1615 1366 1779 1410 expectet
1799 1365 1939 1411 quidem
1961 1367 2102 1411 tempus
2125 1364 2253 1401 mulier
2270 1367 2307 1402 et
2322 1367 2489 1412 proptor·

266 1407 434 1456 διαφύγοι
456 1421 518 1444 τας
540 1410 724 1456 εἰρημένας
747 1420 890 1451 nomas,
922 1411 981 1445 ἐπὶ
1006 1407 1175 1455 δεύτερον
1199 1407 1239 1443 δὲ
1262 1406 1343 1455 ἀφί-
1357 1412 1399 1445 25
1413 1420 1456 1445 ea
1487 1410 1633 1454 effugiat
1670 1410 1875 1456 praedictas
1905 1420 2061 1465 poenas,
2099 1410 2145 1445 ad
2182 1412 2377 1447 secundum
2407 1420 2490 1448 vero

266 1467 364 1488 κοιτο
384 1457 615 1497 συνοικέσιον,
646 1455 725 1488 τῶν
754 1457 943 1500 προτέρων
969 1451 1177 1499 ἀμελήσασα
1186 1452 1342 1501 νγάμων,

266 1500 296 1532 εἰ
315 1502 382 1544 μὲν
405 1497 467 1533 οὐκ
491 1502 564 1542 ἔχοι
588 1496 719 1534 παῖδας
739 1519 782 1524 --
800 1499 963 1546 εἰρήσθω
1007 1499 1051 1547 ἀρ
1074 1503 1134 1534 καὶ
1158 1500 1267 1534 αὖθις
1301 1520 1340 1525 -

265 1543 456 1579 ἀκίνδυνον
479 1542 579 1578 ἅπαν
600 1542 643 1579 τὸ
668 1543 852 1580 ἐντεῦθεν,
908 1545 954 1578 Εἰ
1001 1547 1018 1579 ὲ
1045 1542 1151 1587 ὑπείη
1173 1544 1262 1592 γονὴ
1284 1547 1343 1579 καὶ

266 1588 397 1624 παῖδας
419 1589 437 1623 ὁ
466 1588 572 1634 νόμος
603 1589 779 1624 ἐντεῦθεν
803 1587 1077 1642 ἀτιμασθέντας
1106 1588 1195 1633 ἴδοι,
1223 1602 1342 1633 τηνικ-

1413 1456 1533 1491 veniat
1566 1455 1829 1491 matrimonium
1863 1465 2002 1501 priores
2037 1456 2224 1500 neglegens
2259 1457 2423 1503 nuptias,
2459 1457 2491 1492 si

1414 1500 1554 1545 quidem
1579 1511 1652 1536 non
1675 1501 1785 1536 habet
1806 1501 1900 1536 filios
1925 1500 2080 1545 (dicatur
2103 1501 2196 1536 enim
2219 1502 2326 1538 etism
2347 1502 2489 1545 denuo),

1414 1546 1490 1581 sine
1515 1546 1675 1591 periculo
1707 1549 1762 1581 est
1792 1549 1983 1581 totum-ex
2005 1546 2085 1582 hoc.
2133 1545 2173 1581 Si
2198 1555 2282 1583 vero
2314 1547 2362 1583 sit
2384 1547 2489 1583 sobo-

1412 1591 1464 1626 les
1489 1595 1525 1626 et
1547 1590 1639 1626 filios
1663 1591 1721 1626 lex
1744 1591 1829 1626 hinc
1852 1592 2091 1627 exhonoratos
2115 1590 2258 1635 viderit,
2287 1595 2376 1628 tunc
2395 1592 2490 1628 omni

265 1637 357 1669 αῦτα
388 1634 500 1679 πάσης
537 1633 738 1689 φιλοτιμίας
766 1647 865 1681 παρα
898 1636 962 1669 τοῦ
995 1632 1125 1682 ἀνδρὸς
1152 1636 1201 1669 εἰς
1230 1632 1343 1678 αὐτὴν
1359 1639 1401 1671 30
1413 1636 1579 1680 largitate
1601 1646 1623 1670 a
1638 1636 1715 1672 viro
1739 1636 1786 1672 ad
1809 1647 1886 1672 eam
1906 1636 2068 1673 veniente
2092 1646 2171 1672 eom
2194 1638 2388 1674 secundum
2406 1647 2490 1683 pro-

265 1679 440 1724 ἐλθούσης
470 1681 562 1714 κατὰ
591 1693 633 1714 το
666 1690 727 1723 της
757 1677 969 1715 δεσποτείας
998 1678 1206 1727 ἀφαιρεῖται
1228 1683 1343 1727 μέρος,

264 1770 346 1804 rari
361 1770 425 1812 ita,
444 1774 483 1805 ut
501 1770 623 1806 liberis
637 1781 688 1806 eae
697 1770 829 1817 priore
843 1770 1074 1806 matrimonio
1095 1771 1199 1806 natis·
1212 1770 1396 1806 dimidiam
1414 1782 1563 1806 suorum
1583 1770 1758 1807 bonorum

1413 1681 1577 1726 prietatis
1600 1681 1717 1726 privat
1739 1684 1894 1727 partem,
1922 1682 2036 1718 solum
2059 1681 2093 1717 ei
2116 1681 2365 1728 derelinquens
2388 1693 2491 1718 usum

1809 1776 1922 1808 artem
1940 1783 2049 1819 pure,
2073 1771 2151 1807 sine
2169 1771 2245 1807 ulla
2266 1771 2489 1815 condicione,

265 1814 375 1866 donet
396 1825 440 1850 ac
462 1826 507 1866 ne
530 1815 796 1868 usumfructum
821 1815 1160 1868 quidem-retineat,
1191 1815 1256 1851 sed
1279 1816 1437 1867 omnium
1460 1816 1636 1869 bonorum
1658 1827 1754 1870 quae
1783 1816 1948 1860 abebat,
1981 1827 2062 1869 eum
2085 1816 2135 1852 ad
2156 1816 2334 1853 secundas
2354 1817 2492 1853 veniret

265 1864 431 1906 nuptias,
462 1860 666 1902 dimidiam,
690 1864 786 1896 sicut
807 1860 914 1896 modo
937 1860 1290 1941 diximusbdpartem
1315 1860 1437 1897 liberis
1457 1872 1564 1907 prcus
1585 1867 1683 1897 natis
1705 1861 1818 1897 cedat.
1867 1860 1918 1897 Et
1940 1860 2010 1897 hoc
2033 1861 2135 1897 libert
2161 1872 2283 1897 omncs
2303 1871 2354 1898 ex
2372 1873 2490 1914 aequo

266 1904 441 1948 divident,
474 1908 508 1940 et
537 1906 572 1940 si
600 1905 744 1951 quidem
769 1905 902 1941 liberos
925 1904 1068 1949 habent,

1178 1905 1312 1942 liberos
1337 1916 1425 1942 suos
1457 1907 1702 1943 transmittent
1726 1909 1887 1953 (oportet
1908 1908 2002 1943 enim
2031 1906 2173 1953 aliquid
2200 1906 2307 1943 etiam
2330 1907 2491 1954 antiquis

266 1949 405 1996 leqibus
428 1950 596 1994 addere);
633 1950 764 1996 quodsi
797 1961 873 1986 non
904 1949 1071 1994 habeant,
1108 1950 1274 1997 defuncti
1302 1950 1359 1987 vel
1388 1950 1646 1997 defunctorum
1671 1958 1804 1998 partes
1839 1962 1961 1988 omnes
1982 1962 2058 1998 pro
2089 1955 2174 1987 rata
2202 1952 2346 1998 fratres
2367 1962 2490 1988 eorum

266 1996 418 2041 capient.

479 1994 521 2030 Si
551 2006 635 2031 vero
669 2006 792 2031 omnes
823 1995 1057 2039 decesserint,
1090 2001 1206 2032 mater
1230 1995 1298 2031 boc
1329 1995 1445 2032 durae
1471 1997 1650 2042 fortunae
1678 2007 1768 2032 suae
1797 1997 1973 2033 solacium
2004 1996 2152 2040 habeat,
2183 2000 2225 2033 ut
2250 2008 2295 2033 ea
2324 1997 2488 2044 recipiat.

265 2042 382 2085 Atque
405 2039 493 2075 baec
516 2040 678 2083 dicimus,
705 2042 740 2076 si
762 2040 905 2087 quidem
928 2041 1092 2077 intestati
1116 2041 1220 2077 liberi
1244 2040 1417 2077 obierint:
1451 2052 1566 2087 neque
1593 2041 1687 2077 enim
1710 2041 1755 2078 de
1778 2042 1823 2078 iis
1845 2053 1941 2089 quae
1963 2042 2071 2078 semel
2089 2042 2256 2122 Ξὲςονιιηι
2276 2042 2384 2088 facta
2405 2045 2491 2078 sunt

259 2084 530 2130 prohibebimus
552 2096 625 2128 eos,
651 2096 722 2132 quo
746 2086 863 2121 minus
887 2090 1099 2122 testamenta
1118 2086 1264 2132 faciant
1286 2085 1343 2122 vel
1364 2087 1577 2133 superstites
1599 2097 1672 2133 quo
1696 2087 1806 2123 velint
1828 2087 1935 2123 modo
1959 2086 2004 2123 de
2025 2087 2072 2122 iis

2127 2092 2296 2134 sponant.
2343 2086 2490 2124 Poenae

236 2159 242 2163 .
265 2130 379 2175 iqitur
405 2131 466 2173 iis,
497 2141 591 2175 quae
613 2135 698 2166 ante
718 2135 858 2178 tempus
877 2131 996 2167 luctus
1019 2136 1238 2179 nupserunt,
1269 2130 1461 2178 impositae
1490 2132 1582 2167 tales
1602 2132 1686 2178 sere
1707 2137 1813 2168 sunt:
1847 2142 1892 2167 ac
1917 2136 1990 2168 tres
2012 2132 2287 2168 constitutiones
2319 2131 2364 2168 dc
2387 2131 2444 2168 his
2466 2143 2490 2168 a

260 2175 451 2220 prioribus
474 2177 619 2211 conseri
646 2180 702 2211 tas
724 2188 798 2212 uno
823 2176 893 2212 boc
914 2176 1164 2229 supplemento
1189 2181 1317 2212 auctas
1340 2175 1430 2212 haec
1453 2176 1558 2212 nobis
1578 2176 1641 2212 lex
1664 2187 1743 2213 cum
1767 2177 1973 2213 accessione
1995 2177 2220 2213 convenienti
2242 2177 2425 2230 exposuit.

399 2220 531 2255 XXIII.
590 2187 727 2264 Οζιοάεὶ
760 2226 900 2268 tempus
930 2221 1073 2268 quadem
1104 2223 1351 2275 expectaverit
1386 2222 1515 2257 mulier
1543 2225 1654 2268 atque
1675 2222 1728 2258 ita
1749 2222 1961 2269 praedictas
1976 2233 2120 2269 poenas
2148 2221 2333 2274 effuqemt,
2364 2221 2415 2258 ad
2434 2233 2489 2259 sc-

266 2265 419 2300 cundum
442 2276 527 2301 vero
547 2266 814 2301 matrimonium
830 2267 1022 2313 prioribus
1044 2268 1182 2313 nuptiis
1204 2267 1379 2314 neqlectis
1398 2267 1566 2310 venierit,
1600 2267 1777 2313 siquidem
1808 2268 1941 2304 liberos
1968 2278 2044 2303 non
2065 2266 2198 2303 habeat
2219 2266 2378 2309 (dicatur
2395 2268 2489 2304 enim

266 2310 357 2345 idem
379 2311 532 2354 iterum),
556 2310 634 2346 sine

683 2311 819 2347 ericulo
843 2312 915 2347 erit
934 2323 1038 2347 omne
1061 2312 1240 2359 quidquid
1260 2311 1345 2347 inde
1363 2312 1438 2357 fiet.
1486 2311 1531 2347 St
1551 2322 1636 2348 vero
1652 2312 1783 2358 proles
1805 2311 2039 2359 extet'atque
2062 2311 2126 2348 lea:
2147 2311 2280 2348 liberos
2301 2311 2386 2348 inde
2403 2323 2488 2348 eon—

267 2355 412 2390 tumelia
436 2356 589 2402 affectos
608 2356 643 2391 vi
669 2360 738 2399 eat,
760 2360 833 2391 tum
858 2357 958 2392 omni
979 2356 1197 2393 liberalitate
1217 2368 1241 2393 a
1260 2358 1392 2393 marito
1412 2357 1451 2392 in
1474 2357 1574 2393 illam
1592 2358 1766 2404 profecta
1786 2361 1961 2404 quantum
1984 2356 2034 2393 ad
2049 2357 2311 2404 proprietatem
2327 2357 2490 2405 pertinet

313 2450 329 2480 1
356 2444 502 2491 πρώτου
518 2448 628 2491 Epan.
642 2457 739 2482 aucta
753 2448 766 2493 ΙΙ
787 2451 812 2482 ’2
837 2445 1058 2494 δωρουμένη]
1083 2447 1229 2495 παρέξει
1256 2449 1304 2482 B⁸
1328 2445 1341 2493 Ι]

268 2495 286 2526 3
312 2490 482 2546 καθαρὰν
506 2493 615 2535 Εραη.
638 2501 734 2527 aucta
771 2493 784 2538 ss
816 2492 985 2540 αἱρέσεως
1010 2492 1125 2536 πάσης
1151 2495 1197 2527 Β’
1220 2494 1338 2528 Proch.

267 2534 382 2578 πάσης
395 2538 562 2580 αιρέσεως
574 2538 683 2581 Epan.
698 2547 793 2572 aucta
809 2538 821 2583 Ι]
840 2541 899 2572 καὶ
912 2535 1004 2580 οὐδὲ]
1017 2536 1110 2583 μηδὲ
1122 2540 1171 2573 B⁸
1189 2539 1202 2582 ΙΙ
1218 2542 1237 2573 4
1252 2535 1343 2572 ἀλλὰ

268 2601 306 2605 --
325 2584 342 2614 7
358 2584 466 2631 παισί
483 2595 540 2614 om.
553 2583 600 2615 B·
619 2583 630 2626 ΙΙ
645 2583 706 2625 τῆς
725 2579 797 2624 ὅτε]
819 2580 879 2617 ὅτε
891 2585 1118 2628 Epan.aucta‚
1134 2585 1196 2626 τῆς
1208 2583 1340 2630 παρού-

268 2636 329 2667 σης
350 2622 409 2657 ὅτε
427 2627 619 2660 Haloander
632 2630 685 2671 (es
701 2630 732 2669 ς)
747 2629 760 2672 {l
787 2632 805 2662 5
826 2629 954 2673 ἐφοίτα
971 2649 1012 2654 -
1030 2632 1047 2662 7
1071 2632 1190 2670 παισί]
1209 2627 1342 2675 γάμους

269 2671 395 2715 ἐφοίτα
422 2668 488 2712 τὴν
516 2667 680 2714 ἡμίσειαν
708 2675 839 2718 μοῖραν
865 2676 938 2707 τοῖς
965 2675 1040 2718 εμπ
1062 2674 1179 2708 οσθεν
1201 2676 1339 2720 γινομέ-

269 2725 341 2747 νοις
364 2717 491 2748 παισὶν
514 2713 628 2758 ἐπιδῷ
653 2718 762 2761 Epan.
784 2726 880 2752 aucta
903 2720 915 2762 ΙΙ
945 2721 965 2753 6
988 2721 1033 2764 ἕῳ
1067 2732 1158 2762 ημεν
1180 2718 1342 2754 εἰπόντες

269 2756 442 2800 (εἰπόντες
461 2760 628 2804 ε’φθημεν
649 2762 714 2803 Bt)
735 2763 770 2795 Β
778 2762 901 2804 Νουμᾶ]
923 2763 1092 2808 ἔφθημεν
1109 2765 1180 2798 ML
1204 2766 1342 2810 ἔφημεν

273 2805 398 2845 Procli„
423 2805 533 2847 Epan.
547 2807 604 2849 (cf.
617 2807 649 2847 ς)
666 2806 678 2850 ΙΙ
696 2805 939 2851 ἐξησταμένην
963 2810 1008 2842 12¹
1028 2810 1040 2853 ΙΙ
1070 2812 1089 2844 8
1114 2810 1234 2851 τοῦτο]
1257 2806 1340 2843 ταύ-

268 2861 336 2891 την
349 2849 398 2882 B‘
411 2850 520 2892 Epan.
536 2858 631 2883 aucta
650 2852 661 2893 ΙΙ
677 2853 735 2883 καὶ
756 2850 887 2886 παῖδας
903 2872 942 2878 —
964 2857 1003 2888 10
1016 2851 1138 2898 νόμοις
1157 2868 1215 2889 om.
1228 2856 1339 2899 Epan-

271 2901 366 2927 aucta
383 2892 395 2938 ΙΙ
413 2895 432 2927 9
454 2896 734 2939 παραπέμπουσι
762 2898 808 2929 13³
832 2898 844 2939 ΙΙ
869 2900 907 2931 10
931 2895 987 2931 δεῖ
1008 2919 1051 2924 —
1074 2896 1196 2943 νόμοις
1219 2913 1277 2934 om.
1292 2901 1342 2934 B·

270 2940 400 2979 Proch„
422 2940 532 2982 Epan.
551 2941 562 2980 ΙΙ
582 2941 619 2972 12
645 2939 787 2981 πάντες]
811 2939 957 2976 πάντως
972 2944 1036 2981 Βῑς
1050 2946 1175 2986 Procli„
1199 2946 1309 2988 Epan.
1330 2946 1342 2988 Ι]

269 2983 305 3017 οἱ
327 2982 469 3016 τούτων
490 2979 650 3028 ἀδελφοί]
672 2983 820 3030 ἑκάτερα
843 2987 951 3042 Epan.
972 2997 1067 3022 aucta
1082 2989 1094 3033 Ι]
1118 2991 1156 3023 13
1179 2986 1339 3035 ἀδελφοί]

268 3027 309 3062 οὐ
331 3027 601 3073 προτιμώμενοι
621 3029 680 3107 ἐἷς
699 3028 832 3074 μητρὸς
849 3041 896 3064 εις
915 3032 982 3074 τὴν
1000 3031 1111 3075 ἄλλην
1130 3031 1256 3067 οὐσίαν
1275 3035 1340 3068 τοῦ

268 3071 543 3116 τελευτήσαντος
570 3085 637 3107 παι
662 3084 699 3107 ος
727 3073 749 3116 ἢ
779 3075 856 3108 τῶν
883 3074 1175 3120 τελευτησάντων
1205 3076 1239 3121 (ἢ
1263 3080 1341 3113 τῶν

268 3116 340 3152 τελ.
365 3131 423 3151 om.
442 3117 568 3159 Nom-‘¹9
595 3120 672 3152 add.
690 3119 722 3151 B
736 3119 859 3160 Nom.‘²‚
885 3121 933 3154 L²
953 3124 985 3155 in
1007 3136 1066 3166 my.
1094 3123 1106 3167 Ι]
1129 3120 1338 3166 ἀπέλθοιεν]

268 3159 458 3197 ἀδιάθετοι
482 3164 559 3196 add.
574 3163 623 3196 Β*
641 3162 653 3206 ΙΙ
676 3166 711 3197 14
739 3159 761 3204 ἡ
778 3162 894 3211 μήτηρ
913 3185 954 3190 -
975 3162 1183 3209 ἀναλαβεῖν]
1218 3166 1225 3177 ‘
1250 3168 1340 3214 γυνὴ

267 3208 383 3242 ταῦτα
407 3206 531 3260 πάντα
551 3205 676 3258 λαβεῖν
701 3208 808 3251 Epan.
823 3218 919 3243 aucta
936 3211 948 3253 ΙΙ
971 3207 1178 3254 ἀναλαβεῖν]
1204 3182 1340 3257 δγηλαδὴ

267 3254 374 3286 τοῦτο
405 3251 447 3286 τὸ
472 3264 577 3296 ημισυ
606 3249 697 3297 ὅπερ
725 3255 797 3285 τοῖς
818 3256 944 3287 παισὶν
967 3253 988 3297 ἢ
1014 3259 1090 3290 ταῖς
1113 3257 1340 3303 θυγατράσιν

269 3295 478 3343 ἐδωρήσατο
502 3299 579 3332 add.
594 3298 630 3331 B
644 3297 766 3338 Nom.‘¹,
791 3299 840 3331 L²
862 3301 894 3331 in
908 3312 967 3343 my.
994 3303 1049 3343 (qs.
1074 3302 1219 3343 Theocl.)‚
1248 3299 1340 3349 ἅπερ

268 3345 340 3376 τοῖς
352 3346 481 3377 παισὶν
493 3339 700 3389 ἐδωρήσατο
713 3344 788 3376 aad.
803 3343 848 3375 B·
888 3345 923 3378 15
938 3347 996 3377 καὶ
1008 3345 1124 3379 ταῦτα
1133 3365 1166 3371 -
1177 3349 1218 3381 23
1232 3359 1339 3392 προσ-

269 3385 383 3430 θήκης
401 3402 459 3423 om.
475 3389 524 3421 B·
540 3389 551 3430 ΙΙ
568 3385 812 3442 τελευτήσοιεν
882 3387 894 3432 ΙΙ
925 3391 963 3421 16
985 3386 1079 3430 οὐδὲ]
1104 3387 1144 3423 οὗ
1163 3391 1340 3435 B1Pr0c11.,

270 3434 303 3465 E
326 3446 378 3466 an.
410 3434 422 3477 ΙΙ
454 3435 490 3467 17
526 3430 660 3475 αὐτῶν]
691 3429 755 3467 υπ’
784 3429 907 3466 αὐτῶν
938 3434 1065 3476 Procli„
1099 3436 1207 3478 Epan.
1234 3445 1340 3479 aucta,

269 3446 370 3511 ι’ὃῘίοις
395 3476 518 3511 αὐτῶν
542 3479 651 3522 Epan.
666 3474 812 3556 ἱερῐεὲΙῆ
835 3475 1024 3523 περιόντας
1047 3498 1091 3502 —
1115 3481 1156 3514 23
1178 3480 1341 3525 προσθή-

269 3533 328 3564 κης
344 3536 402 3555 om.
417 3524 525 3566 Epan.
541 3532 637 3557 aucta
655 3523 668 3568 ΙΙ
689 3525 726 3557 18
771 3522 933 3556 ιαθεῖναι
952 3523 1120 3565 (τεθῆναι
1135 3525 1247 3558 Procli.
1261 3539 1291 3559 v.
1306 3528 1341 3569 I.)

271 3567 400 3608 Proch.‚
426 3569 533 3612 Epan.
556 3569 568 3612 Ι]
599 3568 651 3601 Αἱ
681 3569 748 3610 μὲν
763 3587 805 3592 -
831 3570 873 3602 23
898 3567 1106 3613 προσθήκης
1130 3583 1186 3602 om.
1212 3571 1341 3613 Procli„

273 3612 380 3653 Epan.
397 3614 475 3654 leqis
490 3613 502 3656 11
526 3615 564 3646 19
590 3615 790 3659 ἐγκείμεναι
815 3612 929 3647 Nom-⁶
946 3612 958 3657 ΙΙ
976 3615 1017 3647 20
1030 3627 1077 3656 sq.
1101 3616 1194 3659 τρεῖς
1209 3634 1252 3638 —-
1265 3612 1340 3648 δια·

272 3655 396 3697 τάξεις]
417 3659 492 3690 CorI.
505 3661 536 3699 5,
551 3666 610 3700 9,1.
623 3666 649 3691 2.
665 3663 695 3697 o,
707 3667 779 3700 56,4
795 3658 807 3703 u
827 3660 866 3691 21
882 3659 966 3699 τοῖς]
980 3656 1043 3691 τιὶς
1056 3659 1249 3692 Haloander
1261 3664 1306 3700 (ς)
1329 3660 1342 3705 ΙΙ

1408 2450 1664 2494 γεγραμμένοις
1677 2448 1723 2482 L¹
1739 2447 1752 2493 ΙΙ
1771 2450 1809 2483 21
1809 2448 1895 2502 ἐνμιᾷ
1914 2446 2030 2501 ταύτῃ
2049 2450 2123 2501 τινὶ
2136 2447 2278 2493 Nom-“fl
2296 2450 2338 2484 22
2358 2460 2489 2495 παρεν·

1410 2492 1508 2540 θήκῃ
1531 2491 1604 2535 ὅδε]
1629 2505 1778 2539 περιικη
1798 2491 1893 2527 ωδεῗ
1917 2495 1963 2528 L¹
1980 2493 1992 2539 ΙΙ
2010 2505 2116 2537 ημων
2138 2493 2255 2528 Nom-⁶
2271 2493 2343 2539 124
2367 2493 2414 2527 Εἰ
2437 2491 2488 2536 δι’]

1409 2541 1470 2572 καὶ
1495 2540 1573 2572 add.
1595 2539 1727 2580 Procli„
1752 2540 1864 2583 Epan.
1890 2538 1902 2582 ss
1931 2536 2134 2583 ἀναμείνειε
2158 2539 2260 2579 ΜΒἿ
2284 2534 2490 2584 ἀναμείνοιε

1410 2583 1470 2617 ΒΗ
1497 2580 1686 2637 ἀναμείνω
1707 2584 1888 2637 ι(ἐμμείνοι
1911 2585 2021 2628 Epan.
2043 2586 2152 2623 aucta)
2172 2585 2204 2617 L
2217 2582 2335 2618 Nom*
2358 2585 2488 2626 Procli„
2528 2619 2541 2627 x

1409 2629 1520 2671 Epan.
1550 2629 1562 2673 ΙΙ
1591 2641 1613 2672 η
1633 2641 1723 2676 γυνη
1749 2641 1817 2662 τον
1839 2625 1970 2674 χρόνον
1989 2629 2022 2662 L
2044 2628 2056 2672 ΙΙ
2083 2625 2212 2675 ταύτῃ]
2243 2626 2334 2672 αὐτὴ
2357 2629 2487 2672 Procli„

1409 2674 1520 2717 Epan.
1534 2682 1642 2716 aucta,
1666 2687 1724 2708 om.
1739 2675 1788 2707 Β*
1806 2673 1818 2718 ΙΙ
1834 2675 1877 2709 25
1901 2670 2058 2720 διαφύγῃ
2071 2674 2181 2718 Epan.
2195 2681 2304 2716 aucta,
2323 2670 2489 2721 διαφύγοι

1410 2719 1441 2752 L
1471 2719 1483 2763 ΙΙ
1510 2720 1553 2754 26
1583 2717 1649 2753 τὸν
1672 2717 1850 2765 πρότερον
1874 2714 2080 2762 άμελήσασα
2102 2714 2219 2765 γάμον
2249 2718 2368 2752 ΡνοεΙι.
2392 2720 2487 2754 codd.

1406 2764 1566 2808 plerique,
1591 2765 1702 2808 Epan.
1718 2766 1813 2807 leyis,
1838 2777 1897 2798 om.
1919 2765 1967 2797 B·
1996 2762 2009 2808 Ι]
2037 2765 2076 2797 2Ἰ
2102 2763 2134 2796 εἰ
2155 2764 2235 2806 μὲν]
2255 2762 2356 2820 εἴπερ
2376 2765 2487 2808 Epan-

1410 2817 1508 2843 aucta
1525 2807 1538 2854 ss
1560 2810 1631 2851 ἔχει
1654 2808 1707 2843 ΒΓ
1717 2810 1826 2852 Εραη.
1842 2816 1940 2843 aucta
1963 2819 1984 2845 ς
2004 2810 2018 2852 ΙΙ
2041 2804 2204 2853 εἰρήσθω
2228 2827 2273 2834 -
2295 2807 2404 2843 austae
2426 2822 2486 2843 on.

1409 2854 1518 2898 Epan.
1534 2862 1632 2888 aucta
1647 2853 1659 2899 ΙΙ
1676 2852 1756 2901 γὰρ]
1782 2851 1822 2887 δὲ
1849 2854 1899 2888 Β*
1914 2852 1927 2899 ΙΙ
1945 2855 2005 2887 καὶ
2029 2866 2088 2888 om.
2101 2853 2227 2896 Νουμᾶ,
2252 2854 2370 2888 ΡνοεΙι.
2380 2866 2412 2888 v.
2427 2854 2448 2889 l.
2475 2854 2490 2900 Ι

1410 2900 1452 2934 28
1475 2899 1606 2947 γονῆςῗ
1618 2899 1667 2932 12¹
1683 2899 1695 2944 ΙΙ
1714 2902 1757 2934 30
1781 2897 1881 2944 παρὰ
1899 2911 1958 2932 om.
1973 2899 2022 2933 B·

1457 3037 1470 3069 1
1500 3036 1550 3076 ex]
1565 3036 1599 3067 et
1610 3045 1650 3068 ex
1666 3033 1722 3077 Vn
1741 3036 1761 3068 2
1787 3046 1830 3067 an
1844 3035 1904 3077 leq.
1917 3034 2043 3067 donans
2058 3042 2088 3068 et
2106 3037 2126 3068 3
2139 3033 2312 3068 retinens?
2327 3032 2342 3079 Ι
2357 3035 2486 3077 porcio-

1408 3089 1466 3112 nes
1480 3080 1514 3113 R
1531 3079 1544 3124 ΙΙ
1561 3081 1579 3113 3
1604 3079 1788 3112 substanti*
1811 3078 1888 3123 V¹fl
1907 3081 1927 3113 6
1952 3079 2082 3113 diuidet
2103 3080 2184 3112 haee
2208 3088 2321 3112 omnes
2342 3079 2453 3112 ffliiR

1407 3125 1425 3156 7
1451 3125 1679 3158 tmansmittent
1690 3125 1790 3167 vu19.]
1816 3124 1975 3157 transiuit
1998 3126 2031 3157 et
2048 3124 2095 3157 R·
2121 3124 2353 3157 transmittunt
2368 3123 2459 3158 R’V

1406 3171 1427 3204 9
1450 3180 1508 3203 seu
1528 3170 1612 3211 ΒΤ]
1635 3170 1707 3202 siue
1731 3169 1788 3212 Vl]
1818 3171 1858 3203 10
1881 3169 2071 3212 portionem·
2087 3169 2146 3210 1711
2171 3169 2420 3212 proportionem
2441 3169 2485 3203 1⁷¹

1405 3214 1640 3257 proporoiones
1664 3212 1726 3258 Ra
1756 3216 1791 3248 11
1820 3214 1950 3255 fratros]
1975 3213 2027 3246 siis
2046 3213 2096 3247 R·
2120 3211 2230 3258 nsunt
2249 3214 2282 3247 R
2304 3212 2318 3258 ΙΙ
2348 3215 2388 3248 12
2407 3223 2485 3248 oon-

1405 3259 1568 3293 solatione
1590 3259 1640 3292 R¹
1659 3259 1672 3302 11
1692 3261 1731 3293 13
1756 3259 1913 3291 intestata
1929 3258 1979 3292 R¹
1997 3259 2010 3302 ΙΙ
2037 3259 2076 3292 15
2101 3257 2351 3300 prohibebimus
2383 3256 2482 3300 V⁶T1

1405 3304 1619 3347 prohibemus
1631 3304 1726 3338 RVu
1735 3304 1822 3347 vuly.
1839 3303 1851 3344 ΙΙ
1869 3304 1928 3336 aut
1939 3302 2048 3335 adhuc
2059 3303 2250 3346 superstites
2267 3302 2322 3348 Vll
2345 3304 2384 3338 16
2404 3305 2484 3346 quo]

1409 3362 1448 3380 η
1472 3350 1522 3383 V¹
1540 3349 1552 3393 ΙΙ
1575 3351 1613 3384 18
1637 3349 1702 3390 his]
1725 3348 1809 3381 issus
1831 3347 1882 3381 R¹
1905 3348 2012 3380 bissus
2026 3347 2075 3380 R*
2099 3347 2113 3392 ΙΙ

1406 3394 1726 3437 inter-dispositiones
1748 3392 1798 3426 Β*
1821 3392 1834 3436 Ι]
1859 3394 1902 3426 20
1926 3392 2144 3425 adiectionem
2170 3393 2218 3426 Β*

1406 3438 1527 3471 mulier
1558 3439 1600 3472 od
1629 3437 1790 3472 secundas
1820 3437 1935 3470 ueniat
1961 3447 2008 3469 ·n·
2042 3437 2083 3470 de
2113 3436 2207 3470 lucro
2253 3438 2318 3471 otis
2349 3439 2384 3471 et
2406 3440 2484 3471 ants

1407 3485 1542 3525 nuptias
1565 3483 1755 3517 donationis
1778 3482 1885 3526 qu.
1912 3482 1926 3525 ΙΙ
1955 3483 1998 3516 25
2022 3492 2122 3524 penas
2145 3482 2330 3524 praedictas
2352 3482 2385 3517 V
2434 3491 2482 3515 se·

1408 3528 1510 3560 cundi
1533 3530 1581 3562 R·
1600 3527 1613 3573 ΙΙ
1637 3530 1678 3563 27
1705 3527 1825 3560 habeat
1844 3527 1931 3571 ναῖς.
1951 3526 1964 3570 Ι]
1979 3526 2069 3559 dieat
2093 3528 2181 3560 euim
2204 3529 2238 3560 et
2260 3527 2369 3560 denuo
2431 3527 2440 3548 ¹
2470 3525 2483 3572 ΙΙ

1409 3573 1451 3605 28
1476 3582 1515 3605 ex
1539 3574 1601 3606 del.
1621 3573 1672 3607 1⁷³
1696 3572 1708 3616 ΙΙ
1736 3573 1778 3606 29
1801 3571 1856 3605 lex
1880 3572 2072 3613 Heimbach]
2098 3582 2137 3605 ex
2161 3571 2268 3617 libri!
2289 3574 2329 3606 31
2354 3574 2481 3615 partem

1408 3619 1513 3660 suppl.
1538 3618 1586 3651 V·
1611 3619 1643 3652 in
1667 3625 1752 3662 spat.
1766 3629 1838 3650 vac.
1857 3615 1870 3660 Ι
1891 3616 2088 3659 delinquens
2106 3617 2156 3651 R·

2146 3349 2185 3382 19
2208 3348 2303 3392 prius
2325 3348 2449 3382 om.R¹
2471 3350 2484 3392 ss

2265 3394 2308 3427 24
2331 3395 2418 3428 rubr.
2446 3392 2484 3426 si

2552 3498 2569 3517 ,

2550 3516 2568 3626 ἒ

2550 3653 2563 3701 ί
2588 3689 2592 3704 l

2549 3734 2556 3772 ἱ
2586 3747 2592 3784 t

2546 3794 2558 3840 ζΪ
2584 3797 2592 3840 l
