2476 3854
182 81 289 127 Nov.
310 82 423 126 CXV
454 84 491 126 3.
523 86 548 124 4

179 190 364 228 τοιαύταις
387 192 581 236 διαθήκαις
611 191 748 239 ληγάτα
771 191 856 226 τινὰ
886 189 910 234 ἢ
934 188 1213 237 φιδεῖκόμμισσα
1236 190 1259 235 ἢ

181 237 384 283 ἐλευθερίας
398 237 422 281 ἢ
438 239 648 283 ἐπιτρόπων
672 235 788 271 δόσεις
810 235 1102 282 καταλειφθῆναι
1121 234 1144 279 ἢ
1165 235 1256 270 ἄλλα

180 280 375 326 οἱαδήποτε
392 282 565 329 κεφάλαια
583 286 656 317 τοῖς
672 283 795 326 νόμοις
812 284 1021 328 ἐγνωσμένα
1044 279 1255 325 ὀνομασθῆ-

179 342 259 372 ναι,
290 329 406 362 ταῦτα
438 327 561 363 πάντα
592 324 781 371 κελεύομεν
812 325 1046 381 πληροῦσθαι
1077 329 1136 360 καὶ
1161 323 1255 360 δίδο-

1248 75 1335 125 544

1759 93 1821 125 ΠΤ
1850 93 1941 125 CUM
1970 93 2030 125 DE
2057 91 2396 126 APPELLATIONE

1327 190 1459 226 talibus
1483 190 1702 227 testamentis
1727 191 1899 237 quaedam
1917 192 2033 236 legata
2055 193 2111 228 vel
2126 191 2398 229 fideicommissa

1325 238 1388 270 aut
1402 236 1585 272 libertates
1606 239 1670 272 aut
1685 239 1843 272 tutorum
1864 237 2024 273 dationes
2045 236 2195 282 relinqui
2215 237 2271 274 vel
2287 247 2395 283 quae·

1324 281 1411 315 libet
1445 280 1517 316 alia
1553 281 1709 326 capitula
1745 291 1916 317 concessa
1954 282 2090 326 legibus
2124 282 2317 326 nominari,
2354 291 2398 318 ea

1325 325 1442 360 omnia.
1465 326 1625 362 iubemus
1649 326 1834 372 adimpleri
1857 330 1893 362 et
1911 326 1989 363 dari
2011 326 2080 362 illis
2101 327 2230 372 quibus
2252 326 2398 363 fuerunt

180 373 274 406 σθαι
306 375 450 406 ἐκείνοις
479 372 530 406 οἷς
559 371 798 418 κατελείφθη,
826 383 875 405 ως
898 372 928 405 εἰ
958 371 1050 405 κατὰ
1081 372 1189 406 τοῦτο
1211 371 1254 405 τὸ
1292 375 1311 407 5
1325 370 1505 413 derelicta,
1529 375 1572 406 ut
1587 375 1767 417 tamquam
1789 373 1825 407 in
1845 372 1914 408 hoc
1936 382 2010 407 non
2026 373 2216 408 rescissum
2239 372 2399 408 obtineat

179 420 283 462 μέρος
305 418 353 462 μὴ
371 415 619 462 ἀνατραπεῖσα
642 415 664 461 ἡ
682 415 842 459 διαθήκη
867 415 1015 462 ἐκράτει.
1052 419 1126 450 Καὶ
1141 417 1256 451 ταῦτα

179 464 247 506 μὲν
262 466 343 508 περὶ
358 464 435 497 τῶν
451 460 644 506 διαθηκῶν
667 463 745 496 τῶν
765 464 903 508 γονέων
927 459 1210 506 διετυπώσαμεν.

1323 418 1583 452 testamentum.
1631 416 1682 452 Et
1704 417 1793 453 haee
1816 417 1956 462 quidem
1980 416 2024 452 de
2047 420 2235 463 parentum
2258 417 2396 453 ordina-

1323 462 1436 497 vimus
1458 462 1690 497 testamentis.

1166 572 1321 610 CAPUT
1344 573 1405 609 IV.

248 644 398 676 Δίκαιον
429 640 468 676 δὲ
496 642 589 676 εἶναι
620 640 829 686 συνείδομεν
857 646 917 676 καὶ
941 643 980 677 ἐκ
1001 643 1067 677 τοῦ
1091 644 1256 677 ἐναντίου

180 692 261 732 περὶ
284 689 362 721 τῶν
381 685 572 730 διαθηκῶν
596 689 674 722 τῶν
694 685 840 722 παίδων
863 689 908 722 τὰ
931 685 1022 722 αὐτὰ
1045 686 1136 732 μετά
1160 699 1257 721 τινος

1391 641 1529 677 Iustum
1553 645 1671 678 autem
1699 641 1944 688 perspeximus
1976 645 2012 678 et
2035 651 2056 678 e
2078 642 2257 678 contrario
2289 641 2333 677 de
2354 642 2398 678 li-

1325 687 1489 722 berorum
1525 688 1747 723 testamentis
1786 690 1875 722 haec
1912 687 2033 723 eadem
2074 698 2154 723 cum
2189 686 2309 732 aliqua
2344 686 2398 723 di-

180 731 388 773 διαστίξεως
407 731 643 767 διατυπῶσαι.
679 733 905 776 θεσπίζομεν
920 736 1044 767 τοίνυν
1058 733 1108 777 μὴ
1125 733 1255 774 ἐξεῖναι
1271 734 1312 766 10
1326 732 1513 767 stinctione
1548 732 1747 778 disponere.
1801 732 1985 768 Sancimus
2022 733 2143 777 itaque
2181 742 2254 768 non
2292 731 2400 768 licere

178 780 252 811 τοῖς
275 781 379 812 παισὶ
402 777 485 812 τοὺς
507 775 616 812 ἰδίους
637 780 752 824 γονεῖς
774 777 1004 822 praeteritovs
1032 777 1256 822 καταλιμπά-

178 835 256 857 νειν
279 821 302 865 ἢ
325 820 418 856 καθ’
444 820 660 865 οἷονδήποτε
687 822 828 868 τρόπον
858 824 935 857 τῶν
963 821 1069 857 ἰδίων
1092 820 1257 869 πραγμά-

178 881 256 902 των
280 869 320 901 έν
343 867 394 902 οἷς
417 868 582 908 ἐξουσίαν
605 869 722 910 ἔχουσι
742 866 984 902 διατίθεσθαι
1007 867 1150 903 τούτους
1165 881 1256 903 παν-

178 911 288 946 τελῶς
323 910 527 959 ἀλλοτρίους
564 913 772 955 ποιεῖσθαι,
813 913 845 946 εἰ
878 913 927 958 μὴ
965 914 1028 947 τὰς
1062 915 1179 948 αἰτίας
1215 910 1256 947 ἃς
1324 912 1361 947 in
1398 912 1472 947 suis
1510 913 1731 948 testamentis
1766 912 1969 958 specialiter
2002 911 2269 949 nominaverint.
2323 911 2399 948 Has

1325 777 1445 812 liberis
1475 781 1642 822 parentes
1673 787 1758 813 suos
1789 778 1983 822 praeterire
2013 782 2076 813 aut
2106 777 2264 823 quolibet
2292 775 2399 812 modo

1325 822 1432 857 rebus
1455 823 1620 868 propriis,
1651 823 1689 858 in
1713 822 1841 868 quibus
1873 823 2009 858 habent
2029 822 2187 858 testandi
2209 822 2398 866 licentiam,

1325 876 1387 903 eos
1411 868 1554 903 omnino
1578 868 1746 910 alienare,
1770 867 1838 902 nisi
1858 877 1985 903 causas
2008 877 2098 912 quas
2116 867 2398 903 enumerabimus

179 955 410 1003 ἀριθμοῦμεν
434 960 474 992 ἐν
497 961 575 992 ταῖς
598 956 705 992 ἰδίαις
727 955 848 992 ἰδικῶς
879 956 1099 1006 ἐγγράψαιεν
1123 956 1254 1002 διαθή-
1272 959 1311 992 15
1325 960 1442 993 autem
1465 967 1544 993 esse
1567 958 1809 994 decernimus:

178 1013 263 1037 καις.
310 1003 444 1037 ταύτας
467 1000 507 1036 δὲ
529 1003 622 1037 εἶναι
645 1000 851 1047 κελεύομεν·

177 1049 199 1083 1
245 1048 275 1081 εἰ
297 1047 334 1081 οἱ
353 1051 467 1094 γονεῖς
490 1049 539 1082 εἰς
562 1045 748 1093 ἀναίρεσιν
778 1049 871 1091 ζωῆς
894 1048 976 1083 τοὺς
995 1046 1103 1083 ἰδίους
1125 1046 1256 1084 παῖδας

178 1090 386 1138 παραδοῖεν,
418 1091 501 1136 δίχα
522 1096 686 1140 μέντοιγε
710 1094 826 1127 αἰτίας
849 1093 897 1127 εἰς
920 1093 1149 1128 καθοσίωσιν
1170 1091 1254 1128 ἀνα-

177 1140 380 1218 {wopam

1324 1050 1346 1084 1
1393 1047 1430 1082 Si
1451 1050 1622 1093 parentes
1651 1047 1699 1083 ad
1719 1047 1901 1083 interitum
1931 1047 2025 1083 vitae
2052 1047 2184 1084 liberos
2214 1057 2299 1083 suos
2324 1049 2399 1082 tra-

1324 1092 1492 1135 diderint,
1530 1093 1620 1128 citra
1651 1102 1796 1128 causam
1825 1096 1944 1128 tamen
1978 1102 2071 1138 quae
2104 1091 2150 1128 ad
2179 1093 2400 1128 maiestatem

1324 1139 1500 1182 pertinere
1524 1139 1759 1182 cognoscitur.

247 1184 529 1235 ei-‹pappaxei'ais
544 1181 566 1226 ἢ
581 1187 758 1230 γοητείαις
781 1181 803 1226 ἢ
824 1181 923 1226 ἄλλῳ
944 1182 1071 1238 τρόπῳ
1093 1182 1129 1217 οἱ
1143 1186 1256 1229 γονεῖς
1269 1185 1311 1217 20
1324 1184 1347 1218 2
1395 1183 1432 1218 Si
1453 1184 1597 1218 venenis
1621 1186 1685 1218 aut
1706 1182 1889 1218 maleficiis
1920 1185 1985 1218 aut
2007 1182 2078 1219 alio
2100 1181 2204 1219 modo
2231 1183 2399 1229 parentes

177 1228 222 1274 τῇ
241 1241 319 1262 των
335 1226 482 1263 παίδων
503 1230 577 1275 ζωῇ
599 1228 916 1272 ἐπιβουλεύσαντες
940 1227 1201 1271 αποδειχθεῖεν.

177 1273 202 1309 3
248 1274 279 1306 εἰ
302 1271 322 1306 ὁ
348 1274 468 1319 πατὴρ
499 1275 545 1320 τῇ
576 1272 651 1316 ἰδίᾳ
682 1272 804 1320 νύμφῃ
836 1272 859 1316 ἢ
890 1274 934 1320 τῇ
968 1272 1160 1308 παλλακίδι
1190 1275 1254 1308 τοῦ

177 1318 306 1351 οἰκείου
329 1316 460 1353 παιδὸς
483 1322 680 1365 συμμιγείη.

177 1363 203 1398 4
247 1364 279 1397 εἰ
309 1363 346 1397 οἱ
373 1366 487 1410 γονεῖς
515 1364 598 1397 τοὺς
620 1362 728 1397 ἰδίους
756 1361 887 1398 παῖδας
910 1361 1088 1406 διαθήκας
1109 1363 1255 1404 ποιῆσαι

1323 1227 1475 1263 filiorum
1498 1229 1590 1263 vitae
1612 1228 1770 1264 insidiati
1793 1228 2052 1273 probabuntur.

1322 1273 1347 1310 3
1360 1318 1369 1327 ·
1393 1273 1431 1308 Si
1452 1278 1555 1326 pater
1578 1274 1684 1308 nurui
1707 1282 1794 1309 suae
1823 1276 1887 1308 aut
1911 1272 2132 1309 concubinae
2154 1272 2220 1308 filii
2242 1272 2299 1309 sni
2321 1281 2400 1308 sese

1322 1322 1621 1408 anlsgilelliffrentes
1644 1364 1736 1399 filios
1759 1373 1846 1399 suos
1868 1364 2119 1399 testamentum
2143 1361 2297 1398 condere
2316 1371 2398 1406 pro·

178 1406 379 1443 κωλύσειαν
409 1411 450 1442 ἐν
480 1412 553 1442 τοῖς
584 1410 793 1455 πράγμασιν
823 1410 862 1443 έν
886 1408 936 1442 οἷς
959 1409 1099 1451 ἔχουσιν
1129 1405 1256 1441 ἄδειαν
1268 1411 1309 1443 25
1323 1408 1506 1444 hibuerint
1534 1409 1571 1444 in
1593 1409 1700 1444 rebus
1731 1408 1767 1443 in
1792 1408 1920 1453 quibus
1954 1408 2089 1443 habent
2110 1406 2265 1443 testandi
2288 1406 2398 1442 licen-

177 1455 243 1486 τοῦ
266 1451 525 1488 διατίθεσθαι·
562 1452 717 1488 πάντων
741 1451 876 1497 δηλαδὴ
909 1455 1010 1495 [τῶν]
1035 1454 1095 1487 ἐπὶ
1117 1453 1162 1499 τῇ
1186 1465 1255 1486 κω·
1323 1454 1425 1495 tiam:
1451 1454 1615 1489 omnibus
1639 1453 1803 1490 videlicet
1824 1454 1862 1488 in
1882 1452 2084 1489 huiusmodi
2105 1454 2400 1487 testamentorum

177 1497 276 1531 λύσει
305 1499 384 1532 τῶν
413 1497 591 1533 τοιούτων
623 1496 815 1541 διαθηκῶν
839 1498 1131 1545 φυλαττομένων,
1161 1495 1255 1543 ἅπερ
1323 1499 1562 1543 prohibitione
1597 1498 1779 1535 servandis
1819 1507 1910 1544 quae
1945 1498 1982 1534 in
2017 1499 2205 1544 parentum
2245 1506 2400 1543 persona

178 1544 238 1578 ἐπὶ
260 1544 313 1586 τῷ
338 1545 415 1577 τῶν
438 1546 576 1590 γονέων
600 1543 779 1588 προςώπῳ
805 1541 1043 1586 διεστίξαμεν.
1324 1544 1559 1579 distinximus.

176 1589 201 1624 5
246 1589 277 1622 εἰ
297 1592 454 1633 συμβαίη
477 1589 545 1623 τὸν
561 1587 679 1635 ἄνδρα
701 1590 746 1632 τῆ
770 1590 899 1623 ἑαυτοῦ
922 1589 1057 1634 γαμετῆ
1081 1588 1130 1622 εἰς
1153 1584 1255 1622 ἆναί-
1323 1590 1347 1625 5
1393 1589 1431 1624 Si
1455 1588 1643 1633 contigerit
1671 1590 1736 1623 aut
1758 1588 1870 1623 virum
1901 1587 2005 1623 uxori
2035 1597 2123 1624 suae
2150 1587 2197 1623 ad
2219 1587 2400 1623 interitum

176 1645 277 1678 ρεσιν
307 1632 330 1676 ἢ
361 1635 533 1667 ἔκστασιν
564 1635 626 1677 τῆς
657 1625 817 1668 διανοίας
846 1632 974 1668 δοῦναι
1002 1624 1202 1679 φὶἱρμακον,
1234 1630 1310 1676 ἣ30
1324 1637 1387 1669 aut
1417 1634 1667 1670 alienationem
1698 1633 1825 1668 mentis
1857 1632 1943 1668 dare
1965 1642 2138 1668 venenum
2167 1634 2232 1669 aut
2253 1641 2399 1668 uxorem

176 1678 244 1721 τὴν
267 1678 427 1723 γαμετὴν
458 1680 513 1721 τῷ
544 1675 669 1725 ἀνδρί,
701 1676 723 1721 ἢ
753 1678 852 1722 ἄλλῳ
884 1679 1011 1724 τρόπῳ
1042 1678 1110 1713 τὸν
1133 1679 1256 1723 ἕτερον
1323 1679 1462 1722 marito,
1486 1679 1540 1715 vel
1555 1679 1626 1714 alio
1647 1678 1752 1714 modo
1775 1678 1924 1713 alterum
1948 1677 2042 1713 vitae
2058 1678 2204 1714 alterius
2228 1677 2399 1720 insidiari,

176 1724 221 1770 τῇ
252 1724 316 1758 τοῦ
347 1724 467 1770 ἑτέρου
498 1725 571 1770 ζωῇ
603 1722 874 1768 ἐπιβουλεῦσαι,
908 1723 951 1757 τὸ
988 1725 1054 1767 μὲν
1091 1725 1256 1757 τοιοῦτον
1322 1724 1395 1760 tale
1429 1724 1570 1770 quidem
1607 1725 1733 1769 utpote
1768 1722 1953 1768 publicum
1992 1723 2125 1759 crimen
2165 1723 2400 1760 constitutum

176 1768 332 1815 ἔγκλημα
355 1768 414 1802 οἷα
432 1769 597 1814 publicov
620 1766 783 1814 ὑπάρχον
805 1769 898 1803 κατὰ
928 1767 1010 1803 τοὺς
1039 1767 1170 1813 νόμους
1202 1768 1256 1808 ἐξ·

243 1858 306 1891 c.I
312 1859 343 1892 V
365 1861 406 1893 10
429 1858 478 1902 μὴ
502 1858 633 1898 ἐξεῖναι
654 1859 745 1902 μήτε
767 1862 840 1893 τοῖς
863 1879 908 1884 -
933 1862 973 1894 15
998 1857 1193 1901 διαθήκαις
1216 1859 1311 1893 habet
1334 1859 1383 1892 B⁸
1408 1862 1446 1893 K
1469 1862 1521 1901 14,
1538 1868 1554 1894 4
1575 1851 1688 1904 ps401
1714 1859 1817 1893 Zach.
1841 1859 1930 1900 (inde
1954 1858 1991 1892 B
2016 1859 2037 1892 l.
2054 1871 2080 1892 c.
2105 1858 2166 1900 37).

314 1905 355 1938 16
378 1903 442 1937 τὰς
466 1901 507 1936 δὲ
529 1904 646 1937 αἰτίας
667 1903 731 1946 τῆς
754 1900 962 1948 ἀχαριστίας
985 1905 1062 1937 τῶν
1084 1906 1222 1950 γονέων
1245 1903 1335 1949 πρὸς
1357 1904 1438 1938 τοὺς
1461 1903 1593 1939 παῖδας
1614 1902 1749 1938 ταύτας
1771 1902 1865 1937 εἶναι
1888 1900 2077 1947 κελεύομεν
2099 1922 2143 1929 -
2167 1904 2244 1945 545,
2258 1911 2293 1937 24
2317 1906 2398 1949 περὶ

331 2006 334 2007 ⁷
373 1949 629 2037 ἔξιιζαέιοιῖζῖἴα
640 1946 913 2029 δῖιεῖξπῖαὲσαμεν
939 1950 986 1982 13⁸
1008 1952 1046 1983 A
1072 1952 1110 1983 71
1132 1963 1168 1992 p.
1185 1950 1249 1984 126
1268 1950 1371 1983 Zach.
1395 1952 1483 1992 (inde
1507 1951 1542 1984 B
1568 1952 1587 1984 ἰ.
1602 1954 1653 1993 (3.).
1678 1969 1722 1974 -
1746 1950 1961 1983 Summarium
1985 1961 2011 1982 c.
2025 1949 2086 1982 IV
2105 1956 2192 1983 extat
2214 1951 2248 1983 in
2270 1949 2399 1995 Ecloqa

675 2019 684 2035 ,
737 2019 745 2027 .
799 2020 806 2027 .

174 2093 300 2128 mentis
326 2093 446 2139 leqata
470 2093 648 2138 quaedam
672 2093 728 2144 vei
745 2093 1025 2144 fideicommissa
1048 2094 1105 2146 uel
1119 2094 1304 2146 libertates
1326 2095 1383 2130 vel
1406 2099 1563 2130 tutorum
1587 2094 1755 2146 dationes
1769 2093 1869 2146 ‘rolin
1896 2093 1937 2128 ui
1958 2093 2018 2146 vel·
2032 2093 2107 2129 alia
2125 2092 2400 2140 qualiacumque

173 2139 306 2218 {m
321 2137 1255 2221 ‘tiberio-'tu‘'ztztdzzzm't‘zrz'tp‘312²
1274 2139 1441 2220 &2355
1463 2139 1669 2220 αᾶἵέἔιιίἒέ
1686 2138 1927 2220 figmata?
1948 2137 2400 2219 Zelssss‘tiffl'ghssfflffu?

307 2193 370 2264 ἦ.
417 2228 578 2273 Aequum
612 2232 731 2263 autem
762 2239 839 2263 esse
869 2227 974 2263 nobis
1003 2229 1115 2264 visum
1146 2211 1199 2265 est
1228 2196 1335 2265 etqiam
1357 2241 1377 2264 e
1400 2195 1588 2266 cogtrario
1619 2229 1664 2264 de
1695 2228 1913 2264 testamentis
1924 2193 2138 2264 pliberorum
2166 2226 2291 2264 eadem
2320 2237 2400 2264 cum

173 2273 331 2319 quadam
354 2273 586 2309 distinctione
609 2273 839 2308 constituere.
888 2271 1079 2309 Sancimus
1100 2275 1226 2320 iqitur,
1250 2285 1296 2310 ne
1318 2275 1440 2311 liberis
1462 2274 1570 2310 liceat
1586 2278 1763 2321 parentes
1784 2283 1872 2308 suos
1887 2273 2094 2320 praeterire
2116 2273 2173 2310 vel
2194 2271 2269 2309 ullo
2292 2272 2400 2310 modo

173 2329 197 2353 a
211 2318 327 2354 -rebus
348 2318 436 2360 suis,
459 2319 496 2352 in
514 2318 644 2364 quibus
664 2321 879 2364 potestatem
903 2318 1061 2354 testandi
1083 2318 1226 2362 habent,
1250 2331 1313 2356 eos
1324 2320 1439 2366 plane
1462 2319 1602 2355 alienos
1620 2318 1781 2361 reddere,
1805 2318 1878 2354 nasi
1895 2328 2026 2354 causas
2044 2329 2136 2365 quas
2155 2318 2410 2356 enumeratam}

172 2374 295 2398 sumus
318 2363 357 2398 in
382 2363 602 2399 testamentis
624 2363 700 2398 suis
722 2363 930 2409 specialiter
952 2364 1176 2410 scripserint.
1224 2364 1305 2400 Has
1327 2369 1447 2400 autem
1470 2375 1548 2401 esse
1572 2364 1751 2400 iubemus:

173 2411 196 2445 1
249 2407 291 2443 Si
299 2413 474 2454 parentes
490 2408 621 2444 liberos
636 2419 722 2443 suos
739 2408 789 2443 ad
802 2408 987 2443 interitum
1004 2410 1098 2444 vitae
1115 2408 1289 2452 dederint,
1310 2413 1466 2456 excepta
1485 2413 1604 2445 tamen
1624 2419 1736 2445 causa
1756 2407 1807 2444 ad
1822 2407 1956 2454 crimen
1975 2407 2174 2443 maiestatis
2192 2407 2398 2454 referenda.

172 2453 198 2488 2
243 2452 286 2488 Si
309 2453 487 2498 veneficiis
502 2453 559 2489 vel
572 2453 881 2488 incantationibus
903 2453 961 2488 vel
978 2453 1052 2489 alio
1076 2454 1183 2490 modo
1200 2459 1377 2502 parentes
1399 2455 1494 2491 vitae
1514 2455 1708 2490 liberorum
1729 2452 1921 2490 insidiatos
1943 2463 2021 2488 esse
2035 2452 2319 2489 demonstratum
2339 2453 2400 2492 sit.

172 2498 198 2533 3
244 2497 286 2532 Si
306 2503 415 2544 pater
438 2509 518 2533 cum
541 2509 636 2533 nuru
659 2509 727 2533 sua
750 2497 806 2534 vel
828 2497 1028 2534 concubina
1045 2500 1200 2546 proprii
1216 2500 1288 2544 filii
1309 2511 1444 2547 corpus
1466 2500 1657 2535 miscuerit.

173 2543 199 2578 4
244 2541 286 2578 Si
336 2547 479 2578 arentes
503 2543 636 2579 liberos
657 2553 745 2578 suos
770 2547 982 2579 testamenta
1002 2544 1131 2589 facere
1147 2544 1404 2591 prohibuerint
1425 2545 1464 2580 in
1483 2544 1602 2586 rebus,
1625 2545 1663 2579 in
1682 2543 1812 2590 quibus
1837 2542 1993 2579 testandi
2008 2545 2227 2590 potestatem
2247 2541 2402 2587 habent;

174 2591 222 2639 ut·
244 2588 289 2639 vi⁸
304 2588 407 2623 elicet
437 2589 558 2623 omnia
592 2588 631 2623 in
660 2587 909 2634 prohibitione
942 2589 1118 2625 eiusmodi
1149 2594 1441 2626 testamentorum
1473 2589 1706 2626 observentur
1740 2599 1835 2635 quae
1864 2588 1903 2624 in
1929 2591 2127 2635 parentum
2155 2598 2317 2634 persona
2346 2587 2397 2626 di·

173 2637 410 2723 gtmffssae
432 2678 584 2713 maritus
606 2678 721 2713 uxori
740 2689 830 2713 suae
860 2677 910 2713 ad
932 2678 1114 2714 interitum
1145 2679 1202 2715 vel
1230 2678 1358 2714 mentis
1387 2679 1641 2716 alienationem
1670 2689 1842 2715 venenum
1871 2677 2021 2720 dederit,
2053 2677 2110 2715 vel
2130 2688 2231 2714 uoeor
2255 2677 2400 2721 marito,

174 2722 231 2757 vel
252 2721 326 2757 alio
350 2722 456 2757 modo
482 2723 575 2757 alter
599 2722 749 2758 alterius
772 2723 866 2758 vitae
889 2723 1082 2758 insidiatus
1103 2724 1170 2768 sit,
1201 2723 1375 2760 eiusmodi
1398 2724 1541 2770 quidem
1564 2725 1698 2760 crimen
1728 2727 1855 2771 utpote
1872 2723 2058 2770 publicum
2087 2723 2281 2759 secundum
2304 2721 2401 2770 loyes

1322 2839 1387 2881 Ep.
1411 2835 1604 2871 κωλύσειεν
1620 2839 1652 2871 L
1699 2839 1742 2872 26
1765 2837 1830 2871 τοῦ
1855 2850 1913 2870 om.
1928 2837 1992 2879 Ep.
2010 2835 2023 2879 ΙΙ
2041 2834 2191 2869 πάντων
2211 2855 2254 2860 -
2275 2837 2318 2871 28
2330 2832 2401 2870 διε·

223 2838 239 2870 1
264 2834 400 2878 ληγάτα
421 2834 471 2874 (λε
495 2834 566 2868 άτα
580 2838 623 2874 A)
650 2836 794 2888 MLAf]
819 2832 840 2877 ἢ
865 2833 1000 2888 ληγάτα
1018 2833 1170 2888 (λεγοίτοξκ
1176 2839 1254 2880 Ep.)
2009 2881 2024 2888 ψ
2297 2880 2314 2888 .-

1322 2881 1495 2960 στίξοὲιῖεν
1520 2895 1577 2916 om.
1590 2883 1654 2926 Ep.
1702 2883 1781 2916 τῶν
1803 2894 1862 2915 om.
1876 2882 1936 2918 As·
1953 2881 2025 2926 ΙΙτῃ
2051 2893 2110 2914 om·
2124 2881 2156 2914 L
2171 2879 2185 2924 ss
2203 2881 2245 2915 28
2261 2892 2315 2923 τῳ
2339 2893 2397 2915 om.

175 2882 233 2914 Pr.
244 2882 308 2924 Ep.
328 2879 340 2923 ss
364 2878 386 2921 ἢ
411 2893 451 2924 <pt
476 2879 668 2923 εικόμμισα
688 2881 717 2912 L
741 2893 763 2921 η
788 2878 1026 2924 φιδικομισσα
1048 2882 1118 2915 MA
1148 2895 1170 2923 η
1195 2884 1254 2914 καὶ

174 2925 220 2959 τὰ
241 2928 361 2960 πίστει
385 2927 459 2958 τινὶ
482 2924 742 2967 παρατεθέντα
766 2925 824 2958 Ρν.
839 2926 904 2968 Ep.
923 2925 936 2968 ΙΙ
960 2927 979 2958 2
1004 2923 1208 2972 ἐλευθερίας
1232 2924 1254 2969 ἢ

176 2984 235 3004 om.
250 2971 297 3005 M
304 2971 316 3013 Ι]
335 2970 546 3014 ἐπιτροπῶν
562 2971 593 3002 A
611 2970 623 3011 ΙΙ
641 2966 767 3010 δόσεις]
792 2969 854 3002 τὰς
877 2972 995 3010 (adscr-
1010 2984 1035 3004 ε.
1049 2984 1078 3004 υ.
1095 2972 1137 3004 M
1143 2971 1170 3012 ὰ)
1194 2969 1253 3004 δό-

175 3026 247 3050 σεις
271 3014 345 3059 Mu
376 3017 396 3049 5
419 3012 467 3047 ὠς
490 3014 521 3047 εἰ
547 3014 671 3055 ΜΡν.]
695 3011 743 3047 ὥς
767 3011 814 3047 ἂν
837 3014 868 3046 εἰ
892 3015 923 3047 L
947 3013 995 3048 ὠς
1019 3016 1049 3048 A
1073 3012 1133 3055 (αἱς
1156 3016 1187 3049 εἰ
1210 3036 1254 3041 -

176 3060 316 3105 ἐκράτει
340 3073 398 3093 om.
413 3061 491 3103 Ep.)
511 3061 522 3100 Ι]
545 3057 587 3091 τὸ
609 3061 712 3102 μέρος
736 3072 794 3092 om.
808 3072 827 3095 ς
844 3060 856 3101 ΙΙ
881 3061 901 3093 6
925 3058 974 3101 μὴ
999 3055 1254 3104 ἀνατραπῆναι

174 3105 245 3149 τὴν
268 3102 453 3147 διαθήκην
476 3103 681 3147 κρατοῦσαν
704 3104 734 3136 A
758 3103 770 3146 ΙΙ
801 3106 820 3138 8
844 3101 886 3139 ις’
903 3117 1004 3147 marq.
1018 3107 1048 3138 A
1074 3105 1087 3148 ss
1110 3108 1169 3138 καὶ
1194 3119 1252 3139 om.

175 3152 240 3194 Ep.
267 3151 280 3191 ΙΙ
305 3153 346 3184 10
371 3147 558 3191 διαστολῆς
577 3149 639 3191 Ep.
666 3149 678 3191 ΙΙ
711 3150 747 3182 11
776 3149 998 3193 πραετερίίῑιιε
1020 3150 1065 3182 Μ
1094 3162 1253 3194 πραιτω-

175 3195 294 3240 ριτοὺς
316 3196 348 3228 A
385 3190 671 3238 ἀμνημονεύτους
696 3194 784 3226 LB¹
821 3190 1040 3237 άποκλήρους
1064 3195 1120 3228 Pr.
1146 3197 1211 3238 Ep.
1242 3196 1254 3238 11

178 3243 218 3276 13
250 3238 493 3274 διατίθεσθαι
529 3238 695 3278 ἐξουσίαν
728 3238 845 3279 ἔχουσι
871 3238 926 3270 Pr.
956 3239 968 3281 ΙΙ
1001 3238 1156 3280 τούτους]
1192 3236 1252 3272 αὖ·

174 3285 257 3319 τοὺς
280 3287 311 3319 A
339 3287 351 3328 ΙΙ
388 3287 428 3319 14
451 3281 492 3318 He
520 3281 762 3329 ἀριθμοῦμεν]
797 3283 857 3323 τῆς
887 3279 1094 3326 ἇχαριστίας
1119 3285 1177 3321 13⁸,
1213 3280 1254 3317 (ἲς

176 3344 234 3365 om.
259 3331 307 3364 L¹
331 3330 344 3374 ΙΙ
375 3332 415 3364 15
441 3327 563 3363 ἰδικῶς
591 3330 632 3362 έν
660 3330 738 3361 ταῖς
769 3327 910 3360 οἰκείαις
934 3331 981 3367 A,
1017 3329 1057 3360 ἐν
1081 3337 1110 3362 et
1133 3326 1253 3361 ἰδικῶς

176 3389 234 3409 om.
253 3376 302 3409 Β*
327 3376 340 3413 ll
368 3375 584 3421 ἐγγράφοιεν
609 3374 653 3407 Μ
656 3374 734 3413 LA,
762 3373 817 3405 Pr.
834 3374 997 3415 plerique,
1022 3374 1097 3416 Ep„
1132 3371 1252 3418 ἐγγρά-
1320 3372 1517 3406 mei-abimus
1543 3373 1589 3413 T]
1622 3372 1887 3405 ennmerauimus
1912 3373 2079 3416 RVvalq.
2103 3371 2116 3416 ΙΙ
2147 3373 2187 3406 14
2211 3371 2399 3405 nominauit

175 3432 286 3465 ψαιεν
309 3423 369 3453 καὶ
393 3416 496 3453 αὐτοὶ
521 3420 570 3452 B⁸
595 3417 853 3460 (nominaverint
875 3419 907 3459 ς)
938 3417 951 3460 ΙΙ
987 3419 1024 3451 17
1050 3420 1186 3461 einyulis
1212 3423 1249 3457 ,ξς
1326 3419 1357 3452 Τ
1373 3418 1385 3460 ΙΙ
1413 3420 1453 3451 15
1478 3427 1544 3450 esse
1569 3430 1627 3450 om.
1644 3418 1675 3450 R
1704 3416 1717 3461 ΙΙ
1750 3419 1789 3451 17
1816 3430 1960 3451 numeros
1982 3419 2207 3462 parayrapbis
2232 3418 2399 3461 adponant

176 3479 321 3499 numeros
346 3472 511 3509 apponunt
531 3461 608 3497 α’-
619 3462 651 3506 η’
665 3464 713 3504 A,
745 3460 822 3495 α’-
834 3459 863 3503 ζ’
879 3462 910 3495 L
938 3463 951 3505 ΙΙ
980 3461 1039 3503 εἰς]
1074 3462 1165 3507 πρὸς
1188 3465 1217 3495 A
1243 3465 1255 3507 Ι]
1321 3462 1425 3496 R²T²
1443 3462 1456 3506 ΙΙ
1474 3463 1513 3497 18
1535 3463 1580 3495 ῐιῖι
1600 3461 1693 3506 ΒΤΙΙ
1712 3463 1753 3497 20
1778 3461 1934 3495 maleficis
1955 3463 1987 3495 V
2005 3462 2171 3496 uenefltiis
2188 3462 2268 3506 1¹¹ss
2286 3463 2324 3496 21
2344 3461 2397 3494 in-

176 3513 220 3544 20
243 3510 285 3551 εἰ]
307 3506 329 3552 ἢ
353 3512 395 3551 A,
416 3510 465 3543 Β8
480 3523 508 3543 v.
525 3511 558 3553 t,
582 3510 646 3553 Ep.
670 3508 683 3546 11
712 3505 749 3541 οἱ
768 3508 882 3553 γονεῖς
905 3521 962 3540 om.
977 3507 1041 3550 Ep.
1069 3510 1081 3550 Ι]
1109 3511 1147 3542 21
1176 3508 1252 3542 ἐπι·
1321 3508 1406 3540 sidia
1427 3507 1476 3540 V*
1500 3507 1652 3540 insidiari
1674 3507 1706 3540 V
1711 3506 1726 3528 ⁸
1747 3506 1760 3550 Ι]
1784 3507 1969 3549 probantur
1990 3507 2054 3551 Vn
2079 3508 2121 3541 24
2146 3507 2322 3540 concedere
2346 3506 2395 3539 R*

175 3553 405 3598 βουλεύοντες
430 3555 477 3588 B⁸
502 3556 514 3596 ΙΙ
540 3556 583 3589 22
607 3554 649 3595 εἰ]
674 3549 697 3596 ἢ
721 3554 751 3586 A
776 3554 788 3596 ΙΙ
810 3550 975 3598 παλλακῇ
1000 3553 1049 3585 B‘
1075 3552 1128 3585 Pr.
1152 3555 1215 3595 Ep.
1241 3552 1253 3597 ΙΙ
1331 3553 1379 3586 V¹
1396 3553 1408 3595 Ι]
1426 3552 1612 3595 proibuerit
1632 3552 1681 3586 R¹
1697 3551 1710 3596 Ι
1728 3553 1770 3586 25
1792 3553 1890 3585 habet
1907 3552 1984 3596 13¹1!
2002 3554 2045 3587 26
2064 3552 2099 3585 in
2124 3565 2184 3586 om.
2206 3551 2262 3595 V!
2279 3552 2321 3585 27
2338 3561 2396 3593 pa·

178 3602 218 3634 23
240 3600 369 3633 οἰκείου
383 3601 440 3640 Μ]
466 3596 557 3632 ἰδίου
578 3599 693 3632 LAB⁸
717 3598 773 3631 Pr.
798 3599 863 3641 Ep.
882 3597 895 3640 ΙΙ
921 3598 964 3631 24
987 3597 1028 3638 εἰ]
1053 3593 1076 3639 ἢ
1100 3599 1129 3631 A
1147 3598 1160 3641 ΙΙ
1178 3595 1251 3631 δια·
1321 3597 1424 3630 rentis
1446 3598 1495 3631 Va
1518 3597 1661 3640 pareo-3
1686 3597 1735 3631 R·
1753 3596 1932 3640 ”personis
1955 3597 2015 3639 113²,
2040 3609 2098 3631 om.
2116 3597 2196 3641 12¹1}
2220 3598 2263 3631 29
2286 3599 2394 3629 autem

176 3641 298 3688 θήκην
320 3647 348 3677 A
365 3645 378 3689 ΙΙ
397 3643 625 3686 ποιήσασθαι
646 3645 677 3677 A
689 3644 747 3677 Pr.
760 3644 824 3686 Ep.
843 3642 857 3687 ΙΙ
873 3643 915 3677 25
939 3640 1137 3676 κωλύσαιεν
1150 3646 1178 3676 A
1194 3643 1251 3676 Pr.
1282 3663 1286 3676 ι
1331 3643 1385 3687 Vn
1403 3644 1440 3676 31
1458 3644 1576 3676 merito
1594 3643 1647 3676 Ta
1664 3642 1677 3686 ΙΙ
1693 3641 1806 3675 alteris
1822 3643 1871 3676 T¹
1887 3643 1900 3687 ss
1918 3643 1962 3676 32
1980 3642 2062 3684 quid
2078 3642 2111 3676 T
2117 3642 2125 3662 ¹
2145 3640 2159 3686 ΙΙ
2174 3643 2293 3685 utpute
2314 3639 2395 3675 ΥΤ*

1321 2928 1369 2960 A¹
1384 2929 1397 2971 ΙΙ
1454 2926 1643 2970 εστίξαμεν
1659 2926 1839 2972 προςιόπῳ
1854 2927 1911 2959 Fr.
1931 2926 1944 2969 Ι]
1967 2927 2009 2959 29
2026 2924 2144 2971 συμβῇ
2159 2925 2215 2958 Pr.
2223 2924 2310 2969 pleri
2387 2925 2399 2964 ΙΙ

1321 2972 1389 3005 τὸν
1413 2969 1540 3016 ἄνδρα]
1565 2975 1624 3004 aut
1647 2972 1755 3004 virum
1776 2983 1796 3007 ς
1812 2971 1824 3015 ΙΙ
1848 2971 1911 3012 τῆς
1934 2966 2045 3003 αὐτοῦ
2069 2969 2225 3014 γαμετῆς
2246 2971 2292 3003 A¹
2309 2937 2398 3014 ms]

1322 3015 1411 3060 πρὸς
1430 3018 1461 3050 A
1474 3018 1538 3060 Ep.
1563 3014 1585 3058 ἢ
1603 3016 1650 3050 εἰς
1666 3017 1722 3050 Pr.
1740 3016 1753 3060 ΙΙ
1771 3018 1813 3050 30
1836 3015 1899 3056 τῆς
1923 3011 2082 3047 διανοίας
2103 3027 2160 3047 om.
2174 3016 2203 3048 A
2221 3014 2234 3058 ΙΙ
2250 3015 2292 3050 31
2318 3014 2398 3056 τὸν]

1321 3060 1364 3095 τὸ
1378 3062 1418 3095 Μ
1431 3061 1444 3105 Ι]
1463 3062 1506 3095 32
1521 3062 1587 3104 μὲν
1603 3073 1662 3094 om.
1675 3062 1717 3102 A,
1731 3062 1789 3094 Pr.
1803 3072 1883 3094 unus
1898 3059 1911 3102 ΙΙ
1931 3060 1972 3093 33
1989 3057 2048 3091 ola
2071 3071 2129 3091 om.
2141 3058 2200 3092 Pr.
2213 3073 2242 3093 υ.
2254 3060 2288 3103 ἱ.,
2299 3060 2363 3104 Ep.
2388 3063 2400 3104 fl

1320 3106 1479 3148 publicon
1493 3106 1544 3147 M,
1565 3103 1762 3149 πούβλικον
1775 3106 1838 3139 LA
1849 3104 1907 3137 Pr.
1917 3105 1982 3147 Ep.
2006 3099 2183 3146 δημόσιον
2195 3105 2244 3138 B·

1368 3241 1384 3273 1
1407 3237 1471 3279 vel]
1496 3240 1528 3270 et
1551 3238 1582 3271 T
1596 3237 1609 3282 ΙΙ
1625 3238 1645 3271 2
1666 3235 1816 3279 qnalibet
1835 3237 1891 3281 Vll
1910 3239 1930 3271 4
1950 3236 2103 3270 omnibns
2122 3237 2154 3270 T
2167 3236 2180 3282 ΙΙ
2196 3236 2333 3270 fuerunt
2352 3237 2397 3280 V]

1321 3284 1448 3316 fuerint
1470 3283 1635 3327 RTvulq.
1665 3281 1678 3325 ΙΙ
1705 3284 1724 3315 5
1749 3284 1788 3314 ut
1809 3282 1854 3323 V]
1887 3285 1920 3315 et
1942 3282 2104 3326 RTvulq.
2134 3282 2148 3326 ΙΙ
2175 3283 2250 3324 hoo]
2274 3292 2312 3315 ea
2336 3282 2399 3326 Tu

1322 3330 1340 3363 8
1359 3331 1392 3361 et
1412 3338 1429 3360 e
1453 3339 1511 3360 om.
1535 3326 1592 3371 Vn
1611 3328 1651 3361 12
1672 3326 1771 3360 habet
1792 3326 1868 3371 12¹1!
1889 3328 1929 3361 13
1955 3338 2036 3369 quas
2057 3340 2096 3361 ez
2116 3340 2198 3361 corr.
2221 3326 2298 3379 ΡΙ]
2315 3336 2397 3361 enu-
