2476 3854
121 64 162 108 N
163 78 229 110 ov.
260 66 443 112 CXXIII
472 70 522 111 21

120 174 320 222 ἡττηθέντι
346 178 587 215 ἐκκαλεῖσθαι,
635 180 667 215 εἰ
689 178 729 215 δὲ
751 176 773 224 ἦ
805 181 870 215 τοῦ
894 179 1064 227 ἄρχοντος
1086 182 1205 236 ψῇφος

122 225 272 257 ἐναντία
295 224 348 268 εἴη
370 229 442 259 τοῖς
466 226 566 270 παρὰ
596 226 662 259 τοῦ
688 225 974 271 θεοφιλεστάτου
1005 227 1204 262 ἐπισκοπου

121 272 347 314 κεκριμένοις,
368 271 566 312 τηνικαῦτα
582 267 706 316 χώραν
729 272 823 313 ἔχειν
838 271 906 314 τὴν
922 269 1094 314 ἔκκλητον
1110 271 1203 306 κατὰ

121 314 183 356 τῆς
207 313 330 360 ψήφου
353 316 416 349 τοῦ
439 314 626 359 ἄρχοντος,
660 318 719 348 καὶ
743 314 881 359 ταύτην
911 316 1004 350 κατὰ
1035 315 1104 359 τὴν
1127 317 1205 351 τῶν

120 358 248 402 νόμων
278 356 385 399 τάξιν
417 356 671 405 οἷναςοέρεσθαί
703 373 743 394 τε
773 364 833 394 καὶ
863 361 1125 406 γυμνάζεσθαι.
1171 362 1204 395 εἰ

119 406 284 449 μέντοιγε
315 405 353 437 ἐκ
383 403 570 447 βασιλικῆς
599 403 790 439 κελεύσεως
820 403 845 449 ἢ
873 403 1078 450 δικαστικῆς
1100 418 1203 452 προς-

120 447 256 489 τάξεως
291 450 485 483 ἐπίσκοπος
523 453 626 496 κρίνῃ
664 449 799 494 μεταξὺ
838 449 1065 495 οἱωνδήποτε
1100 462 1202 498 προς-

120 492 246 536 ώπων,
289 490 310 536 ἡ
346 492 511 537 ἔκκλητος
547 497 607 529 ἐπὶ
649 495 716 538 τὴν
750 494 940 540 βασιλείαν
982 494 1006 539 ἢ
1040 497 1100 532 ἐπὶ
1134 497 1202 531 τὸν

119 540 420 595 παραπέμψαντα
448 538 517 582 τὴν
549 537 733 574 ὑπόθεσιν
765 537 1019 587 οἷναφερέσθω.

1191 67 1271 116 610

1966 87 2028 119 ΒΕ
2053 87 2352 122 ΒΔΝΟῚἹΒΒΙΜῙΒ

1271 181 1338 217 tali
1361 190 1472 234 causa
1493 181 1587 220 victo
1609 193 1632 220 a
1655 183 1801 237 pellare.
1848 183 1886 221 Si
1909 194 1992 222 vero
2015 186 2143 223 iudicis
2173 186 2352 223 sententia

1273 229 1452 263 contraria
1484 227 1594 264 fuerit
1652 240 1684 266 is
1720 238 1813 274 quae
1846 239 1869 266 a
1902 229 1971 267 deo
2001 231 2148 268 amabili
2180 232 2350 278 episcopo

1271 271 1430 307 iudicata
1450 275 1544 316 sunt,
1568 276 1655 310 tunc
1678 274 1795 311 locum
1818 274 1951 312 habere
1974 276 2248 321 appellationem
2265 287 2350 313 con-

1271 319 1329 351 tra
1353 317 1564 354 sententiam
1586 319 1725 363 iudicis,
1758 323 1795 355 et
1816 319 1910 355 hanc
1941 321 2135 358 secundum
2156 321 2272 366 legum
2295 331 2351 357 or-

1239 361 1389 413 5giinem
1423 362 1549 399 referri
1583 366 1619 399 et
1647 364 1815 401 exerceri.
1870 364 1909 400 Si
1942 368 2062 401 tamen
2098 375 2143 401 ex
2176 365 2352 412 imperiali

1270 407 1430 442 iussione
1473 411 1538 444 aut
1570 409 1731 445 iudiciali
1764 411 1958 455 praecepto
1997 411 2185 456 episcopus
2217 410 2353 447 iudicat

1269 451 1365 487 inter
1411 461 1630 499 uaecumque
1660 464 1850 500 personas,
1881 455 2072 501 appellatio
2096 455 2143 492 ad
2164 455 2352 502 imperium

1270 498 1335 532 aut
1356 461 1411 532 atil
1427 506 1508 534 eum
1531 498 1592 544 qui
1615 500 1813 538 transmisit
1835 500 2016 545 negotium
2038 500 2225 538 referatur.

119 585 141 620 1
189 584 234 616 Εἰ
255 582 294 617 ὸε
316 582 473 629 ἔγκλημα
497 583 549 627 εἴη
568 584 611 618 τὸ
633 581 725 619 καθ’
743 583 955 629 οἱουδήποτε
973 587 1052 641 πῖξν
1066 600 1201 631 μνημο-
1216 590 1257 622 10
1270 589 1292 623 1
1339 586 1377 622 Si
1402 596 1485 622 vero
1517 586 1652 624 crimen
1685 587 1794 623 fuerit
1829 588 1924 634 quod
1955 589 2126 626 adversus
2158 588 2353 636 quamlibet

119 628 330 663 νευθέντων
354 625 632 672 εὗλαβεστάτων
653 630 857 676 προςιόπων
873 633 1147 677 ἐπιφερομενον,
1171 633 1203 667 εἰ

117 675 184 717 μὲν
201 672 301 718 παρὰ
317 675 507 718 ἐπισκόπῳ
524 686 578 709 τις
592 675 825 723 κατηγορηθῇ
841 679 901 710 καὶ
919 675 1026 712 αὐτὸς
1041 677 1109 720 τὴν
1120 674 1202 721 ἆλή-

118 719 230 752 θειαν
253 715 367 763 εὑρεῖν
392 716 546 766 δυνηθῇ,
571 716 644 755 ἀπὸ
663 721 726 764 τῆς
742 722 847 765 τιμῆς
864 719 946 765 ἦτοι
969 723 1034 757 τοῦ
1050 722 1202 767 βαθμοῦ

118 764 250 797 τοῦτον
265 763 357 798 κατὰ
375 763 456 818 wize·
473 763 783 808 ἐκκλησιαστικοὺς
807 765 963 801 κανόνας
987 766 1202 812 ἐκβαλλέτω,

1270 634 1545 668 memoratarum
1567 633 1930 670 reverentissimarum
1959 644 2197 680 personarum
2218 634 2351 670 infera·

1270 680 1340 719 tur,
1371 676 1403 712 si
1427 677 1568 722 quidem
1591 677 1687 722 apud
1710 678 1917 725 episcopum
1940 680 1987 715 ali
2013 679 2068 716 uis
2092 682 2286 716 accusatur
2314 681 2352 714 et

1268 721 1347 766 ipse
1362 722 1547 758 veritatem
1565 722 1724 758 invenire
1743 724 1911 768 potuerit,
1934 725 1981 760 ab
2025 734 2135 761 onore
2154 726 2218 761 aut
2236 724 2350 769 gradu

1269 766 1367 802 hunc
1390 767 1586 803 secundum
1610 767 1873 806 ecclesiasticas
1897 770 2039 814 regulas
2062 770 2180 813 eiciat,
2205 773 2242 806 et
2262 773 2351 805 tunc

118 811 177 842 καὶ
198 810 398 864 τηνικαῦτα
420 822 439 842 o
458 810 656 856 πρόςφορος
679 808 848 854 δικαστὴς
870 812 1001 848 τοῦτον
1025 816 1202 855 συνεχέτω
1217 814 1257 848 15
1271 815 1475 857 competens
1510 812 1617 848 iudex
1652 812 1749 848 hunc
1781 814 2057 859 comprehendat
2090 816 2126 850 et
2156 814 2351 851 secundum

118 856 178 887 καὶ
201 867 294 888 κατα
319 854 401 888 τοὺς
425 853 556 899 νόμους
581 855 650 899 τὴν
671 853 775 899 δίκην
795 856 975 899 ἐξετάζων
1000 861 1110 905 πέρας
1141 855 1202 891 αὖ·

117 900 164 945 τῇ
187 898 399 933 ἐπιτιθέτω.
447 901 478 933 εἰ
502 898 542 933 δὲ
565 899 745 948 πρότερον
776 902 830 944 τῷ
855 901 1029 946 πολιτικῷ
1055 902 1203 948 ἄρχοντι

118 942 299 991 προςέλθῃ
332 943 351 977 ὁ
382 943 576 991 κατήγορος
608 949 668 979 καὶ
698 945 741 980 τὸ
771 945 928 992 ἔγκλημα
960 946 1020 983 διὰ
1051 951 1202 1003 νομιᾷιιου

119 986 315 1029 ἐξετάσεως
339 987 514 1043 δυνηθέιή
534 987 813 1034 ἀποδειχθῆναι,
837 993 922 1026 τότε
941 993 994 1037 τῷ
1012 994 1201 1036 ἐπισκοπῳ

1269 857 1365 901 leges
1387 857 1486 892 litem
1510 856 1714 894 examinans
1736 857 1842 894 finem
1864 860 2036 905 imponat.
2084 859 2123 895 Si
2144 869 2227 896 vero
2275 859 2350 895 rius

1271 902 1407 937 civilem
1429 901 1584 938 iudicem
1613 903 1720 939 adeat
1743 906 1933 941 accusator
1962 907 1999 939 et
2024 903 2155 940 crimen
2177 914 2241 950 per
2277 903 2350 948 egi-

1268 946 1390 982 timam
1421 947 1716 983 examinationem
1744 946 1901 993 potuerit
1922 949 2134 995 approbari,
2166 951 2253 985 tunc
2276 948 2350 995 epi·

1270 1001 1381 1037 scopo
1401 993 1562 1028 locorum
1578 996 1680 1037 gesta
1698 997 2007 1030 monumentorum
2030 995 2150 1040 palam
2168 993 2288 1034 faciat.
2313 995 2350 1030 et

118 1035 196 1068 τῶν
227 1033 358 1069 τόπων
389 1035 437 1069 τὰ
462 1036 706 1080 υπομνήματα
738 1049 830 1083 φανε
854 1037 993 1082 ούσθω,
1028 1041 1088 1072 καὶ
1110 1039 1142 1072 εἰ
1165 1038 1203 1079 ἐξ
1216 1038 1257 1072 20
1270 1037 1300 1073 si
1331 1047 1375 1073 ex
1407 1038 1458 1074 eis
1482 1040 1720 1082 cognoscatur
1753 1039 1939 1084 proposita
1969 1039 2116 1076 crimina
2135 1039 2351 1075 commisisse

119 1078 241 1114 αἰτῶν
262 1079 422 1126 γνωσθῇ
444 1080 491 1114 τὰ
516 1081 746 1126 προτεθέντα
770 1083 830 1128 ἐγκ
854 1079 974 1127 ἡματα
999 1082 1201 1127 πλημμελῆ-

117 1135 180 1159 σαι
205 1121 330 1163 αὐτόν,
350 1124 437 1159 τότε
460 1122 571 1160 αὐτὸς
593 1124 613 1160 ὁ
638 1128 832 1163 ἐπίσκοπος
853 1129 984 1162 τοῦτον
1007 1128 1101 1162 κατὰ
1123 1128 1203 1163 τοὺς

117 1170 274 1205 κανόνας
304 1167 380 1205 ἀπὸ
417 1171 480 1214 τῆς
515 1172 620 1215 τιμῆς
653 1171 734 1215 ἤτοι
768 1173 835 1207 τοῦ
869 1173 1021 1228 βαθμοῦ
1056 1170 1103 1208 ὃν
1132 1175 1202 1215 ἔχει

951 1219 968 1227 -υ

1271 1092 1369 1126 eum,
1404 1085 1490 1119 tunc
1519 1083 1598 1128 ipse
1627 1083 1818 1128 episcopus
1852 1084 1949 1120 hunc
1980 1084 2176 1121 secundum
2210 1085 2350 1129 regulas

1270 1127 1317 1163 ab
1347 1128 1484 1164 honore
1517 1138 1582 1164 seu
1617 1129 1730 1173 gradu
1767 1139 1872 1174 quem
1906 1129 2017 1166 habet
2050 1132 2210 1175 separet,
2243 1128 2351 1165 iudex

1270 1176 1391 1208 autem
1414 1173 1582 1209 ultionem
1611 1174 1645 1209 ei
1674 1173 1806 1209 inferat
1833 1174 1973 1219 legibus
2002 1178 2265 1220 congruentem.
2312 1173 2351 1210 Si

117 1217 314 1260 χωριζέτω,
345 1212 365 1250 ὁ
391 1213 433 1249 δὲ
458 1213 629 1260 δικαστὴς
659 1215 840 1261 ἐκδίκησιν
871 1231 969 1261 αυτῳ
1001 1220 1202 1265 ἐπιφερέτω
1270 1227 1358 1254 vero
1385 1219 1566 1263 putaverit
1596 1219 1786 1265 episcopus
1817 1223 1920 1264 gesta
1949 1230 2021 1257 11011
2052 1220 2146 1256 iuste
2175 1219 2350 1262 confecta,

117 1261 241 1304 νόμοις
264 1259 448 1306 ἁρμόδιον.
495 1262 527 1295 εἰ
554 1259 594 1296 δὲ
620 1266 761 1307 νομίσω
790 1261 812 1297 ὁ
844 1265 1038 1299 ἐπίσκοπος
1066 1263 1114 1298 τὰ
1137 1276 1201 1299 πε·
1216 1265 1257 1298 25
1271 1266 1356 1299 tunc
1378 1264 1487 1300 liceat
1517 1264 1550 1299 ei
1571 1263 1713 1300 differre
1735 1264 1872 1300 nudare
1894 1265 2030 1301 honore
2060 1275 2125 1301 seu
2150 1265 2265 1310 gradu
2287 1273 2349 1301 ac-

117 1308 308 1352 πραγμένα
336 1306 386 1350 μὴ
417 1304 565 1342 δικαίως
591 1309 786 1351 συστῆναι,
817 1309 902 1343 τότε
931 1309 1072 1350 ἐξέσται
1101 1305 1200 1352 αὐτῷ

118 1348 354 1396 ὑπερθέσθαι
373 1351 416 1386 τὸ
432 1352 622 1398 γυμνῶσαι
644 1354 707 1396 τῆς
722 1353 828 1398 τιμῆς
842 1352 952 1398 ἤγουν
967 1355 1033 1388 τοῦ
1048 1354 1200 1399 βαθμοῦ

117 1397 161 1431 τὸ
179 1397 431 1443 κατηγορηθὲν
455 1395 660 1442 πρόςωπον,
684 1395 781 1433 οὕτω
800 1401 965 1445 μέντοιγε
988 1399 1049 1433 ἴνα
1063 1399 1108 1434 τὸ
1127 1412 1201 1434 τοι-

117 1441 441 1495 οῦτονιπρόςωπον
463 1440 536 1478 ὑπὸ
557 1442 631 1498 τὴν
643 1447 801 1488 νομίμην
822 1440 1024 1489 ἀσφάλειαν
1042 1447 1200 1497 γενηται,

1272 1311 1433 1344 casatam
1457 1319 1658 1354 personam,
1692 1309 1744 1345 ita
1765 1313 1886 1346 tamen
1906 1314 1948 1347 ut
1970 1310 2175 1347 huiusmodi
2196 1318 2351 1355 persona

1271 1355 1338 1390 sub
1368 1354 1524 1399 legitima
1553 1354 1696 1391 cautela
1726 1354 1807 1399 fiat,
1843 1357 1880 1392 et
1909 1355 1961 1392 ita
1995 1356 2042 1391 ad
2072 1365 2140 1391 nos
2169 1356 2351 1400 negotium

1270 1402 1345 1435 tam
1374 1399 1421 1435 ab
1449 1400 1620 1445 episcopo
1656 1410 1763 1445 quam
1791 1410 1816 1435 a
1843 1400 1960 1437 iudice
1989 1400 2177 1444 referatur,
2213 1403 2256 1436 ut
2283 1409 2351 1436 nos

1269 1444 1341 1480 hoc
1364 1447 1620 1490 cognoscentes
1643 1454 1736 1491 quae
1758 1444 1924 1482 videntiu-
1945 1446 2048 1484 nobis
2070 1445 2268 1483 iubeamus.

117 1489 178 1521 καὶ
200 1483 313 1522 οὕτως
336 1487 426 1540 προς
449 1485 543 1532 ἡμᾶς
564 1502 587 1531 η
612 1489 791 1541 υπόθεσις
819 1491 926 1524 τοῦτο
949 1491 1017 1534 μὲν
1040 1488 1112 1525 ὑπο
1134 1490 1199 1524 τοῦ
1213 1491 1257 1524 30

117 1531 317 1567 ἐπισκόπου
347 1544 456 1567 τουτο
479 1531 521 1567 δὲ
542 1536 603 1567 καὶ
626 1533 699 1568 υπὸ
722 1535 787 1569 τοῦ
812 1532 984 1569 δικαστοῦ
1006 1533 1200 1582 ἀνενεχθῇ,

119 1577 179 1612 ἵνα
202 1576 301 1622 ἡμεῖς
322 1578 462 1621 ταύτην
483 1578 722 1625 γινώσκοντες
743 1579 791 1614 τὰ
811 1578 1016 1625 φαινόμενα
1038 1577 1126 1625 ἡμῖν
1145 1592 1200 1614 κε-

117 1623 142 1658 2
187 1621 379 1667 λεύσωμεν.
426 1623 474 1657 Εἰ
493 1621 536 1657 δέ
552 1634 606 1658 τις
626 1622 716 1670 ὑπὲρ
734 1626 952 1670 χρηματικῆς
972 1625 1087 1660 αἰτίας
1106 1623 1200 1660 κατά

117 1679 215 1722 τινος
236 1669 313 1703 τῶν
335 1669 668 1722 μνημονευθέντων
692 1670 897 1715 προςιόπων
920 1670 1106 1725 έναγωγὴν
1129 1672 1202 1712 ἔχοι

1269 1625 1295 1661 2
1340 1624 1379 1661 Si
1402 1625 1481 1670 quis
1506 1627 1626 1662 autem
1656 1636 1723 1671 pro
1752 1625 1961 1672 pecuniaria
1990 1636 2100 1662 causa
2130 1627 2257 1663 contra
2283 1625 2349 1662 ali·

1271 1679 1377 1715 quam
1411 1675 1686 1707 memoratarum
1721 1671 1878 1707 omnium
1911 1681 2144 1717 personarum
2174 1670 2350 1708 actionem

117 1725 218 1756 τινα,
248 1715 308 1746 καὶ
332 1726 352 1746 ο
378 1715 570 1748 ἐπίσκοπος
594 1711 960 1770 ὑπέρθηται,μεταξύ
993 1729 1117 1750 αυτων
1149 1714 1200 1750 δι·
1215 1717 1256 1750 35
1271 1715 1435 1751 habuerit
1464 1716 1638 1760 aliquam,
1671 1718 1708 1752 et
1738 1716 1929 1762 episcopus
1960 1717 2138 1752 distulerit
2164 1715 2258 1752 inter
2287 1725 2350 1752 eos

116 1755 246 1800 κάσαι,
271 1755 398 1810 ἄδειαν
422 1756 442 1792 ὁ
466 1759 611 1805 ἐνάγων
634 1761 743 1814 ἐχέτω
767 1773 820 1804 τῳ
846 1760 1021 1804 πολιτικῷ
1054 1760 1202 1815 ὄζρχοντι

1270 1760 1441 1805 iudicare,
1461 1761 1639 1797 licentiam
1654 1761 1787 1797 habeat
1801 1765 1903 1798 actor
1917 1761 2056 1797 civilem
2071 1761 2225 1797 iudicem
2239 1760 2348 1803 adire,

118 1806 315 1848 προςιέναι,
347 1801 444 1838 οὕτω
465 1807 631 1850 μέντοιγε
662 1806 723 1840 ἱνα
745 1805 789 1839 τὸ
814 1806 985 1840 αἰτιαθὲν
1008 1817 1203 1852 προςωπον
1269 1806 1323 1841 ita
1345 1809 1464 1842 tamen
1493 1809 1535 1842 ut
1557 1810 1728 1846 accusata
1757 1816 1912 1852 persona
1941 1807 2040 1842 nullo
2067 1806 2173 1843 modo
2201 1809 2350 1851 cogatur

116 1846 244 1892 μηδενὶ
274 1848 402 1893 τρόπῳ
432 1846 680 1903 ἀναγκάζηται
710 1851 886 1897 ἐγγυητὴν
914 1848 1076 1895 διδόναι,
1108 1848 1201 1886 ἀλλὰ
1269 1850 1515 1887 fideiussorem
1545 1852 1649 1895 dare,
1684 1852 1748 1888 sed
1771 1852 1883 1888 solam
1920 1852 2119 1888 cautionem
2148 1851 2227 1888 sine
2253 1851 2348 1887 iure-

117 1938 162 1974 Si
183 1948 267 1974 vero
291 1939 468 1974 sententia
488 1940 671 1986 praesidis
694 1941 882 1976 contraria
904 1940 952 1975 sit
982 1940 1029 1976 iis
1051 1951 1146 1986 quae
1167 1951 1192 1976 a
1214 1940 1282 1977 deo
1306 1942 1493 1977 carissimo
1516 1941 1690 1987 episcopo
1720 1940 1884 1976 iudicata
1906 1943 2003 1984 sunt,
2041 1944 2125 1976 tunc
2148 1939 2348 1987 appellatio

115 1987 247 2019 contra
279 1984 494 2020 sententiam
522 1983 709 2030 praesidis
743 1984 862 2020 locum
897 1984 1046 2028 habeat,
1090 1996 1205 2032 eaque
1237 1986 1432 2022 secundum
1470 1985 1588 2031 lequm
1624 1985 1788 2021 ordinem
1823 1985 2010 2030 referatur
2049 1989 2085 2022 et
2122 1989 2344 2022 eoeerceatur:

116 2027 256 2072 Quodsi
278 2039 329 2065 ex
349 2029 536 2075 imperiali
555 2029 655 2065 iussu
680 2029 737 2066 vel
752 2029 918 2065 iudiciali
931 2035 1134 2077 praecepto
1157 2032 1349 2077 episcopus
1372 2031 1467 2067 inter
1482 2030 1759 2076 qualescumque
1780 2040 1959 2076 personas
1982 2029 2126 2073 iudicet,
2149 2030 2348 2078 appellatio

117 2076 141 2111 1
187 2074 237 2109 ad
258 2073 511 2119 imperatorem
542 2074 599 2110 vel
627 2075 677 2110 ad
706 2085 786 2111 eum
817 2075 881 2120 qui
911 2085 1058 2110 causam
1091 2077 1291 2112 transmisit
1319 2076 1518 2122 referatur.
1633 2075 1676 2110 Si
1699 2086 1783 2112 vero
1814 2075 1947 2111 crimen
1977 2075 2026 2111 sit
2056 2075 2157 2121 quod
2177 2075 2350 2112 adversus

116 2119 413 2166 qualemcumque
434 2129 485 2155 ex
507 2120 713 2155 memoratis
735 2120 1017 2165 i·eliqios2'ssimis
1031 2121 1205 2167 personis
1226 2120 1430 2167 deferatur,
1459 2122 1492 2157 si
1515 2120 1659 2167 quidem
1689 2119 1791 2167 apud
1811 2120 2022 2167 episcopum
2050 2121 2134 2167 quis
2161 2124 2350 2157 accusetur

116 2169 153 2201 et
174 2165 253 2211 ipse
276 2166 460 2200 veritatem
483 2165 644 2201 invenire
660 2166 799 2211 possit,
831 2164 876 2200 de
895 2165 1035 2201 nonore
1058 2166 1115 2202 vel
1134 2166 1254 2212 qradu
1277 2177 1357 2203 eum
1380 2166 1576 2203 secundum
1606 2166 1754 2212 requlas
1776 2165 2039 2201 ecclesiasticas
2059 2165 2210 2209 deiciat,
2241 2169 2350 2212 atque

118 2214 202 2246 tunc
217 2209 331 2245 iudex
346 2213 552 2256 competens
574 2220 653 2246 eum
670 2209 953 2256 comprehendat
969 2215 1005 2247 et
1019 2211 1214 2247 secundum
1231 2211 1328 2257 leqes
1344 2221 1490 2247 causam
1514 2211 1730 2247 examinans
1744 2210 1858 2246 eidem
1869 2210 1979 2255 finem
1994 2211 2166 2258 imponat.
2212 2209 2352 2254 Quodsi

115 2256 222 2302 prius
244 2254 382 2291 civilem
408 2255 612 2302 praesidem
635 2259 827 2291 accusator
849 2254 958 2291 adeat
987 2259 1023 2292 et
1045 2257 1180 2293 crimen
1203 2267 1277 2302 per
1299 2256 1495 2303 leqitimam
1524 2256 1791 2303 inquisitionem
1814 2254 1972 2302 probari
1997 2256 2134 2302 possit,
2167 2260 2253 2292 tunc
2274 2255 2348 2303 epi-

115 2311 227 2346 scopo
250 2300 411 2336 locorum
441 2305 525 2336 acta
555 2301 753 2347 manifesta
772 2301 886 2346 fiant,
917 2303 955 2337 et
975 2301 1008 2337 si
1030 2312 1081 2338 ex
1103 2302 1149 2337 iis
1171 2307 1392 2349 compertum
1413 2303 1463 2338 sit
1477 2302 1676 2348 proposita
1701 2300 1802 2336 illum
1826 2300 1978 2336 crimina
2001 2301 2229 2342 commisisse,
2265 2304 2350 2338 tunc

117 2347 134 2380 i
157 2356 195 2381 se
225 2346 419 2392 episcopus
449 2356 529 2381 eum
558 2345 755 2381 secundum
785 2356 944 2382 canones
974 2347 1114 2384 nonore
1144 2348 1200 2383 vel
1229 2346 1349 2393 qradu
1380 2357 1486 2393 quem
1514 2346 1621 2384 nabet
1647 2346 1785 2393 privet,
1816 2345 1931 2381 iudea:
1960 2350 2079 2381 autem
2102 2346 2294 2382 vindictam
2316 2345 2351 2382 ei

121 2391 257 2437 ‘eqibus
280 2401 480 2436 conqruam
504 2391 653 2436 inferat.
700 2390 743 2427 Si
765 2401 850 2428 vero
919 2391 1066 2438 iscopus
1087 2395 1171 2428 acta
1194 2403 1269 2427 non
1290 2392 1385 2428 iuste
1407 2392 1578 2438 confecta
1593 2392 1792 2439 putaverit,
1821 2395 1907 2426 tunc
1929 2390 2051 2427 licebit
2072 2391 2106 2427 ei
2128 2401 2267 2427 moram
2286 2391 2350 2437 sa-

117 2447 198 2472 cere
220 2437 413 2482 quominus
430 2446 629 2482 personam
651 2441 860 2472 accusatam
910 2447 1022 2473 onore
1045 2437 1102 2474 vel
1122 2437 1242 2483 qradu
1263 2438 1395 2484 privet,
1417 2438 1470 2474 ita
1494 2442 1612 2474 tamen
1635 2440 1676 2473 ut
1700 2436 1784 2472 talis
1831 2443 1964 2471 ersona
1987 2435 2167 2481 leqitimae
2187 2435 2350 2473 cautelae

117 2481 328 2524 subiciatur,
358 2480 481 2527 itaque
512 2491 623 2516 causa
654 2481 704 2517 ad
733 2492 801 2517 nos
831 2491 912 2517 cum
940 2482 985 2518 ab
1008 2483 1179 2528 episcopo
1210 2486 1284 2518 tum
1315 2493 1400 2518 vero
1423 2482 1532 2518 etiam
1562 2493 1587 2518 a
1614 2482 1733 2518 iudice
1754 2492 1796 2516 re
1815 2485 1953 2522 eratur,
1984 2487 2025 2516 ut
2046 2491 2115 2516 nos
2136 2491 2181 2517 ea
2203 2482 2350 2528 coqnita

118 2527 143 2563 2
189 2537 282 2572 quae
306 2525 409 2561 nobis
433 2526 624 2562 videantur
645 2526 839 2563 iubeamus.
954 2526 997 2563 Si
1019 2528 1102 2573 quis
1124 2531 1245 2563 autem
1274 2527 1319 2565 de
1339 2528 1554 2580 pecuniaria
1586 2538 1699 2564 causa
1727 2530 1856 2562 contra
1879 2525 2042 2572 aliquam
2071 2537 2122 2562 ex
2143 2527 2350 2562 memoratis

112 2571 285 2618 personis
309 2571 486 2607 actionem
509 2571 670 2618 aliquam
693 2570 835 2614 habeat,
858 2575 896 2609 et
915 2573 1111 2619 episcopus
1132 2573 1228 2609 inter
1249 2583 1313 2610 eos
1334 2572 1498 2609 iudicare
1520 2572 1680 2618 differat,
1709 2571 1816 2608 liceat
1837 2571 1956 2606 actori
1986 2570 2124 2607 civilem
2141 2571 2349 2617 praesidem

118 2616 233 2660 adire,
257 2616 309 2652 ita
333 2621 452 2652 tamen
473 2621 515 2652 ut
531 2627 696 2663 persona
717 2622 893 2653 accusata
917 2618 1019 2654 nullo
1037 2617 1145 2654 modo
1168 2622 1324 2665 coqatur
1342 2618 1592 2663 fideiussorem
1608 2617 1708 2660 dare,
1730 2615 1795 2652 sed
1810 2616 2054 2652 tantummodo
2071 2616 2349 2662 promissionem

177 2708 195 2742 1
220 2704 412 2749 κινηθέντι
429 2707 456 2739 S
477 2706 670 2749 νικηθέντι
686 2708 819 2742 Nomoc.
830 2708 862 2742 L
875 2710 920 2742 tit.
950 2707 1115 2742 παθέντι
1127 2709 1202 2750 (sic)

119 2752 281 2787 Nomoc.''²
295 2753 353 2791 8‚4
379 2752 392 2794 ΙΙ
413 2751 492 2792 τοῦ]
520 2750 620 2796 παρὰ
644 2752 709 2785 τοῦ
734 2753 764 2786 8
787 2752 800 2796 11
826 2754 846 2787 2
869 2755 943 2788 τοῖς
962 2751 1200 2798 θεοφιλεστά-

117 2807 193 2831 τοις
215 2792 423 2830 ἐπισκόποις
436 2797 595 2830 Nomoc.⁷’²
611 2799 686 2838 9,17
704 2797 717 2840 11
735 2799 754 2831 5
778 2809 819 2831 τε
839 2799 884 2832 Μ
888 2799 916 2832 8
924 2798 1116 2840 Nomocfim]
1142 2811 1200 2832 om.

118 2843 216 2884 LB⁶‚
242 2842 363 2875 Sanus
389 2841 402 2883 11
431 2843 451 2875 ὃ
474 2843 600 2885 μέντοι
625 2843 652 2875 S
686 2839 726 2875 δὲ
749 2843 780 2876 L
808 2843 822 2886 11
849 2839 872 2885 ἢ
897 2840 1106 2888 ἀρχοντικῆς
1130 2843 1160 2877 S
1190 2843 1202 2887 11

119 2885 284 2932 πράξεως
295 2886 374 2929 Βθ11
394 2888 412 2919 7
429 2889 532 2932 κρίνῃ
555 2887 627 2919 ΜΒ
636 2888 739 2929 (Iul.)]
763 2890 876 2932 κρίνει
894 2890 955 2922 LS
961 2900 981 2925 ς
1003 2891 1119 2933 κρίνοι
1131 2889 1202 2922 No-

119 2936 237 2974 moc.”²‚
251 2931 281 2965 S
291 2943 374 2965 unus
391 2930 403 2974 11
425 2931 573 2973 μεταξὺ]
588 2929 633 2965 τὰ
648 2931 782 2975 μεταξὺ
799 2933 827 2966 S
842 2933 854 2977 11
871 2930 1084 2976 οἱουδήποτε
1099 2943 1202 2978 προς-

121 2974 223 3012 ώπου
238 2977 267 3010 S
281 2976 295 3021 Ι
310 2977 332 3010 8
346 2974 510 3021 ἔγκλητος
521 2977 565 3009 Μ
577 2976 589 3015 11
605 2979 627 3010 9
640 2975 709 3018 τὴν
722 2990 781 3010 om.
791 2978 887 3012 Sv.1.
903 2980 916 3022 11
937 2981 977 3013 10
990 2976 1202 3020 οἱουδήποτε

121 3025 156 3057 Β
165 3023 327 3057 Νωηοε.”·
337 3033 357 3057 ς
368 3022 446 3062 Iul.]
472 3018 685 3063 οἱονδήποτε
700 3022 803 3055 MLS
814 3025 899 3066 ναῖς.
919 3024 932 3061 11
950 3025 991 3058 12
1003 3022 1202 3066 ἐπισκόπιζυ

120 3069 190 3103 Sv.
205 3071 226 3102 1.
243 3067 256 3111 11
272 3077 326 3101 τις
343 3067 554 3107 LBScIuLJ
577 3066 684 3100 τοῦτο
699 3067 742 3099 Μ
754 3066 766 3110 11
791 3069 1055 3113 κατηγορηθείη
1073 3070 1100 3102 S
1115 3069 1128 3112 11
1145 3068 1202 3102 οὖ-

119 3123 180 3147 τος
203 3114 231 3147 S
249 3115 261 3155 11
279 3114 319 3147 13
343 3108 520 3154 δυνηθείη
543 3111 571 3144 S
587 3110 600 3155 11
619 3112 660 3145 14
682 3111 791 3144 τοῦτο
808 3113 856 3145 M
863 3115 875 3154 11
903 3115 943 3147 16
963 3111 1046 3147 τοὺς
1061 3112 1201 3157 νόμους]

119 3158 248 3202 νόμους
270 3155 398 3201 (νόμον
414 3157 575 3191 Nemee-”¹
588 3157 619 3196 8.
634 3158 662 3198 4)
687 3156 723 3189 Β
741 3155 754 3200 11
777 3155 958 3199 ἐξετάζων
984 3159 1122 3200 &Iul.]
1148 3158 1202 3199 ἐξ·

119 3205 278 3245 εταζέτω
295 3205 355 3235 καὶ
374 3202 485 3236 MLB
499 3202 513 3245 11
531 3196 640 3244 αὐτῆς
657 3202 718 3242 B‘,
731 3214 790 3234 om.
804 3213 823 3237 ς
835 3202 853 3245 11
872 3205 911 3236 17
929 3200 980 3243 δὲ]
1004 3203 1091 3236 enim
1107 3204 1171 3237 Iul.
1191 3204 1203 3247 11

122 3251 163 3283 18
187 3246 368 3294 προςέλθῃ
386 3247 473 3288 ΜΒ,
488 3247 518 3280 S
525 3248 685 3290 plerique]
710 3245 902 3289 προςέλθοι
925 3249 954 3281 L
968 3248 1157 3291 Nomocflm,
1175 3250 1203 3283 S

118 3308 150 3328 v.
164 3297 183 3329 1.
210 3294 222 3337 11
251 3295 291 3328 19
315 3290 458 3339 δυνηθῇ
483 3291 713 3327 BNomoc.⁴¹m
734 3291 747 3334 11
774 3287 965 3332 ἀποδεῖξαι
989 3293 1169 3326 Nomocfim

118 3339 216 3380 τότε]
241 3338 442 3379 τηνικαῦτα
466 3338 495 3372 8
505 3350 533 3371 υ.
547 3340 566 3372 l.
586 3335 599 3381 11
615 3338 656 3371 21
678 3335 867 3382 γνωσθείη
884 3337 913 3370 S
933 3337 1128 3382 γνωρισθῆ
1144 3339 1175 3372 L

120 3383 368 3429 noosnfl'e'yta
391 3383 553 3417 Nomoc.’'⁸
568 3384 600 3422 9,
615 3390 645 3416 17
667 3381 680 3426 11
707 3382 750 3416 22
775 3376 883 3414 αὐτὸς
899 3378 932 3423 ὁ]
957 3378 977 3414 ὁ
1001 3378 1111 3415 αὐτοῦ
1191 3386 1202 3423 1,

121 3431 163 3464 23
188 3426 244 3470 ὃν]
268 3428 310 3462 οὗ
337 3429 364 3461 S
383 3427 396 3472 11
421 3429 465 3462 24
487 3428 684 3472 χωριζέτω]
707 3425 838 3460 τοῦτον
854 3427 1036 3472 χωριζέτω
1054 3428 1106 3460 B⁰
1122 3427 1135 3471 11
1160 3430 1201 3462 25

121 3471 300 3518 άρμοδίαν
317 3474 450 3508 Nomoc.
461 3474 491 3506 L
507 3475 549 3507 tit.
567 3472 580 3516 11
597 3475 735 3516 νομίσει
753 3473 895 3515 (νομίση
919 3475 1013 3510 unus)
1038 3472 1077 3513 S]
1101 3475 1200 3515 νομί-

121 3531 178 3553 σοι
204 3519 313 3553 MLB
339 3519 352 3562 11
376 3519 419 3552 26
445 3517 578 3558 ἐξέστω
602 3518 632 3552 8
641 3515 848 3553 Non-ocem:
859 3507 924 3551 Ῑιιί.
949 3515 962 3560 1
987 3518 1028 3551 27
1053 3515 1111 3558 τὸ]
1137 3518 1202 3551 τοῦ

121 3566 149 3598 S
164 3563 176 3607 11
194 3562 304 3610 ἤγουν
319 3563 384 3596 τοῦ
400 3563 551 3606 βαθμοῦ
570 3576 629 3597 om.
642 3564 672 3597 S
685 3562 698 3607 11
718 3564 760 3597 29
775 3564 931 3606 νομίμην
948 3562 1018 3596 ML
1027 3562 1200 3603 Nomocfl’]

121 3607 278 3653 νόμιμον
302 3609 382 3642 SB⁶
398 3609 411 3651 11
437 3610 476 3642 31
497 3610 558 3642 καὶ
578 3621 637 3642 om.
654 3608 688 3642 B
703 3610 716 3649 11
734 3603 945 3649 ἇνενεχθείη
961 3608 990 3641 S
1004 3608 1017 3651 1
1043 3608 1086 3642 32
1102 3604 1202 3651 ἡμεῖς

121 3655 282 3688 Νοηιοο.”ι
295 3655 327 3696 8,
341 3661 356 3687 4
379 3653 393 3698 11
416 3651 627 3697 κελεύσομεν
650 3653 682 3687 L
697 3653 856 3688 Nomou-”¹
880 3652 893 3696 ΙΙ
917 3654 961 3688 34
984 3650 1198 3698 προςιόπων]

1268 2707 1416 2741 omnium
1434 2718 1650 2751 personarum
1666 2720 1686 2745 ς
1703 2707 1717 2752 11
1732 2703 1880 2754 ἀγωγὴν
1892 2708 1922 2742 S
1938 2707 1950 2751 11
1966 2707 2037 2749 ἔχει
2053 2706 2225 2741 LNomoc.
2235 2707 2268 2741 L
2278 2708 2352 2752 litu

1269 2754 1312 2787 36
1333 2751 1534 2787 πολιτικῶν
1557 2754 1586 2787 8
1598 2766 1629 2787 υ.
1647 2755 1668 2788 ί.
1704 2753 1867 2788 ποντικῶ
1887 2752 2049 2787 Νοηιοο.’11
2076 2751 2090 2794 Ι
2117 2754 2159 2787 37
2184 2747 2283 2787 οὕτω
2304 2770 2351 2779 -

1271 2799 1347 2840 611,
1357 2806 1374 2832 5
1389 2798 1584 2843 πρόςωπον
1600 2812 1659 2832 om.
1672 2798 1725 2832 B!

1338 2889 1358 2922 2
1383 2889 1584 2921 contrariam
1607 2887 1689 2931 R⁰u
1712 2898 1732 2920 a
1755 2901 1815 2921 om.
1840 2889 1901 2932 711
1927 2889 1947 2922 3
1971 2887 2130 2927 iudicata]
2156 2887 2237 2920 tunc
2261 2886 2348 2919 iudi-

1269 2935 1343 2966 cata
1367 2933 1417 2966 Β*
1439 2933 1452 2977 11
1474 2932 1596 2967 habere
1618 2931 1844 2976 appellatione
1863 2933 1898 2967 V
1921 2931 2178 2976 appellationem
2200 2930 2349 2973 accipere

1268 2978 1339 3018 (uel
1362 2978 1483 3011 habere
1506 2991 1532 3012 s.
1546 2990 1575 3011 υ.
1591 2978 1657 3018 T2)
1684 2978 1716 3011 T
1733 2978 1747 3021 11
1772 2979 1792 3012 8
1816 2977 1858 3010 ad
1881 2989 1938 3011 om.
1954 2978 1987 3010 Τ
2007 2976 2020 3021 11
2042 2977 2205 3010 referatur
2227 2978 2349 3018 (trans-

1269 3023 1398 3056 feratur
1418 3024 1477 3065 V),
1507 3024 1541 3055 et
1563 3022 1697 3064 quando
1725 3022 1806 3055 licet
1827 3021 2007 3065 episcopali
2029 3020 2191 3064 appellari
2215 3022 2348 3054 senten-

1268 3069 1335 3101 tiae
1358 3068 1392 3101 R
1407 3068 1482 3109 VT,
1513 3069 1721 3101 adnotatione
1744 3067 1826 3100 male
1849 3068 1884 3100 in
1909 3074 2023 3100 textum
2046 3073 2178 3110 recepta
2204 3066 2217 3110 11
2249 3068 2289 3100 10
2312 3066 2350 3100 Si

1270 3115 1357 3155 vero]
1382 3112 1440 3146 Si·
1466 3112 1516 3146 R¹
1533 3112 1546 3155 11
1573 3114 1611 3147 11
1637 3115 1875 3145 remoratarum
1900 3110 1950 3145 Τι
1967 3111 1980 3155 11
2003 3111 2349 3145 reuerentissimarnm

1269 3169 1325 3192 om.
1348 3158 1381 3191 T
1390 3158 1400 3178 ¹
1427 3156 1440 3199 Ι
1469 3158 1510 3191 12
1534 3159 1708 3190 accusetur
1731 3158 1781 3190 ed.
1801 3169 1855 3200 pr.
1881 3155 1894 3200 11
1926 3158 1965 3190 13
1989 3156 2043 3197 ab]
2067 3156 2104 3189 id
2127 3156 2174 3189 Ιίι
2204 3156 2217 3199 11
2245 3158 2348 3190 hono-

1268 3214 1339 3237 rem
1362 3202 1413 3236 R⁰
1430 3202 1444 3246 11
1470 3203 1509 3236 15
1535 3201 1829 3244 compraeendatur
1857 3201 1902 3234 R²
1919 3200 1932 3244 11
1949 3202 1981 3234 et
2005 3212 2061 3234 om.
2077 3202 2110 3234 T
2117 3202 2126 3221 ¹
2145 3200 2157 3245 ΙΙ
2182 3203 2223 3236 16
2242 3201 2349 3244 legem

1277 3247 1339 3290 1711
1370 3248 1408 3282 18
1431 3246 1614 3290 approbare
1641 3246 1688 3279 R’
1722 3246 1882 3289 aprobare
1908 3246 1940 3279 Τ
1960 3245 1974 3290 11
2005 3247 2047 3280 20
2072 3256 2111 3279 ex
2134 3246 2186 3279 his
2210 3257 2349 3289 cognos-

1269 3294 1364 3325 catur
1385 3292 1434 3326 V²
1453 3294 1486 3326 in
1507 3304 1573 3325 ras.
1598 3291 1612 3334 11
1635 3293 1833 3333 agnoscatur
1857 3291 1988 3335 Rvulq.
2010 3294 2022 3334 11
2050 3292 2092 3326 21
2118 3292 2208 3325 huno
2231 3302 2348 3325 secun-

1268 3338 1359 3377 dum]
1382 3347 1441 3380 per
1465 3337 1514 3370 Τι
1532 3336 1544 3380 11
1563 3337 1606 3370 22
1626 3337 1668 3369 ab
1683 3337 1821 3377 honore]
1844 3337 1886 3369 ad
1905 3337 2063 3370 honorem
2081 3336 2131 3370 13¹
2148 3336 2162 3381 11
2178 3347 2276 3379 quem
2295 3336 2350 3381 Vn

1138 3384 1168 3416 L
1201 3392 1202 3395 ’
1268 3381 1416 3425 separari
1432 3381 1481 3415 T²
1503 3391 1631 3424 semper
1645 3381 1697 3415 Τι
1714 3382 1727 3425 11
1752 3383 1793 3415 23
1815 3382 1846 3414 ei
1866 3381 2029 3415 ultionem
2053 3382 2109 3425 Τ11
2134 3383 2179 3417 24
2225 3381 2233 3389 ’
2275 3383 2348 3414 uta-

1269 3427 1356 3460 uerit
1379 3426 1491 3468 RVT,
1516 3439 1600 3460 corr.
1613 3427 1730 3471 υα19.11
1754 3428 1796 3461 25
1823 3427 1852 3460 ei
1877 3438 1932 3460 om.
1948 3427 1980 3460 Τ
1988 3427 1999 3448 ¹
2015 3426 2028 3471 ΙΙ
2046 3426 2166 3460 diffeu
2191 3426 2242 3460 13²
2287 3427 2347 3459 ho-

1269 3482 1366 3505 nores
1388 3471 1436 3504 13¹
1462 3472 1473 3513 11
1498 3473 1540 3506 29
1564 3472 1627 3505 hoo
1650 3483 1707 3505 om.
1721 3472 1792 3505 BT
1808 3471 1820 3514 11
1845 3472 1979 3514 quando
2001 3471 2051 3506 R*
2066 3471 2079 3517 11
2105 3471 2243 3505 iubeant
2265 3471 2314 3505 1³²
2336 3471 2349 3516 11

1268 3519 1312 3573 333
1329 3516 1522 3568 peccuniria
1546 3517 1578 3550 T
1606 3517 1767 3561 peccunia
1787 3517 1819 3550 R
1843 3516 1856 3560 11
1880 3520 1997 3550 contra
2021 3528 2077 3582 om..
2091 3516 2177 3596 1³:35.
2182 3516 2348 3605 isstgujeaenfi

1268 3563 2014 3686 ζαέιὲἶᾷωιιζιέἇῃαῗιῗέοῧῖθμῐῗῗῖἓέιεὲᾛ
2028 3562 2074 3640 fft
2093 3560 2145 3642 isa
2169 3606 2183 3652 n
2210 3607 2253 3642 38
2276 3605 2347 3640 ⁸012

1267 3663 1328 3686 cau
1358 3662 1421 3686 one
