2476 3854
119 90 225 134 Nov.
257 91 429 136 CXLVI
461 95 495 134 1.
517 95 543 134 2

117 200 269 250 μεγάλου
302 204 393 239 θεοῦ
425 207 485 238 καὶ
518 204 678 248 σωτῆρος
706 200 812 248 ἡμῶν
832 201 945 247 Ἰησοῦ
966 204 1126 250 Χριστοῦ
1145 215 1200 250 γε·

117 246 261 294 γονότες
293 246 390 294 ὅμως
419 251 559 292 ἐκείνην
585 247 784 292 μέλλουσαν
814 246 930 294 ὥςπερ
954 248 1110 295 ὁρῶντες
1132 251 1202 292 τὴν

117 294 195 327 τῶν
219 293 326 339 ἱερῶν
349 294 491 338 βίβλων
507 292 712 338 παράδοσιν
729 294 959 336 ἐποιήσαντο,
983 295 1202 350 προφητικῆς

118 335 234 383 ὥςπερ
265 338 406 384 χάριτος
433 337 705 384 περιλαμψάσης
738 338 884 383 αὐτούςς
915 341 1112 385 καὶταύτῃ
1133 340 1202 383 μὲν

117 381 312 428 χρήσονται
327 383 486 428 μάλιστα
503 384 652 418 πάντες·
666 383 763 427 πλὴν
779 380 854 417 ἀλλ’
874 381 922 417 αἱς
934 382 981 418 ἂν
992 383 1041 428 μὴ
1055 385 1119 418 τὰς
1133 384 1200 418 λοι-

119 429 189 462 πὰς
213 427 331 463 αὐτοῖς
353 426 556 464 ἀποκλείειν
577 428 840 472 νομισθείημεν
856 429 1051 472 ἑρμηνείας,
1075 427 1201 463 ἄδειαν

119 471 266 517 δίδομεν
294 477 354 507 καὶ
382 475 426 521 τῇ
448 470 593 507 Ἀκύλου
617 474 827 517 κεχρῆσθαι,
858 473 928 507 κᾶν
950 474 982 507 εἰ
1005 471 1202 520 ἀλλόφυλος

118 520 248 552 ἐκεῖνος
279 522 337 552 καί
370 517 410 552 οὗ
440 521 592 563 μετρίαν
623 519 686 552 ἐπί
713 531 828 552 τινων
862 517 992 559 λέξεων
1021 521 1082 565 ἔχῃ
1112 518 1201 564 πρὸς

117 564 141 599 2
188 563 270 597 τούς
305 561 553 607 ἑβδομήκοντα
583 562 652 605 τὴν
683 561 900 618 διαφωνίαν.
947 562 1017 607 τὴν
1044 566 1084 599 δὲ
1115 561 1197 608 παρ’

1197 90 1280 137 716
1305 152 1358 157 Ἃ

1578 108 1638 140 UT
1666 108 1829 140 LICEA'I'
1857 109 2078 143 HEBRAEIS
2106 111 2348 144 SECUNDUM

1269 204 1386 250 magni
1416 205 1473 241 dei
1502 209 1540 241 et
1563 206 1747 244 salvatoris
1771 208 1885 244 nostri
1906 208 1989 244 Iesu
2014 208 2147 245 Christi
2166 210 2351 247 constituti

1269 253 1387 286 tamen
1415 250 1513 286 illam
1535 251 1693 287 futuram
1715 254 1898 298 tamquam
1920 253 2080 289 videntes
2103 264 2285 290 sacrorum
2307 255 2350 291 li-

1269 296 1414 331 brorum
1449 295 1679 332 traditionem
1713 297 1893 338 fecerunt,
1927 301 2108 343 tamquam
2142 300 2352 344 prophetiae

1269 341 1384 385 gratia
1415 341 1707 386 circumfulgente
1736 343 1824 378 eos?
1863 342 1912 379 Et
1941 344 2011 379 hac
2042 343 2183 388 quidem
2207 348 2354 380 utentur

1237 387 1255 419 5
1270 385 1463 430 praecipue
1485 396 1619 422 omnes.
1666 387 1749 424 Non
1771 391 1891 423 tamen
1914 391 2094 434 tamquam
2117 389 2169 424 eis
2191 390 2352 426 residuas

1269 430 1458 466 excludere
1489 431 1709 468 sanxerimus
1731 433 2055 478 interpretationes,
2085 433 2264 470 licentiam
2287 435 2352 470 da-

1269 486 1346 511 mus
1375 479 1412 510 et
1434 475 1586 519 Aquilae
1606 478 1677 520 uti,
1707 478 1763 513 vel
1792 479 1823 513 si
1845 478 1982 514 alienae
2003 478 2120 515 tribus
2142 479 2202 514 ille
2225 481 2263 515 et
2280 489 2353 515 non

1270 523 1527 565 competentem
1544 521 1582 556 in
1599 522 1776 567 aliquibus
1804 523 2026 559 sermonibus
2048 523 2188 560 habeta
2208 529 2352 570 septua-

1268 565 1367 607 ginta
1390 566 1681 610 interpretatione
1704 567 1970 604 dissonantiam.

119 605 238 660 αὐτοῖς
259 608 452 655 λεγομένην
476 606 692 663 δευτεζρωσιν
717 609 989 654 απαγορεύομεν
1003 609 1199 646 παντελῶς,
1218 611 1256 643 10
1270 611 1293 646 2
1339 611 1431 645 Eam
1461 621 1545 646 vero
1577 622 1668 656 quae
1692 613 1737 648 ab
1762 612 1812 648 eis
1835 613 1965 649 dicitur
1987 612 2144 650 secunda
2167 613 2274 650 editio
2297 613 2352 650 in-

118 664 166 686 ως
197 656 274 687 ταῖς
304 655 371 697 μὲν
404 653 510 697 ἱεραῖς
540 665 582 686 ου
604 653 935 698 συνανειλημμένην
956 655 1095 698 βίβλοις
1119 652 1202 687 οὐδὲ

118 696 270 731 ἄνωθεν
302 696 599 743 παραδεδομένην
631 700 668 731 ἐκ
692 699 769 733 τῶν
792 700 1002 744 προφητῶν,
1024 699 1202 745 ἐξεύρεσιν

120 741 159 776 δὲ
189 737 304 777 οὖσαν
336 740 483 788 ἀνδρῶν
513 745 551 775 ἐκ
582 741 693 787 μόνης
726 742 937 778 λαλούντων
968 746 1031 787 τῆς
1061 745 1124 791 γῆς
1141 747 1201 778 καὶ

117 788 223 821 θεῖον
255 789 295 820 ἐν
330 785 449 822 αὐτοῖς
484 787 644 830 ἐχόντων
680 785 795 823 ούδέν.
843 792 902 822 καὶ
937 788 1048 823 αύτάς
1083 788 1122 823 δὲ
1157 787 1201 832 δὴ

1270 655 1486 698 terdicimus‚
1510 658 1636 701 utpote
1657 657 1771 693 sacris
1794 668 1865 692 non
1882 658 2108 694 coniunctam
2123 658 2223 695 libris
2238 668 2353 704 neque

1271 701 1423 745 desuper
1445 701 1613 736 traditam
1635 701 1679 737 de
1702 702 1897 747 prophetis,
1922 703 1985 739 sed
2007 703 2243 740 inventionem
2266 715 2351 740 con-

1271 746 1432 781 stitutam
1463 746 1638 790 virorum,
1668 756 1714 782 ex
1740 748 1818 783 sola
1839 748 2064 793 loquentibus
2087 751 2184 784 terra
2206 752 2244 785 et
2265 749 2352 784 divi·

1270 801 1357 826 num
1383 791 1420 826 in
1443 791 1532 836 ipsis
1555 791 1769 827 habentibus
1793 792 1891 828 nihil.
1938 793 1988 827 Et
2010 793 2106 838 ipsas
2128 802 2211 839 ergo
2231 804 2353 830 sacras

117 835 181 887 τὰς
211 832 305 879 ἱερὰς
340 832 462 878 φωνὰς
497 831 773 886 ἂναγυώσονται
808 834 874 868 τὰς
910 833 1055 878 βίβλους
1093 831 1202 888 αὐτὰς
1218 837 1256 869 15
1271 845 1375 871 voces
1391 836 1558 879 legentes,
1581 836 1680 881 ipsos
1698 837 1837 873 codices
1853 841 2070 882 respuentes,
2095 837 2159 873 sed
2178 848 2251 874 non
2265 839 2349 874 abs-

117 877 423 921 αναπτύσσοντες,
448 875 539 912 ἀλλὰ
562 892 611 922 μη
637 878 948 923 κατακρύπτοντες
999 881 1037 914 ὲν
1060 879 1107 913 τὰ
1123 892 1191 913 κατ

119 919 229 978 αὐτὰς
267 925 450 968 εἰρημένα,
491 922 555 957 τὰς
593 923 738 963 ἔξωθεν
777 922 817 958 δὲ
855 937 952 969 παρα
979 923 1203 969 αμβάνοντες

118 968 298 1014 αγράφους
321 972 543 1015 κενοφωνίας
563 969 653 1014 πρὸς
676 968 744 1011 τὴν
767 970 846 1004 τῶν
862 966 1122 1014 ἁπλουστέρων
1138 965 1200 1002 αὖ·
1221 975 1224 978 ’

117 1016 189 1047 τοῖς
214 1016 489 1058 ἐπινενοημένας
514 1011 710 1048 ἀπώλειαν.
749 1011 836 1049 ὥςτε
858 1013 990 1058 ταύτης
1015 1012 1203 1059 δεδομένης

117 1055 201 1103 παρ’
228 1058 334 1103 ἡμῶν
358 1061 420 1102 τῆς
443 1056 561 1092 ἆδείας
584 1058 665 1092 οὔτε
691 1061 830 1103 ζημίαις
851 1062 949 1093 τισὶν
965 1058 1062 1102 ύπαχ

117 1116 177 1137 ται
209 1103 395 1138 παντελῶς
426 1104 462 1138 οἱ
484 1105 553 1146 τὴν
586 1103 754 1147 ἑλληνίδα
775 1104 904 1149 φωνην
926 1108 986 1138 καὶ
1007 1105 1070 1139 τὰς
1094 1103 1203 1139 ἄλλας

117 1147 474 1193 παραλαμβάνοντες,
506 1148 589 1183 οὔτε
621 1146 704 1194 παρ’
731 1148 939 1184 οὑτινοςοῦν
968 1149 1201 1193 κωλυθήσον·

118 1206 195 1227 ται·
220 1192 306 1227 οὐδὲ
329 1192 457 1228 ἄδειαν
481 1194 623 1234 ἕξουσιν
644 1193 678 1227 οἱ
694 1192 778 1240 παρ’
800 1192 920 1229 αὐτοῖς
936 1194 1202 1241 ἀρχιφερεκῖται

117 1235 140 1281 ἢ
173 1238 412 1286 πρεσβύτεροι
443 1237 598 1296 τυζόνῖἢ
623 1237 836 1274 διδάσκαλοι
860 1241 1098 1287 προςαγορευό
1128 1253 1203 1274 ενοι

1272 880 1465 916 condentes
1497 881 1639 926 quidem
1674 891 1765 926 quae
1787 892 1852 927 per
1875 892 1936 918 eos
1960 881 2058 918 dicta
2079 885 2173 925 sunt,
2200 883 2352 920 exterio-

1271 926 1369 961 ribus
1400 936 1484 961 vero
1515 926 1656 962 traditis
1681 926 1758 962 sine
1780 927 1923 972 scriptis
1945 936 2058 963 novae
2080 927 2178 964 vocis
2201 928 2248 963 ad
2269 929 2352 964 sim·

1270 971 1413 1016 plicium
1435 970 1524 1017 ipsis
1547 971 1817 1016 intelligentium
1839 972 2090 1017 perditionem:
2114 976 2156 1008 ut
2178 972 2247 1008 hac
2269 973 2355 1010 data

1270 1026 1293 1051 a
1322 1016 1427 1051 nobis
1457 1016 1602 1052 licentia
1631 1027 1749 1062 neque
1771 1017 1910 1053 damnis
1932 1017 2111 1062 aliquibus
2134 1017 2355 1054 subicientur

1064 1060 1200 1102 θήσον-
1216 1061 1257 1094 20
1271 1061 1414 1097 omnino
1439 1061 1499 1106 qui
1524 1062 1697 1098 Graecam
1719 1072 1842 1098 vocem
1871 1065 1908 1098 et
1937 1062 2027 1098 alias
2058 1062 2208 1098 tradunt
2236 1073 2354 1108 neque

1271 1106 1316 1142 ab
1341 1106 1460 1151 aliquo
1484 1107 1740 1151 prohibentur;
1771 1117 1886 1151 neque
1908 1107 2087 1143 licentiam
2110 1107 2294 1144 habebunt
2316 1107 2354 1144 hi

1271 1151 1333 1196 qui
1347 1151 1392 1187 ab
1409 1152 1460 1187 eis
1472 1151 1626 1188 maiores
1639 1152 1802 1188 omnibus
1814 1152 2119 1197 archipherecitae
2130 1154 2194 1188 aut
2230 1153 2353 1198 resby·

1270 1196 1339 1231 teri
1361 1196 1513 1232 forsitan
1537 1200 1600 1232 aut
1619 1197 1779 1242 magistri
1795 1197 1967 1242 appellati
1982 1197 2159 1242 perinoeis
2225 1197 2354 1243 quibus

1271 1245 1335 1277 aut
1356 1241 1661 1278 anathematismis
1685 1244 1755 1278 hoc
1771 1243 1971 1288 prohibere,
1995 1242 2066 1278 nisi
2080 1241 2190 1278 velint
2203 1245 2352 1295 propter

118 1288 316 1328 περιυοιάις
354 1288 451 1319 τισὶν
489 1299 511 1327 η
548 1285 858 1330 οναθεματισμοῖς
895 1298 1002 1319 τουτο
1039 1299 1091 1319 κω
1115 1285 1203 1329 ύειν,
1216 1288 1257 1320 25
1272 1296 1333 1323 eos
1367 1286 1532 1331 castigati
1565 1287 1726 1333 corporis
1750 1288 1875 1333 poenis
1898 1290 1934 1322 et
1955 1287 2104 1332 insuper
2126 1288 2216 1323 haec
2237 1297 2353 1333 priva-

118 1328 215 1372 πλὴν
237 1330 269 1363 εἰ
290 1329 339 1372 μὴ
363 1328 555 1374 βούλοιντο
580 1326 624 1364 δι’
651 1327 775 1364 αὐτῶν
799 1329 1110 1376 σωφρονιζόμενοι
1126 1331 1204 1364 τῶν

118 1375 165 1408 εἰς
197 1376 300 1418 σῶμα
331 1376 474 1409 ποινῶν
502 1378 562 1408 καὶ
586 1374 676 1420 πρός
698 1388 738 1421 γε
761 1372 1021 1421 ἀφαιρούμενοι
1045 1377 1123 1410 τῶν
1146 1371 1203 1409 ού-

119 1421 211 1452 σιῶν
234 1419 380 1454 ἄκοντες
401 1418 587 1454 ἐνδιδόναι
609 1419 779 1454 καλλιόνά
804 1433 844 1454 τε
867 1424 927 1454 καὶ
943 1420 1205 1467 θεοφιλέστερα

118 1463 347 1509 βουλομένοις
369 1477 409 1500 τε
431 1463 519 1509 ἡμῖν
542 1468 602 1499 καὶ
625 1464 838 1500 κελεύουσιν.

1271 1332 1403 1368 tionem
1432 1331 1646 1367 facultatum
1678 1333 1839 1368 nolentes
1871 1332 2066 1375 sustinere,
2098 1332 2245 1368 meliora
2269 1342 2353 1369 vero

1272 1379 1310 1413 et
1332 1377 1398 1414 deo
1422 1377 1630 1413 amabiliora
1653 1378 1855 1415 volentibus
1878 1377 1982 1414 nobis
2005 1380 2043 1413 et
2063 1377 2278 1415 iubentibus.

1125 1533 1283 1570 CAPUT
1306 1534 1353 1569 ΙΙ.

165 1601 216 1634 Εἴ
241 1611 335 1634 τινες
366 1598 406 1634 δὲ
435 1597 518 1645 παρ’
554 1598 673 1635 αὐτοῖς
697 1604 920 1647 κενοφωνίας
942 1598 1072 1636 ἀθεόυε
1092 1602 1199 1636 ἐπεις-
1216 1604 1259 1637 30
1317 1601 1355 1637 Si
1387 1600 1528 1646 quidam
1556 1611 1639 1637 vero
1670 1602 1767 1647 apud
1791 1611 1853 1638 eos
1875 1612 1989 1638 vanae
2006 1602 2105 1639 vocis
2128 1601 2271 1648 eloquia
2291 1602 2353 1639 im-

119 1645 222 1690 άγειν
246 1645 500 1691 ἑγχειρήσαιεν,
529 1642 551 1687 ἢ
575 1642 779 1679 ἀνάστασιν
802 1644 826 1689 ἢ
849 1650 968 1692 κρίσιν
990 1643 1202 1693 ἀρνούμενοι
1271 1647 1332 1700 pia
1364 1646 1498 1682 inferre
1531 1647 1855 1692 praesumpserint,
1890 1650 1954 1683 aut
1986 1647 2285 1683 resurrectionem
2320 1650 2356 1684 et

119 1688 142 1744 ἢ
177 1690 220 1724 τὸ
257 1694 395 1734 ποίημα
428 1691 494 1724 τοῦ
526 1691 619 1724 θεοῦ
652 1694 713 1724 καὶ
748 1694 881 1734 κτίσμα
916 1690 999 1726 τοὺς
1038 1689 1203 1738 ἀγγέλους
1269 1691 1440 1727 iudicium
1471 1701 1601 1736 negare
1631 1694 1695 1728 aut
1727 1692 1905 1728 facturam
1929 1692 1987 1728 dei
2009 1694 2046 1728 et
2069 1695 2268 1728 creaturam
2291 1703 2355 1729 an·

120 1734 306 1780 υπάρχειν,
331 1733 478 1769 τούτους
493 1739 553 1768 καὶ
570 1734 845 1770 ἀπελαύνεσθαι
861 1734 1072 1780 βουλόμεθα
1087 1734 1204 1771 τόπου
1270 1737 1369 1781 gelos
1400 1736 1618 1780 subsistere,
1649 1737 1715 1773 lios
1746 1740 1782 1772 et
1811 1737 1940 1783 expelli
1968 1737 2131 1773 volumus
2157 1738 2237 1773 loco
2260 1737 2357 1774 omni

119 1781 258 1815 παντὸς
287 1783 347 1813 καὶ
377 1779 427 1824 μὴ
459 1778 607 1825 ἀφιείἀι
638 1780 767 1827 φωνὴν
790 1778 1004 1827 βλάσφημον
1027 1778 1124 1815 οὕτω
1144 1784 1203 1815 καὶ
1271 1785 1308 1817 et
1338 1791 1411 1817 non
1439 1782 1591 1826 relinqui
1621 1791 1744 1817 vocem
1775 1782 2020 1827 blasphemam
2048 1785 2085 1818 et
2113 1791 2136 1817 a
2167 1782 2223 1817 dei
2247 1782 2356 1818 semel

120 1821 229 1868 αὐτῆς
261 1826 324 1868 τῆς
352 1829 435 1870 περὶ
466 1825 558 1859 θεοῦ
586 1824 768 1866 καθάπαξ
791 1823 1086 1869 ἑξολισθήσασαν
1108 1827 1200 1872 γνώ-
1216 1828 1257 1861 35
1271 1827 1407 1872 lapsam
1430 1826 1570 1863 notitia.
1605 1826 1877 1863 Praesumentes
1901 1827 1994 1863 enim
2017 1837 2078 1863 eos
2098 1826 2200 1863 affari
2222 1827 2356 1873 aliquid

120 1970 354 2023 appaiitione
376 1970 502 2016 maqni
524 1969 583 2006 dei
606 1973 641 2005 et
662 1970 857 2006 servatoris
880 1971 1000 2006 nostri
1022 1969 1106 2006 Iesu
1132 1969 1266 2006 Christi
1290 1974 1406 2006 tamen
1432 1981 1511 2006 eam
1531 1970 1700 2022 suturam
1723 1972 1829 2017 quasi
1852 1971 1967 2007 oculis
1990 1971 2147 2007 videntes
2167 1981 2356 2007 sacrorum

119 2015 294 2052 librorum
328 2016 556 2051 traditionem
576 2015 825 2062 perfecerunt,
859 2018 1040 2061 tamquam
1060 2014 1276 2067 prophetica
1299 2015 1422 2061 qratia
1442 2026 1503 2051 eos
1525 2015 1755 2051 illustrante?
1801 2014 1852 2051 Et
1873 2015 1943 2051 hac
1966 2016 2109 2062 quidem
2130 2016 2356 2062 potissimum

119 2071 241 2097 omnes
272 2064 439 2097 utentur:
478 2071 696 2106 quamquam
731 2071 776 2095 ne
810 2064 950 2096 ceteras
983 2061 1029 2096 iis
1057 2060 1376 2107 interpretationes
1407 2060 1647 2096 intercludere
1703 2065 1854 2102 utemur,
1887 2060 2103 2106 facultatem
2133 2060 2358 2098 concedimus

119 2108 226 2142 etiam
250 2105 405 2152 Aquilae
428 2106 590 2142 versione
614 2104 747 2147 utendi,
768 2106 837 2140 etsi
857 2104 919 2141 ille
941 2105 1103 2141 diversae
1123 2105 1244 2152 qentis
1263 2105 1381 2151 fuerit
1404 2109 1439 2141 et
1462 2106 1499 2140 in
1523 2105 1669 2141 lectioni
1691 2115 1734 2141 us
1755 2116 1828 2141 non
1851 2105 2064 2142 mediocrem
2085 2117 2109 2142 a
2125 2106 2358 2158 septuaqinta

118 2152 142 2187 2
189 2151 445 2198 interpretibus
473 2150 605 2186 habeat
635 2150 844 2186 dissensum.
892 2150 1110 2187 Deuterosin
1140 2150 1406 2193 (secundariam
1430 2149 1673 2194 traditionem)
1697 2161 1783 2187 vero
1832 2161 1900 2187 uae
1919 2150 2022 2198 apud
2043 2161 2106 2187 eos
2128 2151 2262 2187 dicitur
2284 2162 2358 2187 om-

119 2197 206 2232 nino
231 2196 488 2238 interdicimus,
513 2200 554 2231 ut
576 2206 670 2242 quae
693 2195 808 2231 sacris
832 2194 933 2230 librIs
956 2206 1029 2232 non
1053 2195 1312 2242 comprehensa
1335 2206 1401 2231 nec
1424 2195 1595 2231 divinitus
1609 2206 1682 2249 per
1697 2206 1796 2242 prop
1824 2200 1903 2231 etas
1927 2195 2074 2238 tradita,
2097 2195 2162 2232 sed
2175 2196 2358 2232 inventum

118 2242 166 2277 sit
189 2242 349 2277 virorum
373 2253 423 2277 ea:
444 2241 523 2277 sola
549 2245 647 2277 terra
671 2240 893 2286 loquentium
916 2251 982 2276 nec
1004 2240 1197 2287 quicquam
1220 2240 1333 2277 divini
1353 2241 1392 2276 in
1413 2251 1453 2276 se
1476 2239 1691 2276 habentium.
1721 2239 1801 2276 Iam
1824 2241 1926 2286 ipsas
1949 2240 2091 2286 quidem
2113 2251 2240 2276 sacras
2254 2250 2359 2277 voces

121 2287 241 2332 leqent
272 2286 384 2323 libros
413 2287 512 2333 ipsos
543 2286 754 2327 evolventes,
786 2296 852 2320 nec
883 2296 966 2321 vero
997 2288 1219 2322 occultantes
1249 2296 1344 2331 quae
1372 2285 1411 2320 in
1443 2286 1490 2321 iis
1519 2285 1698 2328 dicuntur,
1729 2285 2017 2332 vaniloquentias
2039 2288 2159 2322 autem
2179 2296 2359 2332 nusquam

118 2333 277 2377 scriptas
311 2331 539 2367 extrinsecus
570 2330 798 2366 adsumentes
829 2329 879 2365 ad
905 2330 1166 2376 simpliciorum
1186 2330 1387 2377 perniciem
1418 2330 1463 2365 ab
1487 2331 1577 2376 ipsis
1599 2331 1840 2376 excoqitatas.
1889 2329 2020 2376 ltaque
2042 2330 2112 2366 hac
2131 2330 2314 2376 facultate
2335 2340 2359 2366 a

120 2377 224 2411 nobis
254 2387 423 2412 concessa
454 2387 569 2422 neque
599 2375 742 2411 damnis
772 2375 858 2410 ullis
889 2377 1035 2411 omnino
1065 2376 1287 2412 subicientur
1319 2375 1381 2421 qui
1409 2386 1579 2421 qraecam
1612 2375 1773 2421 linquam
1797 2379 2006 2427 ceterasque
2029 2374 2224 2411 adsumunt
2243 2385 2360 2421 neque

120 2422 165 2457 ab
190 2422 265 2457 ullo
291 2421 555 2468 impedientur;
583 2432 698 2467 neque
721 2421 784 2467 qui
807 2421 908 2467 apud
930 2431 992 2456 eos
1015 2419 1323 2467 archipherecitae
1351 2420 1408 2456 vel
1421 2421 1633 2467 presbyteri
1652 2421 1754 2465 forte
1776 2420 1833 2456 vel
1853 2420 2020 2466 magistri
2042 2424 2218 2455 vocantur
2237 2419 2358 2466 sacul-

123 2471 231 2502 tatem
265 2466 447 2502 habebunt
477 2465 803 2502 machinationibus
834 2465 920 2501 ullis
949 2469 1015 2501 aut
1045 2464 1333 2501 anathematibus
1362 2464 1432 2500 hoc
1463 2464 1697 2511 impediendi,
1727 2465 1799 2500 nisi
1825 2465 1927 2511 forte
1955 2465 2085 2511 poenis
2106 2464 2359 2511 corporalibus

121 2512 292 2558 castiqati
320 2515 355 2547 et
389 2512 539 2558 insuper
563 2511 665 2547 bonis
685 2511 825 2557 privati
846 2510 971 2546 cedere
994 2511 1098 2547 inviti
1119 2510 1223 2546 nobis
1246 2510 1355 2546 velint
1377 2509 1529 2545 meliora
1551 2513 1588 2545 et
1610 2510 1677 2546 deo
1701 2510 1849 2545 cariora
1871 2509 2070 2547 volentibus
2091 2514 2127 2545 et
2149 2509 2358 2546 iubentibus.

254 2557 302 2592 11.
351 2555 393 2592 Si
423 2558 489 2602 qui
517 2561 636 2592 autem
668 2555 769 2603 apud
797 2566 858 2591 eos
881 2555 1171 2601 vaniloquentias
1192 2556 1324 2603 impias
1349 2554 1578 2591 introducere
1602 2555 1863 2602 temptaverint,
1886 2555 1960 2591 sive
1982 2555 2282 2591 resurrectionem
2305 2554 2363 2590 vel

121 2601 291 2637 indicium
323 2602 396 2637 sive
427 2601 487 2638 dei
517 2612 611 2648 opus
641 2605 678 2636 et
707 2605 913 2636 creaturam
946 2600 1098 2647 anqelos
1128 2611 1206 2636 esse
1234 2604 1426 2652 nequam-⁹,
1456 2610 1518 2636 eos
1548 2599 1639 2635 adeo
1672 2599 1810 2647 expelli
1839 2600 2002 2636 volumus
2025 2599 2123 2635 omni
2143 2598 2223 2635 loco
2245 2609 2360 2646 neque

121 2657 242 2682 vocem
274 2647 433 2682 emittere
466 2651 538 2682 tam
567 2645 778 2682 maledicam
810 2649 846 2681 et
876 2645 922 2682 ab
950 2646 1031 2692 ipsa
1059 2645 1118 2680 dei
1141 2645 1346 2691 coquittone
1363 2644 1479 2691 plane
1501 2644 1752 2689 deflectentem.
1799 2644 1893 2680 Nam
1916 2644 1948 2679 si
1971 2644 2061 2690 quid
2082 2643 2258 2681 eiusmodi
2274 2654 2359 2691 pro-

166 2793 187 2826 6
219 2788 349 2832 αὐτοῖς]
373 2793 446 2824 τοῖς
467 2787 585 2824 αὐτοῖς
609 2791 771 2825 Νοιηοε.”ι
792 2790 804 2834 ΙΙ
829 2803 872 2824 νο
896 2790 1106 2833 ισθείημεν]
1130 2800 1205 2822 san-

120 2837 265 2869 xerimus
286 2848 305 2872 ς
331 2836 344 2880 Ι]
375 2839 392 2869 7
419 2833 565 2878 δίδομεν
590 2849 647 2869 οηι.
674 2837 723 2869 B⁶
750 2836 763 2879 fl
792 2832 860 2868 ἅκύ
885 2848 908 2868 α
933 2835 1096 2880 χρῆσθαι
1119 2835 1171 2869 B‘
1194 2834 1206 2878 ΙΙ

122 2882 164 2923 εἰ]
197 2880 250 2922 εἴη
275 2880 439 2923 Νοηιοο.4,
472 2894 530 2914 om.
557 2881 606 2913 B‘
637 2882 683 2922 (in
707 2881 867 2915 Νοηιοο.1η
890 2885 990 2915 verba
1014 2877 1146 2913 ἀκύλου
1163 2899 1205 2904 -

121 2924 319 2971 ἀλλόφυλος
349 2927 494 2969 maryine
519 2926 644 2958 absciso
670 2927 786 2959 hausta
809 2927 894 2968 sunt)
912 2926 924 2969 ΙΙ
942 2923 1161 2971 ἀλλόφυλλος
1175 2925 1205 2958 L

120 2971 167 3017 119
191 2971 260 3014 τὴν
284 2968 491 3015 διαφωνίαν
515 2983 573 3003 om.
599 2971 630 3003 L
649 2974 661 3014 ΙΙ
683 2973 720 3003 10
745 2966 1014 3016 ἀπαγορεύομεν
1036 2972 1115 3012 Mc]
1146 2972 1206 3003 καὶ

123 3014 396 3062 ἅπαγορεύομεν
421 3016 490 3049 LB
515 3015 527 3053 ΙΙ
551 3013 739 3048 παντελῶς
759 3028 816 3048 om.
843 3027 862 3050 ς
881 3019 891 3057 ΙΙ
911 3018 948 3049 11
973 3013 1206 3058 συνανειλημ·

121 3064 234 3106 sitm·
255 3062 304 3094 La
323 3061 335 3105 ss
354 3063 393 3095 15
419 3057 708 3105 ἀναγνώσονται]
734 3060 880 3101 legentes
895 3073 914 3096 ς
929 3060 941 3104 ΙΙ
963 3062 1003 3094 16
1020 3058 1204 3094 ἀναπτύσ-

122 3109 255 3148 σοντες]
282 3108 473 3149 respuentae
497 3107 530 3145 (i.
548 3118 574 3138 e.
599 3101 859 3146 ἀναπτύοντες)
884 3117 902 3141 ς
920 3106 932 3147 ΙΙ
959 3108 997 3139 17
1024 3105 1208 3148 εἰρημένας

123 3154 154 3186 L
170 3154 182 3196 1]
201 3150 560 3196 παραλαμβάνοντες]
578 3149 711 3182 traditis
728 3161 747 3185 ς
762 3149 774 3193 ΙΙ
796 3151 835 3183 18
852 3152 1086 3193 κενοφωνίας]
1105 3159 1207 3182 novae

122 3199 212 3230 vocis
236 3199 257 3231 i.
275 3210 300 3230 e.
326 3198 570 3241 καινοφωνίας
593 3207 611 3231 ς
635 3196 691 3238 (ff.
716 3195 762 3226 ad
780 3195 836 3234 30)
863 3194 875 3238 ΙΙ
910 3197 949 3229 19
982 3195 1207 3237 ἐπινενοημέ-

123 3245 198 3285 νας]
225 3242 489 3283 intelligentium
513 3243 548 3280 (i.
567 3253 593 3274 e.
611 3239 940 3282 ἐπινειόημένωνῖ)
955 3251 974 3275 ς
993 3239 1004 3283 ΙΙ
1021 3237 1168 3282 διδομέν
1193 3248 1208 3271 ς

123 3289 154 3321 L
181 3288 193 3331 ΙΙ
224 3290 266 3321 20
290 3283 401 3320 *οὐδὲ
426 3286 552 3319 MLB⁶
581 3286 593 3327 ΙΙ
620 3283 896 3326 ἐνταχθήσονται
918 3285 963 3317 Μ
983 3285 995 3327 ΙΙ
1027 3286 1069 3318 22
1094 3251 1207 3317 *οῖ’-δᾶ

122 3334 259 3370 ΜΙΛΒῦ,
276 3333 287 3375 ss
320 3334 361 3366 23
395 3330 432 3365 οἱ
454 3326 536 3374 παρ’
566 3327 695 3370 αὐτοῖς]
721 3329 780 3370 qui
803 3329 844 3361 ab
868 3329 915 3361 eis
938 3329 1077 3362 maiores
1100 3329 1206 3362 omni·

122 3378 183 3411 bus
209 3391 228 3414 ς
256 3378 268 3420 Ι]
298 3379 340 3411 28
373 3374 526 3410 ἄκοντας
550 3376 600 3409 L‘
626 3375 638 3419 11
668 3373 818 3407 καλιόνα
846 3386 887 3406 τε
907 3374 938 3407 L
967 3373 1106 3406 meliora
1128 3384 1206 3406 vero

121 3425 155 3463 (ι’.
173 3436 198 3456 e.
226 3421 276 3463 δὲ)
301 3434 319 3459 ς
348 3422 362 3465 1]
387 3423 430 3455 30
455 3432 508 3454 τις
532 3421 582 3454 L⁰
605 3420 618 3464 ss
648 3421 688 3454 31
715 3417 736 3461 ἢ
759 3421 889 3463 κρίσιν]
911 3420 944 3451 et
962 3419 1128 3469 'iudicium
1153 3431 1172 3455 ς
1196 3417 1208 3461 ΙΙ

123 3470 165 3502 32
189 3463 210 3509 ἢ
235 3467 293 3508 τὸ]
317 3465 398 3509 ἦτοι
421 3467 608 3499 Zachariae
633 3478 695 3498 non
719 3474 802 3498 recle
818 3463 829 3507 ΙΙ
857 3465 901 3497 34
924 3460 1022 3497 οὕτω
1047 3472 1076 3496 et
1100 3459 1207 3504 αὐτῆς

123 3526 181 3546 om.
206 3525 225 3548 ς
244 3514 255 3556 ΙΙ
273 3515 314 3546 35
336 3513 398 3553 τῆς
422 3525 479 3544 om.
505 3513 553 3544 L‘¹
571 3515 582 3554 ΙΙ
603 3508 926 3550 ἐξολισθαίναντας
941 3509 992 3542 La
1016 3506 1205 3550 έξολισθή·

123 3568 257 3591 σαντας
277 3556 324 3590 L⁶
340 3558 352 3600 fl
371 3553 611 3602 ἀναγνώσεως
637 3556 682 3588 M

169 3648 190 3681 4
215 3649 358 3679 utuntur
378 3648 527 3691 rTvalq.
555 3647 685 3679 utentes
703 3646 737 3679 V
753 3647 904 3686 (utantur
920 3644 1027 3687 Bet-Ic)
1044 3643 1056 3687 ΙΙ
1074 3645 1093 3677 5
1110 3653 1203 3687 prae-

1270 2800 1336 2832 pue
1358 2789 1450 2833 Vll-1
1475 2788 1602 2831 aquilie
1627 2787 1683 2833 ΤΙΙ
1712 2790 1732 2823 8
1758 2788 1897 2821 habeta
1921 2789 2114 2829 Heimbach]
2140 2787 2258 2821 habita
2284 2787 2363 2822 libri

1271 2835 1283 2880 ΙΙ
1298 2837 1339 2869 10
1364 2834 1505 2867 secunde
1529 2833 1613 2867 ditio
1634 2834 1688 2876 Vn
1709 2835 1747 2869 11
1772 2844 1839 2867 non
1860 2846 1918 2867 om.
1942 2833 1975 2867 T
1988 2832 2001 2876 ΙΙ
2021 2834 2061 2867 12
2084 2833 2261 2877 prophetes
2286 2833 2333 2866 1⁷³⁸
2348 2831 2362 2878 ΙΙ

1273 2881 1490 2913 constitutam
1512 2880 1611 2923 vulo]
1635 2878 1892 2912 constitutorum
1916 2878 2172 2920 (constituor-um
2197 2878 2258 2919 1¹⁸)
2283 2878 2362 2912 libri

1273 2924 1283 2966 ΙΙ
1299 2927 1340 2960 13
1361 2935 1399 2958 ex
1418 2926 1520 2968 vuly.]
1546 2926 1579 2957 et
1603 2925 1705 2967 librili
1722 2923 1934 2966 loquentium
1950 2930 1980 2956 et
2001 2924 2042 2957 14
2058 2922 2250 2955 habentium
2266 2922 2357 2965 vulg.

1272 2970 1284 3015 ΙΙ
1296 2973 1385 3003 terra
1406 2971 1504 3014 vuqu
1527 2971 1651 3002 terram
1670 2969 1705 3002 V
1721 2971 1853 3002 terrena
1876 2968 1928 3001 rT
1947 2967 1960 3010 ΙΙ
1988 2969 2027 3002 15
2047 2966 2196 3007 legenter
2216 2966 2250 2999 V
2267 2965 2281 3010 ΙΙ
2306 2975 2359 3000 re-

1274 3018 1447 3058 spuentem
1470 3028 1488 3048 r
1507 3027 1572 3057 pr„
1596 3014 1832 3056 respondentes
1853 3011 1907 3064 Vl]
1929 3014 1969 3046 16
1993 3011 2053 3053 qui
2072 3011 2129 3055 Vn
2146 3021 2199 3044 eas
2216 3011 2267 3044 T⁰
2284 3010 2297 3054 ΙΙ
2317 3013 2356 3046 17

1273 3061 1344 3093 siue
1360 3060 1416 3103 Vn
1432 3059 1538 3100 vonis]
1560 3058 1644 3101 legis
1661 3059 1694 3091 T
1703 3059 1715 3101 ΙΙ
1736 3060 1777 3093 19
1800 3057 2010 3090 subiciantur
2023 3057 2110 3099 vulq.
2129 3056 2142 3098 ΙΙ
2160 3057 2203 3089 20
2218 3055 2358 3088 omnino

1273 3106 1373 3148 vulq]
1397 3114 1494 3137 omne
1517 3117 1534 3136 r
1545 3104 1577 3136 V
1594 3113 1724 3136 omnem
1738 3103 1770 3136 T
1788 3104 1914 3142 (omnes
1938 3101 2131 3142 Heimbach)
2148 3100 2160 3143 ΙΙ
2177 3110 2311 3142 gregum
2330 3101 2364 3134 V

1273 3160 1391 3192 graeca
1411 3163 1429 3183 r
1442 3148 1455 3192 ΙΙ
1474 3158 1556 3181 uoce
1574 3148 1626 3181 rT
1640 3147 1653 3191 ΙΙ
1668 3147 1750 3180 aliat
1767 3147 1800 3180 T
1811 3146 1824 3190 ΙΙ
1843 3147 1883 3180 21
1908 3145 1962 3186 ab]
1977 3155 2039 3188 pro
2055 3158 2072 3178 r
2087 3146 2100 3189 n
2117 3145 2273 3187 *aliqu01
2290 3144 2360 3179 alio

1275 3196 1353 3228 libri
1366 3194 1378 3238 Ι]
1396 3192 1636 3237 prohibeantur
1658 3193 1746 3235 vuly.
1763 3191 1776 3235 Ι]
1792 3191 1843 3224 hii
1867 3191 1900 3224 Τ
1912 3190 1924 3230 ΙΙ
1943 3191 1986 3224 22
2008 3190 2148 3223 maiores
2163 3191 2265 3233 vulg]
2290 3200 2360 3223 ma-

1274 3238 1355 3272 ioris
1371 3251 1388 3271 r
1399 3238 1505 3271 maior
1515 3237 1578 3270 VT
1585 3235 1597 3280 ΙΙ
1610 3236 1839 3270 arehiserecite
1852 3249 1869 3269 r
1878 3235 2144 3269 Varohiferetite
2160 3236 2192 3269 T
2206 3234 2360 3278 npresby-

1275 3283 1351 3317 terii
1367 3282 1422 3326 Vu
1441 3284 1483 3316 23
1505 3281 1651 3324 perineis
1676 3283 1753 3315 libri
1767 3282 1779 3323 ΙΙ
1798 3283 1841 3315 24
1866 3279 2154 3313 anathematismis
2171 3280 2203 3314 V
2218 3280 2359 3313 anathe-

1273 3329 1370 3361 matis
1389 3327 1443 3370 ΤΙΙ
1461 3328 1503 3361 25
1520 3326 1672 3368 castigati
1688 3326 1733 3367 V]
1752 3326 1909 3368 castigari
1922 3326 1975 3359 rT
1987 3326 2071 3369 vulq.
2090 3325 2103 3368 ΙΙ
2121 3326 2214 3366 haec]
2232 3323 2359 3367 neonl

1273 3373 1461 3417 priuatione
1485 3371 1696 3404 facultatium
1718 3371 1775 3415 Vss
1792 3373 1834 3406 26
1861 3370 1999 3403 meliora
2022 3370 2148 3413 om.Vu
2166 3371 2207 3403 27
2232 3378 2358 3402 amma-

1274 3417 1395 3451 biliora
1419 3430 1435 3449 r
1449 3416 1462 3461 ΙΙ
1481 3416 1576 3449 nobis
1597 3429 1654 3449 om.
1679 3429 1696 3450 r
1713 3416 1725 3460 ΙΙ
1743 3418 1786 3451 30
1809 3426 1916 3449 uanae
1939 3415 2032 3448 uocis
2048 3415 2094 3455 V]
2119 3423 2224 3448 uanae
2247 3423 2360 3446 nouae

1275 3463 1366 3496 uocis
1389 3462 1441 3495 rT
1460 3463 1548 3505 ναῖς.
1566 3461 1578 3506 ΙΙ
1605 3461 1717 3503 eloqui
1740 3475 1757 3495 r
1774 3461 1786 3505 ΙΙ
1806 3463 1845 3495 31
1872 3459 2132 3502 praesumpserit
2155 3473 2172 3492 r
2188 3459 2201 3502 ΙΙ
2219 3461 2251 3491 et
2269 3458 2359 3491 iudi-

1273 3508 1374 3548 cium]
1398 3508 1456 3540 aut
1479 3507 1641 3539 iudicium
1666 3521 1683 3540 r
1701 3506 1772 3548 1132
1792 3505 1986 3548 angelorum
2012 3504 2069 3547 ΤΙΙ
2086 3505 2128 3539 33
2154 3506 2187 3536 et
2210 3502 2292 3547 pelli
2319 3502 2357 3541 V.

1273 3557 1305 3585 et
1328 3565 1386 3585 om.
1412 3565 1429 3584 r
1454 3552 1466 3594 ΙΙ
1498 3552 1601 3593 omni]
1625 3555 1735 3584 tamen
1762 3552 1794 3585 T
1814 3550 1826 3594 ΙΙ
1857 3552 1901 3585 34
1920 3560 2002 3583 uoce
2018 3549 2082 3594 Vfl
2108 3548 2296 3591 blasphema
2332 3546 2365 3580 V

1272 3596 1510 3639 blasphemiam
1536 3597 1591 3644 ΤΙΙ
1610 3599 1641 3640 a]
1665 3597 1706 3630 ad
1736 3595 1788 3642 ΤΙΙ
1808 3597 1849 3630 35
1874 3594 2029 3629 notitiam
2054 3595 2140 3639 libri,
2163 3605 2247 3632 corr,
2265 3592 2357 3639 vulq.

1271 3644 1408 3686 ”eorum
1435 3643 1477 3676 1¹²
