2476 3854
181 137 285 179 Nov.
317 138 430 180 CVII
463 141 534 180 1-
545 142 569 181 3

177 246 200 291 ἢ
223 252 283 281 καὶ
307 248 526 293 ἐλευθερίας,
558 252 616 281 καὶ
639 249 755 280 ταῦτα
785 249 898 289 οἰκείᾳ
927 250 1016 289 χειρὶ
1041 246 1252 292 γραφόμενα

178 292 350 347 λεγόμενά
379 306 419 327 τε
449 293 548 338 παρὰ
578 293 654 324 τῶν
680 290 947 335 διατιθεμένων
971 293 1032 325 ἐπὶ
1062 292 1140 325 τῶν
1162 304 1251 337 μαρ-

176 351 308 383 τυρων,
341 337 389 371 ὠς
412 335 559 372 ἅπαντα
585 337 706 381 ἑφεξῆς
729 337 775 369 τὰ
800 339 840 370 έν
871 338 915 383 τῇ
939 334 1161 370 διατυπώσει
1183 340 1252 371 κεί-

176 397 267 426 μενα
292 380 394 417 αὐτοὶ
418 387 477 416 καὶ
493 385 658 427 ἔγραψαν
681 385 741 415 καὶ
759 380 954 426 βούλονται
977 384 1133 426 κρατεῖν,
1157 384 1252 416 ἔστω

177 427 311 471 ἰσχυρά,
336 426 446 469 μηδὲν
470 425 713 470 ἐλαττούμενοι
737 428 774 460 ἐκ
798 428 862 461 τοῦ
887 425 1006 460 δοκεῖν
1037 428 1076 459 ἐν
1106 426 1253 472 χάρταις

175 471 384 519 γεγράφθαι
415 472 482 515 τὴν
514 470 643 514 λοιπὴν
675 471 927 518 παρατήρησιν
957 472 1034 505 τῶν
1060 469 1253 515 διαθηκῶν

175 519 224 572 μή
249 515 443 559 δεξάμενα,
467 514 555 550 ἀλλὰ
572 517 692 559 τούτῳ
716 515 832 560 μόνον
851 515 1095 551 διαλλαττέτω
1114 518 1167 559 τῷ
1184 517 1252 560 τὴν

178 565 285 596 αυτοῦ
311 561 432 601 δεξιάν
456 575 494 595 τε
518 565 576 595 καὶ
599 561 768 608 γλῶτταν
792 564 885 605 ἔχειν
912 562 981 605 τὴν
1004 562 1126 596 πᾶσαν
1149 562 1253 606 ἰσχὺν

177 609 227 650 τῷ
253 607 363 654 χάρτῃ
389 610 643 651 παρεχομένην.

1245 133 1326 180 512

1689 149 1748 178 DE
1777 148 2080 179 TESTAMENTIS
2108 147 2396 180 INPERFECTIS

1320 247 1408 282 haec
1437 247 1583 291 propria.
1612 247 1747 291 scripta
1775 257 1883 282 mauu
1914 247 2079 292 dictaque
2114 257 2137 282 a
2165 247 2396 282 testatoribus

1319 301 1440 327 coram
1463 291 1629 334 testibus,
1654 291 1822 336 quoniam
1844 292 1963 327 omnia
1986 295 2242 337 consequenter
2264 292 2300 326 in
2324 292 2395 327 dis-

1320 336 1496 382 positione
1525 336 1643 381 posita
1671 337 1739 390 ipsi
1763 339 1800 372 et
1823 336 2045 382 scripserunt
2068 339 2106 372 et
2124 336 2248 372 volunt
2270 337 2396 381 valere,

1320 382 1391 417 sint
1411 381 1522 423 firma,
1546 381 1635 417 nihil
1652 381 1844 417 mmuenda
1864 392 1905 417 eo
1926 382 2020 427 quod
2041 382 2225 417 videantur
2243 381 2282 416 in
2297 385 2397 418 carta

1287 431 1306 462 5
1320 426 1454 470 scripta
1489 426 1660 472 reliquam
1691 427 1974 462 observationem
2005 428 2297 462 testamentorum
2326 436 2397 462 non

1320 471 1568 515 suscipientia,
1603 472 1666 507 sed
1696 472 1765 507 hoc
1796 473 1911 507 solum
1946 472 2159 514 inmutetur,
2195 472 2290 516 quod
2321 471 2397 507 eius

1319 527 1446 596 {xi-{inus
1469 519 1506 552 et
1528 516 1648 562 lingua
1670 517 1779 552 habet
1801 527 1941 554 omnem
1964 517 2128 553 virtutem
2151 519 2272 552 cartae
2294 526 2397 562 prae-

1332 573 1356 596 )1
1373 572 1441 597 am.

1169 719 1324 754 CAPUT
1346 719 1390 754 11.

244 789 314 818 Καὶ
338 787 437 830 εἴπερ
460 789 561 830 μέχρι
583 784 745 828 τελευτῆς
767 788 899 828 μείνειε
922 787 1030 819 τοῦτο
1056 785 1096 820 τὸ
1120 788 1249 831 σχῆμα,
1268 790 1307 822 10
1365 787 1414 821 Et
1430 787 1459 821 si
1478 785 1619 829 quidem
1638 796 1749 830 usque
1769 786 1814 820 ad
1831 788 1977 820 mortem
1994 788 2136 820 maneat
2156 786 2224 821 hoc
2245 786 2397 828 schema,

174 828 287 864 οὐδεὶς
318 827 468 877 ὕστερον
493 830 637 873 παρέξει
667 833 881 874 μαρτυρίας,
913 827 960 864 ὠς
984 828 1170 874 ἠβουλήθη
1194 846 1251 865 τυ-

174 877 238 918 χὸν
267 877 336 918 τὴν
359 875 543 920 τοιαύτην,Α
555 874 704 921 γνώμην
729 873 880 918 ἀμεῖψαι
904 873 927 919 ἢ
950 875 1143 916 ἐναλλάξαι
1167 875 1189 920 ἤ
1213 890 1250 910 τι

175 922 318 955 τοιοῦτο
335 922 493 964 ποιῆσαι,
511 922 540 952 a>
557 933 597 966 γε
613 920 698 963 ἐξῆν
715 918 798 965 διαρ
823 920 904 963 ῆξαι
920 921 963 954 τὸ
978 919 1177 967 γενόμενον
1192 925 1251 955 καὶ

175 968 300 1011 ἑτέραν
320 965 550 1020 ποιήσασθωαι
565 965 738 1009 βούλησιν
755 934 936 1007 δηλοῦσαν
959 966 1028 1009 τὴν
1042 966 1252 1001 τελευταίαν

376 1011 382 1021 ,

1321 832 1440 867 nullus
1465 835 1592 876 postea
1615 831 1765 866 deducet
1787 834 1915 872 testes,
1941 830 2023 875 quia
2044 830 2154 865 voluit
2176 830 2270 866 forte
2291 831 2397 866 talem

1319 877 1536 911 voluntatem
1568 881 1707 910 mutare
1738 878 1802 910 aut
1833 880 2037 910 convertere
2066 879 2129 910 aut
2162 875 2294 921 aliquid
2327 877 2398 911 tale

1319 922 1448 964 facere,
1476 923 1532 956 cui
1556 921 1656 956 licuit
1679 930 1843 964 rumpere
1867 920 1962 965 quod
1985 921 2122 956 factum
2144 924 2210 963 est,
2234 924 2270 956 et
2293 921 2398 956 aliam

1319 966 1437 1002 facere
1468 967 1683 1001 voluntatem
1713 965 1952 1000 declarantem
1983 966 2176 1010 perfectam
2212 966 2286 1001 eius
2317 976 2398 1001 sen-

175 1009 468 1066 ab‘tofivyuwlmyz't,
493 1025 539 1054 ην
562 1011 724 1065 προήκει
745 1014 898 1055 κρατεῖν.
940 1013 1046 1045 τοῦτο
1070 1012 1139 1057 γὰρ
1158 1014 1250 1057 ἑφίε-
1268 1016 1306 1047 15
1320 1012 1485 1054 tentiam,
1517 1022 1623 1056 quam
1655 1011 1824 1064 competit
1846 1011 1974 1046 valere.
2019 1011 2097 1045 Hoc
2121 1012 2213 1046 enim
2236 1011 2400 1046 concedi-

175 1071 240 1098 μεν
258 1070 356 1099 αυτιρ
378 1070 552 1101 πραττειν
574 1069 662 1089 αυτο
681 1057 789 1089 τοῦτο
805 1057 922 1102 ῥητῶς
938 1057 1251 1101 ἐπισημαινομένῳ

175 1104 235 1136 ἐπὶ
253 1106 430 1145 παρουσίᾳ
452 1098 647 1146 μαρτύρων
671 1099 785 1142 ἑπτά,
810 1099 858 1134 οἱς
878 1104 938 1134 καὶ
954 1106 1152 1144 πεποίηταί
1167 1115 1252 1136 τινα

174 1146 347 1189 τοιαύτην
370 1146 554 1190 βούλησιν,
585 1143 626 1179 οὗ
649 1146 720 1190 μὴν
744 1149 889 1191 κρατεῖν
912 1143 1027 1189 αὐτὴν
1051 1149 1105 1180 ἔτι
1128 1145 1251 1191 βούλε-

174 1205 253 1233 ται,
278 1189 359 1225 ἀλλ’
375 1193 501 1236 ἑτέραν
526 1190 765 1234 ποιήσασθαι.
814 1194 873 1224 καὶ
893 1192 1010 1225 ταῦτα
1034 1190 1056 1234 ἢ
1080 1194 1119 1225 ἐν
1135 1190 1253 1234 τελείᾳ

1320 1068 1398 1092 mus
1423 1058 1454 1092 ei
1476 1067 1592 1102 agere,
1618 1057 1685 1091 hoc
1708 1067 1824 1100 1psum
1841 1055 2033 1100 expressim
2054 1055 2311 1099 significantem
2333 1057 2399 1092 sub

1321 1103 1523 1147 praesentia
1554 1102 1698 1136 testium
1729 1102 1883 1146 septem,
1915 1101 1999 1146 quia.
2029 1101 2095 1136 etsi
2114 1101 2201 1136 fecit
2224 1101 2401 1144 quandam

1321 1148 1427 1182 talem
1449 1148 1678 1188 voluntatem,
1698 1157 1771 1181 non
1789 1149 1908 1181 tamen
1921 1146 2038 1181 valere
2057 1155 2134 1181 eam
2152 1146 2302 1181 ulterius
2315 1145 2400 1188 vult,

1322 1193 1383 1227 sed
1407 1203 1530 1227 rursus
1559 1192 1634 1226 vult
1656 1192 1761 1226 aliam
1785 1191 1914 1226 facere.
1959 1191 2009 1225 Et
2031 1192 2124 1226 hanc
2148 1196 2211 1225 aut
2234 1191 2268 1226 in
2293 1194 2400 1226 testa-

175 1235 334 1283 διαθήκῃ
370 1241 519 1271 ποιείτω
555 1235 679 1271 πάντα
714 1236 759 1270 τὰ
792 1237 869 1270 τιῦν
900 1234 1092 1279 διαθηκῶν
1128 1236 1254 1284 ἐχούσῃ
1269 1240 1311 1272 20
1323 1244 1440 1273 mento
1466 1238 1623 1282 perfecto
1648 1238 1759 1272 faciat
1782 1237 1900 1271 omnia
1930 1240 2224 1271 testamentorum
2247 1236 2402 1271 habente

175 1281 358 1326 σύμβολα,
382 1281 404 1325 ἢ
429 1284 468 1315 ἐν
493 1279 642 1327 ἀγράφῳ
667 1280 785 1324 τελείᾳ
808 1280 985 1325 βουλήσει,
1010 1279 1096 1316 ὤςτε
1121 1280 1180 1317 ἐπ’
1200 1285 1254 1328 ἐγ-

174 1327 300 1373 γράφῳ
327 1325 348 1370 ἢ
373 1324 526 1373 ἀγράφῳ
551 1326 718 1371 βουλήσει
749 1325 867 1360 δοκεῖν
900 1324 1011 1361 αὐτὸν
1035 1325 1254 1370 τελευτῆσαι,

175 1374 252 1406 τῶν
282 1376 470 1419 προτέρων
502 1369 645 1416 ἀκίρων
677 1373 715 1405 ἐκ
745 1373 806 1414 τῆς
829 1369 993 1416 δευτέρας
1022 1369 1133 1406 αὐτοῦ
1161 1373 1253 1406 κατὰ

176 1418 244 1460 τὴν
260 1417 403 1452 τελείαν
427 1416 612 1460 διαθήκην
635 1414 657 1460 ἢ
681 1415 854 1461 βούλησιν
881 1415 1138 1452 διατυπώσεως
1159 1431 1255 1463 γινο-

178 1476 307 1497 ιιενων.

1324 1283 1441 1327 signa,
1473 1286 1536 1318 aut
1566 1282 1603 1317 in
1635 1293 1706 1317 non
1736 1281 1871 1326 scripta
1901 1280 2064 1326 perfecta
2089 1281 2269 1316 voluntate
2290 1280 2402 1316 videri

1325 1338 1404 1363 eum
1440 1328 1646 1362 defunctum
1682 1338 1778 1370 esse,
1819 1326 1997 1372 prioribus
2031 1326 2179 1361 infirmis
2214 1326 2322 1361 factis
2358 1335 2401 1362 ex

1324 1373 1482 1408 secunda
1510 1373 1586 1408 eius
1617 1372 1810 1407 secundum
1838 1371 2036 1417 perfeetum
2067 1373 2317 1407 testamentum
2339 1373 2404 1406 aut

1323 1419 1537 1453 voluntatem
1562 1417 1803 1462 dis-positione.

1270 1466 1312 1498 25

1173 1575 1328 1610 CAPUT
1352 1575 1415 1611 111.

232 1640 375 1684 Ἐπειδὴ
393 1640 433 1675 δὲ
448 1642 551 1686 ἴσμεν
567 1642 667 1676 τινὰς
681 1640 844 1686 νεμήσεις
868 1645 1098 1684 ποιουμένους
1122 1643 1255 1685 μεταξὺ

177 1689 254 1721 τῶν
270 1689 413 1721 οἰκείων
429 1685 577 1721 παίδων
592 1690 652 1720 καὶ
668 1686 1006 1733 παρασκευάζοντας
1028 1685 1155 1722 αὐτοὺς
1170 1687 1255 1721 ταύ-

177 1743 255 1767 ταις
284 1730 520 1778 ὑπογράφειν,
551 1735 611 1766 καὶ
642 1733 684 1766 τὸ
709 1733 853 1767 τοιοῦτο
883 1733 1001 1777 σχῆμα
1024 1733 1254 1778 προςιέμεθα.

177 1778 208 1811 εἰ
229 1778 305 1830 ιγὰρ
336 1776 498 1822 διανέμοι
529 1789 582 1811 τις
613 1777 659 1811 τὰ
683 1779 794 1811 οἰκεῖα
819 1777 1014 1831 πράγματα
1045 1781 1104 1811 καὶ
1129 1775 1256 1812 αὐτοὺς

1369 1643 1459 1686 Quia
1479 1653 1560 1677 vero
1574 1641 1735 1678 novimus
1753 1641 1892 1686 aliquos
1909 1641 2098 1676 divisiones
2119 1641 2292 1676 facientes
2310 1641 2405 1678 inter

1323 1689 1486 1733 proprios
1510 1688 1601 1723 filios
1625 1690 1661 1722 et
1684 1690 1939 1732 praeparantes
1959 1696 2020 1722 eos
2036 1686 2090 1722 his
2110 1686 2345 1731 subscribere,
2369 1689 2406 1722 et

1324 1736 1392 1768 hoc
1423 1733 1567 1768 schema
1599 1732 1831 1777 suscepimus.
1881 1732 1918 1767 Si
1948 1732 2026 1776 quis
2059 1731 2151 1766 enim
2176 1731 2298 1766 dividit
2320 1742 2403 1777 pro·

1323 1778 1422 1823 prius
1453 1789 1510 1814 res
1540 1782 1577 1813 et
1604 1778 1702 1822 ipsos
1732 1777 1825 1813 filios
1855 1787 2008 1812 evocans
2038 1776 2148 1812 saciat
2181 1776 2405 1812 subscribere

176 1834 259 1857 τους
298 1820 430 1857 παῖδας
467 1821 790 1877 πρρςκαλεσάμενος
825 1835 1009 1877 ποιησςιεν
1044 1821 1256 1877 ῥπΙογράψαι
1270 1827 1311 1858 30
1325 1824 1554 1859 divisionibus
1578 1823 1684 1867 ipsis,
1717 1825 1752 1858 et
1775 1825 1874 1858 ratas
1898 1832 1959 1857 eas
1981 1821 2158 1865 iudicare,
2185 1824 2223 1857 et
2244 1821 2404 1867 profiteri

176 1871 254 1902 ταῖς
276 1866 467 1912 νεμήσεσιν
490 1870 629 1909 αυταῖς,
656 1871 716 1901 καὶ
739 1872 858 1910 κυρίας
880 1879 1013 1902 ταυτας
1034 1869 1256 1914 ηγησασθαι,

177 1917 237 1947 καὶ
258 1912 477 1960 ὁμολογῆσαι
499 1914 617 1947 ταῦτα
633 1913 726 1947 κατὰ
743 1915 875 1947 τοῦτον
899 1915 993 1955 ἔχειν
1017 1914 1085 1947 τὸν
1107 1913 1258 1958 τρόπον,

1323 1869 1415 1904 haec
1439 1868 1635 1905 secundum
1659 1868 1754 1903 hunc
1777 1867 1910 1903 habere
1932 1867 2093 1910 modum,
2124 1867 2171 1902 sit
2193 1870 2229 1902 et
2251 1867 2320 1902 hoc
2342 1868 2403 1902 fir-

245 2017 318 2047 cap.
338 2004 389 2037 ¹<II
408 2006 452 2037 in.
476 2005 680 2037 summarium
706 2005 802 2038 habet
824 2005 871 2037 Β·ς
899 2005 930 2036 Δ
949 2006 1001 2046 13,
1015 2012 1048 2038 37
1070 2017 1105 2048 p.
1125 2006 1188 2039 210
1207 2006 1310 2038 Zach.

177 2104 270 2145 vult,
299 2102 389 2138 Ilaec
419 2113 563 2148 quoque
594 2103 628 2137 si
649 2103 809 2149 propria
842 2114 951 2138 manu
981 2103 1188 2138 scribantur
1219 2108 1327 2149 atque
1357 2115 1478 2139 coram
1512 2104 1659 2140 testibus
1687 2116 1710 2139 a
1734 2104 1964 2139 testatoribus
1986 2104 2193 2149 affirmetur
2221 2115 2260 2140 se
2283 2106 2404 2141 omnia

177 2149 345 2194 deinceps
368 2158 463 2194 quae
484 2149 523 2182 in
547 2147 603 2183 dis
631 2148 785 2183 ositione
806 2152 932 2183 extent
955 2153 991 2183 et
1012 2149 1199 2194 scripsisse
1228 2154 1265 2184 et
1287 2149 1406 2184 valere
1436 2149 1537 2192 velle,
1569 2149 1689 2184 valida
1717 2149 1799 2192 sint,
1829 2159 1915 2184 neve
1943 2149 2017 2184 ullo
2047 2148 2153 2184 modo
2177 2149 2405 2195 infirmentur

172 2199 374 2241 propterea
396 2192 496 2239 quod
517 2193 556 2227 in
579 2204 598 2228 c
624 2193 716 2228 artis
738 2193 812 2228 scri
842 2198 878 2228 ta
899 2204 975 2229 esse
1000 2193 1189 2229 videantur
1213 2204 1277 2229 nec
1300 2194 1442 2240 reliqua
1467 2199 1755 2230 testamentorum
1779 2194 2018 2230 sollemnitate
2038 2194 2209 2240 praedita
2231 2196 2316 2237 sint,
2339 2195 2405 2231 sed

177 2251 218 2275 eo
244 2238 490 2274 tantummodo
515 2238 700 2284 differant,
725 2249 795 2284 quo
845 2238 979 2274 decctra
1002 2245 1038 2274 et
1061 2239 1186 2284 linqua
1209 2239 1286 2274 eius
1310 2244 1460 2274 utantur
1483 2251 1576 2286 quae
1600 2250 1737 2275 omnem
1762 2240 1830 2275 vim
1854 2238 2003 2274 chartae
2021 2243 2197 2286 praestet.

296 2284 342 2319 ΙΙ.
391 2282 443 2319 Et
465 2283 497 2318 si
520 2283 663 2329 quidem
686 2294 800 2329 usque
823 2283 872 2318 ad
894 2288 1044 2319 mortem
1068 2283 1156 2319 baec
1177 2285 1304 2329 forma
1321 2286 1580 2331 permanserit,
1613 2296 1715 2320 nemo
1736 2289 1866 2331 postea
1892 2285 2092 2319 testimonia
2115 2283 2313 2326 exhibebit,
2344 2295 2404 2322 vo-

180 2330 289 2365 luisse
310 2329 412 2375 forte
436 2328 536 2363 illum
561 2328 735 2363 eiusmodi
759 2328 978 2364 volunlatem
1002 2333 1222 2364 commutare
1252 2335 1317 2365 aut
1340 2337 1546 2366 convertere
1569 2334 1634 2365 aut
1656 2330 1830 2365 eiusmodi
1853 2329 1994 2375 aliquc‘d
2014 2330 2157 2381 facere,
2189 2330 2325 2376 quippe
2347 2330 2405 2366 cui

179 2375 321 2410 licuerit
344 2374 383 2409 id
404 2373 503 2420 quod
503 2375 665 2453 ‘factum
689 2377 768 2409 erat
791 2384 959 2419 rumpere
981 2379 1015 2409 et
1039 2373 1149 2409 aliam
1173 2374 1390 2410 voluntatem
1410 2376 1538 2420 facere
1553 2375 1793 2411 declarantem
1811 2374 1971 2410 ultimam
1987 2385 2065 2409 eius
2085 2375 2295 2411 sententiam
2312 2386 2406 2421 quae

179 2420 296 2456 valere
319 2419 455 2455 debeat.
543 2429 586 2454 oc
609 2419 702 2454 enim
725 2420 761 2454 ei
782 2430 892 2465 aqere
908 2419 1170 2465 permittimus,
1200 2420 1233 2454 si
1263 2419 1303 2454 id
1323 2420 1442 2466 ipsum
1465 2420 1598 2456 diserte
1621 2420 1875 2466 praesentibus
1897 2425 2031 2466 septem
2057 2419 2204 2455 testibus
2231 2419 2404 2466 desiqnet,

178 2476 217 2500 se
240 2464 414 2500 eiusmodi
438 2464 655 2500 voluntatem
680 2464 752 2499 iam
775 2464 918 2510 quidem
939 2465 1072 2509 fecisse
1095 2475 1160 2500 nec
1185 2468 1301 2500 tamen
1325 2465 1481 2512 amplius
1504 2465 1623 2502 valere
1646 2466 1744 2507 velle,
1769 2465 1834 2500 sed
1855 2465 1965 2500 aliam
1987 2465 2126 2511 facere.
2175 2465 2294 2510 Atque
2315 2465 2404 2501 llaec

179 2515 243 2545 aut
265 2511 304 2544 in
322 2509 493 2556 perfecto
519 2513 730 2545 testamento
760 2509 880 2555 saciat
911 2509 1011 2555 quod
1040 2520 1162 2545 omnes
1193 2514 1486 2545 testamentorum
1517 2515 1624 2546 notas
1647 2510 1788 2552 habeat,
1821 2514 1887 2546 aut
1910 2511 1947 2545 in
1971 2521 2045 2545 non
2074 2510 2211 2557 scripta
2234 2511 2406 2556 perfecta

180 2555 380 2597 voluntate,
413 2559 454 2590 ut
476 2555 615 2600 scripta
638 2559 702 2589 aut
725 2565 799 2589 non
822 2554 963 2601 scripta
987 2555 1172 2591 voluntate
1194 2555 1322 2590 relicta
1345 2555 1540 2600 defunctus
1562 2566 1638 2590 esse
1660 2556 1836 2598 videatur,
1863 2555 2052 2602 prioribus
2075 2565 2125 2591 ex
2146 2555 2307 2591 secunda
2329 2556 2405 2592 eius

180 2600 417 2646 dispositione
436 2610 507 2646 per
531 2603 776 2634 testamentum
801 2599 856 2634 vel
879 2599 1096 2635 voluntatem
1118 2600 1320 2646 perfectam
1346 2601 1460 2636 irritis
1478 2601 1600 2647 factis.

293 2645 356 2679 111.
405 2643 583 2687 Quoniam
606 2648 725 2678 autem
748 2644 880 2679 scimus
901 2644 1097 2680 nonnullos
1116 2645 1308 2680 divisiones
1328 2646 1457 2697 [acere
1487 2646 1582 2681 inter
1611 2645 1743 2681 liberos
1765 2656 1853 2680 suos
1877 2649 1913 2681 et
1935 2656 2066 2681 curare
2098 2649 2139 2681 ut
2168 2645 2226 2680 illi
2245 2643 2302 2680 liis
2323 2644 2405 2680 sub-

180 2690 352 2731 scribant,
374 2689 548 2725 eiusmodi
568 2699 639 2734 quo
666 2700 710 2723 ue
724 2689 890 2740 formam
914 2689 1144 2725 admittimus.
1193 2690 1287 2726 Nam
1306 2700 1338 2725 si
1358 2692 1440 2737 quis
1455 2702 1514 2727 res
1529 2701 1615 2726 suas
1631 2690 1769 2726 dividat
1793 2691 1956 2737 ipsisque
1977 2690 2100 2726 liberis
2119 2691 2245 2726 accitis
2263 2690 2310 2736 ef
2331 2690 2404 2726 ciat

181 2739 222 2769 ut
236 2734 471 2770 divisionibus
489 2735 578 2780 ipsis
592 2745 635 2768 su
658 2734 819 2769 scribant
838 2745 971 2780 easque
987 2739 1089 2770 ratas
1106 2734 1264 2771 habeant
1283 2740 1392 2780 atque
1408 2736 1496 2772 baec
1511 2735 1707 2771 secundum.
1725 2735 1820 2770 lmnc
1839 2735 1983 2770 modum
2004 2746 2043 2770 se
2061 2734 2192 2771 habere
2211 2746 2278 2771 con
2310 2740 2405 2770 tean-

232 2850 245 2882 1
265 2844 287 2890 ἢ
302 2849 373 2887 καὶ]
394 2848 529 2879 nai-om.
544 2847 697 2879 Procli-⁴1).
708 2846 740 2886 l.‚
754 2847 863 2890 Epan.
875 2858 893 2883 ς
910 2847 923 2890 11
938 2847 1151 2892 γραφόμενα
1171 2850 1261 2891 χειρὶ

183 2894 214 2927 L
233 2893 346 2925 Procli.
359 2903 378 2927 ς
394 2893 405 2933 11
425 2893 444 2924 5
463 2887 611 2934 χάρταις
625 2891 696 2924 ML
705 2891 828 2934 Eprio]
848 2890 961 2937 χάρτῃ
979 2893 1091 2925 Procli.
1105 2904 1123 2928 ς
1140 2892 1153 2935 11
1170 2894 1262 2944 62¹2-

182 2937 436 3025 sustin?
460 2933 1261 3023 {iissetusmitan&{titisse

183 3033 240 3061 tm·
263 3030 295 3069 ς]
320 2994 546 3060 διαταζτέτω
573 2994 687 3058 ssroch.
706 3026 815 3068 Epan.
841 3029 928 3068 quod
952 3039 1013 3059 non
1037 3034 1120 3060 recte
1140 3029 1263 3070 probat

184 3074 371 3108 Zachariae
400 3071 413 3115 11
438 3071 491 3113 τῷ
518 3071 683 3113 ΕΕ])απ.]
708 3069 750 3103 τὸ
777 3071 820 3103 A!
830 3071 946 3103 Proch.
962 3083 981 3107 ς
1009 3070 1022 3115 11
1049 3072 1068 3105 8
1094 3069 1263 3115 γλῶσσαν

186 3119 301 3152 Procli.
327 3121 340 3160 11
369 3117 461 3158 ἔχειν
485 3129 543 3148 om.
558 3115 589 3148 L
612 3115 624 3158 11
657 3117 698 3148 10
722 3115 862 3158 *μείνοι
888 3116 958 3148 Ml,
975 3116 1088 3149 Procli.
1115 3117 1223 3158 Epan.
1251 3115 1262 3160 11

183 3163 302 3205 τούτῳ
327 3162 380 3203 τῷ
405 3159 561 3204 σχήματι
586 3161 698 3192 Procli.
711 3163 858 3203 plerique
877 3161 888 3201 11
912 3162 950 3194 11
977 3160 1131 3205 παράξει
1148 3162 1262 3195 ΡνοσΙι.

182 3210 340 3253 plerique,
365 3207 473 3250 Epan.
488 3218 507 3242 ς
530 3207 542 3248 11
566 3217 682 3250 μαρτυ
708 3207 768 3237 ίαν
788 3205 904 3237 Proch.
919 3218 947 3237 v.
963 3207 982 3238 l.
1006 3205 1019 3248 11
1043 3203 1262 3247 βουληθέντι

185 3256 225 3294 (υ.
241 3256 260 3286 Ι.
278 3250 534 3296 βουληθέντος)
555 3251 670 3283 ΡνοσΙι.
685 3217 706 3293 ᾗ)
722 3251 761 3283 13
785 3247 978 3294 γινόμενον
1002 3251 1033 3283 L
1052 3254 1064 3293 11
1083 3252 1124 3284 14
1148 3248 1262 3283 τελευ·

184 3301 305 3340 ταίαν]
329 3297 509 3340 perfectam
532 3297 553 3330 ι’.
575 3307 600 3328 e.
625 3292 766 3328 τελείαν
791 3306 809 3330 ς
831 3294 843 3336 11
871 3296 911 3328 16
935 3294 1263 3337 ἐπισημαινόμενον

186 3345 237 3378 L⁰
255 3346 266 3384 11
284 3346 324 3378 17
350 3341 443 3376 ἑπτὰ
466 3341 512 3375 M
512 3353 531 3377 ς
549 3340 716 3381 (ΙαΙ.ΑιΙι.
733 3340 879 3380 Tlaeod.)]
912 3338 1005 3372 ἑπτὰ
1029 3337 1052 3382 ἢ
1071 3342 1131 3373 καὶ
1156 3342 1263 3373 πέντε

186 3390 217 3423 L
231 3390 348 3422 Proch.
365 3388 490 3431 Epan.;
513 3387 671 3430 ylossema
695 3386 728 3418 in
747 3385 905 3418 Prochiro
920 3384 1049 3418 Basilii
1064 3386 1206 3418 additum
1226 3398 1264 3418 ea:

186 3436 324 3468 eiusdem
349 3433 553 3477 imperatoris
577 3431 796 3464 constitutione
819 3431 852 3463 in
868 3429 988 3463 Leonis
1013 3431 1138 3463 novella
1155 3431 1195 3463 41
1219 3431 1262 3463 ci-

187 3487 256 3513 tata
287 3480 390 3523 repeti
415 3484 522 3522 potest
551 3477 668 3520 (ipsam
698 3476 819 3509 Leonis
855 3475 1011 3508 novellam
1037 3476 1164 3518 sontem
1197 3486 1263 3508 esse

187 3531 345 3558 statuerat
361 3524 512 3558 Cuiacius
529 3523 574 3554 ad
589 3521 669 3565 Diq.
684 3521 738 3562 28,
751 3528 775 3562 1,
786 3522 841 3561 21),
865 3522 981 3553 rectius
1001 3521 1262 3562 interpretamen-

188 3578 250 3603 tum
274 3571 320 3602 ad
347 3569 424 3602 Cod.
450 3569 481 3608 6,
499 3574 545 3606 23,
559 3574 589 3601 31
615 3568 740 3609 referas
765 3566 776 3607 11
798 3566 858 3598 καὶ
882 3577 940 3599 om.
958 3565 1089 3601 Proch.;
1116 3565 1175 3607 leq.
1195 3560 1263 3597 κᾶν

189 3626 226 3648 ex
250 3614 291 3650 6⁶?
311 3613 324 3657 11
345 3615 441 3653 τινα]
472 3611 540 3654 τὴν
564 3612 680 3645 Proch.
704 3611 814 3654 Epnn.
831 3610 843 3650 11
873 3611 912 3644 19
937 3605 1018 3642 ἀλλ’
1045 3609 1183 3653 ἑτέραν]
1207 3609 1263 3642 sed

190 3670 304 3692 rursus
320 3658 393 3691 vult
408 3657 508 3690 aliam
525 3669 543 3693 ς
565 3657 578 3700 11
602 3656 719 3689 ταῦτα
736 3653 771 3698 ἢ]
788 3654 904 3689 ταῦτα
917 3656 985 3698 μὲν
1003 3651 1154 3707 ἢυΡνοοΙι.
1177 3656 1262 3687 hanc

191 3707 222 3743 (ι’.
234 3718 259 3737 e.
273 3701 422 3745 ταύτην)
445 3704 503 3735 aut
527 3714 546 3738 ς
563 3701 575 3740 ΙΙ
599 3702 640 3735 20
657 3699 800 3743 ἐχούσης
818 3701 848 3734 L
866 3699 878 3744 11
903 3701 939 3733 21
953 3713 999 3743 sq.
1015 3710 1110 3733 ωστε
1124 3718 1165 3723 -
1180 3702 1260 3743 βου-

1328 2846 1427 2890 λήσει
1453 2862 1510 2881 om.
1526 2849 1585 2885 Le..-
1601 2849 1613 2891 11
1639 2849 1681 2881 22
1705 2845 1727 2890 ἢ
1751 2845 1903 2894 ἀγράφῳ
1926 2843 2095 2891 βουλήσει
2118 2848 2165 2882 M
2171 2848 2294 2891 Epam]
2321 2851 2405 2892 βου-

1330 2891 1429 2935 λήσει
1443 2890 1465 2935 ἢ
1479 2889 1627 2939 ἀγράφῳ
1639 2894 1757 2926 Proch.
1771 2898 1782 2936 11
1796 2895 1837 2927 24
1853 2889 2111 2926 διατυπώσεως
2124 2893 2240 2927 Procli.
2253 2893 2362 2936 Epan.
2373 2894 2404 2934 ς]

1329 2935 1590 2972 διατυπώσεων
1605 2938 1676 2971 ML
1693 2938 1704 2979 11
1724 2939 1766 2972 26
1784 2939 2010 2980 ποιουμένων
2024 2938 2071 2970 L¹
2088 2937 2101 2980 ΙΙ
2118 2938 2160 2971 28
2185 2935 2227 2971 τὸ
2249 2937 2404 2979 τοιοῦτο]

1328 2984 1392 3016 hoc
1415 2995 1435 3019 ς
1461 2982 1472 3027 11
1503 2982 1734 3026 προςιέμεθα]
1770 2985 1970 3024 suscepimus
1991 2993 2010 3018 ς
2038 2982 2051 3024 11
2082 2983 2124 3015 29
2149 2978 2322 3026 διανέμοι]
2353 2982 2403 3015 di-

1328 3027 1413 3060 vidit
1436 3039 1456 3064 ς
1477 3027 1490 3072 ΙΙ
1520 3029 1560 3061 31
1576 3041 1623 3070 sq.
1646 3024 1863 3072 ὁμολογῆσαι
1886 3029 1946 3059 καὶ
1968 3023 2180 3071 ἡγήσασθαι
2204 3027 2235 3060 L

1376 3118 1390 3150 1
1418 3116 1507 3149 dicta
1531 3126 1615 3158 quae
1643 3115 1691 3149 T¹
1708 3114 1721 3159 11
1744 3126 1764 3147 a
1784 3115 2016 3148 testationibus
2044 3115 2104 3158 ΤΙΙ
2130 3116 2150 3149 2
2174 3115 2326 3157 testibus]
2351 3127 2405 3149 co-

1327 3172 1396 3194 ram
1421 3161 1534 3194 omnia
1553 3161 1692 3193 testibus
1716 3161 1793 3193 add.
1807 3160 1859 3192 Εὖ
1877 3159 1890 3203 11
1905 3163 2162 3202 consequentem
2183 3161 2232 3193 R·
2244 3161 2290 3194 V·
2308 3161 2321 3204 11
2338 3161 2405 3195 dis-

1329 3206 1527 3250 positionem
1549 3206 1599 3238 V⁰
1628 3204 1640 3248 11
1667 3207 1687 3238 3
1713 3204 1842 3245 volunt]
1875 3204 2056 3238 uoluerunt
2082 3206 2114 3238 T
2145 3205 2292 3238 uoluerit
2315 3206 2363 3239 3¹
2393 3205 2398 3251 1

1329 3261 1460 3284 manere
1483 3250 1538 3293 Vll
1557 3252 1574 3283 4
1589 3250 1639 3282 sin
1656 3250 1703 3282 R¹
1720 3249 1734 3292 11
1750 3249 1876 3282 nichilo
1892 3249 1923 3282 R
1947 3250 2185 3283 nichilominus
2206 3251 2239 3283 V
2250 3250 2262 3294 11
2279 3261 2317 3284 ca
2331 3251 2380 3284 R·
2394 3254 2398 3294 1

1330 3298 1350 3329 6
1366 3295 1540 3328 inmitetur
1559 3293 1607 3328 Tb
1626 3295 1639 3338 11
1655 3297 1673 3328 7
1691 3293 1810 3327 habeat
1825 3295 1854 3327 R
1870 3293 1882 3338 11
1901 3295 1992 3327 omni
2014 3296 2141 3328 uirtute
2161 3295 2210 3329 Τ2
2227 3294 2233 3339 1
2254 3296 2406 3339 praebita

1332 3341 1364 3374 T
1372 3340 1413 3418 ’ᾸΙ
1433 3342 1528 3382 lisq.
1548 3339 1755 3372 uoluntatem
1774 3339 1871 3371 talem
1896 3340 1927 3373 Τ
1940 3340 1951 3383 ΙΙ
1974 3342 2013 3374 12
2036 3344 2095 3372 aut
2117 3340 2223 3383 aliqui
2246 3342 2257 3382 ]
2282 3343 2321 3374 ut
2342 3340 2403 3374 ali-

1329 3385 1387 3427 qui
1431 3384 1479 3417 R·
1505 3384 1517 3427 11
1545 3386 1584 3418 13
1607 3395 1725 3428 rupere
1752 3384 1801 3417 Τι
1824 3383 1837 3426 11
1862 3384 1930 3417 alia
1956 3386 2002 3418 T¹
2025 3385 2037 3430 11
2067 3387 2108 3419 14
2132 3386 2202 3418 eius
2225 3386 2404 3428 perfectam

1337 3430 1392 3472 Vll
1416 3430 1453 3463 18
1467 3431 1589 3471 tamen]
1606 3431 1652 3462 tfn
1669 3430 1705 3470 V,
1720 3429 1837 3462 om.R¹
1856 3429 1868 3473 11
1884 3440 1952 3462 eam
1968 3430 2080 3463 ualere
2094 3431 2215 3474 Tvuly.
2263 3430 2404 3464 ulterius

1329 3474 1413 3515 vult]
1439 3474 1511 3507 vult
1536 3488 1593 3507 om.
1618 3474 1672 3519 Vss
1692 3476 1731 3509 19
1754 3475 1832 3506 haee
1850 3475 1943 3508 Beck
1962 3476 1974 3519 11
1998 3477 2039 3509 20
2059 3476 2207 3519 profecto
2275 3475 2288 3519 11
2307 3477 2345 3510 21
2367 3475 2404 3509 in

1329 3522 1408 3559 non]
1441 3520 1540 3552 immo
1563 3520 1611 3553 V¹
1639 3519 1651 3564 11
1682 3518 1864 3560 voluntate]
1900 3523 1937 3552 ut
1962 3521 2086 3563 scripta
2117 3520 2168 3554 vel
2191 3531 2258 3553 non
2281 3521 2405 3563 scripta

1329 3564 1499 3597 voluntate
1520 3567 1602 3598 addi
1617 3566 1683 3598 vult
1697 3564 1788 3598 Beck
1804 3566 1874 3603 (sed
1885 3567 1926 3608 ‘3st
1942 3568 1987 3598 ατί
2003 3567 2061 3600 Gr.
2074 3567 2111 3600 21
2125 3568 2187 3609 sq.)
2205 3564 2218 3608 11
2235 3566 2278 3599 24
2294 3565 2403 3610 (118Ρο-

1329 3610 1481 3642 sitionem
1505 3610 1559 3653 Vn
1578 3611 1620 3643 26
1641 3609 1769 3651 aliquas
1792 3610 1823 3642 T
1836 3610 1848 3652 11
1867 3610 1906 3643 27
1928 3611 1982 3643 hic
2001 3611 2033 3644 T
2046 3611 2058 3652 11
2082 3611 2125 3645 28
2150 3610 2238 3643 enim
2262 3623 2320 3644 om.
2345 3610 2378 3643 V

1329 3655 1456 3687 dividat
1468 3656 1552 3697 vulo.
1571 3655 1583 3698 11
1602 3656 1644 3688 29
1659 3664 1843 3687 conuoeans
1861 3655 1892 3687 T
1905 3654 1917 3699 11
1934 3657 1976 3689 30
1994 3656 2073 3697 ipsis
2092 3668 2149 3689 om.
2166 3656 2198 3689 T
2208 3654 2221 3699 11
2240 3654 2310 3687 eius
2325 3655 2359 3688 Τ
2366 3654 2375 3675 ¹

1294 3700 1297 3741 1
1329 3700 1476 3732 indicare
1499 3701 1554 3743 Vn
1575 3701 1614 3734 31
1640 3701 1730 3740 haec]
1756 3700 1817 3732 hoc
1844 3700 1876 3733 T
