2476 3854
92 74 201 116 Nov,
222 72 394 117 CLVIII
424 87 486 130 pr.
1167 70 1255 116 734
1664 88 1725 119 uer
1753 87 2055 122 mmmmm
2082 89 2156 122 ms
2183 66 2323 122 fimum

90 184 172 219 τοὺς
201 181 381 220 δεσπότας
411 183 494 219 τοὺς
523 183 652 231 γάμους
685 180 847 217 διαλύειν
874 181 941 226 ἤδη
971 183 1205 228 πραχθέντας
1235 179 1257 227 ἢ
1289 184 1371 219 τοὺς
1393 186 1602 231 γενομένους
1625 184 1758 221 παῖδας
1779 187 1858 222 τῶν
1876 190 2014 235 γονέων
2035 185 2215 234 ἀφέλκειν,
2238 184 2324 223 κάν-

90 230 225 264 τεῦθεν
255 227 342 264 ὅλον
373 228 415 264 τὸ
439 231 516 264 τῶν
539 228 670 263 τόπων
695 230 843 262 ἐκείνων
866 227 1185 272 ταλαιπωρεῖσθαι
1207 228 1415 286 γεωργικόν,
1439 228 1701 275 διαιρουμένων
1724 236 1764 266 ἐκ
1786 236 1868 276 βίας
1889 230 2034 276 ἀνδρῶν
2057 246 2097 268 τε
2119 236 2180 267 καὶ
2201 246 2323 280 γυναι-

89 276 177 318 κών,
211 272 451 320 ἀφελκομένης
483 272 522 308 δὲ
550 274 655 317 γονῆς
685 275 723 307 ἐκ
755 276 833 308 τῶν
864 273 1157 320 παραγαγόντων
1187 285 1234 309 εις
1257 286 1344 320 φως,
1376 278 1436 309 καὶ
1458 276 1572 319 μόνης
1594 275 1765 321 ἡμετέρας
1788 277 1880 311 εἶναι
1904 277 1946 312 τὸ
1970 278 2120 325 πρᾶγμα
2143 281 2324 323 προνοίας.

1103 363 1262 400 CAPUT
1285 365 1314 401 Ι.

226 434 449 473 Θεσπίζομεν
480 434 614 473 τοίνυν,
642 430 707 464 τοῦ
736 429 863 465 λοιποῦ
895 432 963 474 μὲν
996 430 1077 465 τοὺς
1106 430 1151 466 τὰ
1181 436 1295 489 χωρία
1322 434 1555 476 κεκτημένους
1584 430 1632 468 ὥς
1664 430 1711 467 ἂν
1736 432 1899 468 ἐθέλοιεν
1925 434 2222 480 παραφυλάττειν
2244 434 2325 471 τοὺς

87 475 277 524 γεωργούς,
301 473 451 521 ὅσοιπερ
477 472 594 510 αὐτοῖς
613 475 705 510 κατὰ
724 476 789 510 τὸν
812 474 927 520 νόμον
951 475 1195 521 προςήκουσιν,
1220 489 1269 512 ως
1290 476 1339 522 μὴ
1363 475 1496 524 γάμους
1519 477 1609 523 πρὸς
1631 478 1714 512 τούς
1729 479 1767 519 ἐξ
1782 480 1918 525 ἑτέρων
1935 477 2161 525 ὡρμημένους
2179 484 2324 526 χωρίων

89 521 322 566 συμβάλλειν·
359 519 442 555 τοὺς
472 519 512 555 δὲ
541 524 643 566 μέχρι
676 522 742 555 νῦν
773 523 982 565 γενομένους
1006 522 1138 567 γάμους
1169 522 1262 556 εἶναι
1293 526 1447 567 κυρίους,
1479 525 1539 556 καὶ
1568 521 1704 567 μηδένα
1735 522 1920 559 δύνασθαι
1952 522 2112 560 διασπᾶν
2144 525 2226 560 τοὺς
2263 523 2324 569 ’δη

89 568 344 613 συιάφθέντας
369 565 462 600 κατὰ
495 565 538 599 τὸ
566 567 723 610 κρατοῦν
754 566 931 611 πρότερον
954 567 1053 610 ἔθος,
1085 563 1107 610 ἢ
1132 571 1303 614 γεωργεῖν
1326 567 1394 611 τὴν
1417 566 1664 613 προςὴκουσαν
1687 565 1805 604 αύτοῖς
1827 565 2104 617 ἀναγκάζεσθαι
2126 571 2208 617 γῆν,
2232 539 2324 606 ἀλλὰ

87 611 178 656 μηδὲ
208 613 286 646 τῶν
315 614 455 657 γονέων
479 608 720 658 ἀφαιρεῖσθαι
751 611 832 646 τοὺς
863 609 994 646 παῖδας
1025 612 1204 658 προφάσει
1235 611 1341 655 τύχης
1370 614 1574 658 γεωργικῆς.
1623 610 1714 649 ἀλλὰ
1738 612 1807 649 κᾶν
1830 614 1866 648 εἴ
1884 628 1920 649 τι
1942 618 2110 650 τοιοῦτον
2134 613 2202 660 ἤδη
2222 615 2324 662 γενό-

87 670 198 701 μενον
229 660 364 699 ἔτυχεν,
397 657 671 701 ἐπανορθώσεις
701 669 740 690 τε
772 660 832 690 καὶ
863 657 970 691 τοῦτο
999 661 1059 691 καὶ
1088 655 1330 701 ἀποδοθῆναι
1354 655 1649 702 παρασκευάσας,
1677 659 1748 693 εἴτε
1772 657 1903 694 παῖδας
1926 656 2177 706 ἀφαιρεθῆναι
2196 663 2325 706 συμβέ-

88 707 199 746 βηκεν
230 702 302 736 εἴτε
331 705 391 735 καὶ
466 705 606 743 ναῖκας,
637 704 710 736 τοῖς
740 714 781 736 τε
811 703 978 748 γονεῑσιν
1008 705 1068 736 καὶ
1099 706 1172 737 τοῖς
1202 704 1407 737 συνοικοῦσι
1439 706 1574 748 φαμέν·
1607 705 1672 737 τοῦ
1706 705 1859 747 ποιῆσαί
1886 718 1923 739 τι
1954 707 2121 741 τοιοίτον
2145 705 2235 751 πρὸς
2257 704 2325 741 τὸν

89 749 215 781 ἔπειτα
245 746 378 790 χρόνον
409 715 635 791 ἔδρροῦντος
662 749 720 780 καὶ
752 750 834 791 περὶ
866 743 956 781 αὐτὸ
990 744 1261 782 κινδυνεύοντος
1283 749 1326 782 τὸ
1348 752 1493 794 χωρίον.
1541 745 1616 782 ἀλλ’
1642 744 1944 784 άπαλλάττεσθαι
1967 750 2014 784 τὰ
2039 754 2242 786 συνοικέσια
2260 752 2325 785 τοῦ

87 794 157 826 νῦν
188 792 446 835 ἐπιτιθεμένου
479 790 593 834 δέους,
624 794 684 826 καὶ
710 791 747 826 οἱ
775 794 888 839 γονεῖς
914 793 996 827 τοὺς
1021 791 1153 828 παῖδας
1181 795 1364 835 ἐχέτωσαν
1388 795 1425 826 ἐκ
1449 791 1578 837 ταύτης
1596 791 1616 832 ἱ·
1645 795 1699 828 ὧν
1721 795 1785 837 τῆς
1807 793 2016 838 κελεύσεως,
2046 793 2087 830 οὗ
2113 793 2326 839 δυναμένων

88 834 407 884 ἀκριβολογεῖσθαι
438 838 516 871 τῶν
546 836 593 871 τὰ
625 840 740 883 χωρία
772 840 1000 881 κεκτημένων
1029 841 1089 873 καὶ
1123 835 1291 884 ἀφέλκειν
1322 836 1345 881 ἢ
1377 836 1460 872 τοὺς
1490 808 1782 882 συναλλιάξαντας
1812 837 1834 882 ἢ
1856 838 1937 874 τοὺς
1959 837 2109 875 παῖδας·
2141 839 2161 874 ό
2185 841 2255 888 γὰρ
2279 839 2325 884 δὴ

87 882 231 918 τοιοῦτό
256 896 292 917 τι
316 883 468 926 ποιῆσαι
492 879 711 927 πειρώμενος
734 885 795 916 καὶ
818 885 901 928 περὶ
926 879 1015 917 αὐτὸ
1041 881 1262 918 κινδυνεύσει
1284 882 1326 918 τὸ
1342 887 1486 930 χωρίον,
1506 883 1536 926 ᾧ
1554 881 1673 926 δῆθεν
1686 884 1856 929 πειρᾶται
1872 884 1954 919 τοὺς
1969 884 2147 932 γεωργοὺς
2163 883 2323 920 ἐκδικεῖν.

222 926 342 973 (Ἐπί
349 926 515 973 λόγος.)
567 927 615 961 Τὰ
646 931 769 962 τοίνυν
801 928 1043 973 παραστάντα
1073 926 1159 973 ἡμῖν
1189 932 1249 963 καὶ
1277 925 1337 963 διὰ
1361 926 1467 963 τοῦδε
1489 929 1553 962 τοῦ
1577 929 1682 963 θείου
1706 930 1957 976 πραγματικοῦ
1982 927 2185 975 δηλούμενα
2206 930 2324 966 τύπου

87 971 109 1029 η
140 971 184 1016 σὴ
215 972 505 1020 μεγαλοπρέπεια
537 976 597 1006 καὶ
629 971 650 1016 ἡ
682 973 886 1017 πειθομένη
911 984 969 1008 σοι
999 971 1097 1015 τάξις
1127 976 1187 1008 καὶ
1216 972 1236 1008 ὁ
1269 973 1361 1009 κατὰ
1388 971 1515 1019 καιρὸν
1546 975 1608 1018 τῆς
1638 971 1748 1018 αὐτῆς
1778 971 1886 1020 ἀρχῆς
1908 971 2128 1022 ἡγησόμενος
2151 975 2198 1010 εἰς
2221 975 2327 1029 ἔργον

88 1019 250 1060 αχθῖςναι
281 1022 341 1052 καὶ
373 1017 709 1064 παραφυλαχθῆναι
737 1017 987 1064 προνοησάτω,
1019 1019 1127 1055 trium
1148 1019 1320 1054 librarum
1344 1019 1423 1054 auri
1454 1019 1580 1062 ποινῆς
1603 1020 1825 1063 ἐπικειμένης
1848 1020 1941 1055 κατὰ
1963 1020 2101 1056 παντὸς
2121 1022 2186 1056 τοῦ
2207 1033 2326 1056 ταυτα

87 1068 331 1109 παραβαίνειν
350 1064 622 1110 ἐπιχειροῦντος.
663 1063 747 1099 Dat.
765 1065 801 1098 k.
819 1063 903 1100 Mai.
920 1063 988 1100 ΟΡ.
1005 1064 1138 1109 (imp.)
1153 1064 1212 1100 dn.
1229 1064 1420 1100 Iustiniani
1436 1074 1495 1110 pp.
1514 1065 1605 1109 Aug.
1623 1074 1717 1100 anno
1733 1064 1830 1102 XVI.
1845 1075 1903 1111 pc.
1922 1066 2047 1103 Basilii
2068 1076 2123 1102 vc.
2172 1069 2221 1109 [a.
2238 1067 2326 1108 542]

1158 1202 1257 1246 f‘fffl—

2351 709 2391 741 10

2351 933 2392 967 15

87 1277 266 1331 ΠΕΡΙ
303 1277 447 1332 ΤΟΥ
491 1277 1150 1332 ΠΑΡΑΠΕΜΠΕΣΘΑΙ
1187 1277 1281 1331 ΤΟ
1319 1277 1466 1331 ΤΗΣ
1504 1277 1973 1333 ΔΙΑΣΚΕΨΕῼΣ
2010 1277 2325 1334 ΔῙΚΑΙΟΝ
2349 1293 2392 1328 20

859 1345 1001 1398 KAI
1043 1345 1178 1399 ΕΠΙ
1216 1345 1546 1399 ΑΝΗΒῼΝ.

807 1421 861 1470 (Ὁ
896 1421 1003 1459 αὐτὸς
1036 1423 1206 1469 βασιλεὺς
1228 1450 1506 1460 .........
1565 1423 1601 1469 .>

219 1491 519 1539 (Προοίμιον.)
567 1493 693 1535 Δέησις
723 1489 809 1536 ἡμῖν
839 1489 1061 1538 ἀνεγνώσθη
1088 1491 1220 1527 Θέκλας
1248 1492 1310 1536 τῆς
1340 1494 1400 1527 καὶ
1424 1493 1584 1536 Mavorte,
1611 1489 1833 1527 διδάσκουσα
1858 1490 1997 1528 Θέκλαν
2020 1490 2106 1528 τινὰ
2126 1490 2326 1528 καταλῦσαι

84 1537 151 1573 τὸν
178 1542 261 1583 βίον
294 1540 355 1573 ἐπὶ
381 1540 515 1584 Σεργία
547 1537 705 1584 θυγατρὶ
732 1538 802 1581 τὴν
831 1535 971 1582 ἅνηβον
1001 1535 1144 1581 ἡλικίαν
1168 1537 1326 1585 ἀγούσῃ,
1358 1535 1546 1572 §unanima
1569 1549 1611 1572 τε
1632 1536 1736 1582 μόλις
1756 1535 1885 1583 ἡμέρας
1907 1535 2133 1582 ἐπιζήσασαν
2150 1538 2195 1586 ’τῇ
2218 1541 2326 1584 μητρὶ

220 1630 306 1665 Νου.
325 1629 382 1664 CL
393 1629 486 1663 VIII
509 1629 635 1663 Graece
659 1636 779 1664 tantum
803 1636 892 1664 extat
914 1630 947 1663 in
964 1629 1036 1663 ML
1056 1629 1139 1673 (fuit
1162 1631 1195 1663 in
1214 1629 1250 1663 B
1267 1631 1322 1672 35,
1341 1637 1386 1671 18,
1404 1636 1416 1664 1
1432 1630 1604 1664 secundum
1625 1629 1805 1673 Tipueitum
1822 1636 1851 1663 et
1866 1629 1990 1663 indices
2011 1629 2109 1664 Coiel.
2124 1636 2155 1664 et
2168 1628 2327 1675 περίεισι).

86 1693 130 1702 -
147 1676 238 1718 Epit.
257 1675 379 1708 Theod.
398 1676 461 1709 158
483 1675 572 1716 (inde
595 1674 646 1708 B·
671 1675 707 1708 K
723 1676 777 1717 14,
795 1682 829 1709 53
849 1687 886 1718 p.
904 1676 969 1709 209
987 1675 1115 1718 Zaeh.),
1139 1675 1261 1709 Athan.
1279 1677 1312 1718 9,
1328 1682 1361 1710 13
1385 1675 1473 1717 (inde
1487 1675 1594 1709 Anon.
1612 1674 1744 1709 Bodlei.
1762 1675 1806 1710 28
1827 1687 1862 1719 p.
1881 1675 1947 1709 223
1964 1674 2102 1718 Zaeh.);
2121 1675 2327 1711 summarium

86 1721 212 1754 exhibet
234 1721 332 1754 schol.
358 1721 532 1763 Epitomae
557 1721 588 1759 3,
606 1726 637 1753 16
657 1732 694 1763 p.
711 1720 775 1754 301
802 1720 906 1754 Zaeh.

85 1808 281 1845 dissolvere
300 1809 374 1844 iam
395 1808 683 1844 contractas-vel
704 1809 835 1845 liberos
857 1808 941 1844 inde
964 1812 1073 1844 natos
1095 1818 1119 1844 a
1135 1807 1352 1855 parentibus
1375 1806 1596 1850 abstrahere,
1621 1812 1730 1854 atque
1754 1808 1838 1844 inde
1861 1819 1984 1845 omnes
1999 1807 2146 1844 illorum
2163 1807 2327 1844 locorum

85 1855 235 1890 colonos
262 1854 392 1890 misere
421 1854 563 1900 affliqi,
594 1853 678 1889 dum
707 1854 777 1889 viri
806 1857 842 1889 et
867 1853 1035 1889 mulieres
1052 1863 1127 1900 per
1156 1853 1226 1889 vim
1255 1855 1485 1899 separentur,
1510 1853 1642 1900 proles
1674 1855 1793 1888 autem
1826 1853 1871 1889 ab
1895 1854 1941 1889 iis
1960 1853 2024 1900 qui
2047 1863 2127 1889 eam
2149 1852 2189 1889 in
2212 1852 2327 1890 lucem

83 1899 345 1946 produxerunt
368 1898 637 1941 abstrahantur,
661 1902 696 1935 et
719 1909 793 1934 rem
817 1899 899 1934 sola
920 1903 1049 1934 nostra
1073 1897 1235 1944 indiqere
1251 1897 1498 1944 providentia.
1697 1917 1699 1919 ·

220 1944 249 1980 Ι.
297 1943 489 1980 Sancimus
520 1944 646 1990 iqhur,
674 1948 715 1980 ut
742 1945 779 1979 in
798 1948 987 1990 posterum
1011 1943 1153 1990 quidem
1171 1942 1414 1990 praediorum
1437 1941 1573 1978 domini
1595 1941 1757 1985 colonos,
1782 1941 1998 1989 quicumque
2019 1941 2070 1978 ad
2090 1953 2154 1980 eos
2175 1953 2227 1980 ex
2249 1943 2328 1990 leqe

79 1990 282 2038 pertinent,
312 1989 493 2036 quomodo
523 1988 705 2025 voluerint
735 1988 961 2032 custodiant,
991 1999 1036 2024 ne
1067 1999 1146 2024 cum
1177 1990 1224 2024 iis
1255 1989 1319 2034 qui
1348 1998 1398 2023 ex
1425 1987 1509 2023 aliis
1521 1987 1690 2034 praediis
1713 1988 1784 2023 orti
1806 1991 1893 2023 sunt
1915 1987 2064 2034 nuptias
2086 1987 2327 2031 contrahant;

84 2035 235 2082 nuptiae
258 2045 343 2071 vero
367 2033 487 2070 adhuc
510 2037 720 2070 contractae
739 2038 843 2070 ratae
865 2034 950 2077 sint,
974 2044 1044 2069 neu
1068 2034 1260 2080 quisquam
1277 2033 1400 2079 possit
1419 2043 1482 2069 eos
1506 2033 1569 2079 qui
1591 2032 1664 2068 iam
1680 2032 1864 2069 coniuncti
1877 2035 1962 2068 sunt
1979 2033 2175 2069 secundum
2191 2044 2327 2070 morem

87 2081 151 2127 qui
182 2083 291 2116 antea
322 2080 478 2115 obtinuit
508 2079 692 2123 divellere,
723 2083 789 2115 aut
819 2090 948 2126 coqere
979 2082 1019 2114 ut
1046 2082 1179 2114 terram
1212 2078 1262 2114 ad
1289 2079 1392 2124 ipsos
1407 2078 1649 2124 pertinentem
1673 2077 1806 2119 colant,
1829 2076 1895 2113 sed
1915 2087 1961 2113 ne
1984 2077 2116 2114 liberos
2136 2078 2279 2125 quidem
2302 2089 2327 2115 a

82 2125 299 2172 parentibus
329 2125 409 2161 abri
436 2135 497 2160 ere
526 2125 670 2160 nomine
699 2123 923 2160 condicionis
954 2123 1173 2160 colonariae.
1222 2123 1295 2159 Sed
1324 2123 1431 2159 etiam
1454 2123 1487 2158 si
1511 2122 1600 2175 quid
1619 2123 1724 2168 forte
1747 2121 1924 2158 eiusmodi
1945 2122 2018 2158 iam
2038 2123 2180 2169 factum
2203 2125 2268 2176 est,
2287 2122 2329 2160 td

85 2181 229 2217 quoque
252 2169 403 2206 emenda
428 2171 459 2206 is
483 2173 518 2205 et
547 2169 807 2205 restituendum
836 2169 994 2212 curabis,
1025 2170 1099 2205 sive
1127 2169 1259 2206 liberos
1282 2168 1403 2215 abripi
1427 2174 1524 2204 conti
1552 2167 1623 2204 erit
1641 2167 1715 2204 sive
1738 2168 1846 2204 etiam
1868 2167 2046 2212 mulieres,
2069 2179 2094 2204 a
2113 2168 2328 2216 parentibus

85 2216 237 2251 dicimus
267 2220 303 2251 et
331 2215 565 2262 coniuqibus:
596 2218 637 2250 ut
666 2215 730 2261 qui
758 2215 933 2252 eiusmodi
956 2215 1166 2262 posteriore
1198 2219 1359 2260 tempore
1389 2213 1479 2260 quid
1529 2223 1634 2249 acere
1665 2212 1811 2257 audeat,
1843 2213 1950 2249 etiam
1981 2212 2027 2250 de
2055 2213 2070 2249 i
2095 2224 2136 2250 so
2166 2213 2326 2261 praedio

82 2261 321 2308 periclitetur.
371 2260 502 2297 Verum
534 2260 765 2296 matrimonia
795 2272 818 2295 a
848 2263 942 2296 metu
972 2270 1068 2296 nunc
1096 2260 1300 2295 imminente
1330 2259 1537 2302 liberentur,
1570 2258 1796 2305 habeantque
1820 2261 1997 2305 parentes
2031 2258 2059 2294 ti
2081 2268 2163 2295 eros
2184 2269 2236 2296 ex
2258 2257 2328 2295 hac

84 2312 214 2342 nostra
244 2306 416 2348 iussione,
446 2317 532 2342 neve
561 2306 706 2352 possint
728 2305 970 2352 praediorum
986 2315 1221 2351 possessores
1243 2315 1317 2340 rem
1340 2303 1519 2340 subtiliter
1540 2303 1771 2350 perscrutari
1790 2307 1827 2340 et
1848 2307 1913 2340 aut
1935 2304 2164 2340 matrimonio
2188 2303 2330 2341 iunctos

85 2355 149 2387 aut
179 2351 313 2388 liberos
344 2350 573 2387 abstrahere:
604 2351 668 2397 qui
698 2351 792 2387 enim
819 2349 910 2397 quid
936 2350 1113 2386 eiusmodi
1138 2350 1267 2396 facere
1293 2354 1456 2393 conetur,
1487 2348 1594 2385 etiam
1623 2348 1667 2385 de
1691 2349 1770 2396 ipso
1791 2347 1945 2395 praedio
1961 2348 2246 2395 periclitabitur,
2269 2348 2329 2385 cui

86 2397 223 2432 scilicet
246 2397 394 2432 colonos
418 2396 602 2432 vindicare
625 2400 790 2432 conatur.

222 2441 311 2489 Epi
324 2442 364 2477 lo
371 2452 466 2487 qus.
514 2440 616 2485 Quae
645 2441 760 2487 iqitur
785 2440 888 2478 nobis
907 2440 1133 2487 placuerunt
1161 2443 1196 2476 et
1224 2451 1293 2494 per
1323 2438 1418 2475 hanc
1448 2450 1590 2476 sacram
1620 2439 1886 2486 praqmaticam
1907 2438 2070 2484 formam
2093 2437 2330 2476 declarantur

87 2491 151 2523 tua
181 2487 452 2534 maqnificentia
479 2491 516 2523 et
547 2487 798 2533 obtemperans
827 2486 891 2523 tibi
918 2486 1083 2532 officium
1111 2488 1145 2522 et
1171 2496 1234 2532 qui
1292 2496 1335 2521 ro
1367 2489 1528 2533 tempore
1558 2483 1708 2521 eundem
1731 2483 1983 2532 maqistratum
2005 2487 2176 2530 qesturus
2203 2486 2257 2521 est
2279 2483 2331 2520 ad

86 2533 250 2578 effectum
281 2531 495 2568 adducenda
518 2535 554 2569 et
584 2531 808 2569 observanda
840 2535 958 2574 curet,
990 2541 1070 2567 cum
1102 2531 1208 2567 trium
1241 2530 1265 2567 li
1290 2541 1415 2566 rarum
1446 2529 1529 2566 auri
1558 2539 1679 2577 poena
1708 2529 1902 2576 unicuique
1932 2529 2116 2566 immineat
2144 2529 2210 2576 qui
2240 2527 2330 2566 haec

87 2578 225 2615 violare
250 2581 408 2624 temptet.

1129 2676 1186 2715 CL
1198 2675 1305 2714 VIII.

370 2744 456 2796 UT
496 2744 1013 2797 DELIBERANDI
1053 2744 1174 2796 JIJS
1216 2744 1451 2796 ETJAM
1495 2744 1593 2797 AD
1640 2741 2061 2798 IMPUBERE'S

911 2812 1509 2939 Tittifflfflffff·
1892 2863 1894 2865 ·

221 2957 493 3003 Praefatio.
539 2957 672 2994 Preces
702 2958 805 2994 nobis
834 2959 1008 2997 recitatae
1038 2963 1123 2996 sunt
1155 2959 1325 3002 Theclae,
1357 2970 1452 3006 quae
1484 2960 1592 2996 etiam
1623 2958 1737 2996 Mano
1765 2956 1986 3005 appellatur,
2016 2967 2111 3003 quae
2137 2955 2329 2993 declarant

89 3002 256 3040 Theclam
277 3002 462 3049 quandam
486 3003 559 3038 vita
583 3002 792 3048 defunctam
816 3015 893 3040 esse
916 3005 1044 3041 relicta
1063 3005 1145 3050 filia
1164 3004 1296 3051 Serqia
1321 3005 1538 3051 impuberem
1562 3008 1718 3040 aetatem
1740 3005 1882 3048 aqente,
1908 3013 2060 3048 cumque
2089 3002 2153 3037 vix
2175 3000 2327 3037 sedecim

133 3096 153 3128 2
177 3094 219 3128 τὸ
244 3094 333 3135 τῶν]
355 3093 423 3127 τὸν
450 3095 477 3127 L
495 3093 507 3138 ΙΙ
525 3094 732 3146 γεωργικῶν
757 3094 815 3127 M⁰
831 3094 842 3137 ΙΙ
863 3091 1114 3139 διαιρούμενον
1134 3097 1174 3129 Μ
1243 3105 1295 3137 cp.
1321 3095 1375 3128 dn.
1397 3094 1478 3127 iust.
1503 3104 1559 3138 pp.
1585 3103 1661 3135 aug.
1686 3092 1813 3128 bilisar.
1837 3103 1888 3125 uo.
1914 3102 2022 3126 conss.
2048 3092 2099 3134 M,
2131 3092 2216 3125 unde
2240 3104 2326 3126 anno

86 3139 98 3185 ΙΙ
122 3142 141 3173 3
166 3137 431 3185 προσαγόντων
455 3140 487 3172 L
512 3139 525 3183 ss
551 3141 570 3173 5
596 3137 745 3184 ὅσοιπερ
763 3158 801 3163 -
816 3141 836 3173 6
860 3143 997 3183 κυρίους
1022 3154 1079 3174 om.
1106 3141 1137 3173 L
1160 3139 1172 3184 ΙΙ
1242 3141 1307 3174 535
1343 3141 1493 3173 tribuitur
1526 3139 1611 3182 valq.
1637 3139 1796 3178 (Bz'enero
1814 3150 1851 3181 p.
1871 3138 1936 3172 529
1968 3138 2133 3180 antiquior
2156 3138 2327 3171 videbatur

87 3188 105 3219 'l
128 3185 195 3227 τὴν
215 3186 421 3225 Haloander]
444 3182 494 3227 μὴ
518 3185 561 3226 L,
587 3197 645 3218 om.
672 3184 718 3217 M
729 3185 740 3226 ΙΙ
756 3183 825 3229 γῆν
849 3180 1125 3229 ἀναγκάζεσθαι
1140 3186 1170 3218 L
1242 3185 1375 3218 novellis
1403 3184 1544 3218 CLXII
1564 3191 1593 3217 et
1620 3182 1748 3224 CLVI,
1771 3183 1830 3216 sed
1853 3184 1895 3226 qs.
1921 3183 2050 3217 Cutacii
2068 3194 2193 3225 expos-3
2218 3194 2326 3216 verum

85 3230 97 3275 ΙΙ
115 3233 134 3264 8
160 3230 352 3272 γινόμενον
381 3231 427 3263 L⁰
452 3230 464 3274 ΙΙ
490 3232 510 3264 9
535 3227 803 3274 ἐπανορθῶσαί
823 3241 863 3261 τε
887 3231 918 3263 L
934 3231 946 3273 ΙΙ
976 3232 1016 3265 10
1041 3233 1101 3263 καὶ
1127 3231 1169 3272 L]
1241 3231 1384 3263 ordinem
1410 3231 1503 3262 trium
1529 3229 1782 3262 constitutionum
1805 3229 1947 3261 servavit
1969 3228 2046 3261 Ath.
2072 3228 2123 3267 18,
2141 3229 2234 3270 4-6)
2251 3226 2264 3271 ΙΙ
2282 3228 2325 3262 20

86 3273 110 3317 ἢ
135 3279 193 3308 καὶ
224 3276 268 3317 Μ,
293 3276 380 3318 quod
402 3276 532 3309 servari
551 3282 656 3318 potest
677 3286 716 3308 τε
742 3276 774 3307 in
797 3286 838 3319 γε
857 3282 976 3308 mutato
1005 3275 1017 3318 ΙΙ
1046 3277 1094 3316 τι]
1113 3288 1170 3309 τοι
1239 3276 1326 3307 rubr.
1356 3270 1451 3306 Πότε
1475 3269 1495 3306 ὁ
1521 3271 1570 3316 μὴ
1595 3269 1785 3306 ἀδιτεύσας
1801 3270 2019 3317 κληρονόμος
2042 3270 2085 3307 τὸ
2104 3269 2245 3306 δίκαιον
2264 3272 2326 3315 τῆς

86 3322 165 3364 Lau
184 3320 423 3364 θαρρούντως
436 3321 466 3354 L
482 3321 494 3364 11
516 3323 553 3355 11
573 3317 868 3354 ἀπαλλαττέσθω
886 3332 954 3352 cum
973 3321 1169 3353 Haloandro
1239 3314 1419 3352 άδιτίονος
1452 3314 1606 3351 δύναται
1637 3320 1709 3351 τοῖς
1730 3315 1833 3351 ἰδίοις
1856 3319 2114 3363 παραπέμπειν
2145 3314 2324 3359 διαδόχοις

86 3367 171 3409 vnly.
200 3367 211 3408 ΙΙ
242 3365 306 3398 τοῦ
331 3366 399 3399 νῦν
426 3367 467 3407 L]
495 3368 618 3399 τοίνυν
642 3366 690 3399 Μ
707 3365 719 3409 ΙΙ
746 3366 786 3398 14
811 3361 1007 3397 κινδυνεύει
1032 3365 1062 3398 L
1088 3365 1100 3407 ΙΙ
1129 3367 1167 3398 17
1237 3365 1313 3397 Ath.
1331 3365 1426 3406 (περὶ
1442 3360 1680 3409 κληρονόμων
1697 3359 1920 3407 διασκέψεως
1934 3364 1996 3404 Βδ)
2013 3363 2026 3407 [Ι
2045 3359 2324 3406 διαπέμπεσθαι

86 3410 192 3445 trium
225 3410 393 3445 librarum
428 3411 506 3445 auri
538 3408 616 3453 ἦτοι
646 3410 760 3455 τριῶν
791 3407 927 3453 λιτρῶν
957 3412 1101 3453 χρυσίου
1129 3410 1175 3443 M
1238 3410 1273 3442 Β
1298 3409 1364 3441 ind.
1396 3408 1491 3442 Goist.
1522 3408 1535 3451 ΙΙ
1564 3410 1604 3442 21
1631 3410 1691 3441 καὶ
1715 3408 1776 3442 ἐπὶ
1800 3410 1897 3454 (περὶ
1923 3409 2046 3442 Theod.
2064 3421 2093 3440 υ.
2113 3409 2147 3449 Ι.)
2171 3404 2321 3450 α’νὴβων

86 3456 201 3500 τριῶν
224 3454 360 3499 λιτρῶν
383 3459 526 3497 χουσιόυ
551 3458 581 3490 L
610 3456 622 3500 ΙΙ
648 3458 689 3490 18
713 3457 833 3489 subscr.
859 3451 994 3499 ἐγράφη
1019 3451 1166 3489 καλανδ.
1236 3450 1382 3487 παίδων
1401 3453 1534 3494 ΤΙιεοιΙ.,
1552 3455 1617 3487 ind.
1639 3453 1734 3487 Coisl.
1753 3453 1765 3496 ΙΙ
1784 3455 1826 3487 22
1853 3455 1948 3488 inser.
1967 3452 2005 3486 Ὁ
2029 3450 2136 3486 αὐτὸς
2155 3448 2322 3495 βασιλεύς

87 3500 223 3534 Μαΐων
247 3501 289 3537 ις’
316 3489 500 3544 βασιλείας
521 3498 778 3535 Ἰουστινιανοῦ
797 3498 841 3534 τὸ
868 3503 966 3541 (corr.
982 3496 1168 3542 βασιλείας
1235 3499 1323 3538 Atta„
1352 3511 1410 3531 om.
1436 3499 1508 3531 ML
1539 3498 1551 3541 ss
1579 3500 1622 3533 23
1657 3494 1875 3543 ἀνεγνώσθη
1900 3500 1945 3532 Μ
1963 3499 2037 3532 Aa».
2066 3498 2099 3531 T
2095 3499 2202 3537 hemi-l
2235 3492 2321 3539 ἄνη·

84 3542 337 3580 ’[ουστινιανοῦ
364 3545 407 3579 τὸ
433 3546 491 3584 ις’)
522 3546 615 3590 μετὰ
646 3546 713 3588 τὴν
737 3542 916 3580 ὑπατείαν
939 3545 1031 3586 (add.
1057 3547 1166 3577 Βασι-
1234 3542 1349 3585 νέχθη
1368 3544 1400 3577 L
1416 3543 1427 3585 ΙΙ
1446 3541 1580 3577 θέκλας
1597 3544 1654 3584 Μ]
1677 3541 1808 3585 θέκλης
1826 3544 1857 3577 L
1874 3545 1948 3577 Ath.
1965 3543 1978 3587 Ι]
1994 3542 2132 3587 μανοῦς
2147 3542 2206 3582 M]
2229 3553 2322 3584 μαν-

87 3589 192 3633 λείου)
208 3592 280 3624 Am.
308 3590 526 3635 ἐξεφωνὴθη
549 3594 636 3635 μηνὶ
658 3590 756 3634 μαΐῳ
780 3591 853 3624 ἔτει
876 3589 898 3632 ή
921 3587 976 3631 (ις’
998 3603 1081 3623 corr.
1098 3589 1167 3622 Za·
1233 3588 1314 3621 νοῦς
1340 3589 1371 3621 L
1402 3587 1560 3630 μάννους
1588 3587 1718 3632 (μάνου
1742 3589 1849 3623 Anon.
1875 3589 1993 3632 Bodl.)
2021 3588 2096 3622 Ath.
2120 3586 2133 3632 ΙΙ
2161 3588 2204 3621 24
2224 3585 2307 3620 ἇκκέ

88 3638 232 3678 chartae)
262 3635 446 3679 βασιλείας
475 3633 729 3670 ’Ῑουστινιανοῦ
765 3637 885 3670 Theod.
925 3635 991 3668 dat.
1025 3636 1057 3669 k.
1089 3634 1164 3667 mai.
1199 3643 1203 3660 ι
1234 3630 1319 3667 δεκά
1342 3645 1382 3667 τε
1402 3634 1444 3666 Μ
