2476 3854
192 105 300 150 Nov.
322 106 437 151 CXV
467 110 491 150 3

190 217 325 252 τεῦθεν
356 218 403 252 εἰς
432 218 499 261 τὴν
523 217 711 259 ἐκκλησίαν
735 215 923 262 περιέλθοι
955 218 1003 251 εἰς
1027 216 1266 262 αἰχμαλώτων

190 259 389 306 ἀνάρρυσιν
413 265 621 306 προχωρεῖν.
669 259 760 295 ἀλλὰ
782 263 898 296 ταῦτα
920 263 988 306 μὲν
1008 259 1096 296 ὅσον
1120 264 1180 298 ἐπὶ
1195 266 1267 297 τοῖς

190 308 391 351 προεώποις
414 307 562 351 εἴρηται,
586 303 679 351 ἅπερ
703 304 777 341 ἀπὸ
802 305 1037 350 κληρονόμων
1064 310 1180 342 ποιεῖν
1203 306 1267 342 οὐκ

191 353 344 393 ἔξεστιν,
366 352 397 384 εἰ
411 351 460 394 μὴ
478 351 542 384 τὰς
561 353 623 394 τῆς
640 349 848 396 ἀχαριστίας
870 352 984 385 αἰτίας
999 354 1188 407 γραφῆναι
1208 356 1267 387 καὶ

189 393 456 438 ἀποδειχθῆναι
487 400 661 439 συμβαίη·
702 395 888 450 πρόφασιν
920 395 959 430 δὲ
989 401 1074 440 ημῖν
1105 397 1194 443 πρὸς
1225 398 1266 431 τὸ

190 442 333 487 γενικόν
357 441 586 483 ποιήσασθαι
617 440 729 484 νόμον
760 455 781 484 η
813 442 976 485 παροῦσα
1004 439 1182 478 ὑπόθεσις
1211 440 1266 476 δέ-

191 485 293 519 δωκε.
342 488 401 518 καὶ
431 483 491 519 διὰ
522 487 630 520 τοῦτο
660 487 808 532 γενικῶς
836 485 1034 529 κελεύομεν,
1058 484 1146 521 ὥςτε
1167 487 1266 533 εἴπερ

191 533 320 564 ἐκεῖνος
343 527 362 563 ὁ
389 532 428 563 ἐν
452 529 676 573 αἰχμαλωσίᾳ
699 530 852 577 ληφθεὶς
876 530 1006 566 παῖδας
1027 532 1078 576 μὴ
1094 535 1186 587 ἑχοιζ
1207 536 1266 566 καὶ

189 577 267 609 τῶν
292 573 414 609 ἄλλων
437 577 515 609 τῶν
539 576 585 609 εἰς
608 576 676 618 τήν
699 575 828 609 τούτου
853 574 1091 621 κληρονομίαν
1110 577 1149 618 ἐξ
1163 574 1266 610 αδια-

190 621 302 654 θέτου
332 618 561 662 καλουμένων
587 617 871 665 ἄναρρύσασθαι
904 620 1017 656 αὐτὸν

191 663 334 719 {datram
353 666 393 698 ἐν
408 666 452 710 τῇ
471 664 695 709 αἰχμαλωσίᾳ
718 664 954 708 τελευτήσειε,
978 679 1026 710 μη
1051 670 1114 701 ἐνα
1134 669 1173 701 ἐκ
1190 669 1266 701 τῶν

190 707 452 752 αμελησάντων
483 711 530 743 εἰς
561 709 630 753 τὴν
660 709 789 744 τούτου
813 709 1053 756 κληρονομίαν
1082 713 1265 756 ἔρχεσθαι,

190 755 221 788 εἰ
236 758 295 788 καὶ
312 753 383 799 πρὸ
400 756 462 797 τῆς
478 754 724 798 αἰχμαλωσίας
743 753 903 798 διαθήκη
921 755 1031 799 τυχὸν
1047 755 1137 803 παρ’
1154 754 1264 799 αὐτοῦ

190 800 365 845 ἐγεγόνει,
401 801 441 832 ἐν
471 799 492 843 ἡ
522 800 568 834 τὰ
596 801 896 844 μνημονευθέντα
927 801 1102 848 πρόςωπα
1132 802 1266 849 ἔγραψε

1262 103 1345 151 540

1765 119 1827 151 UT
1855 119 1949 151 CUM
1978 119 2037 150 DE
2066 118 2403 153 APPELLATIONE

1335 217 1380 251 ad
1396 217 1580 252 ecclesiam
1600 218 1808 263 pervenerit,
1833 217 2052 263 captivorum
2075 218 2307 264 redemptioni
2346 229 2403 255 ro-

1334 262 1444 296 ficiat.
1491 262 1561 298 Sed
1583 262 1672 298 haec
1695 263 1834 308 quidem
1859 267 2029 307 quantum
2052 263 2098 299 ad
2113 273 2283 308 personas
2344 267 2404 299 cta

1335 311 1435 348 sunt,
1467 317 1555 352 quas
1587 307 1801 343 exheredare
1830 318 1902 343 non
1932 308 2015 343 licet
2046 308 2114 343 nisi
2143 308 2403 352 ingratitudinis

1336 361 1463 386 causas
1494 352 1601 387 scribi
1639 357 1674 387 et
1706 351 1898 397 approbari
1933 352 2135 397 contigerit:
2183 353 2403 389 occasionem

1302 399 1321 430 5
1335 399 1454 431 autem
1483 399 1528 439 [a]
1559 397 1661 433 nobis
1684 398 1730 432 ad
1752 397 1949 442 generalem
1979 398 2091 443 legem
2114 397 2404 477 promulgandam

1335 451 1504 486 praesens
1527 452 1636 477 causa
1658 443 1819 478 noscitur
1839 442 2020 478 obtulisse.
2068 443 2112 478 Se
2160 442 2405 478 universaliter

1333 487 1507 528 iubemus,
1539 490 1580 522 ut
1603 487 1634 522 si
1654 487 1715 523 ille
1738 487 1798 532 qui
1821 487 1858 522 in
1882 487 2086 532 captivitate
2109 487 2274 523 detentus
2296 486 2405 522 fuerit

1334 531 1464 566 liberos
1494 542 1566 567 non
1596 531 1778 577 habuerit,
1809 535 1846 568 et
1869 533 1947 567 aliis
1972 532 2032 577 qui
2060 531 2107 568 ad
2130 532 2206 568 eius
2229 531 2404 568 heredita-

1334 581 1404 611 tem
1428 576 1545 611 vocati
1568 581 1652 612 sunt
1683 587 1763 612 eum
1793 577 1963 613 redimere
1994 587 2066 612 non
2095 577 2344 613 festinantibus
2366 576 2405 612 in

1067 622 1088 666 ὴ
1109 621 1263 657 σπουδα-
1282 623 1321 654 10
1336 621 1541 666 captivitate
1565 621 1754 657 defunctus
1777 622 1902 665 fuerit,
1934 622 2052 658 nullus
2081 632 2125 658 ex
2148 621 2205 658 his
2236 622 2298 667 qui
2318 631 2404 666 neg-

1334 667 1497 701 lexerunt
1525 666 1572 701 ad
1601 666 1831 702 hereditatem
1866 667 1942 702 eius
1971 667 2168 712 perveniat,
2202 667 2287 702 licet
2320 671 2404 702 ante

1334 711 1574 756 captivitatem
1595 714 1845 747 testamentum
1867 712 2016 748 forsitan
2038 713 2084 748 ab
2107 722 2148 747 eo
2167 711 2296 747 fuisset
2319 721 2403 747 con-

1334 757 1524 802 scriptum,
1555 756 1592 791 in
1615 767 1686 801 quo
1709 761 1920 792 memoratas
1942 767 2113 802 personas
2137 757 2280 802 scripsit
2301 756 2403 793 here-

1334 801 1408 838 des.
1447 801 1517 836 Sed
1542 801 1600 837 hic
1629 811 1769 847 quoque
1791 801 2012 838 institutione
2039 802 2207 838 heredum
2228 800 2405 837 infirmata

190 843 436 897 κληρονᾴμους.
471 835 573 879 ’ἀλλὰ
596 848 656 878 καὶ
680 845 847 879 ἐνταῦθα
875 847 939 889 τῆς
962 846 1162 881 ἐπιστάσεως
1189 849 1267 881 τῶν
1282 848 1321 879 15
1335 849 1371 882 et
1393 847 1520 882 ceteris
1543 847 1746 882 testamenti
1770 856 1813 882 ca
1838 846 1936 882 itulis
1965 847 2003 882 in
2026 857 2090 882 suo
2114 847 2249 900 robore·
2265 856 2403 900 perma-

190 888 424 934 κληρονομων
448 887 685 935 ἀκυρουμένης
708 893 767 923 καὶ
789 891 866 925 τῶν
889 889 1029 926 λοιπῶν
1051 893 1111 935 τῆς
1134 890 1266 935 διαθή-

190 946 250 977 κης
281 933 488 980 κεφαλαίων
519 936 559 968 ἐν
588 937 633 981 τῇ
664 933 737 977 ἰδίᾳ
759 935 951 979 μενόντων
982 936 1076 979 ἰσχύι
1108 935 1149 970 αἱ
1169 949 1266 982 περι-

189 983 307 1012 ουσίαι
341 982 418 1013 τῶν
452 979 630 1014 τοιούτων
666 980 869 1025 προςώπων
907 982 999 1015 κατὰ
1020 981 1107 1024 ,τὸν
1139 978 1267 1026 ὅμοιον

189 1022 329 1069 τρόπον
352 1028 430 1058 ταῖς
453 1023 651 1067 ἐκκλησίαις
674 1026 752 1059 τῶν
775 1024 921 1060 πόλεων
945 1027 983 1067 ἐξ
1005 1025 1059 1060 ὠν
1079 1023 1266 1072 ὥρμηνται

1335 892 1500 927 uentibus
1529 892 1750 927 substantiae
1773 894 1810 926 ta
1824 892 1895 926 ium
1919 901 2149 936 personarum
2172 891 2277 927 sim111
2298 891 2403 928 modo

1335 937 1494 972 ecclesiis
1525 936 1704 971 civitatum
1738 946 1781 972 ex
1805 937 1934 981 quibus
1965 937 2034 972 orti
2056 939 2142 972 sunt
2169 935 2403 981 applicentur,

1334 986 1370 1017 et
1389 982 1496 1016 nullis
1518 981 1598 1017 aliis
1622 981 1739 1017 causis
1764 992 1869 1026 quam
1890 982 1928 1016 in
1951 991 1993 1017 ca
2018 981 2170 1017 tivorum
2191 980 2405 1026 redemptio·

1335 1027 1440 1062 nibus
1475 1026 1738 1071 expendantur:
1777 1031 1817 1061 ut
1846 1026 1940 1061 unde
1974 1026 2026 1062 ili
2055 1036 2078 1062 a
2108 1027 2181 1062 suis
2214 1036 2287 1062 non
2321 1029 2406 1061 sunt

189 1069 560 1114 προςκυρούσθωσαν,
589 1073 648 1103 καὶ
671 1069 720 1114 μὴ
745 1071 785 1105 ἐν
807 1069 929 1106 ἄλλαις
958 1070 1113 1106 οἱαιςουν
1136 1073 1267 1106 αἰτίαις
1281 1070 1322 1103 20
1334 1072 1506 1116 redempti
1535 1071 1685 1106 aliorum
1709 1071 1905 1117 redemptio
1929 1074 2150 1117 procuretur,
2181 1072 2219 1106 et
2244 1070 2406 1116 ipsorum

190 1111 271 1147 ἀλλ’
299 1116 338 1148 ἐν
367 1118 445 1148 ταῖς
474 1116 552 1148 τῶν
584 1114 824 1159 αἰχμαλώτων
855 1113 1072 1161 ἀναρρύσεσι
1103 1114 1266 1152 δαπανά-

190 1160 363 1193 σθωσαν·
401 1156 490 1193 ὦςτε
513 1155 608 1194 ὅθεν
631 1162 759 1194 ἐκεῖνοι
782 1157 854 1195 ὑπὸ
879 1163 957 1195 τιῦν
981 1159 1086 1195 ἰδίων
1117 1159 1180 1195 οὐκ
1203 1158 1266 1199 ἀν-

189 1204 432 1249 ερρύσθησαν,
455 1204 520 1238 τὰς
534 1203 658 1239 ἄλλων
673 1202 886 1251 ἀναρρύσεις
908 1206 1183 1262 φροντίζεσθαι,
1207 1209 1267 1240 καὶ

188 1249 252 1282 τὰς
284 1251 434 1283 ἐκείνων
465 1246 598 1293 ὁμοίως
629 1250 740 1295 ψυχὰς
775 1252 814 1284 ἐκ
848 1262 980 1306 ταυτης
1008 1253 1071 1295 τῆς
1100 1250 1267 1296 εὐσεβοῦς

1335 1127 1474 1162 quoque
1503 1116 1642 1152 animae
1671 1126 1717 1151 ex
1744 1117 1813 1152 hac
1842 1126 1953 1152 causa
2008 1115 2142 1152 iissima
2164 1115 2403 1152 subleventur.

1334 1162 1414 1197 Hoc
1435 1162 1560 1198 eodem
1583 1161 1802 1197 observando
1834 1163 1871 1196 et
1900 1161 1932 1196 si
2010 1171 2068 1196 am
2096 1165 2301 1196 extraneam
2322 1171 2403 1207 per-

1335 1217 1459 1243 sonam
1492 1212 1576 1242 ante
1607 1206 1846 1252 captivitatem
1878 1206 2060 1258 scripserit
2085 1205 2250 1241 heredem
2280 1209 2317 1241 et
2343 1204 2406 1242 illa

1335 1252 1452 1288 sciens
1483 1262 1521 1287 se
1552 1252 1597 1287 ab
1629 1262 1670 1287 eo
1695 1251 1859 1287 heredem
1888 1255 2058 1296 scriptam
2088 1261 2168 1286 eum
2191 1250 2361 1286 redimere
2382 1259 2406 1286 a

189 1292 353 1338 πράξεως
381 1295 689 1340 ἐπικουφίζεσθαι.
738 1292 848 1329 αὐτοῦ
878 1309 1006 1330 τουτου
1036 1295 1266 1351 παραῖυλατ-
1280 1297 1322 1329 25
1337 1297 1541 1343 captivitate
1569 1296 1774 1341 neglexerit.
1823 1297 1925 1331 Hanc
1948 1301 2067 1332 autem
2100 1305 2252 1341 poenam
2280 1298 2406 1331 contra

188 1342 338 1383 τομένου
363 1337 431 1373 κᾶν
455 1340 486 1373 εἰ
509 1338 596 1374 ἄλλο
613 1340 789 1380 ἐξωτικόν
804 1340 999 1386 πρόςωπον
1019 1355 1089 1388 προ
1115 1353 1178 1384 της
1194 1342 1267 1383 αἰχ-

187 1383 373 1440 μαλωσίας
402 1383 530 1439 γράψῃ,
561 1384 784 1431 κληρονόμον
812 1383 972 1420 κάκεῖνος
1002 1385 1104 1421 εἰδώς
1134 1386 1267 1421 ἑαυτὸν

188 1442 241 1463 υπ
273 1432 408 1482 ἐκείνου
422 1430 632 1476 γεγραφθαι
648 1429 871 1485 κληρονόμον
886 1429 1169 1477 ἀναρρύσασθαι
1184 1433 1266 1465 τοῦ·

1334 1343 1414 1378 illos
1437 1343 1555 1378 valere
1577 1342 1740 1377 iubemus
1763 1341 1826 1386 qui
1848 1346 2012 1377 octavum
2029 1346 2065 1377 et
2080 1341 2255 1376 decimum
2276 1339 2405 1376 aetatis

1335 1397 1421 1423 suae
1445 1398 1577 1422 annum
1600 1387 1860 1431 compleverint.
1893 1387 1934 1422 In
1954 1386 2154 1422 huiusmodi
2175 1395 2257 1422 vero
2274 1385 2404 1427 causis,

1334 1432 1473 1478 quando
1515 1443 1581 1477 pro
1625 1432 1843 1477 captivorum
1884 1431 2125 1477 redemptione
2166 1429 2405 1467 necessarium

187 1488 253 1508 τον
284 1477 326 1527 fx
363 1486 426 1529 wi}
454 1474 696 1517 αἰχμαλωσίας
731 1474 915 1519 αμελὴσαι.
962 1477 1100 1520 ταύτην
1130 1475 1170 1511 δὲ
1199 1476 1267 1519 τὴν
1333 1478 1443 1513 fuerit
1463 1477 1542 1513 dari
1565 1477 1752 1522 pecunias,
1782 1477 1812 1512 si
1837 1476 1916 1522 quis
1938 1476 2102 1522 proprIas
2130 1475 2301 1521 pecunias
2331 1485 2405 1528 nqn

188 1532 320 1562 ποινην
343 1532 412 1553 κατ
452 1521 601 1554 ἐκείνων
624 1523 769 1565 κρατεῖν
792 1520 1028 1566 θεσπίζομεν,
1051 1522 1180 1556 οἵτινες
1197 1521 1265 1555 τὸν
1279 1522 1321 1554 30
1333 1523 1514 1565 habuerit,
1550 1522 1693 1557 licentia
1715 1522 1783 1557 erit
1813 1521 1859 1565 ei,
1893 1522 1922 1557 si
1945 1524 2159 1557 memoratae
2189 1520 2236 1556 Sit
2264 1522 2404 1564 uetans,

188 1561 500 1599 ὀκτωκαιδέκατον
521 1566 583 1608 τῆς
597 1566 739 1599 ἑαυτῶν
762 1562 898 1608 ἡλικίας
911 1565 1126 1613 ἐπλήρωσαν
1150 1567 1265 1601 ἐνιαυ-

186 1609 264 1643 τόν.
313 1611 353 1643 έν
384 1607 424 1643 δὲ
453 1612 531 1644 ταῖς
560 1606 744 1644 τοιαύταις
775 1611 921 1654 αἰτίαις,
957 1608 1063 1654 ἡνίκα
1098 1609 1142 1655 δὴ
1173 1609 1264 1657 ὑπὲρ

188 1651 416 1700 ἆναρρύσεως
447 1654 686 1698 αἰχμαλώτων
707 1652 906 1702 ἀναγκαῖον
935 1657 987 1701 εἴη
1016 1655 1182 1702 χρήματα
1206 1654 1264 1690 δο-

186 1700 319 1742 θῆναι,
358 1699 395 1733 εἴ
417 1711 471 1734 τις
500 1698 576 1734 ἴδια
590 1700 654 1754 (μὴ,
685 1702 758 1743 &jaon
780 1700 961 1746 χρήματα,
993 1700 1120 1736 ἄδειαν
1142 1703 1263 1744 ἐχέτω,

1331 1567 1518 1605 mutuandi
1540 1567 1713 1613 pecunias
1736 1571 1772 1603 et
1790 1576 1850 1603 res
1869 1567 2016 1604 mobiles
2035 1567 2092 1603 vel
2106 1565 2300 1603 immobiles
2319 1575 2403 1610 sup-

186 1745 286 1790 εἴπερ
302 1746 364 1788 τῆς
379 1745 561 1800 εἰρημένης
580 1758 742 1800 υπαρχειὶ
754 1744 908 1800 ἡλικίας,
930 1745 1165 1789 δανείζεσθαι
1184 1744 1262 1791 χρή·
1276 1750 1319 1782 35

184 1803 284 1833 ματα
313 1793 374 1823 καὶ
402 1803 600 1837 πραγματα
622 1804 749 1834 κινητα
777 1804 800 1834 η
824 1795 977 1835 ακίνητα
999 1789 1264 1834 ὑποτίθεσθαι,

241 1894 271 1912 υ.
286 1882 328 1914 29
341 1893 389 1923 sq.
410 1888 626 1924 aryumentum
647 1889 760 1914 notant
780 1882 905 1916 libellus
925 1884 1007 1928 περὶ
1028 1879 1217 1927 διαφόρων
1236 1878 1539 1928 ἀναγνωσμάτων
1557 1885 1579 1928 ξ
1597 1885 1636 1918 10
1647 1896 1684 1927 p.
1700 1884 1764 1918 194
1779 1883 1905 1916 Heimb.
1918 1884 1970 1925 (ex
1982 1883 2071 1924 Ath.)
2095 1889 2124 1916 et
2145 1878 2239 1916 ‘Pom
2252 1882 2307 1923 36,
2320 1889 2347 1916 4.
2359 1899 2405 1907 -

186 1927 406 1965 29—-541,11
431 1939 553 1959 summa
576 1927 653 1959 Ath.
678 1929 833 1970 repetitur
856 1928 889 1959 in
909 1929 1078 1970 paratitlis
1101 1928 1177 1961 Ath.
1198 1930 1238 1962 13
1258 1933 1313 1966 §6.
2114 1927 2119 1932 ⁸

182 2014 388 2059 pervenerit
406 2013 456 2048 ad
471 2014 696 2060 captivorum
719 2012 996 2059 redemptionem
1015 2014 1201 2060 proficiat.
1230 2013 1323 2054 *Sed
1343 2013 1431 2049 haec
1453 2014 1596 2060 quidem
1618 2014 1663 2050 de
1680 2015 1848 2061 personis
1870 2014 2064 2050 dumtaxat
2081 2013 2179 2050 dicta
2196 2017 2290 2056 sunt,
2312 2024 2406 2060 quas

184 2058 409 2094 eoeheredare
438 2069 512 2093 non
543 2059 626 2094 licet
654 2058 726 2093 nisi
753 2058 1029 2104 ingratitudinis
1061 2069 1191 2094 causas
1217 2059 1327 2094 scribi
1355 2063 1390 2094 et
1413 2059 1571 2105 probari
1600 2059 1813 2106 contiqerit:
1858 2061 2081 2094 occasionem
2111 2069 2196 2095 vero
2227 2058 2329 2095 nobis
2356 2058 2405 2094 ad

184 2103 387 2149 qeneralem
413 2103 524 2149 leqem
545 2103 754 2149 faciendam
779 2114 952 2149 praesens
974 2114 1086 2139 causa
1108 2103 1216 2139 dedit.
1263 2105 1382 2150 Atque
1403 2109 1600 2150 propterea
1623 2105 1840 2150 qeneratiter
1855 2104 2115 2151 praecipimus,
2139 2108 2181 2139 ut
2202 2104 2236 2139 si
2257 2103 2319 2139 itte
2341 2103 2405 2149 qui

184 2150 222 2183 in
245 2149 454 2194 captivitate
477 2148 641 2184 detentus
663 2149 713 2184 sit
736 2149 866 2184 liberos
889 2159 963 2183 non
987 2148 1118 2184 habeat
1140 2153 1188 2191 et,
1211 2160 1290 2183 cum
1314 2149 1424 2184 ceteri
1450 2149 1516 2195 qui
1536 2149 1586 2184 ad
1608 2149 1839 2185 hereditatem
1863 2149 1940 2184 eius
1969 2148 2013 2184 ab
2037 2149 2207 2184 intestato
2230 2153 2406 2184 vocantur

183 2194 358 2229 redimere
380 2205 460 2229 eum
484 2204 558 2229 non
580 2193 766 2235 studeant,
798 2194 836 2228 in
860 2194 1069 2239 captivitate
1092 2193 1302 2236 decesserit,
1337 2204 1439 2229 nemo
1470 2205 1595 2230 eorum
1626 2194 1690 2240 qui
1717 2205 1798 2230 eum
1826 2194 2066 2240 nepte-‘cerunt
2094 2193 2145 2228 ad
2173 2192 2406 2229 hereditatem

184 2239 262 2273 eius
292 2239 423 2279 veniat,
454 2239 599 2274 etiamsi
624 2243 709 2274 ante
739 2238 983 2284 captivitatem
1015 2243 1261 2274 testamentum
1290 2239 1392 2283 forte
1421 2239 1466 2274 ab
1495 2250 1539 2274 eo
1568 2240 1710 2285 factum
1731 2239 1797 2281 sit,
1829 2240 1866 2274 in
1890 2249 1963 2285 quo
1991 2248 2170 2285 personas
2189 2243 2406 2274 memoratas

184 2283 332 2318 heredes
353 2284 551 2328 scripserit.
601 2283 674 2319 Sed
697 2283 755 2319 hic
775 2294 919 2329 quoque
941 2283 1165 2318 institutione
1188 2284 1356 2319 heredum
1381 2284 1487 2319 irrita
1509 2285 1615 2329 facta
1638 2288 1674 2320 et
1695 2284 1822 2320 ceteris
1847 2284 2048 2319 testamenti
2078 2283 2256 2329 capitibus
2278 2283 2317 2318 in
2338 2292 2404 2318 suo

182 2328 313 2363 robore
337 2328 518 2363 mansuris
539 2328 764 2364 substantiae
786 2328 960 2363 eiusmodi
980 2339 1223 2375 personarum
1246 2328 1355 2363 simili
1378 2329 1485 2364 modo
1509 2329 1668 2364 ecclesiis
1690 2329 1873 2365 civitatum
1902 2328 1998 2364 unde
2021 2328 2167 2363 oriundi
2188 2331 2275 2364 sunt
2302 2326 2405 2363 addi-

183 2378 325 2414 cantur,
360 2384 447 2409 neve
476 2374 515 2408 in
546 2373 640 2408 alias
671 2383 802 2408 causas
835 2372 930 2408 ullas
964 2374 1034 2408 nisi
1067 2373 1106 2408 in
1135 2373 1400 2420 redemptiones
1429 2374 1653 2420 captivorum
1687 2373 1962 2421 expendantur.-
2002 2377 2043 2408 ut
2071 2372 2166 2409 unde
2192 2371 2249 2408 itti
2277 2383 2302 2408 a
2329 2372 2406 2408 suis

183 2418 360 2464 redempti
382 2429 456 2453 non
480 2423 575 2458 sunt,
600 2418 684 2454 inde
707 2418 862 2453 aliorum
885 2418 1150 2465 redemptiones
1168 2423 1426 2464 procurentur,
1449 2420 1660 2466 pariterque
1681 2419 1825 2455 illorum
1849 2419 1991 2454 animae
2012 2428 2062 2454 ex
2085 2418 2154 2453 hac
2173 2417 2240 2464 pia
2262 2417 2405 2453 actione

183 2464 421 2499 subleventur.
469 2464 588 2509 Atque
617 2463 657 2498 id
686 2464 804 2510 ipsum
834 2462 1041 2499 observetur
1072 2464 1215 2499 etiamsi
1243 2463 1353 2498 aliam
1383 2471 1596 2500 eoetraneam
1618 2475 1818 2517 personam
1854 2470 1938 2498 ante
1966 2463 2207 2509 captivitatem
2241 2461 2406 2499 heredem

183 2509 369 2554 scripserit
398 2509 499 2554 isque
525 2509 642 2544 sciens
669 2519 709 2544 se
739 2508 784 2543 ab
814 2508 876 2543 illo
908 2507 1072 2544 heredem
1101 2509 1275 2555 scriptum
1306 2519 1383 2545 esse
1412 2520 1463 2545 ea:
1493 2510 1701 2556 captivitate
1729 2519 1809 2545 eum
1839 2508 2015 2544 redimere
2040 2507 2251 2554 neqleaeerit.
2297 2506 2406 2543 Hanc

184 2559 302 2588 autem
321 2564 479 2600 poenam
503 2554 540 2588 in
564 2553 647 2589 illos
670 2553 790 2588 valere
811 2553 1003 2594 sancimus,
1035 2553 1099 2599 qui
1122 2558 1286 2589 octavum
1317 2554 1491 2589 decimum
1520 2555 1651 2590 aetatis
1680 2565 1768 2590 suae
1798 2564 1932 2589 annum
1962 2552 2197 2599 impleverint.
2244 2550 2291 2587 In
2313 2552 2404 2588 eius-

184 2598 280 2632 modi
303 2609 386 2633 vero
412 2599 542 2641 causis,
573 2598 719 2644 quando
738 2609 812 2644 pro
835 2598 1082 2643 redemptione
1105 2598 1331 2644 captivorum
1355 2609 1496 2634 necesse
1518 2600 1567 2635 sit
1582 2601 1776 2651 pecuniam
1799 2598 1899 2641 dari,
1930 2599 1965 2633 si
1985 2598 2067 2643 quis
2086 2597 2277 2644 propriam
2294 2607 2406 2644 pecu-

184 2643 281 2677 niam
304 2654 378 2677 non
402 2643 542 2683 habeat,
567 2646 673 2678 liceat
689 2643 741 2684 ei,
765 2643 799 2678 si
816 2643 1030 2689 praedictae
1055 2645 1186 2678 aetatis
1203 2643 1262 2685 sit,
1285 2648 1445 2678 mutuam
1465 2655 1657 2690 pecuniam
1679 2655 1818 2679 sumere
1841 2648 1876 2679 et
1895 2654 1954 2678 res
1973 2642 2118 2678 mobiles
2138 2642 2194 2678 vel
2211 2641 2406 2678 immobiles

233 2734 247 2765 1
275 2730 450 2776 προέλθοι
467 2732 512 2764 13⁸
529 2731 542 2774 11
567 2730 807 2774 αἰχμαλώτων
830 2746 886 2765 om.
903 2733 960 2765 Pr.
986 2732 998 2769 ΙΙ
1024 2734 1043 2766 2
1067 2730 1263 2777 προελθεῖν

186 2778 235 2810 Β*
258 2777 269 2819 11
297 2778 316 2810 3
338 2772 633 2819 ἆποκληρονόμον
646 2778 686 2817 A,
706 2778 761 2810 Pr.
772 2790 802 2809 υ.
815 2778 847 2818 l.,
871 2774 1185 2821 ἆποκληρονόμους
1206 2779 1261 2811 Pr.

186 2834 266 2855 unus
283 2821 295 2864 11
313 2823 334 2854 4
350 2821 422 2862 τὰς]
447 2821 492 2855 τά
509 2821 563 2853 Ρν.
583 2821 595 2864 11
613 2822 728 2855 αἰτίας
748 2835 804 2854 om.
821 2823 875 2854 Pr.
893 2823 903 2864 11
924 2825 943 2856 5
966 2819 1154 2867 πρόφασιν
1168 2820 1208 2855 δὲ
1220 2841 1263 2846 -

187 2869 207 2899 ’Τ
224 2862 319 2899 ὥστε
342 2866 451 2909 εἴπερ]
477 2866 522 2898 Εἰ
538 2863 578 2898 δὲ
598 2867 650 2898 Pr.
669 2866 680 2909 11
699 2868 718 2900 6
739 2866 981 2908 ποιήσασθαι]
1003 2866 1146 2900 θέσθαι
1162 2868 1227 2911 Ep.
1253 2867 1264 2910 11

186 2908 330 2944 δέδωκε.
361 2913 421 2943 καὶ
439 2908 498 2943 διὰ
515 2911 634 2952 τοῦτο]
659 2912 809 2943 noscitur
830 2911 1003 2949 obtulisse;
1030 2913 1085 2944 sed
1102 2924 1122 2948 ς’
1140 2914 1151 2952 ΙΙ
1173 2915 1190 2945 7
1209 2924 1262 2945 κε-

187 2955 344 2998 λεύομεν]
370 2955 594 2997 θεσπίζομεν
608 2959 633 2987 A
656 2956 666 2994 11
683 2952 777 2988 ὥστε
793 2955 903 3000 εἴπερ]
926 2953 973 2989 ὠς
989 2957 1019 2989 εἰ
1036 2958 1099 2998 Ep.
1107 2957 1130 3034 ’11
1149 2958 1168 2991 8
1185 2954 1205 2989 ὁ
1223 2958 1263 2990 έν

187 3001 413 3043 αἰχμαλωσίᾳ
429 2998 579 3044 ληφθεὶς
591 3000 795 3042 2191&qu
814 3001 853 3033 ἐν
870 2999 1095 3042 αἰχμαλωσίᾳ
1127 3001 1262 3047 ηφθείη

187 3043 445 3091 (προςληφθείη
469 3047 524 3085 ij
549 3046 609 3076 καὶ
635 3045 757 3077 011,Βὸ
783 3046 794 3087 11
820 3043 882 3086 μὴ]
906 3046 973 3087 μὲν
994 3045 1043 3087 μὴ
1067 3046 1130 3089 Ep.
1161 3046 1173 3089 11
1201 3048 1263 3091 ἔχῃ

186 3092 236 3125 B⁸
259 3104 286 3124 v.
304 3094 324 3122 Ι.
344 3092 356 3134 11
371 3093 431 3123 καὶ
453 3090 531 3122 τῶν
554 3086 687 3129 ἄλλων]
712 3089 788 3121 τῶν
813 3087 935 3122 ἄλλων
952 3087 992 3122 δὲ
1010 3091 1083 3133 Ep„
1107 3091 1184 3123 τῶν
1200 3090 1262 3123 ἅλ-

187 3135 261 3169 λων
284 3149 343 3168 om.
361 3136 391 3168 A
419 3137 430 3177 11
455 3137 475 3168 9
497 3133 637 3174 τούτου]
663 3136 796 3166 ἐκείνου
819 3136 845 3166 Α
871 3134 883 3176 11
907 3133 946 3173 ἐξ
969 3130 1168 3167 ἆδιαθέτου
1189 3143 1264 3178 post

186 3179 416 3222 καλουμένων
435 3181 506 3213 coll.
523 3180 591 3220 Ρη,
604 3192 661 3211 om.
676 3191 695 3214 ς
713 3178 725 3221 11
743 3180 783 3212 10
804 3175 1071 3219 σπουδάζονται
1083 3181 1132 3212 L⁰
1154 3191 1262 3213 σπου-

187 3224 383 3258 δασάντων
396 3227 424 3258 A
445 3225 456 3266 ΙΙ
475 3226 514 3260 11
531 3224 582 3264 ἐν]
603 3219 683 3256 ἀλλ’
700 3224 739 3256 έν
753 3223 816 3265 Ep.
837 3223 849 3266 11
865 3221 1086 3265 τελευτήσειε
1101 3226 1155 3256 Ρν.
1170 3227 1262 3265 unus]

186 3269 388 3312 τελευτήσω
412 3277 481 3303 cett.
501 3268 514 3313 11
537 3269 576 3302 ἐκ
601 3282 657 3301 om.
674 3269 736 3310 Ep.
757 3270 769 3309 11
794 3269 833 3301 12
858 3267 1029 3311 ἔρχεσθαι
1052 3268 1083 3301 εἰ
1106 3271 1177 3310 καὶ]
1202 3283 1262 3302 κα-

187 3314 332 3348 λεῖσθαι
357 3312 426 3347 κᾶν
450 3315 513 3357 Ep.
534 3313 546 3358 11
565 3315 605 3348 16
627 3311 876 3359 κληρουμένων
895 3314 937 3353 L,
957 3314 1003 3345 B·
1015 3325 1045 3344 v.
1061 3314 1081 3345 I.
1101 3314 1112 3356 11
1135 3315 1176 3347 20
1200 3314 1262 3356 μὴ]

185 3361 273 3403 μήτε
297 3362 326 3393 Α
353 3361 364 3403 11
394 3362 433 3394 21
461 3357 703 3393 δαπανᾶσθαι
723 3358 780 3391 Pr.
812 3357 824 3393 ΙΙ
855 3359 896 3391 22
921 3353 1015 3390 ὥστε
1040 3370 1095 3390 om.
1111 3358 1157 3390 A·
1181 3361 1192 3400 11
1221 3360 1263 3392 24

186 3403 319 3447 ὁμοίως
336 3419 392 3438 om.
408 3406 456 3438 B⁸
465 3406 528 3448 Ep.
547 3404 559 3448 11
579 3405 620 3438 25
635 3400 764 3437 τούτου
781 3398 892 3435 αὐτοῦ
906 3403 973 3443 Ρη,
999 3397 1110 3435 αὐτοῦ
1128 3416 1186 3435 om.
1200 3405 1229 3435 A
1252 3403 1263 3446 11

187 3452 230 3484 26
254 3451 284 3483 εἰ
309 3464 366 3482 om.
382 3451 444 3492 Ep.
465 3450 477 3492 11
501 3451 541 3483 27
566 3445 689 3495 γράψῃ
716 3448 803 3489 ML,
829 3447 877 3480 B·
893 3461 919 3479 ιτ.
939 3448 970 3487 1.]
994 3446 1144 3492 γράψειε
1160 3449 1190 3480 A
1205 3448 1260 3480 Pr.

185 3492 359 3540 γράφοιεν
377 3497 447 3536 (sic)
461 3495 525 3538 Ep.
548 3493 681 3539 γράψαι
696 3493 743 3526 B'
753 3506 783 3525 v.
798 3494 818 3526 l.
838 3494 850 3535 11
872 3488 1031 3525 κάκεῖνος
1056 3511 1098 3516 ——
1124 3493 1166 3526 28
1182 3490 1261 3534 κλη-

186 3540 341 3582 ρονόμον
365 3553 422 3573 om.
445 3542 473 3572 A
494 3541 505 3582 11
528 3535 671 3572 κάκεῖνο
694 3538 885 3571 Haloander
909 3551 947 3570 ex
970 3549 990 3573 ς
1004 3537 1016 3580 11
1035 3536 1176 3570 ἑαυτῶν
1201 3539 1259 3576 L¹¹,

187 3584 293 3617 ἑαυτὸ
323 3586 515 3617 Haloander
533 3585 545 3627 11
569 3587 610 3618 28
633 3583 772 3617 τούτοις
796 3583 846 3616 L¹⁵
877 3579 917 3615 δὲ
938 3584 1068 3615 τοῦτον
1093 3582 1149 3615 Pr.
1162 3583 1260 3625 pleri-

188 3643 247 3671 que
263 3632 273 3658 ¹¹
294 3632 335 3662 29
349 3625 522 3670 ἆμελῆσαι
536 3630 566 3662 L
591 3626 761 3672 ἀμελήσω
777 3628 846 3661 MA
859 3628 916 3661 Pr.
931 3628 995 3670 Ep.
1021 3623 1188 3670 ἀμελήσει
1205 3628 1259 3667 Β’,

1329 2731 1448 2776 μόνον
1464 2735 1494 2766 Α
1512 2733 1524 2776 11
1542 2734 1580 2766 31
1601 2733 1664 2775 τῆς
1687 2729 1822 2776 ἡλικίας
1844 2733 1905 2774 τῆς
1927 2732 2069 2766 ἑαυτῶν
2092 2731 2142 2764 B·
2156 2744 2185 2764 v.
2200 2732 2220 2764 l.
2237 2731 2252 2774 fl
2274 2729 2406 2765 ἑαυτὸν

1331 2779 1377 2811 Μ
1386 2780 1398 2821 11
1416 2777 1596 2819 ἐνιαυτόν]
1620 2775 1750 2823 χρόνον
1771 2779 1800 2811 L
1817 2778 1828 2820 11
1847 2779 1891 2811 32
1916 2774 1965 2818 δέ]
1989 2778 2153 2821 μέντοιγε
2178 2776 2241 2819 Ep.
2258 2775 2271 2817 ΙΙ
2290 2772 2335 2818 δὴ
2349 2777 2404 2816 Μ]

1330 2836 1388 2857 om.
1406 2823 1522 2856 LAB'
1544 2823 1601 2855 Pr.
1619 2823 1683 2867 Ep.
1713 2823 1726 2867 11
1755 2819 1855 2867 ὑπὲρ]
1885 2824 1969 2866 περὶ
1991 2822 2023 2855 A
2052 2822 2064 2864 11
2090 2822 2134 2855 33
2157 2819 2222 2874 εἴη]
2246 2821 2323 2854 ἐστι
2345 2820 2402 2854 R.

1330 2869 1394 2912 Ep.
1421 2869 1434 2909 11
1460 2869 1503 2901 34
1526 2864 1690 2911 χρήματα
1713 2869 1815 2901 om.A
1843 2868 1856 2911 11
1885 2868 1928 2902 35
1952 2864 2094 2912 ὑπάρχῃ
2107 2865 2165 2899 Ρν.
2197 2863 2350 2909 νπάρχοι
2371 2865 2403 2898 Α

1328 2913 1371 2945 sit
1391 2924 1411 2949 ς’
1427 2912 1439 2956 11
1457 2913 1500 2945 36
1522 2910 1555 2954 ἢ]
1580 2915 1639 2945 καὶ
1661 2913 1693 2946 A

1389 3047 1404 3078 1
1430 3045 1655 3087 redemptione
1675 3043 1725 3076 Β*
1747 3045 1759 3084 11
1789 3045 1810 3077 2
1834 3042 1934 3083 dicta]
1958 3042 2034 3075 data
2055 3042 2160 3076 V¹T¹
2227 3043 2246 3076 3
2268 3042 2402 3076 exhere-

1330 3090 1418 3131 dare]
1451 3090 1567 3122 lsrdare
1589 3089 1637 3122 V¹
1658 3088 1671 3131 11
1696 3090 1718 3122 4
1743 3098 1841 3120 causa
1869 3088 1902 3121 T
1920 3086 1934 3131 11
1955 3086 2067 3127 scribi]
2092 3086 2151 3119 ubi
2212 3087 2224 3107 ¹
2248 3087 2261 3131 11
2283 3097 2402 3130 appro-

1329 3135 1407 3167 bare
1433 3134 1482 3166 T²
1498 3133 1511 3176 11
1528 3132 1731 3174 contigerint
1755 3133 1787 3165 T
1806 3132 1819 3175 11
1843 3133 1862 3164 5
1887 3142 1907 3165 a
1930 3144 1988 3164 om.
2002 3133 2086 3175 vuly.
2103 3130 2116 3176 11
2133 3131 2239 3174 legem
2264 3145 2321 3165 om.
2337 3133 2370 3166 R
2391 3131 2404 3178 11

1331 3182 1348 3212 7
1371 3178 1508 3210 ciuitate
1535 3178 1579 3210 Β*
1596 3177 1608 3221 11
1627 3177 1810 3219 detemptus
1831 3175 1889 3220 711
1905 3177 1924 3211 8
1949 3175 2020 3209 eius
2045 3189 2103 3210 om.
2119 3177 2178 3219 Ru
2203 3180 2224 3211 9
2249 3177 2403 3211 redimire

1332 3225 1364 3257 T
1379 3225 1436 3264 (id.
1452 3224 1507 3262 ⁴24)
1524 3222 1537 3266 11
1556 3224 1596 3256 10
1620 3221 1803 3264 neglexerit
1829 3221 1890 3265 ΤΙΙ
1918 3223 1959 3256 14
1982 3221 2037 3253 hie
2062 3222 2105 3262 R]
2130 3222 2191 3254 hac
2212 3222 2366 3267 VTvutq.
2390 3222 2403 3266 11

1333 3270 1371 3303 17
1397 3267 1531 3300 ecclesie
1553 3266 1702 3299 ciuitatis
1728 3266 1760 3299 T
1781 3269 1793 3306 11
1825 3267 1865 3300 18
1890 3268 1923 3298 et
1945 3267 1982 3298 in
2006 3265 2111 3299 nullis
2139 3266 2228 3300 Beck
2257 3266 2270 3311 11
2299 3268 2341 3302 19
2364 3268 2404 3300 ut

1330 3326 1388 3346 om.
1404 3313 1451 3345 R*
1476 3313 1488 3354 11
1510 3313 1546 3345 21
1574 3322 1612 3344 ex
1632 3322 1731 3344 causa
1752 3312 1812 3343 hae
1831 3311 1863 3344 T
1876 3310 1889 3355 11
1909 3310 2102 3343 subleuetur
2123 3311 2172 3344 V¹
2191 3311 2203 3352 11
2226 3312 2269 3346 22
2291 3322 2401 3355 perso-

1330 3368 1404 3390 nam
1430 3359 1615 3389 extraneam
1646 3357 1677 3389 Τ
1695 3357 1707 3398 11
1737 3357 1780 3390 23
1803 3356 1984 3399 scripserit]
2010 3356 2203 3398 scripserint
2221 3357 2252 3390 T
2268 3357 2332 3389 scri
2358 3356 2403 3390 sit

1330 3402 1492 3446 RVvulq.
1511 3402 1523 3444 11
1540 3401 1674 3434 heredes
1696 3401 1749 3434 Τί·
1763 3402 1775 3444 11
1802 3402 1843 3434 25
1861 3400 2030 3442 neglexit?
2053 3401 2100 3434 1⁷¹
2118 3402 2189 3443 1126
2212 3401 2301 3443 illos]
2327 3401 2334 3408 “
2367 3411 2402 3433 os

1329 3457 1460 3488 quoque
1476 3447 1523 3479 R²
1547 3457 1601 3480 eos
1622 3456 1752 3488 quoque
1768 3446 1801 3479 Τ
1819 3445 1831 3489 11
1856 3446 1972 3479 aetatis
1988 3456 2064 3479 suae
2080 3456 2203 3479 annum
2221 3449 2332 3487 (anum
2355 3446 2400 3487 V)

1330 3492 1417 3533 RV]
1441 3502 1565 3523 annum
1590 3502 1668 3524 suae
1691 3491 1788 3524 etatis
1814 3491 1846 3524 T
1866 3492 1878 3533 ΙΙ
1907 3492 1947 3525 27
1974 3490 2223 3534 compleuerant
2244 3491 2300 3535 Vl}
2323 3499 2401 3523 vero

1329 3550 1386 3569 om.
1418 3537 1448 3569 T
1470 3536 1482 3580 11
1512 3539 1553 3570 28
1579 3536 1803 3578 redemptione
1832 3536 2037 3578 captiuorum
2063 3536 2094 3569 T
2115 3535 2128 3579 11
2158 3537 2200 3571 29
2224 3535 2302 3569 dare
2328 3535 2360 3569 T
2389 3534 2400 3579 11

1327 3582 1367 3621 si]
1392 3581 1462 3613 sine
1491 3582 1537 3614 T·
1564 3582 1576 3624 11
1598 3583 1641 3616 30
1665 3582 1709 3613 sit
1731 3581 1848 3613 aetatis
1870 3581 2007 3625 Vvulq]
2039 3581 2136 3613 etatis
2159 3581 2200 3613 sit
2226 3580 2309 3614 ΕΤ*
2332 3582 2398 3613 sta-

1328 3628 1371 3658 tis
1391 3626 1439 3659 T¹
1468 3627 1479 3666 11
1510 3628 1550 3661 31
1577 3626 1750 3659 mutuandi
1776 3645 1817 3650 —
1843 3626 1963 3658 mobile
1988 3630 2020 3658 et
2044 3624 2228 3658 immobiles
2257 3637 2319 3659 scr.
2351 3623 2400 3658 V2

188 3670 372 3715 ἀμελήσειε
398 3677 560 3718 δενιίιιφεν
590 3679 600 3716 {l
629 3676 669 3708 30
700 3672 930 3716 θεσπίζομεν]
957 3672 1178 3715 θεσ,ιι’ζομεν
1202 3675 1259 3704 καὶ
1293 3675 1297 3706 1
1328 3674 1360 3705 ἰη
1385 3684 1450 3704 ras.
1469 3674 1482 3704 1
1504 3683 1539 3705 vs
