2476 3854
101 94 180 139 Ed.
200 95 303 140 XIII
338 97 400 141 15.
424 97 476 139 16
1169 91 1256 139 788

102 208 180 241 τῶν
208 204 353 253 χρόνων
373 204 611 241 Ἀναστασίου
640 207 707 240 τοῦ·
736 206 799 248 τῆς
829 201 996 250 εὐσεβοῦς
1023 203 1165 250 λήξεως,
1196 203 1306 249 ἧνίκα
1330 207 1520 253 Μαριανός
1550 206 1571 242 ό
1601 210 1664 253 τῆς
1688 207 1838 250 ἐνδόξου
1859 209 2039 255 (μνήμης)
2063 209 2119 244 51?
2145 209 2245 253 αὐτῷ
2269 207 2316 245 τά

102 251 299 299 πράγματα
328 253 502 298 ἔπραττε,
529 251 753 292 καταστῆναι
784 248 961 294 δημοσίαν
987 249 1138 294 πυκτήν,
1170 252 1393 296 Ποταμῶνος
1421 253 1621 295 τηνικαῦτα
1649 254 1729 289 τῶν
1758 252 1943 298 δημοσίων
1972 256 2035 299 τῆς
2056 252 2318 301 Ἀλεξανδρέων

101 298 329 341 προεστῶτος
352 297 445 330 κατὰ
468 294 512 329 τὸ
536 296 599 329 τοῦ
623 293 783 338 βίνδικος
806 296 936 339 σχῆμα,
968 297 1008 329 ἐν
1031 295 1054 343 ᾑ
1078 297 1195 343 πυκτῇ
1219 292 1460 343 ἀπεγράψατο
1478 296 1547 332 τὸν
1567 300 1630 332 τοῦ
1655 299 1851 345 ἐξαγωγίου
1873 298 1998 335 τίτλον
2021 302 2220 345 ἐκφέροντα
2241 297 2317 335 δια·

102 343 226 388 φόροις
258 343 388 375 αἰτίαις
412 340 542 383 χιλίους
564 338 684 385 <υξθ’>
706 341 854 384 χρυσοῦς
878 335 1010 374 οὕτως·
1046 345 1293 386 τετρακοσίους
1314 343 1381 385 μὲν
1405 341 1621 383 ἐνενήκοντα
1644 342 1709 378 δύο
1732 345 1879 389 χρυσοῦς
1902 347 1976 379 τοῖς
1998 343 2180 389 δημοσίοις
2203 343 2316 389 βαλα·

100 391 206 422 νείυις
229 387 290 429 τῆς
313 385 421 428 αὐτῆς
441 384 589 428 πόλεως,
613 388 860 429 τετρακοσίους
884 383 923 418 δὲ
946 387 1050 419 ἐννέα
1074 389 1134 419 καὶ
1157 384 1242 420 δέκα
1264 388 1319 430 τῷ
1343 385 1551 431 καλουμένῳ
1575 384 1852 434 ἅντικανθάρῳ,
1876 393 1935 423 καὶ
1954 393 2209 424 πεντακοσίους
2233 401 2316 425 πεν-
2337 390 2363 422 5

100 431 259 474 τήκοντα
290 428 387 465 όκτιὸ
417 431 564 474 χρυσοῦς
594 429 682 475 πρὸς
712 431 765 473 τῷ
797 427 917 472 ἡμίσει
948 431 1002 473 τῷ
1034 427 1216 477 ἀποδέκτῃ
1247 432 1325 465 τῶν
1348 429 1507 475 ναύλων,
1539 430 1588 467 ὠς
1610 433 1703 468 εἶναι
1726 435 1769 468 τὸ
1790 431 2112 481 ἀπογεγραμμένον
2136 436 2176 469 ἐν
2197 433 2319 477 χιλίοις

100 479 341 519 τετρακοσίοις
372 473 546 518 ἑξήκοντα
578 476 684 509 ἐννέα
713 477 861 520 χρυσοῖς.
908 476 1082 521 γενέσθαι
1111 473 1151 510 δὲ
1182 476 1334 521 ὕστερον
1365 479 1425 510 καὶ
1455 482 1686 522 περιποίησιν
1715 479 1815 523 παρὰ
1843 480 1919 514 τῶν
1950 479 2239 523 πολιτευομένων
2273 479 2318 524 τῇ

101 522 192 566 αὐτῇ
217 521 316 562 αἰτίᾳ
338 521 402 554 τοῦ
427 519 624 566 ἐξαγωγίου
647 517 882 563 νομισμάτων
904 517 951 575 ρ’,
972 518 1039 555 τὸν
1064 517 1104 554 δὲ
1126 520 1218 555 κατὰ
1243 520 1367 566 καιρὸν
1392 518 1652 567 αὗγουστάλιον
1675 527 1896 569 τριακοσίους
1919 525 2029 558 εἴκοσι
2052 525 2198 570 χρυσοῦς
2222 525 2319 567 κομί·

102 568 234 608 ζεσθαι
259 562 350 610 ὑπὲρ
375 564 513 600 πώλων
536 563 733 609 τριάκοντα
756 564 805 605 ἕξ,
828 562 888 599 οὓς
909 564 1014 599 αυτὸς
1037 567 1183 611 παρέχει
1207 567 1251 613 τῇ
1284 563 1508 610 ἱπποδρομίᾳ
1524 569 1587 609 τῆς
1602 569 1783 614 εἰρημένης
1798 570 1875 603 τῶν
1884 565 2147 614 Ἀλεξανδρέων
2163 567 2317 604 πόλεως·

99 613 159 644 καὶ
191 610 300 644 τοῦτο
328 610 372 644 τὸ
404 611 521 654 σχῆμα
544 612 663 653 μεῖναι
686 606 728 643 οὗ
751 609 865 654 μόνον
887 609 994 655 (eui)
1017 611 1078 653 τῆς
1102 613 1327 656 Στρατηγίου
1350 612 1412 645 τοῦ
1436 609 1673 651 ένδοξοτάτου
1697 611 1815 658 ἀρχῆς,
1836 611 1925 648 ἀλλὰ
1951 617 2010 648 καὶ
2032 616 2135 659 μέχρι
2158 613 2220 656 τῆς
2244 611 2318 648 δευ-
2344 614 2386 647 10

99 658 203 699 τέρας
233 653 476 699 ἐπινεμήσεως
505 655 570 689 τοῦ
604 655 858 699 παρῳχηκότος
878 653 1005 689 κύκλου
1029 656 1092 699 τῆς
1115 656 1187 701 πρὸ
1211 657 1306 690 ἐτῶν
1329 654 1595 692 πεντεκαίδεκα.
1644 658 1682 699 ἐξ
1705 660 1839 692 ἐκείνου
1865 657 1903 692 δὲ
1925 659 2040 694 τινῶν
2062 660 2130 703 μὲν
2153 658 2320 705 ῥαθυμίᾳ

101 701 214 734 τινῶν
244 698 285 734 δὲ
313 703 506 746 κακουργίᾳ
539 700 617 734 τῶν
648 698 688 734 δὲ
712 698 894 734 πλείστων
925 699 1041 747 κλοπῇ
1065 699 1108 734 τὸ
1135 702 1281 745 πρᾶγμα
1306 700 1397 735 κατὰ
1422 700 1551 744 μικρὸν
1575 701 1843 747 ἐλαττωθῆναι,
1867 707 1928 738 καὶ
1951 700 2235 739 ἀποστεοεῖσθαι
2258 705 2319 736 καὶ

98 745 145 778 τὰ
179 743 336 789 δημόσια
366 745 542 789 βαλανεῖα
571 746 632 787 τῆς
659 745 738 778 τῶν
767 748 1010 790 τετρακοσίων
1038 743 1256 789 ἐνενήκοντα
1288 743 1353 779 δύο
1376 743 1614 789 νομισμάτων
1638 748 1756 783 ποσότ
1781 759 1839 782 τος
1861 751 1922 784 καὶ
1945 748 1993 783 τὰ
2017 737 2131 782 ναῦλα
2154 749 2218 791 τῆς
2239 748 2318 782 τῶν

100 794 351 825 πεντακοσίων
374 789 601 833 πεντήκοντα
623 786 719 823 όκτιὺ
743 787 886 833 ἡμίσεος
907 787 1146 835 νομισμάτων
1168 791 1348 835 εἰσφορᾶς,
1372 789 1586 836 προφάσεως
1610 791 1728 827 αὐτοῖς
1751 761 1919 837 δοθείσης
1944 794 1981 826 ἐκ
2004 794 2068 828 τοῦ
2092 804 2193 827 τινας
2206 791 2316 827 τοῦτο

98 836 165 879 μὲν
189 837 227 868 ἐκ
250 836 311 877 τῆς
333 832 438 877 αὐλῆς
462 836 570 869 τοῦτο
596 832 635 868 δὲ
658 836 697 868 ἐκ
719 835 798 869 τῶν
821 834 975 880 θρόνων
998 837 1075 870 τῶν
1099 837 1176 869 σῶν
1195 835 1325 870 ἄδειαν
1349 837 1487 870 ἑαυτοῖς
1509 835 1775 872 κατασκευάσαι
1799 841 1859 872 καὶ
1883 841 2015 882 προῖκα
2039 839 2200 883 ἐκφέρειν
2215 836 2316 881 κερά-
2346 837 2386 870 15

98 891 183 923 μους
212 881 274 922 τῆς
306 880 489 925 εἰρημένης
519 880 597 914 τῶν
625 876 890 924 Ἀλεξανδρέων
920 878 1058 915 πόλεως
1085 884 1144 914 και·
1165 883 1271 926 ἕτερα
1294 878 1382 923 εἴδη,
1406 877 1501 925 ἅπερ
1526 880 1719 917 ὑπόκειται
1741 882 1795 925 τῷ
1816 883 1971 926 τοιούτῳ
1995 881 2098 925 τέλει,
2122 885 2182 915 καὶ
2205 878 2320 916 οὕτως

100 924 361 968 ἐλαττωθῆναι
385 926 478 959 κατὰ
498 923 630 970 μικρὸν
652 923 722 968 τὴν
746 925 932 970 εἰρημένην
957 924 1076 960 πόλιν.

1069 993 1227 1029 CAPUT
1250 993 1347 1031 XVI.

1663 110 1724 143 DE
1751 111 1870 143 URBE
1897 109 2315 145 ALEXANDRmORUu

231 1057 507 1104 Ἀποδεχόμενοι
537 1063 662 1094 τοίνυν
692 1059 760 1102 τὴν
791 1060 861 1103 σὴν
884 1060 1066 1105 ὑπεροχὴν
1088 1063 1148 1094 και·
1170 1060 1310 1095 τούτοις
1333 1061 1535 1097 ἐπιστᾶσαν
1559 1061 1717 1103 θεσπίζο
1747 1073 1796 1102 εν,
1828 1059 1918 1105 μήτε
1941 1062 2020 1095 τῶν
2042 1063 2322 1106 πεπορισμένων

98 1108 173 1140 τισὶ
203 1105 392 1140 παντελῶς
422 1103 600 1140 τοιούτων
631 1105 750 1140 θείων
769 1103 827 1151 <ἢ>
850 1102 1010 1150 ἆρχικῶν
1034 1105 1164 1141 τύπων
1187 1106 1209 1139 ὅ
1240 1105 1316 1141 ελός
1338 1120 1375 1141 τι
1397 1105 1637 1147 καθεστάναι,
1661 1104 1706 1139 ἇλ
1737 1106 1745 1116 “
1775 1105 1916 1141 πάντας
1939 1105 2194 1152 ἐπιγινώσκειν
2215 1106 2322 1141 τοῦτο

100 1147 124 1184 δ
153 1153 255 1195 μέχρι
286 1151 365 1185 τῶν
395 1149 540 1195 χρόνων
564 1153 789 1197 Στρατηγίου
818 1152 884 1184 τοῦ
912 1149 1150 1191 ένδοξοτάτσυ
1182 1153 1199 1184 έ
1223 1149 1363 1194 ίδοσαν,
1393 1150 1483 1196 μήτε
1513 1150 1582 1185 τὸν
1613 1150 1855 1196 περίβλεπτον
1886 1149 2149 1197 αὖγουστάλιον
2171 1149 2323 1186 πλείονα
2344 1151 2386 1184 20

99 1194 271 1239 δαπάνην
301 1194 386 1230 τινὰ
420 1199 538 1230 ποιεῖν
570 1195 670 1240 παρὰ
702 1194 770 1238 τὴν
797 1195 1009 1240 ὲῖιιπροσθεν
1041 1199 1100 1230 καὶ
1132 1198 1192 1231 ἐπὶ
1223 1198 1302 1231 τῶν
1330 1196 1475 1240 χρόνων
1498 1199 1724 1242 Στρατηγίου
1750 1197 1815 1230 τοῦ
1847 1194 2087 1236 ἐνδοξοτάτου
2110 1195 2322 1230 πολιτευσα-

98 1244 221 1285 μένην,
251 1241 342 1285 μήτε
371 1239 465 1274 κατὰ
495 1244 732 1284 καινοτομίαν
761 1241 847 1275 τινὰ
877 1241 1162 1285 προσάπτεσθαι
1193 1242 1270 1275 τῶν
1300 1240 1418 1277 τελῶν
1451 1243 1600 1275 ἐκείνων
1631 1244 1690 1275 καὶ
1720 1242 1839 1285 ἑαυτῷ
1869 1239 2031 1284 ἐκδικεῖν,
2062 1239 2155 1276 ἀλλὰ
2183 1243 2243 1275 καὶ
2276 1239 2320 1275 τὸ

100 1285 248 1331 ἀρχαῖον
277 1284 513 1331 φυλαχθῆναι
544 1286 664 1330 σχῆμα
694 1285 738 1320 τὸ
770 1288 871 1331 μέχρι
904 1288 1130 1332 Στρατηγίου
1161 1287 1226 1320 τοῦ
1256 1284 1492 1327 ένδοξοτάτου
1522 1289 1583 1319 καὶ
1614 1283 1744 1320 αὐτοῦ·
1782 1287 1874 1330 μήτε
1934 1285 2122 1321 ιλονεικίας
2152 1282 2323 1332 ἀφορμὴν

100 1330 261 1374 δοθῆναι
292 1332 346 1374 τῷ
379 1343 419 1364 τε
444 1330 539 1364 κατὰ
571 1331 700 1377 καιρὸν
734 1329 980 1376 αὔγουσταλίῳ
1006 1345 1023 1362 0
1038 1345 1055 1362 ι
1073 1346 1103 1373 ο,
1127 1334 1187 1365 καὶ
1210 1331 1279 1365 τὸν
1300 1333 1368 1375 μὲν
1393 1328 1440 1366 ὠς
1463 1329 1506 1366 οὔ
1526 1330 1634 1375 λάβοι
1656 1330 1782 1377 λέγειν,
1805 1331 1874 1365 τὸν
1920 1333 1937 1365 ε’
1961 1329 2008 1366 ὦς
2030 1330 2184 1366 ε’λαττον
2205 1329 2323 1375 λάβοι,

100 1373 175 1410 ἀλλ’
211 1377 249 1409 ἐκ
280 1377 343 1419 τῆς
366 1372 450 1419 ὅλης
473 1375 674 1419 ποσότητος
696 1377 775 1410 τῶν
798 1375 924 1418 χιλίων
947 1374 1172 1410 ὀκτακοσίων
1196 1374 1420 1423 ὀγδοήκοντα
1443 1378 1549 1411 ἐννέα
1571 1376 1806 1420 νομισμάτων
1830 1377 2076 1423 κουφισθῆναι
2099 1379 2322 1418 τριακοσίους
2346 1375 2388 1408 25

100 1421 272 1464 ἑξήκοντα
304 1423 409 1455 ἐννέα
435 1422 583 1465 χρυσοῦς
611 1419 837 1465 (βουλόμεθα
867 1419 935 1467 γὰρ
963 1424 1026 1455 καί
1053 1433 1090 1456 τι
1118 1420 1473 1468 φιλανθρωπότερον
1501 1423 1562 1464 τῆς
1586 1418 1770 1467 ἀκριβείας
1792 1421 1961 1467 πρᾶξαι)’
1996 1424 2057 1455 καὶ
2080 1419 2142 1455 διὰ
2164 1419 2235 1464 τὴν
2257 1421 2323 1455 τοῦ

99 1466 192 1500 κατὰ
229 1465 357 1512 καιρὸν
387 1463 645 1512 αὖγουσταλίου
677 1464 917 1513 συγκρότησιν
948 1464 1077 1501 ἄλλους
1106 1466 1236 1509 χιλίους
1267 1470 1525 1501 πεντακοσίους
1556 1466 1667 1500 εἴκοσι
1697 1467 1845 1509 χουσοῦς
1874 1467 2003 1510 μόνους
2033 1468 2071 1500 ἐκ
2099 1467 2166 1501 τοῦ
2200 1464 2324 1500 τίτλον

100 1511 345 1558 εἰσφέρεσθαι,
377 1512 416 1552 ἐξ
440 1503 495 1545 ῶν
522 1511 606 1546 τοὺς
630 1515 855 1556 τριακοσίους
885 1511 996 1546 εἴκοσι
1026 1513 1175 1556 χρυσοῦς
1205 1512 1322 1555 ἑαυτῷ
1353 1511 1525 1558 λογιεῖται
1554 1508 1575 1545 ὁ
1608 1497 1847 1557 περίβλεπτος
1870 1510 2123 1558 αὖγουστάλιος
2142 1511 2324 1566 προφάσει

100 1558 179 1591 τῶν
202 1555 400 1602 τριάκοντα
425 1557 463 1597 ἕξ
486 1555 635 1599 πώλων,
660 1553 719 1590 οἷς
736 1554 875 1603 ἀνάγκη
899 1559 1099 1602 παρασχεῖν
1123 1554 1221 1600 αὐτῷ
1246 1558 1307 1591 ἐπὶ
1330 1558 1375 1603 τῇ
1401 1555 1625 1601 ἱπποδρομίᾳ
1641 1557 1704 1600 τῆς
1722 1554 1985 1602 Ἀλεξανδρέων
1999 1555 2092 1593 κατὰ
2105 1555 2148 1590 τὸ
2164 1555 2327 1590 ἀνωθεν.

100 1603 257 1654 κρατοῦν
282 1602 380 1644 ἔθος,
403 1602 486 1635 τούς
511 1600 551 1635 δὲ
573 1599 792 1637 ὑπολοίπους
813 1601 944 1644 χιλίους
967 1600 1168 1636 διακοσίους
1191 1601 1498 1649 καταλογίζεσθαι
1522 1597 1632 1636 αὖθις
1656 1600 1756 1644 αὐτῷ
1781 1602 1829 1636 εἰς
1851 1602 1916 1637 τὰς
1930 1613 1991 1637 σιτ
2003 1601 2087 1636 ’σεις
2101 1600 2167 1636 τὰς
2181 1600 2323 1644 ἑαυτοῦ,
2346 1600 2389 1633 30
2450 1595 2458 1599 “

116 1645 214 1681 οὕτω
238 1660 278 1681 τε
301 1646 344 1681 τὸ
377 1648 528 1692 πρᾶγμα
558 1645 707 1681 εὔλυτον
737 1647 831 1681 εἶναι
858 1650 918 1682 καὶ
940 1646 1009 1690 τὴν
1033 1644 1187 1694 ἀρχαίαν
1207 1645 1390 1692 φυλάττον
1413 1644 1504 1681 ὁδὸν
1526 1649 1587 1681 καὶ
1607 1645 1736 1690 μηδενὶ
1759 1646 1943 1682 παντελῶς
1965 1646 1989 1680 ἆ
2014 1659 2093 1681 ειαν
2114 1659 2224 1681 κακον
2268 1648 2326 1679 ίας

100 1690 360 1738 παρεχόμενον.
407 1693 454 1738 τῇ
485 1691 555 1737 γὰρ
585 1694 663 1726 τῶν
688 1690 873 1736 δημοσίων
896 1691 1103 1736 βαλανείων
1122 1691 1287 1739 ἐγκαύσει
1310 1695 1370 1726 καὶ
1393 1693 1447 1736 τῷ
1470 1687 1733 1738 άντικανθάρῳ
1756 1692 1863 1739 (καὶ)
1881 1695 1954 1727 τοῖς
1977 1690 2160 1736 δημοσίοις
2181 1689 2325 1726 ναυλοις

101 1737 141 1777 ἐξ
163 1738 299 1781 ἑτέρων
319 1737 450 1771 αἰτιῶν
475 1752 491 1768 ο
509 1752 526 1768 ε
544 1753 561 1768 ι
588 1735 784 1784 ἀπογραφῇ
809 1735 906 1780 τῷδε
929 1738 983 1780 τῷ
1008 1739 1103 1781 θείῳ
1128 1734 1232 1781 νόμῳ
1257 1735 1438 1780 δηλοῦται.

100 1858 207 1894 stasii
230 1857 317 1903 piae
348 1857 554 1898 memoriae,
586 1856 733 1903 quando
755 1856 948 1893 Marianus
972 1857 1158 1903 qloriosae
1187 1858 1379 1895 memoriae
1409 1857 1475 1894 sub
1498 1867 1540 1894 eo
1563 1868 1624 1893 res
1645 1857 1933 1901 administrabat,
1956 1857 2122 1895 extitisse
2141 1858 2326 1904 publicam

103 1902 270 1939 tabellam
297 1906 383 1945 tum,
407 1913 487 1937 cum
510 1901 691 1938 Potamon
712 1902 870 1949 publicis
889 1902 1232 1939 Alexandrinorum
1262 1904 1362 1939 urbis
1391 1903 1499 1939 rebus
1529 1902 1680 1939 vindicis
1710 1903 1792 1939 loco
1847 1907 2004 1946 raeerat,
2034 1903 2073 1939 in
2094 1914 2168 1949 qua
2191 1902 2326 1940 tabella

102 1948 345 1994 descripserat
382 1947 560 1994 exaqoqii'
601 1947 742 1982 titulum
782 1947 937 1983 diversis
967 1949 1088 1983 causis
1119 1949 1216 1985 mille
1248 1947 1493 1986 CCCCLXIX
1519 1958 1650 1983 aureos
1678 1958 1797 1995 expen
1825 1952 1940 1984 entem
1969 1948 2008 1982 in
2038 1947 2134 1984 hunc
2161 1947 2326 1984 modum.-

102 1993 392 2044 quadrinqentos
420 1992 624 2038 nonaqinta
655 1992 748 2027 duos
776 2003 907 2028 aureos
937 1992 1093 2038 publicis
1117 1993 1253 2030 balneis
1275 1995 1354 2030 eius
1377 1993 1488 2035 urm,
1513 1992 1800 2039 quadrinqentos
1823 1992 2047 2039 undeviginti
2069 1992 2325 2029 anticantharo

102 2039 166 2084 qui
197 2037 342 2079 dicitur,
374 2037 592 2083 quinqentos
618 2037 886 2084 quinquaqinta
919 2041 1001 2073 octo
1035 2049 1168 2074 aureos
1190 2049 1271 2075 cum
1294 2037 1444 2074 dimidio
1467 2038 1672 2084 susceptori
1692 2037 1895 2079 naulorum,
1919 2042 1962 2073 ut
1983 2037 2165 2084 descripta
2188 2047 2327 2074 summa

102 2083 199 2118 mille
231 2082 519 2129 quadringentos
549 2082 878 2129 undeseptuaqinta
910 2093 1042 2118 aureos
1062 2083 1236 2129 efficeret.
1284 2083 1420 2119 Postea
1443 2088 1562 2118 autem
1585 2083 1693 2118 etiam
1716 2082 1991 2129 acquisitionem
2013 2082 2127 2119 eidem
2149 2082 2327 2135 exaqoqii

104 2128 208 2163 tituto
241 2139 265 2163 a
295 2127 495 2163 curiatibus
523 2127 666 2171 factam
696 2138 774 2163 esse
803 2138 996 2163 aureorum
1025 2127 1062 2170 0,
1093 2132 1129 2165 et
1153 2129 1386 2175 Auqustalem
1418 2128 1482 2174 qui
1513 2138 1585 2173 quo
1613 2138 1658 2163 ue
1689 2131 1850 2174 tempore
1879 2131 1960 2163 erat
1989 2130 2169 2164 trecentos
2199 2127 2326 2174 viqinti

103 2183 236 2208 aureos
259 2173 441 2219 accepisse
458 2183 532 2219 pro
558 2171 709 2217 triqinta
730 2183 801 2208 sex
824 2173 925 2218 equis
948 2183 1041 2218 quos
1055 2173 1133 2219 ipse
1147 2174 1299 2219 praebet
1315 2173 1409 2208 ludis
1424 2173 1583 2219 equestri
1608 2182 1651 2207 us
1669 2171 1787 2208 dictae
1802 2171 2135 2208 Alexandrinorum
2149 2172 2270 2209 urbis:
2291 2175 2328 2208 et

103 2217 199 2262 hunc
220 2221 354 2253 statum
377 2218 552 2252 mansisse
574 2227 649 2252 non
671 2217 788 2264 solum
796 2228 871 2264 per
884 2216 1138 2263 qloriosi'ssimi
1156 2218 1335 2265 Strateqii
1349 2217 1711 2260 administrationem,
1735 2217 1800 2253 sed
1815 2217 1922 2252 etiam
1939 2227 1983 2252 us
2010 2228 2055 2254 ue
2069 2216 2120 2253 ad
2131 2217 2326 2254 secundam

103 2263 334 2298 indictionem
356 2262 549 2309 praeteriti
568 2262 707 2303 circuli,
731 2273 827 2308 quae
846 2263 923 2308 fuit
947 2266 1030 2310 ante
1051 2274 1167 2299 annos
1186 2263 1400 2317 quindecim.
1440 2261 1587 2298 Eoeinde
1604 2266 1723 2298 autem
1739 2262 1893 2298 aliorum
1908 2272 1978 2308 neq
1993 2262 2149 2308 eqentia,
2172 2261 2327 2297 aliorum

103 2307 201 2350 dolo,
227 2308 472 2355 plurimorum
503 2310 621 2342 autem
651 2307 757 2352 furto
788 2318 864 2343 rem
887 2307 1071 2354 paulatim
1103 2309 1326 2344 imminutam
1354 2318 1442 2350 esse,
1471 2307 1615 2354 privari
1640 2317 1686 2342 ue
1708 2312 1744 2343 et
1759 2307 1910 2353 publica
1930 2307 2058 2343 balnea
2082 2305 2327 2360 quadi-inqen-

105 2358 224 2388 torum
254 2352 458 2398 nonaqinta
489 2352 643 2387 duorum
675 2363 870 2388 aureorum
900 2363 1040 2388 summa
1070 2357 1104 2389 et
1135 2354 1247 2388 naula
1277 2354 1558 2400 quinqentorum
1625 2351 1914 2398 uodeseoeaqinta
1954 2351 2094 2387 dimidii
2132 2361 2326 2388 aureorum

104 2397 279 2440 illatione,
304 2397 495 2434 occasione
517 2397 590 2432 illis
612 2396 700 2432 data
723 2397 807 2432 inde
830 2397 930 2443 quod
951 2397 1118 2433 nonnulli
1134 2399 1274 2445 partim
1298 2409 1348 2434 ex
1371 2397 1458 2433 aula
1475 2397 1615 2444 partim
1638 2408 1661 2432 a
1683 2396 1827 2432 sedibus
1843 2397 1914 2432 tuis
1929 2397 2068 2432 veniam
2084 2397 2328 2443 impetrarunt

103 2441 328 2488 exportandi
362 2443 469 2478 ettam
502 2443 580 2478 sine
610 2442 782 2488 vectiqali
812 2446 845 2477 te
872 2442 953 2477 ulas
983 2453 1033 2478 ea:
1063 2442 1161 2478 dicta
1190 2443 1527 2479 Alexandrinorum
1557 2441 1646 2477 urbe
1677 2445 1711 2477 et
1739 2442 1833 2477 alias
1863 2442 2001 2488 species
2030 2452 2122 2489 quae
2151 2440 2327 2478 eiusmodi

104 2487 272 2534 vectiqali
296 2487 480 2523 obnoaeiae
502 2492 611 2529 sunt;
633 2491 670 2522 et
691 2488 745 2522 sic
759 2498 835 2534 pau
852 2489 938 2522 atim
962 2487 1094 2523 dictam
1117 2488 1239 2525 urbem
1263 2487 1545 2523 imminutionem
1568 2497 1645 2522 esse
1660 2497 1823 2533 passam.

238 2532 336 2568 XVI.
382 2531 593 2567 Laudantes
609 2532 722 2577 iqitur
741 2532 993 2568 sublimitatem
1019 2538 1116 2568 tuam
1167 2533 1241 2568 uod
1261 2533 1368 2568 etiam
1391 2533 1430 2567 in
1453 2531 1542 2567 haec
1559 2532 1697 2579 intenta
1710 2532 1788 2576 fuit
1800 2530 1982 2566 sancimus
2000 2541 2115 2578 neque
2129 2541 2180 2567 ex
2195 2530 2328 2567 talibus

105 2578 251 2613 omnino
275 2577 408 2612 divinis
431 2582 496 2612 aut
516 2578 777 2624 praefectoriis
797 2578 932 2622 formis
954 2588 978 2612 a
1002 2577 1131 2623 quibus
1158 2589 1215 2613 am
1238 2578 1286 2613 im
1314 2577 1440 2613 etratis
1460 2577 1624 2622 fructum
1647 2575 1758 2611 ullum
1808 2577 1884 2613 erci
1908 2576 1933 2619 i,
1956 2575 2022 2612 sed
2044 2586 2168 2612 omnes
2187 2574 2326 2622 persol-

105 2634 187 2658 vere
208 2621 249 2657 id
271 2621 369 2668 quod
391 2632 505 2667 usque
528 2622 578 2657 ad
601 2627 764 2668 tempora
786 2621 1040 2668 qloriosissimi
1063 2621 1242 2675 Strateqii
1288 2622 1448 2664 ederunt,
1471 2631 1587 2667 neque
1609 2621 1772 2667 spectabi
1787 2632 1841 2657 em
1890 2620 2092 2667 uqustalem
2115 2621 2326 2667 ampliorem

104 2668 302 2713 impensam
331 2668 460 2712 facere
483 2678 591 2712 quam
614 2674 721 2702 antea
745 2672 780 2702 et
804 2666 1025 2713 temporibus
1047 2667 1303 2712 qloriosissimi
1323 2666 1503 2712 Strateqii
1524 2666 1660 2701 usitata
1682 2669 1773 2709 erat,
1796 2676 1912 2712 neque
1934 2669 2066 2701 novata
2086 2676 2127 2702 re
2149 2665 2327 2711 aitinqere

106 2722 319 2758 quemquam
349 2712 542 2757 vectiqatia
573 2712 639 2747 illa
669 2716 706 2747 et
726 2712 796 2748 sibi
818 2711 1012 2755 vindicare,
1036 2712 1102 2748 sed
1123 2713 1310 2758 antiquum
1330 2715 1463 2748 statum
1487 2711 1697 2747 conservari
1718 2712 1784 2764 qui
1802 2711 1880 2757 fuit
1902 2721 2016 2756 usque
2038 2709 2087 2745 ad
2108 2710 2326 2756 qloriosissi·

105 2767 200 2791 mum
231 2755 454 2802 Strateqium
486 2761 523 2792 et
550 2757 617 2793 sub
647 2767 711 2792 eo.-
745 2767 861 2803 neque
895 2758 1134 2793 contentionis
1164 2759 1389 2793 occasionem
1418 2756 1502 2792 dari
1531 2756 1724 2802 Auqustali
1750 2757 1816 2802 qui
1845 2765 1989 2802 quoque
2017 2759 2072 2790 est
2103 2759 2262 2802 tempore
2291 2757 2327 2790 et

106 2801 250 2843 vindici,
282 2812 437 2846 quorum
466 2802 561 2836 alter
590 2812 629 2837 se
660 2801 753 2837 nihil
774 2803 957 2848 accepisse
980 2801 1079 2838 dicat
1101 2802 1195 2838 alter
1216 2803 1335 2837 minus
1358 2802 1552 2848 accepisse,
1584 2801 1649 2836 sed
1670 2811 1720 2836 ex
1740 2801 1908 2836 universa
1930 2810 2069 2835 summa
2092 2800 2188 2835 mitte
2211 2799 2325 2835 octin-

104 2850 295 2893 qentorum
323 2845 621 2892 undenonaginta
651 2857 844 2882 aureorum
871 2847 1009 2882 remitti
1034 2851 1213 2883 trecentos
1247 2846 1575 2893 undeseptuaqinta
1607 2856 1752 2886 aureos;
1792 2845 1969 2888 (volumus
2005 2845 2100 2880 enim
2135 2843 2328 2880 humanius

106 2902 215 2937 quam
250 2890 456 2926 accuratius
491 2894 612 2936 aqere)
647 2897 684 2926 et
716 2891 916 2927 adiuvandi
948 2902 1059 2927 causa
1089 2892 1300 2938 Auqustalis
1334 2891 1399 2938 qui
1428 2901 1572 2938 quoque
1603 2894 1763 2937 tempore
1792 2894 1846 2926 est
1877 2889 2036 2941 reliquos
2064 2893 2202 2925 tantum
2232 2888 2328 2924 mille

132 2937 324 2982 uinqentos
355 2935 392 2970 vi
416 2934 482 2969 inti
511 2946 642 2971 aureos
672 2947 723 2972 ex
752 2947 795 2971 eo
819 2936 923 2972 titulo
948 2937 1130 2983 eaependi;
1159 2948 1210 2973 ex
1233 2937 1364 2983 quibus
1387 2940 1564 2972 trecentos
1586 2935 1716 2982 viqinti
1739 2945 1870 2971 aureos
1892 2934 1958 2970 sibi
1978 2933 2171 2980 imputabit
2188 2937 2326 2980 specta-

106 2947 189 3017 bilis
218 2982 385 3026 Auqusta
400 2981 432 3015 is
465 2981 606 3016 nomine
641 2981 792 3026 triqinta
826 2991 896 3016 sex
929 2992 1104 3027 equorum
1139 2992 1232 3028 quos
1265 2992 1409 3018 necesse
1444 2979 1551 3016 habet
1582 2980 1816 3027 suppeditare
1852 2979 1947 3015 ludis
1977 2978 2200 3024 equestribus
2228 2977 2327 3013 urbis

106 3025 439 3062 Alexandrinorum
462 3035 513 3060 ex
535 3025 794 3061 consuetudine
817 3026 950 3061 dudum
973 3026 1124 3069 valente,
1148 3027 1309 3073 reliquos
1331 3037 1416 3063 vero
1438 3025 1536 3061 mille
1559 3025 1732 3061 ducentos
1753 3034 1882 3060 rursus
1903 3024 1974 3059 sibi
1993 3025 2033 3058 in
2055 3032 2223 3058 annonas
2240 3031 2328 3057 suas

107 3072 300 3117 imputare,
331 3073 368 3106 et
396 3069 451 3105 sic
481 3079 556 3104 rem
588 3069 796 3116 expeditam
827 3081 903 3106 esse
932 3075 969 3106 et
989 3071 1142 3117 pristini
1171 3071 1272 3107 modi
1299 3074 1501 3108 servantem
1533 3074 1569 3105 et
1590 3070 1725 3105 nemini
1743 3079 1898 3116 prorsus
1921 3066 2160 3114 improbitatis
2183 3066 2326 3114 copiam

101 3115 345 3167 praebentem.
392 3113 452 3150 Ad
478 3114 706 3167 publicorum
735 3115 829 3167 enim
860 3115 1070 3166 balneorum
1099 3116 1376 3168 calefactionem
1407 3119 1443 3151 et
1472 3114 1764 3167 anticantharum
1795 3118 1831 3166 et
1854 3112 2005 3159 publica
2035 3111 2149 3147 naula
2172 3122 2223 3148 ea:
2243 3110 2327 3147 aliis

104 3161 222 3197 titulis
245 3169 427 3207 impensas
449 3159 715 3201 destinavimus,
739 3164 834 3195 sicut
855 3160 1015 3195 subiecta
1038 3160 1122 3196 huic
1144 3161 1287 3197 divinae
1311 3161 1384 3207 leqi
1404 3159 1647 3205 descriptione
1670 3158 1881 3194 ostenditur.

133 3287 172 3337 “1
187 3281 326 3328 μνήμης
339 3285 417 3318 add.
427 3284 616 3319 Zachariae
628 3282 640 3327 ΙΙ
652 3285 673 3318 4
684 3281 769 3323 υξθ’
781 3284 899 3317 addidi
909 3285 964 3328 (cf
977 3285 997 3316 l.
1009 3285 1110 3337 6320,
1125 3297 1188 3329 pro

108 3327 559 3415 ‘Enissr'ssssssi‘fiifi‘ssihffffi
593 3328 896 3408 ffiffa‘issffl
905 3325 1188 3408 ¹L7al³2¹²3115323

109 3387 182 3460 deb-c]
218 3415 393 3453 ὡσαύτως
428 3387 599 3463 σεαρέχειν
634 3420 680 3460 Μ
705 3419 717 3462 ΙΙ
752 3421 792 3454 10
826 3386 949 3462 aazias
984 3400 1184 3460 Zachariae]

109 3463 202 3497 εἶναι
218 3465 263 3498 Μ
274 3464 287 3508 ΙΙ
305 3465 365 3498 ἐπὶ
388 3464 451 3507 τῆς
470 3464 668 3506 Zachariae]
683 3463 749 3498 τοῦ
774 3463 821 3498 Μ
831 3465 844 3506 ΙΙ
860 3465 982 3497 initium
1006 3465 1091 3506 cepit
1106 3465 1185 3497 haec

109 3511 242 3543 indictio
266 3510 333 3542 kal.
358 3509 448 3552 Sept.
475 3523 506 3544 a.
532 3511 626 3553 52311
655 3511 697 3544 12
720 3506 997 3555 ἀπεστερῆσθαι
1020 3508 1185 3550 Scrimqer

110 3567 173 3604 non
197 3554 279 3587 male
310 3552 324 3597 ΙΙ
359 3556 397 3588 18
427 3552 685 3597 ἀποδεχόμεθα
709 3555 757 3588 M
778 3554 792 3598 ΙΙ
824 3555 867 3589 19
886 3553 1055 3587 τοιοῦτον
1077 3552 1184 3587 θεῖον

109 3596 259 3641 αρχικὸν
281 3598 398 3633 τύπον
411 3600 462 3642 Μ,
482 3612 566 3634 corr.
582 3597 768 3634 Zachariae
790 3596 827 3642 (ἢ
838 3600 917 3634 add.
933 3598 977 3632 R.
991 3599 1182 3639 Schneider)

108 3644 120 3684 ΙΙ
144 3645 187 3676 20
219 3651 250 3677 et
274 3644 317 3677 22
348 3642 439 3687 μήτε
465 3645 582 3685 Kroll]
613 3642 705 3687 μηδὲ
724 3645 766 3678 M
798 3644 811 3688 ΙΙ
842 3645 885 3678 22
911 3644 972 3677 καὶ
993 3650 1067 3687 post
1089 3640 1181 3677 ἀλλὰ

1256 3290 1434 3327 suspectum
1453 3281 1466 3326 ΙΙ
1482 3284 1525 3317 24
1550 3283 1698 3315 lacunam
1747 3283 1887 3325 crepe-‘cit
1903 3280 2089 3316 Zachariae
2112 3282 2255 3314 inserens
2271 3279 2325 3323 τῷ

1254 3341 1295 3362 τε
1325 3325 1508 3373 ἀποδέκτῃ
1536 3327 1614 3361 τῶν
1645 3326 1713 3360 ναύ
1769 3337 1808 3370 νς
1842 3328 1902 3360 sed
1923 3327 2060 3361 vindicis
2081 3327 2189 3369 potius
2212 3327 2326 3359 mentio

1255 3374 1375 3407 excidit
1444 3373 1483 3406 27
1511 3385 1574 3405 non
1595 3373 1701 3416 plana
1725 3374 1827 3413 haec;
1850 3369 1977 3405 ἅλλους
1998 3370 2071 3415 (μὴ
2094 3366 2327 3413 καταβλάψαι

1253 3413 1372 3460 ὥστε)
1428 3418 1585 3451 acharias
1609 3430 1672 3451 non
1695 3425 1802 3458 recte;
1831 3418 1939 3451 malim
1963 3423 2047 3450 certe
2063 3413 2178 3459 (τοὺς)
2201 3411 2327 3448 ἄλλους

1251 3462 1264 3503 ss
1285 3464 1326 3497 28
1351 3461 1570 3507 ἐκφέρεσθαι
1595 3461 1781 3496 Zachariae
1797 3462 1811 3506 ΙΙ
1828 3463 1870 3497 29
1900 3458 2037 3495 πώλων
2056 3461 2234 3504 Aqylaeus]
2260 3471 2326 3494 πν-

1251 3505 1384 3542 λτόνων
1408 3508 1447 3540 Μ
1471 3507 1484 3550 ΙΙ
1510 3509 1553 3541 32
1576 3509 1637 3540 καὶ
1660 3509 1739 3541 add.
1763 3508 1858 3541 Beck
1882 3506 1895 3550 ΙΙ
1920 3507 1964 3541 33
1988 3505 2145 3539 excidisse
2169 3504 2324 3538 nonnulla

1251 3554 1400 3597 coqnovit
1432 3551 1619 3587 Zachariae
1650 3554 1709 3596 qui
1736 3553 1883 3595 supplet:
1916 3546 2095 3594 πρόσοδος
2126 3544 2324 3594 ἄφωρίσθη

1251 3595 1299 3631 ὥς
1318 3597 1364 3643 τῇ
1386 3594 1658 3645 ὖποτεταγμένῃ
1676 3596 1690 3642 ΙΙ
1705 3592 1898 3643 ἀπογραφὴ
1924 3596 1967 3630 Μ
