2476 3854
111 74 221 119 Nov.
251 75 435 121 CXXXI
467 79 530 120 13.
564 80 616 120 14

111 198 200 222 ποτε
220 186 347 233 τρόπῳ
370 190 592 235 μεταφέρειν.
641 189 688 223 εἰς
711 186 951 231 αἰχμαλώτων
975 186 1015 222 δὲ
1036 185 1189 234 ἀνάρρυ-

111 242 171 266 σιν
202 235 261 267 καὶ
291 234 451 276 πτωχῶν
481 230 689 278 ἄποτροφὰς
723 236 784 267 καὶ
817 234 865 267 εἰς
893 231 1002 268 ἄλλας
1035 230 1191 279 εὐσεβεῖς

112 277 242 321 αἰτίας,
274 276 296 322 ἢ
321 276 411 324 ὑπὲρ
434 280 498 313 τοῦ
523 282 763 324 συμφέοοντος
793 278 856 321 τῆς
885 275 976 312 ἰδίας
1007 278 1190 321 ἐκκλησίας

111 324 133 358 1
180 324 219 357 ἐκ
242 324 385 358 τούτων
409 322 580 358 δαπανᾶν
609 311 737 358 ἄδειαν
760 324 951 366 ἐχέτωσαν.
1017 327 1077 358 καὶ
1100 324 1137 358 εἴ
1153 337 1191 359 τι

111 368 149 402 ἐκ
180 369 257 402 τῶν
279 369 457 402 τοιούτων
488 367 715 415 πραγμάτων
745 368 836 413 μετὰ
867 367 1036 413 τελευτὴν
1065 366 1191 404 αὐτῶν

110 414 157 447 εἰς
180 413 248 455 τὴν
272 411 396 447 αὐτῶν
420 417 628 458 περιουσίαν
650 417 767 461 μείνῃ,
798 410 987 458 κελεύομεν
1013 414 1122 448 τοῦτο
1144 416 1189 461 τῇ

111 456 302 501 δεσποτεία
332 460 409 492 τῶν
439 455 658 505 ἁγιωτάτων
689 458 886 501 ἐκκλησιῶν
920 458 975 493 ὠν
997 461 1066 503 τὴν
1090 458 1189 504 ἱερω-

110 503 225 546 σύνην
248 503 342 545 εἶχον
374 501 566 549 διαφέρειν.
613 500 677 539 ἐπ’
704 505 849 538 ἐκείνοις
877 503 947 549 γὰρ
969 502 1085 549 μόνον
1117 507 1190 539 τοῖς

110 548 319 594 πράγμασιν
343 546 471 582 ἄδειαν
497 545 614 583 αὐτοῖς
637 550 702 583 τοῦ
726 551 883 582 ἐκποιεῖν
908 547 932 591 ἢ
962 548 1189 595 καταλιμπά-

1180 72 1266 121 662

1689 92 1750 123 DE
1776 91 2127 126 EchESIASTIcls
2155 93 2332 127 TITULIS

1256 188 1350 226 ferre
1384 198 1564 234 personas.
1612 189 1654 225 In
1689 190 1908 236 captivorum
1942 201 2024 228 vero
2053 192 2331 238 redemptionem

1257 236 1294 270 et
1327 234 1504 278 egentium
1538 233 1671 278 pabula
1706 240 1741 270 et
1774 236 1865 272 alias
1895 236 1974 282 pias
2007 246 2135 273 causas
2168 240 2233 274 aut
2264 248 2330 284 pro

1256 279 1408 315 utilitate
1464 279 1607 324 ropriae
1635 281 1807 317 ecclesiae
1838 291 1882 316 ex
1913 281 1967 318 his
1999 281 2195 327 expendere
2221 283 2330 318 licen-

1258 327 1280 361 1
1326 325 1410 359 tiam
1460 324 1601 360 abeant.
1670 325 1719 361 Et
1742 326 1909 371 quicquid
1935 336 1979 362 ex
2002 326 2203 363 huiusmodi
2225 327 2331 364 rebus

1225 373 1244 405 5
1257 373 1340 414 post
1363 369 1499 405 obitum
1521 379 1642 405 eorum
1671 370 1709 406 in
1731 371 1891 416 ipsorum
1915 371 2090 407 facultate
2113 373 2330 415 remanserit,

1257 414 1418 450 iubemus
1453 414 1521 450 hoc
1555 414 1602 450 ad
1633 417 1887 460 proprietatem
1921 417 2152 453 ecclesiarum
2183 427 2332 463 quarum

1258 459 1495 495 sacerdotium
1516 459 1717 496 habuerunt
1741 465 1950 506 competere.
1998 462 2039 497 ln
2062 462 2133 498 illis
2159 462 2251 498 enim
2275 473 2331 499 so-

1257 504 1435 540 lummodo
1470 504 1577 540 rebus
1610 505 1789 542 licentiam
1825 507 1876 542 eis
1910 507 2089 543 alienandi
2126 510 2191 543 aut
2223 507 2331 543 relin-

1258 550 1386 594 quendi
1434 549 1536 585 uibus
1561 550 1734 587 voluerint
1758 551 1894 595 damus,
1925 562 2014 598 quas
2037 555 2121 588 ante
2144 552 2330 598 episcopa-

109 607 185 627 νειν
220 592 269 627 οἷς
303 591 350 627 ἂν
363 593 653 646 ,βουληθείησαν
688 595 950 648 συγχωροῇμεν,
968 590 1081 649 ,ἅπερ
1115 594 1185 650 πρὸ
1205 597 1244 628 10
1257 600 1331 629 tum
1354 605 1420 639 pro
1447 597 1554 630 antur
1569 595 1747 639 habuisse,
1771 600 1854 642 post
1869 597 2114 643 episcopatum
2133 607 2216 633 vero
2240 607 2332 643 quae

108 640 171 680 τῆς
202 639 398 681 ἐπισκοπης
429 635 703 682 ἀποδειχθεῖσιν
735 641 930 682 ἐσχηκοτες,
962 653 984 683 η
1005 639 1096 683 μετὰ
1120 653 1189 683 την

109 682 309 726 ἐπισκοπὴν
341 680 414 718 άπὸ
448 685 524 718 τῶν
556 684 648 718 κατὰ
679 687 779 731 γένος
810 681 928 718 αὐτοῖς
951 687 1189 730 συνημμένων

109 729 156 761 εἰς
177 725 305 762 αὐτοὺς
323 727 521 771 περιέλθοι,
546 727 606 763 οὓς
622 730 661 770 ἐξ
678 727 879 763 ἀδιαθέτου
898 727 1074 764 δύνανται
1088 733 1189 775 μέχρι

109 774 132 808 2
174 772 347 818 τετάρτου
366 774 517 818 βαθμοῦ
539 772 781 817 διαδέχεσθαι.
829 775 947 809 ταῦτα
969 773 1007 809 δὲ
1027 771 1188 817 ἅπαντα,

1257 650 1300 676 ex
1335 649 1464 684 genere
1502 640 1570 674 sibi
1605 641 1794 677 coniuncto
1831 642 1876 678 ad
1911 652 1972 678 eos
2011 643 2198 679 devolutae
2235 644 2331 684 sunt,

1258 685 1386 728 quibus
1408 685 1454 719 ab
1478 684 1647 721 intestato
1674 696 1788 731 usque
1815 687 1862 724 ad
1885 689 2050 733 quartum
2079 687 2229 732 gradum
2251 697 2332 724 suc·

1258 729 1383 765 cedere
1405 731 1611 774 potuerunt.

1257 775 1280 810 2
1327 774 1426 810 Haec
1450 778 1568 810 autem
1591 775 1718 819 omnia,
1749 786 1840 821 quae
1863 776 2015 812 diximus
2038 776 2083 813 de
2105 778 2213 814 rebus
2241 787 2333 822 quae

108 815 202 865 ἅπερ
225 818 414 863 εἰρήκαμεν
438 822 520 864 περὶ
546 821 623 854 τῶν
647 818 875 874 πραγμάτων
905 820 982 874 τῷν
1004 820 1095 864 μετὰ
1120 819 1188 863 τὴν
1206 822 1244 855 15
1257 823 1340 865 post
1373 819 1619 864 episcopatum
1660 820 1845 857 devolutae
1887 825 1970 857 sunt
2012 821 2057 858 ad
2091 823 2332 859 sanctissimos

108 863 309 907 ἐπισκοπὴν
332 867 616 909 περιερχομένων
641 865 687 899 εἰς
706 876 788 899 τους
807 876 1026 899 οσιωτατους
1045 863 1188 901 ἐπισκό-

109 920 213 951 πους,
237 912 297 942 καὶ
321 910 382 943 ἐπὶ
412 911 490 943 τῶν
513 907 791 954 εὖλαβεστοίτων
815 907 1106 957 ὄρφανοτρόφων
1130 914 1190 944 καὶ

108 953 383 1000 πτωχοτρόφων
412 958 471 988 καὶ
497 954 710 1000 νοσοκόμων
741 957 801 988 καὶ
824 954 1099 1001 γεροντοκόμων
1129 958 1188 989 καὶ

1258 865 1461 910 episcopos,
1496 868 1533 900 et
1566 865 1603 901 in
1637 866 1927 902 reverentissimis
1962 867 2262 913 orphanotrophis
2295 871 2333 904 et

1257 909 1527 962 ptocbotrophis
1551 913 1588 963 et
1609 911 1810 964 nosocomis
1833 915 1869 947 et
1887 913 2204 965 gerontocomis-et
2222 922 2333 949 xeno·

1258 955 1381 991 doch1s
1413 957 1449 991 et
1472 955 1635 991 omnibus
1667 956 1746 992 alus
1773 957 1973 992 rectonbus
1995 957 2246 993 venerabilium
2269 957 2332 994 do-

108 997 313 1041 ξενοὸόχων
347 1002 408 1033 καὶ
437 998 591 1035 πάντων
626 1014 704 1035 των
735 998 857 1035 ἄλλων
889 998 1082 1043 διοικητῶν
1111 1003 1189 1035 τῶν
1256 1011 1377 1036 muum
1410 1000 1527 1036 valere
1563 1001 1742 1037 sancimus
1775 1002 1814 1037 in
1843 1002 1951 1038 rebus
1986 1011 2077 1047 quae
2107 1003 2146 1038 in
2175 1006 2335 1048 tempore

108 1048 319 1088 σεβασμίων
348 1045 458 1079 οἴκων
481 1048 626 1090 κρατεῖν
648 1046 875 1091 θεσπίζομεν
898 1047 958 1081 ἐπὶ
981 1049 1053 1080 τοῖς
1077 1044 1184 1092 πράγ-
1203 1048 1244 1080 20
1257 1045 1423 1091 propriae
1447 1045 1762 1082 administrationis
1793 1047 1987 1083 secundum
2013 1047 2236 1093 praedictum
2257 1058 2333 1084 mo-

107 1101 196 1133 μασι
227 1093 299 1124 τοῖς
334 1092 374 1124 ἐν
407 1091 460 1133 τῷ
497 1091 611 1136 καιρῷ
645 1092 707 1135 τῆς
737 1089 828 1125 ἰδίας
859 1089 1063 1133 διοικήσεως
1095 1091 1189 1126 κατὰ

107 1135 175 1169 τὸν
210 1135 241 1168 εἰ
263 1138 395 1178 ημένον
430 1134 569 1182 τρόπον
603 1136 651 1171 εἰς
685 1132 811 1170 αὐτοὺς
845 1139 1135 1182 περιερχομένοις.

107 1180 132 1216 3
179 1180 224 1214 Εἰ
269 1183 289 1214 ε’
308 1191 362 1214 τις
385 1181 578 1216 ἐπίσκοπος
608 1179 632 1224 ἧ
661 1180 823 1235 κληρδικὸς
852 1179 875 1225 ἢ
899 1179 1111 1225 οἱουδήποτε
1134 1183 1188 1215 έκ-

1257 1090 1340 1127 dum
1363 1091 1410 1128 ad
1433 1101 1496 1127 eos
1518 1095 1764 1137 pervenerunt.

1257 1182 1283 1219 3
1329 1181 1367 1217 Si
1389 1181 1468 1226 quis
1491 1183 1610 1217 autem
1635 1181 1824 1227 episcopus
1855 1184 1918 1218 aut
1947 1181 2098 1218 clericus
2128 1184 2193 1217 aut
2216 1181 2334 1218 cuius-

108 1224 359 1268 κλησιαστικοῦ
376 1226 459 1270 βαθ
485 1228 526 1261 οὗ
542 1224 719 1272 ὑπηρέτης
735 1240 756 1270 η
776 1225 959 1270 ἐκκλησίας
976 1224 1188 1261 ὃιακόνισσα
1256 1227 1344 1262 libet
1367 1226 1599 1262 ecclesiastici
1629 1227 1760 1272 gradus
1791 1227 1951 1263 minister
1980 1231 2045 1262 aut
2067 1226 2239 1263 ecclesiae
2258 1226 2334 1262 dia-

108 1269 309 1314 τελευτήσει
340 1269 426 1305 ἄνευ
474 1272 642 1314 ιαθηκῶν
674 1274 733 1305 καὶ
757 1275 921 1315 νομίμων
947 1270 1142 1326 διαζόχων,
1167 1269 1244 1315 ἡ25
1258 1272 1400 1308 conissa
1431 1272 1603 1307 moriatur
1633 1272 1709 1309 sine
1739 1273 1960 1309 testamentis
1990 1274 2028 1308 et
2057 1271 2222 1317 legitimis
2251 1282 2334 1308 suc·

109 1316 252 1350 τούτων
276 1314 424 1359 διαδοχὴ
455 1318 500 1364 τῇ
525 1316 692 1360 ἐκκλησίᾳ
721 1314 921 1363 διαφερέτω
954 1319 994 1352 ἐν
1018 1331 1040 1364 ῃ
1064 1317 1188 1360 ἔτυχον

109 1365 444 1407 κεχειροτονημένοι.

1258 1316 1480 1360 cessoribus‚
1517 1317 1644 1352 horum
1676 1318 1857 1354 successio
1887 1317 2059 1355 ecclesiae
2088 1320 2267 1363 competat
2295 1317 2335 1354 in

1259 1372 1330 1407 qua
1353 1363 1538 1398 constituti
1561 1362 1716 1399 fuerunt.

1076 1494 1234 1532 CAPUT
1257 1495 1356 1533 XIV.

165 1574 367 1619 Κελεὺομεν
391 1572 432 1631 δὲ
452 1572 590 1619 μηδένα
613 1574 794 1621 αἱρετικὸν
817 1573 907 1618 μήτε
930 1574 1022 1608 κατὰ
1046 1574 1191 1618 μίσθω-

108 1632 168 1655 σιν
202 1622 290 1665 μήτε
320 1633 390 1655 κατ
432 1619 773 1677 ἐμφυτευσινιμήτε
807 1618 899 1674 κατὰ
932 1616 1133 1666 ἆγορασίαν
1166 1619 1191 1664 ἢ

1316 1576 1481 1612 Iubemus
1502 1578 1622 1611 autem
1644 1575 1778 1611 nullum
1797 1575 2016 1612 haereticum
2038 1585 2154 1622 neque
2170 1585 2236 1621 per
2249 1584 2336 1612 con-

1259 1621 1462 1657 ductionem
1484 1631 1600 1666 neque
1648 1631 1687 1657 er
1701 1621 1805 1666 emph
1828 1621 1945 1657 teosin
1968 1631 2082 1666 neque
2104 1631 2168 1667 per
2187 1620 2335 1667 emptio-

109 1663 207 1709 ἄλλῳ
227 1662 431 1709 οἱῳδήποτε
454 1677 581 1719 τροπῳ
599 1678 795 1712 πραγματα
819 1669 972 1709 ακίνητα
996 1664 1192 1709 λαμβάνειν
1205 1668 1247 1702 30
1261 1677 1340 1702 nem
1372 1670 1435 1702 aut
1458 1666 1526 1702 alio
1539 1676 1621 1712 ,quo
1636 1666 1711 1702 ibet
1732 1676 1789 1702 mo
1816 1676 1837 1702 0
1868 1676 1927 1703 res
1949 1666 2146 1702 immobiles
2175 1667 2252 1703 acci

109 1708 178 1757 ἀφ’
205 1709 418 1754 οἱαςδήποτε
441 1709 644 1757 αγιωτάτης
675 1709 858 1754 ἐκκλησίας
880 1708 904 1753 ἢ
927 1708 1037 1744 ἄλλον
1060 1714 1188 1754 σεβασ-

1259 1721 1282 1747 a
1305 1712 1462 1757 qualibet
1492 1713 1619 1747 sancta
1646 1711 1798 1747 ecclesia
1827 1714 1890 1747 aut
1920 1712 1989 1748 alio
2019 1711 2214 1748 venerabili
2257 1721 2335 1748 oco.

177 1827 203 1848 c.
224 1813 322 1848 XIV
340 1826 399 1847 om.
413 1812 478 1851 B&
504 1820 593 1847 extat
616 1814 711 1847 etiam
734 1814 767 1847 in
791 1812 843 1846 Βιε
862 1814 976 1854 1,1,53
999 1811 1064 1854 (ΒῙ
1081 1814 1148 1855 1,1,
1163 1819 1210 1856 49,
1234 1815 1289 1847 ubi
1311 1815 1404 1847 initio
1427 1810 1688 1856 Κελεύομεν-
1704 1815 1744 1848 31
1764 1811 1948 1856 ἐκκλησίας
1966 1815 2148 1856 praemisso
2172 1814 2337 1848 adduntur

110 1861 265 1903 epitomae
289 1859 453 1893 Theodori
474 1858 496 1902 ξ
516 1859 569 1893 21.
591 1859 644 1892 22.
666 1860 721 1899 25,
752 1859 794 1902 cf
819 1858 924 1891 Index
946 1859 1079 1900 reyinae
1104 1859 1150 1891 ad
1172 1871 1243 1891 nov.
1273 1859 1444 1900 CXXXI,
1478 1859 1666 1892 Zachariae
1690 1859 1796 1892 Beitr.
1818 1872 1844 1892 z.
1869 1860 1985 1892 Kritt'k
2008 1872 2039 1892 a.
2061 1859 2256 1893 Restitution
2278 1859 2337 1893 der

109 1905 285 1939 Basilika„
305 1917 342 1948 p.
361 1906 426 1947 14).

473 1904 528 1937 Ex
546 1904 581 1937 B
605 1905 731 1937 exhibet
753 1915 804 1946 pr.
820 1903 998 1937 Nomocflm
1009 1903 1073 1936 XI
1078 1903 1165 1937 Vtit.
1183 1906 1235 1945 10,
1250 1911 1279 1945 8,
1303 1904 1324 1948 ξ
1342 1906 1372 1939 2.
1390 1906 1410 1939 3
1433 1906 1487 1946 (ex
1502 1905 1537 1937 B
1557 1905 1585 1945 1,
1602 1912 1631 1938 51
1648 1905 1696 1945 [=
1713 1906 1774 1946 53])
1798 1903 1977 1938 Nomos-‚dm
2000 1904 2060 1937 XI
2065 1904 2155 1938 Vtit.
2173 1905 2224 1946 10,
2238 1910 2268 1939 6.
2291 1921 2340 1933 -,

110 1951 259 1984 Summas
278 1957 430 1993 praestat
452 1949 584 1983 Nomoc.
599 1949 658 1982 XI
665 1949 751 1982 Vtit.
769 1950 818 1990 10,
834 1956 850 1982 8
869 1961 903 1991 p.
919 1949 994 1982 586.
1021 1950 1088 1982 584
1106 1948 1212 1982 Pitra.

103 2094 285 2131 personas
308 2082 382 2118 allo
406 2082 512 2118 modo
538 2081 793 2117 transmittant.
841 2080 899 2116 Ad
920 2081 1144 2126 captivorum
1177 2086 1295 2116 autem
1318 2080 1598 2128 redemptionem
1620 2083 1656 2116 et
1674 2090 1880 2127 pauperum
1910 2081 2081 2117 alimenta
2109 2084 2146 2118 et
2175 2081 2225 2117 ad
2245 2081 2339 2118 alias

109 2133 132 2167 1
174 2129 261 2176 pias
284 2138 425 2169 causas,
458 2126 517 2163 vel
538 2127 588 2162 ad
610 2126 833 2162 commodum
862 2126 1033 2161 ecclesiae
1063 2137 1151 2162 suae
1182 2136 1232 2161 ex
1255 2125 1311 2161 Izis
1334 2126 1516 2172 impensas
1543 2125 1710 2177 faciendi
1738 2126 1954 2171 facultatem
1976 2125 2142 2162 habeant.
2232 2125 2283 2162 Et
2305 2127 2341 2162 si

110 2174 199 2221 quid
219 2184 268 2210 eoe
291 2171 466 2209 eiusmodi
486 2171 592 2208 rebus
613 2175 701 2218 post
722 2182 846 2208 eorum
869 2176 1019 2206 mortem
1050 2171 1088 2205 in
1113 2172 1214 2207 bonis
1244 2181 1368 2206 eorum
1393 2175 1574 2213 mans-ern,
1610 2171 1770 2206 iubemus
1801 2170 1870 2206 hoc
1898 2170 1949 2206 ad
1970 2170 2165 2207 dominium
2187 2172 2338 2207 sanctis-

108 2221 280 2256 simarum
312 2218 543 2254 ecclesiaram
599 2228 727 2253 aarum
758 2215 999 2252 sacerdotium
1032 2216 1236 2252 habuerunt
1263 2216 1456 2262 pertinere.
1503 2214 1549 2251 In
1579 2215 1654 2251 illis
1682 2216 1775 2251 enim
1807 2215 2052 2252 tantummodo
2082 2216 2190 2252 rebus
2215 2215 2338 2262 facul—

111 2270 218 2301 tatem
242 2263 427 2300 alienandi
456 2262 512 2299 vel
533 2228 761 2308 reqinquendi
789 2261 1000 2307 cuicumque
1027 2261 1207 2297 voluerint
1235 2261 1280 2296 iis
1303 2260 1539 2303 concedimus,
1570 2271 1663 2307 qaas
1693 2265 1776 2296 ante
1805 2262 2051 2308 episcopatum
2081 2272 2143 2297 eos
2173 2260 2340 2313 habuisse

104 2310 302 2357 probatum
324 2310 382 2352 sit,
414 2319 551 2354 quaeve
574 2312 665 2355 post
687 2308 935 2354 episcopatum
966 2311 1169 2353 susceptum
1201 2306 1246 2341 ab
1269 2307 1314 2342 iis
1345 2307 1408 2352 qui
1430 2317 1563 2353 qenere
1592 2306 1666 2341 illis
1696 2307 1812 2341 iuncti
1830 2310 1916 2342 sunt
1945 2305 1996 2342 ad
2015 2317 2077 2343 eos
2093 2309 2337 2353 per-venenat,

109 2357 133 2391 2
181 2355 309 2401 quibus
332 2354 377 2389 ab
402 2354 571 2389 intestato
596 2363 710 2398 usque
733 2351 782 2387 ad
805 2355 974 2398 quartum
1004 2350 1160 2397 qradum
1189 2351 1380 2387 succedere
1397 2356 1564 2398 possunt.
1659 2350 1760 2386 Haec
1783 2362 1867 2387 vero
1892 2352 2030 2393 omnia,
2062 2362 2156 2398 quae
2177 2350 2339 2387 diximus

110 2402 154 2436 de
176 2400 283 2436 rebus
311 2402 396 2446 post
426 2399 672 2445 episcopatum
702 2401 906 2444 susceptum
935 2395 985 2431 ad
1014 2396 1262 2432 sanctissimos
1292 2397 1485 2443 episcopos
1508 2395 1812 2443 pervenientibus,
1843 2396 1951 2432 etiam
1983 2395 2027 2431 de
2057 2395 2338 2443 reliqiosissimis

111 2443 421 2492 orphanotrophis
451 2447 487 2479 et
512 2442 792 2489 ptochotrophis
823 2447 858 2478 et
886 2441 1090 2477 nosocomis
1119 2444 1156 2477 et
1184 2442 1447 2487 gerontocomis
1474 2445 1511 2478 et
1531 2440 1757 2477 xenodochis
1787 2445 1823 2476 et
1845 2442 1973 2477 ceteris
2001 2441 2165 2477 omnibus
2189 2440 2338 2476 admini-

109 2490 328 2526 stratoribus
350 2489 604 2525 venerabilium
627 2488 796 2523 domuum
819 2487 939 2523 valere
961 2487 1142 2522 sancimus
1165 2486 1203 2521 in
1226 2486 1333 2522 rebus
1356 2498 1450 2533 quae
1475 2491 1633 2533 tempore
1655 2486 1980 2522 administrationis
2002 2497 2127 2522 corum
2147 2485 2339 2533 praedicto

110 2536 135 2572 3
179 2535 283 2570 modo
314 2535 364 2570 ad
394 2541 456 2570 eos
483 2534 706 2580 perveniant.
799 2531 937 2576 Quodsi
967 2532 1032 2578 qui
1062 2532 1254 2579 episcopus
1285 2532 1343 2568 vel
1372 2531 1525 2568 clericus
1556 2531 1611 2568 vel
1639 2531 1910 2577 qualiscumque
1939 2531 2171 2567 ecclesiastici
2201 2530 2339 2582 qradtqs

110 2581 271 2616 minister
294 2580 350 2615 vel
370 2579 542 2615 ecclesiae
564 2578 771 2613 diaconissa
794 2578 970 2623 defuncta
1000 2578 1048 2613 sit
1077 2577 1155 2613 sine
1187 2580 1396 2613 testamento
1427 2582 1463 2613 et
1493 2576 1661 2623 leqitimis
1691 2577 1975 2620 successoribus,
2006 2587 2131 2612 eoram
2161 2585 2340 2612 success-to

111 2625 160 2661 ad
182 2625 367 2661 ecclesiam
390 2625 428 2659 in
452 2635 525 2670 qua
549 2623 735 2659 constituti
758 2627 864 2658 erant
912 2622 1078 2658 ertincat.

245 2670 341 2705 XIV.
390 2668 557 2704 labemus
580 2672 699 2704 autem
721 2668 858 2703 nullum
907 2668 1100 2703 aereticum
1123 2678 1168 2702 ne
1194 2677 1238 2703 ue
1254 2678 1327 2714 per
1349 2666 1619 2703 conductionem
1641 2677 1757 2712 neque
1807 2676 1847 2702 er
1866 2664 1971 2712 emph
1999 2666 2114 2701 teusin
2137 2675 2252 2716 neque
2271 2674 2341 2711 per

111 2716 324 2761 emptionem
348 2717 411 2749 aut
434 2714 507 2749 alio
532 2713 608 2748 ullo
632 2712 739 2749 modo
761 2723 820 2748 res
843 2712 1038 2748 immobiles
1068 2713 1113 2749 ab
1137 2724 1162 2748 u
1178 2713 1214 2749 la
1234 2713 1463 2749 sanctissima
1485 2711 1635 2748 ecclesia
1665 2712 1722 2747 vet
1744 2722 1767 2746 a
1782 2711 1817 2746 io
1841 2721 1972 2747 venera
1996 2710 2038 2746 ili
2060 2710 2140 2746 loco
2164 2719 2341 2756 accaperc.

184 2852 198 2883 1
224 2850 535 2893 μεταφέρειναηῑε
559 2850 635 2889 661,
653 2855 689 2882 28
711 2846 758 2880 εἰς
781 2844 891 2880 ἰδίους
914 2848 987 2881 coll.
1009 2848 1040 2881 L
1065 2847 1078 2890 ΙΙ
1103 2849 1123 2881 2
1148 2846 1195 2880 εἰς

113 2908 171 2929 om.
193 2907 212 2931 ς
240 2895 252 2938 ΙΙ
282 2895 302 2927 3
327 2890 350 2936 ἢ
375 2906 432 2926 om.
457 2893 486 2926 C'
505 2893 517 2935 ΙΙ
543 2894 563 2926 6
587 2895 702 2936 μείνοι
728 2892 759 2925 L
794 2887 972 2938 ἇπομείνῃ
996 2887 1195 2936 (ἇπομείνει

118 2943 186 2975 Gv.
200 2940 235 2979 l.)
259 2939 325 2973 AG
339 2939 352 2982 ss
368 2938 475 2971 τοῦτο
498 2950 557 2970 om.
574 2937 627 2980 Cn
647 2940 664 2970 7
690 2932 713 2969 οἱ
740 2939 808 2970 ίων
832 2938 916 2979 Εοί.,
941 2950 1000 2971 om.
1019 2948 1039 2973 ς
1057 2937 1069 2981 ΙΙ
1086 2939 1106 2971 8
1129 2935 1195 2981 μό-

112 2995 187 3019 νοις
209 2984 308 3027 ΑΟΙΙ
335 2985 356 3018 9
381 2979 500 3016 αὐτοῖς
524 2994 584 3015 om.
610 2983 682 3015 Ecl.
713 2949 787 3024 ffr’y‘]
820 2984 879 3014 καὶ
906 2982 935 3015 0
957 2982 971 3026 Ι]
1002 2983 1042 3017 10
1066 2980 1194 3025 βουλη-

113 3031 217 3065 θεῖεν
240 3030 272 3063 Α
294 3029 307 3073 ΙΙ
336 3030 374 3064 11
389 3041 436 3071 sq.
461 3025 484 3070 ἢ
506 3025 598 3071 μετὰ
623 3046 667 3051 --
691 3029 940 3078 συνημμένων]
970 3030 1044 3071 post
1068 3028 1194 3070 episeo-

112 3079 227 3119 patum
243 3076 354 3107 autem
371 3083 454 3116 quae
471 3083 509 3105 ex
523 3082 644 3114 genere
659 3072 724 3104 sibi
741 3075 919 3104 comuncto
936 3084 955 3108 ς
973 3074 986 3115 ΙΙ
1006 3074 1045 3106 12
1062 3083 1193 3115 συνημ-

113 3122 246 3165 μένων]
270 3120 465 3164 εἰρημένων
481 3117 559 3161 B‘ss
581 3119 620 3151 13
645 3114 821 3162 περιέλθῃ
840 3118 956 3150 ΑΕεῖ.
974 3117 987 3159 ΙΙ
1008 3120 1048 3151 14
1071 3117 1195 3151 πάντα

116 3167 179 3200 ΑΟ
193 3166 207 3209 ΙΙ
226 3167 264 3200 15
288 3163 382 3198 κατὰ
405 3164 476 3197 Eel.
495 3163 508 3207 ΙΙ
527 3164 568 3197 16
592 3158 812 3217 ἁγιωτάτους
831 3162 903 3194 Ecl.
924 3161 936 3205 ss
955 3165 992 3196 17
1019 3162 1079 3195 ἐπὶ
1105 3160 1194 3197 πάν-

114 3223 191 3245 των
220 3210 308 3253 τῶν,
341 3223 399 3243 om.
425 3206 715 3254 ὀρφανοτροφων
740 3226 778 3229 -
809 3208 850 3240 19
873 3206 950 3240 τῶν
975 3205 1097 3240 ἄλλων
1125 3208 1155 3241 C
1183 3205 1196 3250 ΙΙ

116 3259 154 3291 21
182 3255 311 3288 οἰκείας
333 3256 364 3289 Α
391 3255 404 3297 ΙΙ
435 3255 478 3288 22
501 3254 790 3299 περιερχομένους
813 3251 863 3299 L⁰
898 3253 1194 3295 περιερχομένων,

116 3316 142 3334 υ.
155 3303 175 3334 l.
192 3302 463 3345 περιερχομένου
483 3300 512 3333 C
525 3298 538 3343 ΙΙ
555 3299 596 3332 23
616 3296 656 3331 δὲ
674 3296 813 3330 om.Ecl.
826 3296 836 3338 ΙΙ
848 3293 1064 3337 οἱοσδήποτε
1080 3295 1163 3330 ΑΒΓ
1182 3299 1194 3339 ΙΙ

116 3344 406 3388 ἐκκλησιαστικοῦ
423 3358 481 3378 om.
492 3343 672 3379 Nemeam
687 3342 701 3386 ΙΙ
718 3342 759 3375 25
773 3338 972 3383 τελευτήσει
990 3341 1193 3382 LNomoc.‘¹]

116 3387 304 3437 τελευτήσῃ
317 3391 354 3423 Β
375 3387 579 3432 τελευτήσοι
593 3387 865 3423 ΔΟΜΝοιηοε.’”
881 3386 905 3439 ΙΙΙ
912 3383 970 3419 δια
977 3384 1088 3440 θήκης
1097 3386 1168 3419 Ecl.
1182 3386 1194 3429 ΙΙ

117 3439 158 3470 26
187 3434 316 3470 τούτου
342 3435 394 3469 Bt
417 3436 429 3479 Ι]
459 3436 498 3468 ἐν
529 3447 588 3468 om.
612 3434 643 3467 L
669 3432 683 3472 ΙΙ
715 3434 758 3467 28
778 3444 824 3475 sq.
857 3443 948 3475 μητε
972 3450 1014 3454 -
1037 3442 1127 3483 μητε
1149 3449 1195 3455 —

116 3481 205 3524 μήτε
221 3483 264 3522 Δ]
288 3478 378 3524 μηδὲ
394 3499 435 3504 -
451 3477 541 3524 μηδὲ
557 3499 599 3505 -
615 3475 706 3523 μηδὲ
722 3476 883 3511 MGLB
897 3478 910 3514 ΙΙ
937 3476 979 3509 29
1003 3487 1094 3519 μητε
1109 3472 1191 3508 κατ’

118 3523 334 3605 istm
348 3526 613 3614 antistis
636 3517 1195 3611 ’ὲῑθέέἦῖηεὲῑῖὲήτεῑῖὲεῆ

119 3619 157 3650 31
184 3613 395 3661 ἁγιωτάτης]
432 3615 546 3648 αἰτίας
573 3616 602 3649 C
631 3616 710 3658 (pro
734 3626 796 3657 quo
819 3612 1039 3656 corriqendum
1067 3607 1195 3655 ἁγίας),
1225 3628 1227 3643 ι

118 3665 230 3693 sancta
254 3673 283 3701 ς,
307 3661 443 3694 om.AL

1328 2849 1344 2881 1
1364 2848 1582 2890 captivorum]
1607 2848 1707 2889 caput
1724 2856 1836 2878 eorum
1854 2845 1902 2878 R¹
1919 2843 1931 2888 ΙΙ
1949 2847 1969 2879 4
1986 2844 2084 2878 rebus
2101 2856 2161 2877 om.
2177 2844 2207 2877 R
2224 2843 2237 2886 11
2254 2845 2274 2878 5
2290 2843 2342 2877 fa-

1262 2892 1419 2925 cultatem
1440 2893 1472 2926 T
1483 2893 1496 2936 Ι]
1513 2894 1533 2927 6
1554 2892 1595 2924 ad
1610 2891 1791 2924 utilitatem
1806 2890 1856 2923 R*
1872 2890 1885 2933 fl
1903 2892 1921 2923 7
1946 2889 2125 2922 habuerint
2148 2888 2205 2932 ΤΙ]
2223 2890 2243 2922 9
2259 2899 2341 2930 quas

1263 2938 1361 2981 vulo]
1386 2948 1469 2979 quae
1494 2937 1598 2970 RVT
1617 2935 1630 2981 fl
1650 2939 1692 2970 10
1715 2935 1775 2977 qui
1802 2936 1833 2968 T
1841 2935 1852 2956 ¹
1869 2935 1882 2978 Ι]
1902 2936 1942 2969 13
1965 2935 2146 2977 potuerunt
2173 2933 2266 2984 RV]-
2281 2943 2339 2976 po-

1263 2983 1390 3015 tuerint
1417 2983 1448 3016 T
1473 2984 1632 3024 poterunt
1651 2982 1736 3025 only.
1753 2981 1766 3023 1]
1787 2981 1828 3014 16
1852 2981 1896 3021 et]
1921 2982 1960 3012 ut
1981 2977 2037 3022 Vl!
2057 2979 2339 3011 reuerentissimos

1271 3027 1303 3060 V
1315 3027 1327 3070 ΙΙ
1345 3030 1377 3060 et
1392 3026 1635 3060 totochotochis
1653 3026 1696 3066 R,
1713 3038 1769 3059 om.
1792 3024 1857 3058 VT
1873 3023 1886 3067 ΙΙ
1915 3026 1951 3058 17
1969 3022 2164 3056 nosocomiis
2180 3022 2213 3056 R
2237 3033 2340 3057 noxo-

1263 3072 1402 3105 ohomiis
1423 3072 1456 3105 T
1469 3071 1482 3115 ΙΙ
1497 3073 1530 3104 et
1552 3069 1792 3112 gerontocomis
1814 3070 1847 3101 et
1868 3067 2057 3101 xeodochiis
2078 3067 2110 3101 V
2129 3069 2162 3099 et
2182 3070 2340 3109 geronto-

1262 3117 1401 3150 chomiis
1427 3119 1459 3148 et
1481 3115 1700 3148 xetiodochiis
1726 3115 1758 3147 T
1799 3115 1832 3146 et
1854 3113 2053 3146 xenodochis
2084 3113 2269 3153 (zenodotis
2293 3112 2340 3154 R)

1262 3164 1294 3195 et
1308 3161 1550 3204 gerontocomis
1570 3160 1699 3203 Rvuly.
1716 3157 1730 3203 [1
1747 3159 1789 3192 20
1809 3157 2026 3191 estimationis
2049 3158 2078 3190 R
2094 3158 2107 3199 ΙΙ
2126 3158 2167 3191 23
2178 3158 2266 3191 rubr.
2291 3157 2340 3190 De

1261 3207 1463 3240 successione
1486 3205 1528 3238 ab
1543 3205 1700 3237 intestato
1721 3203 1876 3236 ueniente
1900 3202 2047 3245 episcopi
2070 3202 2126 3235 uel
2148 3202 2260 3235 clerici
2283 3201 2340 3236 uel

1261 3251 1439 3284 cuiuslibet
1468 3249 1622 3291 religiose
1650 3259 1787 3291 persone
1819 3248 2068 3289 (cuiuscumque
2098 3257 2238 3290 persone
2261 3246 2340 3281 reli-

1260 3297 1352 3338 giose
1371 3296 1419 3335 T)
1444 3295 1514 3328 ΒΤ
1533 3296 1564 3327 in
1589 3307 1689 3337 marq.
1715 3296 1768 3335 (ετ
1783 3293 1860 3334 Iul.)
1875 3294 1887 3335 ΙΙ
1915 3295 1957 3327 24
1982 3292 2162 3325 ecclesiasti
2184 3292 2238 3336 Vss
2264 3301 2340 3335 gra·-

1262 3342 1336 3382 dus]
1361 3339 1557 3381 ordigradus
1583 3339 1636 3372 Ta
1653 3339 1666 3382 ss
1688 3338 1870 3371 diaconisse
1895 3338 1963 3371 RT
1993 3337 2198 3370 diaconissae
2221 3335 2339 3382 vuly.fl

1262 3388 1304 3420 25
1330 3386 1516 3418 moriantur
1541 3385 1572 3417 R
1592 3385 1679 3424 vulq.
1708 3383 1721 3427 Ι]
1748 3382 2008 3416 successionibus
2033 3382 2081 3415 T¹
2110 3382 2123 3426 ΙΙ
2152 3383 2195 3416 26
2219 3382 2255 3414 in
2280 3394 2338 3416 om.

1263 3430 1357 3473 RTu
1373 3431 1414 3464 27
1440 3429 1566 3462 fuerint
1589 3429 1751 3472 RTvulq.
1767 3428 1780 3472 ΙΙ
1800 3430 1841 3462 28
1855 3430 1942 3462 rubr.
1966 3428 2016 3460 De
2036 3426 2262 3461 contractibus
2285 3435 2340 3459 eo-

1263 3485 1337 3508 rum
1368 3474 1427 3516 qui
1457 3484 1524 3507 uon
1556 3476 1680 3507 rectam
1710 3473 1807 3506 fidem
1837 3474 2029 3516 reciperunt
2053 3473 2086 3506 T
2105 3474 2138 3506 in
2162 3485 2264 3514 marq.
2286 3471 2340 3511 (σε

1262 3521 1340 3560 Iul.)
1358 3518 1371 3562 ΙΙ
1388 3519 1587 3552 haereticum
1610 3520 1656 3560 V]
1680 3518 1918 3551 haereticorum
1934 3518 2004 3551 ΒΤ
2012 3518 2097 3561 vulq.
2116 3516 2129 3557 ΙΙ
2146 3518 2188 3551 29
2205 3515 2339 3549 enfiteo-

1263 3564 1314 3598 sin
1342 3565 1374 3598 T
1397 3565 1410 3607 Ι]
1437 3566 1479 3598 30
1503 3565 1650 3607 accipere
1674 3583 1716 3588 —
1745 3564 1821 3604 663,
1841 3570 1857 3596 6
1881 3562 2111 3596 communione
2142 3574 2204 3595 scr.
2231 3559 2284 3594 1⁷⁸
2305 3561 2339 3594 in

1263 3617 1346 3653 spat.
1363 3622 1433 3643 vac.
1452 3611 1495 3653 δὲ
1511 3623 1558 3642 vv.
1579 3611 1590 3653 ΙΙ
1607 3611 1647 3645 31
1673 3609 1759 3650 Ιοοο]
1783 3608 1855 3641 loco
1879 3618 1899 3641 a
1922 3618 1987 3650 quo
2012 3607 2108 3646 etiam
2135 3606 2186 3641 13⁰
