2592 3840
289 92 397 136 Nov.
415 92 551 137 XCVI
579 96 605 136 2

289 202 483 247 ἐποιήσατο
508 204 574 239 τὸν
597 202 810 239 ὑπεύθυνον
839 203 907 238 τὸν
930 202 1040 239 αὑτοῦ
1065 201 1164 250 παρά
1187 218 1261 240 τινι
1283 206 1361 240 τῶν

290 246 537 289 ἐνδοξοτάτων
584 246 676 292 (μῶν
707 246 907 304 ἀρξόντων,
943 249 1019 283 εἶτα
1049 247 1069 284 ὁ
1101 247 1290 296 γενόμενος
1320 252 1360 284 ἐν

289 290 463 327 εὐθύναις
496 292 543 327 οἷς
597 294 618 336 ὴ
647 297 706 327 καὶ
730 293 838 328 αυτὸς
865 294 933 327 τὸν
956 293 1132 340 ἐνάγοντα
1154 292 1362 330 ὑπεύθυνον

290 340 383 380 ἔχων
418 335 507 382 παρ’
545 339 655 383 ἑτέρῳ
689 339 820 372 τοῦτον
855 337 989 373 εἵλκυσε
1021 337 1182 386 δικαστῇ.
1231 344 1294 374 καί
1325 354 1362 374 τι

290 381 496 426 παράδοξον
520 385 672 429 ἐγίνετο·
699 381 822 426 ἐπειδὴ
844 383 914 430 γὰρ
929 383 1094 431 ἑκάτερος
1115 382 1190 428 ἰδίᾳ
1212 386 1279 428 τὴν
1295 386 1359 419 τοῦ

289 428 475 473 ἐνάγοντος
500 428 615 470 ἐπεῖχε
637 426 755 469 τάξιν,
789 425 945 463 ἐλεεινόν
967 443 1003 463 τι
1025 432 1086 462 καὶ
1132 428 1246 464 ελοῖον
1269 429 1360 463 κατὰ

288 470 425 506 ταύτὸν
449 476 668 517 συνέβαινεν.
716 469 791 516 ἅμα
821 473 890 519 γὰρ
921 475 952 507 εἰ
983 442 1177 518 βουληιζείη
1211 486 1263 508 τις
1293 475 1360 517 τὴν

289 518 423 550 οἰκείαν
446 518 591 560 κινῆσαι
615 515 729 560 δίκην,
753 514 862 551 εὐθὺς
884 516 903 551 ὁ
922 515 1241 564 ἀνταιτιασάμενος
1261 519 1359 564 παρὰ

288 562 435 607 θατέρῳ
467 563 545 596 τῶν
569 560 751 596 δικαστῶν
781 561 895 597 εἷλκεν
926 560 1040 597 αὐτὸν
1068 561 1158 610 παρ’
1185 561 1230 600 ὃν
1253 561 1360 598 αὐτὸς

1353 89 1438 139 468

2069 107 2131 139 DE
2158 105 2494 139 &molimus

1426 205 1558 240 tionem
1581 203 1667 240 fecit
1688 204 1880 250 obligatum
1907 204 1975 240 sibi
1998 204 2094 251 apud
2117 205 2289 250 quendam
2311 206 2492 250 gloriosis-

1428 250 1595 285 simorum
1624 253 1826 285 nostrorum
1856 250 2027 293 iudicum,
2061 249 2187 285 deinde
2218 251 2277 296 qui
2299 250 2415 287 factus
2438 253 2494 287 est

1428 295 1464 329 in
1488 294 1718 330 conventione
1746 298 1926 340 tamquam
1952 298 1989 330 et
2015 295 2091 348 ipse
2121 299 2277 330 actorem
2300 295 2372 331 obli
2395 299 2492 332 atum

1429 339 1564 374 habens
1594 348 1617 374 a
1643 339 1691 374 ud
1713 339 1820 375 alium
1847 349 1927 375 eum
1948 341 2060 375 traxit
2081 338 2243 375 iudicem.
2290 339 2340 375 Et
2399 340 2492 386 'quid

1396 388 1414 420 5
1427 383 1610 428 inopinab‘
1626 393 1645 419 e
1667 383 1796 419 fiebat:
1822 384 1905 429 quia
1927 385 2019 420 enim
2042 386 2190 429 uterque
2212 394 2370 421 seorsum
2392 389 2491 421 aeto·

1428 429 1477 464 ris
1502 429 1638 464 obtinet
1660 426 1832 472 officium,
1856 428 2092 465 miserandum
2115 429 2278 474 quiddam
2301 431 2338 464 et
2358 429 2492 465 risibile

1427 474 1465 508 in
1488 473 1581 508 idem
1604 474 1782 509 veniebat:
1822 485 1904 510 mox
1934 474 2026 510 enim
2057 484 2137 509 cum
2167 474 2335 510 voluisset
2365 474 2492 520 aliquis

1427 519 1608 563 propriam
1641 528 1780 554 movere
1812 519 1924 562 litem,
1962 522 2109 564 repente
2142 518 2173 554 is
2207 519 2267 563 qui
2300 528 2320 554 e
2355 519 2491 555 diverso

1429 567 1640 598 convenerat
1662 563 1757 608 apud
1780 563 1889 598 alium
1911 563 2078 606 iudicum,
2105 563 2270 599 trahebat
2293 573 2372 599 eum
2394 563 2492 610 apud

288 606 514 651 ἐκληρώσατο
539 605 722 650 δικαστήν,
755 604 919 650 ἀλλήλους
939 621 980 642 τι
1002 608 1243 653 περιέλκοντα
1263 606 1359 642 ἀθά·
1376 612 1415 644 10
1428 618 1531 653 quem
1545 608 1624 652 ipse
1635 608 1781 643 sortitus
1795 607 1915 644 fuerat
1929 609 2090 653 iudicem,
2105 612 2142 643 et
2153 609 2342 644 alterutros
2355 613 2491 654 protra-

287 654 309 687 1
355 663 449 685 νατα
474 649 530 684 διέ
572 665 637 686 νον
662 649 899 697 δικαζόμενοι.
980 655 1203 698 Θεσπίζομεν
1225 658 1359 696 τοίνυν,

287 696 322 729 εἴ
341 707 394 729 τις
417 665 627 731 ὖπεύέῗνον
650 697 762 730 οἴεται
785 700 878 739 ἐχειν
897 698 965 732 τὸν
985 695 1068 732 κατ’
1089 696 1198 733 αὐτοῦ
1218 698 1287 741 τὴν
1308 699 1359 732 αἰ-

286 744 407 775 τίασιν
439 740 682 786 ἀποθέμενον,
715 742 764 787 μὴ
800 739 891 789 παρ’
923 744 1033 788 ἑτέρῳ
1069 741 1232 791 δικαστῇ.
1268 740 1358 777 ἀλλὰ

287 786 386 840 παρὰ
410 783 533 829 ταύτῷ
558 783 669 821 εὐθὺς
693 787 737 842 ἐξ,
754 784 860 833 ἀρχῆς
884 788 1088 830 αἰτιᾶσθαι,
1118 791 1177 822 καὶ
1207 789 1274 823 τὸν
1298 785 1359 822 αὖ·

1427 654 1448 688 1
1490 653 1614 687 hentes
1633 653 1866 689 inmortaliter
1881 657 2148 698 permanserunt
2166 653 2353 698 litigantes.
2404 653 2491 689 San·

1428 698 1539 733 cimus
1559 697 1676 741 igitur,
1697 697 1727 733 si
1742 697 1820 742 quis
1838 699 2028 734 obnoxium
2046 698 2242 735 arbitratur
2261 698 2392 734 habere
2410 708 2492 734 eum

1427 742 1488 787 qui
1508 748 1632 777 contra
1652 752 1691 778 se
1705 743 1970 779 conventionem
1986 743 2159 788 exposuit,
2181 753 2254 779 non
2272 744 2367 789 apud
2382 743 2492 779 alium

1426 787 1594 829 iudicem,
1626 787 1689 823 sed
1712 788 1807 832 apud
1836 797 1917 823 eum
1944 798 2027 824 mox
2050 798 2072 823 a
2094 788 2267 833 principio
2293 788 2491 830 convenire.

286 843 355 864 τον
370 830 463 865 εἶναι
479 829 654 875 δικαστὴν
677 833 722 887 {9⁹
735 833 923 887 ,ἑκατέρας
945 831 1164 877 {matema
1212 835 1242 867 εἰ
1265 831 1306 867 δέ
1319 846 1359 880 γε
1375 836 1414 869 15
1427 835 1463 868 et
1483 832 1632 867 eundem
1656 842 1733 867 esse
1755 832 1908 869 iudicem
1930 833 1968 868 in
1987 836 2136 878 utroque
2158 833 2310 877 negotio.
2351 833 2390 868 Si
2408 843 2491 869 vero

286 875 396 917 τυχὸν
416 872 629 922 ἀπαρέσειεν
653 890 751 920 αυτῳ
775 890 795 911 ο
822 890 896 924 παρ
936 878 966 920 ᾧ
990 878 1059 921 τὴν
1082 875 1186 921 δίκην
1210 876 1358 921 ἀπεκλη-

286 920 429 965 ρώσατο
446 918 624 964 δικαστής,
649 922 793 962 ἔξεστιν
809 919 908 965 αὐτῷ
932 926 992 956 καὶ
1006 924 1114 957 τοῦτο
1134 924 1359 969 ἐπανορθοῦ-

286 966 389 999 σθαι.
433 966 543 1000 εἴκοσι
557 967 624 1013 γὰρ
640 963 783 1013 ἡμερῶν
802 968 1033 1013 προθεσμίαν
1054 966 1239 1002 ἐνδόντων
1257 964 1360 1013 ἧμῶν

285 1010 376 1054 μετὰ
399 1011 468 1053 τὴν
490 1013 554 1045 τοῦ
577 1010 720 1056 βιβλίου
744 1011 904 1055 πομπήν,
937 1009 1027 1057 μεθ’
1043 1010 1100 1067 ,ἣν
1131 1011 1185 1046 δεῖ
1206 1026 1360 1058 προκατ-

1427 878 1549 913 forsan
1581 877 1798 922 displicuerit
1828 878 1861 912 ei
1890 877 1986 923 apud
2016 887 2120 923 quem
2149 877 2243 913 litem
2269 878 2416 914 sortitus
2438 881 2493 914 est

1427 922 1550 965 iudex,
1585 922 1668 957 licet
1698 922 1731 957 ei
1760 922 1866 957 etiam
1896 923 1964 958 hoc
1995 923 2191 958 emendare.
2238 922 2372 966 Viginti
2398 923 2491 958 enim

1429 967 1564 1002 dierum
1587 967 1741 1003 indutias
1761 967 1927 1003 dantibus
1950 967 2054 1003 nobis
2077 970 2159 1012 post
2181 967 2290 1003 libelli
2308 967 2491 1003 transmis-

1429 1013 1580 1055 sionem,
1614 1015 1697 1057 post
1730 1022 1836 1057 quam
1870 1016 2012 1057 oportet
2043 1012 2140 1047 litem
2168 1012 2376 1056 contestari,
2408 1012 2493 1048 lieet

286 1054 474 1101 ἄρχεσθαι,
499 1056 642 1096 ἔξεστιν
657 1057 743 1090 εἴσω
757 1058 820 1113 τῆς
836 1059 1015 1136 εἰρέζιένης
1031 1059 1359 1114 ανακωχῇςέπαραι-
1373 1060 1415 1092 20
1427 1058 1522 1092 intra
1537 1058 1754 1102 praedictam
1769 1058 2035 1103 suspensionem
2050 1056 2206 1093 refutare
2225 1056 2364 1101 quidem
2382 1056 2491 1100 illum,

286 1100 474 1143 τήσασθαι
492 1103 559 1145 μὲν
578 1103 723 1145 ἐκεῖνον,
747 1105 867 1147 ετέρου
907 1116 923 1135 ε
938 1106 1066 1145 τυχεῖν,
1091 1115 1165 1147 παρ
1200 1116 1230 1146 ῳ
1248 1102 1359 1138 παλιν

285 1143 418 1189 ὁμοίως
435 1146 609 1193 ἑκατέραν
629 1144 878 1194 ἀγωνίζεσθαι
901 1147 1064 1193 προςήκει
1085 1145 1196 1190 δίκην,
1220 1151 1280 1182 καὶ
1295 1148 1360 1182 τὰς

285 1189 454 1225 τοιαύτας
476 1194 600 1233 τέχνας
629 1192 719 1226 κατὰ
741 1190 854 1237 μηδὲν
881 1194 1069 1238 γίνεσθαι,
1099 1189 1180 1227 ἀλλ’
1207 1195 1359 1227 ἕκαστον

285 1238 358 1269 τοῖς
388 1237 526 1270 οἰκείοις
560 1238 720 1281 χρῆσθαι
753 1235 909 1271 δικαίοις.
956 1238 986 1270 εἰ
1017 1240 1139 1291 μέντοι
1170 1237 1359 1284 σιγήσειεν,

1427 1102 1535 1137 alium
1551 1112 1632 1138 vero
1648 1102 1775 1138 mereri
1794 1103 1889 1147 apud
1933 1112 2015 1138 uem
2032 1102 2160 1138 iterum
2180 1101 2339 1137 similiter
2357 1105 2491 1137 utram-

1428 1158 1496 1192 que
1534 1147 1688 1182 exerceri
1718 1147 1887 1193 competit
1931 1148 2030 1189 'tem,
2064 1149 2101 1183 et
2130 1146 2301 1182 eiusmodi
2329 1149 2426 1183 artes
2455 1147 2492 1182 in

1427 1193 1524 1228 nullo
1553 1193 1646 1234 fieri,
1678 1192 1741 1228 sed
1764 1201 2048 1237 unumquemque
2073 1191 2219 1237 proprio
2249 1191 2326 1227 iure
2347 1191 2410 1227 uti.
2455 1191 2493 1227 Si

1427 1238 1546 1282 itaque
1569 1237 1733 1281 tacuerit,
1765 1237 1891 1272 deinde
1912 1242 2038 1282 postea
2059 1236 2210 1273 voluerit
2231 1246 2375 1272 causam
2396 1235 2493 1282 apud

286 1280 363 1314 εἶτα
380 1278 533 1336 ὕστερον
548 1281 746 1326 βουληθείη
762 1282 830 1337 τὴν
847 1280 950 1337 δίκην
970 1295 1045 1327 παρ
1083 1282 1192 1327 ἑτέρῳ
1210 1281 1358 1335 δικαστῇ
1373 1285 1413 1318 25
1427 1282 1575 1317 alterum
1608 1282 1759 1317 iudicem
1793 1291 1942 1326 movere,
1976 1283 2222 1318 necessitatem
2251 1281 2385 1318 habere
2412 1290 2493 1317 eum

286 1328 408 1368 κινεῖν,
434 1339 595 1372 αναγκην
619 1329 713 1369 ἔχειν
736 1340 848 1361 αυτον
877 1330 1069 1371 αναμένειν
1098 1327 1141 1361 τὸ
1166 1331 1276 1374 πέρας
1298 1338 1360 1371 της

286 1368 383 1412 δίκης
401 1371 462 1413 τῆς
482 1373 703 1418 ἐπαγομένης
727 1368 828 1414 αὐτῷ
849 1372 948 1418 παρὰ
972 1373 1035 1406 τοῦ
1059 1372 1106 1406 εἰς
1130 1370 1360 1416 δικαστήριον

286 1412 400 1449 αὐτὸν
423 1414 652 1459 ἑλκύσαντος,
683 1420 744 1450 καὶ
767 1414 916 1451 ἐπειδὰν
947 1420 1057 1462 πέρας
1086 1414 1107 1460 ἦ
1140 1415 1219 1460 δίκη
1244 1416 1360 1461 λάβοι,

285 1462 485 1503 τηνικαῦτα
509 1458 623 1496 αὐτὸν
647 1462 715 1505 τὴν
736 1462 870 1513 οἰκείαν
894 1460 1002 1517 δίκην,
1019 1459 1237 1517 παρ”)ἑτερῳ
1262 1461 1359 1496 δικα-

1428 1327 1601 1363 sustinere
1631 1327 1819 1362 terminum
1849 1327 1924 1364 eius
1956 1327 2027 1363 litis
2056 1327 2177 1362 illatae
2199 1326 2268 1362 sibi
2290 1327 2336 1362 ab
2359 1336 2402 1362 eo
2433 1326 2494 1380 qni

1428 1382 1507 1407 eum
1530 1373 1566 1407 in
1590 1372 1759 1408 iudicium
1782 1373 1907 1416 traxit,
1939 1375 1976 1408 et
1998 1373 2081 1407 dum
2103 1372 2208 1408 finem
2235 1371 2280 1407 lis
2303 1373 2493 1417 acceperit,

1426 1422 1514 1452 tuno
1547 1427 1627 1452 eum
1658 1427 1758 1452 suam
1789 1427 1935 1453 causam
1965 1417 2061 1463 apud
2091 1417 2199 1452 alium
2227 1416 2380 1453 iudicem
2408 1426 2493 1462 pro-

1427 1472 1575 1507 ponere,
1611 1465 1652 1497 ut
1681 1462 1733 1497 ita
1763 1463 1853 1498 tales
1885 1473 2007 1498 eorum
2033 1462 2235 1498 auferamus
2264 1464 2361 1498 artes
2389 1464 2427 1497 et
2454 1460 2494 1497 in

285 1507 353 1552 στῇ
370 1506 605 1550 προτιθέναι,
631 1507 691 1540 ἵνα
707 1503 804 1541 οὕτω
824 1506 886 1540 τὰς
900 1518 1068 1541 τοιαυτας
1084 1520 1208 1541 αυτων
1226 1504 1358 1542 ἀνέλοι·
1372 1509 1415 1542 30
1427 1508 1617 1543 alterutros
1641 1508 1847 1543 calumnias.

285 1564 353 1594 μεν
375 1553 501 1593 τέχνας
524 1565 563 1585 τε
587 1555 646 1585 καὶ
670 1548 751 1586 κατ’
779 1548 946 1594 ἀλλήλων
968 1553 1141 1595 ἐπηρείας.

342 1592 624 1642 (Ἐπίλογος)
681 1596 729 1629 Τὰ
761 1600 884 1631 τοίνυν
914 1598 1155 1642 παραστάντα
1184 1594 1268 1641 ἡμῖν
1300 1600 1360 1631 καὶ

285 1638 346 1673 διὰ
370 1638 477 1674 τοῦδε
508 1642 572 1674 τοῦ
596 1642 702 1676 θείου
729 1639 929 1684 δηλούμενα
957 1642 1070 1685 νόμον
1093 1639 1114 1685 ἡ
1140 1641 1185 1685 σὴ
1205 1639 1360 1688 ὑπεροχὴ

285 1686 310 1718 ἔ
324 1698 379 1732 γῳ
410 1689 470 1719 καὶ
499 1689 628 1731 πέρατι
660 1684 888 1732 παραδοῦναι
920 1687 1122 1721 σπευσάτω.
1213 1686 1296 1722 Dat.
1322 1687 1358 1722 k.

1493 1597 1768 1643 (Epilogus.)
1825 1597 1924 1641 Quae
1953 1597 2061 1642 igitur
2087 1596 2299 1641 placuerunt
2325 1595 2429 1632 nobis
2457 1598 2494 1632 et

1427 1651 1491 1687 per
1511 1642 1606 1677 hano
1629 1652 1766 1677 sacram
1790 1643 1970 1678 declarata
1994 1644 2078 1678 sunt
2101 1642 2213 1686 legem
2233 1644 2298 1677 tna
2320 1641 2492 1677 celsitudo

1429 1687 1528 1732 operi
1555 1686 1766 1732 effectuique
1796 1687 1936 1722 tradere
1965 1687 2119 1723 festinet.
2214 1686 2298 1721 Dat.
2322 1686 2393 1721 kal.
2417 1685 2492 1722 No-

321 1741 374 1766 ov.
413 1730 481 1766 CP.
517 1730 602 1776 imp.
639 1731 697 1767 dn.
733 1731 920 1767 Iustiniani
956 1742 1048 1767 anno
1084 1731 1182 1767 XIII.
1219 1731 1360 1776 Apione
1373 1734 1415 1767 35
1428 1732 1580 1767 vembris
1605 1732 1672 1767 ΟΡ.
1692 1733 1776 1777 imp.
1799 1733 1857 1768 dn.
1878 1732 2066 1768 Iustiniani
2087 1742 2148 1777 pp.
2169 1732 2259 1776 Aug.
2283 1741 2378 1767 anno
2392 1730 2490 1767 XIII.

283 1776 333 1821 (v.
355 1774 405 1820 c.)
428 1785 524 1811 cons.

1331 1780 1375 1819 [a.
1390 1779 1466 1819 539]
1528 1777 1667 1822 Apione
1691 1777 1847 1813 consule.

355 1866 483 1900 18—21
510 1874 728 1910 arqumentum
752 1874 881 1901 notatur
903 1863 996 1901 ‘Pom
1017 1869 1069 1909 10,
1088 1875 1116 1910 2,
1140 1869 1196 1902 ubi
1219 1870 1336 1902 citatur
1358 1866 1469 1913 νεαρὰ
1495 1866 1708 1910 ἐνενηκοστὴ
1731 1864 1894 1914 τετάρτη.

282 1967 322 1991 se
343 1955 497 2046 alpquem
526 1955 596 1990 sibi
618 1955 814 2002 obliqatum
838 1956 1043 1992 convenisse
1066 1957 1165 2004 apud
1187 1967 1297 1992 unum
1326 1968 1376 1994 ex
1397 1958 1666 2005 gloriosissimis
1695 1957 1831 1992 nostris
1861 1955 2146 2009 maqistratibus,
2177 1956 2305 1993 deinde
2326 1967 2406 1993 eum
2428 1958 2494 2003 qui

283 2012 367 2036 reus
404 2005 507 2036 aetus
522 2004 625 2042 esset,
649 2001 712 2046 qui
737 2011 784 2047 pe
793 2012 821 2081 (q

281 2050 430 2092 praeter
452 2046 655 2092 opinionem
678 2056 700 2080 a
715 2045 793 2091 iqui

282 2090 437 2126 ridicula
460 2090 568 2126 simul
588 2090 777 2126 eveniebat.

825 2002 864 2036 ui
878 2002 1005 2048 etipse
1021 2008 1178 2038 actorem
1194 2002 1261 2037 sibi
1278 2003 1475 2048 obliqatum
1492 2002 1648 2044 baberet,
1673 2003 1789 2049 ipsum
1810 2001 1860 2037 ad
1873 2002 1982 2037 altum
2004 2001 2154 2036 iudicem
2179 2002 2346 2038 traxisse.
2377 2003 2492 2048 Atque

862 2050 980 2081 actum
996 2051 1067 2082 est:
1090 2047 1267 2092 quoniam.
1282 2049 1375 2082 enim
1392 2058 1468 2095 pro
1484 2058 1523 2083 se
1537 2052 1688 2093 uterque
1710 2046 1845 2082 actoris
1868 2046 1985 2082 locum
2009 2045 2200 2088 obtinebat,
2223 2057 2284 2082 res
2304 2047 2436 2083 misera
2458 2055 2493 2083 ct

861 2102 917 2126 am
941 2091 1049 2126 simul
1070 2096 1111 2127 ut
1129 2103 1231 2126 suam
1255 2093 1407 2137 quisque
1427 2103 1573 2128 causam
1596 2102 1737 2127 movere
1759 2091 1873 2133 vellet,
1896 2091 2018 2126 statim
2040 2091 2104 2136 qui
2118 2101 2198 2126 eum
2219 2090 2320 2138 apud
2341 2092 2494 2127 alterum

283 2135 435 2171 iudicem
458 2139 713 2171 reeonvenerat
737 2134 901 2172 trahebat
924 2147 1001 2171 eum
1026 2136 1076 2171 ad
1096 2136 1247 2172 iudicem
1271 2148 1374 2188 quem
1398 2137 1475 2183 ipse
1497 2138 1647 2173 sortitus
1669 2140 1758 2179 erat,
1783 2141 1891 2188 atque
1913 2136 1965 2171 ita
1988 2146 2027 2170 se
2050 2136 2196 2171 invicem
2219 2135 2289 2171 hue
2312 2135 2398 2172 illue
2421 2140 2494 2172 tra·

283 2182 303 2216 1
348 2179 471 2216 hentes
494 2180 727 2216 immortalem
751 2181 846 2215 litem
869 2181 1096 2217 eoeercebant.

1199 2181 1389 2217 Sanczmus
1413 2182 1535 2228 iqitur,
1569 2183 1602 2217 si
1624 2182 1706 2228 quis
1727 2181 1923 2217 obnoxium
1945 2180 2014 2215 sibi
2037 2180 2168 2216 habere
2194 2185 2304 2227 putat
2330 2191 2408 2217 eum
2431 2182 2495 2234 qui

283 2230 411 2261 eontra
427 2236 551 2305 telesam
575 2236 720 2260 causam
743 2225 880 2267 detulit,
914 2236 958 2260 ne
980 2237 1059 2261 eum
1080 2226 1181 2272 apud
1210 2226 1319 2261 alium
1344 2227 1514 2270 iudicem,
1545 2227 1610 2263 sed
1639 2227 1739 2278 apud
1767 2226 1915 2261 eundem
1946 2226 2068 2261 statim
2100 2224 2144 2261 ab
2167 2225 2270 2261 initio
2294 2229 2494 2267 convemat,

283 2274 391 2316 atque
414 2272 429 2306 i

283 2315 352 2351 hoe
376 2326 519 2361 quoque
549 2315 582 2351 ei
612 2316 799 2350 emendare
824 2315 915 2351 licet.
964 2315 1059 2351 Nam
1089 2326 1169 2351 oum
1201 2327 1267 2352 nos
1298 2318 1427 2360 violati
1455 2317 1593 2352 dierum
1623 2317 1781 2363 spatium

452 2281 506 2306 em
529 2270 568 2305 in
591 2275 745 2316 utraque
768 2281 879 2306 causa
901 2270 1015 2306 iudex
1036 2272 1093 2306 sit.
1149 2270 1287 2314 Quodsi
1307 2272 1410 2317 forte
1432 2271 1658 2318 displicuerit
1685 2282 1716 2307 et
1740 2271 1853 2306 iudex
1882 2270 1984 2317 apud
2029 2281 2109 2306 uem
2140 2270 2234 2306 litem
2257 2272 2407 2307 sortitus
2428 2275 2494 2314 est,

1839 2322 1894 2351 ost
1925 2314 1995 2351 libe
2009 2317 2082 2349 tum
2110 2315 2254 2350 missum
2282 2315 2494 2359 dederimus,

242 2363 246 2368 “
278 2365 367 2407 post
389 2360 487 2406 quod
509 2360 604 2396 litem
628 2360 825 2402 contestari
848 2363 1025 2407 oporteat,
1050 2361 1133 2397 licet
1154 2361 1253 2396 intra
1276 2355 1392 2397 dio'tas
1416 2362 1574 2397 indutias
1597 2362 1696 2397 illum
1721 2362 1784 2407 qui
1808 2372 1863 2396 em
1885 2370 2053 2396 recusare
2076 2359 2185 2395 alium
2214 2371 2298 2396 vero
2319 2361 2494 2407 accipere.

283 2405 383 2452 apud
404 2416 508 2451 quem
531 2416 661 2440 rursus
682 2410 873 2451 utramque
897 2406 991 2441 litem
1014 2406 1178 2441 similiter
1201 2406 1405 2452 disceptare
1429 2411 1606 2451 oporteat,
1639 2417 1725 2442 neve
1748 2405 1923 2442 eiusmodi
1945 2409 2042 2440 artes
2064 2404 2140 2440 ullo
2156 2409 2270 2451 pacto
2290 2405 2400 2451 fiant,
2430 2405 2494 2442 sed

283 2460 349 2485 suo
372 2451 523 2495 quisque
548 2451 626 2485 iure
648 2454 783 2486 utatur.
839 2449 880 2486 Si
904 2462 987 2487 vero
1019 2453 1171 2487 tacuerit
1201 2462 1245 2487 ae
1269 2456 1402 2498 postea
1436 2452 1575 2488 demum
1607 2452 1703 2487 litem
1733 2462 1756 2486 a
1784 2450 1833 2486 ud
1855 2450 1965 2486 alium
1989 2449 2141 2486 iudicem
2172 2460 2310 2486 movere
2332 2450 2495 2493 voluerit,

283 2506 424 2530 necesse
448 2495 577 2531 habeat
602 2495 710 2540 finem
733 2500 929 2542 expectare
959 2496 1033 2531 litis
1060 2496 1132 2531 sibi
1156 2500 1276 2532 motae
1304 2496 1348 2532 ab
1372 2508 1415 2533 eo
1446 2497 1511 2543 qui
1533 2507 1612 2532 eum
1646 2497 1683 2530 in
1708 2497 1746 2531 iu
1773 2496 1878 2531 icium
1904 2495 2030 2537 traxit,
2061 2499 2095 2530 et
2118 2494 2179 2530 ubi
2201 2495 2247 2530 lis
2265 2494 2374 2540 finem
2396 2505 2494 2533 acoe-

278 2540 390 2591 perit,
422 2543 494 2575 tum
518 2550 664 2575 causam
685 2550 788 2575 suam
812 2540 913 2586 apud
935 2540 1045 2576 alium
1067 2540 1218 2577 iudicem
1239 2547 1437 2588 proponat,
1468 2545 1510 2578 ut
1531 2541 1599 2576 Ιιοο
1621 2540 1726 2577 modo
1750 2540 1925 2576 eiusmodi
1946 2543 2043 2575 artes
2065 2550 2189 2575 eorum
2211 2542 2247 2575 et
2267 2539 2419 2575 insidias
2440 2542 2495 2576 in·

284 2595 393 2620 mcem
409 2589 568 2630 paratas
590 2585 811 2630 auferamus.

419 2628 456 2664 Ε
458 2629 530 2675 pil
537 2640 559 2664 ο
567 2640 662 2675 qus.

286 2684 377 2719 opus
399 2674 634 2720 effectumque
658 2674 835 2710 adducere
857 2674 1011 2711 studeat.

354 2779 367 2810 1
398 2773 506 2810 αὐτοῦ
531 2778 622 2818 ML,
646 2790 727 2811 corr.
753 2778 916 2821 Scrimyer
945 2778 957 2820 11
985 2779 1005 2811 2
1030 2779 1081 2820 ἐν]
1114 2780 1174 2811 καὶ
1199 2779 1238 2812 έν
1263 2780 1312 2812 L⁰
1346 2777 1359 2823 11
1390 2777 1393 2822 1

285 2823 304 2855 5
331 2819 406 2863 ἰδίᾳ
429 2823 493 2863 ις]
525 2819 622 2855 ἰδίαν
646 2823 686 2856 M
713 2822 726 2861 ιι
755 2825 773 2856 7
799 2822 829 2855 εἰ
852 2821 1047 2866 βουληθείη
1071 2823 1136 2863 Le]
1167 2820 1357 2867 ἠβουλήθη

285 2867 332 2900 M
340 2867 352 2911 11
373 2870 410 2900 11
433 2868 666 2909 Θεσπίζομεν.
691 2867 726 2900 εἴ
740 2877 793 2900 τις
816 2869 877 2901 inc.
892 2868 928 2900 B
952 2868 964 2910 ΙΙ
992 2869 1032 2902 12
1049 2867 1170 2901 αἰτίαν
1193 2870 1242 2902 Β*
1256 2881 1286 2902 υ.
1302 2870 1321 2902 l.
1347 2868 1358 2913 11

287 2913 329 2946 14
360 2911 459 2955 παρὰ
490 2912 542 2953 τῷ
576 2908 672 2954 αὐτῷ
698 2913 818 2945 ΤΙιεοά.
838 2913 914 2946 Am.
936 2913 1041 2953 (lum
1077 2908 1166 2957 παρ’
1193 2909 1291 2955 αὐτῷ
1318 2915 1359 2947 Μ

285 2957 376 2993 ΕΒς
399 2957 411 3001 11
435 2955 473 2995 ἐξ
496 2952 601 3000 ἀρχῆς
625 2970 683 2989 om.
709 2957 755 2990 B·
772 2956 785 2999 11
809 2956 1002 2989 αἰτιᾶσθαι
1027 2958 1083 2998 Μ]
1115 2954 1356 2991 αἰτιάσασθαι

285 3002 355 3035 LB
379 3001 392 3046 11
419 3004 458 3035 15
483 2998 525 3034 δέ
570 3004 598 3042 ε]
629 2998 671 3034 δέ
690 3013 726 3034 τι
751 3002 799 3034 Βι
825 3001 837 3045 11
871 3003 910 3035 18
932 2998 1116 3035 ἐνδόντων
1139 2999 1254 3056 ἡμῶν]
1285 3016 1356 3036 που.

285 3047 381 3080 LIII
393 3059 418 3080 c.
433 3048 453 3080 3
476 3051 515 3085 §¹
540 3014 569 3086 l(
582 3048 622 3081 19
641 3044 965 3090 προκατάρξασθαι
981 3048 1027 3079 B⁸
1043 3060 1071 3079 v.
1087 3048 1107 3078 l.
1133 3046 1146 3090 11
1170 3048 1211 3080 20
1228 3059 1356 3081 ανακο-

283 3091 345 3134 χῆς
368 3092 401 3124 L
426 3090 439 3129 ΙΙ
470 3092 512 3125 22
538 3088 681 3134 ὁμοίως]
714 3087 761 3124 αἶς
786 3091 836 3124 B!
860 3090 873 3134 11
907 3092 950 3125 24
972 3091 1122 3145 οἰκείοις]
1155 3088 1255 3125 ἰδίοις
1275 3093 1311 3126 Β
1346 3093 1357 3133 11

285 3139 327 3171 25
340 3131 431 3181 παρ’
445 3136 556 3180 ἑτέρῳ
570 3133 720 3181 δικαστῇ
733 3135 799 3178 τὴν
812 3132 915 3177 δίκην
928 3136 978 3168 B!
994 3136 1006 3178 11
1024 3137 1067 3170 26
1080 3134 1193 3169 αυτὸν
1210 3150 1267 3170 om.
1282 3138 1330 3170 B·
1345 3136 1357 3181 11

283 3183 346 3224 τῆς
362 3178 470 3224 δίκης]
495 3181 566 3214 eius
584 3181 653 3214 litis
672 3193 690 3217 ς
707 3181 720 3224 11
738 3182 778 3214 27
796 3177 908 3222 αὐτῷ]
935 3176 1017 3213 κατ’
1033 3176 1143 3213 αὐτοῦ
1159 3182 1189 3214 L
1208 3181 1220 3225 11
1237 3183 1278 3215 28
1295 3179 1355 3214 λά-

283 3229 331 3273 βῃ
357 3226 407 3260 B!
429 3226 443 3271 11
472 3228 510 3261 31
539 3227 699 3260 ἐπινοίας
722 3226 774 3259 B!
794 3225 807 3269 11
835 3227 876 3259 33
901 3225 1005 3258 θείου
1030 3227 1100 3266 Mc]
1124 3224 1227 3259 θείου
1251 3223 1356 3269 ἡμῶν

286 3271 344 3316 Lu
370 3273 414 3305 34
430 3274 551 3305 subscr.
569 3284 627 3305 om.
645 3272 693 3305 M
712 3271 724 3314 11
753 3270 818 3303 dat.
838 3289 879 3295 —
899 3280 986 3303 cons.
1012 3272 1042 3311 ς]
1074 3270 1139 3302 dat.
1164 3271 1197 3305 k.
1223 3281 1354 3304 nuuem.

284 3318 363 3359 imp.
388 3317 445 3349 dn.
466 3317 652 3350 iustiniano
673 3326 728 3359 pp.
754 3326 840 3348 anno
861 3315 970 3347 XIIII
994 3316 1081 3348 lul.¹‘¹
1102 3317 1172 3355 (om.
1192 3315 1254 3348 lul.
1273 3319 1356 3354 cett.)

283 3363 353 3407 ἐγρ.
378 3358 571 3395 καλανδῶν
595 3362 812 3406 Νοεμβρίων
834 3358 1017 3404 βασιλείας
1039 3358 1288 3393 ’Ῑσυστινιανοῦ
1312 3360 1353 3393 τὸ

284 3407 328 3460 cy‘
347 3404 518 3484 ὑπιίπιτιεῖιΞς
535 3403 712 3485 1ἉστίιπιιᾶιῚιΙζὲ
728 3407 803 3484 2301.
829 3402 1044 3450 ἐξεφωνήθη
1066 3406 1151 3447 μηνὶ
1175 3408 1354 3450 νοεμβρίῳ

285 3464 399 3485 υπατε
416 3465 439 3493 ᾳ
498 3462 621 3485 πιονος
713 3465 731 3484 ο
756 3475 764 3484 .

709 2628 810 2672 Quae
833 2630 945 2676 iqitur
968 2630 1071 2666 nobis
1090 2630 1310 2677 placuerunt
1333 2637 1368 2668 et
1382 2643 1456 2679 per
1476 2633 1570 2667 banc
1592 2641 1735 2667 sacram
1758 2629 1871 2676 leqem
1891 2629 2123 2666 declarantur
2143 2633 2205 2665 tua
2225 2628 2426 2666 sublimitas
2447 2629 2498 2666 ad

1473 2780 1488 2812 1
1508 2778 1598 2819 feeit]
1615 2781 1756 2811 actorem
1773 2778 1853 2810 feeit
1872 2778 1903 2810 T
1922 2777 1934 2821 11
1952 2779 1972 2811 3
1989 2780 2022 2810 et
2037 2778 2105 2820 ipse
2122 2779 2287 2819 tamqnam
2305 2777 2337 2811 R
2352 2777 2366 2822 fl
2381 2779 2492 2812 anoto-

1424 2834 1491 2856 rem
1516 2824 1547 2856 V
1564 2823 1576 2867 11
1594 2825 1615 2857 4
1639 2823 1726 2866 apud
1748 2823 1852 2855 alium
1876 2833 1950 2855 eum
1970 2823 2014 2863 T]
2038 2822 2126 2866 apud
2149 2832 2223 2855 enm
2245 2822 2347 2855 alium
2371 2823 2404 2857 V
2420 2833 2495 2856 eum

1424 2868 1514 2911 apud
1532 2878 1605 2900 eum
1622 2870 1707 2909 (eum
1725 2869 1788 2901 del.
1805 2867 1867 2910 R2)
1889 2867 1993 2900 alium
2005 2868 2038 2902 R
2062 2878 2136 2900 eum
2152 2866 2240 2909 apud
2254 2866 2357 2901 alium
2372 2869 2459 2911 vuly.
2482 2867 2496 2912 Ι

1425 2915 1445 2947 5
1458 2913 1603 2946 auctoris
1623 2913 1678 2955 1711
1702 2914 1723 2946 6
1739 2912 1892 2945 obtinent
1913 2913 1964 2945 Τι
1979 2911 1992 2956 11
2017 2914 2036 2945 7
2053 2922 2127 2944 oum
2145 2911 2305 2945 uoluisset
2330 2911 2383 2945 Τ2
2393 2914 2451 2946 vul
2470 2914 2494 2955 ,1

1425 2957 1649 2991 conuoluisset
1670 2958 1703 2991 V
1720 2957 1879 2990 uoluisset
1895 2956 1963 2989 ΒΤ
1969 2956 1979 2977 ¹
1997 2956 2010 2999 11
2027 2958 2047 2990 9
2070 2956 2230 2998 iudicum]
2253 2956 2410 2989 iuditium
2468 2957 2500 2991 V

1423 3003 1566 3035 iudicem
1585 3003 1706 3045 Tvulq.
1725 3001 1738 3044 11
1756 3003 1796 3035 10
1809 3003 1918 3043 quiem
1939 3001 1991 3034 V‘*
2009 3001 2021 3043 11
2036 3000 2235 3034 alteroutros
2247 3001 2298 3034 ΕΒ
2313 3000 2326 3046 11
2347 3003 2383 3036 11
2401 3012 2494 3035 man-

1423 3050 1537 3079 serunt
1564 3060 1646 3080 corr.
1675 3044 1722 3079 Vb
1753 3046 1766 3089 11
1797 3047 1835 3080 15
1866 3046 1893 3078 si
1924 3048 2013 3086 vero]
2049 3051 2108 3079 sno
2134 3046 2182 3078 V¹
2211 3045 2224 3090 11
2253 3047 2294 3080 16
2324 3046 2495 3089 displicuit

1432 3092 1480 3125 V¹
1498 3091 1511 3134 11
1528 3091 1559 3124 ei
1574 3090 1635 3133 12²]
1660 3093 1693 3123 et
1715 3090 1862 3132 R¹VT11
1887 3091 1928 3124 18
1951 3090 2083 3123 indutia
2110 3090 2154 3123 R¹
2170 3090 2183 3134 11
2203 3092 2244 3125 19
2269 3101 2349 3133 quas
2370 3089 2495 3136 Beckfl

1424 3137 1467 3170 20
1490 3137 1579 3168 inter
1591 3134 1701 3178 R¹Tn
1718 3134 1919 3178 praedictam
1940 3135 2197 3177 suspensionem]
2221 3137 2492 3169 contestationem

1424 3180 1473 3214 R²
1488 3181 1500 3223 11
1518 3180 1626 3221 illum]
1650 3179 1752 3212 alium
1766 3179 1852 3212 R¹T
1859 3179 1868 3199 ¹
1887 3180 1898 3219 11
1915 3180 1954 3213 21
1975 3184 2151 3221 utrumque
2171 3181 2225 3223 Vll
2244 3182 2286 3215 22
2304 3179 2493 3214 huiusmodi

1431 3226 1488 3267 Vn
1503 3236 1594 3258 arces
1606 3225 1655 3258 R¹
1674 3226 1685 3266 11
1701 3225 1737 3256 in
1753 3224 1813 3257 illo
1834 3224 1881 3257 T¹
1896 3223 1909 3268 11
1929 3225 1969 3258 23
1991 3225 2136 3267 proprio]
2161 3226 2265 3267 priori
2280 3226 2311 3258 T
2318 3225 2356 3269 Ι11
2375 3227 2417 3260 24
2436 3225 2492 3259 tlo-

1422 3269 1589 3312 indelinde
1610 3270 1663 3313 Vfl
1682 3270 1724 3303 25
1742 3269 1894 3310 alterum]
1913 3268 2015 3301 alium
2035 3270 2067 3302 T
2078 3269 2091 3313 11
2109 3280 2183 3302 eum
2195 3288 2240 3295 —
2253 3271 2295 3304 28
2309 3278 2491 3314 proponere

1421 3327 1483 3348 scr.
1496 3315 1545 3347 ΕΞ
1558 3316 1590 3348 in
1604 3327 1669 3347 rae.
1680 3316 1700 3348 2
1713 3327 1765 3347 vv.
1784 3314 1796 3355 11
1813 3315 1856 3348 26
1867 3313 1930 3346 sibi
1946 3313 2039 3347 illate
2052 3315 2125 3356 R(2)
2141 3315 2153 3358 11
2172 3316 2212 3348 27
2227 3325 2301 3347 eum
2319 3327 2376 3348 om.
2387 3314 2462 3358 ΒΡ)
2474 3311 2489 3360 Ι

1424 3360 1466 3393 28
1489 3359 1576 3402 apud
1601 3359 1703 3392 alium
1723 3358 1866 3391 iudicem
1889 3369 1980 3391 snam
2004 3369 2132 3392 oausam
2158 3359 2231 3402 ΙΨ)
2255 3359 2268 3404 Ι
2291 3367 2491 3402 praeponere

1425 3405 1469 3437 T·
1485 3405 1497 3446 11
1516 3406 1558 3438 29
1571 3407 1609 3437 ut
1621 3417 1677 3438 om.
1691 3405 1723 3438 V
1734 3404 1747 3447 11
1762 3403 1812 3436 ita
1823 3403 1916 3444 tales]
1930 3403 2026 3437 itales
2039 3405 2086 3438 R·
2098 3404 2110 3449 11
2128 3415 2219 3438 arces
2233 3404 2281 3438 Β*
2290 3403 2303 3449 11
2315 3406 2357 3438 34
2370 3405 2488 3438 subeor.

1422 3450 1566 3482 dedimus
1587 3462 1624 3483 esc
1648 3449 1717 3483 Vet
1730 3450 1847 3482 Bamb.
1860 3449 1902 3481 ΙΙ
1915 3448 1927 3492 11
1944 3459 2021 3482 nou·
2037 3450 2154 3483 Bamb.
2167 3450 2211 3483 ΙΙ
2223 3449 2236 3493 11
2252 3450 2296 3483 35
2313 3449 2392 3490 GR]
2414 3457 2488 3482 0011.

1422 3494 1541 3528 Bamb.
1555 3495 1604 3536 ΙΙ,
1628 3507 1686 3527 om.
1708 3494 1738 3527 V
1756 3493 1769 3538 11
1794 3494 1888 3536 impr.
1913 3494 1988 3527 don.
2015 3495 2092 3528 libri
2112 3494 2126 3538 11
2148 3494 2237 3527 iusti.
2261 3505 2315 3537 pp.
2340 3503 2416 3536 aug.
2445 3511 2487 3518 -·-

1421 3539 1538 3582 apione
1562 3539 1696 3572 consule
1718 3539 1750 3572 V
1774 3538 1852 3571 iti-a.
1877 3539 2010 3582 reliquis
2035 3540 2158 3573 omissis
2186 3540 2302 3572 Bamb.
2319 3539 2363 3572 11
