2592 3840
271 72 380 117 NOV.
400 74 626 118 LXXXIX
657 79 693 117 1.
727 77 752 118 2

270 182 375 229 ἡνίκα
399 185 446 220 τὰ
472 189 553 231 περὶ
584 187 645 228 τῆς
668 189 895 231 τεκνογονίας
927 185 1140 239 ἐνομοθέτει
1168 187 1246 221 τῶν
1268 199 1352 234 γρα-

271 232 377 265 πτῶν
408 230 512 266 οὔπω
548 234 724 273 κειμένων
752 230 890 275 νόμων,
926 242 1092 265 απαντας
1121 235 1255 275 ομοίως
1286 234 1353 275 μὲν

272 275 479 321 ἐλευθέρους
504 274 637 319 ὁμοίως
661 274 701 308 δὲ
716 272 869 321 εὐγενεῖς
892 275 1083 322 προήγαγε.
1130 279 1204 310 τοῖς
1221 276 1288 323 γὰρ
1308 275 1352 320 δὴ

273 322 428 373 πρώτοις
448 322 615 367 γονεῦσιν
640 319 676 353 οἱ
697 322 839 373 ,πρῶτοι
863 318 988 355 παῖδες
1011 319 1145 364 ὁμοίως
1168 323 1235 366 μὲν
1258 319 1352 356 ἐλεύ-

1340 71 1426 120 430

1876 87 2037 127 QUIBUS
2063 83 2202 121 MODIS
2225 82 2495 121 rurus-Anne

1421 186 1560 231 quidem
1584 186 1629 221 ab
1651 186 1765 230 initio,
1790 186 1875 222 dum
1898 186 1942 222 de
1963 185 2116 222 filiorum
2138 187 2385 232 procreatione
2405 197 2488 225 san-

1422 231 1511 265 ciret
1533 231 1676 277 scriptis
1700 233 1856 268 nondum
1878 232 2004 277 positis
2019 233 2168 276 legibus,
2191 242 2313 269 omnes
2329 232 2490 269 siniiliter

1422 275 1558 319 quidem
1593 277 1724 312 liberos
1758 277 1919 313 similiter
1952 279 2071 312 autem
2104 278 2272 322 produxit
2305 278 2486 324 ingenuos.

1421 321 1547 356 Primis
1578 331 1730 375 namque
1760 322 1970 367 parentibus
2002 322 2105 367 primi
2134 322 2198 357 filii
2229 322 2388 358 similiter
2410 323 2489 368 qui-

273 367 378 411 θεροι
409 370 542 410 ομοίως
570 363 611 398 δὲ
623 377 781 443 δγὶνησιοι
811 366 911 418 παρὰ
942 366 1002 408 τῆς
1034 364 1260 413 δημιουργίας
1284 368 1353 413 έγί-
1389 369 1407 400 5
1422 366 1500 401 dem
1523 365 1626 402 liberi
1648 367 1807 403 similiter
1826 370 1944 403 autem
1959 367 2105 411 legitimi
2123 377 2145 402 a
2165 371 2329 403 creatura
2343 368 2487 404 fiebant.

645 424 662 443 ὃ

693 414 753 444 καὶ
783 423 896 454 μαχαι
932 413 992 444 καὶ
1022 408 1152 454 ἡδοναὶ
1185 415 1246 445 καὶ
1275 413 1353 446 ἐπι-

274 457 406 499 θυμίαι
429 455 472 489 τὸ
498 468 647 501 πραγμα
670 454 876 502 κατήγαγον
896 456 944 489 εἰς
968 453 1201 503 ἀλλοιότερον
1222 459 1349 501 σχῆμα.

274 499 438 534 δουλείαν
467 502 534 544 μὲν
564 501 634 546 γὰρ
666 500 786 546 ἐξεῦρε
818 498 988 545 πόλεμος,
1024 501 1180 536 νοθείαν
1210 499 1251 536 δὲ
1282 514 1349 536 σω·

274 545 451 597 φροσύνης
482 547 678 598 ἔκπτωσις,
714 543 734 579 ὁ
767 543 877 589 νόμος
907 559 947 580 τε
979 540 1089 581 αὗθις
1123 547 1170 581 τὰ
1200 548 1351 581 τοιαῦτα

272 423 390 445 νοντο.
439 409 589 462 πόλεμρι

1421 411 1521 446 Bella
1543 421 1624 447 vero
1647 416 1684 447 et
1706 412 1785 448 lites
1809 416 1915 457 atque
1937 412 2100 449 libidines
2123 414 2160 448 et
2183 412 2491 458 concupiscentiae

1420 466 1564 491 causam
1595 456 1836 502 deposuerunt
1870 458 1916 493 ad
1950 457 2049 492 aliud
2081 456 2235 494 schema.
2281 458 2491 494 Sei-vitutem

1420 511 1572 546 namque
1600 502 1733 538 invenit
1766 503 1915 546 bellum,
1951 502 2131 538 naturales
2163 506 2281 538 autem
2315 502 2491 539 castitatis

1423 555 1545 589 casus:
1580 546 1638 582 lex
1667 549 1786 583 antem
1814 558 1940 583 rursus
1971 547 2173 583 huiusmodi
2202 547 2332 584 delicta
2361 557 2490 584 curans

274 603 351 624 των
380 603 653 644 αμαρτηματων
685 589 835 634 ἰώμενος
867 589 1077 637 ἐλευθερίαν
1106 598 1146 626 τε
1176 594 1249 626 τοῖς
1272 590 1349 626 δου-
1368 595 1407 626 10
1420 591 1620 627 libertatem
1643 593 1754 628 servis
1772 594 1894 628 molita
1916 596 1972 629 est
1995 597 2031 628 et
2048 593 2199 628 multum
2219 593 2263 629 de
2278 593 2334 628 his
2356 595 2490 629 tructa-

273 633 436 669 λεύουσιν
471 637 721 679 έμηχανησατο
762 638 822 669 καὶ
858 635 974 670 πολλά
1015 649 1056 683 γε
1090 640 1171 683 περὶ
1208 638 1352 671 τούτων

275 682 366 726 ἐπρα
389 679 596 724 ματεύσατο
625 681 780 725 τρόπους
802 679 1043 727 είςηγοὺμενος
1064 687 1221 728 μυρίους·
1255 682 1295 716 αἱ
1314 680 1353 716 δὲ

273 728 361 769 βασι
385 728 458 759 ικαὶ
490 723 666 766 διατάξεις
697 723 863 769 ἀνέῳξαν
898 729 971 761 τοῖς
1001 725 1065 761 οὐκ
1097 725 1222 773 ὀρθῶς
1256 739 1351 774 γινο-

272 772 391 814 μένοις
414 770 479 805 τὰς
509 772 569 805 ἐπὶ
599 771 641 805 τὸ
664 772 812 823 γνήσιον
836 769 949 805 ὁδούς.
997 768 1088 826 ὅπερ
1109 769 1151 807 οὐ
1167 776 1353 819 παρέργως

1420 636 1470 671 vit
1492 637 1615 672 modos
1637 637 1868 674 introducens
1891 638 1983 673 dena
2001 638 2115 682 milia;
2139 638 2389 683 imperatoriae
2407 647 2492 674 vero

1422 682 1693 718 constitutiones
1723 686 1940 728 aperuerunt
1970 683 2025 718 his
2080 693 2148 719 uae
2178 693 2250 718 non
2272 686 2370 719 recte
2391 682 2492 718 facta

1421 729 1506 761 sunt
1537 726 1583 762 ad
1613 727 1670 762 ius
1701 728 1892 772 legitimum
1921 728 2006 764 vias.
2085 728 2156 764 uod
2186 738 2258 764 non
2286 728 2492 764 transitorie

1422 781 1537 816 neque
1566 782 1631 807 nos
1663 773 1857 815 sancimus,
1892 783 2006 825 neque
2041 774 2220 809 subiectos
2256 772 2350 809 hanc
2379 773 2491 818 legem

274 812 357 848 οὐδὲ
380 813 477 859 ἡμεῖς
500 815 789 860 νομοθετουμεν,
821 814 906 850 οὐδὲ
935 817 1016 851 τοὺς
1039 815 1216 860 υπηκόους
1246 816 1352 851 τοῦδε
1368 819 1407 852 15
1421 817 1647 861 neglegenter
1670 818 1795 853 audire
1817 827 2065 863 praecipimus.

274 861 338 893 τοῦ
363 861 477 904 νόμου
501 860 804 907 παρημελημένως
825 862 1039 896 κατακούειν
1063 861 1285 906 βουλόμεθα.

274 907 296 941 1
351 906 500 948 Γνήσιοι
523 908 591 950 μὲν
621 908 687 939 οὐν
710 906 858 952 προΐασι
887 905 1047 950 διάδοχοι
1076 905 1291 953 ἀνθρώποις
1314 908 1352 948 ἐξ

274 940 329 984 οἷν
352 949 636 985 συναλλάττουσι
658 950 789 998 γάμων
819 949 842 995 ἢ
870 952 962 996 μετὰ
994 952 1189 998 προικῴων
1220 957 1351 997 συμβο-

274 994 390 1030 λαίων
422 994 446 1039 ἢ
476 996 703 1030 καὶτούτων
733 1000 856 1043 χωρίς,
888 993 985 1031 οὕτω
1009 998 1096 1045 πρὸς
1121 998 1182 1032 τὰς

1419 909 1442 943 1
1487 906 1651 951 Legitimi
1674 907 1846 951 siquidem
1866 917 2092 943 successores
2120 907 2320 952 procedunt
2340 907 2491 945 homini-

1421 953 1488 987 bus
1519 962 1562 987 ex
1593 951 1727 996 nuptiis
1758 962 1847 997 quas
1873 953 2088 987 contrahunt
2117 955 2180 987 aut
2210 962 2291 988 cum
2312 952 2492 989 dotalibus

1205 998 1353 1041 θηλείας
1420 997 1663 1032 instrumentis
1694 1001 1757 1032 aut
1786 997 1891 1032 etiam
1922 997 2057 1042 absque
2086 997 2158 1040 his,
2188 995 2240 1033 sic
2268 997 2315 1033 ad
2341 997 2493 1035 feminas

273 1042 351 1074 τῶν
373 1037 538 1087 ἀρρένων
561 1041 775 1083 συνιόντων,
808 1038 895 1075 ὥςτε
928 1043 967 1083 ἐξ
997 1041 1105 1089 ἀρχης
1139 1045 1234 1086 ἔχειν
1263 1044 1353 1089 πρὸς
1366 1044 1408 1076 20
1421 1042 1587 1077 masculis
1613 1042 1912 1086 convenientibus,
1934 1046 1975 1078 111
1999 1043 2043 1078 ab
2067 1042 2168 1078 initio
2190 1042 2347 1079 habeant
2365 1042 2412 1078 ad
2432 1050 2494 1080 ees

275 1083 385 1121 αὐτὰς
414 1086 543 1133 γάμων
573 1090 735 1133 γνησίων
764 1084 942 1121 διάθεσιν.
990 1089 1178 1122 καὶτοῦτο
1200 1088 1269 1135 γὰρ
1294 1100 1352 1122 συ-
1421 1087 1627 1132 nuptiarum
1657 1087 1891 1131 legitimarum
1921 1087 2098 1124 affectum.
2143 1087 2193 1123 Et
2226 1087 2296 1124 1100
2331 1087 2423 1124 enim
2455 1088 2495 1124 in

274 1131 567 1177 κοφαντούμενον
597 1129 696 1176 ἡμεῖς
726 1129 882 1178 ὁρῶντες
912 1132 1015 1177 νόμῳ
1048 1131 1285 1179 διεκρίναμεν,
1316 1136 1356 1168 τί
1422 1132 1600 1168 calumnia
1622 1133 1778 1186 positum
1808 1143 1874 1168 nos
1897 1132 2129 1178 respicientes
2155 1133 2232 1177 lege
2254 1132 2493 1176 discrevimus,

274 1178 340 1220 μὲν
364 1178 424 1211 ἐπὶ
448 1178 524 1211 τῶν
548 1174 621 1211 ὑπὸ
645 1178 708 1220 τῆς
731 1176 836 1220 τύχης
859 1177 906 1211 εἰς
930 1176 1032 1218 ἀξίας
1055 1175 1232 1226 ἧρμένων,
1255 1182 1294 1213 τί
1315 1177 1355 1212 δὲ
1421 1178 1505 1222 quid
1533 1179 1571 1213 in
1599 1178 1655 1213 1118
1689 1178 1829 1222 quidem
1861 1178 1922 1224 qui
1950 1179 2116 1214 fortunae
2171 1178 2180 1186 ’
2231 1178 2315 1214 'tate
2334 1177 2494 1224 provecti

276 1223 336 1255 ἐπὶ
363 1223 426 1265 τῆς
457 1224 564 1265 με’σης
593 1220 633 1256 δὲ
660 1221 792 1265 ταύτης
821 1224 900 1256 τῶν
924 1220 1143 1270 ἀνθρώπων
1173 1223 1352 1258 καταστά-
1422 1226 1521 1266 sunt,
1554 1222 1638 1268 quid
1667 1227 1787 1258 autem
1818 1223 1856 1258 in
1886 1223 2054 1259 mediocri
2083 1223 2152 1259 1100
2208 1223 2364 1259 ominum
2395 1226 2494 1260 statu

275 1278 366 1301 σεως
389 1267 622 1313 πράττεσθαι
642 1265 697 1301 δεῖ
711 1266 798 1312 πρὸς
821 1264 1014 1308 ἀπόδειξιν
1036 1269 1166 1314 γάμων
1179 1274 1352 1323 γνησίων,
1366 1270 1408 1303 25
1421 1268 1596 1312 agendum
1619 1268 1665 1304 sit
1685 1269 1731 1304 ad
1747 1268 2082 1304 demonstrationem
2099 1268 2335 1314 legitimarum
2351 1279 2401 1305 nu
2426 1269 2495 1305 tia-

275 1316 313 1345 rct
342 1310 383 1346 δὲ
416 1313 469 1355 τῷ
506 1311 621 1355 λοιπῷ
658 1309 925 1359 συγκεχώρηται
960 1312 1106 1356 πλήθει.
1154 1312 1242 1348 aisn
1276 1315 1355 1349 τῶν
1421 1324 1511 1357 rum,
1536 1313 1620 1358 quid
1643 1323 1725 1349 vero
1749 1314 1916 1394 deincefs
1938 1313 2148 1366 permissum
2170 1315 2227 1349 est
2249 1313 2353 1359 plebi.
2431 1324 2494 1350 ua·

275 1359 330 1400 (ἐκ
346 1357 441 1402 τῶν)
462 1356 593 1404 γάμων
616 1357 759 1392 τούτων
783 1357 991 1402 προϊόντων
1014 1357 1179 1393 αὐτόθεν
1201 1360 1293 1394 εἰσὶν
1316 1358 1355 1393 αἱ
1422 1363 1569 1404 propter
1591 1359 1726 1403 nuptiis
1749 1370 1857 1404 proce
1883 1359 2024 1394 entibus
2047 1369 2092 1394 ex
2114 1359 2184 1395 1100
2207 1359 2286 1404 ipso
2306 1362 2391 1395 sunt
2413 1369 2494 1395 suc·-

277 1401 441 1445 διαδοχαὶ
465 1401 658 1458 πρόδηλοι,
683 1406 742 1436 καὶ
758 1403 844 1448 εἴγε
867 1404 906 1436 ἐν
923 1406 995 1438 τοῖς
1016 1408 1175 1459 γνησίοις
1198 1401 1354 1450 ἀριθμη-
1423 1405 1601 1440 cessiones
1626 1408 1754 1447 certae,
1778 1409 1816 1440 et
1830 1405 1861 1440 si
1875 1404 1970 1440 inter
1992 1404 2163 1448 legitimos
2185 1407 2495 1447 connumerentur,

276 1448 390 1490 θεῖεν,
422 1445 533 1482 εὐθυς
563 1445 583 1481 ὁ
617 1447 726 1492 νόμος
750 1446 938 1494 ὑφηγεῖται
967 1460 1050 1483 τους
1071 1450 1150 1483 τῶν
1174 1447 1354 1492 διαδοχῶν
1420 1460 1504 1484 mox
1531 1449 1589 1485 lex
1618 1450 1813 1485 introducit
1843 1449 2110 1485 successionum
2133 1449 2273 1494 modos,
2304 1449 2496 1502 plurimum

275 1492 430 1539 τρόπους
461 1492 577 1527 πολλὰ
610 1496 692 1539 περὶ
720 1495 863 1527 τούτων
893 1494 1262 1540 πραγματευσάμενος.
1309 1502 1349 1529 τι)
1365 1496 1409 1529 30
1423 1494 1466 1530 de
1489 1494 1544 1530 his
1569 1498 1740 1530 tractans.
1786 1495 2000 1539 Legitimum
2023 1494 2195 1540 siquidem
2212 1495 2268 1531 ius
2291 1505 2346 1531 810
2367 1504 2407 1532 se
2429 1495 2495 1531 hn-

275 1540 343 1582 μὲν
358 1541 423 1571 οὖν
438 1538 589 1584 γνήσιον
612 1536 708 1573 οὕτω
733 1549 810 1573 πως
834 1539 921 1581 ἔχει,
952 1539 996 1573 τὸ
1030 1538 1070 1573 δὲ
1097 1540 1147 1583 μὴ
1177 1541 1353 1581 τοιοῦτον,
1422 1540 1500 1584 bet3
1524 1540 1618 1585 quod
1642 1550 1723 1576 vero
1747 1551 1820 1576 non
1843 1545 1898 1576 est
1916 1539 2136 1583 huiusmodi,
2161 1540 2224 1576 sed
2246 1539 2395 1576 liberum
2417 1540 2495 1586 qui-

277 1580 359 1617 ἆλλ’
393 1583 586 1627 ἐλεύθερον
618 1585 685 1628 μὲν
719 1581 782 1618 οὐκ
817 1584 856 1616 ἐκ
891 1587 1058 1628 νομίμων
1094 1583 1135 1619 δὲ
1168 1584 1354 1631 προελθὸν
1421 1585 1501 1620 dem
1524 1596 1596 1620 11011
1618 1588 1737 1621 tamen
1769 1595 1815 1620 ex
1837 1585 1974 1631 nuptiis
1996 1586 2195 1630 procedens
2218 1585 2401 1630 legitimis,
2431 1587 2497 1622 8111

276 1628 413 1675 γάμων,
444 1627 466 1671 ἢ
498 1631 557 1661 καὶ
588 1630 628 1662 ἐν
660 1626 801 1670 δουλείᾳ
831 1629 975 1671 τεχθέν,
1005 1631 1036 1663 εἰ
1060 1629 1265 1676 ἐλευθερίας
1286 1632 1354 1675 μὲν
1422 1631 1527 1665 etiam
1550 1630 1587 1666 in
1611 1631 1781 1666 servitute
1802 1633 1943 1673 natum,
1976 1631 2008 1666 si
2030 1631 2231 1666 libertatem
2258 1629 2400 1676 quidem
2421 1641 2495 1667 me-

277 1672 455 1725 ἀξιωθείη
489 1677 620 1726 μείνειε
655 1671 694 1707 δὲ
727 1671 857 1715 νόθον,
891 1676 1001 1708 τοῦτο
1037 1674 1167 1720 τρόποι
1199 1675 1354 1710 ποικίλοι
1422 1676 1553 1718 ruerit,
1585 1677 1755 1711 manserit
1777 1680 1895 1712 autem
1917 1676 2099 1719 naturale,
2130 1675 2200 1711 1100
2222 1675 2318 1711 modi
2339 1675 2428 1712 varii
2449 1675 2496 1712 ad

277 1730 367 1763 προς
386 1731 607 1765 γνησιοτητα
627 1722 805 1764 φέρουσιν,
829 1712 890 1753 οὓς
908 1717 1239 1765 διαριθμησόμενοι
1256 1718 1353 1755 οὕτω
1368 1723 1413 1756 35
1422 1721 1478 1755 ius
1508 1721 1701 1765 legitimum
1730 1721 1870 1766 ferunt,
1905 1731 1995 1765 quos
2025 1724 2274 1757 enumerantes
2304 1719 2358 1757 sic
2386 1721 2496 1758 etiam

277 1767 338 1797 καὶ
367 1765 410 1798 τὰ
435 1763 545 1798 λοιπὰ
568 1762 872 1808 νομοθετήσομεν.
1422 1766 1559 1811 reliqua
1583 1767 1771 1802 sancimus.

1271 1855 1428 1891 CAPUT
1449 1855 1495 1892 II.

322 1910 472 1955 Πρῶτος
486 1910 553 1962 μὲν
568 1902 634 1943 οὖν
648 1908 783 1954 τρόπος
807 1909 927 1944 αὐτοῖς
944 1903 1178 1956 γνησιότητος
1197 1907 1355 1965 ὑπῆρχεν
1480 1911 1621 1963 Primus
1653 1912 1773 1957 itaque
1802 1911 1929 1964 modus
1960 1910 2012 1946 eis
2043 1910 2190 1956 legitimi
2221 1912 2309 1949 iuris
2339 1913 2495 1956 existens

277 1952 297 1988 ὁ
323 1958 382 1988 καὶ
406 1954 470 1988 τὰς
494 1953 613 1988 nolus
636 1952 745 1988 εὐθὺς
770 1952 934 2009 ὠφελῶν,
970 1952 1012 1991 ὃν
1037 1954 1227 1990 Θεοδόσιος
1249 1970 1266 1990 ο
1292 1958 1355 1999 τῆς
1423 1956 1624 1992 civitatibus
1648 1968 1730 1992 mox
1753 1957 1867 2000 utilis,
1898 1966 2002 2001 quem
2025 1956 2245 1993 Theodosius
2268 1957 2350 2003 piae
2372 1964 2408 1994 et
2431 1969 2495 1995 no·

277 2000 441 2043 εὐσεβοῦς
470 2013 509 2033 τε
538 2002 599 2032 καὶ
629 2001 710 2033 νεάς
738 2000 807 2043 εἰςη
841 2012 944 2043 Ισατο
966 1998 1114 2044 μνήμης.
1162 2002 1355 2045 νενομοθέ-
1424 2011 1489 2037 vae
1519 2001 1717 2037 introduxit
1739 2001 1938 2037 memoriae.
1986 2001 2166 2037 Sancitum
2188 2013 2342 2048 numque
2373 2007 2427 2039 est
2449 2004 2496 2040 ab

277 2057 383 2088 τηται
405 2043 475 2091 γὰρ
498 2041 564 2079 ὑπ’
592 2041 702 2078 αὐτοῦ
734 2045 777 2079 τὸ
817 2044 989 2079 ‘vivacem
1013 2046 1094 2080 τοὺς
1116 2045 1250 2081 νόθους
1265 2049 1354 2083 παῖ·
1369 2050 1412 2082 40
1424 2057 1479 2090 eo,
1511 2051 1552 2082 ut
1574 2048 1688 2093 possit
1710 2048 1891 2083 naturales
1914 2047 2006 2083 filios
2037 2051 2101 2082 aut
2123 2057 2244 2084 omnes
2271 2049 2336 2084 aut
2357 2048 2497 2095 aliquos

277 2179 377 2220 latis,
409 2189 530 2213 omnes
553 2188 668 2223 aeque
696 2183 731 2213 et
756 2179 888 2214 liberos
917 2184 952 2214 et
974 2180 1151 2224 inqenuos
1179 2179 1371 2225 produxit.
1417 2180 1552 2216 Primis
1575 2181 1668 2217 enim
1717 2181 1901 2217 arentibus
1923 2181 2038 2228 primi
2107 2182 2135 2217 ti
2157 2182 2306 2228 pariter
2334 2186 2370 2218 ct
2394 2181 2498 2219 libert

276 2229 311 2259 et
334 2223 484 2269 leyitimi
507 2234 530 2258 a
553 2234 674 2259 rerum
698 2229 863 2260 creatore
887 2224 1100 2269 obtiqerunt.
1147 2223 1254 2260 Bella
1277 2236 1361 2261 vero
1385 2230 1421 2261 et
1437 2237 1591 2272 puqnae
1614 2231 1649 2261 et
1685 2225 1836 2262 ibidines
1858 2231 1895 2261 et
1922 2226 2138 2272 cupiditates
2167 2227 2205 2262 in
2235 2229 2367 2263 statum
2390 2227 2498 2275 lonyc

277 2269 387 2305 alium
418 2279 493 2304 rem
525 2268 763 2304 deduxerunt.
812 2268 1025 2305 Servitutem
1056 2269 1150 2304 enim
1182 2269 1329 2313 beilum,
1365 2271 1587 2306 naturalium
1619 2271 1866 2307 condicionem
1896 2271 2048 2307 castitas
2078 2272 2213 2308 amissa
2269 2271 2420 2316 rotulit;
2451 2282 2498 2309 ac

276 2325 405 2350 rursus
437 2314 500 2349 lex
532 2313 709 2349 eiusmodi
763 2315 895 2350 eccatis
925 2313 1098 2350 medelam
1129 2314 1289 2360 afferens
1318 2315 1518 2352 libertatem
1542 2317 1656 2353 servis
1677 2316 1802 2352 molita
1825 2319 1890 2359 est,
1920 2317 2142 2363 multumque
2168 2317 2207 2352 in
2269 2317 2295 2352 ‘s
2317 2317 2499 2355 laboravit

244 2363 247 2368 “
276 2360 446 2395 sescentis
469 2358 586 2394 modis
607 2326 846 2401 introcliictis;
878 2359 1137 2405 imperatoriae
1161 2371 1245 2396 vero
1271 2361 1548 2397 constitutiones
1576 2362 1622 2397 iis
1670 2362 1708 2396 ui
1736 2372 1809 2397 non
1832 2362 1924 2397 iuste
1946 2363 2027 2398 nati
2046 2366 2133 2398 sunt
2160 2362 2238 2398 vias
2260 2361 2310 2398 ad
2330 2362 2390 2398 ius
2409 2362 2496 2411 Ζαρί-

279 2405 445 2440 timorum
469 2408 701 2450 aperuerunt.
754 2403 858 2447 Quod
879 2416 995 2450 neque
1018 2415 1085 2439 nos
1110 2405 1224 2440 obiter
1246 2407 1439 2449 sancimus,
1473 2417 1588 2453 neque
1610 2418 1652 2442 su
1678 2408 1790 2442 iectos
1812 2411 1959 2442 nostros
1982 2406 2066 2443 huie
2089 2407 2161 2454 lcqi
2182 2407 2413 2455 neqleqenter
2435 2409 2496 2446 ob-

277 2452 298 2486 1
346 2454 546 2495 temperare
570 2449 743 2485 volumus.
847 2451 965 2496 Atque
989 2449 1141 2502 legitimi
1162 2450 1304 2497 quidem
1327 2461 1552 2487 successores
1575 2451 1778 2487 nominibus
1801 2462 1851 2488 ex
1872 2463 1922 2487 nu
1953 2452 2011 2487 tiis
2030 2456 2276 2499 procreantur
2297 2462 2389 2499 quas
2410 2462 2497 2490 con·

279 2495 428 2530 trallunt
459 2494 515 2529 vel
537 2505 617 2529 cum
640 2495 888 2530 instrumentis
911 2495 1093 2530 dotalibus
1116 2498 1172 2531 vet
1194 2496 1302 2531 etiam
1325 2497 1402 2531 sine
1425 2497 1491 2539 iis,
1522 2497 1697 2543 siquidem
1720 2496 1871 2533 masculi
1915 2497 2041 2533 eminis
2068 2498 2120 2533 ita
2142 2497 2355 2544 iunquntur,
2387 2502 2429 2534 ut
2451 2499 2497 2536 ab

279 2540 381 2575 initio
405 2539 562 2574 animum
585 2539 619 2574 le
645 2540 764 2575 itimas
786 2541 935 2586 nuptias
958 2550 1037 2575 cum
1059 2540 1105 2575 iis
1127 2541 1366 2577 contrahendi
1389 2541 1555 2578 habeant.
1603 2542 1696 2578 Nam
1720 2542 1789 2578 noc
1812 2553 1956 2588 quoque
1979 2553 2059 2578 cum
2077 2542 2267 2579 calumniis
2366 2544 2498 2581 ostrum

280 2584 478 2620 videremus
501 2584 579 2629 leqe
628 2585 847 2627 istinximus‚
871 2585 961 2636 quid
980 2586 1018 2619 in
1041 2585 1087 2620 iis
1102 2586 1246 2631 quidem
1269 2587 1332 2632 qui
1352 2587 1510 2632 fortuna
1532 2587 1582 2623 ad
1604 2587 1799 2640 diynitates
1817 2588 1929 2623 evecti
1950 2592 2047 2630 sunt,
2071 2587 2160 2635 quid
2181 2591 2300 2624 autem
2337 2599 2362 2623 n
2379 2587 2497 2625 medio

280 2629 347 2665 hoc
371 2628 555 2664 hominum
579 2633 677 2665 statu
707 2630 755 2664 ad
787 2629 965 2676 leqittmas
994 2630 1142 2681 nuptias
1168 2630 1380 2676 probandas
1411 2632 1590 2678 aqendum
1613 2637 1672 2675 stt,
1703 2632 1793 2679 quid
1814 2632 1968 2679 denique
1990 2633 2151 2679 reliquae
2173 2632 2395 2670 multitudini
2412 2644 2498 2670 con·

280 2685 415 2709 cessum
437 2675 495 2708 sit.
545 2672 675 2719 Itaque
698 2674 761 2719 qui
784 2686 834 2710 ex
857 2674 913 2709 his
936 2675 1076 2721 nuptiis
1091 2681 1340 2721 procreantur
1363 2688 1488 2713 eorum
1511 2677 1593 2713 ilico
1616 2678 1861 2714 successiones
1889 2677 2105 2724 manifestae
2127 2681 2224 2720 sunt,
2255 2688 2300 2714 ac
2320 2678 2496 2726 siquidem

280 2720 375 2754 inter
398 2718 577 2763 legitimos
599 2724 843 2760 numerentur,
867 2720 989 2754 statim
1013 2720 1076 2755 lex
1098 2721 1364 2757 successionum
1387 2722 1514 2758 modos
1537 2722 1703 2766 ostendit,
1730 2733 1823 2774 quae
1845 2722 1992 2757 multum
2015 2723 2054 2758 in
2077 2722 2134 2758 Itis
2157 2723 2344 2760 laboravit.
2390 2722 2495 2770 ἱεροὶ

282 2764 357 2799 timi
381 2763 494 2808 iqitur
513 2763 565 2798 ita
588 2763 670 2808 fere
692 2775 731 2798 se
754 2763 903 2806 habent,
934 2765 997 2810 qui
1021 2775 1103 2800 vero
1130 2765 1221 2801 tales
1243 2777 1318 2801 non
1341 2771 1443 2809 sunt,
1472 2767 1538 2803 sed
1559 2768 1666 2803 liberi
1685 2767 1828 2814 quidem
1859 2778 1924 2802 nec
1945 2771 2062 2803 tamen
2092 2778 2143 2803 ex
2167 2767 2337 2821 leqitimis
2358 2767 2496 2816 nuptiis

273 2808 475 2855 procreati,
504 2808 560 2843 vel
580 2809 687 2843 etiam
711 2809 749 2842 in
771 2810 940 2844 servitute
963 2810 1053 2852 nati,
1075 2810 1110 2844 si
1131 2811 1293 2847 libertate
1316 2811 1458 2858 diqnati
1480 2812 1667 2848 naturales
1689 2816 1870 2854 maneant,
1902 2811 1970 2847 llos
1992 2812 2085 2848 varii
2107 2812 2204 2848 mods
2225 2811 2275 2848 ad
2295 2812 2354 2848 ius
2377 2811 2495 2860 legiti-

280 2864 418 2889 morum
442 2852 637 2894 adducunt,
662 2853 790 2898 quibus
813 2854 1030 2889 enumeratis
1053 2855 1159 2890 etiam
1182 2856 1326 2901 reliqua
1345 2857 1555 2893 sanciemus.

415 2898 462 2933 ΙΙ.
510 2899 557 2932 At
584 2909 627 2932 ue
643 2898 788 2943 primus
811 2898 938 2933 modus
961 2899 1033 2933 illis
1057 2900 1296 2945 leqitimorum
1328 2902 1419 2937 iuris
1442 2905 1597 2948 praesto
1620 2904 1700 2936 erat
1730 2901 1794 2947 qm·
1816 2901 1910 2936 idem
1933 2901 2134 2937 civitatibus
2162 2900 2285 2937 statim
2309 2902 2408 2939 utilis
2430 2914 2494 2940 cx-

282 2944 364 2986 titit,
388 2953 491 2989 quem
518 2909 738 2977 Tltqeodosius
754 2944 845 2988 piae
867 2943 1150 2989 recentiorisque
1173 2946 1366 2982 memoriae
1386 2946 1600 2983 introduxit.
1649 2945 1835 2981 Sancitum
1853 2946 1947 2982 enim
1963 2950 2019 2982 est
2033 2946 2078 2982 ab
2093 2956 2148 2989 eo,
2171 2952 2213 2982 ut
2224 2946 2296 2992 filii
2310 2949 2497 2986 naturales

277 2137 410 2169 natura
434 2132 576 2179 quidem
599 2133 645 2169 ab
668 2133 785 2175 initio,
810 2144 887 2168 cum
913 2145 1007 2179 quae
1031 2133 1081 2168 ad
1102 2135 1391 2180 procreationem
1416 2135 1610 2171 liberorum
1633 2138 1799 2182 spectant
1819 2135 1988 2178 sanciret,
2011 2136 2158 2227 ςωῖξὶτίε
2180 2131 2319 2183 leqibus
2337 2136 2497 2174 nondum

337 3036 352 3069 1
379 3031 589 3075 ἐνομοθέτει
613 3031 691 3065 τῶν
717 3031 787 3072 Mc]
818 3032 1071 3075 ἐνομοθετεῖτο
1096 3034 1127 3067 L
1152 3034 1164 3077 ΙΙ
1190 3035 1209 3067 3
1235 3031 1274 3067 δὲ
1297 3048 1355 3068 οιη.
1472 3037 1488 3070 1
1514 3035 1554 3068 de
1577 3048 1635 3069 om.
1656 3035 1732 3079 V‘l
1761 3036 1908 3069 sanccire
1931 3035 2010 3079 R’ss
2034 3036 2055 3068 2
2077 3036 2237 3079 scriptum
2264 3037 2315 3071 ‘1⁷²
2337 3037 2351 3082 ΙΙ
2375 3039 2395 3072 3
2419 3048 2495 3082 pro-

283 3081 313 3113 L
329 3079 343 3123 ΙΙ
367 3081 387 3112 9
411 3080 462 3119 τε]
487 3080 598 3109 autem
623 3089 641 3113 ς
664 3079 676 3120 ΙΙ
703 3079 743 3110 10
768 3074 926 3120 οἰόμενος
952 3079 996 3111 L·
1020 3080 1032 3121 ΙΙ
1060 3080 1101 3113 13
1120 3074 1329 3123 ἠνέωξανῷ
1345 3079 1357 3123 ΙΙ

280 3125 483 3171 γενομένοις
498 3134 566 3155 cum
580 3122 763 3165 Scrimyero
776 3124 860 3165 vulq.
881 3122 893 3162 ΙΙ
911 3125 950 3157 17
968 3117 1032 3156 οὖν
1051 3137 1108 3156 om.
1122 3124 1153 3157 L
1169 3123 1182 3167 ΙΙ
1203 3126 1243 3158 19
1261 3120 1356 3158 οὕτω

281 3173 358 3203 ταῖς
381 3165 565 3211 ἀληθείαις
588 3164 676 3212 πρὸς
698 3163 760 3199 τὰς
783 3165 933 3208 θηλείας
957 3168 987 3201 L
1012 3168 1025 3211 ΙΙ
1054 3169 1093 3202 21
1120 3167 1187 3214 γὰρ
1211 3182 1268 3202 om.
1291 3170 1322 3202 L
1345 3170 1356 3206 ΙΙ

282 3218 325 3250 22
348 3212 465 3257 νόμῳ]
490 3226 560 3246 nov.
575 3212 743 3245 LXXIV
754 3225 780 3245 c.
795 3214 815 3246 4
834 3211 846 3248 ΙΙ
871 3213 912 3245 23
938 3213 997 3245 ἐπὶ
1014 3214 1071 3254 Μ]
1095 3210 1166 3247 ὑπὸ
1192 3214 1222 3247 L
1247 3214 1260 3258 ss
1284 3211 1354 3247 ὑπὸ

283 3261 343 3303 τῆς
374 3259 446 3301 (τῆς
470 3271 529 3291 om.
547 3259 591 3300 L)
621 3255 726 3299 τύχης
754 3257 801 3290 εἰς
832 3253 931 3296 ἀξίας
956 3258 1039 3299 ML]
1070 3258 1223 3291 fortunae
1246 3259 1356 3301 digni-

282 3309 349 3338 tate
375 3303 421 3349 ςΙΙ
449 3305 493 3338 24
515 3304 576 3337 ἐπὶ
602 3303 786 3345 Homberyk
810 3315 848 3336 ez·
870 3305 901 3343 ς]
925 3299 998 3335 ὑπὸ
1027 3304 1097 3336 ML
1116 3302 1129 3347 ΙΙ
1154 3304 1194 3337 25
1221 3301 1276 3336 δεῖ
1297 3317 1355 3337 om.

283 3352 314 3385 L
337 3350 350 3395 Η
376 3351 419 3384 26
442 3349 520 3383 τῶν
544 3349 582 3381 ἐκ
605 3347 682 3381 τῶν
704 3346 831 3393 γάμων
850 3345 991 3380 τούτων
1010 3349 1074 3388 (vel
1088 3349 1125 3380 ἐκ
1139 3347 1268 3393 γάμων
1283 3361 1355 3382 τοι-

282 3395 415 3434 ούτων)
439 3395 639 3435 Zachariae]
674 3392 752 3426 τῶν
774 3391 902 3438 γάμων
924 3389 1066 3426 τούτων
1091 3392 1179 3435 ML,
1213 3391 1356 3427 τούτων

283 3455 341 3475 om.
362 3453 381 3477 ς
405 3440 417 3483 ΙΙ
446 3442 488 3474 29
511 3439 590 3473 τῶν
613 3452 670 3471 om.
697 3438 728 3470 L
756 3438 769 3481 ΙΙ
798 3434 978 3479 διαδόχων
999 3438 1088 3480 ML,
1109 3450 1191 3471 corr.
1208 3439 1356 3472 Haloan-

283 3489 340 3520 der
353 3500 391 3519 ez
404 3498 421 3521 ς
439 3485 451 3528 ΙΙ
469 3486 511 3519 32
529 3482 725 3528 προελθών
736 3484 787 3516 L⁰
804 3482 818 3527 fl
834 3485 875 3517 33
892 3483 923 3515 εἰ
940 3484 1004 3524 135]
1028 3496 1087 3516 om.
1102 3483 1171 3526 Mn
1188 3484 1231 3517 34
1254 3485 1354 3526 *μεί-

282 3544 338 3564 νοι
363 3532 435 3564 ML
459 3531 471 3574 ΙΙ
496 3532 538 3563 3Ἰ
563 3526 797 3575 γνησιότητος
817 3528 885 3564 L²c
910 3530 963 3572 (cs.
976 3529 1127 3569 432,26)]
1151 3525 1292 3574 γνήσιος
1316 3530 1359 3562 Μ

281 3579 434 3621 γνησίως
459 3576 504 3608 L¹
529 3576 541 3618 ΙΙ
565 3571 722 3618 ὑπῆρχεν
739 3569 758 3606 ὁ
780 3575 839 3606 καὶ
859 3573 1057 3615 Zachariae]
1082 3570 1216 3618 ὑπῆρχε
1238 3576 1298 3606 καὶ
1322 3574 1354 3607 L

281 3619 448 3665 τ’τπήρχθη
465 3622 523 3652 καὶ
542 3621 586 3653 Μ
603 3620 746 3652 existens
766 3631 786 3656 ς
802 3618 815 3663 ΙΙ
833 3620 875 3654 38
893 3615 1093 3659 Θεοδόσιος]
1119 3620 1194 3653 Cod.
1211 3620 1299 3661 5‚27‚
1312 3618 1354 3664 3ss

282 3669 323 3699 39
348 3668 439 3706 νέας]
465 3663 595 3707 λήξεως
619 3665 760 3698 adcl.L⁰

1425 3080 1558 3113 duxerit
1582 3081 1614 3113 R
1637 3079 1650 3124 ΙΙ
1678 3082 1699 3114 4
1746 3080 1800 3113 liis
1821 3082 1873 3114 V⁶
1894 3080 1907 3123 ΙΙ
1934 3081 1953 3114 8
1978 3080 2139 3113 naturalis
2172 3081 2250 3115 VT¹
2270 3082 2283 3123 ΙΙ
2315 3084 2353 3118 11
2379 3083 2496 3118 modus

1433 3125 1482 3159 V¹
1498 3126 1511 3168 ΙΙ
1528 3125 1762 3167 imperatori-e
1788 3126 1834 3158 R¹
1853 3124 1865 3169 11
1884 3126 1924 3158 12
1947 3128 2173 3168 apparuerunt
2196 3126 2282 3160 RT¹
2328 3127 2413 3162 facte
2434 3129 2469 3163 V

1428 3172 1469 3204 14
1485 3169 1602 3211 legem]
1618 3171 1765 3212 legenter
1780 3170 1823 3204 T¹
1839 3169 1851 3214 ΙΙ
1873 3172 1914 3204 19
1928 3170 2002 3222 autl·
2014 3173 2048 3203 at
2065 3171 2106 3203 Τι
2122 3171 2135 3215 ΙΙ
2152 3171 2204 3204 his
2220 3185 2277 3205 om.
2353 3172 2367 3218 [Ι
2385 3175 2428 3209 20
2444 3127 2497 3264 11ὶῖ

1424 3218 1482 3248 aut
1507 3215 1560 3248 T⁰
1576 3215 1589 3258 ΙΙ
1607 3217 1644 3250 21
1670 3216 1819 3248 effectum
1839 3215 1947 3249 R¹T⁰
1962 3216 1973 3255 ΙΙ
1992 3225 2028 3247 ιιι
2053 3228 2111 3249 om.
2126 3216 2174 3249 R·
2191 3216 2204 3260 ΙΙ
2222 3219 2264 3251 22
2286 3217 2393 3261 legem
2415 3218 2465 3252 Β*

1423 3260 1655 3293 *decr-enimus
1679 3261 1756 3294 iibri
1778 3260 1791 3304 u
1817 3262 1858 3294 23
1883 3260 1975 3302 quid]
2008 3261 2067 3302 qui
2088 3261 2138 3294 1⁷¹
2161 3261 2174 3306 fl
2200 3263 2248 3295 eis
2272 3262 2337 3307 ΤΙΙ
2361 3264 2404 3298 24
2427 3273 2494 3297 me-

1424 3305 1545 3338 diocris
1570 3305 1625 3347 ΤΙΙ
1650 3306 1712 3338 hoc
1737 3318 1794 3339 om.
1818 3305 1873 3349 Vn
1891 3306 2035 3339 hominis
2056 3307 2159 3339 statui
2182 3307 2345 3350 agendum
2369 3307 2407 3342 fit
2433 3309 2467 3343 T
2480 3306 2495 3355 Ι

1425 3351 1466 3384 26
1488 3350 1576 3392 quod
1597 3351 1652 3394 ΤΙΙ
1667 3350 1769 3394 plebi]
1793 3351 1864 3392 geri
1887 3350 1941 3393 Vll
1960 3352 1999 3384 27
2022 3362 2069 3384 nu
2093 3352 2161 3394 tiis]
2186 3352 2319 3395 nuptias
2339 3353 2406 3394 V¹;
2430 3353 2494 3399 leq.

1424 3395 1551 3438 nuptiis
1575 3395 1649 3430 his?
1674 3395 1687 3440 ΙΙ
1714 3397 1756 3430 30
1781 3397 1989 3429 contractans
2012 3396 2045 3428 R
2081 3396 2086 3440 Ι
2111 3398 2150 3431 31
2178 3399 2238 3440 est]
2262 3399 2312 3431 ost
2334 3397 2388 3431 ius
2410 3398 2460 3432 T·

1424 3443 1466 3474 32
1491 3444 1620 3473 tantum
1646 3441 1768 3475 RVT⁰
1789 3441 1802 3484 ΙΙ
1829 3440 1996 3483 legitimus
2017 3442 2129 3475 R¹T⁰
2151 3441 2164 3487 ΙΙ
2190 3444 2233 3477 34
2252 3443 2314 3476 hoo
2337 3454 2394 3477 om.
2410 3443 2457 3477 R·

1423 3486 1518 3518 modo
1543 3486 1666 3518 uariari
1683 3486 1792 3530 R²Tu
1809 3487 1852 3520 36
1877 3486 2060 3518 sanciemus
2079 3488 2164 3532 vulq.
2184 3486 2197 3533 ΙΙ
2220 3489 2261 3522 37
2288 3488 2358 3521 eius
2380 3487 2414 3522 R
2444 3491 2493 3523 ent
2560 3484 2566 3515 Ῑ

1422 3533 1507 3575 vulq.
1526 3531 1538 3575 ΙΙ
1557 3533 1598 3565 30
1623 3534 1774 3565 sanctum
1800 3532 1847 3565 V*
1865 3531 1878 3575 ΙῙ
1896 3533 1937 3565 40
1961 3530 2044 3563 alios
2066 3532 2098 3565 V
