2476 3854
168 81 207 122 N
211 94 277 124 ov.
310 79 460 124 CXLV
484 85 503 122 1

166 196 352 237 ταγμιένον.
401 190 490 226 ἀλλὰ
515 195 575 225 καὶ
598 193 665 225 νῦν
689 190 896 236 προςῆλθον
918 190 1005 235 ἡμῖν
1028 193 1063 226 οἱ
1088 195 1249 239 Φρυγίαν

165 237 340 283 ἑκατέραν
362 240 421 271 καὶ
441 235 609 271 Πισιδίαν
634 237 822 277 οἰκοῦντες,
842 236 889 270 τὰ
912 238 978 279 μὲν
995 237 1123 282 πραὲην
1139 235 1247 283 ἆμαρ-

165 281 347 325 τανόμενα
378 279 453 315 κατ’
482 278 590 315 airas
622 281 840 316 παύσασθαι
871 280 1042 327 λέγοντες,
1075 285 1135 316 καὶ
1166 282 1248 316 οὔτε

166 326 338 373 λῃστήρια
368 325 459 360 κατὰ
491 326 574 360 τοὺς
604 325 735 360 τόπους
760 328 912 360 ἐκείνους
935 326 1153 361 συνεστάναι
1173 327 1246 362 οὔτ’

165 375 214 406 εἰς
244 370 378 416 ἄνδρας
410 372 650 416 ἐκτρέφεσθαι
679 374 757 405 ταῖς
787 373 983 416 ἐπαρχίαις,
1013 372 1056 407 τὸ
1080 370 1120 406 δὲ
1142 372 1249 417 βάρος

165 416 206 451 οὗ
239 420 359 463 φέρειν
387 419 449 460 τῆς
480 414 563 472 παρ’
590 415 694 460 ἡμῶν
727 418 1001 460 ἐπινενοημένης
1025 414 1141 463 ἀρχῆς,
1171 419 1249 452 τῶν

165 461 464 508 ὑπηρετουμένων
512 463 602 508 αυτῇ
651 463 807 503 συνεχῶς
853 461 1134 507 ἐπιφοιτώντων
1171 466 1249 498 ταῖς

166 510 350 551 ἐπαρχίαις
373 509 433 540 καὶ
458 504 792 551 συλλαμβανόντων
815 507 913 540 τινὰς
936 510 997 540 καὶ
1014 509 1155 552 ζημίαις
1171 509 1247 542 ἐπι-

165 553 381 596 τριβόντων,
411 554 470 585 καὶ
501 553 775 595 στρατιωτικῶν
800 550 979 607 θορύβων
1002 552 1248 607 ἐμπεπλησμέ-

1231 78 1309 127 712

1567 96 1627 127 U'r
1659 96 1716 126 DE
1745 96 1916 129 CETERO
1946 97 2130 130 NULLAM
2157 98 2398 131 LICENTIAM

1318 193 1507 237 Phrygiam
1531 195 1718 239 utramque
1741 197 1777 229 et
1800 194 1966 230 Pisidiam
1990 195 2165 238 habitant,
2188 199 2229 232 ut
2251 206 2295 232 ea
2310 207 2400 242 quae

1316 238 1451 283 pridem
1473 239 1660 273 commissa
1683 243 1768 274 sunt
1790 239 1826 274 in
1846 240 1897 275 eis
1917 244 2219 285 compesceantun
2242 242 2399 278 dicentes

1317 293 1430 328 neque
1454 282 1645 319 latrocinia
1667 283 1704 318 in
1727 284 1815 319 locis
1834 284 1904 320 illis
1921 285 2155 331 compescita;
2175 296 2290 331 neque
2306 287 2400 323 enim

1318 329 1355 362 in
1379 328 1582 364 hominibus
1605 329 1753 364 enutriri
1801 329 1989 372 rovincias,
2014 340 2104 366 onus
2124 340 2210 367 vero
2227 341 2299 368 non
2313 331 2401 368 ferri

1284 377 1303 408 5
1317 383 1339 407 a
1369 373 1473 409 nobis
1502 373 1635 409 inventi
1667 373 1773 419 cingu
1788 374 1818 417 i,
1845 375 1939 419 quod
1961 375 2219 412 ministrantei
2240 375 2400 413 insolito·

1317 428 1394 453 rum
1419 418 1591 462 dignitate
1622 422 1658 454 et
1681 419 2020 463 adprehendentium
2042 421 2180 466 aliquos
2203 423 2241 457 et
2263 421 2399 458 damnis

1316 462 1567 505 adficientium,
1592 466 1629 499 et
1650 463 1856 500 militarium
1878 465 2065 501 turbarum
2080 466 2217 512 repleta
2230 466 2314 503 loca
2326 466 2400 509 illa,

1317 511 1353 543 et
1384 509 1525 544 omnino
1554 508 1803 545 inhabitabiles
1835 510 1885 546 eis
1913 520 1991 546 esse
2014 511 2234 556 provincias:
2269 511 2402 548 etenim

1317 556 1354 589 et
1383 553 1472 598 ipsis
1503 556 1631 590 contra
1653 563 1693 589 se
1717 554 1877 591 civilibus
1900 555 2077 591 iudicibus
2101 556 2256 602 copiosis
2279 557 2327 593 ad
2347 556 2402 593 rei

164 611 240 631 νων
272 598 349 630 τῶν
377 594 509 631 τόπων
533 599 693 639 ἐκείνων,
724 600 782 630 καὶ
807 593 897 631 ὅλως
921 598 1106 641 αοικήτους
1130 601 1248 632 αυτοῖς
1266 601 1304 632 10
1319 599 1575 634 correctionem
1594 599 1809 644 constitutis,
1833 603 1869 635 et
1892 610 2012 636 eorum
2037 601 2098 646 qui
2119 601 2319 646 provincias
2333 601 2399 637 ha-

163 642 227 676 τὰς
252 643 422 686 ἐπαρχίας
443 641 552 675 εἶναι·
578 645 735 687 καίτοιγε
758 645 819 675 καὶ
844 639 965 677 αὐτῶν
987 640 1079 678 καθ’
1102 643 1247 677 ἑαυτοὺς

162 689 240 721 τῶν
263 687 461 722 πολιτικῶν
482 685 672 733 ἀρχόντων
697 686 834 721 ἱκανῶν
857 686 945 733 πρὸς
967 687 1037 731 τὴν
1059 689 1124 723 τοῦ
1155 687 1247 733 πρά-

162 743 296 779 γματος
326 728 592 777 ἐπανόρθωσιν
624 730 756 767 ὄντων.
803 736 864 766 καὶ
886 732 956 788 γὰρ
978 732 1022 776 δὴ
1041 737 1101 767 καὶ
1126 730 1249 767 αὐτῶν

162 778 240 810 τῶν
262 776 327 811 τὰς
342 778 521 830 (ἐπαρχίας
544 776 743 811 οἰκούντων
767 776 917 812 πολλους
936 778 1005 821 τὴν
1021 779 1156 824 ἑτέρων
1172 780 1247 813 ἐπι-

163 827 296 856 είκειαν
319 835 454 866 ευρημα
479 824 710 867 ποιουμένους
731 824 776 869 τῇ
799 824 861 866 τῆς
885 820 994 878 αρχῆς
1011 823 1143 866 ταύτης
1159 820 1246 858 dam-
1264 827 1304 860 15

162 867 361 912 κεχρῆσθαι
384 867 556 914 περιβολῇ
581 870 642 901 καὶ
662 870 823 910 συνέχειν
837 879 919 902 τους
934 867 1165 911 ανευθύνους,
1188 871 1249 903 καὶ

161 910 278 959 ταύτῃ
308 911 355 946 τὰ
387 912 437 957 μὴ
469 911 592 946 δίκαια
616 916 743 958 σφίσιν
767 912 888 948 αὐτοῖς
910 913 1246 960 καταπράττεσθαι.

1317 644 1434 679 bitant
1461 643 1592 679 multos
1618 644 1768 679 aliarum
1793 645 1945 689 quietem
1968 645 2141 682 facientes
2164 646 2306 692 cingulo
2328 646 2400 683 isto

1316 689 1512 724 abutantur
1542 687 1761 735 (περιβολῇ),
1794 694 1830 724 et
1859 692 2157 736 comprehendere
2182 691 2400 736 innocentes,

1317 736 1353 769 et
1376 743 1467 779 quae
1489 744 1562 770 non
1585 738 1670 770 sunt
1692 735 1762 770 dici
1784 735 1822 770 in
1845 736 1898 778 eis
1919 736 1986 781 agi.

1188 1025 1344 1062 CAPUT
1367 1025 1397 1062 Ῑ.

213 1093 332 1127 Ταῦτα
356 1090 523 1127 πολλάκις
547 1092 716 1127 εἰπόντας
733 1092 863 1128 αὐτοὺς
879 1092 1092 1138 ἐλεήσαντες
1103 1095 1164 1128 ἐπὶ
1180 1094 1248 1129 τὸν

162 1137 330 1184 παρόντα
362 1138 467 1172 θεῖον
497 1136 604 1182 ἡμῶν
635 1136 800 1192 ἢλθρμεν
824 1138 949 1183 νόμον,
980 1137 1026 1173 δι’
1050 1139 1091 1173 οὖ
1115 1139 1246 1174 θεσπί-

1361 1093 1460 1129 Haec
1492 1093 1633 1139 saepius
1666 1093 1825 1130 dicentes
1857 1104 1977 1130 eorum
2003 1094 2138 1130 miserti
2162 1094 2209 1131 ad
2231 1105 2401 1141 praesen-

1315 1140 1388 1174 tem
1419 1148 1560 1174 sacram
1586 1143 1746 1175 nostram
1769 1140 1927 1176 venimus
1949 1140 2072 1184 legem,
2102 1149 2169 1186 per
2190 1150 2296 1186 quam
2318 1149 2401 1177 san-

164 1186 271 1228 ζομεν
295 1183 496 1231 ἐξῃρῆσθαι
516 1184 578 1217 τοῦ
605 1182 732 1218 λοιπον
757 1195 822 1218 τας
837 1185 1022 1229 εἰρημένας
1037 1183 1122 1229 ἡμῖν
1138 1186 1246 1230 §nap—
1262 1187 1304 1220 20
1317 1184 1429 1219 cimus
1464 1184 1598 1220 auferri
1632 1185 1676 1220 de
1714 1188 1831 1221 cetero
1864 1194 1956 1230 quae
1981 1185 2097 1220 dictae
2128 1189 2213 1221 sunt
2242 1195 2266 1220 a
2296 1185 2402 1222 nobis

161 1232 238 1272 χίας
274 1230 408 1274 (φαμὲν
444 1226 489 1271 δὴ
521 1230 684 1274 Φρυγίαν
714 1228 968 1274 Σαλουταρίαν
995 1232 1055 1263 καὶ
1087 1232 1249 1285 Φρυγίαν

162 1273 398 1317 Πακατιανὴν
414 1276 474 1307 καὶ
490 1271 675 1317 Πισιδίαν)
692 1275 752 1317 τῆς
771 1271 878 1319 ἀρχῆς
893 1275 1036 1315 ἐκείνης,
1060 1272 1107 1318 ἢν
1123 1278 1248 1309 αυταῖς

162 1333 201 1354 τε
225 1322 284 1353 καὶ
307 1319 398 1364 πρός
419 1331 460 1365 γε
483 1319 528 1365 τῇ
552 1319 761 1353 Λυκαόνων
783 1322 843 1353 καὶ
867 1320 911 1366 τῇ
935 1318 1073 1355 Λυδῶν
1097 1317 1248 1363 ἐπεστή-

163 1377 277 1408 σαμεν
307 1362 447 1410 πρώην,
478 1366 538 1397 καὶ
568 1366 745 1408 μηδεμίαν
769 1362 896 1398 ἄδειαν
919 1367 958 1399 ἐκ
980 1366 1045 1399 τοῦ
1070 1366 1249 1411 παρόντος

1316 1229 1521 1275 provinciae
1554 1229 1718 1270 (dicimus
1752 1231 1872 1266 autem
1906 1230 2094 1276 Phrygiam
2129 1231 2330 1267 Salutarem
2365 1233 2403 1267 et

1318 1275 1506 1320 Phrygiam
1534 1275 1767 1310 Pacatianam
1796 1278 1833 1310 et
1860 1275 2040 1316 Pisidiam)
2077 1275 2122 1310 de
2156 1275 2298 1320 cingulo
2327 1275 2400 1317 illo,

1318 1320 1414 1364 quod
1435 1322 1509 1356 tam
1533 1321 1620 1365 ipsis
1645 1330 1749 1364 quam
1772 1320 1963 1365 Lycaoniis
1987 1324 2023 1355 et
2036 1319 2146 1366 Lydis
2169 1321 2401 1365 imposuimus

1318 1366 1419 1406 olim,
1450 1367 1488 1400 et
1517 1365 1652 1400 nullam
1682 1365 1860 1401 licentiam
1892 1375 1937 1401 ex
1961 1366 2145 1410 praesenti
2166 1375 2245 1401 esse
2268 1366 2320 1402 eis
2341 1365 2404 1420 qui

163 1410 254 1444 εἶναι
276 1413 348 1443 τοῖς
373 1410 512 1452 ἐκείνην
536 1410 662 1463 ἔχουσι(
676 1409 744 1452 τὴν
768 1406 879 1455 ἀρχὴν
903 1409 926 1452 ἢ
950 1412 990 1444 ἐν
1014 1407 1138 1445 αὐταῖς
1155 1414 1247 1456 γίνε-
1261 1412 1303 1446 25
1318 1420 1394 1445 eam
1417 1410 1550 1445 habent
1575 1410 1916 1446 administrationem
1940 1413 2004 1445 aut
2026 1410 2064 1445 in
2088 1411 2139 1446 eis
2162 1409 2241 1446 fieri
2257 1421 2399 1456 provin-

162 1455 258 1489 σθαι
286 1458 364 1489 ταῖς
395 1456 597 1499 ἐπαρχίαις,
633 1466 681 1489 ως
712 1453 864 1500 οἷρχικὴν
896 1456 1016 1498 ἔχουσί
1043 1469 1128 1490 τινα
1159 1455 1249 1501 πρὸς

163 1497 499 1554 αὖτάςλμετουσίαν,
521 1495 544 1542 ἢ
569 1498 728 1534 στέλλειν
750 1500 836 1534 τινὰ
860 1501 921 1543 τῆς
944 1500 1080 1541 τάξεως
1101 1502 1165 1544 τῆς
1189 1499 1248 1534 αὗ-

1317 1456 1381 1491 ciis
1417 1460 1596 1500 tamquam
1631 1455 1814 1500 dignitatis
1848 1456 2022 1492 habentes
2053 1455 2197 1501 aliquod
2236 1466 2318 1491 cum
2351 1455 2402 1491 eis

1316 1500 1565 1554 participium,
1598 1504 1661 1536 aut
1684 1501 1925 1536 transmittere
1947 1501 2099 1544 aliquem
2124 1501 2168 1536 de
2192 1500 2311 1536 officio
2334 1511 2402 1537 suo

161 1547 240 1579 τῶν
268 1558 290 1588 η
322 1549 382 1578 καὶ
405 1546 483 1578 τῶν
506 1543 624 1578 ἄλλως
649 1542 767 1580 αὐτοῖς
790 1544 1045 1589 προςηκόντων
1068 1549 1128 1580 καὶ
1148 1549 1248 1580 συνέ-
1315 1549 1379 1581 aut
1409 1546 1513 1581 ahter
1542 1546 1594 1581 eis
1627 1546 1910 1599 competentibus
1942 1549 1978 1582 et
2008 1546 2307 1591 comprehendere
2335 1546 2402 1581 ali-

161 1603 237 1633 χειν
272 1589 391 1633 τινάς,
428 1588 518 1623 ἀλλὰ
553 1588 645 1634 μηδὲ
675 1587 792 1624 αὐτοῖς
822 1589 951 1625 ἄδειαν
981 1591 1075 1625 εἶναι
1106 1593 1179 1625 τοῖς
1208 1593 1246 1625 ἐκ
1316 1601 1421 1636 quos,
1454 1590 1517 1626 sed
1548 1601 1661 1636 neque
1691 1601 1743 1627 eis
1762 1590 1943 1627 licentiam
1966 1601 2046 1626 esse
2067 1591 2129 1636 qui
2152 1600 2196 1626 ex
2218 1590 2290 1627 illis
2314 1601 2398 1636 pro-

161 1637 240 1669 τῶν
274 1635 457 1679 ἐπαρχιῶν
490 1636 640 1668 ἐκείνων
674 1638 812 1681 τρέχειν
846 1635 935 1681 πρὸς
964 1636 1047 1671 τοὺς
1076 1633 1248 1671 ἑκάστοτε
1261 1639 1302 1672 30
1316 1636 1441 1672 vinciis
1465 1639 1550 1671 sunt
1573 1645 1716 1672 currere
1740 1637 1786 1672 ad
1801 1646 2087 1682 unumquemque
2103 1636 2198 1671 hanc
2213 1636 2404 1672 habentem

161 1679 299 1722 ταύτην
326 1684 474 1722 ἔχοντας
502 1679 570 1723 τὴν
598 1677 711 1724 ἀρχὴν
741 1684 801 1714 καὶ
829 1684 969 1727 μέμψιν
992 1678 1249 1716 ἀποτίθεσθαι
1315 1681 1520 1726 dignitatem
1551 1684 1588 1716 et
1618 1681 1798 1726 querelam
1829 1682 2010 1717 insinuare
2042 1681 2212 1717 adversus
2239 1681 2402 1724 invicem,

161 1721 238 1759 κατ’
263 1721 438 1768 ἀλλήλων,
467 1724 540 1759 εἴτε
568 1721 660 1770 ὑπὲρ
689 1724 885 1771 χρημάτων
915 1726 986 1761 εἴτε
1008 1723 1100 1774 ὑπὲρ
1123 1725 1246 1780 tyni-25·
1317 1726 1390 1762 sive
1412 1737 1480 1771 pro
1503 1727 1719 1771 pecuniariis
1743 1727 1817 1762 sive
1865 1737 1906 1761 ro
1923 1726 2165 1762 criminalibus
2182 1726 2293 1762 fuerit
2308 1726 2403 1772 quod

160 1781 272 1815 ματος
295 1769 338 1804 τὸ
361 1770 575 1815 κινούμενον
599 1770 670 1814 εἴη·
694 1771 826 1815 ποινὴν
844 1767 1087 1818 ὑφορωμένοις
1101 1771 1248 1816 triginta
1315 1776 1494 1807 movetur:
1515 1773 1668 1817 poenam
1690 1772 1928 1808 metuentibus
1952 1771 2099 1815 triginta
2121 1771 2293 1807 librarum
2310 1770 2401 1814 auri,

162 1938 238 1974 Sed
260 1947 356 1973 nunc
378 1949 522 1984 quoque
545 1938 716 1974 adierunt
738 1949 806 1974 nos
828 1939 892 1984 qui
919 1938 1122 1985 Phryqiam
1146 1942 1336 1985 utramque
1367 1941 1402 1974 et
1425 1937 1601 1974 Pisidiam
1632 1938 1807 1980 incolunt,
1839 1937 1999 1974 dicentes
2026 1939 2098 1974 iam
2130 1937 2278 1975 desiisse
2333 1951 2404 1976 uae

165 1984 248 2018 olim
274 1984 311 2018 in
336 1984 382 2018 iis
398 1983 605 2029 provinciis
628 1985 947 2027 committerentur,
969 1995 1036 2020 nec
1059 1984 1241 2020 latronum
1267 1984 1390 2019 turbas
1413 1984 1451 2018 in
1475 1983 1550 2018 illis
1573 1983 1661 2019 locis
1683 1984 1840 2019 existere
1862 1994 1978 2030 neque
1999 1983 2038 2019 in
2052 1982 2246 2020 seditiones
2260 1950 2404 2030 degeo&

160 2029 382 2074 provfflcias,
417 2039 533 2074 neque
553 2039 638 2064 vero
663 2040 757 2064 onus
780 2029 1018 2076 maqistratus
1041 2040 1065 2063 a
1089 2029 1193 2064 nobis
1216 2029 1417 2075 excoqitatz·
1438 2039 1477 2064 se
1498 2029 1613 2074 ferre,
1638 2039 1719 2064 cum
1742 2028 1898 2063 ministri
1920 2029 1999 2064 eius
2021 2028 2172 2063 adsidue
2193 2029 2404 2076 provincias

158 2077 358 2121 peraqrent
384 2078 419 2109 et
442 2073 603 2109 homines
626 2073 680 2108 ali
703 2084 770 2109 uos
793 2074 1099 2121 comprehendant
1121 2074 1334 2120 damnisque
1353 2077 1545 2109 conterant
1567 2077 1604 2109 et
1626 2073 1840 2109 militaiibus
1865 2073 2074 2110 tumultibus
2086 2073 2202 2120 plena
2224 2074 2299 2110 sint
2319 2074 2403 2110 loca

160 2119 237 2161 illa,
270 2123 380 2164 atque
412 2119 556 2154 omnino
589 2118 676 2154 inba
699 2119 842 2155 itabiles
869 2121 941 2157 sibi
961 2119 1176 2166 provincias
1198 2119 1321 2155 reddi:
1353 2119 1496 2155 tametsi
1517 2118 1625 2154 etiam
1647 2119 1720 2165 ipsi
1743 2118 1865 2154 civiles
1887 2119 2124 2165 maqistratus
2142 2129 2213 2165 per
2235 2128 2275 2155 se
2294 2119 2403 2165 suffi-

164 2165 261 2200 ciant
295 2164 345 2198 ad
378 2174 453 2199 rem
488 2163 757 2199 emendandam.
806 2164 950 2200 Etenim
980 2166 1089 2200 etiam
1120 2175 1170 2200 ea:
1196 2165 1242 2199 iis
1270 2164 1334 2211 qui
1356 2163 1573 2210 provincias
1602 2163 1766 2199 incolunt
1795 2163 1928 2198 multos
1959 2174 2009 2199 ex
2041 2163 2198 2199 aliorum
2229 2163 2403 2200 modestia

161 2210 300 2244 lucrum
328 2209 509 2254 facientes
539 2207 647 2244 huius
678 2209 915 2255 maqistratus
946 2210 1041 2246 velut
1072 2210 1317 2256 intequmento
1349 2209 1451 2245 abuti
1481 2213 1517 2244 et
1545 2209 1719 2244 innoxios
1749 2207 2062 2255 comprehendere,
2094 2212 2203 2254 atque
2234 2208 2286 2244 ita
2309 2219 2404 2255 quae

165 2256 262 2290 iusta
287 2265 360 2289 non
384 2259 470 2289 sunt
492 2254 561 2289 sibi
585 2253 755 2290 obtinere.

295 2300 323 2334 l.
371 2299 475 2334 Haec
506 2310 584 2334 cum
614 2300 761 2346 saepius
793 2298 972 2342 dicerent,
1000 2310 1063 2335 eos
1090 2299 1254 2335 miserati
1282 2299 1332 2334 ad
1359 2301 1586 2351 praesentem
1616 2307 1759 2333 sacram
1789 2297 1903 2344 leqem
1933 2302 2095 2332 nostram
2127 2297 2304 2341 venimus,
2332 2309 2404 2350 per

162 2355 271 2390 quam
302 2345 496 2387 sancimus,
528 2348 568 2379 ut
590 2344 628 2378 in
647 2349 838 2391 posterum
856 2344 1073 2391 praedictae
1096 2355 1119 2379 a
1143 2344 1247 2380 nobis
1259 2344 1475 2391 provinciae
1499 2342 1714 2389 (Phryqiam
1738 2342 2118 2379 dicimusSalutarem
2141 2346 2177 2378 et
2199 2341 2403 2389 Pliryqtam

161 2389 400 2425 Pacatianam
424 2393 459 2424 et
482 2389 671 2432 Pisidiam)
698 2401 721 2424 a
752 2390 968 2436 maqistratu
992 2389 1070 2431 illo,
1095 2400 1200 2435 quem
1224 2395 1259 2425 et
1283 2389 1375 2436 ipsis
1397 2392 1432 2425 et
1452 2391 1643 2435 praeterea
1665 2387 1875 2434 Lycaoniae
1897 2391 1933 2423 et
1955 2386 2096 2431 Lydiae
2119 2388 2203 2422 olim
2215 2389 2403 2434 praefeci-

161 2445 251 2477 mus,
283 2439 473 2480 exemptae
502 2435 585 2476 sint‚
615 2445 702 2470 neve
732 2435 809 2470 ulla
831 2434 916 2470 inde
938 2446 962 2470 a
978 2435 1172 2481 praesenti
1194 2440 1354 2481 tempore
1374 2433 1539 2479 facultas
1561 2433 1610 2468 sit
1633 2433 1680 2467 iis
1702 2433 1766 2484 qui
1782 2443 1840 2468 ma
1868 2432 2033 2468 istratum
2056 2431 2157 2467 illum
2180 2438 2314 2478 qerunt
2337 2437 2404 2469 aut

161 2481 199 2513 in
231 2480 321 2526 ipsis
349 2480 550 2526 provinciis
573 2479 752 2521 versandi,
786 2481 894 2526 quasi
916 2481 980 2525 qui
1001 2479 1326 2515 administrationis
1349 2479 1403 2514 ali
1427 2489 1510 2514 uam
1528 2481 1676 2524 partem
1700 2488 1739 2512 m
1763 2478 1808 2513 iis
1856 2477 1997 2518 abeant,
2029 2481 2095 2512 aut
2116 2487 2328 2523 quemquam
2350 2488 2402 2514 ex

162 2525 287 2570 officio
312 2535 379 2559 suo
411 2525 467 2560 vet
495 2525 540 2559 iis
571 2525 634 2571 qui
663 2525 737 2560 alio
768 2525 874 2560 modo
906 2524 957 2560 ad
979 2536 1042 2560 eos
1057 2525 1247 2571 pertinent
1269 2525 1391 2560 mitten
1419 2524 1432 2558 i
1454 2527 1489 2558 et
1511 2523 1656 2569 aliquos
1679 2521 2015 2569 comprehendendi,
2037 2522 2102 2557 sed
2124 2525 2164 2557 ut
2186 2532 2232 2557 ne
2255 2522 2300 2558 iis
2324 2522 2402 2569 qui-

162 2572 241 2603 dem
272 2570 336 2615 qm·
367 2580 417 2605 ex
442 2570 644 2616 provinciis
675 2570 749 2605 illis
778 2574 866 2605 sunt
893 2569 944 2605 ad
965 2581 1030 2606 eos
1049 2570 1115 2616 qui
1136 2580 1280 2616 quoque
1303 2573 1465 2615 tempore
1487 2566 1583 2603 hunc
1605 2568 1858 2613 maqistratum
1880 2572 2012 2613 qerunt
2034 2577 2236 2611 accurrere,
2259 2571 2295 2603 et
2317 2578 2402 2613 que-

161 2614 273 2649 rellas
296 2615 391 2650 inter
413 2625 453 2650 se
475 2615 662 2650 instituere
686 2615 804 2658 liceat,
827 2615 902 2651 sive
925 2615 968 2650 de
988 2615 1154 2662 pecuniis
1176 2615 1250 2650 sive
1271 2614 1316 2650 de
1339 2614 1488 2649 crimine
1510 2613 1676 2659 quaestio
1700 2617 1906 2649 moveatur.-
1930 2615 2040 2658 atque
2057 2611 2207 2658 triqinta
2227 2611 2402 2647 librarum

1365 2784 1379 2816 1
1411 2780 1586 2824 piscidIam
1619 2782 1652 2815 T
1678 2782 1737 2823 (id.
1770 2782 1873 2825 infra)
1900 2779 1914 2824 ΙΙ
1947 2782 1986 2813 ut
2016 2793 2076 2814 om.
2105 2781 2190 2824 vulq.
2222 2778 2235 2824 ΙΙ
2262 2782 2282 2815 3
2313 2790 2401 2813 com-

1315 2827 1444 2870 pensita
1467 2827 1499 2860 T
1521 2826 1534 2871 ΙΙ
1563 2827 1652 2859 enim
1684 2827 1769 2861 delet
1792 2827 1886 2860 Beck
1914 2826 1927 2870 ss
1954 2827 1977 2860 4
2004 2825 2091 2858 fen-e
2115 2826 2210 2859 Beck
2237 2824 2251 2870 ΙΙ
2279 2826 2299 2859 5
2332 2826 2401 2858 oin—

1315 2872 1396 2914 gulo
1421 2872 1454 2905 V
1481 2872 1493 2915 ΙΙ
1527 2872 1616 2914 quod
1639 2890 1683 2896 —
1707 2871 1872 2913 dignitate
1905 2883 2000 2904 sensu
2032 2883 2127 2904 cassa
2158 2883 2220 2903 non
2245 2872 2402 2914 expedi&

1317 2918 1390 2950 olim
1406 2918 1516 2960 fuisse
1540 2917 1600 2959 qui
1622 2928 1666 2950 m.
1691 2917 1721 2949 ei
1741 2915 1978 2949 insultantium
2002 2915 2160 2956 dignitati
2180 2922 2278 2958 putat
2300 2915 2404 2949 Kroll

210 2785 224 2816 1
245 2784 305 2815 καὶ
320 2795 377 2815 om.
392 2782 433 2826 51}
447 2784 466 2817 3
480 2778 558 2816 κατ’
574 2778 682 2816 αὗτὰς
696 2783 774 2824 sile]
789 2785 847 2815 καὶ
863 2783 980 2817 ταῖτα
991 2783 1024 2816 L
1037 2784 1047 2820 Π
1059 2779 1163 2816 *οὐδὲ
1180 2783 1248 2816 ML

161 2828 210 2871 114
231 2827 461 2869 συνεστάναι]
486 2829 684 2871 compescita
702 2839 722 2864 ς
749 2828 762 2872 ΙΙ
790 2825 901 2860 *οὐδ’
923 2829 970 2862 Μ
986 2824 1070 2861 οὐδὲ
1087 2829 1118 2861 L
1141 2838 1249 2870 neque

164 2873 251 2905 enim
268 2886 286 2908 ς
298 2872 309 2916 ΙΙ
325 2873 371 2905 εἰς
388 2874 458 2914 (om.
478 2873 521 2913 L)
545 2870 679 2916 ἄνδρας
697 2872 939 2917 ἐκτρέφεσθαι
962 2875 1039 2906 ταῖς
1064 2873 1249 2919 ἐπαρχίαις

164 2918 362 2960 (provincias
372 2921 402 2959 ς)
418 2925 569 2960 corrupta
576 2920 672 2959 5f0rt.
685 2919 742 2958 leq.
754 2918 801 2951 εἰς
814 2914 992 2963 οἷναρχίαν
1005 2917 1248 2962 ἐκτρέπεσθαι

162 2963 227 2996 τὰς
247 2964 419 3006 ἐπαρχίας
433 2963 488 3006 (tgfi
502 2965 580 3003 711,
596 2965 664 3000 21),·
683 2955 913 3007 osenbruqqen
929 2960 1171 3007 ἀνδροφονίας
1191 2964 1246 3006 (ef.

169 3010 241 3050 191,
262 3010 305 3049 19)
337 3009 390 3041 vel
411 3008 514 3041 simile
547 3009 627 3050 quid
658 3009 812 3049 requirit,
844 3004 1039 3051 εὐανδρίαν
1071 3020 1134 3041 non
1164 3015 1248 3041 recte

164 3054 353 3086 Zachariae
379 3052 392 3097 ss
422 3054 443 3087 6
466 3053 541 3094 τῆς]
565 3054 642 3085 ταῖς
663 3052 714 3084 L⁰
739 3050 752 3095 ΙΙ
779 3052 857 3085 τῶν
873 3071 916 3077 -
932 3054 1128 3095 ἐπαρχίαις]
1159 3052 1248 3094 quod

165 3099 359 3131 ministrant
385 3098 416 3130 ei
439 3097 650 3130 insolitorum
675 3096 865 3138 dignitate?
891 3108 910 3133 ς
939 3098 950 3140 ΙΙ
980 3100 997 3130 7
1029 3098 1166 3138 συχνῶς
1189 3096 1248 3142 Lu

167 3148 186 3174 8
211 3142 567 3187 συλλαμβανομένων
581 3142 611 3175 L
628 3142 640 3185 ΙΙ
660 3142 786 3185 ζημίας
800 3143 830 3174 L
849 3143 861 3181 Ιξ
880 3144 918 3176 11
936 3138 1022 3175 καθ’
1042 3142 1189 3176 ἑαυτοὺς
1204 3161 1247 3167 -

171 3191 209 3222 13
246 3186 370 3222 αὐτῶν
406 3202 463 3222 om.
495 3189 527 3221 L
558 3188 571 3231 ΙΙ
602 3184 695 3219 καθ’
730 3186 874 3219 ἑαυτῶν
910 3189 1001 3220 vertit
1026 3199 1045 3222 ς
1073 3187 1085 3230 ΙΙ
1117 3189 1156 3221 13
1188 3188 1247 3220 καὶ

162 3234 229 3279 γὰρ
258 3231 302 3276 δὴ
332 3235 392 3267 καὶ
425 3230 560 3273 αὐτῶν]
593 3235 624 3265 et
648 3243 668 3268 ς
694 3231 706 3275 ΙΙ
738 3233 779 3265 15
807 3227 937 3276 εὕρεμα
962 3233 1003 3272 L,
1033 3245 1090 3264 om.
1117 3243 1136 3267 ς
1165 3232 1178 3275 ΙΙ
1207 3234 1246 3269 147

163 3278 278 3323 ταύτῃ
314 3277 360 3312 τὰ
394 3277 443 3321 μὴ
477 3275 600 3311 δίκαια
631 3281 756 3322 σφίσιν
790 3272 920 3317 αὐτοῖς]
956 3286 1040 3317 quas
1071 3287 1140 3309 non
1171 3278 1250 3309 sunt

164 3325 231 3356 diei
260 3326 295 3356 in
325 3325 372 3356 eis
396 3336 415 3360 ς
444 3323 456 3367 11
486 3325 526 3357 18
550 3320 714 3356 εἰπόντες
736 3322 780 3357 e?
810 3321 823 3364 ΙΙ
851 3322 893 3355 20
921 3320 1146 3364 ἐξαιρεῖσθαι
1171 3320 1252 3393 Lau

164 3371 207 3403 24
219 3378 292 3412 post
314 3366 563 3412 ἐπεστήσαμεν
586 3364 714 3411 πρώην
727 3378 810 3410 quae
822 3373 996 3409 sequuntur
1009 3368 1115 3399 omnia
1128 3378 1185 3399 om.
1202 3366 1236 3399 B

163 3414 228 3458 1125
253 3411 286 3456 ἢ]
310 3414 384 3446 ita?
409 3426 428 3450 ς
450 3414 462 3458 ΙΙ
490 3415 532 3447 26
552 3412 617 3447 τὰς
640 3409 764 3455 ἐπαρῖ’
791 3412 821 3444 L
837 3411 850 3455 ΙΙ
869 3412 911 3445 28
935 3409 1189 3455 προςηκόντων
1207 3429 1248 3462 ’-

164 3455 282 3492 αὐτοῖς
306 3472 363 3493 om.
391 3460 467 3500 ΒΘ
483 3458 495 3502 Η
515 3459 648 3499 ἐνέχειν
674 3459 714 3490 Μ
733 3458 844 3500 priore
868 3458 935 3489 loco
954 3456 966 3498 ΙΙ
983 3458 1026 3489 30
1053 3453 1142 3499 πρὸς
1169 3464 1250 3488 τους

165 3503 334 3538 ἑκάστοτε
364 3503 503 3545 ταύτην
534 3504 692 3544 ἔχοντας]
723 3502 764 3534 ad
788 3510 1057 3543 unumquemque
1081 3501 1166 3533 hanc
1191 3501 1250 3532 ha-

163 3549 294 3582 bentem
320 3562 339 3586 ς
362 3549 374 3593 11
400 3550 443 3583 32
464 3546 699 3595 ἐγκλημάτων
723 3550 785 3583 Βς
802 3546 815 3589 ΙΙ
839 3547 882 3580 33
904 3542 1098 3598 τριάκοντα
1120 3543 1163 3586 (λ’
1190 3545 1249 3586 Μ)

166 3592 300 3639 λιτρῶν
326 3597 469 3638 χρυσίου
495 3595 537 3627 Μ
555 3596 667 3638 priore
693 3594 772 3635 loco,
798 3592 867 3625 LB
893 3590 907 3637 ΙΙ
936 3592 1185 3637 υφορωμένους
1211 3590 1251 3623 Μ

161 3642 273 3683 priore
299 3641 366 3673 loco

1315 2962 1326 3003 ll
1343 2962 1510 2994 ministrat
1538 2962 1570 2995 V
1593 2962 1605 3004 ΙΙ
1633 2961 1845 2994 insolitarum
1879 2961 1912 2994 T
1937 2961 1949 3001 Η
1976 2961 1997 2994 6
2028 2959 2226 3002 dignitatem
2247 2959 2281 2992 V
2299 2958 2313 3003 ΙΙ
2342 2959 2400 2992 ad-

1314 3007 1548 3050 praehentium
1569 3006 1602 3040 V
1624 3006 1637 3050 ΙΙ
1663 3005 1854 3048 aliquorum
1879 3005 1927 3038 T⁰
1949 3004 1962 3048 ΙΙ
1991 3007 2009 3038 7
2035 3007 2068 3037 et
2090 3004 2132 3037 ad
2154 3003 2352 3037 militarium
2373 3004 2406 3038 V

1318 3061 1328 3093 ς’,
1345 3051 1482 3094 repleta]
1508 3055 1540 3084 et
1564 3050 1690 3094 repleta
1716 3051 1748 3084 T
1772 3051 1784 3093 ΙΙ
1813 3052 1833 3084 8
1859 3050 1905 3082 eis
1929 3059 1995 3082 esse
2017 3049 2062 3090 V]
2096 3059 2163 3081 esse
2188 3049 2235 3081 eis
2260 3049 2293 3083 T
2312 3050 2398 3094 vulq.

1319 3095 1367 3141 119
1398 3096 1440 3129 ad
1470 3107 1505 3129 re
1529 3096 1772 3138 correptionem
1794 3095 1826 3128 V
1849 3093 1862 3138 n
1891 3096 1931 3128 10
1956 3093 2015 3135 qui
2047 3096 2098 3135 (ex
2121 3095 2217 3135 corr.)
2241 3104 2300 3137 per
2322 3105 2400 3137 pro-

1318 3141 1448 3174 uincias
1467 3141 1498 3174 Τ
1510 3139 1522 3183 ΙΙ
1543 3142 1580 3174 11
1609 3140 1752 3172 aliorum
1776 3139 1919 3181 quietem
1946 3139 2118 3171 inventum
2135 3139 2306 3181 facientes,
2331 3149 2399 3182 quo

1316 3185 1444 3227 cinguli
1468 3185 1569 3217 huius
1591 3185 1775 3217 abutantur
1798 3180 1970 3229 περιβολῇ
1986 3184 2073 3228 vulq.
2092 3183 2105 3227 ΙΙ
2120 3184 2242 3227 istiVss
2262 3185 2304 3218 12
2321 3191 2399 3228 post

1315 3231 1498 3263 abutantur
1521 3228 1731 3269 (habitantur
1757 3229 1806 3271 T)
1831 3230 1909 3262 add.
1933 3230 2033 3262 libri:
2063 3228 2237 3271 perhiuole
2266 3229 2398 3274 (perhy-

1318 3274 1390 3308 bole
1417 3275 1465 3316 T)
1494 3273 1619 3306 dicitur
1643 3273 1777 3315 quando
1802 3273 1901 3306 iudex
1925 3273 2026 3306 habet
2048 3273 2170 3307 multos
2194 3275 2343 3307 homines
2365 3274 2399 3307 et

1316 3320 1352 3352 in
1382 3320 1471 3361 ipsos
1502 3318 1602 3351 habet
1630 3318 1780 3351 fidutiam
1815 3320 1849 3360 (a
1880 3321 1985 3352 verbis
2017 3318 2116 3351 habet
2143 3318 2294 3352 fidutiam
2319 3320 2399 3352 inci-

1313 3366 1363 3408 pit
1379 3369 1428 3406 r);
1469 3364 1584 3396 lossam
1602 3376 1661 3397 om.
1678 3365 1763 3407 vulo.
1780 3376 1863 3407 quae
1880 3371 1981 3397 tamen
1999 3365 2118 3407 recepit
2133 3361 2307 3410 περιβολῇ
2325 3363 2339 3407 ΙΙ
2358 3364 2398 3397 13

1317 3419 1371 3442 eos
1393 3421 1434 3442 vu
1449 3421 1480 3452 q.
1497 3413 1509 3451 ΙΙ
1531 3410 1570 3443 18
1596 3408 1711 3441 inserti
1729 3410 1759 3442 V
1772 3409 1784 3451 ΙΙ
1803 3409 1845 3443 22
1869 3408 2076 3452 capatianam
2092 3421 2110 3442 r
2125 3408 2137 3451 ΙΙ
2157 3410 2198 3443 23
2223 3408 2399 3441 lichaoniis

1320 3455 1352 3487 Τ
1371 3453 1524 3486 liaconiis
1544 3467 1560 3486 r
1577 3453 1589 3497 ΙΙ
1607 3454 1697 3486 lidiis
1723 3455 1800 3487 libri
1815 3454 1826 3491 ΙΙ
1845 3456 1888 3487 24
1913 3454 2008 3486 nulla
2028 3453 2083 3496 Vl!
2100 3454 2277 3496 praesenti]
2301 3463 2396 3496 prae-

1316 3498 1402 3531 senti
1415 3502 1560 3541 ternpore
1571 3499 1676 3542 Vsseis
1688 3510 1751 3531 om.
1763 3498 1862 3544 V1125
1876 3500 1935 3532 aut
1944 3499 2050 3540 Beck]
2064 3499 2112 3531 ita
2126 3497 2220 3544 libriss
2231 3500 2274 3533 26
2286 3498 2398 3540 digni-

1317 3546 1400 3576 tates
1425 3545 1501 3576 libri
1522 3544 1534 3587 ΙΙ
1562 3544 1632 3576 eius
1655 3558 1672 3577 r
1695 3544 1707 3588 ΙΙ
1735 3545 1775 3578 27
1802 3544 1842 3576 de
1865 3544 1977 3577 officio
1999 3545 2071 3585 suo]
2096 3544 2136 3576 de
2159 3543 2343 3576 inofficioso
2369 3541 2402 3577 T

1315 3589 1328 3632 ΙΙ
1344 3589 1385 3623 30
1402 3587 1420 3607 *
1431 3590 1573 3629 currere]
1593 3589 1759 3630 corrigere
1777 3589 1853 3622 libri
1867 3588 1879 3633 ΙΙ
1898 3589 1983 3621 hanc
2001 3601 2058 3622 om.
2075 3587 2121 3634 ru
2139 3589 2179 3623 31
2199 3588 2396 3631 dignitatem

1318 3646 1376 3667 om.
1395 3634 1449 3668 Tr
1464 3634 1477 3679 fl
1495 3634 1645 3676 querelas
1663 3633 1716 3678 Vl}
1736 3634 1778 3667 32
1803 3633 1906 3667 suerit
1922 3646 1979 3667 om.
2003 3634 2037 3668 V
