2476 3854
125 87 233 134 Nov.
257 89 440 135 CXXXI
472 95 521 135 15
552 105 619 148 ep.

1194 86 1279 136 (364

1699 104 1762 135 DE
1787 103 2137 138 EGGLESIASTICIS
2165 103 2341 140 'rrrums

1105 222 1263 259 CAPUT
1285 223 1364 260 XV.

194 292 239 328 Οἱ
265 291 305 328 δὲ
327 290 595 339 ὄρφανοτρόφοι
627 291 839 338 ἐπιτρόπων
869 294 929 326 καὶ
960 291 1201 338 κουρατιόρων

124 336 231 378 τάξιν
255 340 445 381 ἐχέτωσαν,
476 334 573 371 οὕτω
596 340 720 381 μέντοι
744 338 805 372 ἵνα
827 340 887 371 καὶ
909 340 1015 383 χωρὶς
1039 334 1201 371 ἱκανοδο·

125 387 203 417 σίας
226 387 284 417 καὶ
301 383 457 430 ἐνάγωσι
480 385 540 415 καὶ
556 380 759 429 ἐνάγωνται
784 385 865 427 περὶ
881 383 959 416 τῶν
974 381 1201 429 πραγμάτων

124 429 201 462 τῶν
224 431 296 462 τοῖς
321 425 488 473 ὀρφανοῖς
510 431 637 473 κυρίως
659 430 719 461 καὶ
740 425 859 462 αὐτοῖς
873 429 954 480 ’τοῖς
978 424 1200 482 ὄρφαγοτρο-

1313 290 1602 342 Orphanotrophi
1625 301 1706 328 vero
1726 294 1884 328 tutorum
1907 293 1944 328 et
1964 297 2167 330 curatorum
2192 294 2342 340 fungan-

1268 339 1327 371 tur
1348 336 1477 379 officio,
1502 336 1553 372 ita
1572 341 1690 373 tamen
1713 341 1753 372 ut
1777 340 1813 374 et
1837 338 1911 373 sine
1935 339 2166 375 satisdatione
2185 341 2239 385 <et
2257 350 2342 375 con-

1269 380 1428 425 veniant>
1451 385 1487 416 et
1507 382 1760 418 conveniantur
1782 383 1825 417 de
1842 383 1948 419 rebus
1972 384 2284 430 orphanotrophiis
2306 386 2344 420 et

1269 426 1357 471 ipsis
1391 427 1542 471 propriis
1578 428 1746 476 orphanis
1782 429 2073 473 competentibus.
2121 429 2193 465 Res
2224 432 2344 465 autem

125 477 234 527 φέίοις
258 471 481 516 ἀνηκόντων.
517 471 563 506 τὰ
582 470 621 506 δὲ
641 472 844 520 πράγματα,
868 469 960 520 οἱπερ
979 475 1106 515 ἑτυχον
1128 485 1201 506 τινι
1238 474 1256 506 5
1271 473 1510 515 competentes
1534 471 1641 508 alicui
1660 474 1899 518 orphanorum
1922 473 2073 518 publicis
2097 475 2343 519 praesentibus

123 531 200 552 των
213 519 386 564 ορφανῶν
401 515 594 564 διαφέρειν,
607 516 791 562 δημοσίων
802 516 1054 562 ταβουλαρίων
1066 514 1201 562 παρόν-

123 576 200 597 των
222 566 282 596 καὶ
306 560 578 607 ὑπομνημάτων
600 566 863 607 πραττομένων
887 564 927 597 ἐν
948 563 1015 607 μὲν
1039 563 1082 608 τῇ
1099 565 1200 606 βασι-

123 606 195 641 λίδι
218 606 321 642 πόλει
346 607 445 652 παρὰ
464 609 516 650 τῷ
532 611 718 654 μαγίστρῳ
742 609 820 642 τῶν
835 608 991 651 κήνσων,
1015 609 1054 641 ἐν
1071 605 1111 640 δὲ
1126 610 1202 640 ταῖς

124 654 308 698 ἐπαρχίαις
338 653 437 697 παρὰ
461 655 533 686 τοῖς
557 652 726 697 ἄρχουσιν
758 649 881 687 αὐτῶν
909 650 931 696 ἢ
957 655 1030 687 τοῖς
1053 650 1202 686 ἐκδίκοις

1270 516 1455 551 tabulariis
1486 519 1522 552 et
1553 518 1618 552 sub
1642 518 1750 562 gestis
1779 521 2084 555 monumentorum
2114 519 2151 555 in
2173 520 2243 555 hac
2266 519 2344 565 qui-

1270 562 1348 597 dem
1372 560 1469 605 regia
1486 562 1626 598 civitate
1649 564 1744 608 apud
1759 563 1966 608 magistrum
1991 574 2117 600 census
2141 564 2282 608 habitis,
2307 565 2344 600 in

1294 605 1461 642 rovinciis
1485 609 1604 642 autem
1627 609 1722 653 apud
1744 607 1879 644 iudices
1910 618 2031 644 earum
2055 613 2118 645 aut
2141 608 2344 646 defensores

1283 661 1429 686 ecorum
1456 652 1764 698 orphanotrophos
1788 654 1951 698 accipere
1974 658 2009 690 et
2033 654 2223 697 custodire,
2255 657 2292 690 et
2313 655 2345 690 si

123 699 199 731 τῶν
215 697 344 733 τόπων
373 697 574 754 λαμβάνειν
590 698 671 732 τοὺς
687 696 979 743 ὀρφανοτρόφους
994 701 1054 732 καὶ
1070 696 1200 743 φυλάτ·
1218 699 1255 730 10
1270 696 1508 732 necessarium
1539 698 1758 742 putaverint,
1794 698 1900 734 etiam
1935 699 2089 735 alienare
2123 701 2160 735 et
2193 699 2345 744 pretium

123 756 210 785 τειν,
234 746 294 777 καὶ
317 743 348 776 εἰ
372 746 569 787 αναγκαῖον
593 746 791 786 νομίσουσι,
815 745 875 777 καὶ
899 745 1056 777 έκποιεῖν
1079 745 1138 776 καὶ
1158 740 1200 776 τὸ

123 787 266 822 τούτων
281 792 418 832 τίμημα
435 791 506 822 τοῖς
522 785 692 834 ὀρφανοῖς
709 787 912 834 φυλάττειν,
932 786 955 831 ἢ
967 789 1072 833 ἕτερα
1089 786 1200 833 πράγ-

121 846 220 878 ματα
251 829 335 867 ἀντ’
357 835 506 886 ἐκείνων
527 830 729 880 ἀγοράζειν·
754 833 803 877 μὴ
819 830 1038 867 ὑποκεῖσθαι
1063 830 1102 866 δὲ
1124 833 1199 867 ἐπι-

1270 752 1391 777 earum
1422 742 1591 787 orphanis
1623 752 1848 785 conservare,
1879 745 1943 779 aut
1973 744 2061 780 alias
2092 754 2150 780 res
2177 755 2243 789 pro
2274 744 2344 780 illis

1269 796 1398 829 emere,
1435 797 1507 822 non
1537 789 1656 823 autem
1685 788 1869 823 subiacere
1904 789 2115 825 tutelaribus
2149 793 2213 825 aut
2243 799 2343 825 cura·

1269 832 1368 867 toriis
1392 831 1600 867 rationibus.

122 880 143 914 1
186 881 367 923 τροπικοῖς
383 892 404 921 η
421 881 693 924 κουρατωρικοῖς
710 877 894 925 λογισμοῖς.
943 876 1201 912 Φυλάττεσθαι
1269 879 1289 912 1
1336 877 1474 912 Servari
1495 881 1613 913 autem
1643 878 1801 913 iubemus
1825 878 2016 913 venerabili
2040 878 2344 924 orphanotrophio

124 922 163 956 δὲ
179 922 367 968 κελεύομεν
387 924 440 966 τῷ
458 921 578 970 εὖαγεῖ
596 920 892 977 ὄρφανοτροφείῳ
913 921 1044 966 ταύτης
1062 924 1122 975 τῆς
1137 926 1199 975 βα·
1218 924 1257 956 15
1270 922 1374 957 huius
1408 922 1528 966 regiae
1563 923 1662 958 urbis
1696 925 1731 958 et
1765 923 1986 958 xenodochio
2021 924 2116 967 quod
2145 924 2346 969 appellatur

123 967 255 1002 σιλίδος
278 968 418 1004 πόλεως
441 971 501 1002 καὶ
524 970 579 1012 τῷ
597 968 727 1009 ξενωνι
749 982 802 1012 τῳ
823 968 1028 1014 καλουμένῳ
1052 980 1116 1002 του
1140 978 1202 1010 της

124 1012 224 1047 ὁσίας
247 1015 387 1058 μνήμης
401 1014 568 1059 Σαμψών
592 1017 740 1048 καὶτοῖς
764 1012 835 1048 ὑπὸ
854 1014 921 1048 τῶν
938 1011 1048 1047 αὐτοῦ
1071 1011 1200 1046 δικαιο-

124 1058 253 1093 δοσίαν
275 1059 510 1093 καθεστῶσιν
531 1055 727 1105 εὖκτηρίοις
750 1055 773 1102 ἢ
794 1038 1023 1102 ξενοδοχείοις
1041 1056 1064 1101 ἢ
1084 1056 1203 1091 ἄλλοις

124 1107 330 1149 σεβασμίοις
361 1105 467 1138 οἴκοις
498 1104 622 1139 πάντα
651 1104 698 1138 τὰ
729 1102 927 1150 προνόμια,
960 1101 1053 1148 ἅπερ
1085 1105 1154 1146 ἑχει
1179 1098 1201 1145 ἦ

124 1146 310 1195 ἁγιωτάτῃ
334 1148 470 1196 μεγάλη
494 1150 658 1193 ἐκκλησία
680 1148 1112 1185 Κωνσταντινουπόλεως.

190 1192 476 1242 <Ἐπίλογος.>
515 1192 640 1229 ‘Arma
675 1198 799 1229 τοίνυν
834 1193 895 1229 διὰ
932 1195 994 1230 τοῦ
1026 1194 1204 1238 παρόντος

124 1239 235 1284 νόμου
259 1240 306 1274 εἰς
330 1240 372 1273 τὸ
398 1237 552 1284 διηνεκὲς
575 1240 781 1283 ἰσχύσοντος
808 1236 831 1283 ἡ
855 1238 1006 1285 ἡμετέρα
1031 1239 1204 1273 ἐθέσπισε

123 1284 340 1332 γαληνότης,
373 1282 394 1329 ἡ
424 1286 468 1329 σὴ
493 1284 647 1332 ὑπεροχὴ
675 1283 825 1319 ἰδίκτων
854 1285 946 1320 κατὰ
977 1284 1020 1319 τὸ
1049 1283 1204 1327 σύνηθες

1269 971 1414 1002 sanctae
1436 968 1624 1003 memoriae
1648 967 1798 1013 Sampso
1829 971 1865 1002 et
1887 968 1954 1003 sub
1986 967 2061 1003 eius
2089 968 2346 1013 gubernatione

1271 1013 1475 1048 constitutis
1499 1012 1666 1049 oratoriis
1695 1017 1759 1048 aut
1776 1013 1973 1048 xenonibus
2004 1017 2067 1048 aut
2091 1013 2169 1049 aliis
2198 1023 2345 1049 venera-

1270 1058 1400 1093 bilibus
1425 1058 1586 1093 domibus
1611 1058 1727 1094 omnia
1754 1058 1936 1103 privilegia
1964 1067 2207 1103 quaecumque
2236 1059 2348 1095 habet

1273 1104 1493 1139 sanctissima
1515 1103 1628 1139 maior
1651 1103 1802 1139 ecclesia
1825 1103 2231 1148 constantinopolitana.

1326 1193 1607 1238 (Epilogus.)
1654 1193 1752 1237 Quae
1773 1193 1878 1238 igitur
1907 1204 1970 1239 per
1992 1196 2212 1238 praesentem
2236 1194 2347 1239 legem

1271 1239 1309 1274 in
1338 1242 1548 1284 perpetuum
1579 1238 1764 1273 valituram
1795 1241 1919 1274 nostra
1948 1239 2067 1274 sanxit
2096 1239 2346 1283 tranquillitas,

1271 1286 1335 1319 tua
1357 1284 1529 1319 celsitudo
1553 1283 1676 1318 edictis
1701 1283 1915 1319 sollemniter
1941 1284 1979 1319 in
1998 1284 2066 1319 hac
2088 1284 2184 1328 regia
2207 1283 2349 1320 civitate

125 1332 217 1364 κατὰ
248 1330 315 1373 τὴν
338 1328 510 1375 βασιλίδα
540 1330 678 1372 ταύτην
708 1329 819 1365 πόλιν
845 1331 1126 1376 προτιθεμένων
1157 1329 1204 1362 εἰς
1272 1329 1465 1374 propositis
1500 1328 1546 1364 ad
1580 1329 1735 1364 omnium
1775 1329 1916 1364 studeat
1953 1329 2137 1374 pervenire
2172 1329 2346 1366 notitiam.

125 1375 193 1419 τὴν
224 1374 427 1429 «induratum
434 1376 573 1423 γνῶσιν
608 1374 733 1414 ἐλθεῖν
754 1377 957 1411 σπευσάτω.
1012 1373 1107 1419 ἡμεῖς
1136 1373 1203 1421 γὰρ
1218 1374 1259 1407 25
1272 1374 1347 1410 Nos
1382 1374 1473 1409 enim
1507 1373 1785 1419 providebimus,
1820 1376 1994 1426 qpatenus
2028 1374 2104 1410 sine
2138 1374 2347 1410 collatorum

126 1420 384 1466 προνοήσομεν,
405 1432 505 1455 οπως
525 1419 611 1455 ἄνευ
632 1418 746 1464 πάσης
765 1422 828 1464 τῆς
843 1422 921 1456 τῶν
935 1418 1124 1457 ὑποτελῶν
1146 1421 1204 1462 ζη-

123 1470 207 1510 μίας
230 1469 289 1500 καὶ
313 1468 354 1501 ἐν
375 1469 453 1500 ταῖς
476 1468 661 1512 ἐπαρχίαις
680 1467 924 1512 φανερωθείη.

172 1511 254 1546 Dat.
267 1522 329 1547 xv.
348 1512 418 1546 kal.
434 1512 549 1556 April.
567 1512 634 1548 GP.
654 1511 736 1556 imp.
755 1511 811 1546 dn.
831 1511 1019 1548 Iustiniani
1034 1521 1093 1556 pp.
1110 1507 1203 1554 Aug.

127 1566 219 1593 anno
232 1557 365 1593 XVIII.
391 1562 473 1601 post
496 1567 593 1592 cons.
609 1557 733 1592 Basilii
755 1567 806 1592 vc.
825 1567 919 1593 anno
932 1557 994 1594 IV.
1017 1556 1089 1591 ind.
1107 1555 1203 1591 VIII.

1065 1604 1111 1643 [a.
1127 1604 1204 1642 545]
1218 1602 1260 1635 30

1273 1419 1457 1464 dispendio
1480 1419 1545 1455 fiat
1567 1419 1672 1455 etiam
1694 1419 1732 1454 in
1754 1419 1945 1465 provinciis
1968 1418 2167 1455 manifesta.

193 1705 219 1726 c.
235 1694 274 1727 X
281 1693 316 1726 V
321 1706 374 1736 pr.
400 1706 438 1727 ex
461 1693 497 1727 B
522 1694 618 1728 habet
636 1694 684 1726 Βὅ
703 1695 733 1727 0
748 1695 768 1728 9
782 1706 817 1737 p.
832 1694 897 1727 533
911 1693 1027 1735 Zach„
1047 1704 1101 1735 pr.
1115 1694 1159 1725 in.
1173 1693 1229 1733 (—-
1247 1692 1266 1725 5
1281 1687 1509 1734 ἀνηκόντων)
1534 1699 1564 1725 et
1585 1692 1606 1735 ᾖ
1623 1694 1636 1725 1
1653 1693 1725 1726 Ecl.
1740 1691 1825 1725 Bas.
1838 1692 1952 1725 Ι-Χ,
1975 1710 2018 1717 -
2043 1691 2205 1727 Summam
2226 1692 2348 1727 Theod-

127 1741 243 1782 repetit
259 1738 318 1780 ΒΓ,
342 1739 420 1772 Aaeh.
437 1751 587 1772 summam
602 1751 653 1782 pr.
679 1746 824 1781 repetunt
842 1739 1004 1782 paratitla
1027 1738 1104 1771 Ath.
1122 1739 1163 1772 13
1183 1741 1241 1775 §52-
1277 1738 1390 1780 (Apud
1413 1737 1476 1770 lul.
1500 1737 1594 1770 buius
1617 1749 1688 1780 cap.
1713 1750 1834 1770 summa
1858 1750 1920 1771 non
1943 1738 2052 1779 extat.)

261 1827 340 1863 XV.
389 1826 685 1875 Orphanotroplzi
716 1834 835 1863 aulem
864 1832 1022 1863 tutorum
1052 1830 1087 1861 et
1117 1831 1327 1861 curatorum
1351 1826 1469 1861 locum
1494 1827 1694 1869 obtineant,
1725 1827 1776 1861 ita
1801 1831 1919 1861 tamen
1949 1830 1991 1862 ut
2013 1826 2121 1862 etiam
2143 1827 2222 1862 sine
2242 1828 2348 1863 satis-

128 1873 276 1909 datione
299 1876 335 1908 et
358 1873 574 1908 conveniant
595 1877 631 1908 et
653 1873 913 1908 conveniantur
935 1871 979 1907 de
1001 1870 1108 1907 rebus
1131 1881 1225 1917 quae
1248 1869 1297 1906 ad
1319 1870 1506 1917 orphanos
1521 1871 1679 1918 proprie
1702 1876 1739 1907 et
1760 1871 1810 1906 ad
1827 1872 1908 1917 ipsa
1931 1870 2244 1918 orphanotrophia
2255 1883 2350 1924 per-

129 1919 251 1954 tinent.
299 1917 373 1954 Res
395 1922 513 1954 autem
538 1928 631 1963 quae
658 1917 760 1964 forte
783 1917 833 1953 ad
855 1916 1010 1963 aliquem
1033 1926 1082 1951 ex
1105 1915 1278 1962 orphanis
1302 1916 1491 1962 pertinent
1516 1916 1769 1962 praesentibus
1798 1915 1956 1962 publicis
1978 1915 2166 1952 tabulariis
2188 1921 2351 1964 actisque

128 1963 320 2010 confectis,
344 1965 381 1998 in
396 1964 501 2009 reqia
522 1962 664 2008 quidem
686 1963 828 1998 civitate
852 1961 953 2015 apud
966 1963 1178 2007 magistrum
1202 1971 1381 2005 censuum,
1405 1962 1442 1996 in
1463 1961 1661 2008 provinciis
1683 1965 1801 2001 autem
1820 1961 1921 2008 apud
1939 1960 2127 2008 praesides
2149 1971 2272 1997 earum
2296 1961 2352 1998 vel

128 2009 340 2055 defensores
371 2008 550 2051 locorum,
583 2019 626 2043 or
654 2007 872 2054 kanotroplu
903 2007 1087 2053 accipiant
1114 2011 1150 2042 et
1172 2006 1394 2048 custodiant,
1427 2010 1461 2041 et
1484 2006 1517 2041 si
1539 2007 1777 2042 necessarium
1805 2007 2032 2052 putaverint,
2062 2006 2170 2042 ctiam
2195 2007 2352 2043 alienent

127 2064 324 2100 earumque
349 2053 510 2105 pretium
545 2063 613 2099 orp
641 2054 722 2088 anis
752 2052 975 2094 custodiant,
1010 2051 1069 2088 vel
1096 2051 1190 2086 alias
1217 2054 1281 2087 ‘res
1314 2061 1385 2098 pro
1421 2050 1494 2086 illis
1523 2056 1644 2087 emant
1651 2064 1667 2093 ;
1701 2061 1787 2087 neve
1815 2051 2024 2087 subiaceant
2055 2050 2267 2087 tutelaribus
2296 2050 2352 2089 vel

128 2101 149 2135 1
194 2099 389 2134 curatoriis
418 2098 632 2134 rationibus.

749 2097 897 2133 Servari
927 2100 1046 2132 autem
1075 2096 1236 2132 iubemus
1269 2095 1465 2132 venerabili
1494 2095 1806 2148 orphanotrophio
1843 2095 1950 2131 huius
1979 2096 2102 2142 reqiae
2133 2096 2288 2132 civitatis
2317 2099 2353 2134 et

127 2144 266 2180 xenoni
289 2144 352 2190 qui
376 2142 589 2190 Sampsonis
637 2142 694 2178 iae
716 2142 909 2179 memoriae
931 2153 1058 2178 nomen
1082 2141 1189 2178 habet
1209 2144 1246 2177 et
1265 2142 1437 2177 oratoriis
1461 2152 1555 2222 {uae
1577 2141 1641 2177 sub
1665 2152 1742 2177 eius
1763 2141 2024 2187 qubernatione
2052 2144 2139 2176 sunt
2160 2141 2216 2177 vel
2236 2146 2360 2178 meum

128 2189 268 2225 dcclviis
290 2190 346 2225 vel
368 2189 453 2224 aliis
475 2199 604 2225 venera
628 2188 733 2224 ilibus
762 2187 925 2224 domibus
954 2187 1075 2223 omnia
1102 2186 1314 2233 privileqia,
1346 2197 1439 2233 quae

130 2234 382 2281 tinopolitana.

265 2278 501 2326 Epiloqus.
548 2277 648 2322 Quae
671 2278 784 2325 iqitur

128 2325 327 2361 sublimitas
349 2323 475 2360 edictis
497 2335 597 2360 more
616 2324 724 2360 solito
744 2324 783 2358 in
828 2332 872 2358 ac
886 2323 988 2368 reqia
1012 2322 1156 2358 civitate

1486 2187 1568 2223 abet
1589 2187 1815 2222 sanctissima
1845 2197 1980 2233 maqna
2007 2185 2156 2222 ecclesia
2181 2186 2353 2223 Constane

834 2288 874 2312 er
887 2281 1113 2323 praesentem
1136 2277 1247 2323 leqem
1271 2276 1308 2311 in
1330 2280 1545 2324 perpetuum
1567 2276 1759 2312 valituram
1781 2277 1956 2313 serenitas
1978 2279 2105 2312 nostra
2127 2277 2264 2316 sanxit,
2289 2280 2353 2313 tua

1204 2321 1375 2367 ropositis
1398 2325 1438 2357 ut
1458 2321 1507 2357 ad
1520 2321 1676 2357 omnium
1695 2321 1861 2357 notitiam
1878 2322 2096 2368 perveniant
2116 2332 2263 2368 operam
2280 2322 2351 2359 det.

129 2370 208 2405 Nos
231 2370 324 2405 enim
340 2369 620 2416 providebimus,
644 2374 686 2405 ut
707 2369 785 2404 sine
806 2367 881 2403 ullo
904 2367 1144 2403 subiectorum
1192 2368 1379 2403 etrimento
1404 2366 1510 2402 etiam
1533 2367 1571 2402 in
1588 2366 1790 2413 provinciis
1811 2367 2008 2413 manifesta
2028 2366 2132 2411 fiant.

177 2463 192 2494 1
213 2457 263 2502 δὲ]
281 2463 404 2494 τοίνυν
419 2463 468 2501 Α,
486 2474 542 2493 om.
559 2461 629 2493 Ecl.
647 2461 658 2502 11
677 2458 901 2504 ἐπιτρόπων]
920 2460 980 2491 καὶ
996 2455 1208 2502 ἐπιτρόπων

131 2507 182 2540 B⁶
205 2503 417 2549 ἐπιτρόπων
437 2517 477 2539 τε
495 2506 525 2538 Α
542 2505 554 2549 11
571 2503 801 2549 κουρατόρων
818 2507 865 2537 1:5⁸
890 2506 903 2547 11
927 2506 947 2538 3
962 2505 1023 2536 καὶ
1039 2502 1208 2549 ένάγωσι]

130 2554 191 2584 καὶ
214 2564 271 2584 om.
285 2554 315 2583 A
334 2552 346 2593 11
362 2546 555 2595 ἐνάγονται
579 2552 610 2584 L
634 2554 646 2593 11
669 2553 689 2584 4
712 2552 785 2583 τοῖς
807 2545 977 2594 ὀρφανοῖς
1000 2550 1128 2592 κυρίως
1149 2549 1211 2580 καὶ

131 2592 251 2629 αὐτοῖς
273 2597 346 2628 τοῖς
370 2591 656 2641 ὄρφανοτρόφοις
670 2596 702 2629 L
741 2597 813 2628 τοῖς
836 2591 1119 2639 ὄρφανοτρόφοις
1150 2594 1210 2625 καὶ

133 2637 250 2674 αὐτοῖς
280 2643 353 2673 τοῖς
379 2636 546 2684 ὀρφανοῖς
576 2643 704 2685 κυρίως
734 2641 874 2683 (κυρίως
902 2636 1071 2684 ὀρφανοῖς
1093 2637 1154 2680 Ab)
1179 2638 1209 2671 A

132 2685 425 2773 {Zpifftfflliiff
440 2690 477 2764 ἕ
497 2685 747 2763 ὶὲῗτρῗρῖἒῖ
760 2684 930 2763 ἴῇἶῖἶῖἱ
942 2681 1209 2771 ‘2¹1169‘2‘ssfflii‘

133 2743 222 2810 etaim
235 2776 266 2808 A
281 2774 293 2818 11
315 2776 351 2809 11
371 2777 431 2807 καὶ
446 2743 537 2807 eiu—
551 2743 798 2819 12ρφυλάττειν
815 2788 872 2808 om.
887 2776 916 2808 A
935 2773 947 2819 11
965 2776 1024 2807 καὶ
1042 2774 1210 2813 ἐκποιεῖν]

132 2823 193 2854 καὶ
217 2820 336 2861 om.L‚
362 2821 410 2853 B⁸
425 2833 454 2853 υ.
471 2821 493 2854 l.
519 2820 531 2863 11
563 2822 603 2854 12
627 2817 661 2862 ἢ]
695 2816 718 2862 ἢ
744 2821 785 2852 Μ
817 2822 875 2852 καὶ
901 2820 952 2853 B⁶
975 2819 988 2863 11
1015 2821 1054 2853 15
1080 2815 1212 2858 ταύτης

134 2879 192 2900 om.
213 2866 244 2898 L
268 2866 280 2906 11
307 2866 348 2899 16
370 2865 424 2906 τῷ
450 2878 507 2898 om.
528 2865 559 2898 A
576 2865 588 2902 ΙΙ
613 2865 665 2906 τῷ
689 2862 895 2908 καλουμένῳ
919 2865 982 2898 τοῦ
1006 2877 1063 2897 om.
1079 2864 1123 2906 L,
1145 2862 1210 2896 τοῦ

134 2924 193 2945 om.
206 2910 276 2944 AB
293 2910 305 2953 11
332 2911 372 2943 17
399 2904 521 2950 αὐτοῦ]
547 2906 662 2951 αὐτὴν
675 2911 726 2943 Bc
760 2906 858 2943 ἰδίαν
881 2910 912 2942 Α
929 2910 941 2953 11
965 2905 1212 2942 δικαιοδοσίαν

134 2956 182 2990 Μ
182 2956 276 2998 Α(ς)]
303 2951 478 2996 διοίκησιν
494 2955 564 2987 LB
583 2953 595 2998 11
620 2957 660 2988 19
681 2955 751 2996 ἔχει
769 2952 857 2995 κτλ.]
880 2956 953 2988 hinc
970 2957 1003 2988 in
1020 2954 1051 2987 L
1068 2955 1212 2997 maryine

135 3003 289 3044 inferiore
305 3002 430 3034 absciso
447 3000 572 3042 reliqua
585 3012 666 3042 pars
683 3000 826 3033 novellae
843 3001 930 3033 deest
941 3006 1072 3042 praeter
1089 2999 1211 3032 initium

135 3047 257 3090 epiloqi
270 3046 460 3088 discrepans
474 3057 495 3078 a
512 3045 620 3080 MAez
638 3041 1106 3086 (Κωνσταντινου)πόλεως·
1125 3041 1211 3085 (Τ)ὰ

134 3092 284 3133 wlfinus)
315 3086 375 3123 διὰ
399 3089 464 3123 τοῦ
489 3088 668 3134 παρόντος
690 3087 801 3131 νόμον
826 3089 1092 3122 θεσπισθέντα.
1129 3089 1211 3131 Epi·

137 3139 227 3181 loyus
241 3139 273 3169 in
286 3136 380 3172 ΜΔς
396 3136 534 3169 traditus
551 3147 623 3167 num
639 3136 684 3167 ad
697 3135 856 3176 exemplar
870 3136 1036 3177 praefecto
1046 3135 1212 3177 praetorio

136 3184 319 3225 inscriptum
330 3181 506 3235 pertineat,
525 3179 712 3213 Zachariae
730 3180 854 3211 dubitat
871 3179 883 3221 11
901 3180 944 3212 24
957 3175 1068 3213 πόλιν
1085 3191 1144 3212 om.
1157 3177 1206 3223 A}

136 3229 178 3261 26
203 3236 464 3270 προνοησωμεν
489 3225 533 3258 Μ
569 3220 817 3269 προνοήσομεν
840 3222 932 3256 θεοῦ
957 3225 1125 3268 συνεργίᾳ
1148 3223 1179 3255 Α
1202 3224 1206 3264 1

136 3271 251 3315 πάσης
265 3285 321 3305 om.
333 3283 351 3308 ς
363 3270 367 3316 1
391 3273 432 3305 28
444 3273 565 3304 subscr.
580 3270 708 3306 om.Ae
732 3270 827 3302 habet
838 3269 925 3301 Ιιιί.ω
938 3270 949 3311 11
962 3279 1021 3300 xv.
1035 3268 1101 3300 kal.
1116 3266 1212 3309 april.

136 3318 222 3351 Ιιιῖ.ω
248 3328 308 3349 xv.
325 3327 364 3349 ca
377 3341 387 3350 .
403 3326 478 3359 app.
493 3316 550 3356 M]
582 3313 653 3359 πρὸ
671 3293 718 3347 ιδ7
732 3315 776 3354 (ν.
794 3314 813 3346 l.
832 3310 895 3357 ιβ’)
911 3310 1058 3346 καλανδ.
1073 3310 1213 3356 Ἀπριλ-

136 3361 226 3396 λίων
239 3364 312 3396 ΑιΙι.
337 3363 423 3404 μηνὶ
446 3358 603 3406 ἀπριλίῳ
620 3361 738 3393 Theod.
756 3358 769 3404 11
786 3369 836 3402 cp.
853 3359 932 3400 imp.
949 3358 1004 3391 dn.
1029 3358 1213 3390 iustiniano

135 3418 167 3450 p.
185 3418 272 3440 anno
288 3406 422 3439 XVIII.
448 3407 535 3440 Iul.¹⁰
565 3417 614 3448 cp.
632 3405 686 3438 dn.
707 3405 785 3438 inst.
800 3414 856 3446 pp.
876 3413 951 3445 aug.
972 3403 1012 3436 M
1032 3400 1214 3444 βασιλείας

1273 2453 1528 2490 ’Ῑουστινιανοῦ
1551 2456 1595 2491 τὸ
1619 2454 1668 2498 ιη’
1694 2456 1744 2499 (η’
1762 2459 1812 2490 vel
1834 2455 1884 2500 ιβ’
1901 2459 2048 2498 traditur,
2074 2469 2156 2490 corr.
2182 2457 2354 2499 Fabroma)

1276 2504 1352 2536 Am.
1388 2502 1460 2535 ἔτει
1484 2499 1534 2545 ιη’
1551 2503 1672 2536 ΤΙιεοᾱ.
1701 2501 1714 2545 11
1743 2503 1785 2536 29
1808 2501 1929 2535 basilio
1952 2512 2004 2535 uc.
2028 2511 2106 2534 ann.
2128 2511 2161 2534 u.
2185 2501 2254 2534 ind.
2273 2501 2352 2535 VII.

1276 2549 1373 2588 (corr.
1390 2557 1467 2580 ann.
1482 2547 1540 2580 IV.
1555 2547 1624 2580 ind.
1639 2547 1751 2589 vm.)
1770 2547 1858 2581 lum
1885 2547 1984 2580 basil.
2003 2557 2053 2579 uc.
2073 2556 2177 2580 conss.
2194 2546 2238 2580 M
2261 2542 2354 2580 ὕπα-

1276 2595 1371 2626 τείας
1386 2590 1575 2626 Βασιλείου
1596 2589 1628 2625 δ’
1641 2593 1717 2626 Aen.
1746 2591 1837 2636 μετὰ
1860 2591 1929 2635 τὴν
1947 2589 2126 2627 ὑπατείαν
2140 2588 2354 2638 Βελισαρίου

1277 2639 1351 2682 (leq.
1368 2636 1559 2671 Βασιλείου
1581 2635 1624 2671 τὸ
1650 2634 1695 2680 δ’)
1720 2634 1787 2670 ivd.
1807 2635 1839 2680 η’
1858 2639 1976 2671 Theod.

1347 2775 1362 2806 1
1381 2774 1468 2805 rubr.
1493 2771 1538 2806 Vt
1561 2771 1825 2815 orphanotrophi
1855 2773 2005 2804 tutorum
2035 2769 2221 2812 fungantur
2243 2769 2354 2803 officio

1277 2816 1361 2850 Rin
1378 2830 1479 2860 marq.
1506 2817 1519 2859 11
1542 2817 1563 2851 2
1586 2816 1646 2858 ita]
1677 2818 1716 2850 ut
1740 2816 1788 2850 Β*
1811 2815 1823 2860 11
1848 2815 1893 2848 tffi
1913 2815 1946 2848 R
1970 2814 1983 2858 11
2009 2816 2048 2847 ut
2071 2818 2104 2848 et
2126 2814 2172 2856 R]
2202 2816 2235 2848 et
2258 2817 2297 2847 ut
2315 2814 2354 2857 ιζ

1279 2864 1311 2894 et
1336 2874 1394 2895 om.
1423 2862 1461 2903 T,
1496 2863 1536 2894 ut
1555 2861 1655 2895 etiam
1678 2861 1766 2906 ναῖς.
1791 2861 1804 2901 11
1831 2860 2079 2894 satisdationem
2102 2859 2151 2893 Β*
2178 2858 2191 2903 11
2220 2861 2254 2892 et
2275 2869 2354 2892 oon-

1278 2907 1415 2939 veniant
1440 2908 1517 2940 add.
1537 2908 1622 2951 vuly.
1639 2907 1651 2949 11
1670 2907 1689 2940 3
1714 2906 1933 2939 conueniatur
1958 2906 1991 2938 T
2002 2904 2015 2947 11
2032 2906 2065 2937 et
2087 2922 2132 2930 —
2154 2906 2177 2938 4
2195 2903 2355 2947 orphanis

1279 2965 1337 2985 om.
1351 2952 1401 2985 R¹
1424 2951 1437 2995 11
1462 2954 1482 2986 5
1505 2953 1738 2995 competentes]
1763 2949 2025 2994 competentibus
2047 2949 2100 2982 12⁰
2118 2947 2131 2992 11
2157 2949 2178 2982 6
2201 2950 2235 2981 et
2248 2949 2354 2990 Beck]

1278 2999 1337 3030 aut
1362 2997 1438 3030 libri
1454 2995 1467 3036 11
1484 2999 1502 3030 7
1527 2997 1630 3038 regia]
1655 2996 1691 3028 in
1714 2996 1776 3028 hae
1799 2994 1891 3036 regia
1912 2993 2005 3038 7119
2029 3004 2048 3026 ο
2091 2992 2307 3036 heneti-ophis
2325 2993 2359 3027 T

1278 3041 1570 3085 orphanotrophiis
1590 3041 1639 3073 V¹
1650 3041 1739 3085 vulq.
1758 3040 1770 3083 11
1789 3042 1830 3074 10
1845 3039 2016 3083 putauerit
2034 3039 2066 3071 T
2107 3038 2205 3070 etiam
2222 3051 2280 3071 om.
2297 3035 2357 3118 811

1278 3086 1445 3130 praecium
1471 3086 1571 3127 Rae]
1594 3087 1702 3128 pretia
1722 3085 1879 3127 VTvulq.
1905 3083 1918 3127 ΙΙ
1945 3085 1981 3118 11
2005 3092 2118 3116 eorum
2141 3083 2252 3116 RVT
2271 3083 2285 3126 11
2312 3085 2328 3118 1

1279 3133 1399 3172 autem]
1424 3132 1483 3164 aut
1505 3131 1538 3164 Τ
1545 3132 1552 3150 “
1571 3130 1584 3174 11
1601 3129 1764 3163 curatoris
1784 3129 1817 3162 R
1850 3127 2032 3161 curationis
2054 3128 2087 3161 T
2098 3127 2111 3171 11
2131 3129 2172 3163 14
2192 3128 2356 3171 orphano-

1279 3176 1399 3219 tropho
1423 3175 1534 3216 RVT,
1559 3187 1641 3208 corr.
1662 3174 1750 3217 vulg.
1774 3173 1787 3217 11
1814 3176 1853 3208 15
1878 3173 1980 3214 urbis]
2004 3173 2152 3206 ciuitatis
2178 3173 2210 3206 R
2227 3173 2240 3217 11
2254 3183 2355 3206 xeno-

1278 3221 1400 3254 nochio
1421 3220 1476 3263 711
1496 3222 1536 3254 16
1549 3220 1735 3260 memoriae]
1752 3218 1874 3251 marine
1890 3219 2043 3261 RTvuIy.
2061 3217 2075 3261 11
2091 3228 2188 3251 sanso
2202 3218 2331 3262 Rvuly.

1278 3265 1550 3309 gubernationem
1566 3265 1617 3297 Τ(ι
1634 3263 1646 3307 11
1666 3266 1703 3298 1Ί
1719 3263 1880 3296 orationis
1902 3264 1954 3296 Va
1969 3262 1982 3308 11
2001 3262 2075 3295 aliis
2094 3275 2151 3296 om.
2166 3263 2328 3306 RTvuly.

1282 3313 1322 3346 18
1346 3320 1573 3352 quaecumque
1594 3309 1644 3342 1⁷²
1662 3311 1694 3342 in
1715 3322 1781 3342 ras.
1799 3310 1821 3343 4
1841 3310 1911 3348 litt,
1936 3317 2068 3350 quoque
2084 3307 2134 3341 Τι
2163 3317 2247 3349 qnae
2268 3306 2320 3341 Τ8

1280 3355 1398 3388 habeat
1417 3356 1447 3388 T
1460 3355 1472 3398 11
1490 3356 1533 3388 22
1556 3354 1685 3387 sancxit
1707 3354 1835 3398 RVTn
1854 3355 1896 3388 25
1920 3354 2134 3397 prouidemus
2156 3353 2210 3396 711
2228 3354 2271 3386 26
2287 3351 2357 3386 diu-

1280 3411 1407 3444 μου..
1430 3400 1480 3433 7ι
1499 3399 1512 3443 11
1527 3400 1637 3441 etiam]
1663 3401 1695 3432 et
1720 3399 1753 3434 T
1770 3399 1784 3443 11
1800 3401 2032 3442 subscriptione
2055 3403 2167 3432 carent
2190 3398 2268 3433 libri
