2476 3854
107 92 217 137 Nov.
247 92 365 137 CXX
399 97 445 137 11
470 105 536 149 ep.
1175 92 1259 141 590
1541 109 1603 140 DE
1629 107 1931 141 Anmmmonn
1959 110 2018 142 m·
2043 111 2328 146 nurm'rnosr

1101 228 1262 266 CAPUT
1285 229 1346 264 XI.

1322 296 1360 332 Si
1383 306 1465 332 vero
1488 300 1632 342 praeter
1653 298 1741 334 haec
1769 308 1862 344 quae
1882 299 2018 336 inserta
2039 301 2126 336 sunt
2147 301 2329 347 praesenti

1253 342 1321 386 legi
1352 345 1559 379 contractus
1589 343 1654 379 fiat
1684 354 1794 390 super
1816 345 2101 390 competentibus
2122 345 2231 382 rebus
2253 357 2328 382 mo-

1254 387 1384 423 bilibus
1414 391 1451 423 et
1480 387 1719 425 immobilibus
1750 389 1812 424 uni
1842 392 2116 426 memoratarum
2145 391 2327 427 venerabi-

173 295 220 330 Εἰ
250 294 290 330 δὲ
319 297 418 341 παρὰ
453 296 499 330 τοὶ
529 294 785 343 διηγορευμένα
819 294 906 342 ἡμῖν
939 297 993 341 τῷ
1030 297 1186 343 παρόντι

106 339 209 384 νόμῳ
246 339 476 387 συνάλλαγμά
514 355 551 376 τι
585 345 732 388 γένηται
768 343 830 378 ἐπὶ
866 345 940 377 τοῖς
979 340 1186 388 διαφέρουσι

106 383 295 432 πράγμασι
323 389 478 430 κινητοῖς
508 400 549 421 τε
578 390 638 421 καὶ
662 384 845 430 ἀκινήτοις
873 389 929 422 ἑνὶ
951 387 1029 422 τῶν
1050 389 1185 444 εἰρημέ-

105 444 183 465 νων
207 428 349 477 εὖαγοῦν
371 432 493 473 οἴκων,
523 428 774 466 ἀναδίδοσθαι
797 434 864 475 μὲν
890 433 934 480 τῇ
959 429 1052 480 αὐτῇ
1076 445 1185 480 αγιοο·
1253 433 1339 468 lium
1364 432 1565 475 domorum,
1589 434 1690 470 reddi
1710 434 1850 480 quidem
1870 435 1983 471 eidem
2006 435 2253 472 sanctissimae
2269 447 2326 472 ec-

105 473 195 523 τρτῃ
227 475 393 520 ἐκκλησίᾳ
422 475 503 519 ἤτοι
533 478 587 520 τῷ
612 474 732 524 εὗαγεῖ
753 476 840 521 οἴκῳ
864 477 907 512 τὸ
940 478 1090 524 πρᾶγμα
1121 474 1182 523 ἐφ’
1221 482 1240 515 5
1254 477 1382 513 <zlesiae
1412 477 1486 513 sive
1508 479 1700 515 venerabili
1729 479 1850 515 domui
1871 490 1964 523 rem,
1997 490 2105 526 super
2127 491 2234 534 quam
2256 481 2328 516 tale

104 520 135 563 ᾧ
167 520 312 555 τοιοῦτό
341 534 378 555 τι
409 521 711 567 παρηκολούθησε
740 523 833 567 μετὰ
863 523 941 558 τῶν
974 525 1041 557 τοῦ
1075 526 1184 567 μέσον
1253 522 1385 567 aliquid
1409 523 1639 559 subsecutum
1663 527 1733 567 est,
1765 535 1844 561 cum
1867 525 1973 561 medii
2002 529 2172 571 temporis
2200 526 2327 562 fructi·

102 563 234 611 χρόνου
257 567 420 611 καρπῶν,
443 570 582 610 μενέτω
607 565 646 601 δὲ
669 565 758 611 παρ’
782 563 872 614 αὐτῇ
897 570 957 602 καὶ
979 567 1023 603 τὸ
1048 572 1185 614 τίμημα
1254 568 1337 612 bus,
1368 570 1511 604 maneat
1539 573 1657 605 autem
1686 569 1783 615 apud
1805 580 1885 606 eam
1907 574 1944 606 et
1965 570 2119 616 pretium
2150 574 2214 607 aut
2235 571 2327 607 anti-

103 610 127 653 ἢ
146 611 188 645 τὸ
206 608 413 655 ἄντίδωρον
441 609 464 654 ἢ
487 611 530 646 τὸ
557 611 647 658 ὑπὲρ
672 609 852 658 ἀμείψεως
874 610 897 656 ἢ
915 611 1023 655 ἄλλης
1042 613 1184 648 οἱαςοῦν
1253 614 1379 648 dorum
1410 616 1475 648 aut
1497 614 1591 658 quod
1611 624 1677 660 pro
1700 615 1958 660 permutatione
1989 618 2053 652 aut
2075 616 2148 651 alia
2170 616 2328 661 qualibet

104 655 219 690 αἰτίας
250 653 350 699 αὐτῷ
384 654 585 701 δεδομένον.
633 658 664 691 εἰ
696 656 735 691 δὲ
766 658 977 703 ἐμφύτενσις
1000 659 1183 713 πραζθείη
1254 658 1443 695 occasione
1466 658 1500 693 ei
1522 658 1642 694 datum
1666 663 1731 695 est.
1775 659 1814 695 Si
1836 670 1920 696 vero
1939 661 2178 706 emphyteosis
2201 665 2328 706 agatur

104 701 202 746 παρὰ
235 701 281 735 τὰ
305 699 559 748 διηγορευμένα
588 700 685 746 ἡμῖν,
718 699 967 737 ἀναδίδοσθαι
997 704 1041 750 τῇ
1073 717 1182 758 αγιω-
1200 708 1239 739 10
1252 705 1395 748 praeter
1427 703 1518 739 haec
1552 714 1643 749 quae
1677 704 1850 750 disposita
1886 709 1972 742 sunt
2005 715 2028 741 a
2061 705 2183 749 nobis,
2226 705 2328 742 reddi

103 744 195 792 τάτῃ
221 745 388 790 ἐκκλησίᾳ
411 745 435 790 ἢ
457 750 530 781 τοῖς
549 744 691 793 εὐαγέσι
713 745 841 783 τόποις
862 747 906 783 τὸ
925 745 1012 782 αὐτὸ
1038 761 1184 796 πραγμα
1252 748 1498 784 sanctissimae
1528 749 1699 786 ecclesiae
1732 749 1806 786 sive
1834 750 2094 787 venerabilibus
2123 751 2212 787 locis
2242 761 2326 787 ean-

102 790 301 835 κελεύομεν,
325 795 385 826 καὶ
400 792 468 826 τὸν
484 793 708 838 ἐμφυτευτὴν
729 793 771 827 τὸ
789 792 929 828 πάκτον
952 792 1068 828 τελεῖν
1089 794 1182 829 κατὰ
1252 794 1331 829 dem
1353 803 1428 828 rem
1450 793 1623 838 iubemus,
1655 797 1693 830 et
1714 794 1978 840 emphyteotam
2007 795 2202 832 secundum
2232 796 2328 842 quod

102 837 168 879 τὴν
200 834 356 882 δύναμιν
388 838 466 872 τῶν
496 839 766 885 ἑμφυτευτικῶν
795 837 1038 883 συμβολαίων.
1087 840 1118 873 εἰ
1145 837 1186 873 δὲ
1251 838 1423 883 placitum
1439 842 1494 874 est
1511 839 1597 874 dare
1616 841 1654 875 et
1667 843 1812 885 pactum
1829 839 1933 876 finire
1948 841 2144 877 secundum
2162 841 2327 877 virtutem

102 879 287 927 δωρηθείη
319 883 470 928 πρᾶγμα
502 881 797 926 ἐκκλησιαστικὸν
834 881 858 927 ἦ
887 884 1009 930 ἑτέρου
1039 880 1185 932 εὖαγοῦς
1251 884 1598 929 emphyteoticalium
1629 884 1956 922 instrumentorum.
2005 885 2043 921 Si
2065 895 2149 922 vero
2175 886 2328 922 donetur

101 927 215 970 οἴκου,
247 930 307 961 καὶ
340 925 429 962 αὐτὸ
454 924 704 963 ἀναδίδοσθαι
733 929 778 976 τῇ
802 925 989 984 ἁγιωτάτῃ
1019 928 1184 973 ἐκκλησίᾳ
1199 932 1239 965 15
1252 939 1309 964 res
1333 929 1577 965 ecclesiastica
1607 934 1671 965 aut
1700 930 1849 966 alterius
1879 930 2090 966 venerabilis
2117 930 2260 974 domus,
2291 934 2329 967 et

100 970 123 1015 ἢ
155 975 228 1007 τοῖς
260 971 380 1007 ἄλλοις
413 969 555 1020 εὗαγέσι
590 974 716 1008 τόποις
749 986 840 1019 μετα
871 975 950 1009 τῶν
979 975 1045 1009 τοῦ
1074 978 1184 1020 μέσου
1251 974 1346 1010 hanc
1376 974 1477 1010 reddi
1508 975 1755 1011 sanctissimae
1786 975 1956 1011 ecclesiae
1989 978 2052 1011 aut
2081 975 2160 1012 aliis
2182 985 2328 1012 venera·

99 1017 230 1061 χρόνου
253 1019 416 1066 καρπῶν,
440 1022 501 1053 καὶ
524 1019 700 1053 τοσοῦτον
724 1020 847 1065 ἕτερον
872 1016 959 1054 ὅσον
980 1018 1086 1060 ἄξιόν
1106 1021 1184 1054 ἐστι
1251 1019 1383 1055 bilibus
1412 1019 1503 1055 locis
1536 1030 1617 1055 cum
1641 1020 1746 1055 medii
1770 1021 1940 1065 temporis
1970 1020 2161 1065 fructibus,
2190 1023 2228 1057 et
2248 1024 2328 1057 tnn-

99 1063 142 1096 τὸ
174 1060 264 1097 αὐτὸ
298 1064 457 1109 πρᾶγμα.
504 1063 535 1097 εἰ
568 1061 607 1098 δὲ
635 1060 808 1108 ὑποθήκη
845 1065 944 1111 παρὰ
976 1066 1094 1100 ταῦτα
1124 1063 1182 1099 δο-
1250 1066 1327 1100 tum
1349 1064 1447 1100 uliud
1471 1069 1642 1108 quantum
1665 1065 1808 1101 valebat
1831 1075 1888 1101 res
1910 1065 2001 1110 ipsu.
2049 1065 2087 1101 Si
2109 1075 2192 1103 vero
2215 1065 2326 1112 hypo·

100 1108 196 1151 θείη,
221 1105 241 1142 ὁ
261 1106 448 1151 δανειστὴς
471 1109 515 1143 τὸ
535 1107 819 1155 ἐποφειλόμενον
842 1107 1036 1145 ἀπολλύτω
1060 1113 1121 1144 καὶ
1138 1109 1180 1145 τὸ
1250 1109 1358 1145 theca
1402 1112 1528 1145 contra
1566 1110 1657 1146 haec
1692 1111 1812 1154 detur,
1854 1111 2012 1146 creditor
2051 1111 2145 1156 quod
2179 1111 2329 1148 debetur

101 1150 191 1187 αὐτὸ
216 1155 366 1199 πρᾶγμα
389 1155 442 1197 τῷ
467 1151 588 1201 εύαγεῖ
608 1153 712 1198 τόπῳ
737 1152 959 1190 ἀποδιδότω.
996 1155 1073 1190 τῶν
1096 1167 1181 1200 συμ-
1196 1158 1237 1191 20
1251 1155 1388 1200 perdat,
1420 1158 1456 1190 et
1478 1165 1537 1191 res
1560 1155 1752 1191 venerabili
1780 1155 1859 1191 loco
1882 1155 2061 1192 reddatur.
2109 1155 2328 1193 Tabellioni-

99 1198 380 1246 βολαιογράφων
414 1200 493 1233 τῶν
527 1198 771 1246 θαρρούντων
806 1200 907 1246 παρὰ
940 1198 1048 1235 τόνδε
1076 1198 1183 1246 ήμῶν
1253 1201 1319 1236 bus
1353 1201 1677 1249 praesumentibus!
1705 1202 1848 1246 praeter
1888 1201 1982 1237 hanc
2022 1203 2183 1238 nostrum
2216 1201 2328 1246 legem

99 1243 167 1278 τὸν
201 1241 318 1289 νόμον
348 1242 522 1279 τοιούτοις
549 1242 741 1292 ὑπουργεῖν
771 1244 1002 1290 συμβολαίοις
1032 1243 1185 1289 διηνεκεῖ
1251 1245 1385 1281 talibus
1415 1245 1618 1282 ministrare
1639 1245 1881 1282 instrumentis
1911 1249 2085 1292 perpetuo
2115 1246 2219 1283 exilio
2243 1257 2327 1283 con-

100 1289 221 1335 ἐξορίᾳ
253 1287 604 1334 καταδικαζομένων.
654 1291 700 1324 Εἰ
724 1288 767 1324 δέ
794 1305 830 1325 τι
862 1290 933 1336 πρὸ
958 1290 1088 1325 τούτου
1118 1292 1183 1326 τοῦ
1252 1290 1470 1327 demnandis.
1519 1290 1556 1326 Si
1579 1301 1661 1327 vero
1685 1291 1818 1336 aliquid
1843 1292 1928 1326 ante
1951 1291 2044 1327 hunc
2066 1291 2179 1336 legem
2200 1301 2328 1328 secun-

99 1335 212 1379 νόμου
236 1334 329 1370 κατὰ
352 1334 416 1369 τὰς
439 1333 596 1370 παλαιὰς
620 1333 798 1376 διατάξεις
819 1339 962 1382 γέγονε,
993 1334 1182 1381 κελεύομεν
1251 1335 1336 1371 dum
1358 1336 1525 1382 antiquas
1542 1336 1814 1372 constitutiones
1835 1335 1973 1372 factum
1988 1339 2054 1379 est,
2077 1336 2240 1373 iubemus
2259 1337 2330 1373 hoc

98 1381 207 1414 τοῦτο
242 1381 334 1415 πᾶσι
365 1378 513 1426 τρόποις
546 1380 616 1424 τὴν
647 1379 745 1416 ἰδίαν
776 1382 870 1425 ἔχειν
900 1381 1011 1425 ἰσχύν.
1058 1382 1182 1416 πάντα
1197 1384 1238 1417 25
1250 1381 1365 1417 modis
1396 1381 1560 1418 omnibus
1593 1381 1776 1427 propriam
1810 1381 1943 1417 habere
1975 1381 2153 1418 virtutem.
2201 1381 2330 1418 Omnia

99 1422 155 1469 δέ,
179 1421 250 1460 ὅσα
274 1425 375 1471 παρὰ
398 1425 482 1460 τοὺς
497 1424 672 1461 παλαιοὺς
692 1426 822 1471 νόμους
843 1429 1000 1474 γέγονεν,
1025 1422 1182 1473 ἄνατρα·
1251 1436 1333 1463 vero
1358 1436 1449 1472 quae
1473 1430 1598 1462 contra
1621 1427 1787 1473 antiquas
1816 1426 1912 1471 leges
1934 1426 2035 1463 facta
2064 1431 2148 1463 sunt
2170 1427 2330 1464 revocari

98 1471 212 1514 πῆναι
245 1471 483 1515 θεσπίζομεν,
515 1474 576 1505 καὶ
606 1470 653 1506 τὰ
685 1472 882 1519 πράγματα
912 1471 960 1507 τὰ
984 1470 1084 1517 παρὰ
1115 1470 1183 1515 τὴν
1252 1471 1443 1515 sancimus,
1474 1475 1510 1507 et
1541 1481 1599 1508 res
1631 1482 1722 1518 quae
1754 1475 1879 1508 contra
1901 1471 2066 1508 virtutem
2098 1481 2222 1508 earum
2243 1471 2330 1508 data

99 1514 256 1561 δύναμιν
286 1513 409 1550 αὐτῶν
441 1514 616 1560 δεδομένα
646 1519 720 1551 τοῖς
742 1514 908 1564 εὖαγέσιν
931 1517 1038 1552 οἴκοις
1057 1514 1183 1552 ‹ivam-
1251 1519 1307 1553 eSt
1326 1516 1587 1553 venerabilibus
1610 1517 1773 1554 domibus
1796 1515 1985 1563 reddatur;
2010 1520 2045 1553 et
2067 1516 2112 1553 de
2130 1520 2248 1554 cetero
2271 1527 2328 1554 se·

99 1559 246 1596 δοσθαι.
296 1563 362 1596 τοῦ
398 1559 438 1595 δὲ
471 1560 599 1597 λοιποῦ
635 1562 728 1597 κατὰ
761 1560 829 1597 τὸν
864 1562 1034 1609 παρόντα
1067 1561 1184 1608 νόμον
1252 1562 1408 1599 cundum
1436 1565 1662 1608 praesentem
1691 1562 1805 1607 legem
1836 1562 1956 1599 omnia
1988 1561 2068 1598 fieri
2097 1561 2329 1608 disponimus,

98 1605 223 1659 πάντα
235 1607 407 1660 γίνεσθαι
421 1604 676 1651 διατυποῦμεν,
693 1606 946 1651 σχολαζουσῶν
957 1606 1050 1653 μετὰ
1065 1608 1183 1642 ταῦτα
1196 1610 1239 1644 30
1251 1608 1462 1644 vacantibus
1493 1611 1577 1653 post
1606 1608 1697 1644 haec
1720 1606 1884 1643 omnibus
1914 1607 1994 1644 aliis
2017 1607 2330 1646 constitutionibus

99 1664 231 1687 πασων
253 1665 331 1687 των
354 1650 477 1686 ἄλλων
501 1650 704 1693 διατάξεων
726 1654 805 1688 τῶν
828 1654 889 1689 ἐπὶ
912 1656 986 1688 τοῖς
1007 1651 1184 1688 τοιούτοις

98 1697 238 1742 θέμασι
261 1695 390 1743 πρώην
414 1699 657 1743 φοιτησασῶν.

154 1739 441 1789 (Ἐπίλογος.>
486 1740 534 1776 ‘H
551 1739 707 1789 ὑπεροχὴ
729 1746 855 1779 τοίνυν
882 1740 904 1788 ἡ
935 1743 980 1788 σὴ
1004 1739 1096 1790 ἅπερ
1120 1741 1183 1779 διὰ

98 1788 162 1822 τοῦ
183 1801 233 1823 πα
259 1787 364 1823 ὄντος
378 1786 490 1832 νόμου
511 1788 558 1822 εἰς
580 1786 797 1842 τὸκδιηνεκὲς
821 1789 1025 1832 ἰσχύσαντος
1047 1786 1070 1833 ἦ
1097 1787 1182 1833 ἡμε-

1250 1663 1341 1699 quae
1361 1663 1471 1699 super
1493 1653 1626 1689 talibus
1650 1653 1793 1689 casibus
1818 1652 1950 1689 dudum
1971 1653 2222 1700 loquebantur.

1293 1743 1350 1789 <E
1359 1743 1454 1789 pilo
1462 1753 1484 1788 g
1492 1754 1517 1779 u
1526 1743 1580 1789 s.)
1613 1743 1818 1780 Eminentia.
1832 1742 1940 1789 igitur
1954 1744 2019 1779 tua.
2038 1753 2131 1789 quae
2145 1753 2210 1790 per
2224 1753 2329 1790 prae-

1249 1794 1384 1824 sentem
1407 1788 1520 1833 legem
1546 1788 1584 1824 in
1606 1791 1820 1834 perpetuum
1843 1788 2032 1825 valituram
2061 1792 2186 1826 nostra
2209 1790 2330 1827 sanxit

98 1836 192 1886 τέρα,
208 1835 226 1866 ἐ
258 1836 384 1868 ε’σπισε
399 1832 598 1879 γαληνότης
621 1847 772 1880 ατρωτα
791 1831 1049 1881 παραφυλάξαι
1072 1845 1181 1869 σπου·
1195 1837 1238 1870 35
1249 1833 1489 1879 tranquillitas
1531 1834 1744 1869 inconvulsa
1780 1833 1973 1869 observare
2007 1833 2171 1877 festinet,
2210 1834 2329 1872 edicto

99 1876 261 1922 δασατω,
293 1876 443 1913 ἰδίκτων
467 1881 507 1913 ἐν
528 1881 602 1912 τοῖς
625 1879 803 1922 συνήθεσι
833 1882 894 1913 καὶ
915 1880 1033 1924 μόνον
1056 1878 1182 1914 τόποις

232 1989 319 2026 XI:
344 1989 482 2033 Quodsi
504 1989 677 2026 adversus
700 2002 744 2027 ea
768 2001 862 2037 quae
883 1991 1071 2037 praesenti
1093 1990 1171 2036 leqe
1194 2001 1218 2026 a
1239 1990 1345 2026 nobis
1368 1991 1565 2027 constituta
1584 1990 1671 2027 sunt
1693 1993 1903 2027 contractus
1925 1990 2059 2038 aliquis

97 2035 286 2072 mobilibus
321 2040 357 2071 et
391 2035 626 2071 immobilibus
661 2035 711 2071 ad
741 2047 850 2071 unam
877 2035 1153 2082 praedictarum
1185 2035 1441 2072 venerabilium
1471 2035 1641 2071 domuum
1670 2036 1944 2082 pertinentibus,
1981 2036 2048 2073 red

1248 1879 1286 1914 in
1327 1879 1558 1915 sollemnibus
1598 1882 1635 1914 et
1671 1878 1838 1924 legitimis
1874 1878 1962 1915 locis
1999 1889 2064 1925 per
2099 1879 2222 1916 decem
2254 1879 2329 1917 dies

2127 1994 2143 2028 t
2161 1991 2209 2029 de
2221 1991 2330 2029 rebus

2186 2036 2329 2084 quidem

97 2081 210 2117 eidem
233 2081 481 2116 sanctissimae
504 2080 676 2117 ecclesiae
697 2092 762 2116 seu
785 2081 984 2117 venerabili
1002 2080 1127 2116 domui
1149 2091 1210 2116 res
1232 2080 1276 2117 de
1294 2092 1368 2127 qua
1392 2081 1465 2117 tale
1487 2081 1577 2127 quid
1598 2081 1753 2127 contiqit
1775 2091 1855 2117 cum
1872 2080 1980 2117 medii
2005 2085 2072 2118 tem
2099 2082 2176 2118 oris
2196 2083 2329 2128 frueti-

98 2126 175 2168 bus,
206 2129 351 2162 maneat
373 2129 494 2162 autem
517 2125 619 2177 apud
640 2137 720 2162 eam
744 2126 851 2161 etiam
869 2126 1030 2173 pretium
1059 2125 1116 2163 vel
1144 2127 1388 2162 remuneratio
1417 2125 1475 2163 vel
1504 2125 1605 2179 quod
1631 2125 1910 2173 permutationis
1934 2130 2000 2163 aut
2030 2127 2182 2164 aterius
2211 2127 2329 2164 cuius-

98 2182 249 2218 cumque
279 2182 411 2207 causae
444 2181 588 2207 nomme
611 2171 644 2208 ei
668 2171 792 2207 datum
815 2177 879 2207 est.
926 2170 1064 2215 Quodsi
1086 2170 1281 2252 omphaci-v
1302 2216 1453 2253 eandem
1475 2227 1552 2252 rem
1573 2216 1735 2253 iubemus
1777 2215 2114 2270 emphyteutamque
2134 2217 2328 2254 semum

1737 2243 1746 2258 5

96 2221 199 2261 sunt,
229 2216 334 2252 reddi
356 2216 604 2253 sanctissimae
625 2216 796 2253 ecclesiae
818 2216 875 2253 vel
897 2215 1159 2252 venerabilibus

99 2266 256 2298 tenorem
280 2261 628 2308 emphyteuticorum
648 2263 966 2298 instrumentorum
987 2265 1136 2308 pactum
1155 2266 1358 2308 praestare.

1221 2171 1331 2208 teusis
1349 2171 1457 2218 facta
1478 2175 1528 2207 sit
1558 2171 1731 2208 adversus
1753 2182 1798 2207 ea
1828 2181 1923 2217 quae
1951 2182 1976 2207 a
2006 2171 2111 2208 nobis
2134 2173 2330 2209 constituta

1405 2260 1541 2305 Quodsi
1556 2261 1693 2298 donata
1708 2261 1756 2297 sit
1778 2272 1837 2297 res
1851 2261 2094 2298 ecclesiastiea
2109 2261 2167 2299 vel
2179 2262 2330 2299 alterius

98 2306 311 2343 venerabilis
340 2307 477 2350 domus,
508 2310 543 2343 et
573 2307 588 2342 i
613 2317 655 2342 sa
685 2306 862 2343 reddatur
890 2307 1138 2342 sanctissimae
1169 2306 1341 2343 ecclesiae
1374 2307 1432 2344 vel
1461 2307 1590 2343 ceteris
1619 2306 1880 2344 venerabilibus
1913 2306 2078 2343 domibus
2111 2318 2192 2343 cum
2221 2307 2330 2345 medii

99 2352 270 2399 temporis
285 2352 474 2404 fructibus
496 2355 532 2388 et
553 2357 706 2387 aterum
730 2357 869 2389 tantum
893 2352 1021 2399 quanti
1043 2352 1167 2389 eadem
1190 2363 1249 2388 res
1273 2352 1494 2388 aestimatur.
1540 2351 1682 2395 Quodsi
1700 2350 1905 2433 &apotheca
1934 2351 2108 2388 adversus
2130 2351 2219 2389 haec
2241 2352 2330 2390 data

96 2398 155 2442 sit,
192 2397 352 2433 creditor
382 2397 538 2434 debitum
569 2398 712 2433 amittat
747 2401 857 2450 atque
888 2397 1038 2434 eandem
1073 2408 1148 2433 rem
1179 2397 1375 2434 venerabili
1405 2397 1487 2433 loco
1518 2396 1657 2434 reddat.

1736 2396 1931 2433 abelliones
1959 2400 2077 2433 autem
2106 2397 2171 2444 qui
2199 2401 2330 2434 contae'a

98 2442 192 2478 hanc
217 2442 328 2488 leqem
353 2447 516 2478 nostram
547 2442 723 2478 eiusmodi
753 2443 998 2478 instrumentis
1029 2443 1236 2479 ministrare
1267 2443 1350 2479 ausi
1371 2443 1455 2485 sint,
1485 2446 1662 2490 perpetuo
1692 2442 1823 2490 exilio·
1837 2441 2126 2478 condemnentur.
2169 2441 2213 2478 Si
2267 2442 2331 2479 uid

97 2498 181 2523 vero
213 2492 297 2524 ante
327 2487 421 2524 lzanc
451 2488 564 2534 leqem
587 2487 783 2524 secundum
813 2491 948 2524 veteres
979 2487 1254 2524 constitutiones
1283 2488 1426 2534 factum
1458 2491 1532 2531 est,
1566 2487 1605 2523 id
1627 2487 1789 2524 omnibus
1817 2486 1934 2523 modis
1963 2487 2034 2522 vim
2062 2497 2167 2523 suam
2197 2486 2246 2524 ba
2269 2498 2330 2524 ere

97 2531 268 2568 iubemus.
319 2532 448 2568 Omnia
463 2537 582 2568 autem
595 2543 844 2614 guaecumque
868 2537 996 2569 contra
1020 2535 1156 2569 veteres
1179 2533 1277 2586 leyes
1293 2534 1402 2580 facta
1417 2536 1504 2569 sunt
1525 2533 1638 2569 everti
1660 2533 1843 2569 sancimus
1864 2542 1995 2578 resque
2017 2537 2148 2568 eontra
2171 2535 2330 2570 tenorem

98 2588 222 2613 earum
257 2577 364 2613 datas
398 2577 595 2614 venerabili
618 2588 660 2613 us
692 2573 856 2614 domibus
891 2578 1006 2614 reddi.

1065 2576 1113 2614 In
1146 2577 1326 2630 reliquum
1361 2588 1445 2615 vero
1482 2582 1621 2630 tempus
1654 2581 1697 2614 ut
1728 2576 1924 2614 secundum
1951 2581 2182 2629 praesentem
2216 2577 2329 2631 leqem

98 2623 219 2658 omnia
247 2623 340 2666 fiant
371 2623 639 2666 constituimus,
674 2623 897 2659 cessantibus
919 2627 1056 2671 postea
1085 2627 1214 2660 ceteris
1245 2623 1409 2660 omnibus
1440 2623 1754 2659 constitutionibus
1784 2633 1879 2668 quae
1908 2621 1953 2658 de
1982 2621 2158 2659 eiusmodi
2187 2622 2331 2660 casabus

95 2668 201 2713 prius
218 2668 476 2713 p7·omulqatae
498 2672 594 2704 sunt.

234 2712 324 2759 Epi
331 2712 345 2747 l
352 2723 477 2758 equs,
526 2712 604 2749 Tua
632 2713 747 2760 iqitur
775 2713 977 2750 sublimitas
1005 2725 1101 2760 quae
1127 2724 1197 2760 per
1220 2716 1452 2761 praesentem
1483 2713 1597 2760 legem
1627 2713 1667 2749 in
1690 2715 1910 2760 perpetuum
1939 2711 2134 2750 valituram
2155 2711 2330 2748 serenitas

97 2761 225 2793 nostra
256 2758 384 2792 sana-it
412 2758 540 2793 illaesa
562 2769 709 2794 servare
731 2759 892 2801 studeat,
923 2758 1050 2795 edictis
1080 2758 1173 2795 locis
1201 2758 1435 2795 sollemnibus
1457 2757 1652 2795 dumtaxat
1678 2768 1749 2804 per
1771 2757 1892 2794 decem
1922 2757 2000 2795 dies
2019 2757 2235 2805 propositis,
2262 2767 2331 2794 nec

146 2874 161 2906 1
187 2870 287 2915 παρὰ
310 2869 358 2903 τὰ
379 2867 632 2915 διηγορευμένα
655 2867 752 2914 ἡμῖν]
778 2873 909 2915 praeter
924 2872 1005 2904 haec
1024 2882 1108 2914 quae
1126 2871 1179 2904 in-

97 2920 186 2950 serta
199 2919 278 2948 sunt
298 2927 318 2952 ς
338 2911 435 2958 (ἡμῖν
452 2929 510 2948 om.
524 2916 571 2948 M
572 2919 602 2957 α)
619 2915 631 2958 11
649 2917 702 2957 τῷ
741 2917 782 2949 ἐν
796 2917 850 2959 τῷ
868 2918 1028 2950 Nemee-⁷⁷⁸
1052 2917 1065 2960 11
1083 2918 1102 2950 2
1125 2918 1180 2962 γε’-

97 2965 206 3004 νηταί
229 2974 264 2994 τι
286 2961 321 3003 Ο,
344 2973 380 2993 τι
404 2973 460 2993 om.
475 2959 562 3038 §¹134
585 2958 695 2994 ἇναδί
717 2960 831 2994 οσθαι
853 2962 991 2999 ΜΕΒς
1015 2961 1179 3002 (iubemus

97 3007 191 3040 reddi
207 3007 295 3049 Iul.)]
321 3001 501 3039 ἄναδιδόσ
535 3016 565 3037 ω
583 3006 779 3039 CNomoc-''¹
796 3005 809 3050 11
827 3002 916 3052 αἰτῇ
931 3007 1030 3039 om.L
1047 3007 1060 3050 11
1078 3009 1097 3040 5
1115 3002 1176 3050 ἐφ’

98 3049 122 3086 δ
149 3053 216 3087 Cv.
231 3052 250 3085 l.
276 3051 289 3094 11
318 3053 338 3085 6
363 3063 400 3083 τι
422 3049 590 3084 τοιοῦτον
614 3050 792 3084 Nomoc.‘¹m
817 3051 829 3094 11
859 3053 877 3085 8
901 3049 925 3094 ἢ
946 3058 1021 3096 post
1043 3054 1180 3094 τίμημα

98 3111 156 3132 om.
173 3096 251 3140 B‘ll
278 3098 299 3131 9
323 3092 516 3138 διδόμενον
537 3095 621 3128 LB⁶
639 3095 651 3139 11
670 3098 708 3130 11
733 3092 766 3138 ἢ]
790 3093 870 3138 ἢτοι
891 3097 921 3129 0
942 3093 1107 3139 11τόποις]
1131 3095 1180 3129 οἴ-

97 3153 170 3176 κοις
186 3140 208 3184 ἢ
223 3139 351 3176 τόποις
370 3142 535 3175 CMonac.
551 3142 605 3183 (cf.
621 3141 666 3173 ad
677 3143 708 3182 ς)
727 3140 739 3184 11
766 3142 806 3174 12
823 3143 882 3173 καὶ
897 3139 966 3174 τὸν
979 3160 1019 3165 -—
1038 3143 1078 3176 13
1094 3152 1179 3184 συμ-

98 3186 258 3231 βολαίων
278 3199 337 3220 om.
351 3186 382 3219 L
400 3186 412 3229 11
429 3183 472 3219 τὸ
491 3184 633 3219 πάκτον
649 3185 792 3229 (ῥάοτον
807 3186 842 3227 C,
855 3188 897 3228 cf.
912 3187 958 3219 ad
969 3187 1046 3227 579,
1060 3188 1108 3227 27)
1123 3198 1178 3219 τε-

98 3232 183 3274 λεῖν]
209 3233 390 3266 secundum
408 3231 497 3273 quod
512 3230 673 3273 placitum
689 3232 740 3263 est
760 3231 837 3262 dare
858 3233 891 3262 et
911 3231 943 3271 (i.
960 3244 984 3264 e.
1006 3231 1178 3273 καθάπερ

99 3278 268 3323 συνήρεσε
293 3274 436 3311 διδόναι
459 3277 519 3309 καὶ
529 3275 557 3317 ‘?)
580 3278 716 3319 paetum
739 3275 835 3308 finire
860 3287 878 3311 ς
902 3275 914 3317 11
944 3277 983 3309 15
1008 3271 1109 3317 αὐτὸ]
1134 3274 1176 3309 τὸ

99 3319 187 3356 αὐτὸ
207 3324 258 3356 B⁶
273 3322 284 3366 11
303 3322 360 3368 τῇ]
381 3322 426 3363 τῆ
444 3317 535 3362 αὐτῆ
559 3321 591 3354 L
608 3321 620 3363 11
636 3316 820 3368 ἁγιωτάτῃ
846 3320 1138 3354 L¹²BCN0moc.m
1147 3322 1178 3362 ς]

98 3366 279 3414 ἁγιωτάτῃ
294 3365 430 3413 μεγάλη
447 3364 536 3400 MLb
554 3366 566 3409 11
586 3367 626 3400 16
642 3361 706 3399 etia
729 3367 807 3399 ε’σιν
818 3364 925 3398 οἴκοις
938 3365 1154 3399 ΕΝοηιοσ.ᾶ”’
1168 3367 1179 3403 11

101 3416 140 3448 17
163 3409 252 3446 ὅσον
271 3414 345 3451 (om
373 3411 525 3446 Νοηιοο.ιι
537 3412 605 3455 pr.)
629 3378 836 3452 thmocfi,
855 3411 920 3444 Cv.
937 3411 956 3443 l.
987 3411 999 3448 ΙΙ
1027 3412 1069 3444 20
1091 3406 1178 3444 αὐτὸ

100 3472 156 3491 om.
171 3459 225 3495 05
242 3458 254 3501 11
271 3454 481 3491 ἀναδιδότω
498 3457 566 3491 Cv.
577 3457 598 3489 l.
614 3454 627 3500 11
647 3456 688 3490 23
704 3455 742 3489 εἴ
751 3468 787 3489 τι
803 3452 843 3489 δὲ
858 3454 912 3498 011
930 3456 974 3489 24
989 3452 1179 3494 διαστίξεις

100 3505 130 3536 L
147 3503 158 3547 11
183 3505 224 3537 27
249 3502 296 3536 τὰ
320 3501 515 3548 πράγματα
537 3500 586 3535 τὰ
610 3520 651 3526 —
678 3502 721 3536 28
745 3497 919 3544 δεδομένα
942 3518 984 3524 -
1010 3495 1178 3533 ἀναδίδο-

99 3548 203 3589 σθαι]
228 3558 281 3581 res
298 3566 341 3571 —
363 3548 440 3580 data
458 3566 500 3571 —
520 3546 678 3580 reddatur
701 3558 721 3583 ς
736 3546 750 3590 11
766 3544 812 3579 τὰ
835 3544 948 3589 παρὰ]
973 3543 1018 3578 τὰ
1044 3558 1104 3578 om.
1120 3546 1149 3578 C
1168 3545 1180 3588 11

101 3595 142 3627 29
158 3592 274 3636 νόμον
290 3606 348 3626 om.
359 3593 394 3625 B
410 3592 422 3630 ΙΙ
442 3593 485 3626 32
501 3590 757 3636 φοιτησάντων
771 3591 821 3625 La
835 3590 849 3636 11
867 3592 910 3625 34
926 3588 1138 3632 ἰσχύσαντος
1156 3591 1185 3625 0

99 3651 130 3669 υ.
146 3639 165 3671 ἶ.
190 3639 202 3679 11
226 3639 269 3672 36
293 3635 446 3671 ἐδίκτων
467 3638 498 3670 L
532 3637 640 3669 edicto
663 3649 683 3673 ς’
707 3636 719 3681 11
746 3633 862 3681 μόνον
882 3636 969 3677 MC]
999 3634 1127 3679 μόνων
1147 3636 1178 3669 L

100 3682 259 3724 legitimis
282 3684 316 3725 (i.
331 3696 356 3716 e.
380 3684 555 3726 νομίμοις)
579 3694 599 3718 ς’

1316 2873 1434 2905 lrubr.
1459 2870 1589 2908 Quibus
1612 2871 1708 2914 penis
1731 2870 1914 2904 subitiatur
1940 2870 2000 2912 qui
2021 2872 2228 2914 praesentem
2249 2880 2328 2904 oon-

1249 2916 1460 2949 stitutionem
1483 2915 1666 2949 uiolauerit
1688 2916 1722 2949 R
1736 2919 1768 2950 in
1780 2928 1884 2960 marq.
1897 2916 1950 2956 (ex
1960 2915 2069 2959 Ῑιιί.)11
2093 2917 2114 2950 2
2137 2914 2206 2957 legi
2229 2916 2329 2959 only-J

1249 2961 1322 3003 lege
1337 2962 1370 2995 R
1381 2962 1444 2995 VT
1455 2960 1468 3005 11
1485 2960 1583 2994 rebus
1599 2973 1657 2994 om.
1681 2961 1715 2994 V
1726 2960 1739 3004 11
1755 2962 1774 2994 5
1791 2970 1858 3002 qua
1877 2961 1914 3002 T,
1930 2961 2024 2994 Beck
2039 2959 2053 3004 11
2068 2959 2136 2993 tale
2149 2977 2191 2984 -
2206 2961 2225 2994 '1
2239 2960 2329 3003 apud

1248 3019 1310 3040 scr.
1323 3006 1375 3040 R’
1390 3006 1424 3040 in
1440 3019 1507 3039 ras.
1523 3007 1538 3040 1
1553 3018 1599 3039 vs.
1663 3006 1684 3039 6
1707 3005 1872 3057 fructibus
1895 3004 2052 3070 temporis
2064 3003 2136 3056 ’Τῇ
2161 3006 2180 3038 7
2204 3006 2328 3046 autem]

1248 3053 1307 3084 aut
1326 3051 1391 3095 Vn
1419 3061 1495 3083 eum
1518 3049 1608 3084 R²T
1639 3049 1645 3094 1
1673 3050 1899 3083 antldotorum
1921 3050 1955 3082 T
2002 3049 2193 3082 antidotum
2217 3051 2328 3083 torum

1250 3095 1328 3140 T¹n
1348 3097 1367 3130 8
1391 3097 1450 3128 aut
1472 3095 1550 3136 alia]
1575 3094 1688 3137 aliqua
1711 3097 1783 3137 (om.
1799 3095 1871 3136 aut)
1893 3092 1987 3138 VTu
2012 3095 2032 3127 9
2057 3094 2089 3127 ei
2113 3106 2171 3128 om.
2187 3094 2265 3139 1⁷¹ss
2286 3097 2325 3130 11

1247 3140 1332 3174 locis
1353 3141 1400 3181 T]
1426 3140 1578 3173 domibus
1600 3139 1699 3182 RVn
1719 3141 1759 3173 12
1783 3138 2048 3181 emphiteotioam
2065 3139 2099 3172 R
2116 3138 2129 3183 fl
2150 3140 2187 3174 13
2211 3149 2326 3172 seeun-

1247 3185 1326 3219 dum
1348 3185 1476 3218 uirtute
1501 3184 1551 3218 Τι
1587 3185 1763 3217 ono-tem
1797 3183 1846 3216 1⁷¹
1861 3183 1874 3227 11
1901 3184 1943 3218 16
1963 3184 2169 3217 sanctissima
2191 3183 2327 3218 ecclesia

1256 3231 1307 3264 V¹
1323 3229 1336 3273 11
1361 3231 1402 3265 18
1419 3239 1470 3263 res
1484 3229 1557 3272 ipsa
1573 3228 1707 3262 ualebat
1725 3228 1781 3273 Τ11
1798 3228 1983 3272 *ypotheca
1999 3228 2104 3263 RVT
2123 3229 2328 3272 hypothecae

1247 3274 1363 3319 vui-¹¹
1391 3276 1432 3309 ¹⁹
1449 3273 2328 3364 sums-s

1246 3320 1373 3405 {gurg
1386 3318 1597 3397 iliiiigsgztur
1616 3374 1653 3396 re
1673 3363 1718 3396 3¹
1778 3365 1819 3398 25
1839 3328 2000 3397 girtutem
2022 3364 2142 3398 habere
2160 3364 2194 3398 R
2206 3365 2292 3408 vulq.
2315 3362 2328 3410 11

1248 3410 1291 3444 25
1299 3411 1387 3442 rubr.
1405 3409 1455 3441 De
1470 3408 1507 3441 ui
1522 3411 1554 3442 et
1570 3409 1731 3451 potestate
1747 3408 1998 3443 constitutionis
2016 3409 2245 3452 inperator-um
2256 3409 2326 3451 (eie,

1248 3456 1308 3498 leq.
1326 3453 1363 3486 in
1380 3456 1539 3497 tempore)
1563 3454 1598 3487 R
1617 3455 1650 3487 in
1668 3466 1769 3497 marq.
1788 3456 1841 3495 (ex
1855 3454 1934 3497 Iul.)
1959 3454 1972 3498 11
1996 3455 2038 3489 26
2062 3453 2217 3496 antiquas
2239 3453 2327 3496 leges

1246 3499 1401 3541 antiquas
1420 3499 1470 3531 Β*
1491 3499 1504 3542 11
1528 3508 1684 3532 reuocare
1710 3499 1743 3532 Τ
1758 3499 1771 3542 11
1797 3500 1839 3533 27
1864 3501 1991 3540 contra]
2015 3501 2132 3533 eontra
2155 3499 2215 3532 heo
2240 3498 2274 3532 Τ
2281 3498 2292 3519 ¹
2315 3497 2328 3543 11

1246 3544 1646 3630 uastitatem
1662 3542 1741 3632 ²54¹
1757 3543 2017 3623 suffles
2031 3543 2086 3624 ἵν’,
2113 3543 2326 3631 ‘esset

1245 3636 1376 3677 praeter
1399 3599 1581 3668 haechV
1605 3635 1683 3678 post
1705 3634 1791 3667 hano
1816 3633 1869 3668 Τ*
1902 3637 1976 3677 post
1997 3634 2061 3668 hae
2084 3587 2132 3667 7⁰⁸
2143 3634 2228 3679 τοὶς.
2244 3633 2257 3677 11
2281 3634 2321 3668 31

1246 3679 1378 3713 casibus
1403 3692 1461 3714 om.
1475 3679 1536 3724 Rss
1562 3681 1605 3714 34
1628 3679 1734 3722 legem
1755 3692 1813 3713 om.
1829 3680 1860 3713 R
2328 3705 2330 3708 -

2470 3570 2476 3589 ..
2466 3515 2476 3549 ,ἢ
2461 3408 2476 3504 ..ἰ-ἰβ’
2469 3367 2476 3393 a.
2470 3332 2476 3349 ι-
2471 3299 2476 3320 .-
2462 3252 2476 3288 ..ί-
2466 3226 2476 3236 ’.
