2476 3854
169 84 276 129 Nov.
307 83 421 128 CXV
451 86 476 126 3

168 193 314 238 σόμενοι
343 198 403 228 καὶ
429 193 489 228 διὰ
514 194 622 228 τοῦτο
647 195 685 226 ἐκ
707 193 770 235 τῆς
792 196 984 227 κοινωνίας
1013 193 1076 236 τῆς
1098 192 1247 227 καθολι-

168 241 229 282 κῆς
252 238 437 281 ἐκκλησίας
459 240 728 282 κεχωρισμένοι,
752 237 802 282 μὴ
825 237 956 277 ἐξεῖναι
981 233 1100 271 αὐτοῖς
1123 236 1249 273 ἄλλους

168 282 406 330 κληρονόμους
425 284 562 317 ἑαυτοῖς
587 283 736 316 ἐνιστᾶν
759 283 790 316 εἰ
808 282 858 326 μὴ
876 279 1007 317 παῖδας
1031 279 1248 327 ὂρθοδόξους

168 333 228 363 καὶ
243 331 287 375 τῇ
304 328 482 374 καθολικῇ
499 326 666 370 ἐκκλησίᾳ
686 329 963 369 κοινωνοῦντας,
987 323 1009 369 ἢ
1034 325 1180 362 παίδων
1199 327 1247 371 μὴ

168 374 343 408 ὑπόντων
366 373 446 407 τοὺς
469 372 508 412 ἐξ
524 369 652 418 ἅρρενο
675 375 773 406 ονίας
797 374 855 405 καὶ
877 373 915 405 ἐκ
931 370 1149 417 θηλυγονίας
1167 384 1247 418 συγ-

167 422 295 466 γενεῖς,
320 417 534 452 καθολικοὺς
558 415 647 460 δηλα
673 417 693 460 ὴ
717 415 969 463 τυγχάνοντας.
1016 417 1047 450 εἰ
1071 415 1110 450 δὲ
1132 413 1180 452 ὦς
1203 418 1248 451 εἰ·

168 464 229 498 κὸς
253 465 290 497 ἐκ
313 465 390 497 τῶν
414 460 561 497 παίδων
584 463 678 496 τινὲς
701 465 768 506 μέν
787 463 879 496 εἰσιν
903 458 1103 506 ὀρθόδοξοι
1125 465 1185 496 καὶ
1205 463 1248 508 τῇ

168 507 344 554 καθολικῇ
370 506 536 550 ἐκκλησίᾳ
559 507 831 550 κοινωνοῦντες,
863 504 966 540 ἄλλοι
991 504 1031 540 δὲ
1059 508 1097 540 ἐκ
1119 507 1250 550 ταύτης

168 555 440 598 κεχωρισμένοι,
474 553 596 586 πᾶσαν
618 551 686 595 τὴν
709 554 786 585 τῶν
808 554 947 597 γονέων
971 556 1180 597 περιουσίαν
1202 553 1249 586 εἰς

1231 79 1317 126 542

1746 94 1807 126 ΠΤ
1835 94 1930 126 CUM
1958 95 2018 125 DE
2047 94 2388 127 APPELLATIONE

1317 193 1352 227 et
1370 191 1451 227 ideo
1474 191 1520 227 ab
1536 193 1708 228 ecclesiae
1731 192 1929 228 catholicae
1954 193 2199 229 communione
2218 193 2388 239 separati,

1317 248 1387 272 non
1411 236 1517 272 liceat
1539 237 1590 272 eis
1614 238 1703 273 alios
1726 237 1874 273 heredes
1905 237 1972 272 sibi
1995 238 2179 274 instituere
2209 239 2279 275 nisi
2300 239 2388 276 libe-

1317 292 1376 317 ros
1401 281 1618 318 orthodoxos
1642 287 1679 318 et
1702 282 1875 318 ecclesiae
1905 282 2102 318 catholicae
2126 283 2388 320 communican-

1317 331 1381 369 tes,
1405 326 1459 361 vel
1479 326 1598 362 liberis
1622 337 1693 363 non
1716 326 1950 363 existentibus
1974 332 2122 380 agnatos
2145 328 2200 364 vel
2219 330 2389 380 cognatos

1285 376 1302 406 5
1317 371 1377 416 qui
1402 370 1540 406 scilicet
1563 372 1729 407 catholici
1753 372 1833 407 sint.
1883 371 2016 416 Quodsi
2038 372 2131 409 forte
2157 382 2200 408 ex
2222 372 2304 409 filiis
2328 373 2390 410 alii

1318 415 1457 460 quidem
1481 419 1566 451 sunt
1589 416 1777 452 orthodoxi
1806 420 1843 452 et
1874 417 2046 452 ecclesiae
2076 417 2272 453 catholicae
2294 428 2389 453 com-

1316 461 1535 496 municantes
1560 461 1621 496 alii
1643 472 1724 498 vero
1756 462 1801 497 ab
1826 471 1869 497 ea
1892 461 2065 507 separati,
2098 472 2237 498 omnem
2259 472 2389 508 paren-

1316 509 1391 541 tum
1426 506 1663 542 substantiam
1697 506 1742 542 ad
1777 507 1869 542 filios
1904 510 2043 542 tantum
2079 507 2275 544 catholicos

1317 551 1435 585 venire
1459 550 1653 594 sancimus,
1685 551 1769 587 licet
1792 551 1935 588 ultimas
1966 553 2165 588 voluntates
2187 551 2391 589 huiusmodi

167 599 250 632 τοὺς
273 595 403 632 παῖδας
426 599 486 630 καὶ
509 597 626 640 μόνον
655 597 735 630 τοὺς
758 595 974 630 καθολικοὺς
994 597 1247 651 περῳρχεσθαι
1267 600 1303 630 10
1316 605 1490 640 personae
1514 595 1664 631 fecerint
1687 600 1811 632 contra
1833 599 1992 632 tenorem
2015 597 2120 632 huius
2142 601 2287 633 nostrae
2303 607 2389 633 con-

168 643 403 685 θεσπίζομεν,
435 643 465 675 εἰ
497 645 558 675 καὶ
586 640 790 676 τελευταίας
818 640 1004 686 βουλήσεις
1025 653 1073 675 τα
1096 643 1248 676 τοιαῦτα

168 686 343 741 πρόςωπα
368 686 584 730 ποιήσαιντο
607 686 706 731 παρὰ
731 686 800 729 τὴν
825 684 981 729 δύναμιν
995 686 1128 729 ταύτης
1143 684 1248 730 ἡμῶν

167 744 231 775 της
251 731 446 772 διατάξεως
463 729 714 766 διατυπούσας.
753 732 784 765 εἰ
801 729 840 765 δὲ
860 730 951 774 μετὰ
967 732 1083 766 ταῦτα
1098 731 1134 765 οἱ
1148 729 1248 766 ἀδελ-

168 780 230 823 φοὶ
261 776 296 811 οἱ
324 779 387 820 τῆς
410 776 593 831 ἐκκλησίας
623 779 877 830 κεχωρισμένοι
909 777 970 811 ἐπὶ
998 776 1136 820 ταύτην
1161 773 1247 810 ἀνα-

1317 640 1510 676 stitutionis
1535 641 1669 686 aliquid
1692 641 1928 686 disponentes.
1977 641 2015 677 Si
2034 652 2116 678 vero
2141 642 2292 687 posthac
2314 642 2388 678 fra·

1316 690 1389 720 tres
1422 685 1467 720 ab
1499 686 1652 721 ecclesia
1683 687 1840 738 separati
1871 686 1917 722 ad
1947 696 2025 722 eam
2055 687 2216 723 conversi
2245 687 2390 730 fuerint,

1317 740 1400 775 pars
1424 730 1474 766 eis
1498 735 1701 776 competens
1729 742 1766 766 m
1789 735 1885 767 statu
1913 742 1982 776 quo
2005 732 2149 768 inventa
2171 732 2280 768 fuerit
2301 736 2389 768 tem-

1317 785 1403 820 pore
1438 785 1508 820 quo
1543 775 1703 811 redditur
1741 776 1791 812 eis
1830 776 2060 821 praebeatur,
2098 779 2140 812 ut
2173 777 2306 812 nullam
2344 777 2390 814 de

168 825 379 877 are-{wopam
410 835 452 856 το
477 822 638 875 αρμόζον
670 824 788 876 αυτοῖς
809 824 913 866 μέρος
945 823 984 854 ἐν
1008 822 1060 864 τῷ
1084 833 1106 855 σ
1129 819 1248 865 ἠματι,
1264 824 1303 856 15
1317 820 1492 856 fructibus
1522 825 1584 855 aut
1606 821 1861 865 gubernatione
1890 822 1997 857 medii
2019 821 2188 866 temporis
2210 821 2387 876 inquietu—
2447 860 2450 862 ,

168 869 208 901 ἐν
224 881 253 910 ῳ
271 867 437 912 ευρεθείη
461 879 553 900 κατα
580 867 646 901 τὸν
669 879 800 911 χρόνον
831 862 922 900 καθ’
949 863 995 900 ὃν
1019 862 1092 901 ἀπο
1118 864 1248 910 ι’δοται,

167 913 306 946 τούτοις
336 911 576 956 παρέχεσθαι,
613 907 702 945 ὥςτε
731 909 910 956 μηδεμίαν
945 914 1028 957 περὶ
1056 913 1134 946 τῶν
1164 925 1247 956 καρ-

168 958 251 991 πῶν
282 954 305 999 ἢ
334 958 397 999 τῆς
428 954 635 999 διοικήσεως
664 958 729 990 τοῦ
758 959 868 1001 μέσου
897 953 1028 1001 χρόνου
1054 955 1202 999 ὄχλησιν
1225 953 1248 999 ἢ

168 1001 373 1044 ἐπάχθειαν
407 1001 489 1035 τοὺς
523 1000 740 1035 καθολικοὺς
775 998 969 1045 ὑπομένειν
1003 1001 1085 1036 τοὺς
1119 1000 1248 1045 πρώην

1317 866 1433 901 dinem
1469 866 1524 900 vel
1559 866 1756 901 molestiam
1792 866 1958 902 catholici
1992 867 2175 911 patiantur
2235 877 2274 902 m
2307 870 2390 904 ante

1316 910 1517 955 praedictas
1535 920 1592 946 res
1610 911 1825 954 detinebant,
1851 911 2016 956 quoniam
2039 911 2202 947 huiusmo
2229 912 2238 921 ⁸
2259 921 2389 955 rerum,

1317 965 1405 1000 quas
1439 965 1483 991 ex
1518 955 1668 991 fratrum
1706 958 1809 1001 parte
1848 967 1921 992 non
1961 956 2296 993 communicantium
2329 967 2389 993 ca-

1316 1000 1439 1036 tholici
1469 1000 1714 1045 possidebant,
1748 1000 1842 1036 sicut
1872 1001 2123 1037 alienationem
2150 1002 2310 1038 vetamus
2339 1002 2391 1037 ita

167 1046 219 1100 vo}
229 1046 531 1099 μνημονευθέντα
550 1044 1100 1101 προίγματαυδιακρατήσριντας,
1123 1044 1246 1089 ἐπειδὴ
1262 1047 1303 1080 20
1315 1046 1586 1090 praeteritorum
1606 1050 1805 1091 temporum
1835 1045 1975 1082 fructus
2004 1048 2070 1082 aut
2098 1046 2391 1091 gubernationem

167 1105 245 1126 των
267 1103 445 1126 τοιούτων
467 1103 704 1138 πραγματων,
735 1104 844 1126 ατινα
874 1093 913 1125 ἐκ
939 1102 1001 1134 της
1023 1095 1148 1137 μοίρας
1170 1093 1248 1126 τῶν

168 1134 337 1183 ἀδελφῶν
364 1137 443 1171 τῶν
477 1136 525 1180 μὴ
558 1134 836 1171 κοινωνούντων
865 1136 901 1170 οἱ
926 1132 1123 1182 ὃρθόδοξοι
1146 1133 1247 1179 ἐκτή-

168 1193 291 1223 σαντο,
316 1177 436 1227 ὥςπερ
456 1181 523 1224 τὴν
540 1182 728 1224 ἐκποίησιν
750 1181 945 1225 κωλύομεν,
969 1178 1067 1216 οὕτω
1090 1185 1151 1215 καὶ
1170 1182 1247 1215 τῶν

167 1226 453 1280 παρελθόντωνὶ
468 1223 614 1281 χρόνων
642 1226 724 1282 τοὺς
751 1226 907 1270 κοαρποὺς
938 1224 960 1269 ἢ
982 1226 1051 1281 τὴν
1072 1225 1248 1270 διοίκησιν

1316 1091 1517 1126 nullatenus
1548 1091 1594 1126 ab
1618 1090 1674 1126 his
1698 1100 1721 1126 a
1744 1090 1872 1135 quibus
1904 1091 2068 1127 detentae
2098 1094 2183 1127 sunt
2213 1091 2306 1136 exigi
2335 1091 2391 1128 vel

1315 1136 1503 1171 retractari
1538 1135 1785 1189 permittimus.
1834 1135 1872 1171 si
1906 1139 2025 1171 autem
2059 1145 2172 1182 usque
2204 1136 2252 1171 ad
2285 1136 2390 1172 finem

1316 1181 1408 1215 vitae
1431 1190 1518 1216 suae
1540 1191 1577 1215 1n
1602 1181 1723 1216 eodem
1748 1191 1868 1217 errore
1890 1191 1962 1217 non
1986 1181 2287 1218 communicantes
2307 1192 2390 1227 per-

1317 1226 1522 1267 manserint,
1555 1230 1642 1261 tunc
1666 1225 1862 1262 catholicos
1893 1226 2023 1262 fratres
2046 1226 2101 1262 vel
2122 1226 2271 1262 heredes
2293 1226 2306 1261 i
2332 1236 2390 1263 so·

167 1269 330 1315 οὐδαμῶς
361 1283 460 1317 παρα
481 1284 625 1305 τουτων
655 1285 706 1318 υφ
750 1272 804 1306 ὠν
829 1269 1052 1316 διεκρατηθη
1084 1270 1247 1318 εἰςπράτ-
1261 1272 1303 1306 25
1315 1281 1393 1306 rum
1425 1270 1628 1315 plenissimo
1659 1271 1736 1306 iure
1767 1271 1912 1306 dominii
1946 1271 2088 1306 easdem
2118 1281 2177 1307 res
2207 1271 2306 1316 possi
2332 1281 2392 1308 ere

166 1317 302 1351 τεσθαι
325 1314 348 1360 ἢ
371 1313 440 1351 ἀνα
496 1315 689 1362 λαφᾶσθαι
713 1313 910 1361 κελεύομεν.
959 1317 990 1350 εἰ
1011 1314 1050 1350 δὲ
1064 1319 1165 1362 μέχρι
1183 1317 1246 1350 τοῦ

167 1365 318 1407 πέρατος
341 1363 403 1405 τῆς
426 1363 438 1395 ἰ
464 1365 518 1395 ίας
542 1363 635 1405 ζωῆς
658 1363 698 1396 ἐν
721 1363 765 1409 τῇ
792 1358 884 1409 αὐτῇ
913 1360 1031 1410 πλάνῃ
1055 1361 1091 1396 οἱ
1111 1361 1159 1406 μὴ
1177 1374 1247 1396 κοι-

166 1409 366 1441 νωνοῦντες
397 1403 745 1460 διαμείναιεν,,τότε
775 1407 858 1441 τοὺς
889 1404 1112 1461 ὅρᾷοδόξους
1145 1402 1247 1441 ἀδελ-

1316 1316 1547 1352 decernimus.
1596 1316 1730 1360 Quodsi
1759 1315 1825 1351 filii
1855 1316 1994 1361 quidem
2026 1326 2146 1352 omnes
2169 1316 2326 1361 perversi
2355 1320 2392 1353 et

1314 1361 1360 1396 ab
1395 1361 1567 1396 ecclesiae
1602 1361 1801 1397 catholicae
1835 1361 2082 1397 communione
2116 1361 2223 1397 alieni
2255 1361 2391 1398 inventi

1315 1406 1459 1448 fuerint,
1483 1406 1544 1441 alii
1566 1410 1685 1442 autem
1708 1406 1900 1451 propinqui
1922 1407 2045 1451 agnati
2066 1406 2122 1443 vel
2145 1406 2287 1451 cognati
2308 1406 2390 1443 reli-

194 1452 254 1486 οὺς
284 1450 308 1495 ἢ
339 1451 578 1498 κληρονόμους
613 1453 734 1486 αυτῶν
770 1450 1006 1497 πληρεστατῳ
1039 1450 1247 1487 δεσποτείας
1314 1451 1452 1496 gionem
1484 1451 1695 1486 catholicam
1728 1451 1886 1487 colentes
1919 1454 1955 1488 et
1987 1451 2287 1488 communicantes
2310 1461 2391 1489 esse

167 1466 295 1540 δικαίῳ
331 1496 378 1531 τοὶ
415 1493 507 1530 αὐτοὶ
544 1495 740 1551 πρᾴγματα
774 1497 977 1540 κεκτῆσθαι
1011 1497 1245 1541 θεσπίζομεν.
1260 1498 1301 1531 30
1314 1497 1449 1532 fuerint
1471 1496 1679 1542 approbati,
1712 1506 1773 1532 eos
1797 1497 1918 1532 liberis
1945 1496 2133 1532 haereticis
2156 1497 2325 1542 anteponi
2354 1498 2391 1533 et

166 1543 197 1576 εἰ
218 1540 258 1575 δὲ
276 1541 313 1576 οἱ
328 1539 452 1577 παῖδες
474 1543 541 1585 μὲν
557 1553 689 1576 παντες
713 1540 988 1588 διεστραμμένοι
1011 1546 1071 1576 καὶ
1093 1543 1156 1585 τῆς
1175 1555 1246 1576 κοι-

165 1590 300 1621 νωνίας
323 1588 386 1630 τῆς
408 1585 604 1630 καθολικῆς
636 1585 818 1630 ἐκκλησίας
841 1585 1022 1635 ἀλλότριοι
1052 1586 1246 1633 εὑρεθεῖεν,

165 1631 266 1666 ἄλλοι
297 1630 336 1666 δὲ
367 1628 555 1678 ἐγγύτατοι
590 1644 656 1678 συγ
679 1635 767 1666 ενεῖς
803 1632 843 1672 ἐξ
874 1629 1125 1679 ἀρρενογονίας
1154 1630 1177 1676 ἢ
1207 1633 1246 1666 ἐκ

165 1676 384 1724 θηλυγονίας
406 1675 475 1719 τὴν
499 1672 641 1721 όρθόδο
664 1689 707 1711 ον
731 1681 857 1712 πίστιν
879 1678 1054 1722 τιμῶντες
1084 1680 1144 1711 καὶ
1175 1690 1246 1711 κοι-

1315 1552 1438 1578 eorum
1469 1541 1658 1579 hereditati
1689 1541 1890 1578 succedere.
1935 1541 1974 1579 Si
2004 1551 2086 1579 vero
2115 1541 2219 1579 liberi
2247 1545 2284 1579 et
2307 1551 2389 1589 pro·

165 1726 314 1756 νωνικοὶ
338 1722 431 1756 εἶναι
456 1718 722 1763 ἀποδειχθεῖεν,
745 1721 891 1756 τούτους
911 1724 988 1756 τῶν
1007 1720 1152 1758 παίδων
1171 1723 1247 1757 τῶν
1259 1725 1303 1759 35

166 1767 359 1813 αἱρετικῶν
388 1767 644 1813 προτιμᾶσθαι
675 1770 734 1800 καὶ
765 1766 833 1810 τὴν
858 1765 981 1802 αὐτῶν
1011 1766 1247 1810 διαδέχεσθαι

166 1811 414 1859 κληρονομίαν.
462 1811 493 1844 εἰ
524 1809 565 1845 δὲ
595 1814 656 1845 καὶ
686 1810 723 1845 οἱ
751 1810 876 1847 παῖδες
907 1815 968 1847 καὶ
995 1812 1031 1847 οἱ
1059 1811 1246 1859 ἐγγύτατοι

227 1905 268 1937 37
299 1904 461 1944 -543,8
485 1904 690 1936 summarium
713 1902 790 1936 Ath.
815 1904 967 1947 repetitur
990 1904 1024 1937 in
1043 1903 1213 1947 paratitlis
1236 1903 1312 1937 Ath.
1326 1905 1346 1938 2
1362 1908 1378 1944 §
1394 1912 1421 1938 Ί.

164 2035 188 2059 a
210 2024 457 2060 communione
479 2023 681 2060 catholicae
703 2024 874 2060 ecclesiae
897 2024 1077 2070 separati,
1109 2035 1184 2059 non
1208 2024 1315 2061 liceat
1344 2025 1390 2061 iis
1412 2024 1507 2061 alios
1528 2024 1597 2061 sibi
1619 2024 1768 2062 heredes
1797 2026 1986 2063 instituere
2016 2026 2086 2062 nisi
2114 2026 2246 2063 liberos
2267 2027 2390 2064 ortho-

164 2068 286 2104 doxos
308 2073 344 2104 et
366 2068 569 2105 catholicae
590 2069 762 2105 ecclesiae
785 2069 1032 2105 communione
1054 2072 1205 2111 utentes,
1229 2074 1295 2106 aut
1317 2069 1439 2106 liberis
1461 2081 1536 2106 non
1559 2071 1770 2107 extantibus
1792 2082 1842 2107 ex
1863 2070 1913 2106 ad
1937 2072 2085 2107 natione
2107 2071 2163 2108 vel
2185 2082 2234 2108 ex
2256 2083 2300 2108 co
2327 2083 2390 2108 na-

166 2115 262 2161 tione
279 2114 624 2166 propinquos,.qui
652 2114 788 2150 scilicet
817 2114 989 2150 catholici
1015 2114 1099 2150 sint.

1144 2113 1283 2157 Quodsi
1315 2119 1356 2150 ut
1384 2115 1428 2160 fit
1458 2126 1509 2151 ex
1541 2115 1662 2151 liberis
1691 2116 1757 2152 alii
1787 2115 1893 2152 ortho
1921 2116 1987 2153 oxi
2015 2120 2100 2151 sunt
2126 2120 2164 2152 et
2192 2116 2299 2153 catho
2315 2118 2393 2154 icae

164 2159 334 2195 ecclesiae
364 2169 615 2194 communione
645 2164 807 2202 utuntur,
840 2159 906 2195 alii
935 2163 1054 2195 autem
1086 2158 1131 2195 ab
1163 2171 1207 2195 ea
1239 2160 1403 2206 separati
1425 2164 1529 2202 sunt,
1561 2171 1699 2196 omnem
1727 2165 1920 2207 parentum
1949 2160 2186 2197 substantiam
2215 2161 2267 2198 ad
2292 2162 2393 2199 soloe

165 2204 297 2239 liberos
320 2204 519 2239 catholicos
539 2204 730 2251 pervenire
752 2204 946 2246 sancimus,
977 2205 1121 2240 etiamsi
1141 2205 1316 2240 eiusmodi
1341 2216 1522 2252 personae
1552 2205 1700 2242 ultimas
1728 2206 1931 2242 voluntates
1958 2206 2117 2251 fecerint
2147 2217 2242 2253 quae
2263 2211 2393 2244 contra

164 2249 234 2285 vim
257 2248 365 2284 huius
387 2249 656 2285 constitutionis
678 2255 827 2285 nostrae
844 2249 1090 2296 praecipiant.
1136 2248 1179 2285 Si
1202 2261 1285 2286 vero
1311 2255 1444 2297 postea
1472 2251 1615 2296 fratres
1645 2251 1690 2287 ab
1721 2251 1873 2288 ecclesia
1901 2251 2065 2298 separati
2094 2251 2144 2287 ad
2172 2262 2252 2288 eam
2274 2262 2392 2289 rever-

167 2294 287 2337 terint,
308 2295 434 2340 portio
459 2295 504 2329 iis
527 2294 646 2330 debita
670 2295 708 2330 in
731 2306 774 2330 eo
798 2298 915 2336 statu,
938 2294 977 2329 in
998 2305 1071 2341 quo
1094 2294 1239 2331 inventa
1260 2295 1379 2341 fuerit
1401 2306 1473 2342 quo
1498 2299 1657 2342 tempore
1680 2296 1854 2338 redditur,
1886 2297 1932 2332 iis
1949 2296 2185 2343 praebeatur,
2214 2300 2256 2333 ut
2276 2299 2393 2334 tamen

164 2339 301 2374 nullum
325 2338 369 2374 de
390 2339 573 2384 fructibus
602 2339 659 2375 vel
686 2339 731 2375 de
754 2339 1070 2375 administratione
1099 2339 1207 2376 medii
1237 2341 1409 2386 temporis
1439 2340 1703 2376 incommodum
1731 2341 1974 2378 molestiamve
2004 2341 2176 2377 catholici
2197 2341 2394 2389 patiantur

165 2385 229 2430 qui
246 2384 458 2431 praedictas
481 2396 541 2420 res
556 2385 667 2437 prius
690 2384 930 2427 detinuerant,
964 2385 1138 2431 quoniam
1161 2385 1335 2421 eiusmodi
1359 2396 1497 2428 rerum,
1530 2396 1623 2432 quas
1644 2396 1695 2422 ex
1745 2386 1885 2422 ortione
1913 2387 2075 2432 fratrum
2099 2386 2201 2422 nulla
2223 2386 2394 2424 ecclesiae

165 2430 414 2465 communione
444 2434 619 2465 utentium
651 2429 850 2465 orthodoxi
880 2430 1167 2475 acquisiverunt,
1197 2430 1293 2466 sicut
1323 2430 1576 2467 alienationem
1603 2430 1712 2477 proha
1737 2441 1846 2474 emus,
1881 2431 1935 2467 ita
1965 2442 2010 2467 ne
2025 2431 2222 2478 praeteriti
2276 2431 2393 2468 uidem

166 2475 338 2520 temporis
359 2475 507 2520 fructus
530 2475 587 2511 vel
608 2474 956 2510 administrationem
979 2475 1056 2511 ullo
1079 2475 1186 2511 modo
1210 2475 1255 2510 ab
1279 2476 1325 2511 iis
1356 2477 1420 2522 qui
1442 2486 1506 2512 eas
1529 2474 1770 2518 detinuerunt,
1801 2476 1904 2524 exiqi
1927 2475 1984 2512 vel
2004 2476 2199 2512 retractari
2221 2476 2236 2512 i
2283 2487 2392 2513 emus.

165 2518 302 2562 Quodsi
319 2530 432 2565 usque
447 2519 496 2555 ad
508 2520 616 2565 finem
641 2521 734 2555 vitae
757 2530 846 2555 suae
870 2521 907 2555 in
928 2519 1049 2556 eodem
1073 2531 1198 2556 errore
1220 2521 1248 2555 ii
1267 2521 1331 2567 qui
1350 2520 1519 2557 ecclesiae
1542 2522 1790 2558 communione
1812 2531 1887 2557 non
1901 2525 2055 2557 utuntur
2071 2521 2393 2569 perseveraverint,

166 2568 240 2599 tum
262 2563 492 2600 orthodoxos
512 2566 654 2610 fratres
676 2565 731 2601 vel
749 2564 898 2601 heredes
920 2575 1043 2600 eorum
1061 2565 1273 2611 plenissimo
1297 2566 1447 2601 dominii
1469 2566 1549 2600 iure
1568 2565 1710 2601 easdem
1733 2577 1793 2602 res
1808 2566 2000 2613 possidere
2018 2567 2209 2602 sancimus.
2245 2565 2288 2603 Si
2307 2577 2392 2604 vero

166 2608 268 2644 liberi
289 2608 431 2654 quidem
452 2620 574 2646 omnes
586 2610 753 2656 perversi
776 2613 887 2656 atque
901 2621 925 2645 a
941 2611 1189 2646 communione
1209 2610 1410 2647 catholicae
1429 2610 1600 2647 ecclesiae
1619 2611 1730 2648 alieni
1748 2613 1887 2658 reperti
1900 2611 1985 2654 sint,
2009 2611 2073 2647 alii
2092 2614 2211 2648 autem
2225 2611 2394 2660 proximi

165 2663 216 2689 ex
238 2653 461 2699 adqnatione
489 2659 553 2690 aut
577 2665 626 2691 ex
649 2655 868 2701 cognatione
899 2654 1144 2691 orthodoxam
1170 2655 1279 2700 sidem
1302 2656 1421 2692 colere
1449 2659 1487 2692 et
1507 2656 1545 2691 in
1568 2655 1739 2693 ecclesiae
1761 2656 2009 2693 communione
2038 2667 2116 2693 esse
2133 2655 2285 2703 probati
2307 2657 2392 2700 sint,

167 2698 204 2732 hi
228 2698 350 2733 liberis
373 2698 563 2735 haereticis
578 2705 862 2746 praeponantur
884 2705 922 2735 et
942 2700 981 2735 in
1002 2710 1128 2736 eorum
1152 2700 1385 2737 hereditatem
1407 2700 1613 2737 succedant.
1659 2700 1703 2737 Si
1722 2712 1805 2739 vero
1829 2705 1864 2738 et
1883 2700 1986 2737 liberi
2004 2706 2041 2738 et
2055 2702 2223 2748 proximi
2242 2700 2395 2748 adgnati

234 2835 251 2868 1
275 2831 483 2874 καθολικῆς]
508 2831 530 2865 ἁ
555 2836 608 2867 ias
630 2834 662 2868 A
685 2834 697 2878 11
723 2835 743 2867 2
769 2833 829 2880 ἐξῇ
855 2834 912 2867 Pr.
923 2835 1072 2878 plerique
1087 2832 1246 2890 11,αύτοὺς
1313 2835 1507 2869 τοιαῦταΑ
1524 2836 1537 2878 11
1554 2837 1595 2870 31
1637 2837 1677 2869 ἐν
1694 2849 1752 2869 om.
1767 2836 1798 2870 L
1815 2836 1829 2880 Π
1845 2832 1976 2870 πάντες
1992 2848 2050 2870 om.
2065 2836 2108 2870 M
2119 2836 2132 2879 11
2151 2837 2194 2871 32
2209 2834 2393 2878 ἐκκλησίας

167 2878 209 2920 A,
232 2878 288 2911 Pr.
298 2879 446 2921 plerique
461 2880 473 2919 11
491 2876 513 2910 ἇ
537 2877 614 2911 λους
638 2892 696 2912 om.
710 2879 767 2913 Pr.
777 2892 806 2912 v.
818 2881 836 2911 l.
855 2878 868 2922 11
886 2880 905 2912 3
930 2879 1066 2913 ἑαυτοῖς
1090 2881 1246 2914 ανιστᾶν
1315 2893 1372 2914 om.
1389 2880 1454 2924 Ep.
1472 2879 1485 2925 11
1504 2881 1547 2915 33
1571 2877 1594 2913 ἄ
1618 2878 1671 2914 λοι
1696 2878 1736 2914 δὲ
1761 2900 1799 2905 -—
1827 2882 1870 2914 35
1889 2877 2143 2922 ἇποὸειχθσῖεν
2166 2894 2224 2915 om.
2238 2881 2360 2915 Nom.⁷²¹
2379 2882 2391 2926 11

167 2924 200 2957 L
224 2922 373 2957 ἐνιστᾶν
388 2922 524 2979 έαρτοξς
548 2923 662 2956 Nom.‘¹
682 2923 695 2968 11
725 2926 747 2958 4
769 2925 1045 2966 κοινωνοῦντας]
1070 2927 1246 2971 συγγενεῖς
1314 2925 1353 2958 ἐκ
1377 2938 1435 2958 om.
1449 2925 1606 2959 Alvand
1623 2925 1642 3003 11
1661 2927 1703 2960 34
1723 2921 1944 2970 ὅρθόδοξον]
1965 2925 2160 2978 catholicam
2180 2924 2227 2969 efl
2252 2926 2312 2958 καὶ
2332 2938 2391 2959 σοι.

168 2969 291 3003 Νοηι.1η
316 2967 329 3012 11
351 2970 369 3001 5
382 2969 455 3009 και]
479 2981 501 3009 η
515 2969 545 3001 A
561 2968 573 3012 11
592 2969 630 3001 ἐκ
647 2982 705 3002 om.
721 2970 749 3002 A
762 2969 820 3002 Pr.
830 2969 894 3013 Ep.
908 2969 1050 3003 Νοηι.(ῑ’η
1075 2969 1089 3014 11
1117 2970 1245 3004 cua-fr-
1313 2970 1345 3003 A
1365 2969 1378 3014 11
1404 2972 1447 3005 35
1471 2969 1576 3010 εἶναι]
1608 2982 1624 3002 ε
1639 2982 1679 3003 εν
1703 2973 1763 3003 καὶ
1786 2970 1843 3004 Pr.
1857 2971 1922 3013 Ep.
1949 2969 1962 3014 11
1984 2982 2060 3004 των
2083 2967 2231 3003 παίδων
2254 2981 2313 3003 om.
2333 2969 2390 3004 Pr.

168 3011 315 3054 ολικοὺς]
341 3008 563 3058 όρθοδόξους
581 3014 640 3046 Pr.
654 3015 718 3056 Ep.
739 3012 788 3056 119
812 3013 859 3046 εἰς
882 3013 976 3055 τοὺς]
1000 3013 1084 3049 τοὺς
1107 3028 1165 3048 om.
1181 3018 1212 3049 A
1234 3017 1245 3056 11

170 3061 211 3093 10
234 3056 365 3102 μόνους
388 3059 445 3091 Ρν.
465 3071 556 3099 unua,
581 3059 645 3111 Ep.
677 3059 690 3099 11
717 3057 799 3091 τοὺς
823 3054 1042 3101 ὀρθοδόξους
1066 3060 1123 3093 Pr.
1143 3060 1208 3103 E'p.
1232 3059 1245 3105 11

168 3102 340 3147 ἔρχεσθαι
352 3103 418 3147 Ep.
436 3103 449 3146 11
468 3105 506 3137 11
525 3101 711 3146 κελεύομεν
723 3103 754 3135 A
770 3102 783 3146 11
800 3102 927 3145 βουλῆς
950 3104 998 3137 εἰς
1021 3102 1067 3137 τὰ
1089 3105 1210 3138 Nom.⁷'²
1235 3112 1247 3150 11

172 3151 211 3183 12
235 3146 450 3191 ποιήσαιντο
482 3146 687 3190 (ποιήσαιτο
710 3160 739 3181 v.
766 3149 801 3189 t.)
824 3148 895 3189 Pr.]
931 3148 1141 3189 ποιήσοιντο
1165 3150 1245 3183 ML

168 3193 309 3228 Νονηψη
333 3192 552 3236 ἐποιήσαντο
576 3195 607 3226 Α
632 3194 643 3236 11
664 3189 796 3234 ταύτης
818 3189 924 3235 ἡμῶν
945 3193 1017 3234 τῆς]
1042 3194 1103 3234 τῆς
1125 3193 1246 3227 τοιαύ-
1314 3192 1393 3237 ΙίἸ
1416 3194 1436 3227 5
1455 3193 1523 3225 sint
1543 3192 1682 3235 Vvalq.]
1705 3195 1785 3225 sunt
1809 3192 1902 3235 RTn
1923 3192 1970 3225 ali
1991 3193 2039 3226 R¹
2058 3192 2071 3237 11
2094 3194 2114 3227 6
2137 3193 2206 3227 sint
2232 3194 2289 3238 Τ11
2313 3196 2331 3228 7
2353 3205 2392 3230 eo

167 3250 229 3281 της
251 3237 357 3282 ἡμῶν
380 3240 411 3271 A
430 3238 442 3282 11
460 3239 501 3273 13
526 3235 829 3272 διατυποῦσαντες
842 3238 890 3271 12¹
907 3238 919 3280 11
936 3238 978 3279 εἰ]
995 3236 1031 3270 οἱ
1045 3238 1093 3271 L¹
1111 3239 1123 3280 11
1139 3237 1174 3272 οἱ
1185 3240 1247 3281 τῆς
1314 3238 1346 3271 R
1363 3237 1376 3281 11
1397 3236 1541 3281 separati
1564 3238 1704 3277 omnem]
1738 3237 1981 3281 separationem
2002 3238 2056 3271 T⁰
2079 3238 2287 3282 separatione
2307 3237 2358 3274 T⁶
2381 3239 2394 3284 11

168 3281 352 3326 ἐκκλησίας
375 3285 628 3327 κεχωρισμένοι
659 3280 806 3327 ἀδελφοὶ
828 3283 860 3315 Α
885 3282 898 3325 11
925 3284 965 3316 14
989 3279 1246 3327 ἀναστρέφωσι
1313 3282 1533 3316 substantiam
1544 3284 1721 3324 parentum
1736 3283 1791 3325 Τ11
1810 3284 1829 3316 8
1842 3285 1954 3316 tamen
1966 3282 2194 3317 catholicosR
2210 3284 2391 3318 catholicos

169 3330 291 3364 Νονη.7η
300 3330 365 3382 Ep.
390 3329 647 3383 tntarqe'ipozgyi
661 3328 718 3361 Pr.
728 3340 756 3361 v.
768 3328 787 3361 l.
805 3326 879 3381 1115
892 3324 1076 3371 ἁρμόττον
1089 3328 1146 3360 Pr.
1157 3330 1221 3381 ξρ.
1235 3330 1245 3372 11
1312 3328 1442 3360 tantum
1465 3328 1588 3368 (tamen
1608 3327 1668 3369 T1)
1695 3327 1750 3371 Τ11
1771 3330 1811 3361 10
1832 3337 1989 3369 personae
2014 3341 2073 3363 om.
2097 3329 2153 3373 Vll
2171 3330 2212 3364 12
2236 3339 2308 3363 eam
2331 3342 2391 3364 om.

1313 3027 1404 3055 unus,
1428 3014 1506 3048 τῶν
1530 3028 1588 3048 om.
1601 3016 1662 3058 Α11
1687 3016 1728 3049 37
1749 3012 2000 3058 κληρονομίαν]
2023 3010 2212 3057 κελεύομεν
2234 3015 2357 3049 add.A
2379 3014 2392 3060 11

1313 3061 1373 3092 καὶ
1393 3071 1451 3092 om.
1466 3059 1523 3092 Pr.
1538 3071 1629 3100 unus,
1643 3071 1663 3096 ς
1677 3059 1690 3099 ΙΙ
1708 3057 1745 3092 οἱ
1765 3072 1824 3093 om.
1839 3060 1869 3092 A
1885 3060 1897 3101 11
1920 3061 1981 3091 καὶ
2005 3072 2063 3092 om.
2082 3059 2132 3093 L⁰

1372 3149 1393 3182 2
1409 3147 1545 3181 heredes
1560 3147 1644 3181 alios
1659 3147 1692 3181 Τ
1702 3148 1715 3191 11
1733 3148 1753 3181 3
1770 3147 1922 3181 ecclesias
1944 3148 2001 3190 Vll
2017 3149 2037 3182 4
2055 3147 2105 3181 vel
2120 3147 2247 3190 liberis]
2264 3148 2318 3183 vel
2332 3162 2390 3183 om.

171 3375 213 3408 16
237 3386 328 3407 κατα
353 3374 421 3407 τὸν
436 3386 569 3418 χρόνον
591 3386 636 3407 ον
659 3374 716 3406 Pr.
733 3373 883 3416 plerique
920 3368 1013 3405 καθ’
1040 3369 1086 3405 ὃν
1114 3385 1246 3417 χρονον
1316 3372 1365 3405 Τ1
1422 3373 1462 3405 13
1487 3371 1599 3413 fuerit]
1631 3374 1710 3405 sunt
1738 3373 1770 3405 T
1787 3374 1800 3414 11
1828 3374 1871 3407 14
1895 3373 2023 3406 reditur
2048 3374 2080 3407 R
2114 3373 2241 3407 reditus
2265 3374 2321 3418 Τ11
2339 3376 2390 3416 ut]

169 3420 201 3452 A
225 3419 301 3471 11117
330 3415 428 3460 ὥςτε]
459 3416 507 3452 ὠς
530 3420 588 3452 Ρν.
606 3418 620 3463 11
638 3420 677 3454 19
701 3417 782 3451 τοὺς
804 3413 1023 3462 ὄρθοδόξους
1045 3417 1101 3450 Pr.
1127 3418 1140 3462 11
1165 3418 1246 3451 τοὺς
1313 3418 1347 3450 et
1405 3417 1446 3459 111
1467 3418 1505 3449 17
1530 3426 1581 3449 res
1603 3417 1647 3458 V]
1673 3417 1815 3450 om.RT
1835 3416 1840 3461 1
1872 3417 2072 3460 huiusmodi]
2097 3419 2286 3452 huiusmodi
2310 3429 2390 3452 uero

169 3467 309 3509 πρωην]
334 3460 381 3497 ὠς
404 3463 533 3509 πρώην
555 3464 615 3508 Α11
641 3465 682 3498 20
707 3459 842 3505 ἐπειδὴ]
875 3463 936 3496 ἐπὶ
960 3459 999 3495 δὲ
1022 3463 1053 3495 A
1069 3462 1082 3505 11
1108 3463 1150 3496 22
1174 3475 1244 3496 κοι-

170 3507 403 3550 νωνούντων]
436 3510 479 3552 τῆ
512 3507 680 3552 ἐκκλησία
705 3510 780 3542 add.
805 3509 835 3541 A
865 3507 877 3550 11
904 3507 1148 3549 έπεκτήσαντο
1168 3509 1199 3541 L
1235 3507 1247 3550 11

171 3555 213 3587 23
238 3552 439 3597 ἐκωλύομεν
464 3555 519 3588 Pr.
535 3568 616 3588 unus
634 3555 646 3599 11
666 3553 744 3588 τῶν
768 3566 826 3587 om.
842 3553 965 3587 Νονιι.ἠ
990 3552 1002 3596 11
1026 3554 1067 3586 25
1090 3551 1245 3594 τούτων]

170 3599 247 3631 τῶν
267 3600 298 3632 A
316 3599 328 3641 11
345 3596 638 3644 διεκρατήθησαν
653 3600 685 3633 Α
707 3599 720 3643 11
747 3601 788 3633 27
813 3599 853 3631 ἐν
875 3598 921 3640 τῆ
945 3595 1062 3639 πλάνη
1084 3598 1129 3639 τῆ
1155 3594 1246 3638 αὐτῆ

172 3645 203 3676 A
220 3643 232 3687 11
250 3645 292 3679 28
315 3641 559 3688 *διαμοίνοιεν
575 3642 790 3689 (διαμένοιεν
799 3644 856 3678 Pr.
871 3656 900 3678 υ.
911 3644 946 3685 l.)
962 3645 1038 3677 libri
1053 3643 1065 3687 11
1084 3644 1125 3677 30
1140 3638 1244 3684 αὐτὰ]

1315 3461 1436 3494 RVT¹
1460 3471 1539 3494 uero
1556 3461 1748 3495 huiusmodi
1766 3461 1816 3496 1⁷²
1871 3464 1910 3497 18
1931 3463 2091 3497 catholice
2113 3463 2189 3508 V¹u
2210 3466 2250 3499 19
2266 3463 2390 3508 praesi-

1312 3506 1434 3539 debant
1452 3506 1496 3539 T¹
1519 3507 1706 3540 residebant
1726 3506 1774 3541 V¹
1798 3507 1811 3550 11
1839 3509 1877 3541 21
1905 3508 2068 3551 detentae]
2091 3508 2222 3542 detenta
2246 3509 2315 3542 ΒΤ
2334 3508 2389 3541 de-

1312 3553 1404 3583 tenta
1421 3551 1454 3584 V
1465 3551 1477 3594 ΙΙ
1495 3553 1536 3586 23
1550 3562 1617 3585 non
1636 3551 1756 3586 detR³
1772 3551 1785 3595 11
1804 3553 1845 3586 24
1859 3564 1971 3586 eorum
1985 3554 2019 3587 R
2034 3553 2046 3596 11
2066 3555 2107 3589 25
2121 3553 2295 3588 dominio?
2315 3552 2391 3596 1¹²ss

1314 3597 1355 3630 26
1377 3596 1509 3638 quidem
1534 3610 1592 3631 om.
1610 3597 1643 3631 T
1655 3597 1668 3640 11
1692 3598 1733 3631 27
1751 3599 1975 3631 communioni
1996 3599 2077 3643 V⁰fl
2101 3599 2144 3636 29
2165 3597 2388 3638 communica·

1313 3647 1398 3676 tores
1410 3642 1489 3675 RT¹
1505 3644 1590 3687 cuiq.
1608 3642 1621 3688 11
1646 3643 1723 3683 esse]
1748 3642 1884 3678 ecclesie
1910 3642 1959 3677 13⁸
