2592 3840
274 76 380 119 Nov.
402 78 438 120 L

273 187 360 234 πρὸς
383 187 450 231 τὴν
473 187 539 232 σὴν
562 187 781 233 ἐνδυξότητα
824 186 911 224 ὦςτε
934 190 1013 224 τῶν
1035 193 1102 235 μὲν
1126 193 1164 226 ἐκ
1185 193 1347 228 Σκυθίας

272 236 331 266 καὶ
364 237 504 268 Μυσίας
535 232 648 269 δικῶν
679 231 725 269 ὠς
757 236 795 268 ἐκ
823 232 1002 281 γειτόνων
1033 234 1155 271 οὐσῶν
1183 238 1250 282 τὴν
1279 238 1347 282 σὴν

271 275 449 325 ὑπεροχὴν
465 279 558 313 καθ’
577 277 689 322 αὐτὴν
705 277 921 325 ἀκροᾶσθαι,
941 281 1019 314 τῶν
1038 279 1078 315 δὲ
1095 280 1227 326 ἄλλων,
1244 297 1345 318 τουτ-

273 326 349 357 έστι
372 325 449 358 τῶν
472 322 544 359 ἀπὸ
566 328 703 369 Καρίας
732 328 791 359 καὶ
820 326 899 366 τῶν
924 326 1122 372 εἰρημένων
1141 325 1264 372 νήσων
1286 332 1346 363 καὶ

273 369 422 415 Κύπρου
450 370 563 417 (εἴπερ
593 370 631 410 ἐξ
659 367 764 415 ἀρχῆς
795 367 902 404 αὗται
931 371 1030 419 παρὰ
1057 375 1132 407 τοῖς
1161 371 1344 414 ἐνδοξοτά-

271 425 346 448 τοις
375 412 477 459 ἡμῶν
508 414 672 460 ἐπάρχοις
695 414 927 462 ἠγωνίζοντο,
959 418 998 450 ἐκ
1028 417 1133 452 θείας
1157 417 1346 454 κελεύσεως

271 456 375 503 ἡμῶν
406 458 695 507 παραδεδομέναι
725 462 779 504 τῷ
811 462 871 504 τῆς
902 463 1072 508 ἐπαρχίας
1102 462 1279 508 ἄρχοντι),
1315 465 1346 498 εἰ

271 506 338 548 μὲν
369 501 474 539 αὐτὸς
505 503 689 550 ἐνὸημοίης
717 503 831 553 ταύτῃ
863 507 908 552 τῇ
938 506 1099 550 βασιλίδι
1132 508 1250 552 πόλει,
1286 512 1345 544 καὶ

272 547 379 583 αὐτὰς
411 548 482 585 ὑπὸ
518 553 574 585 σοὶ
605 551 790 585 κινεῖσθαι
825 554 885 584 καὶ
918 551 1152 595 ἐξετάζεσθαι
1187 552 1261 599 ἅμα
1290 555 1344 598 ’τῷ

1351 78 1435 127 294

1696 93 2058 129 APPELLATIONES
2086 98 2150 130 Ex
2178 99 2209 131 V
2237 98 2488 134 PROVINCIIS

1416 194 1499 229 bere
1534 194 1580 229 ad
1617 196 1715 230 tuam
1749 196 1918 239 glorIam:
1954 199 1996 232 ut
2030 207 2075 232 ex
2104 198 2248 244 Scythia
2282 199 2422 244 quidem
2452 203 2488 236 et

1414 239 1531 284 Mysia
1555 249 1682 276 causas
1706 243 1886 285 tamquam
1909 250 1953 276 ex
1970 241 2096 278 vicinis
2119 243 2311 279 existentes
2333 245 2398 280 tua.
2417 245 2486 281 cel-

1415 284 1532 320 situdo
1556 285 1751 321 secundum
1776 296 1815 321 se
1831 285 1965 329 audiat,
1990 287 2140 323 aliarum
2162 298 2258 331 vero,
2282 288 2351 325 hoc
2370 293 2426 325 est
2443 299 2488 326 ex

1416 329 1524 365 Caria
1558 333 1595 366 et
1650 330 1818 366 raedictis
1854 331 1980 368 insulis
2015 336 2052 368 et
2084 333 2201 379 Cypro
2237 333 2282 376 (si
2312 334 2358 370 ab
2387 334 2489 372 initio

1381 378 1398 410 5
1413 375 1513 419 ipsae
1537 342 1648 420 aput?
1655 375 1928 421 gloriosissimos
1955 380 2099 414 nostros
2122 378 2323 424 praefectos
2347 389 2487 415 exerce-

1413 420 1555 463 bantur,
1588 431 1632 456 ex
1655 431 1759 456 sacra
1782 422 1940 458 iussione
1963 426 2088 459 nostra
2109 424 2262 460 traditae
2281 424 2488 469 provinciae

1413 465 1546 509 iudici),
1571 466 1603 502 si
1626 466 1766 511 quidem
1789 467 1937 503 affueris
1961 467 2044 504 huic
2067 478 2106 504 re
2131 469 2140 478 ‘
2209 468 2358 513 civitati,
2383 469 2489 505 etiam

1414 520 1475 546 eas
1506 510 1602 556 apud
1632 515 1668 546 te
1696 513 1829 548 moveri
1859 515 1896 548 et
1927 513 2121 550 examinari
2151 524 2224 550 una
2256 525 2336 550 cum
2358 513 2488 559 glorio-

1414 555 1552 591 sissimo
1578 560 1766 601 quaestore
1790 558 1883 593 sacri
1906 559 2019 594 nostri
2042 559 2168 604 palatii
2196 559 2235 595 in
2258 569 2362 595 sacro
2386 559 2488 595 audi·

271 592 495 638 ἐνδοξοτάτῳ
519 599 726 643 κοιαίστωρι
756 597 820 630 τοῦ
844 597 951 631 θείου
978 595 1082 642 ἡμῶν
1105 598 1282 634 παλατίου
1307 601 1346 633 ἐν
1362 604 1401 636 10
1415 601 1517 644 torio,
1542 601 1635 637 sicut
1654 612 1761 647 super
1780 602 2078 648 appellationibus
2099 605 2217 650 posita
2232 604 2290 640 lex
2305 604 2488 650 explanat3

271 639 390 685 σάκρῳ
416 639 625 687 αὐδιτορίῳ,
656 640 827 688 καθάπερ
856 645 916 676 καὶ
941 639 960 676 o‘
986 645 1046 677 ἐπὶ
1069 647 1146 679 ταῖς
1169 642 1346 688 ἐκκλήτοις

270 686 291 720 1
338 689 492 729 κείμενος
523 686 712 733 ὑφηγεῖται
740 687 862 731 νόμος·
910 689 942 722 εἰ
971 686 1011 722 δὲ
1038 688 1144 724 αὐτὸς
1175 692 1235 725 ἐπὶ
1256 693 1344 724 Σκυ-

271 731 358 764 θίας
376 733 435 764 καὶ
452 736 592 767 Μυσίας
611 730 819 778 διατρίβοις,
843 733 897 776 τῷ
920 731 988 768 τὸν
1008 731 1124 770 τόπον
1148 734 1344 783 πληροῦντι

269 774 335 809 τὸν
358 775 424 811 σὸν
453 775 545 811 κατὰ
567 776 704 820 ταύτην
719 777 795 830 ,τὴν
818 774 1014 822 εὐδαίμονα
1044 778 1152 834 πολιν
1179 780 1343 835 προςᾴγε-

1411 692 1432 726 1
1479 691 1510 726 si
1539 694 1658 744 autem
1687 692 1764 746 ipse
1794 693 1831 728 in
1862 693 1980 739 Mysia
2010 698 2046 730 et
2073 694 2217 748 Scythia
2244 695 2490 749 commoraris,

1412 736 1528 771 locum
1560 737 1721 782 implentl
1751 741 1852 773 tuum
1881 738 1919 774 in
1951 739 2020 775 hac
2054 740 2152 776 felici
2186 743 2329 776 cmtate
2357 739 2488 777 deferri

1412 781 1687 826 appellationes,
1723 783 1865 820 omnino
1894 785 2015 820 tamen
2044 785 2222 821 residente
2244 795 2288 821 eo
2310 795 2384 821 una
2406 795 2488 822 cum

270 821 363 855 σθαι
398 820 458 856 τὰς
493 824 641 867 ἐφέσεις·
677 834 823 857 παντως
856 826 981 868 μέντοι
1013 838 1206 878 γινομενον
1233 827 1344 860 αυτὸν
1359 830 1397 862 15
1411 826 1666 870 gloriosissimo
1699 832 1820 864 nostro
1853 833 2042 873 quaestore
2073 830 2198 866 audire
2229 831 2410 875 negotium
2432 841 2487 867 se-

268 861 341 909 ἶὶμα
365 867 419 909 τῷ
443 865 668 910 ἐνδοξοτάτῳ
692 869 796 912 ἡμῶν
819 873 1029 916 κοιαίστωρι
1053 882 1114 924 της
1134 871 1344 906 ὑποθέσεως

268 907 472 957 ἀκροᾶσθαι
495 911 588 947 κατὰ
610 912 653 947 τὸ
684 915 762 948 τῶν
785 912 962 949 τοιούτων
993 915 1194 956 έξετασεων
1216 918 1282 959 σχῆ
1310 930 1343 958 α,

268 959 327 989 καὶ
349 955 398 1000 μὴ
422 956 502 991 τοὺς
525 955 746 1005 ἀνθρώπους
769 958 832 994 τὰς
846 960 1030 1005 εἰρημένας
1052 959 1244 1006 ὑπομένειν
1291 974 1343 996 υς-

267 1000 402 1044 κολίας,
437 1000 514 1037 ἀλλ’
540 1001 605 1038 ὑπ’
642 1001 760 1038 αὐτοῖς
791 1007 891 1049 κοινῆ
927 1007 1020 1040 κατὰ
1053 1005 1095 1041 τὸ
1130 1008 1343 1054 ἑζαπροσθεν

1412 872 1567 908 cundum
1598 873 1722 908 talium
1746 874 2045 910 examinationum
2075 875 2237 919 schema,
2269 879 2306 911 et
2327 885 2401 912 non
2422 876 2488 911 ho-

1410 916 1523 952 mines
1556 918 1733 954 sustinere
1763 918 1965 964 praedictas
1997 919 2247 964 difficultates,
2278 920 2343 957 sed
2367 921 2414 957 ab
2437 921 2489 956 eis

1412 963 1646 999 communiter
1676 963 1871 999 secundum
1907 964 2003 1009 quod
2063 965 2137 1001 rius
2167 975 2191 1001 a
2219 965 2325 1002 nobis
2357 966 2489 1002 dictum

1412 1010 1467 1043 est
1480 1008 1642 1051 iudicari,
1665 1018 1706 1044 eo
1723 1008 1818 1054 quod
1836 1009 1973 1054 placuit
1990 1020 2039 1046 no
2064 1010 2095 1046 is
2114 1011 2165 1046 ita
2180 1010 2346 1047 ordinare
2365 1011 2488 1065 legem,

267 1045 351 1100 ἡμῖν
381 1048 572 1104 εἰρημένον
591 1049 799 1096 κρίνεσθαι,
813 1090 821 1102 Ι
840 1042 900 1084 ὃῖὰ
932 1050 975 1085 τὸ
1007 1054 1236 1106 παραστῆναι
1259 1050 1344 1098 ἡμῖν
1356 1055 1398 1088 20
1411 1055 1452 1088 ut
1476 1063 1556 1088 cum
1578 1053 1734 1099 plurima
1765 1057 1800 1090 et
1828 1054 1955 1091 maiori
1982 1055 2179 1092 subtilitate
2209 1059 2247 1092 et
2273 1058 2489 1093 auctoritate

266 1105 362 1126 ουτω
394 1093 499 1133 ταξαι
533 1107 600 1128 τον
630 1093 754 1139 νόμον,
790 1091 877 1130 ὡςτε
906 1095 998 1140 μετὰ
1021 1096 1185 1133 πλείονος
1215 1111 1255 1132 τε
1282 1100 1343 1132 καὶ

1410 1098 1555 1143 negotia
1579 1102 1822 1135 exerceantur.

265 1139 426 1180 μείζονος
449 1137 629 1187 ἀκριβείας
652 1143 711 1173 καὶ
732 1138 928 1176 αὖθεντίας
950 1140 1014 1177 τὰς
1032 1139 1227 1178 ὑποθέσεις
1249 1140 1343 1190 ἀγω-

266 1183 290 1216 2
335 1183 516 1225 νίζεσθαι.
576 1185 623 1219 Εἰ
654 1183 694 1219 δὲ
724 1183 831 1221 αὐτὸς
862 1184 959 1230 δοίης
988 1186 1055 1222 τὸν
1086 1185 1259 1232 δικαστὴν
1281 1190 1343 1223 ἐπὶ
1411 1188 1435 1225 2
1480 1189 1518 1225 Si
1541 1199 1623 1225 vero
1646 1191 1725 1234 ipse
1748 1190 1885 1226 dederis
1915 1190 2070 1227 iudicem
2091 1190 2130 1227 in
2152 1190 2355 1227 memoratis
2380 1200 2487 1237 supe-

266 1230 343 1261 τῶν
374 1230 573 1275 εἰρημένων
603 1231 815 1278 ὲζιιπροσθεν
851 1233 1046 1280 ἐπαρχιῶν,
1083 1230 1103 1267 ὅ
1137 1233 1205 1277 τὴν
1237 1232 1343 1275 τάξιν
1409 1235 1484 1270 rius
1508 1235 1713 1280 provinciis,
1747 1236 1809 1281 qm‘
1831 1236 1951 1272 locum
1978 1236 2139 1281 optineat
2160 1240 2262 1272 tuum
2283 1236 2322 1272 in
2345 1236 2487 1273 civitate

266 1275 406 1316 ἐπέχων
436 1273 503 1318 τὴν
526 1274 594 1319 σὴν
622 1276 715 1310 κατὰ
737 1275 804 1320 τὴν
826 1275 1023 1334 εὐδαίμονα
1046 1277 1154 1314 πόλιν
1177 1277 1341 1325 ἀκροάσε-
1355 1282 1397 1314 25
1411 1279 1615 1316 felicissima
1645 1280 1783 1324 audiet,
1815 1281 2010 1317 secundum
2042 1281 2138 1327 quod
2165 1284 2202 1317 et
2223 1281 2486 1334 gloriosissimis

266 1332 337 1362 ται,
369 1319 470 1353 καθὰ
488 1324 550 1355 καὶ
579 1322 639 1357 ἐπὶ
661 1322 740 1356 τῶν
765 1320 1014 1363 ἐνδοξοτατων
1045 1322 1213 1371 ἐπάρχων
1243 1322 1342 1359 νενό-
1411 1325 1603 1370 praefectis
1628 1325 1773 1361 solitum
1796 1330 1861 1362 est.
1909 1326 1947 1362 Si
1968 1336 2053 1363 vero
2077 1326 2239 1363 incohari
2267 1327 2364 1372 apud
2386 1329 2487 1362 tuam

263 1375 402 1407 μισται.
449 1365 480 1399 εἰ
501 1369 626 1411 μέντοι
649 1364 832 1412 ἇρχθῆναι
863 1367 963 1422 παρὰ
993 1369 1038 1416 τῇ
1065 1371 1110 1417 σῇ
1135 1367 1343 1413 ἐνδοξότητι
1409 1370 1556 1415 gloriam
1581 1371 1763 1416 contingat
1785 1371 1885 1407 litem
1906 1371 1966 1408 hic
1988 1371 2112 1408 forsan
2133 1371 2324 1415 inventam,
2357 1371 2484 1408 deinde

265 1413 422 1454 συμβαίη
458 1409 525 1455 τὴν
559 1410 662 1456 δίκην
693 1413 860 1447 ἐνταῦθα
898 1425 945 1448 ως
979 1413 1069 1449 εἰκὸς
1099 1411 1241 1461 εὑρισκο
1282 1418 1343 1458 ἠ,
1409 1416 1446 1450 in
1469 1416 1585 1451 medio
1609 1420 1756 1462 propter
1784 1417 1956 1453 militares
1986 1427 2160 1463 expensas
2182 1416 2378 1463 proficisci,
2407 1426 2486 1453 eam

265 1454 343 1489 εἶτα
364 1456 404 1489 ἐν
425 1459 524 1500 μέσῳ
552 1455 613 1491 διὰ
635 1456 697 1492 τὰς
720 1458 980 1504 στρατιωτικὰς
1008 1457 1172 1495 δαπάνας
1195 1429 1342 1504 έκέηἶῆ-
1411 1461 1488 1496 sine
1511 1461 1680 1497 dilatione
1704 1462 1873 1515 compleri
1904 1463 2001 1508 apud
2032 1473 2112 1499 eum
2142 1463 2202 1508 qui
2223 1465 2325 1498 tuum
2347 1461 2486 1516 opti-net

266 1511 342 1542 σαι,
372 1499 509 1545 ταύτην
532 1499 789 1549 ἀνυπερθέτως
813 1503 1047 1550 πληροῦσθαι
1077 1503 1175 1551 παρὰ
1199 1506 1252 1549 τῷ
1276 1503 1344 1548 τὴν
1356 1508 1398 1541 30
1410 1506 1538 1550 locum,
1563 1506 1657 1542 sicut
1679 1516 1758 1542 eam
1779 1517 1858 1552 lpse
1880 1508 2063 1544 audiebas.
2111 1507 2148 1544 Si
2171 1510 2291 1544 autem
2313 1507 2359 1543 ab
2382 1510 2484 1543 mmo

265 1544 331 1588 σὴν
361 1548 480 1589 ἔχοντι
511 1545 624 1590 τάξιν,
655 1547 824 1596 καθάπερ
857 1550 963 1592 αὐτῆς
991 1553 1051 1584 καὶ
1085 1547 1189 1585 αὐτὸς
1212 1548 1340 1598 ἠκροῶ.
1411 1562 1484 1587 non
1507 1552 1604 1596 apud
1625 1552 1896 1596 gloriosissimos
1918 1553 2122 1598 praefectos
2141 1552 2333 1607 appellatio
2356 1561 2402 1587 ex
2420 1552 2485 1588 ali-

265 1590 296 1623 εἰ
320 1588 360 1624 δὲ
383 1591 422 1631 ἐξ
444 1589 550 1638 ἀρχῆς
580 1590 621 1627 οὗ
645 1592 744 1640 παρὰ
768 1597 841 1629 τοῖς
867 1592 1113 1635 ἐνδοξοτάτοις
1136 1595 1299 1641 ἐπάρχοις
1322 1592 1344 1639 ἡ
1411 1597 1538 1641 quibus
1562 1597 1755 1642 provinciis
1778 1598 2037 1642 remittebatur,
2068 1599 2132 1635 sed
2160 1608 2198 1634 m
2228 1597 2326 1634 aliud
2354 1597 2484 1643 forum,

265 1637 383 1714 ἔφεσις
402 1639 442 1691 ξ-’κ
458 1651 573 1693 τινων
591 1640 775 1696 ἐπαρχιῷν
796 1637 1033 1719 ἀνεπέμπεῖο,
1053 1638 1133 1697 ‹3232’
1152 1642 1200 1676 εἰς
1217 1643 1343 1700 ἕτερον
1410 1642 1657 1687 antiquitatem
1678 1643 1823 1689 penitus
1848 1654 1920 1680 non
1943 1654 2126 1681 novamus.

289 1694 602 1774 cngdtyczbgz’ybssss
613 1688 1342 1778 αρῇῗὲοῗεῖἶῖυἵασῖἔὲαἴῖάῖιυτέατιῇἷιιῖῗὶμῑζῖ
1356 1734 1396 1767 35
1454 1732 1663 1779 <Epilogu
1671 1744 1699 1769 s.
1764 1734 1864 1778 Quae
1882 1734 1990 1779 igitur
2008 1734 2222 1780 placuerunt
2241 1733 2344 1786 nobis
2363 1735 2402 1769 et
2419 1742 2486 1787 per

266 1769 324 1805 διὰ
348 1770 452 1806 τοῦδε
475 1774 538 1807 τοῦ
564 1773 669 1808 θείου
692 1772 893 1820 δηλούμενα
914 1775 1025 1820 νόμου
1048 1773 1070 1819 ἡ
1090 1775 1136 1820 σὴ
1155 1773 1343 1820 ἐνδοξότης
1410 1778 1505 1813 hanc
1528 1788 1668 1814 sacram
1717 1779 1874 1815 eclarata
1897 1783 1982 1816 sunt
2003 1780 2135 1824 legem,
2164 1781 2230 1814 tua
2250 1779 2364 1824 gloria
2385 1788 2486 1824 open

264 1819 436 1893 {hypatonb
452 1820 582 1875 πέρατι
602 1817 829 1867 παραδοῦναι
846 1823 906 1855 καὶ
925 1818 1219 1868 παραφυλάττειν
1236 1822 1284 1857 εἰς
1301 1821 1344 1857 τὸ
1411 1822 1624 1903 θέςοξιιίᾳιιθ
1652 1824 1863 1861 contradere
1893 1828 1930 1861 et
1958 1825 1995 1861 in
2026 1826 2239 1870 perpetuum
2269 1833 2410 1861 servare
2430 1823 2483 1859 fe·

265 1875 418 1898 (ιννεκες
437 1875 639 1899 σπευσατω.
1266 1901 1269 1903 ,
1409 1878 1426 1904 S
1455 1878 1500 1904 ne
1519 1896 1527 1904 .

309 1887 391 1943 bat.
412 1911 500 1951 [xv]
520 1909 556 1945 k.
577 1910 674 1955 Sept.
697 1910 764 1946 ΟΡ.
782 1910 864 1957 imp.
883 1911 942 1946 dn.
959 1911 1147 1948 Iustiniani
1165 1923 1226 1959 pp.
1245 1913 1337 1957 Aug.
1451 1914 1535 1949 Dat.
1548 1914 1621 1950 kal.
1636 1914 1734 1968 Sept.
1748 1915 1816 1951 GP.
1830 1915 1913 1960 imp.
1926 1915 2116 1951 Iustiniani
2134 1925 2195 1962 pp.
2211 1915 2301 1960 Aug.
2323 1923 2419 1951 anno
2430 1923 2482 1951 xl.

264 1964 356 1988 anno
370 1965 422 1989 xx.
434 1957 518 1999 post
531 1955 801 1991 cons.Belisarii
814 1968 845 1992 v.
857 1967 887 1991 c.
901 1967 996 1992 anno
1008 1968 1048 1992 11.
1061 1957 1134 1992 ind.
1147 1968 1171 1992 1.
1205 1961 1250 2000 [a.
1262 1961 1338 2000 537]
1353 1961 1395 1993 40
1409 1970 1444 2004 p.
1466 1969 1497 1995 c.
1523 1959 1688 1997 Belisari1
1710 1972 1743 1996 v.
1760 1970 1791 1996 c.
1817 1971 1910 1995 anno
1934 1961 2102 1997 secundo.

263 2033 375 2067 riam:
409 2036 453 2067 ut
474 2033 555 2069 lites
585 2034 728 2080 quidem
759 2045 853 2080 quae
883 2039 968 2071 sunt
998 2046 1048 2072 ex
1071 2035 1223 2082 Scythia
1246 2041 1282 2072 et
1303 2036 1425 2084 Mysia
1456 2042 1583 2085 utpote
1611 2039 1738 2075 vicinis
1762 2043 1825 2075 tua
1846 2039 2048 2076 sublimitas
2072 2040 2153 2086 ipsa
2176 2039 2314 2082 audiat,
2345 2044 2484 2075 ceterae

264 2088 360 2119 vero,
383 2077 423 2112 id
444 2082 499 2115 est
521 2090 615 2124 quae
637 2090 687 2115 ex
712 2079 820 2116 Caria
842 2084 878 2116 et
900 2080 1029 2116 insulis
1052 2091 1145 2127 quas
1166 2081 1327 2118 diximus
1349 2086 1386 2118 et
1409 2082 1530 2130 Cypro
1554 2083 1772 2130 deferuntur
1794 2083 1984 2130 (siquidem
2007 2095 2071 2120 eae
2092 2084 2138 2120 ab
2158 2085 2261 2120 initio
2284 2084 2387 2132 apud
2405 2084 2483 2137 qlo—

261 2122 481 2159 riosissimos
503 2128 648 2160 nostros
665 2125 880 2172 praefectos
902 2125 965 2172 aqi
985 2125 1159 2169 solebant,
1183 2137 1233 2164 ex
1253 2137 1362 2163 sacra
1384 2128 1545 2165 iussione
1565 2133 1693 2165 nostra
1711 2129 1926 2176 provinciae
1941 2129 2110 2177 praesidi
2132 2128 2319 2172 traditae),
2350 2130 2384 2165 si
2404 2140 2484 2177 tpse

243 2168 301 2202 'in
324 2167 394 2203 bac
415 2169 519 2215 reqia
542 2169 630 2205 urbe
653 2170 818 2213 verseris,
849 2170 952 2217 apud
976 2175 1009 2207 te
1031 2172 1134 2218 ipsae
1157 2182 1300 2224 quoque
1322 2177 1532 2210 moveantur
1554 2178 1590 2210 et
1612 2175 1867 2210 examinentur
1889 2185 1964 2210 una
1987 2185 2067 2209 cum
2089 2174 2350 2226 qloriosissimo
2373 2186 2482 2227 quae-

262 2217 361 2249 store
379 2215 478 2249 sacri
501 2215 619 2250 nostri
639 2215 773 2262 palatii
804 2216 844 2251 in
873 2227 980 2252 sacro
1011 2216 1208 2260 auditorzo,
1241 2218 1540 2264 quemadmodum
1571 2220 1679 2256 etiam
1709 2219 1773 2256 lex
1801 2219 1846 2256 de
1868 2218 2173 2272 appellatiombus
2202 2219 2278 2256 lata
2307 2226 2483 2272 exponet,-

261 2260 283 2294 1
327 2259 386 2294 sin
408 2263 527 2296 autem
549 2260 563 2295 i
589 2271 627 2296 se
650 2261 688 2295 in
712 2260 760 2296 Sc
789 2260 864 2297 thia
886 2266 923 2298 et
944 2260 1067 2309 Mysia
1090 2264 1331 2307 commoreris,
1356 2263 1407 2299 ad
1427 2275 1507 2300 eum
1531 2265 1597 2312 qui
1617 2265 1735 2301 locum
1760 2269 1859 2301 tuum
1881 2263 2012 2308 mbae
2033 2264 2137 2311 felici
2158 2263 2246 2301 urbe
2267 2264 2402 2302 obtmet
2423 2264 2482 2301 de—

261 2304 433 2349 ferantur
451 2316 498 2352 ap
527 2306 726 2349 elationes,
747 2306 810 2342 ile
830 2312 949 2343 tamen
970 2307 1096 2354 utique
1118 2319 1193 2344 una
1216 2319 1296 2344 cum
1316 2309 1579 2361 qloriosissimo
1603 2314 1730 2346 nostro
1754 2313 1946 2357 quaestore
1968 2320 2116 2346 causam
2137 2309 2267 2362 audiat
2287 2309 2483 2347 secundum

262 2350 421 2395 formam
447 2354 482 2386 ta
499 2352 571 2386 ium
595 2351 863 2398 coqm'tionum:
895 2363 983 2389 neve
1005 2352 1168 2389 homines
1189 2353 1372 2390 molestzas
1395 2366 1487 2401 quas
1510 2354 1671 2392 diximus
1692 2355 1854 2398 subeant,
1882 2355 1946 2392 sed
1967 2358 2200 2392 commumter
2222 2355 2323 2403 apud
2343 2366 2407 2392 eos
2428 2366 2481 2393 se-

263 2395 418 2431 cundum
441 2396 480 2431 id
503 2396 602 2443 quod
623 2408 666 2432 su
693 2408 738 2433 ra
758 2396 863 2433 nobis
885 2397 1018 2434 dictum
1042 2402 1096 2434 est
1117 2398 1290 2435 iudicium
1308 2400 1396 2445 fiat,
1418 2404 1626 2452 propterea
1657 2400 1758 2447 quod
1779 2400 1884 2437 nobis
1905 2401 1968 2452 ita·
1983 2401 2096 2447 quem
2126 2401 2313 2454 instituere
2331 2400 2481 2453 placuit,

262 2440 286 2475 2
331 2445 373 2476 ut
394 2442 532 2477 maiore
555 2453 634 2478 cum
682 2442 847 2489 iliqentia
878 2447 914 2479 et
942 2444 1160 2480 auctoritate
1191 2455 1324 2481 causae
1352 2445 1581 2482 dimmantur.
1674 2445 1717 2482 Si
1738 2457 1822 2483 vero
1847 2447 1925 2500 {pse
1955 2457 1993 2481 m
2014 2446 2211 2492 procinctus
2239 2456 2358 2500 supra
2375 2445 2482 2499 algotus

263 2485 405 2521 dederis
428 2486 590 2530 iudicem,
622 2488 654 2522 is
677 2488 740 2534 qui
763 2488 881 2524 locum
904 2491 1003 2524 tuum
1025 2489 1063 2524 in
1084 2489 1189 2535 felici
1211 2489 1300 2526 urbe
1323 2491 1459 2527 obtinet
1488 2502 1636 2528 eausam
1659 2491 1792 2534 audiet,
1826 2494 1921 2528 secut
1943 2491 2050 2528 etiam
2082 2490 2184 2538 apud
2230 2490 2483 2527 lonosnssaemos

258 2531 472 2576 praefectos
491 2532 574 2577 fieri
597 2532 696 2569 solet.
758 2532 800 2569 Si
829 2537 948 2570 tamen
977 2534 1173 2581 contiqerit
1202 2539 1243 2571 ut
1271 2534 1461 2572 incohatur
1492 2536 1537 2572 lis
1559 2536 1662 2584 apud
1692 2540 1790 2573 tuam
1811 2536 1967 2583 qloriam
1989 2536 2157 2572 nimirum
2212 2537 2246 2573 ic
2268 2539 2480 2589 versantem,

264 2577 400 2611 interea
423 2582 542 2612 autem
565 2578 608 2613 ob
632 2578 807 2614 militares
829 2590 996 2615 annonas
1017 2590 1172 2627 pereqre
1195 2580 1315 2624 abeas,
1339 2580 1429 2618 llaec
1451 2582 1529 2618 sine
1551 2593 1656 2618 mora
1679 2581 1782 2629 apud
1802 2593 1882 2618 eum
1904 2581 1969 2634 qui
1988 2581 2105 2617 locum
2126 2585 2226 2618 tuum
2246 2581 2379 2618 obtmet
2390 2591 2480 2629 per·

263 2624 410 2673 aqatur,
431 2622 727 2667 quemadmodum
751 2625 924 2676 eamjpse
939 2635 1084 2678 quoque
1107 2625 1288 2662 audiebas.

1334 2625 1474 2670 Quodsi
1486 2626 1530 2663 ab
1546 2627 1651 2663 initio
1674 2638 1750 2663 non
1764 2627 1815 2663 ad
1826 2627 2107 2680 qlompse'ssimos
2127 2626 2338 2679 praefectos
2357 2626 2481 2674 appol-

264 2665 352 2700 latzo
373 2677 422 2702 eae
442 2667 653 2712 quibusdam
675 2669 875 2714 provincus
893 2670 1026 2705 remitte
1043 2670 1194 2714 solebat,
1217 2671 1282 2707 sed
1304 2672 1354 2707 ad
1375 2672 1477 2707 aliud
1496 2672 1677 2716 iudicium,
1701 2673 1890 2719 antiquum
1913 2683 1970 2708 aus
1992 2682 2136 2708 ommno
2160 2683 2235 2708 non
2259 2681 2480 2724 mnovamus.

399 2710 489 2757 Epi
496 2712 509 2745 l
516 2723 638 2758 oqus.
694 2712 793 2756 Quae
822 2714 936 2760 iqitur
966 2714 1071 2750 nobis
1099 2716 1319 2762 placuerunt
1347 2722 1384 2753 et
1408 2728 1478 2764 per
1501 2717 1596 2754 hanc
1625 2728 1769 2754 sacram
1792 2718 1905 2765 lcqem
1935 2717 2122 2754 declarata
2143 2721 2239 2761 sunt,
2273 2721 2336 2753 tua
2357 2716 2480 2765 alona

264 2755 313 2791 ad
336 2767 429 2802 opus
451 2755 686 2803 effectumque
708 2758 888 2794 adducere
910 2763 1019 2805 atque
1042 2760 1081 2794 in
1101 2766 1319 2807 perpetuum
1343 2762 1527 2799 custodire
1549 2763 1702 2800 studeat.

310 2837 329 2870 3
351 2831 474 2878 αὑτὴν]
494 2833 624 2877 ἑαυτὴν
635 2849 669 2880 p.
685 2838 761 2879 262,
777 2845 809 2872 19
825 2836 838 2880 ΙΙ
864 2840 882 2871 5
897 2828 1002 2871 αὗται
1016 2840 1059 2872 Μ
1078 2839 1167 2882 ipsae
1186 2841 1220 2882 (i.
1236 2854 1261 2875 e.
1277 2838 1334 2874 αὗ-

264 2883 338 2921 ταὶ)
352 2894 370 2917 ς
394 2882 406 2919 ΙΙ
431 2883 451 2915 6
471 2876 639 2926 ὑπάρχοις
652 2881 694 2914 Μ
703 2883 758 2924 (cst
773 2884 819 2916 ad
830 2883 907 2924 262,
921 2886 971 2924 20)
998 2882 1010 2927 11
1043 2885 1063 2918 8
1083 2881 1188 2918 αὐτὸς
1204 2899 1262 2919 om.
1277 2898 1296 2923 ς
1324 2885 1336 2931 ΙΙ

265 2929 286 2961 9
312 2924 384 2960 ὑπὸ
404 2928 461 2959 σοι
482 2927 552 2967 Me]
582 2922 655 2960 ὑπὸ
669 2927 734 2959 σοῦ
754 2927 831 2961 libri
843 2940 879 2971 p.
894 2929 971 2969 262,
986 2936 1022 2962 22
1042 2929 1098 2972 (cf.
1112 2942 1140 2963 υ.
1156 2932 1210 2971 19)
1239 2930 1251 2974 11
1280 2932 1335 2965 τῶ

265 2967 487 3011 ένδοξοτάτω
511 2968 615 3014 ἡμῶν
637 2974 809 3005 uocatam
833 2985 846 3005 ι
869 2973 917 3006 M
933 2974 1005 3015 (sed
1025 2976 1067 3017 cf.
1089 2987 1124 3017 p.
1149 2977 1226 3017 262,
1240 2977 1289 3018 22)
1324 2975 1336 3021 ΙΙ

269 3021 303 3052 11
331 3016 511 3050 auditoria)
537 3017 630 3060 Mp.
653 3018 728 3058 262,
748 3024 783 3051 23
810 3016 816 3060 Ι
852 3020 912 3050 καὶ
935 3031 993 3051 om.
1018 3018 1086 3055 Ms-
1108 3019 1121 3062 11
1154 3021 1193 3054 12
1217 3019 1335 3065 νόμος]

265 3076 335 3097 που.
355 3064 487 3095 XXIII
507 3074 533 3095 c.
551 3063 573 3096 4
595 3063 655 3105 (cs.
677 3063 754 3096 Cod.
771 3064 801 3102 7,
823 3069 870 3103 62,
890 3065 938 3105 32)
969 3063 981 3107 11
1007 3064 1068 3097 ἐπὶ
1091 3064 1254 3099 Σκυθίας
1276 3068 1336 3099 καὶ

267 3109 418 3149 Μυσίας]
442 3108 477 3139 in
502 3106 607 3151 Mysia
630 3109 663 3140 et
685 3107 821 3150 Scythia
845 3119 863 3143 ς
892 3108 904 3149 11
935 3110 975 3142 15
997 3108 1188 3153 γινόμενον
1211 3107 1334 3152 αὐτὸν]

265 3153 427 3186 residente
451 3164 489 3186 eo
512 3164 533 3189 ς
560 3152 573 3196 11
601 3153 643 3186 25
667 3151 734 3194 τὴν
758 3148 954 3194 εὐδαίμονα
976 3150 1113 3196 ταύτην
1136 3152 1244 3188 πόλιν
1268 3168 1336 3190 cum

267 3199 461 3253 Halqanczro
474 3199 529 3232 vul
552 3222 558 3230 .
575 3196 588 3241 11
607 3199 649 3250 253
666 3198 725 3231 ἐπὶ
745 3197 822 3250 “ra-1211
837 3194 1085 3237 ἐνδοξοτάτων
1100 3194 1273 3254 ὑπάρχων
1286 3202 1336 3254 ‘³12

265 3242 912 3335 assatazatffzaafflffi
924 3243 1336 3331 Lsssff‘sazsssszsz

265 3335 437 3377 praefectis
461 3346 481 3371 ς
508 3334 521 3377 11
548 3335 591 3368 30
614 3329 750 3375 ταύτην
776 3334 943 3376 prioribus
972 3334 1076 3376 iunqit
1104 3335 1291 3369 Zachariae
1324 3335 1336 3379 11

266 3382 307 3414 32
320 3377 488 3426 ὑπάρχοις
502 3380 549 3413 Μ
561 3378 574 3424 11
599 3379 643 3413 39
654 3388 704 3411 xv
715 3379 748 3411 k.
761 3387 826 3420 sep.
839 3378 931 3420 (sept.
941 3390 976 3421 p.
986 3379 1061 3419 263,
1072 3380 1103 3420 6)
1117 3378 1182 3412 GP.
1199 3380 1335 3413 Mutro·

265 3439 325 3468 que
340 3427 417 3467 Ioco,
442 3426 474 3457 k.
489 3425 578 3467 Sept.
592 3424 658 3457 ΟΡ.
673 3435 703 3466 ς,
727 3424 814 3467 quod
821 3430 956 3466 propter
966 3424 1169 3457 indictionem
1180 3437 1214 3467 p.
1229 3426 1305 3466 263,
1319 3433 1334 3459 7

265 3474 297 3504 in
315 3471 362 3504 M
375 3478 516 3504 notatam
537 3477 621 3504 recte
640 3471 759 3513 probat
775 3468 973 3510 Zachariae,
994 3470 1081 3511 μηνὶ
1095 3470 1334 3514 Σεπτεμβρίῳ

265 3517 340 3549 ΑεῙι.
359 3516 476 3549 Theoti.
503 3516 515 3559 11
541 3515 621 3558 imp.
634 3515 690 3548 dn.
711 3514 781 3555 (dn.
795 3526 854 3547 om.
866 3514 899 3555 ς)
918 3513 1032 3546 iustin.
1046 3523 1100 3566 pp.
1115 3524 1190 3556 aug.
1205 3525 1281 3546 ann.
1296 3526 1334 3547 xx

267 3561 312 3594 Μ
314 3574 348 3603 p.
363 3563 438 3602 263,
452 3568 468 3595 6
488 3568 519 3594 et
531 3572 551 3597 ς·
572 3557 748 3604 βασιλέως
764 3555 1015 3592 ’Ῑουστινιανοῦ
1039 3570 1082 3592 το
1106 3556 1154 3591 ια’
1179 3556 1235 3602 (ις’
1251 3561 1334 3601 cod.)

267 3607 354 3646 Am,
368 3619 426 3639 om.
442 3606 484 3639 M
494 3607 553 3639 hoc
565 3607 643 3646 loco,
661 3606 779 3638 Theod.
810 3603 823 3649 11
851 3606 894 3639 40
914 3614 946 3647 p.
960 3615 987 3637 c.
1007 3604 1160 3637 Belisarii
1181 3615 1232 3637 uc.
1246 3615 1334 3638 anno

265 3650 407 3683 seeundo
430 3663 451 3688 ς
482 3648 573 3694 μετὰ
599 3649 666 3693 τὴν
697 3647 875 3684 ὑπατείαν
908 3647 1119 3695 Βελισαρίου
1149 3646 1192 3683 τὸ
1223 3650 1335 3690 (ἔτους

1408 2843 1541 2885 Theod.)
1564 2841 1605 2886 β’
1629 2844 1706 2877 Ath-
1728 2844 1863 2886 Tbeod„
1892 2845 1967 2886 post
1988 2841 2161 2875 Bilissario
2184 2852 2237 2876 uo.
2261 2852 2365 2876 conss.
2387 2849 2480 2877 annu

1402 2887 1475 2930 (sic)
1490 2888 1545 2930 M,
1574 2890 1650 2931 post
1672 2887 1830 2922 Bilisario
1853 2898 1904 2921 uo.
1930 2897 2035 2920 conss.
2059 2887 2129 2920 ind.
2153 2888 2177 2919 ἃ
2200 2887 2248 2922 Μ
2261 2900 2295 2933 p.
2310 2888 2415 2930 263‚·1

1454 3022 1466 3054 l
1486 3022 1535 3062 ut]
1560 3023 1593 3055 et
1613 3021 1646 3055 V
1662 3021 1675 3066 11
1698 3022 1833 3065 soythya
1852 3022 1886 3055 V
1902 3022 2010 3066 soicya
2030 3029 2042 3055 t
2066 3020 2079 3066 11
2103 3022 2123 3055 2
2140 3020 2237 3054 misia
2252 3028 2265 3055 t
2286 3019 2400 3054 missia
2419 3019 2450 3054 7
2551 3050 2553 3055 .

1403 3066 1570 3100 existenst
1595 3066 1607 3110 11
1639 3068 1659 3102 3
1683 3071 1731 3100 est
1754 3079 1813 3101 om.
1837 3067 1870 3101 V
1889 3066 1902 3111 11
1933 3070 1952 3102 5
1976 3067 1989 3099 i
2014 3076 2067 3099 sae
2091 3066 2228 3107 Biener]
2259 3065 2347 3108 ipsu
2369 3065 2447 3099 libri
2482 3082 2485 3084 v

1405 3113 1423 3144 7
1449 3111 1554 3144 aruris
1580 3111 1621 3155 ι11
1643 3113 1744 3146 huius
1767 3114 1793 3146 t¹
1812 3112 1825 3156 11
1849 3114 1869 3147 8
1893 3123 1931 3145 ea
1955 3119 1967 3146 t
1995 3111 2002 3157 1
2027 3113 2048 3146 9
2070 3111 2107 3144 in
2131 3121 2224 3145 sacro
2247 3112 2360 3144 nostro
2383 3109 2477 3162 andj-

1404 3157 1490 3189 torio
1505 3165 1516 3190 t
1531 3156 1543 3200 11
1565 3158 1605 3191 10
1617 3167 1715 3200 super
1728 3157 1846 3198 Neob.]
1867 3167 1967 3201 supra
1978 3157 2032 3199 (de
2044 3169 2070 3191 s.
2083 3157 2127 3200 v.)
2141 3163 2162 3198 t,
2177 3168 2234 3190 om.
2245 3154 2301 3200 711
2321 3156 2360 3190 12
2372 3154 2478 3199 Myon

1404 3204 1436 3234 et
1452 3202 1587 3244 Scythia
1602 3203 1701 3247 ναῖς]
1724 3203 1863 3246 misyam
1879 3204 1912 3236 et
1927 3202 2069 3246 sithyam
2085 3209 2097 3235 t
2124 3201 2253 3234 misiam
2269 3203 2302 3234 et
2317 3200 2476 3244 syuoham

1412 3246 1465 3289 711
1484 3248 1662 3281 comoraris
1682 3248 1736 3288 711
1764 3249 1806 3282 13
1828 3247 1947 3291 implet
1971 3255 1982 3281 t
2006 3246 2019 3292 11
2045 3248 2086 3282 14
2108 3246 2296 3280 resindente
2315 3255 2355 3279 eo
2373 3245 2409 3279 V
2423 3253 2476 3279 re·

1402 3291 1572 3325 scindente
1596 3303 1634 3326 eo
1659 3300 1671 3326 t
1703 3293 1900 3327 residentem
1924 3303 1998 3326 eum
2021 3292 2106 3337 vulq.
2131 3291 2144 3336 11
2173 3301 2241 3325 nna
2263 3292 2350 3332 oum]
2375 3297 2474 3323 unam

1411 3335 1465 3379 711
1487 3338 1528 3370 16
1543 3348 1654 3371 omnes
1675 3346 1686 3372 ι
1703 3337 1716 3383 11
1739 3340 1778 3372 17
1795 3338 1980 3381 praedictas
1997 3349 2056 3371 om.
2067 3344 2080 3371 t
2091 3337 2134 3371 al.
2150 3335 2164 3382 11
2189 3336 2256 3377 sed]
2279 3336 2308 3368 si
2325 3335 2450 3371 tNeob.

1405 3382 1445 3414 18
1466 3390 1486 3413 a
1506 3394 1564 3415 om.
1580 3382 1618 3426 tss
1637 3385 1680 3417 20
1698 3383 1821 3417 maiore
1841 3382 1898 3427 711
1921 3385 1964 3418 24
1979 3382 2108 3416 obtinet
2125 3382 2182 3416 vul
2203 3406 2210 3414 .
2230 3380 2243 3426 11
2267 3381 2309 3416 26
2327 3379 2460 3413 solitum

1402 3426 1435 3457 et
1457 3425 1603 3459 solutum
1625 3428 1656 3461 V
1675 3428 1688 3472 11
1713 3429 1864 3462 inchoari
1886 3428 1946 3472 711
1970 3427 2058 3470 apud
2082 3440 2140 3461 om.
2161 3394 2227 3471 Vqss
2254 3426 2298 3460 30
2320 3423 2476 3458 audiebat

1410 3470 1456 3502 Va
1471 3469 1484 3514 11
1503 3472 1545 3504 32
1568 3472 1670 3505 alium
1697 3474 1775 3507 libri
1791 3472 1803 3518 11
1829 3475 1870 3508 37
1895 3473 2089 3507 contradere
2107 3472 2224 3512 Nova]
2248 3470 2443 3503 contendero
2462 3473 2476 3501 t

1401 3514 1530 3547 tradere
1552 3515 1617 3561 711
1643 3519 1686 3552 39
1709 3518 1775 3551 dat.
1797 3519 1887 3559 (data
1907 3519 1932 3559 t)
1956 3517 2002 3551 kl.
2027 3516 2182 3560 septemb.
2203 3514 2342 3558 (sdpteb.
2356 3515 2380 3556 e)
2403 3521 2484 3556 oq).>

1410 3560 1575 3593 VtNeob.
1603 3564 1616 3605 11
1642 3562 1721 3605 imp.
1734 3563 1921 3596 iustiniano
1944 3563 2070 3597 thob.
2094 3563 2191 3605 impr.
2216 3561 2293 3593 inst.
2318 3558 2374 3612 V}
2392 3567 2472 3611 ppo.

1403 3604 1528 3638 tNeob.
1546 3605 1559 3648 11
1576 3607 1618 3640 40
1632 3618 1684 3649 po.
1701 3607 1788 3640 bilis.
1806 3618 1857 3640 uo.
1875 3618 1964 3641 anno
1979 3607 2122 3641 secundo
2148 3605 2287 3648 tNeob.,
2312 3602 2476 3638 bihnario

1401 3650 1536 3692 reliquis
1559 3653 1683 3686 omissis
1702 3653 1735 3686 7
