2476 3854
95 88 174 133 Ed.
194 88 299 134 XIII
329 90 496 133 26—28
1170 85 1257 134 794
1657 104 1718 134 nn
1745 104 1864 136 mum
1891 104 2313 139 Amxmmmsonuu

94 199 236 241 τάξεων
265 199 359 236 κατὰ
391 201 461 244 τὴν
480 197 754 244 Ἀλεξανδρέων,
785 195 879 233 καθ’
905 194 993 233 ὅσον
1025 198 1109 243 (αἱ)
1133 196 1193 235 ὑπ’
1221 197 1334 234 αὐτὸν
1356 212 1466 246 τεταγ
1490 203 1572 235 έναι
1596 203 1714 247 χῶραί
1734 215 1775 236 τε
1797 206 1857 237 καὶ
1880 202 1999 238 πόλεις
2025 218 2040 235 ιι
2059 218 2074 235 ι
2093 219 2108 235 φ
2135 202 2313 239 κινδυνευ·

93 242 215 279 όντων
237 249 298 280 καὶ
320 246 398 280 τῶν
421 244 692 292 λαμπροτάτων
714 243 923 288 τριβούνων
946 246 1006 277 καὶ
1030 243 1146 287 πάσης
1169 243 1353 287 πολιτικῆς
1375 248 1434 279 καὶ
1482 250 1631 288 ημοσίας
1653 247 1828 290 βοηθείας
1851 251 1936 293 περί
1956 261 1995 282 τε
2018 248 2087 292 τὴν
2111 247 2230 292 ζώνην
2252 252 2314 283 καὶ

93 291 161 333 τὴν
194 295 405 334 περιουσίαν
435 293 496 323 καὶ
526 289 593 332 τὴν
624 292 809 334 σωτηρίαν
836 285 962 331 αὐτήν,
995 289 1026 322 εἰ
1056 287 1105 332 μὴ
1130 287 1365 333 ἐπαμύναιεν.
1412 286 1503 324 ἄλλα
1527 292 1588 333 τῆς
1610 294 1678 335 μὲν
1702 293 1867 327 ἐνταῦθα
1890 293 2054 336 εὐτυχοῦς
2072 305 2202 329 σιτοπο
2231 298 2314 328 πίας

92 338 194 381 μέχρι
219 334 367 378 δεκάτης
388 336 452 369 τοῦ
476 337 717 380 σεπτεμβρίου
739 333 851 378 μηνὸς
872 332 1020 375 ἑκάστης
1044 334 1287 390 ἐπινεμήσεως
1310 335 1342 368 εἰ
1363 334 1413 378 μὴ
1436 337 1611 382 ἐκπέμψαι
1634 340 1695 370 καὶ
1717 335 1929 382 παραδώσει
1952 338 2046 373 κατὰ
2076 336 2191 381 τὴνἈ
2230 339 2314 379 ξαν·

93 378 211 425 δρέων
240 380 348 415 πόλιν
375 381 430 423 τῷ
463 379 593 422 ταύτης
626 376 874 425 αὐγουσταλίῳ
904 376 926 421 ἢ
948 382 1022 413 τοῖς
1046 377 1128 424 παρ’
1156 381 1265 414 αυτοῦ
1283 379 1603 425 προβαλλομένοις’
1627 381 1695 416 τὸν
1719 380 1759 416 δὲ
1777 381 2076 427 φιλοτιμούμενον
2099 380 2183 429 παρ’
2209 382 2315 427 ἡμῶν
2339 387 2359 419 5

91 426 146 459 τῶ
167 428 331 471 τροφίμῳ
356 425 419 468 τῆς
437 421 703 469 Ἀλεξανδρέων
725 423 866 459 πόλεως
887 426 988 469 μέχρι
1013 422 1336 468 πεντεκαιδεκάτης
1359 426 1422 459 τοῦ
1443 422 1641 471 ὀκτωβρίων
1664 426 1777 471 μηνὸς
1799 425 1916 462 enm
1940 430 2001 461 καὶ
2024 426 2236 472 παραδώσει
2259 429 2316 483 τῷ

93 458 191 512 αῧτῷ
224 467 455 514 περιβλέπτῳ
488 466 738 515 αὐγουσταλίῳ
765 466 790 512 ἢ
817 471 891 503 τοῖς
914 466 998 511 παρ’
1026 467 1136 504 αὐτοῦ
1160 468 1464 515 προβαλλομένοις
1487 471 1535 505 εἰς
1555 472 1681 506 τοῦτο·
1706 468 1796 518 ὅπερ
1819 475 1879 506 καὶ
1902 472 2114 519 φθάσαντες
2138 471 2314 508 διετυπω·

92 525 214 558 σαμεν.
262 513 390 559 πράξει
414 512 454 548 δὲ
477 513 546 557 τὴν
565 513 769 559 πληναρίαν
788 512 882 548 κατὰ
901 513 944 548 τὸ
964 513 1118 549 ἄνωθεν
1140 511 1224 560 παρ’
1247 512 1353 559 ἡμῶν
1375 513 1667 563 διατεταγμένον.

1029 616 1186 652 CAPUT
1217 616 1365 652 XXVII.

221 681 381 727 Ἔπειτα,
406 679 497 727 ὅπερ
516 681 696 728 ἑπόμενόν
720 685 798 718 ἐστι
822 685 875 727 τῷ
901 684 1088 730 πράγματι
1111 686 1243 729 (φαμὲν
1268 682 1311 727 δὴ
1334 685 1376 718 τὸ
1402 685 1479 719 τῶν
1502 684 1673 727 ναύλων),
1698 687 1738 720 ἐν
1761 684 1928 731 φροντίδι
1950 689 2010 720 καὶ
2031 684 2187 730 κινδύνῳ
2203 689 2316 722 παντὶ

92 725 192 772 αὐτῷ
226 742 266 764 τε
296 732 356 762 καὶ
379 732 453 763 τοῖς
476 731 680 774 ἐπιχωρίοις
704 728 852 773 ἄρχουσι
873 732 933 763 καὶ
955 732 1034 763 ταῖς
1057 730 1293 774 πειθομέναις
1319 727 1438 763 αὐτοῖς
1459 730 1584 771 τάξεσι
1607 734 1774 773 κείσεται,
1804 727 1898 765 α’)’στε
1921 730 1986 766 τὰς
2005 730 2127 766 πόλεις
2148 734 2208 766 καὶ
2231 732 2314 767 τοὺς
2342 735 2381 768 10

90 773 223 809 τόπους
255 777 316 809 καὶ
347 773 393 808 τὰ
424 774 619 820 πρόσωπα,
649 770 718 808 ὅσα
741 772 981 819 ὑπεθήκαμεν
1004 775 1048 822 τῇ
1073 772 1346 821 ὑποτεταγμένῃ
1371 772 1467 817 τῷδε
1489 775 1543 818 τῷ
1565 773 1668 819 νόμῳ
1693 774 1890 822 ἀπογραφῇ
1914 779 1974 810 καὶ
1998 774 2236 822 ἀφωρίσαμεν
2259 777 2313 820 τῷ

90 820 168 853 τῶν
198 818 344 853 ναύλων
366 817 491 863 τίτλῳ,
523 819 756 865 εἰσπράττειν
776 818 894 863 πάσης
915 817 1097 863 μειώσεως
1120 823 1226 865 χωρὶς
1249 822 1309 853 καὶ
1330 816 1500 854 ἀπαιτεῖν
1525 819 1565 855 τὸ
1590 821 1765 855 ἐντεῦθεν
1785 824 1932 866 χρυσίον
1955 818 2059 855 ἅπαν
2084 824 2145 855 καὶ
2169 819 2314 855 διδόναι

89 866 145 907 τῷ
175 865 255 898 τῶν
284 863 432 898 ναύλων
463 861 645 907 ἀποδέκτη
670 863 757 898 εἴσω
787 865 864 898 τῶν
891 867 1124 911 τεταγμένων
1152 865 1290 909 καιρῶν
1321 861 1399 898 κατ’
1425 862 1531 899 οὐδὲν
1556 862 1685 900 αὐτοὺς
1708 863 1988 909 ὑπερβαίνοντα,
2013 862 2109 900 ὥστε
2130 866 2181 911 μὴ
2205 867 2314 910 ἐμπο-

90 907 189 943 δίσαι
218 909 272 952 τῷ
304 910 383 944 τῶν
412 908 558 944 ναύλων
588 899 698 956 λόγῳ,
731 905 820 954 ὅπερ
852 910 954 944 ἐστὶν
978 910 1085 944 αι’·θις
1105 908 1311 963 ἐμπόδισμα
1334 911 1397 952 τῆς
1421 910 1537 944 αἰσίας
1560 909 1721 954 ἐμβολῆς.
1769 914 1828 945 καὶ
1850 911 1920 957 γὰρ
1943 908 1987 954 δὴ
2011 914 2071 945 καὶ
2095 908 2114 944 ὁ
2140 910 2315 945 ἐντεῦθεν

89 952 253 989 κίνδυνος
275 950 390 989 οὕτως
414 951 525 989 αὐτὸν
549 951 693 999 ὄψεται,
717 950 814 988 ὥστε
837 951 1118 1001 ἀναγκασθῆναι
1138 956 1216 989 πᾶν
1239 951 1331 1000 ὅπερ
1356 953 1404 987 ἂν
1427 953 1476 998 μὴ
1502 955 1767 1000 ἐμπροθέσμως
1790 954 1992 1000 καταβάλοι
2009 957 2062 999 τῷ
2076 957 2153 990 τῶν
2168 954 2314 990 ναύλων
2342 958 2381 990 15

89 997 282 1045 ἀποδέκτῃ,
315 1000 423 1033 τοῦτο
450 997 644 1034 διπλάσιον
675 998 919 1035 ἀπαιτεῖσθαι
951 996 1065 1034 αι’·τόν
1096 1013 1136 1034 τε
1164 1002 1225 1033 καὶ
1248 999 1316 1042 τὴν
1340 998 1450 1034 αὐτοῦ
1475 998 1592 1040 τάξιν.
1646 999 1695 1034 Τὰ
1721 998 1761 1035 δὲ
1783 996 1854 1035 ὅσα
1877 1003 1916 1035 ἐκ
1940 1002 2004 1044 τῆς
2027 997 2316 1046 παραδιδομένης

92 1042 192 1087 αὐτῷ
219 1041 301 1090 παρ’
328 1043 435 1088 ἡμῶν
457 1045 573 1090 χώρας
596 1044 799 1090 εἰσφέρεται
821 1048 899 1079 ταῖς
921 1046 1115 1089 τραπέζαις
1137 1045 1201 1088 τῆς
1224 1046 1285 1087 σῆς
1307 1040 1489 1090 ὑπεροχῆς,
1513 1045 1628 1079 ταῦτα
1651 1043 1711 1080 διά
1731 1058 1772 1080 τε
1794 1047 1857 1089 τῆς
1879 1045 2013 1086 τάξεως
2035 1046 2097 1089 τῆς
2120 1047 2182 1090 σῆς
2205 1044 2314 1091 ὑπερ-

89 1090 172 1132 οχῆς
203 1086 264 1123 διά
294 1102 334 1123 τε
363 1090 443 1124 τῶν
469 1093 705 1134 σκρινιαρίων
734 1092 794 1124 καὶ
821 1090 1052 1135 τρακτευτῶν
1085 1091 1161 1125 τῶν
1183 1090 1382 1135 εἰρημένων
1406 1091 1591 1144 ἐπαρχιῶν
1611 1090 1729 1134 οἰκείῳ
1755 1088 1866 1125 αὐτοῦ
1891 1088 2049 1134 κινδύνῳ
2074 1089 2315 1126 ἀπαιτεῖσθαι

89 1133 300 1179 βουλόμεθα
329 1136 368 1168 ἐκ
401 1134 476 1169 τῶν
504 1133 636 1170 τόπων
665 1137 727 1168 καὶ
755 1136 834 1169 τῶν
863 1132 1009 1170 πόλεων
1038 1137 1098 1169 καὶ
1131 1146 1160 1170 π
1182 1136 1343 1170 οσώπων
1374 1135 1452 1169 τῶν
1484 1139 1733 1179 υποκειμένων
1763 1133 1858 1178 τῷδε
1891 1135 1998 1180 ἡμῶν
2020 1136 2073 1180 τῷ
2095 1135 2189 1180 θείῳ
2211 1134 2313 1180 νόμῳ

89 1182 150 1214 καὶ
173 1182 400 1226 σαφεστέραν
421 1178 630 1215 ποιούντων
659 1182 729 1223 τὴν
752 1181 814 1223 τῆς
837 1178 1057 1226 εἰσπράξεως
1081 1177 1161 1214 simo
1185 1184 1260 1215 ίαν·
1288 1178 1393 1215 αὐτοὶ
1414 1180 1482 1226 γὰρ
1505 1180 1626 1215 ταῦτα
1649 1180 1824 1226 πράξουσι
1847 1184 1908 1215 καὶ
1931 1180 2099 1216 ἐνταῦθα
2119 1183 2312 1227 πέμψουσι.
2339 1181 2381 1215 20

1027 1281 1184 1318 CAPUT
1214 1281 1381 1318 XXVIII.

225 1351 299 1383 Καὶ
327 1345 411 1383 οὐδὲ
442 1347 550 1396 λόγον
582 1346 730 1385 ἀσυλίας
753 1347 864 1384 δώσει
887 1360 951 1392 τις,
972 1349 1044 1383 ε’ύτε
1066 1347 1086 1383 ὁ
1109 1348 1178 1393 τὴν
1201 1346 1316 1396 ἀρχὴν
1339 1351 1433 1392 ἔχων
1457 1349 1528 1384 stu
1551 1347 1689 1385 πόλεως
1713 1351 1907 1385 ἐπίσκοπος
1929 1350 2001 1385 εἴτε
2024 1347 2044 1384 ὁ
2070 1351 2133 1394 τῆς
2151 1348 2313 1392 Ἀλεξαν-

90 1393 208 1429 δοέων
238 1393 476 1439 περίβλεπτος
507 1391 776 1451 ατΞγουστάλιος,
808 1394 841 1429 εἰ
869 1393 926 1448 ptr}
952 1394 1150 1440 πρόσταξις
1180 1397 1329 1441 γένηται
1360 1395 1426 1429 τοῦ
1458 1392 1599 1440 θρόνου
1631 1396 1696 1429 τοῦ
1727 1395 1792 1429 σοῦ
1822 1396 1940 1430 ταῦτα
1970 1394 2169 1440 βουλομένη
2196 1392 2224 1439 ἢ
2254 1398 2314 1430 καὶ

90 1429 194 1474 αἶτοὶ
226 1438 263 1473 οἱ
292 1453 314 1474 τ
339 1442 507 1475 ammai
536 1453 558 1482 η
590 1439 625 1474 οἱ
655 1438 870 1496 σκρινιάριοι
902 1452 924 1483 η
954 1440 990 1474 οἱ
1021 1439 1087 1474 τὸν
1116 1439 1234 1475 τόπον
1264 1436 1388 1474 αὗτῶν
1417 1440 1603 1482 ἐπέχοντες
1633 1441 1743 1475 τοῦτο
1773 1437 1992 1484 αἰτήσουσιν,
2028 1441 2089 1475 ἐπὶ
2117 1441 2180 1484 τῆς
2208 1438 2316 1484 αὐτῆς

88 1487 214 1529 μέντοι
238 1497 308 1530 προ
342 1488 465 1528 εσμίας
488 1487 548 1519 καὶ
572 1485 632 1520 ἐπὶ
655 1497 795 1519 τουτοις
818 1487 891 1519 τοῖς
914 1480 1020 1530 ὅροις,
1045 1481 1099 1531 ἐφ’
1126 1484 1176 1519 οἷς
1200 1482 1248 1519 ἂν
1270 1481 1291 1518 ὁ
1316 1484 1348 1519 θ
1372 1482 1453 1520 όνος
1475 1483 1495 1519 ὁ
1521 1483 1583 1519 σὸς
1606 1484 1841 1532 προστάξειεν
1864 1482 1964 1528 ἢκαὶ
1981 1483 2084 1520 αὐτοὶ
2098 1483 2314 1531 βουληθεῖεν

89 1531 203 1563 ταῦτα
236 1530 429 1575 γενέσθαι·
465 1528 563 1573 πλὴν
591 1530 623 1564 εἰ
653 1529 703 1574 μὴ
732 1530 801 1564 τὸν
821 1529 928 1576 λόγον
953 1531 1014 1564 ἐπὶ
1036 1528 1156 1573 τούτῳ
1182 1528 1289 1574 δοῖεν,
1318 1531 1364 1576 ἐφ
1400 1529 1450 1564 οἷς
1474 1530 1559 1564 εἵσω
1583 1530 1706 1575 ῥητῶν
1729 1527 1921 1577 (ἡμερῶν)
1944 1529 2163 1571 ἐξελθόντας
2186 1528 2315 1565 αὐτοὺς
2338 1530 2380 1563 25

89 1574 187 1609 ἐκτὸς
217 1576 296 1609 τῶν
326 1574 435 1620 ἱερῶν
465 1578 611 1622 χωρίων
643 1574 824 1620 πρόνοιαν
853 1575 997 1609 θέσθαι
1027 1575 1091 1609 τοῦ
1123 1575 1214 1610 πᾶσι
1244 1572 1392 1619 τρόποις
1421 1573 1613 1621 πληρῶσαι
1642 1574 1684 1610 τὸ
1718 1572 1894 1619 δημόσιον
1923 1573 1948 1618 ἢ
1977 1574 2021 1610 τὸ
2054 1574 2181 1610 ἱκανὸν
2214 1572 2313 1618 αἰετῷ

90 1621 248 1663 ποιῆσαι,
281 1617 328 1654 ὥς
359 1618 407 1654 ἂν
436 1622 544 1655 τοῦτο
575 1619 721 1700 lagoum
752 1619 967 1666 σκοινιάριοι
998 1621 1062 1654 τοῦ
1095 1617 1326 1666 δικαστηρίου
1357 1621 1422 1654 τοῦ
1452 1621 1516 1654 σοῦ
1548 1619 1584 1654 οἱ
1616 1622 1698 1667 περὶ
1720 1619 1850 1655 τούτου
1873 1618 2140 1655 κινδυνεύοντες
2162 1619 2313 1655 ἕλοιντο.

88 1665 157 1698 τόν
187 1664 258 1711 γὰρ
288 1663 389 1710 παρὰ
421 1666 540 1699 ταῦτα
575 1662 610 1699 δι
636 1664 655 1699 ό
684 1678 768 1700 ενον
798 1653 906 1712 λόγον
938 1662 1023 1700 οὐδὲ
1055 1662 1165 1712 λόγον
1197 1665 1291 1700 εἶναι
1313 1663 1541 1710 βουλόμεθα,
1574 1662 1663 1699 ἀλλὰ
1688 1663 1927 1708 πανταχόθεν
1950 1665 2018 1709 τὴν
2042 1665 2233 1711 εἴσπραξιν
2254 1667 2314 1700 καὶ

90 1707 196 1744 ἔνδον
227 1709 304 1744 τῶν
333 1710 442 1756 ἱερῶν
471 1713 618 1753 χωρίων
641 1713 836 1755 υπομένειν
857 1710 926 1744 τὸν
950 1709 1115 1754 λαβόντα
1139 1707 1262 1754 μάτην
1285 1711 1354 1745 τὸν
1379 1712 1546 1745 τοιοῦτον
1565 1708 1686 1757 λόγον,
1711 1709 1803 1756 πρὸς
1826 1711 1879 1753 τῷ
1899 1714 1964 1744 ’καὶ
1988 1709 2055 1745 τὸν
2078 1707 2314 1755 παρασχόντα

89 1756 222 1789 τοῦτον
246 1752 469 1789 ὑποκεῖσθαι
499 1758 577 1789 ταῖς
609 1756 787 1790 ἐντεῦθεν
810 1753 1023 1799 εἰσπράξεσί
1042 1768 1083 1789 τε
1106 1758 1165 1789 καὶ
1188 1753 1399 1800 μεθοδείαις
1420 1758 1480 1789 καὶ
1504 1754 1743 1800 κληρονόμους
1765 1768 1805 1790 τε
1829 1755 1939 1790 αὐτοῦ
1963 1758 2023 1789 καὶ
2047 1753 2232 1798 διαδόχους
2255 1758 2315 1789 καὶ
2338 1753 2381 1787 30

89 1800 296 1846 πράγματα.
344 1800 375 1834 εἰ
407 1797 451 1834 δέ
477 1810 531 1834 τις
552 1800 631 1834 τῶν
654 1799 955 1846 θεοφιλεστάτων
979 1797 1192 1834 ἐπισκόπων
1215 1799 1316 1846 παρὰ
1338 1800 1385 1834 τὰ
1409 1800 1577 1846 εἰρημένα
1601 1798 1680 1843 δοίη
1705 1799 1821 1847 λόγον,
1856 1798 2015 1846 ἀνάγκην
2039 1801 2179 1841 ἕξουσιν
2201 1799 2238 1834 οἱ
2255 1802 2316 1843 τῆς

90 1966 446 2010 Alexandrinorum,
475 1971 649 2013 quantum
680 1968 847 2020 reqiones
875 1970 910 2001 et
940 1966 1048 2002 urbes
1076 1966 1142 2002 sub
1169 1976 1215 2002 eo
1239 1966 1456 2002 constitutae
1479 1966 1700 2012 conserunt.-
1728 1965 1932 2013 periculum
1954 1965 2187 2003 subeuntibus
2208 1966 2315 2003 etiam

91 2012 304 2064 clarissimis
336 2012 489 2064 tribunis
512 2016 548 2048 et
571 2013 670 2048 omni
690 2012 788 2049 civili
802 2018 845 2065 'et
862 2011 1012 2059 publico
1036 2011 1234 2064 adiutorio,
1267 2014 1339 2063 tam
1364 2011 1462 2064 circa
1485 2011 1670 2064 cinqulum
1693 2021 1802 2057 quam
1826 2010 1924 2047 circa
1946 2011 2184 2064 substantiam
2207 2015 2317 2066 atque

89 2068 221 2138 m.
233 2056 462 2149 ⁸3²}2‘25‘ZZ‘22221‘12
477 2067 675 2149 Οέἵεΐςὲἕέ
693 2055 1131 2139 ἷέἔιῖἓέῗέῑεεδίἴέηζῖἷῗὶι
1140 2056 1327 2137 §aasz
1341 2060 1532 2137 ἵῖἵιῖέὲἳᾞὲ
1550 2066 1645 2137 ἵῖἕῗὲ
1666 2054 2014 2137 §amittat
2022 2055 2317 2148 tamam

89 2147 146 2184 vel
168 2146 224 2182 his
247 2147 311 2193 qui
330 2147 375 2183 ab
396 2158 438 2183 eo
462 2146 686 2193 deputantur
693 2160 708 2189 ;
732 2147 833 2194 quod
854 2150 974 2183 autem
996 2157 1063 2182 nos
1085 2145 1278 2183 alimoniae
1300 2145 1401 2182 urbis
1413 2145 1747 2182 Alexandrinorum
1764 2145 1822 2181 lar
1848 2146 1943 2182 imur
1957 2156 2070 2192 usque
2087 2145 2138 2182 ad
2152 2146 2316 2193 quintum

89 2192 264 2228 decimum
293 2191 424 2228 mensis
449 2190 615 2228 Octobris
641 2193 757 2229 mittet
779 2195 814 2228 et
838 2192 956 2228 tradet
979 2191 1092 2228 eidem
1114 2191 1303 2238 spectabili
1326 2191 1520 2238 Auqustali
1541 2190 1601 2228 vel
1620 2190 1676 2227 his
1700 2191 1763 2237 qui
1786 2202 1809 2226 a
1857 2189 1926 2227 hoc
1949 2190 1995 2227 ab
2018 2202 2060 2227 eo
2083 2190 2316 2238 deputantur,

90 2237 132 2273 id
146 2237 254 2283 quod
275 2237 385 2273 etiam
409 2240 517 2272 antea
541 2236 795 2285 disposuimus.
830 2235 957 2273 Faciet
979 2241 1098 2273 autem
1112 2236 1323 2284 plenariam
1337 2235 1532 2273 secundum
1547 2235 1588 2271 id
1602 2235 1702 2282 quod
1715 2246 1831 2283 supra
1848 2246 1871 2272 a
1885 2235 1990 2272 nobis
2003 2235 2235 2273 constitutum
2244 2239 2314 2272 est.

225 2293 376 2330 XXVII.
425 2293 575 2336 Deinde,
606 2293 708 2340 quod
729 2304 805 2330 rem
827 2293 992 2340 sequitur
1013 2293 1139 2336 (naula
1162 2292 1337 2336 dicimus),
1361 2303 1485 2328 curam
1514 2296 1550 2329 et
1569 2303 1673 2328 omne
1689 2292 1897 2339 periculum
1921 2292 1956 2328 ei
1977 2296 2014 2328 et
2026 2291 2318 2345 provincialibus

90 2338 270 2375 iudicibus
299 2343 335 2375 et
365 2338 503 2384 officiis
533 2338 586 2374 eis
614 2338 831 2386 parentibus
853 2341 1024 2384 facesset,
1057 2342 1098 2374 ut
1120 2337 1165 2374 ab
1189 2338 1339 2374 urbibus
1361 2341 1398 2374 et
1420 2338 1509 2373 locis
1530 2340 1567 2374 et
1585 2337 1754 2383 personis
1777 2348 1870 2384 quas
1892 2337 1930 2373 in
1953 2336 2112 2373 subiecta
2136 2335 2220 2373 huic
2242 2337 2277 2373 le
2301 2338 2316 2373 i

90 2384 334 2431 descriptione
363 2383 588 2420 subdidimus
618 2388 655 2420 et
685 2384 879 2420 naulorum
913 2383 1017 2420 titulo
1049 2383 1326 2430 assiqnavimus‚
1357 2382 1533 2428 colliqant
1554 2384 1632 2418 sine
1654 2382 1731 2418 ulla
1755 2382 2000 2418 imminutione
2023 2386 2059 2419 et
2082 2393 2213 2418 aurum
2231 2382 2269 2418 in

92 2440 197 2465 omne
227 2429 383 2475 eoeiqant
415 2433 452 2465 et
475 2428 669 2465 naulorum
693 2429 900 2476 susceptori
920 2428 1005 2464 dent
1028 2429 1126 2464 intra
1141 2428 1382 2475 praefinitum
1405 2431 1545 2474 tempus
1574 2438 1804 2474 nequaquam
1835 2426 1904 2463 hoc
1933 2427 2081 2474 eqressi,
2111 2437 2157 2462 ne
2186 2426 2315 2463 naulo-

90 2485 172 2510 rum
190 2475 369 2510 rationem
393 2473 603 2521 impediant,
626 2473 667 2510 id
690 2474 790 2520 quod
810 2484 939 2510 rursus
961 2472 1214 2520 impedimento
1238 2477 1294 2509 est
1313 2472 1417 2519 felici
1439 2471 1610 2508 embolae.
1643 2471 1786 2508 Etenim
1809 2473 1917 2508 etiam
1947 2472 2140 2518 ‚er-iculum
2162 2471 2240 2508 eius
2261 2473 2317 2509 rei

90 2520 144 2555 ita
176 2519 226 2555 ad
255 2530 335 2555 eum
364 2519 570 2566 pertinebit,
601 2523 641 2554 ut
672 2518 851 2572 quidquid
872 2519 971 2555 intra
992 2522 1167 2554 statutum
1191 2522 1331 2565 tempus
1352 2517 1545 2554 naulorum
1567 2518 1771 2564 susceptori
1794 2527 1870 2553 non
1891 2527 1932 2553 sc
1948 2517 2050 2559 verit,
2073 2516 2142 2552 hoc
2165 2516 2316 2570 duplum

91 2564 267 2610 exiqatur
297 2564 341 2599 ab
373 2564 455 2610 ipso
486 2567 521 2601 et
551 2565 629 2600 eius
660 2564 798 2609 officio.
846 2562 1090 2610 Quaecunque
1120 2573 1204 2599 vero
1234 2573 1285 2599 ex
1313 2563 1462 2609 reqione
1492 2573 1515 2597 a
1538 2562 1642 2598 nobis
1664 2562 1698 2598 ei
1721 2562 1911 2598 commissa
1935 2562 2066 2598 mensis
2087 2561 2316 2598 subtinutatis

93 2614 176 2644 tuae
210 2609 434 2654 inferuntur,
468 2620 513 2645 ea
541 2620 614 2656 per
645 2609 810 2655 officium
841 2608 1073 2645 sublimitatis
1104 2612 1188 2644 tuae
1215 2613 1251 2644 et
1280 2608 1493 2649 scriniarios
1524 2611 1560 2643 et
1588 2610 1806 2642 tractatores
1836 2605 2016 2642 dictarum
2040 2607 2316 2654 provinciarum

90 2654 247 2700 proprio
279 2664 404 2689 eorum
432 2654 601 2701 periculo
633 2654 736 2700 exiqi
759 2653 924 2690 volumus
942 2665 962 2690 e
986 2653 1075 2689 locis
1098 2657 1133 2689 et
1154 2653 1303 2689 urbibus
1324 2656 1361 2689 et
1381 2652 1549 2699 personis
1571 2650 1655 2687 huic
1677 2661 1807 2687 sacrae
1830 2651 1903 2698 leqi
1924 2655 2071 2688 nostrae
2089 2651 2259 2688 subiectis
2280 2654 2317 2688 et

88 2698 295 2745 planiorem
318 2698 551 2735 reddentibus
573 2699 780 2735 eoeactionis
801 2699 1041 2745 facilitatem.-
1065 2698 1099 2734 ei
1121 2698 1215 2733 enim
1239 2697 1329 2734 haec
1348 2701 1529 2744 peraqent
1550 2700 1587 2733 et
1609 2696 1678 2733 huc
1702 2696 1853 2733 mittent.

226 2754 396 2790 XXVIII.
443 2758 497 2791 Ac
526 2766 572 2790 ne
600 2753 710 2803 λόγον
740 2754 883 2802 quidem
914 2754 1012 2801 asyli
1041 2754 1233 2801 quisquam
1255 2753 1355 2790 dabit
1377 2754 1451 2790 sive
1473 2753 1540 2800 qui
1560 2753 1749 2799 imperium
1773 2751 1882 2789 habet
1902 2752 1977 2789 sive
1998 2752 2101 2788 urbis
2123 2754 2317 2800 episcopus

91 2799 167 2836 sive
201 2799 303 2834 urbis
333 2799 667 2836 Alexandrinorum
696 2800 906 2853 spectabilis
934 2799 1166 2846 Auqustatis,
1202 2799 1273 2834 nisi
1301 2799 1415 2835 iussio
1436 2797 1621 2845 ‘procedat
1651 2797 1748 2834 sedis
1779 2801 1865 2833 tuae
1895 2796 1964 2833 hoc
1987 2797 2223 2845 praecipiens
2248 2803 2317 2834 aut

92 2845 201 2881 etiam
231 2844 304 2891 ipsi
337 2848 553 2880 tractatores
583 2849 618 2881 et
639 2845 828 2881 scriniarii
851 2845 907 2882 vel
928 2846 991 2891 qui
1014 2855 1139 2880 eorum
1163 2844 1280 2880 locum
1304 2843 1465 2879 obtinent
1487 2843 1527 2879 id
1547 2842 1731 2889 petlerint,
1754 2842 1875 2879 eodem
1900 2845 2017 2878 tamen
2041 2841 2100 2878 die
2120 2842 2315 2895 praefinito

93 2893 128 2926 et
159 2888 289 2925 eisdem
321 2889 611 2933 condicionibus,
640 2890 705 2925 sub
736 2890 867 2936 quibus
890 2890 930 2925 id
949 2890 1032 2935 fieri
1049 2888 1153 2925 sedes
1178 2894 1241 2925 tua
1262 2889 1494 2935 praeceperit
1517 2891 1583 2924 aut
1607 2888 1714 2923 etiam
1738 2888 1810 2934 ipsi
1832 2887 1871 2923 id
1890 2887 1976 2933 fieri
1995 2887 2186 2923 voluerint.
2234 2886 2317 2923 Nisi

93 2934 204 2981 λόγον
237 2944 282 2971 ea
315 2934 401 2969 dent
434 2934 663 2979 condicione,
697 2941 739 2970 ut
775 2936 875 2971 intra
906 2939 1024 2970 certos
1054 2934 1131 2971 dies
1159 2945 1179 2970 e
1207 2933 1346 2970 sanctis
1376 2933 1467 2969 locis
1497 2933 1633 2979 eqressi
1658 2931 1898 2979 provideant,
1934 2935 1977 2967 ut
2007 2932 2170 2969 omnibus
2199 2931 2316 2967 modis

91 2979 236 3027 publico
267 2978 422 3014 debitum
453 2979 646 3015 exsolvant
677 2979 734 3015 vel
753 2980 844 3015 satis
866 2980 901 3016 ei
921 2980 1078 3025 faciant,
1110 2978 1409 3026 quemadmodum
1432 2977 1502 3014 hoc
1524 2978 1690 3024 accipere
1712 2977 1899 3012 scriniarii
1922 2976 2113 3012 tribunalis
2134 2976 2186 3012 tui
2209 2976 2316 3012 huius

92 3025 147 3060 rei
174 3024 376 3071 periculum
405 3024 622 3060 sustinentes
645 3024 834 3060 voluerint.
881 3024 1007 3071 Λόγον
1029 3024 1123 3059 enim
1139 3028 1294 3070 praeter
1316 3023 1405 3059 hacc
1427 3022 1551 3059 datum
1575 3033 1620 3058 ne
1643 3032 1719 3057 esse
1739 3021 1882 3067 quidem
1906 3019 2016 3067 λόγον
2038 3021 2217 3063 volumus,
2250 3020 2316 3072 sed

95 3071 241 3106 omnino
274 3070 501 3105 exactionem
532 3069 711 3104 sustinere
740 3070 848 3104 etiam
880 3070 980 3105 intra
1011 3072 1140 3105 sancta
1172 3069 1254 3104 loca
1285 3078 1365 3104 eum
1389 3068 1456 3114 qui
1478 3072 1608 3103 temere
1631 3065 1837 3102 huiusmodi
1857 3065 1964 3112 λόγον
1986 3066 2177 3111 acceperit,
2202 3068 2237 3100 et
2258 3075 2314 3100 in-

92 3124 204 3161 super
234 3125 314 3150 eum
346 3115 412 3160 qui
441 3113 536 3150 hunc
565 3114 777 3160 praebuerit
806 3113 1003 3149 obnoxium
1037 3124 1113 3149 esse
1144 3113 1398 3149 exactionibus
1420 3117 1457 3148 et
1479 3111 1772 3147 conventionibus
1793 3109 1877 3146 inde
1901 3109 2083 3150 oriundis,
2114 3114 2149 3146 et
2168 3108 2316 3145 heredes

94 3160 172 3195 eius
203 3163 239 3196 et
268 3169 494 3195 successores
524 3162 561 3195 et
589 3158 836 3194 substantiam.
884 3158 1024 3201 Quodsi
1051 3158 1133 3204 quis
1155 3157 1217 3194 dei
1237 3158 1566 3194 amantissimorum
1589 3156 1842 3202 episcoporum
1858 3158 2011 3201 praeter
2034 3165 2077 3190 ea
2099 3164 2194 3200 quae
2216 3154 2315 3191 dixi-

144 3330 161 3363 1
195 3326 235 3361 αἱ
258 3328 335 3362 add.
361 3327 548 3361 Zachariae
577 3324 591 3365 ΙΙ
623 3322 683 3360 ὑπ’
708 3323 828 3368 Kroll]
861 3320 915 3358 ἐπ’
943 3325 990 3358 Μ
1016 3325 1028 3369 ΙΙ
1058 3325 1175 3370 εἰσφέ-
1242 3323 1255 3369 ΙΙ
1282 3326 1322 3359 13
1346 3319 1632 3368 ὑπερβαίνοντας
1656 3321 1845 3355 Zachariae
1861 3321 1874 3365 ΙΙ
1901 3323 1942 3356 14
1965 3322 2067 3355 ἔσται
2092 3322 2310 3366 Zachariae-fl

99 3383 199 3417 ρουσι
224 3374 302 3406 add.
321 3373 519 3413 Zachariae,
548 3371 735 3405 exciderunt
749 3371 889 3410 forsitan
902 3370 1014 3413 plura,
1038 3372 1080 3411 cll
1099 3383 1125 3404 e.
1141 3384 1173 3414 9.
1247 3370 1288 3403 16
1311 3365 1555 3402 ἀπαιτεῖσθαι
1572 3367 1750 3411 Aqylaeus]
1771 3364 1971 3409 ἀπαιτῆσαι
1986 3367 2036 3408 M,
2061 3363 2313 3410 ἆποκαταστῆ·

98 3420 174 3459 785,
187 3426 231 3452 10.
250 3420 326 3458 790,
341 3425 358 3451 8
374 3416 386 3460 ΙΙ
406 3418 427 3450 4
448 3418 596 3450 lacunam
612 3422 758 3450 statuunt
775 3415 882 3459 vulqo,
898 3426 994 3458 quam
1013 3416 1061 3448 ad
1073 3427 1175 3448 exem·
1242 3423 1304 3447 σαι
1329 3413 1516 3447 Zachariae
1531 3412 1543 3455 ΙΙ
1566 3413 1606 3446 18
1628 3408 1753 3446 αὐτῶν
1777 3412 1964 3445 Zachariae
1981 3412 1994 3453 fl
2012 3413 2055 3445 20
2083 3409 2314 3456 εἰσπράξουσι

92 3464 173 3506 plar
197 3464 260 3496 loci
283 3463 361 3503 782,
378 3469 414 3495 εδ
428 3474 499 3505 sqq.
524 3461 630 3504 explet
644 3461 853 3499 Zachariam
877 3460 937 3493 sed
950 3461 1062 3502 potius
1077 3457 1173 3502 εἰμὴ
1243 3459 1431 3492 Zachariae
1455 3457 1468 3500 ΙΙ
1493 3458 1534 3511 21
1560 3452 1645 3510 ρ’ὖδὲ
1664 3458 1780 3498 Kroll]
1805 3454 1887 3490 οὔτε
1909 3457 1956 3490 Μ
1967 3458 1979 3499 ΙΙ
2001 3457 2044 3491 24
2066 3452 2089 3499 ἢ
2115 3458 2313 3497 Zachariae]

97 3509 199 3540 solum
232 3514 414 3550 corruptum
442 3515 489 3540 est
520 3507 708 3546 (sententiae
733 3513 842 3550 aptum
864 3502 907 3538 τὸ
932 3505 1077 3547 μέτρον)
1107 3504 1121 3547 ΙΙ
1153 3505 1173 3538 6
1241 3502 1273 3537 εἰ
1295 3503 1342 3537 Μ
1362 3502 1375 3540 ΙΙ
1404 3503 1448 3536 25
1473 3502 1491 3534 ἐ
1553 3514 1583 3543 ῳ
1605 3502 1794 3536 Zachariae
1818 3502 1830 3545 ΙΙ
1855 3499 2040 3545 εἰσορητὸν
2063 3502 2114 3542 Μ,
2138 3513 2221 3535 corr.
2245 3501 2313 3535 Za-

98 3549 330 3596 ὄκτωμβρίου
356 3552 397 3585 Μ
425 3550 437 3595 Η
471 3548 633 3584 στέλλειν
664 3552 724 3583 καὶ
754 3545 988 3595 παραδώσειν
1011 3549 1062 3590 M,
1088 3561 1171 3582 corr.
1241 3549 1374 3582 chariae
1388 3546 1401 3591 ΙΙ
1421 3548 1461 3581 27
1487 3515 1633 3590 λάβοιεν
1653 3546 1696 3580 M
1704 3548 1889 3591 perperam]
1915 3545 2038 3588 λαβεῖν
2061 3544 2097 3579 οἱ
2115 3546 2312 3588 Zachariae,

98 3597 201 3630 Kroll
221 3597 226 3639 Ι
261 3600 279 3631 7
303 3604 379 3640 post
402 3596 510 3630 τοῦτο
536 3604 688 3629 commate
728 3596 798 3629 also
822 3597 1051 3639 interpunqunt
1073 3592 1172 3637 vutyo
1241 3605 1284 3627 an
1309 3589 1496 3626 διαθεῖναι
1518 3591 1577 3626 oi?
1605 3591 1618 3635 Ι
1641 3593 1684 3626 29
1707 3591 1957 3636 παρασχαῖντα
1983 3591 2045 3624 Ma
2062 3592 2074 3635 ΙΙ
2093 3593 2133 3625 31
2161 3587 2250 3624 δοίει
2274 3590 2320 3624 Μ

97 3642 196 3684 (unde
212 3637 337 3686 ω’σπερ
355 3642 555 3684 Zachariae)
570 3641 583 3685 ss
604 3642 644 3675 10
669 3642 790 3675 αυτοῖς
803 3640 1000 3680 Zachariae]
1020 3634 1118 3672 αὐτῶ
1133 3638 1178 3672 M
