2476 3854
1168 67 1254 116 748

106 182 361 226 βεβαιοῦσθαι,
386 183 418 217 εἷ
442 181 481 217 δὲ
504 179 765 228 ἀνεμφᾶνιστοι
788 185 959 225 μείναιεν,
983 180 1237 228 ὑπερβαίνοιεν
1253 180 1293 217 δὲ
1307 186 1351 217 τὸ
1373 185 1506 228 μέτρον
1521 181 1563 217 τὸ
1588 181 1759 228 δεόμενον
1775 185 2008 230 ἐμφανίσεως,
2030 187 2133 232 μέχρι
2155 184 2327 221 τοσούτου

105 226 217 271 μόνου
249 226 357 263 αὐτὰς
386 228 593 273 ἐρρῶσθαι,
623 230 741 272 μέχρις
771 221 813 261 οὗ
845 230 905 261 καὶ
935 225 1222 273 ἀνεμφανίστους
1254 227 1319 262 τοὶς
1353 226 1489 274 δωρεὰς
1513 228 1655 275 ἰσχυρὰς
1677 228 1769 263 εἶναι
1792 227 1876 277 παρ’
1901 227 2007 275 ἡμῶν
2030 230 2328 274 νενομοθέτηται.

106 273 214 307 τοῦτο
243 272 313 320 γὰρ
344 274 383 307 ἐν
406 271 545 319 ὑστέρῳ
569 271 883 315 νομοθετήσαντες
912 276 1056 319 κρατεῖν
1080 271 1168 307 αὐτὸ
1198 270 1422 318 βουλόμεθα,
1453 276 1512 307 καὶ
1541 273 1589 317 μὴ
1619 272 1676 308 διὰ
1707 274 1775 316 τὴν
1805 287 1833 310 π
1856 274 2015 331 οςθηκην
2037 277 2099 319 τῆς
2129 275 2330 319 ποσότητος

106 315 318 353 διαπίπτειν
347 320 407 351 καὶ
437 318 480 351 τὸ
511 316 634 362 ὀρθῶς
657 319 752 359 ἔχειν
782 316 993 361 δυνάμενον,
1025 314 1114 373 ὅπερ
1144 322 1204 352 καὶ
1236 319 1295 354 ἐπὶ
1323 319 1402 352 τῶν
1433 316 1595 352 καθόλου
1626 316 1776 364 δωρεῶν
1805 318 1870 363 ἦη
1900 332 2008 364 νομος
2037 317 2202 376 ἡμέτερρς
2225 319 2327 367 λέγει.

105 363 247 397 τούτων
267 362 499 407 κρατούντων
522 359 562 396 οὗ
585 360 699 405 μόνον
722 363 784 397 ἐπὶ
805 361 971 409 γυναικὸς
1001 365 1061 397 καὶ
1089 361 1234 410 ανδρός,
1265 361 1353 397 ἀλλὰ
1385 366 1444 397 καὶ
1474 364 1535 398 ἐπὶ
1565 364 1644 400 τῶν
1667 363 1791 399 ἄλλων
1819 364 2032 411 προςῶπων,
2063 362 2115 411 ἐφ’
2143 380 2196 400 ων
2219 366 2258 400 αὶ
2288 367 2329 401 ἐν

104 407 227 454 γάμοις
250 406 382 453 δωρεαὶ
405 405 633 442 κεκώλυνται.
1952 407 1962 419 ’“

107 70 217 115 Nov.
247 55 402 116 CLXII
434 73 540 113 1-3
2007 85 2148 119 sAcRA
2174 86 2326 120 romu

1105 476 1261 512 OAPUT
1284 477 1330 512 ΙΙ.

241 541 418 589 Δεύτερον
441 540 482 576 δὲ
508 546 565 577 ἔτι
596 539 793 587 κεφάλαιον
816 540 918 589 παρὰ
946 543 1008 584 τῆς
1039 543 1102 586 σῆς
1130 541 1303 588 ὑπεροχῆς
1325 540 1579 590 ἠρωτήθημεν,
1608 543 1640 578 εἰ
1668 543 1759 588 μετὰ
1781 542 1848 589 τὴν
1872 543 2039 586 διάταξιν
2061 544 2130 589 τὴν
2152 542 2328 592 ἡμετέραν

105 588 174 632 τὴν
197 587 421 632 βουλομένην
446 588 485 628 ἐξ
510 586 700 632 ἐλευθέρας
723 589 782 621 καὶ
806 586 1058 634 ἐναπογράφου
1081 591 1308 631 τικτομένους
1330 588 1432 623 τινὰς
1455 589 1532 624 εἶτα
1556 587 1763 635 ἐλευθέρους
1787 588 1847 624 διὰ
1872 591 1938 632 τὴν
1953 592 2014 634 τῆς
2035 589 2169 636 μητρὸς
2190 591 2328 637 αἵρεσιν

104 632 213 668 ὄντας
246 631 301 667 δεῖ
331 635 492 675 νομίζειν
514 631 562 667 ῶς
593 633 624 666 εἱ
653 635 712 665 καὶ
743 631 791 676 μὴ
821 631 1014 679 γεγόνασιν
1037 633 1287 686 ἐναπόγραφοι
1309 632 1401 667 κατὰ
1424 632 1467 668 τὸ
1491 633 1657 676 παλαιόν,
1686 631 1761 668 ἀλλ’
1784 628 1848 669 οὖν
1871 633 1963 670 ὅλως
1991 634 2144 670 κολωνοὶ
2161 639 2330 691 γίνονται

104 677 164 712 διὰ
184 677 226 712 τὸ
251 677 320 722 τὴν
344 676 455 721 ἄλλην
477 678 582 721 ἡμῶν
607 675 773 718 διάταξιν
797 680 855 711 καὶ
887 678 968 712 τοὺς
999 680 1076 713 τῶν
1099 680 1272 714 κολωνῶν
1297 678 1428 713 παῖδας
1457 677 1498 713 οὗ
1528 682 1723 725 συγχωρεῖν
1747 679 2017 724 ἀπολιμπάνειν
2040 679 2108 725 τὴν
2129 694 2211 728 γην,
2239 679 2329 716 ἀλλὰ

102 727 224 768 μένειν
248 721 437 767 κολωνούς,
467 726 528 757 καὶ
552 721 837 767 πολλῴ,μᾶλλον
860 724 968 758 τοῦτο
993 722 1068 758 δεῖν
1091 724 1194 767 εἶναι,
1224 726 1371 770 ἐπείπερ
1402 725 1503 759 ἐστὶν
1527 726 1566 759 ἐν
1590 724 1728 760 τούτοις
1758 728 1831 760 τοῖς
1858 724 2059 770 προςώποις
2082 723 2176 761 ὅλως
2198 727 2328 761 ἐναπο-

101 768 255 816 γράφων
272 767 402 814 σπορὰ.
434 769 551 803 ταῖτα
569 770 635 812 μὲν
654 768 718 802 οὖν
742 769 802 803 ἐπὶ
825 770 887 809 τῆς
908 768 1116 813 ἐρωτήσεως
1137 763 1183 812 ἦν
1206 770 1268 813 τῆς
1291 770 1350 812 σῆς
1371 768 1462 803 κατὰ
1485 768 1526 803 τὸ
1550 770 1667 814 ῥηθὲν
1689 767 1893 815 κεφάλαιον.
1926 770 1991 816 χρὴ
2013 768 2054 805 δὲ
2075 769 2143 806 τὸν
2158 770 2330 817 ἡμέτερον

103 814 401 848 ἀνασκοποῖντας
423 815 512 847 νοῦν
535 812 739 860 γινώσκειν,
770 811 817 847 ῶς
848 810 1083 849 οὐδεπώποτε
1113 812 1210 858 ἡμεῖς
1232 813 1430 862 ἐλευθέραν
1450 818 1609 862 γαστέρα
1631 818 1767 849 τίκτειν
1790 814 2046 869 ἐναπόγραφον
2068 817 2328 864 συγχωροῦμεν,

103 858 193 894 ἀλλὰ
217 859 259 894 τὸ
284 858 467 904 σύμβολον
490 856 535 902 δὴ
560 859 666 893 τοῦτο
689 860 748 892 καὶ
774 862 918 902 σημεῖον
942 860 1151 894 ἐπικεῖσθαι
1183 859 1236 894 δεῖ
1265 861 1318 903 τῷ
1349 862 1573 907 γεγενημένῳ
1603 859 1693 905 μετὰ
1720 860 1786 894 τὸν
1808 874 2005 904 τηνικαυτα
2034 861 2194 896 τεθέντα
2215 859 2330 906 νόμον

103 907 126 941 1
149 904 192 939 τὸ
216 902 362 939 πάντως
385 904 452 947 τὴν
476 903 688 949 ἐλευθερίαν
712 906 909 948 ἐμπρέπειν
932 908 1005 939 τοῖς
1027 905 1067 946 ἐξ
1090 904 1281 950 ἐλευθέρας
1303 908 1501 951 γινομένοις
1523 904 1664 951 μητρός.
1712 905 1744 939 εἰ
1765 908 1890 940 τοίνυν
1913 906 1951 947 ἐξ
1982 905 2172 953 ἐλευθέρας
2193 917 2247 942 τις
2269 908 2329 940 καὶ

103 949 354 997 ἐναπογράφου
384 950 543 1004 τεχθείη,
573 952 672 992 με’νει
699 950 769 992 μὲν
793 947 980 994 ἐλεύθερος
1011 953 1071 984 καὶ
1098 950 1165 993 τὴν
1187 949 1365 996 μητρικὴν
1388 948 1452 984 οἰκ
1481 948 1681 994 ἀποβάλλει
1711 947 1787 985 κατ’
1814 948 1943 985 οὐδένα
1967 951 2105 995 τρόπον
2136 946 2330 999 εὐγένειαν,

103 996 260 1030 δείκνυσι
289 994 328 1029 δὲ
351 992 372 1037 ἦ
397 991 480 1040 παρ’
507 995 610 1038 ημῶν
630 994 783 1029 τεθεῖσα
807 992 976 1036 διάταξις,
1008 993 1055 1029 ῶς
1077 995 1246 1039 βούλεται
1270 994 1351 1030 τοὺς
1374 994 1553 1030 τοιούτους
1577 994 1760 1042 οἰκήτορας
1782 997 1860 1030 τῶν
1883 1000 2028 1041 χωρίων
2057 994 2241 1042 διαμένειν
2268 999 2330 1031 καὶ

102 1042 181 1075 τῶν
198 1038 322 1097 ἀγρῶν
340 1043 357 1073 ἐ
378 1039 499 1086 γάτας,
524 1039 582 1073 οἷα
606 1041 717 1073 ἐκεῖσε
739 1040 1001 1086 γεννηθέντας·
1026 1041 1131 1075 τοῦτο
1155 1040 1222 1087 γὰρ
1248 1039 1289 1083 δὴ
1309 1039 1351 1075 τὸ
1374 1043 1437 1075 τοῦ
1462 1040 1621 1075 κολωνοῦ
1670 1040 1811 1075 οὗλεται
1835 1054 1863 1075 π
1886 1039 2028 1086 όςρημα.
2063 1038 2103 1076 οὗ
2128 1044 2330 1086 παρέχομεν

102 1079 166 1120 οὖν
191 1089 308 1119 αιτοῖς
339 1084 363 1119 ἆ
382 1088 465 1119 “scau
489 1081 755 1127 ἀπολιμπάνειν
778 1087 845 1129 μὲν
868 1084 910 1119 τὸ
940 1089 1074 1131 χωρίον
1097 1086 1144 1120 εἰς
1175 1088 1280 1133 ἕτερα
1312 1084 1352 1120 δὲ
1381 1086 1602 1131 τρε’πεσθαι’
1632 1084 1705 1120 αλλ’
1733 1086 1832 1133 εἴπερ
1863 1085 1954 1122 ολως
1983 1086 2150 1129 τεχθεῖέν
2171 1098 2266 1122 τινες
2288 1087 2330 1121 ἔν

102 1144 175 1165 τινι
206 1134 339 1175 χωρίῳ,
370 1132 402 1165 εἰ
431 1131 498 1172 μὲν
522 1130 560 1170 ἐξ
584 1128 837 1176 ἐναπογράφου
854 1130 998 1177 μητρός,
1027 1129 1210 1176 πρόδηλον
1233 1129 1281 1165 ῶς
1305 1133 1451 1166 ἔσονται
1475 1129 1621 1166 πάντως
1645 1131 1901 1178 ἐναπόγραφοι,
1931 1132 1963 1166 εἰ
1993 1129 2033 1166 δὲ
2061 1132 2099 1172 ἐξ
2128 1131 2328 1178 ἐλευθέρας,

100 1177 248 1221 μενοῦσι
270 1178 338 1221 μὲν
363 1174 547 1220 ἐλεύθεροι
571 1179 630 1209 καὶ
654 1174 699 1209 τὰ
723 1173 806 1223 παρ’
831 1175 955 1210 αὐτῶν
971 1177 1157 1219 κτηθέντα
1179 1172 1241 1211 ὑπ’
1266 1174 1387 1211 αὐτοῖς
1410 1178 1512 1211 ἔσται
1536 1179 1596 1210 καὶ
1619 1174 1660 1211 οὐ
1684 1175 1872 1212 πεκούλιον
1891 1176 2079 1224 γενήσεται
2100 1178 2178 1212 τῶν
2201 1175 2329 1213 δεσπο-

101 1222 186 1266 τῶν,
210 1219 274 1255 oux
299 1220 545 1261 ἐξελεύσονται
569 1219 609 1254 δὲ
631 1222 694 1255 τοῦ
719 1225 860 1266 χωρίου,
885 1217 975 1255 ἀλλὰ
991 1223 1098 1256 τοῦτο
1113 1221 1390 1268 γεωργήσουσιν,
1414 1219 1496 1256 offis}
1518 1224 1622 1256 ἔσται
1645 1219 1764 1257 αὐτοῖς
1785 1220 1888 1257 ἄδεια
1909 1224 2016 1257 τοῐτο
2039 1224 2106 1267 μὲν
2125 1219 2330 1268 ἀπολιμπά-

101 1281 178 1301 νειν
202 1269 306 1311 ἕτερα
337 1264 377 1300 δὲ
406 1269 632 1312 περινοστεῖν
655 1264 835 1310 ἀλλότρια,
868 1265 963 1309 πλὴν
986 1266 1018 1300 εἰ
1047 1266 1096 1311 μὴ
1127 1265 1241 1313 κύριοι
1269 1269 1432 1313 γένοιντο
1463 1265 1620 1310 κτήσεώς
1642 1279 1738 1303 τινος
1762 1265 1863 1310 ἰδίας,
1895 1267 2016 1311 ἱκανῆς
2038 1267 2144 1310 οὔσης
2165 1265 2330 1311 ἀσχολεῖν

101 1309 230 1346 αὐτοὺς
253 1315 336 1356 περὶ
361 1310 473 1353 αὐτὴν
496 1314 556 1345 καὶ
579 1310 629 1356 μὴ
652 1311 901 1358 συγχωρούσης
923 1315 983 1345 καὶ
1006 1314 1110 1356 ἔτερα
1129 1315 1311 1359 γεωργεῖν,
1335 1313 1383 1346 εἰς
1407 1313 1546 1355 ἐκείνην
1562 1325 1602 1346 τε
1623 1316 1853 1355 μετασταῖεν·
1877 1315 2054 1360 έπείτοιγε
2071 1314 2162 1348 πᾶσι
2183 1312 2330 1357 τρόποις

102 1355 228 1391 αὐτοὺς
251 1360 374 1400 μένειν
394 1357 617 1400 θεσπίζομεν
641 1358 701 1390 ἐπὶ
727 1358 790 1390 τοῦ
813 1361 956 1403 χωριόυ,
988 1356 1195 1404 ἐλευθέρους
1226 1360 1293 1402 μὲν
1321 1358 1570 1400 καθεστῶτας,
1602 1354 1677 1393 ἀπὸ
1708 1356 1749 1393 δὲ
1777 1359 1839 1402 τῆς
1867 1357 2037 1402 οἰκήσεως
2066 1361 2328 1403 κατεχομένους.

100 1405 160 1436 καὶ
183 1403 290 1437 τοῦτο
312 1403 380 1447 μὲν
399 1400 486 1449 τῇδε
510 1400 751 1445 διατετάχθω.

1090 1470 1246 1507 CAPUT
1266 1471 1330 1507 111.

237 1535 308 1574 Οὐκ
339 1536 411 1574 ἆπο
441 1537 482 1573 δὲ
510 1537 648 1582 τρόπου
678 1536 803 1579 ἔδοξεν
826 1536 912 1583 ἡμῖν
934 1535 1075 1573 κάκεῖνο
1108 1539 1269 1582 ζητηθέν
1292 1538 1463 1584 ἡμετέρας
1493 1537 1702 1584 διακρίσεως
1724 1535 1889 1579 ἀξιῶσαι.
1936 1538 1968 1572 εἰ
1986 1536 2057 1595 γὰρ
2081 1536 2331 1585 ἐναπόγραφος

99 1583 189 1631 γυνὴ
213 1583 301 1629 πρὸς
325 1581 703 1638 έναπογράφου-τινὸς
725 1584 844 1636 ἑτέρῳ.
857 1580 1095 1637 προςήκοντος
1110 1583 1224 1638 ἔλθοι
1247 1587 1428 1639 συζυγίαν,
1450 1583 1612 1639 ἐζητήιθη
1636 1587 1719 1637 περὶ
1742 1585 1804 1628 τῆς
1825 1583 1940 1636 γονῆς,
1964 1596 1996 1617 ει
2012 1581 2136 1618 παῖδες
2146 1582 2190 1638 ἐξ
2206 1581 2330 1638 αὐτῶν

99 1633 276 1677 γένοιντο,
309 1641 467 1676 ποτερον
490 1629 665 1675 προςηκόν
687 1630 765 1663 ἐστι
792 1642 846 1673 τῳ
877 1628 1034 1677 ὸεσποτῃ
1064 1641 1129 1664 του
1158 1627 1288 1677 ανδρος
1316 1643 1338 1674 η
1370 1643 1424 1674 τῳ
1454 1627 1613 1678 δεσποτῃ
1642 1641 1703 1673 της
1724 1640 1890 1676 γυναικός
1914 1626 2098 1676 διαφέρειν
2116 1641 2184 1673 την
2204 1641 2328 1676 γονην.

237 1733 265 1755 ε.
281 1720 346 1754 ΙΙΙ
364 1732 517 1754 summam
542 1720 663 1754 Theod.
688 1722 802 1764 repetit
824 1719 882 1753 ΒΣ
897 1721 952 1762 48,
973 1696 1021 1762 ie,
1038 1728 1063 1755 3.

100 1892 235 1925 nuatae
262 1888 416 1934 fuerint,
446 1898 510 1924 eae
539 1888 702 1923 omnibus
730 1886 845 1923 modis
873 1888 1015 1924 silentio
1039 1888 1307 1933 confirmentur,
1330 1888 1387 1923 sin
1411 1892 1528 1925 autem
1556 1889 1635 1925 sine
1657 1889 1899 1926 insinuatione
1920 1890 2129 1932 manserint,
2152 1888 2333 1926 eaecedant

101 1939 220 1970 autem
249 1933 411 1975 modum,
442 1933 506 1978 qui
537 1933 780 1968 insinuatione
811 1932 993 1979 intimat,
1024 1944 1138 1980 usque
1168 1933 1218 1978 ad
1248 1944 1326 1969 eam
1358 1933 1553 1970 dumtaxat
1582 1935 1818 1981 quantitatem
1841 1934 1998 1975 valeant,
2021 1938 2200 1980 quatenus
2221 1934 2330 1971 etiam

99 1991 173 2015 non
195 1979 400 2014 insinuatas
423 1978 636 2014 donationes
654 1978 784 2022 firmas
807 1989 883 2014 esse
906 1990 929 2014 a
948 1978 1051 2014 nobis
1072 1978 1248 2014 sancitum
1272 1983 1335 2014 est.
1376 1979 1458 2015 Hoc
1481 1981 1574 2015 enim
1598 1990 1678 2015 cum
1729 1979 1901 2015 osteriore
1925 1983 2085 2026 tempore
2099 1980 2332 2015 sanxerimus

98 2025 219 2062 valere
242 2024 413 2066 volumus,
438 2035 503 2058 nec
526 2034 611 2059 vero
633 2029 786 2069 propter
808 2023 1044 2059 adiectionem
1068 2023 1281 2069 quantitatis
1304 2024 1516 2060 intercidere
1536 2025 1643 2060 etiam
1666 1991 1725 2060 is
1727 2024 1827 2071 quod
1848 2029 1944 2060 recte
1966 2035 2004 2060 se
2019 2024 2149 2061 habere
2163 2028 2331 2071 poterat:

99 2069 198 2116 quod
227 2069 369 2115 quidem
399 2070 505 2104 etiam
531 2068 575 2104 de
593 2067 849 2104 donationibus
871 2070 909 2103 in
932 2070 1136 2104 universum
1159 2069 1230 2104 iam
1255 2068 1318 2104 lex
1341 2073 1466 2106 nostra
1490 2070 1587 2106 dicit.
1633 2071 1749 2116 Atque
1772 2069 1862 2106 haec
1884 2081 1958 2105 non
1981 2069 2098 2106 solum
2119 2070 2158 2104 in
2181 2068 2330 2106 muliere

99 2119 134 2151 et
161 2115 238 2150 viro
268 2114 332 2149 sed
362 2114 468 2149 etiam
500 2115 538 2148 in
568 2114 696 2150 ceteris
716 2114 884 2160 personis
907 2113 1062 2158 valeant,
1085 2115 1180 2150 inter
1203 2125 1296 2159 quas
1317 2114 1531 2150 donationes
1554 2119 1742 2151 constante
1764 2115 1990 2151 matrimonio
2006 2113 2216 2162 prohibitae
2232 2120 2328 2151 sunt.

232 2159 280 2195 11.
327 2158 525 2195 Praeterea
556 2158 601 2194 de
630 2158 788 2194 secundo
820 2159 938 2205 capite
973 2170 997 2194 a
1030 2158 1247 2194 sublimitate
1283 2164 1345 2195 tua
1379 2160 1596 2206 interroqati
1628 2171 1767 2202 sumus,
1804 2171 1888 2195 num
1920 2164 2009 2207 post
2042 2159 2330 2196 constitutionem

99 2209 263 2241 nostram
293 2215 387 2250 quae
417 2205 452 2240 si
479 2205 543 2250 qui
572 2215 622 2240 ex
654 2203 766 2240 libera
790 2208 825 2239 et
849 2204 1082 2250 adscripticio
1107 2207 1305 2240 nascantur
1328 2215 1390 2241 eos
1415 2205 1545 2241 liberos
1566 2216 1643 2241 esse
1666 2206 1742 2241 vult
1761 2210 1914 2252 propter
1936 2205 2062 2241 matris
2085 2203 2330 2241 condicionem

98 2250 378 2286 existimandum
414 2250 473 2292 sit,
504 2250 644 2285 tametsi
679 2249 904 2295 adscripticii
935 2260 1008 2284 non
1037 2250 1111 2285 sint
1139 2250 1235 2295 facti
1264 2250 1460 2286 secundum
1490 2251 1548 2286 ius
1580 2251 1779 2297 antiquum,
1814 2257 1931 2287 tamen
1954 2251 2078 2297 utique
2101 2249 2251 2286 colonos
2273 2260 2335 2286 eos

96 2296 180 2341 fieri
202 2301 405 2342 propterea
436 2295 536 2341 quod
565 2295 681 2330 altera
713 2294 921 2330 constitutio
952 2298 1079 2330 nostra
1108 2295 1197 2339 filiis
1225 2306 1370 2341 quoque
1395 2295 1606 2331 colonorum
1629 2307 1703 2332 non
1732 2296 1920 2342 permittat
1950 2299 2083 2331 terram
2113 2295 2330 2342 relinquere,

98 2340 163 2376 sed
190 2351 336 2376 manere
367 2340 516 2375 colonos
547 2340 686 2382 iubeat;
718 2339 826 2385 idque
857 2339 967 2375 multo
991 2339 1108 2386 maqis
1130 2340 1184 2376 ita
1206 2350 1282 2376 esse
1305 2345 1485 2386 oportere,
1517 2340 1663 2387 quando
1691 2341 1807 2376 uidem
1832 2341 1977 2376 omnino
1998 2340 2094 2376 inter
2116 2339 2184 2376 has
2198 2350 2330 2387 perso-

98 2397 167 2421 nas
190 2385 504 2432 adscripticiorum
526 2386 575 2420 sit
591 2384 801 2431 proqenies.
838 2383 942 2420 Haec
963 2385 1078 2430 iqitur
1101 2384 1387 2432 interroqatione
1411 2390 1474 2422 tua
1496 2386 1533 2421 in
1556 2397 1649 2433 prae
1674 2387 1746 2422 icto
1762 2386 1880 2432 capite
1895 2385 2181 2422 continebantur.
2218 2385 2331 2437 Atqui

99 2435 249 2466 mentem
270 2436 433 2466 nostram
457 2430 726 2466 considerantes
749 2440 853 2465 nosse
878 2433 1021 2476 oportet
1043 2441 1237 2477 numquam
1261 2441 1329 2466 nos
1346 2431 1568 2477 permittere,
1593 2436 1634 2467 ut
1657 2432 1745 2467 liber
1765 2437 1886 2467 venter
1909 2431 2179 2477 adscripticium
2191 2434 2331 2476 pareat,

98 2476 163 2511 sed
193 2476 287 2511 lzanc
318 2475 461 2521 quidem
488 2482 608 2511 notam
632 2481 667 2510 et
688 2475 830 2520 siqnum
855 2480 942 2510 nato
960 2478 1049 2521 post
1072 2474 1184 2521 leqem
1209 2479 1292 2510 tunc
1316 2476 1427 2511 latam
1454 2487 1530 2512 esse
1552 2476 1818 2523 imponendum,
1843 2481 1884 2512 ut
1907 2476 2050 2512 omnino
2074 2475 2222 2512 libertas
2245 2486 2329 2511 con-

100 2523 122 2557 1
168 2521 288 2557 veniat
319 2521 364 2555 iis
394 2521 459 2566 qui
490 2531 539 2556 eoe
570 2519 683 2555 libera
714 2523 830 2555 matre
861 2526 1071 2555 nascantur.
1118 2518 1160 2555 Si
1209 2520 1266 2556 uis
1289 2521 1402 2566 iqitur
1424 2532 1475 2557 ex
1497 2521 1609 2557 libera
1633 2526 1667 2557 et
1688 2521 1921 2568 adscripticio
1945 2524 2053 2556 natus
2074 2520 2134 2563 sit,
2157 2524 2277 2556 manet
2298 2519 2332 2556 is

100 2566 242 2611 quidem
274 2565 363 2602 liber
393 2568 429 2601 et
457 2569 656 2613 maternam
687 2565 944 2611 inqenuitatem
976 2565 1076 2600 nullo
1108 2576 1166 2601 mo
1194 2576 1214 2600 o
1246 2565 1378 2608 abicit;
1411 2566 1568 2602 ostendit
1597 2572 1714 2602 autem
1739 2566 1946 2602 constitutio
1970 2577 1992 2601 α
2015 2565 2119 2602 nobis
2139 2565 2331 2617 proposita

99 2622 138 2646 se
162 2612 252 2646 tales
275 2610 436 2646 homines
454 2611 542 2647 velle
566 2610 706 2646 incolas
726 2609 962 2656 praediorum
986 2610 1212 2656 cultoresque
1236 2621 1258 2646 a
1285 2621 1409 2646 rorum
1440 2622 1595 2654 manere,
1626 2616 1664 2646 ut
1691 2616 1748 2647 ote
1776 2611 1825 2646 ibi
1855 2611 2019 2657 qenitos:
2051 2609 2119 2647 hoo
2146 2620 2240 2647 enim
2261 2609 2332 2646 sibi

99 2655 176 2691 vult
198 2655 319 2691 coloni
342 2655 551 2702 appellatio.
598 2654 659 2691 Ita
686 2667 729 2690 ue
752 2665 826 2690 non
851 2655 1078 2691 concedimus
1101 2656 1145 2691 iis
1167 2622 1380 2696 facufftatem
1401 2657 1589 2702 praedium
1610 2623 1837 2703 relinquendi
1859 2660 1895 2693 et
1917 2655 1966 2692 ad
1989 2655 2062 2692 alia
2085 2666 2124 2691 se
2146 2655 2308 2692 vertendi
2315 2667 2330 2698 ,-

99 2700 164 2735 sed
184 2701 216 2735 si
241 2701 303 2746 qui
327 2702 471 2735 omnino
496 2701 533 2735 in
551 2711 648 2747 prae
675 2700 710 2735 io
734 2700 857 2746 aliquo
881 2701 960 2736 nati
982 2702 1067 2745 sint,
1090 2701 1122 2735 si
1146 2701 1288 2746 quidem
1312 2712 1361 2737 ex
1384 2701 1509 2737 adseri
1534 2701 1617 2737 ticia
1640 2707 1766 2744 matre,
1788 2702 2021 2747 manifestum
2044 2706 2098 2737 est
2121 2700 2245 2746 utique
2267 2710 2331 2736 eos

99 2745 354 2791 adscripticios
375 2745 526 2790 futuros
549 2757 635 2787 esse,
660 2746 717 2780 sin
739 2756 789 2781 ea:
812 2745 924 2781 libera
947 2750 1072 2790 matre,
1096 2746 1290 2782 manebunt
1312 2746 1455 2793 quidem
1480 2747 1502 2782 lt
1529 2747 1582 2782 eri
1605 2752 1639 2782 et
1662 2758 1757 2793 quae
1780 2747 1825 2782 ab
1848 2748 1894 2782 iis
1916 2746 2095 2792 acquisita
2118 2749 2204 2781 sunt
2247 2754 2331 2781 enes

99 2791 199 2836 ipsos
230 2794 336 2825 erunt
367 2801 431 2825 nec
449 2791 630 2836 peculium
651 2791 716 2835 fiet
739 2790 977 2832 dominorum,
1002 2801 1067 2826 nec
1092 2794 1210 2827 tamen
1233 2802 1283 2827 ex
1304 2792 1458 2837 praedio
1479 2791 1719 2838 eqredientur,
1743 2792 1807 2828 sed
1830 2791 1897 2827 lioc
1921 2794 2049 2834 colent,
2073 2801 2188 2837 neque
2223 2790 2331 2826 icebit

99 2836 146 2871 iis
171 2834 240 2870 lzoc
264 2834 468 2880 relinquere
491 2841 600 2881 atque
623 2836 697 2870 alia
722 2835 821 2870 obire
845 2835 976 2877 aliena,
999 2836 1072 2871 nisi
1099 2837 1200 2881 forte
1223 2836 1358 2872 domini
1378 2837 1477 2883 facti
1497 2837 1570 2872 sint
1587 2838 1767 2884 propriae
1789 2837 1943 2872 alicuius
1964 2835 2212 2883 possessionis,
2235 2845 2330 2881 quae

66 2896 68 2898 ·
98 2881 264 2925 sufficiat
294 2880 342 2914 ad
371 2890 432 2914 eos
462 2881 499 2914 in
529 2882 610 2926 ipsa
642 2881 874 2927 occupandos
906 2891 971 2916 nec
1002 2880 1077 2916 alia
1107 2892 1248 2927 quoque
1282 2883 1389 2917 etiam
1414 2882 1532 2918 colere
1548 2884 1750 2928 permittat,
1774 2888 1884 2928 atque
1906 2882 1945 2917 in
1969 2882 2067 2918 illam
2091 2882 2328 2927 transmiqra·

99 2927 185 2961 rint.
231 2924 378 2970 Alioqui
402 2924 563 2959 omnibus
586 2925 701 2960 modis
725 2931 765 2960 ut
788 2930 957 2961 maneant
987 2926 1025 2960 in
1052 2926 1208 2972 praedio
1241 2928 1441 2970 sancimus,
1479 2927 1581 2963 liberi
1613 2927 1753 2973 quidem
1786 2926 1987 2969 constituti,
2019 2925 2179 2962 incolatu
2211 2929 2329 2960 autem

99 2971 243 3006 detenti.
291 2972 409 3015 Atque
433 2969 501 3004 lzoc
525 2969 666 3015 quidem
690 2970 742 3005 ita
766 2971 998 3005 constitutum
1022 2976 1109 3007 esto.

234 3014 296 3050 111.
346 3014 429 3049 A'on
465 3015 529 3049 abs
563 3025 604 3049 re
637 3019 755 3050 autem
790 3015 894 3051 nobis
929 3016 1040 3051 visum
1071 3020 1123 3051 est
1155 3016 1246 3051 illud
1276 3027 1421 3063 quoque
1453 3017 1490 3052 in
1551 3018 1769 3053 uaestionem
1800 3019 1962 3052 vocatum
1995 3014 2175 3050 decisione
2204 3018 2327 3050 nostra

100 3061 256 3107 (liquari.
306 3059 400 3095 Nam
428 3060 461 3094 si
485 3059 720 3105 aclscripticia
743 3060 871 3095 mulier
895 3071 974 3094 cum
998 3060 1231 3107 adscripticio
1257 3062 1380 3106 atiquo
1405 3062 1469 3108 qui
1493 3028 1547 3097 azl
1563 3062 1672 3097 alium
1694 3062 1875 3107 pertineat
1899 3059 2105 3105 coniuqium
2128 3059 2262 3101 inierit,
2285 3059 2329 3096 de

97 3106 203 3153 prole
232 3106 433 3152 quaesitum
458 3108 526 3148 est,
558 3105 593 3140 si
621 3104 724 3139 liberi
753 3115 803 3140 ex
833 3105 879 3140 iis
909 3112 1119 3148 nascantur,
1149 3111 1268 3141 utrum
1301 3106 1350 3142 ad
1372 3106 1554 3142 dominum
1578 3107 1648 3142 viri
1667 3117 1716 3141 an
1740 3105 1789 3141 ad
1806 3105 1986 3140 dominum
2010 3104 2171 3140 mulieris
2192 3104 2330 3151 prolem

148 3278 164 3310 1
198 3275 381 3318 *μείνοιεν
407 3274 517 3307 MLB
544 3273 556 3318 ΙΙ
587 3275 607 3308 2
634 3272 748 3316 μόνον
777 3274 872 3306 tacite
899 3274 1087 3308 Zachariae
1115 3273 1127 3318 ss
1159 3276 1178 3308 3

99 3321 209 3355 τοῦτο
231 3339 273 3345 -
293 3318 506 3363 βουλόμεθα
535 3332 589 3352 sus
614 3326 697 3353 ectat
720 3318 908 3351 Zachariae
937 3319 949 3361 ss
977 3316 1177 3362 νομοθετή-

100 3369 239 3407 σαντες]
267 3367 345 3399 Cod.
360 3367 392 3407 8,
407 3372 452 3406 53,
466 3372 501 3399 36
519 3369 534 3405 9
550 3372 566 3398 3
595 3365 600 3405 Ι
631 3360 731 3397 αὐτῶ
756 3363 825 3401 ΒΡς
862 3364 921 3407 leq.
947 3366 1007 3395 καὶ
1029 3360 1144 3397 advo?
1166 3365 1179 3406 ΙΙ

100 3415 121 3446 4
146 3409 265 3455 νόμος]
287 3412 364 3444 Cod.
379 3412 410 3450 8,
424 3418 470 3452 53,
484 3417 518 3443 34
535 3415 550 3448 ξ
567 3418 576 3444 1
596 3410 608 3453 ΙΙ
627 3412 645 3443 7
660 3405 900 3452 έρωτήθημεν
913 3409 958 3441 M
967 3409 979 3449 ΙΙ
999 3405 1176 3449 διάταξιν]

106 3458 362 3498 Cvd.11,48‚24
392 3455 405 3500 ΙΙ
432 3457 452 3490 9
481 3452 599 3496 ὄντας]
631 3453 724 3487 εἶναι
753 3454 941 3487 Zachariae
971 3451 1050 3486 ‘nisi
1080 3455 1177 3487 ultius

101 3503 286 3544 corruptela
311 3498 436 3534 lateat'.
487 3501 604 3534 Omnia
626 3512 720 3533 sana.
748 3499 760 3543 ΙΙ
783 3497 833 3543 μὴ
857 3499 917 3531 καὶ
939 3499 969 3531 L
985 3497 997 3541 ΙΙ
1025 3495 1177 3531 κολωνοὶ

102 3548 158 3587 Μ]
183 3546 370 3589 μισθωτοὶ
394 3546 436 3586 L,
460 3553 488 3579 et
510 3547 558 3579 sic
583 3547 671 3588 infra
695 3551 877 3578 constanter
894 3543 906 3586 ΙΙ
927 3545 966 3577 10
996 3540 1175 3583 διάταξιν]

106 3593 183 3625 ΟυιΙ.
201 3595 253 3632 11,
269 3599 363 3632 48,23
381 3595 423 3629 §1
450 3590 462 3634 ΙΙ
486 3588 578 3631 τούς]
603 3591 667 3623 τοῦ
695 3591 723 3623 L
750 3590 761 3629 ΙΙ
788 3591 827 3624 11
853 3590 912 3622 καὶ
932 3602 990 3622 om.
1017 3589 1047 3621 L
1066 3587 1078 3631 ΙΙ
1101 3586 1177 3621 δεῖν

109 3637 188 3678 ML]
213 3633 266 3669 δεῖ
288 3649 354 3670 cum
375 3636 570 3669 Haloandro
595 3636 679 3680 vulq.
697 3635 709 3679 ll
730 3636 770 3669 12
794 3636 930 3679 σποραί
946 3634 975 3667 L
994 3632 1006 3677 ΙΙ
1028 3634 1065 3667 13
1090 3633 1177 3667 νοῦν

1249 3275 1307 3315 Μ]
1331 3270 1445 3317 νόμον
1470 3274 1500 3307 L
1524 3275 1612 3317 quod
1627 3281 1801 3317 praestare
1821 3280 1917 3317 putat
1940 3273 2128 3307 Zachariae
2156 3273 2169 3317 ΙΙ
2202 3275 2242 3308 14
2265 3283 2324 3316 ση·

1246 3321 1359 3362 μεῖον]
1384 3317 1426 3352 τὸ
1451 3320 1599 3361 σημεῖον
1624 3320 1653 3351 L
1670 3318 1682 3362 ΙΙ
1707 3320 1744 3352 15
1768 3320 1955 3363 γινομένης
1981 3319 2027 3351 Μ
2044 3320 2246 3362 γενομένοις
2270 3320 2301 3353 L
2316 3320 2328 3363 ΙΙ

1250 3367 1289 3398 16
1309 3362 1427 3405 τεχθῆ
1452 3364 1488 3397 Β
1505 3364 1517 3407 ΙΙ
1533 3366 1644 3406 μένει]
1668 3363 1699 3395 εἰ
1723 3364 1754 3397 L
1770 3364 1783 3407 ΙΙ
1803 3359 1950 3397 ιῗπόλλει
1973 3362 2025 3396 B!
2032 3363 2045 3406 ΙΙ
2063 3365 2104 3398 18
2127 3361 2194 3397 τὸν
2216 3359 2329 3409 ἇγρὸν

1250 3410 1301 3442 Bt»
1325 3409 1337 3451 ῃ
1355 3397 1502 3442 κολοιοῦ
1528 3410 1581 3442 Bi
1610 3409 1805 3452 μισθωτοῦ
1831 3409 1915 3442 LBr
1934 3408 1945 3449 Η
1963 3404 2156 3453 ποόηημα
2180 3409 2230 3442 La
2246 3409 2258 3452 ιι
2286 3411 2327 3443 19

2247 3454 2255 3463 ι

1247 3453 1368 3496 ἑτέρας
1394 3454 1446 3486 ΒΡ
1478 3455 1615 3497 (ἕτερον
1649 3455 1858 3494 Hatoander)
1888 3454 1900 3497 ΙΙ
1928 3455 1969 3487 20
2001 3452 2039 3492 ἐξ
2072 3453 2255 3499 έναπογρα
2286 3465 2327 3486 ου

1248 3499 1336 3539 ΜΒ]
1363 3496 1613 3544 ἐξαπογριὶφου
1639 3500 1667 3532 L
1686 3499 1698 3542 ΙΙ
1717 3501 1756 3533 21
1779 3501 1923 3542 μένουσι
1949 3499 1980 3531 Β
1996 3497 2008 3542 ΙΙ
2027 3492 2133 3542 παρ’]
2157 3493 2217 3531 εἶπ’
2245 3466 2329 3541 5⁹ss

1246 3539 1328 3584 ὑπ’]
1355 3539 1438 3588 παρ’
1467 3545 1502 3577 Β
1531 3546 1543 3587 ΙΙ
1573 3546 1627 3586 (23
1663 3546 1788 3588 ἕτερον
1814 3544 2018 3585 Haloander)
2045 3542 2058 3586 ΙΙ
2088 3540 2269 3587 ἀλλότριοι
2293 3542 2325 3576 L

1245 3585 1446 3632 (ἀλλότριον
1473 3590 1680 3628 Haloander)
1706 3589 1719 3631 H
1742 3591 1909 3635 γε’νονται
1931 3589 1961 3621 L
1986 3587 1998 3631 ΙΙ
2026 3589 2065 3622 27
2091 3585 2164 3621 ὅπο
2187 3586 2324 3635 τρόπον

1246 3631 1285 3667 δὲ
1308 3634 1362 3668 B¹¹
1386 3634 1398 3677 11
1415 3630 1544 3679 ἱμέροις
1570 3635 1622 3668 Bw
1645 3634 1657 3678 ΙΙ
1677 3636 1719 3668 29
1744 3632 1908 3678 πότερον]
1934 3634 2057 3679 ἕτερον
2082 3632 2128 3670 Μ

2354 683 2394 716 10

2355 909 2395 942 15

2353 1133 2395 1166 20

2353 1357 2394 1389 25
