2592 3840
221 75 327 119 Nov.
358 76 622 120 LXXXVIII
654 80 689 120 1.
721 80 746 119 2
1294 73 1378 122 426

223 178 322 221 οὗτοι
347 187 563 232 πραχθεῖεν,
588 185 750 234 ἀνάγκην
773 189 882 230 ἐχέτω
906 188 1032 223 πᾶσαν
1054 184 1306 238 ἀποκαταστῆ-

224 243 284 265 σαι
308 233 350 266 τὸ
367 238 514 279 χρυσίον
537 230 557 276 ἢ
582 234 628 267 τὰ
653 233 859 279 πράγματα,
883 233 960 266 τῶν
988 230 1088 277 ὅρων
1103 229 1201 273 ἅπαξ
1217 232 1303 276 πλη-

223 277 427 322 ρωθέντων
450 275 613 320 οὐδεμιᾶς
637 276 824 312 παντελῶς
839 274 958 312 ἀδείας
976 277 1081 319 οὔσης
1097 281 1193 312 τισὶν
1217 277 1301 318 ἔξω·

223 324 296 356 θεν
327 323 579 376 παραγγελίαις
608 323 770 377 χρῆσθαι
794 325 1023 376 καὶῖἐπέχειν
1052 323 1120 366 τὴν
1150 324 1212 367 τῆς
1236 335 1302 358 πα-

2052 90 2114 123 DE
2140 90 2356 125 DEPOSITO
2382 91 2441 125 m

1375 187 1501 223 deinde
1524 187 1576 223 illi
1598 190 1721 234 agant,
1751 188 1999 225 necessitatem
2022 189 2155 226 habeat
2178 201 2315 227 omnem
2339 191 2441 228 resti-

1371 236 1473 268 tuere
1503 243 1630 269 aurum
1660 238 1724 269 aut
1754 244 1823 276 res,
1852 234 1923 280 (et)
1946 234 2214 271 condicionibus
2244 236 2352 272 semel
2374 236 2439 272 im-

1371 278 1476 331 pletis
1499 278 1597 314 nulla
1619 280 1761 315 omnino
1785 279 1932 314 licentia
1951 278 1999 315 sit
2021 279 2199 324 aliquibus
2221 281 2441 318 extrinsecus

1370 323 1679 360 mterdictionibus
1700 325 1753 360 uti
1777 328 1812 360 et
1830 324 1983 360 retinere
2001 324 2154 370 depositi
2172 325 2442 370 restitutionem,

225 367 480 422 ρακαταθὴκης
511 379 817 423 αποκαταστασιν,
833 381 947 421 (ῃπερ
978 370 1036 401 καὶ
1066 366 1158 402 ἄλλα
1187 366 1304 402 πολλὰ
1339 368 1429 404 5cui
1461 371 1498 403 et
1527 368 1600 405 alia
1628 370 1741 405 multa.
1772 369 1955 415 privilegia
1989 373 2063 405 tam
2093 380 2116 406 8
2147 370 2442 416 praecedentibu!

225 426 407 457 προνομια
435 414 531 457 παρά
556 426 596 446 τε
618 414 695 446 τῶν
724 425 795 459 προ
821 426 926 455 ημων
957 413 1177 457 νομοθετῶν
1202 412 1302 458 παρά

224 471 264 491 τε
298 456 402 501 ἡμῶν
438 453 560 491 αὐτῶν
592 455 747 493 δέδοται.
801 455 906 491 ἄδεια
935 456 1002 504 γάρ
1033 459 1111 493 ἐστι
1144 459 1198 501 τῷ
1234 471 1303 492 κω-

225 501 347 536 λύοντι
370 502 438 545 τήν
462 501 642 537 ἀπόδοσιν
665 504 717 545 τῷ
749 504 816 547 μὲν
839 504 1077 537 πιστευθέντι
1098 501 1167 547 τὴν
1190 517 1303 549 παρα-

224 546 438 598 καταθὴξιην
466 548 514 590 μὴ
547 546 759 590 διενοχλεῖν,
792 547 909 601 αὐτῷἈ
924 545 964 581 δὲ
995 552 1076 603 neq}
1107 549 1185 583 τῶν
1214 548 1304 594 πρὸς

1371 412 1630 456 legislatoribus
1654 425 1759 460 quam
1783 425 1805 450 a
1827 415 1932 450 nobis
1955 415 2043 460 ipsis
2067 414 2154 451 data
2176 419 2269 452 sunt.
2316 415 2442 452 Licen-

1372 459 1421 492 tia
1445 459 1537 493 enim
1558 461 1615 494 est
1636 460 1839 505 prohibenti
1862 459 2095 496 redditionem
2119 470 2199 495 eum
2220 460 2362 505 quidem
2384 459 2445 496 cui

1373 503 1546 538 creditum
1580 507 1638 540 est
1671 504 1870 551 depositum
1907 515 1979 541 non
2006 506 2214 549 molestare,
2250 515 2331 541 eum
2359 514 2444 541 vero

1373 548 1417 583 de
1447 548 1555 584 rebus
1588 559 1679 595 quae
1708 550 1745 585 in
1775 550 1984 603 quaestione
2014 553 2100 586 sunt
2130 550 2192 596 qui
2220 560 2348 586 aurum
2381 553 2445 586 aut

224 592 337 626 αὐτὸν
361 592 577 638 αμφιβόλων
593 595 646 636 τῷ
664 593 705 627 τὸ
725 596 871 638 χρυσίον
886 607 908 636 η
933 593 978 627 τὰ
999 607 1194 647 πραγματα
1220 593 1303 639 λαμ·
1320 598 1359 630 10
1372 603 1429 628 res
1453 597 1668 638 accepturus
1690 598 1746 631 est
1766 595 1865 631 litem
1888 595 2010 631 sortiri
2033 599 2069 631 ot
2084 595 2256 631 iustitiam
2278 598 2315 631 et
2332 596 2445 649 1038111

223 637 350 681 βάνειν
372 637 540 681 μέλλοντι
564 636 632 681 τὴν
652 636 756 680 δίκην
780 637 823 671 λα
847 637 970 679 χάνειν
993 641 1052 672 καὶ
1075 652 1139 674 του
1163 637 1303 673 δικαίου

224 686 283 715 καὶ
312 684 374 716 τοῦ
406 682 518 726 νόμου
549 683 753 729 τυγχάνειν,
787 683 808 716 ἀ
833 683 878 716 λὰ
909 682 957 726 μὴ
991 681 1051 717 διὰ
1080 681 1216 727 ταύτην
1238 683 1307 727 τὴν

225 729 346 761 αἰτίαν
379 730 519 771 ζημίαις
549 727 719 774 μεγάλαις
749 725 900 775 ὑπάγειν
930 727 996 763 τὸν
1019 727 1088 772 τὴν
1112 727 1304 775 διαμαρτυ-

224 777 306 819 ριάν
323 770 529 827 δἐξάμεινον,
550 776 609 806 καὶ
625 771 900 819 ἀναγκάζεσθαι
916 770 938 817 ἢ
954 773 1181 809 defensiones
1197 771 1304 809 ἄπαι-

1372 639 1584 683 promereri,
1616 639 1678 675 sed
1701 650 1746 676 ne
1769 650 1833 686 per
1856 641 1949 676 hanc
1973 650 2119 676 causam
2145 641 2282 676 damnis
2306 649 2444 685 magma

1375 683 1528 719 subiciat
1550 693 1630 719 eum
1677 686 1714 720 ui
1731 685 2014 721 interdictionem
2039 685 2206 731 suscepit,
2230 689 2267 721 et
2290 685 2444 731 compel-

1374 729 1471 763 latur
1506 732 1569 763 aut
1604 730 1648 765 de
1666 730 1827 766 ensiones
1859 734 2024 776 expetere
2057 733 2122 766 aut
2156 741 2213 766 res
2242 731 2375 767 habere
2406 731 2446 766 et

1374 784 1446 809 non
1469 774 1584 819 possit
1605 775 1804 810 voluntarie
1828 785 1908 810 cum
1932 776 2131 820 deponente
2153 775 2304 821 benigne
2326 784 2442 821 agere.

223 821 298 870 τεῖν
330 831 351 860 η
375 831 586 870 1πραγματα
621 821 715 860 ἔχειν
748 822 808 852 καὶ
839 817 930 874 μηδὲ
957 818 1091 853 ἑκόντα
1120 818 1305 857 δύνασθαι
1320 823 1360 855 15
1374 819 1509 863 Quodsi
1532 820 1604 855 tale
1628 820 1762 865 aliquid
1784 821 1895 864 egerit
1917 821 2072 862 (omnino
2096 821 2187 856 enim
2207 824 2351 875 oportet
2371 830 2445 856 11011

224 874 314 908 προς
343 876 411 897 τον
439 865 793 908 παρακαταθέμενον
824 868 1075 910 ευγνωμονεῖν.
1131 865 1162 898 εἰ
1196 863 1237 898 δέ
1271 879 1306 897 τι

223 909 366 941 τοιοῦτο
403 907 571 951 πράξειεν
606 907 700 943 ὅλως
734 907 802 951 (δεῖ
833 910 902 955 γὰρ
937 909 984 953 μὴ
1016 908 1113 964 μόνῃ
1150 911 1193 957 τῇ
1228 911 1305 943 τῶν

223 950 496 998 ἁμαρτημάτων
536 951 763 998 ἀρκεσθῆναι
800 954 969 996 κωλύσει,
1006 954 1097 988 αλλὰ
1133 958 1194 989 καὶ
1228 953 1304 989 δέος

223 1000 402 1032 ἐπισεῖσαι
426 997 567 1034 δίκαιον
585 1002 659 1033 τοῖς
681 1003 995 1055 παραβαίνουσιν),
1019 1000 1097 1034 εἶτα
1120 997 1304 1035 ἀπώλειαν

1374 864 1450 899 sola
1474 864 1683 900 delictorum
1706 875 1772 901 nos
1798 869 1983 901 contentos
2006 875 2085 902 esse
2105 866 2357 911 prohibitione,
2381 865 2445 902 sed

1374 909 1479 944 etiam
1504 911 1664 945 timorem
1687 910 1818 946 inferre
1841 911 1972 946 iustum
1995 911 2342 955 transgressoribus),
2371 910 2445 947 sive

1373 955 1607 999 perditionem
1641 955 1828 1000 contigerit
1860 965 1978 991 rerum
2013 957 2077 991 aut
2105 956 2339 1001 pecuniarum
2367 955 2445 991 fieri

1374 1003 1410 1034 et
1439 1000 1508 1036 hoc
1538 1000 1711 1054 probetur
1741 1001 1814 1036 sive
1835 1001 1945 1036 alium
1977 1011 2233 1045 quemcumque
2258 1000 2446 1037 fortuitum

223 1047 381 1098 συμβαίη
406 1044 484 1078 τῶν
513 1043 739 1100 πραγματων
763 1059 784 1088 η
815 1046 892 1101 τῶν
914 1043 1108 1098 χρημάτων
1129 1046 1304 1099 γενέσθαι
1318 1048 1360 1081 20
1375 1054 1512 1088 casum,
1536 1055 1653 1090 Ipsum
1669 1045 1847 1091 respicere
1888 1045 1925 1080 ui
1945 1046 2238 1081 contestationem
2259 1045 2445 1090 direxerstg

223 1092 283 1122 καὶ
306 1102 414 1123 τουτο
435 1087 597 1131 δειχθείη
622 1102 692 1123 ειτε
716 1089 827 1133 α’λλην
857 1103 1004 1125 οιανουν
1027 1104 1183 1137 τυχηραν
1208 1094 1303 1134 περί-

224 1146 364 1176 στασιν,
390 1133 503 1168 αὐτὸν
520 1131 612 1180 ὁρᾶν
629 1133 697 1168 τὸν
711 1135 781 1178 τὴν
805 1133 1068 1182 διαμαρτυρίαν
1092 1134 1303 1170 στείλαντα·

223 1182 282 1212 καὶ
306 1178 398 1222 πρός
418 1193 459 1225 γε
483 1182 542 1213 καὶ
567 1176 636 1225 ἀφ’
662 1170 703 1213 οἷ)
726 1181 873 1228 γέγονεν
896 1178 1084 1224 ἡτοιαύτη
1109 1179 1303 1226 διαμαρτυ-

223 1229 283 1270 ρία
314 1223 424 1279 τόιιιον
454 1226 531 1259 τῶν
554 1224 748 1304 χρημάτων
776 1225 843 1259 τὸν
869 1225 939 1260 ἀπὸ
970 1230 1090 1271 τρίτης
1113 1227 1305 1269 ἑκατοστῆς

223 1273 477 1315 ἑπιγινωσκειν
500 1270 553 1313 τῷ

223 1329 287 1349 νον
312 1316 343 1349 εἰ
366 1319 513 1360 χρυσίον
536 1315 589 1357 εἴη
612 1316 656 1349 τὸ
689 1318 1005 1361 παρατεθειμένον
1028 1319 1095 1361 μὲν
1119 1313 1305 1360 ἀποδοθῆ-

223 1374 284 1394 ναι
317 1359 356 1394 δὲ
386 1359 650 1405 κεκωλυμένον,
685 1357 774 1395 ἀλλὰ
807 1360 877 1395 κᾶν
908 1363 938 1395 εἰ
962 1364 1066 1407 ἕτερα
1091 1359 1306 1409 πράγματα’

223 1407 283 1440 ἵνα
306 1403 425 1449 τούτῳ
449 1407 503 1448 τῷ
529 1404 601 1440 δέει
623 1407 702 1440 τῶν
730 1411 899 1450 ματαίων
928 1420 968 1440 τε
991 1403 1065 1451 ἅμα
1089 1410 1148 1440 καὶ
1172 1404 1306 1452 βασκά-

223 1465 301 1486 νων
325 1452 387 1494 τῆς
403 1446 676 1497 εὐγνωμοσύνης
693 1452 836 1494 έποχαῖν
861 1451 1059 1498 ἅνθρωποι
1080 1451 1305 1487 παύσωνται.

599 1273 702 1315 αβεῖν
725 1270 771 1305 τὰ
796 1272 906 1304 οἰκεῖα
930 1271 1154 1313 κωλυθέντι,
1178 1269 1219 1305 οὗ
1241 1270 1302 1315 μό·
1319 1275 1359 1308 25
1373 1271 1542 1314 bibitum,
1579 1271 1643 1307 sed
1673 1275 1711 1308 et
1741 1272 1772 1307 si

1373 1090 1520 1135 insuper
1555 1091 1661 1126 etiam
1696 1101 1739 1127 ex
1774 1101 1844 1145 quo
1891 1094 1972 1126 acta
2006 1094 2062 1126 est
2091 1091 2292 1128 huiusmodi
2324 1093 2445 1127 conte-

1373 1136 1491 1178 statio,
1525 1146 1653 1171 usuras
1674 1146 1905 1181 pecuniarum
1934 1136 2076 1172 tertiam
2100 1137 2313 1173 centesimae
2337 1145 2446 1182 agno-

1373 1191 1471 1216 scere
1500 1181 1746 1226 prohibentem
1776 1182 1941 1226 accipere
1971 1181 2136 1226 propria,
2173 1191 2245 1218 non
2267 1181 2383 1218 solum
2415 1181 2447 1217 si

1374 1236 1501 1262 aurum
1524 1226 1631 1262 fuerit
1660 1227 1755 1272 quod
1786 1227 1829 1262 de
1856 1227 1987 1263 ositum
2009 1231 2065 1262 est
2094 1226 2235 1263 restitui
2258 1236 2341 1263 vero
2363 1236 2447 1272 pro-

1844 1272 1852 1280 “
1879 1282 1898 1307 e
1929 1271 2001 1307 sint
2028 1282 2106 1308 res:
2141 1275 2183 1308 ut
2217 1272 2286 1308 hoc
2319 1272 2448 1308 timore

1374 1317 1563 1352 stultorum
1588 1318 1691 1353 simul
1719 1322 1754 1353 et
1776 1327 2023 1363 perversorum
2049 1317 2200 1363 maligne
2221 1317 2387 1354 versandi
2407 1317 2446 1352 in

1375 1362 1656 1407 depositionibus
1680 1363 1840 1399 homines
1860 1365 2011 1399 cessent.

1215 1563 1372 1600 CAPUT
1395 1563 1442 1600 11.

266 1631 370 1667 Ἀλλὰ
394 1634 452 1665 καὶ
477 1627 564 1666 ὅλον
587 1630 632 1675 δὴ
657 1633 764 1666 τοῦτο
787 1631 831 1665 τὸ
852 1634 933 1676 περὶ
955 1633 1032 1666 τῶν
1053 1631 1307 1685 παραγγεζιῶν
1320 1635 1361 1667 30

224 1681 284 1712 καὶ
310 1678 498 1723 θεωρῆσαι
515 1680 575 1711 καὶ
592 1677 696 1718 τάξαι
714 1676 805 1711 κατὰ
824 1676 939 1720 νόμον
958 1676 1176 1722 συνείδομεν.
1214 1679 1307 1725 ορῶ-

224 1736 293 1779 μεν
322 1721 391 1769 γὰρ
422 1734 444 1755 σ
474 1721 565 1769 όὸρα
597 1722 772 1765 συχνάζον
803 1723 908 1756 τοῦτο
939 1724 998 1756 ἐπὶ
1030 1724 1093 1766 τῆς
1123 1721 1308 1766 βασιλίδος
1375 1722 1544 1758 Videmus
1576 1723 1670 1758 enim
1701 1722 1920 1767 frequentari
1953 1724 2021 1759 hoc
2054 1723 2092 1759 in
2123 1733 2220 1768 regia
2249 1724 2322 1777 haq
2344 1713 2455 1777 pita&-

226 1779 357 1812 ταυτης
387 1766 437 1811 μά
459 1780 543 1802 ιστα
576 1765 732 1809 πόλεως,
768 1771 831 1801 καί
865 1779 967 1802 τινας
997 1767 1309 1823 παραγγέλλοντας

1433 1631 1503 1666 Sed
1527 1634 1562 1667 et
1585 1634 1699 1666 totum
1720 1632 1790 1668 hoc
1820 1632 1915 1678 quod
1947 1632 1991 1668 de
2014 1633 2192 1669 mandatis
2216 1634 2272 1669 est
2294 1635 2331 1670 et
2352 1632 2447 1679 aspi-

1377 1687 1456 1712 cere
1492 1680 1528 1712 et
1564 1678 1781 1712 constituere
1819 1678 2014 1713 secundum
2052 1679 2164 1723 legem
2187 1678 2448 1732 'praevidimus-

1378 1767 1482 1812 cipue
1505 1767 1659 1810 civitate,
1691 1771 1727 1803 et
1748 1768 1886 1813 aliquos
1909 1768 2160 1806 interdicentes
2189 1769 2240 1805 eis
2263 1779 2325 1814 qm
2346 1768 2448 1804 mmi-

225 1817 298 1848 τοῖς
321 1814 509 1859 χορηγοῦσι
533 1813 576 1847 τὸ
603 1811 778 1857 δημόσιον
806 1816 1009 1857 σιτηρέσιον
1036 1827 1058 1857 η
1083 1817 1143 1847 καὶ
1167 1812 1309 1859 ψήφους
1376 1815 1493 1848 strant
1527 1813 1691 1858 publicas
1725 1823 1887 1850 annonas
1926 1815 1964 1849 et
1995 1817 2150 1850 tesseras
2185 1814 2266 1850 acci
2290 1814 2370 1850 iunt
2402 1813 2449 1850 ab

226 1860 472 1905 ποριζομένοις
503 1857 605 1905 παρὰ
629 1859 690 1893 τοῦ
714 1859 792 1892 τῶν
816 1856 989 1892 ἀννόνων
1016 1855 1197 1904 ὑπάρχου,
1226 1862 1308 1902 βου-
1321 1860 1364 1893 35
1377 1868 1599 1893 annonarum
1623 1858 1817 1904 praefecto,
1849 1859 2006 1896 volentes
2031 1859 2201 1905 suspendi
2225 1869 2248 1894 a
2273 1859 2448 1895 uiinistra·

225 1949 437 1997 quibusdam
461 1949 653 2000 acceperit,
684 1959 748 1985 eae
771 1950 806 1984 si
826 1949 995 1995 impletae
1017 1949 1107 1992 sint,
1139 1949 1200 1985 ille
1224 1950 1348 1995 utique
1371 1960 1513 1985 necesse
1536 1948 1668 1984 habeat
1697 1959 1826 1984 aurum
1857 1959 1957 1985 resve
1979 1949 2184 1992 restituere,
2216 1960 2303 1986 neve
2329 1949 2449 1986 condi·

225 1995 390 2038 cionibus
412 1994 522 2030 semel
543 1994 699 2040 impletis
722 1994 798 2029 ulla
819 1994 963 2029 omnino
986 1994 1131 2030 licentia
1154 1995 1202 2029 sit
1221 1994 1433 2040 quibusdam
1457 1994 1684 2030 extrinsecus
1708 1993 2042 2030 denuntiationibus
2064 1993 2188 2030 utendi
2210 1998 2246 2030 et
2267 1993 2451 2031 inhibendi

228 2041 386 2087 depositi
406 2040 681 2082 restitutionem,
710 2040 769 2074 cui
793 2039 935 2085 quidem
960 2039 1035 2074 alia
1058 2050 1203 2085 quoque
1218 2039 1354 2087 privile
1381 2040 1417 2074 ia
1441 2039 1554 2075 multa
1577 2049 1656 2074 cum
1680 2051 1704 2075 a
1728 2039 1998 2084 legislatoribus
2021 2045 2106 2075 ante
2125 2049 2192 2075 nos
2211 2044 2282 2075 tum
2304 2051 2328 2075 a
2346 2039 2452 2077 nobis

226 2087 240 2122 i
266 2087 316 2122 sis
339 2085 427 2121 data
450 2088 544 2120 sunt.
601 2084 702 2120 Licet
725 2085 817 2120 enim
842 2085 874 2120 ei
905 2085 969 2130 qui
991 2086 1254 2120 restitutionem
1276 2095 1347 2132 pro
1375 2085 1463 2127 ibet,
1495 2084 1598 2119 nulla
1621 2084 1785 2120 molestia
1816 2084 1981 2121 exhibita
2004 2084 2038 2120 ei
2069 2085 2130 2120 cui
2151 2085 2195 2120 de
2222 2086 2352 2120 ositum
2375 2096 2450 2122 ore·-

226 2099 340 2168 clitum
370 2135 424 2166 est
454 2130 525 2177 ipsi
548 2129 604 2165 illi
652 2130 692 2165 ui
714 2141 843 2165 aurum
868 2131 924 2166 vel
946 2141 1005 2164 res
1035 2134 1248 2176 recepturus
1271 2133 1342 2172 est,
1376 2130 1420 2165 de
1443 2130 1572 2176 quibus
1602 2129 1696 2165 inter
1718 2140 1781 2165 eos
1813 2130 2061 2166 controversia
2084 2134 2155 2172 est,
2204 2130 2289 2166 item
2309 2141 2452 2168 movere

226 2181 262 2214 et
284 2176 385 2223 quod
406 2177 536 2211 iustum
560 2179 597 2211 et
633 2176 815 2221 eqitimum
839 2180 893 2210 est
915 2176 960 2209 im
990 2179 1122 2217 etrare,
1155 2186 1269 2221 neque
1292 2186 1375 2211 vero
1393 2180 1551 2222 propter
1574 2174 1669 2210 hanc
1691 2185 1838 2210 causam
1862 2176 2001 2210 damnis
2024 2176 2167 2221 maqnis
2189 2176 2341 2221 afficere
2370 2187 2451 2213 eum

227 2223 285 2259 cui
308 2221 558 2258 denuntiatum
579 2224 644 2262 est,
669 2224 710 2256 ut
733 2231 775 2256 co
803 2226 888 2255 atur
911 2187 1221 2266 velpdefensiones
1236 2225 1365 2267 petere
1388 2220 1444 2256 vel
1465 2221 1614 2266 neqotia
1637 2219 1768 2255 babere
1791 2230 1835 2255 ae
1857 2230 1903 2256 ne
1924 2220 1957 2256 si
1979 2220 2064 2256 velit
2087 2219 2228 2265 quidem
2251 2220 2452 2268 depositori

224 2268 332 2314 fidem
363 2270 555 2313 praestare
580 2266 711 2312 possit.
799 2265 904 2300 uodsi
932 2266 1020 2311 quid
1050 2265 1226 2301 eiusmodi
1260 2266 1384 2311 utique
1411 2266 1544 2311 fecerit
1578 2267 1706 2310 (neque
1736 2266 1829 2300 enim
1856 2265 2069 2301 delictorum
2093 2264 2343 2311 prohibitione
2371 2266 2452 2303 sola

227 2312 454 2358 acquiescere
515 2322 559 2346 ar
589 2315 663 2353 est,
697 2311 762 2346 sed
791 2311 899 2346 etiam
931 2313 1062 2346 iustum
1099 2312 1262 2347 timorem
1291 2310 1579 2357 delinquentibus
1610 2311 1795 2352 incutere),
1831 2309 1915 2346 inde
1946 2310 1979 2346 si
2011 2311 2114 2356 forte
2148 2321 2207 2346 res
2229 2311 2452 2357 pecuniaeve

227 2357 432 2393 interierint
455 2357 469 2392 i
493 2367 562 2402 que
579 2356 761 2402 probetur
791 2356 864 2392 sive
888 2356 983 2391 atius
1007 2355 1278 2403 qualiscumque
1301 2367 1409 2391 casus
1429 2356 1613 2401 fortuitus
1635 2355 1681 2390 iis
1705 2355 1887 2398 acciderit,
1920 2354 1988 2391 hoc
2011 2355 2061 2390 ad
2083 2356 2200 2402 ipsum
2231 2356 2295 2402 qui
2316 2355 2452 2392 denun-

230 2404 413 2439 tiationem
443 2402 541 2436 misit
568 2402 752 2447 pertineat
758 2414 773 2443 ,·
809 2405 919 2447 atque
941 2401 1092 2448 insuper
1115 2402 1221 2436 etiam
1253 2412 1302 2438 eoe
1326 2412 1398 2447 quo
1423 2400 1598 2437 eiusmodi
1628 2399 1853 2436 denuntiatio
1875 2400 1981 2446 facta
2004 2404 2074 2443 est,
2106 2411 2254 2436 usuram
2275 2401 2453 2448 pecuniae

230 2448 370 2484 tertiam
395 2447 607 2482 centesimae
623 2450 790 2493 praestet
812 2447 847 2482 ei
869 2447 931 2492 qui
953 2457 1022 2481 sua
1045 2447 1207 2493 recipere
1225 2446 1434 2493 prohibitus
1457 2451 1522 2487 est,
1550 2456 1625 2481 non
1647 2445 1765 2481 solum
1787 2445 1820 2481 si
1843 2456 1972 2481 aurum
1995 2445 2043 2481 sit
2064 2444 2109 2482 de
2137 2445 2267 2481 ositum
2289 2445 2454 2493 idemque

228 2493 334 2529 reclcli
353 2491 593 2544 prohibitum,
623 2492 688 2527 sed
710 2492 816 2527 etiam
842 2493 936 2527 aliae
959 2502 1037 2527 res:
1070 2495 1111 2526 ut
1134 2491 1203 2527 boc
1225 2498 1321 2528 metu
1345 2491 1504 2527 homines
1527 2502 1551 2526 a
1574 2490 1678 2527 vanis
1700 2490 1808 2526 simid
1829 2496 1866 2526 et
1887 2490 2076 2527 invidiosis
2099 2457 2188 2536 ἔασι·
2205 2490 2453 2537 praestandae

229 2538 489 2585 impedimentis
513 2537 727 2572 abstineant.

363 2582 409 2617 11.
458 2581 538 2616 Iam
562 2592 646 2617 vero
673 2586 784 2617 totum
808 2581 904 2617 leuno
927 2582 1044 2617 locum
1069 2582 1132 2628 qui
1155 2585 1210 2618 est
1231 2581 1275 2618 de
1298 2580 1633 2617 denuntiationibus
1655 2584 1692 2617 et
1711 2580 1937 2628 perpendere
1959 2585 1996 2617 et
2015 2579 2211 2618 secundum
2233 2580 2346 2627 leqem
2368 2591 2453 2617 con-

229 2628 378 2663 stituere
395 2627 547 2673 placuit.
605 2626 771 2662 Videmus
795 2628 887 2662 enim
912 2626 981 2662 hoc
1005 2627 1198 2662 admodum
1220 2626 1453 2673 frequentari
1475 2626 1634 2662 maxime
1663 2626 1701 2661 in
1724 2626 1794 2661 lzac
1817 2626 1919 2673 reqia
1943 2626 2048 2669 urbe,
2080 2629 2121 2661 ut
2142 2624 2290 2672 quidam
2317 2625 2452 2662 denun-

232 2674 319 2708 tient
340 2674 386 2707 iis
409 2673 472 2717 qui
490 2671 660 2717 publicas
683 2682 850 2706 annonas
866 2672 1073 2707 ministrant
1096 2673 1152 2708 vel
1168 2672 1274 2707 etiam
1296 2675 1450 2707 tesseras
1469 2682 1492 2706 a
1506 2672 1701 2718 praefecto
1723 2681 1950 2706 annonarum
1966 2671 2159 2717 accipiunt,
2186 2681 2265 2706 cum
2283 2671 2455 2718 suspendi

281 2767 295 2799 1
322 2763 531 2808 πραχθεῖεν]
557 2766 659 2805 agant
683 2775 702 2798 ς
726 2763 738 2805 ΙΙ
768 2764 876 2804 ἐχέτω
901 2764 1026 2797 πᾶσαν
1050 2764 1087 2796 M
1096 2766 1152 2804 (ς)]
1186 2764 1310 2804 ἐχέτω·

232 2811 346 2843 ‹va
370 2810 479 2850 ἐχέτω
494 2809 529 2841 Β
554 2808 566 2851 ΙΙ
596 2810 615 2842 3
640 2806 794 2849 ἔξωθεν]
818 2809 895 2840 τῶν
919 2808 1064 2847 ἔξωθεν
1089 2809 1278 2841 Zachariae

234 2859 254 2890 4
277 2853 491 2898 χρήσασθαι
512 2854 547 2886 Β
575 2853 588 2896 ΙΙ
616 2850 832 2897 παραθήκης
856 2854 892 2886 Β
920 2853 932 2896 ΙΙ
963 2855 981 2886 5
1014 2850 1205 2897 ἐπειδήπερ
1230 2853 1282 2886 ΒΓ

233 2898 349 2935 πολλὰ
374 2912 432 2932 om.
447 2898 498 2931 ΒῙ
514 2898 525 2941 ΙΙ
542 2900 562 2932 6
586 2895 702 2941 ἡμῶν]
728 2895 832 2941 ἡμῶν
857 2893 979 2931 αὐτῶν
1003 2899 1054 2931 B‘
1080 2899 1092 2940 ΙΙ
1121 2899 1139 2932 8
1165 2894 1311 2932 ἆπόδω-

234 2957 293 2980 σιν
313 2945 357 2979 Μ
375 2943 387 2989 ΙΙ
413 2942 482 2977 τὸν
504 2944 572 2986 μὲν
595 2943 842 2976 πιστευθέντα
864 2943 934 2976 LB
960 2944 972 2983 ΙΙ
1000 2945 1020 2977 9
1042 2940 1133 2985 μηδὲ
1156 2940 1312 2983 ἐνοχλεῖν

234 2992 284 3025 Bc
303 2990 315 3031 ΙΙ
334 2992 373 3025 10
399 2987 523 3032 λαβεῖν
550 2988 626 3030 Bru
651 2990 689 3022 11
715 2987 782 3030 τὴν
808 3001 865 3020 om.
882 2987 978 3025 LBn
1005 2989 1045 3021 12
1066 2990 1218 3031 νομίμου
1242 2988 1278 3020 Β
1301 2986 1313 3031 ΙΙ

237 3038 279 3072 14
292 3035 498 3068 defensionas
514 3034 562 3074 M,
579 3030 820 3078 δεφενσίωνας
831 3034 861 3065 L
879 3029 1155 3075 διεκὸικήσειςΒ
1168 3034 1179 3075 Η
1196 3035 1236 3066 15
1252 3028 1311 3065 δύ-

236 3081 387 3122 νασθαι]
411 3078 585 3125 γίνεσθαι
598 3078 658 3121 L„
686 3080 727 3111 16
751 3074 960 3123 εὐγνώμονα
976 3078 1024 3111 L²
1041 3079 1053 3120 ΙΙ
1082 3080 1119 3111 17
1139 3077 1314 3122 πράξαιεν

237 3128 271 3161 Β
289 3127 301 3170 ΙΙ
321 3128 362 3160 19
375 3124 453 3159 εἶτα
466 3123 566 3164 ML1]
591 3123 661 3156 εἴτε
681 3123 787 3158 L²B5
808 3123 819 3166 ΙΙ
847 3125 889 3156 20
907 3125 1095 3166 συμβαίνει
1114 3123 1147 3156 Β
1167 3123 1178 3165 ΙΙ
1194 3120 1226 3164 ἢ]
1243 3122 1313 3155 εἴτε

236 3173 287 3206 ΒΤ
299 3172 311 3216 ΙΙ
329 3171 407 3204 τῶν
420 3169 525 3204 om.B
542 3168 554 3212 ΙΙ
572 3170 615 3203 24
627 3167 706 3209 τὸν]
726 3168 804 3201 τῶν
814 3168 861 3200 L¹
878 3168 890 3208 ΙΙ
907 3171 1029 3212 τρίτου
1044 3169 1092 3201 3⁶
1103 3168 1310 3201 ΤΙιεοᾱ-ΑιΙι.

236 3218 381 3259 (tertiam
405 3215 601 3249 centesimae
625 3215 702 3254 Iul.)
718 3213 730 3257 n
755 3215 797 3247 26
822 3212 1117 3258 παρατιθέμενον
1138 3213 1172 3245 Β
1191 3213 1202 3250 ΙΙ
1219 3214 1259 3246 27
1282 3212 1313 3244 εἰ

237 3263 322 3304 ML]
340 3256 362 3308 ᾗ
375 3262 410 3295 Β
423 3259 488 3303 (εἴη
501 3272 569 3294 cum
582 3260 777 3293 Haloandro
790 3260 887 3301 vulq.)
905 3258 917 3301 11
935 3259 1039 3315 ἕτερα
1054 3257 1099 3290 τὰ
1117 3253 1313 3302 πράγματα

239 3310 287 3342 B‘
311 3308 323 3351 ΙΙ
349 3309 391 3342 29
415 3306 478 3348 τῆς
501 3301 773 3351 εὐγνωμοσύνης
802 3299 1073 3348 (ἇγνωμοσυνης
1098 3303 1140 3344 L)
1172 3303 1314 3344 ἐποχῶν

237 3354 361 3394 MLB]
385 3351 531 3393 maligne
554 3349 706 3383 versandi
730 3350 766 3381 in
790 3347 1051 3391 depositionibus
1076 3359 1095 3383 ς
1117 3350 1128 3388 ΙΙ
1154 3349 1191 3381 31
1220 3346 1312 3380 κατὰ

236 3399 303 3432 τὸν
327 3398 440 3441 νόμον
459 3397 510 3430 ΒΓ
530 3395 543 3440 ΙΙ
569 3397 614 3429 34
636 3392 660 3438 ἢ
684 3407 740 3428 om.
761 3395 833 3429 13⁶:
855 3393 867 3437 ΙΙ
896 3395 937 3427 35
963 3393 1209 3438 ποριζομένοις
1233 3392 1313 3434 L²c1

237 3444 490 3489 ποριζομένους
510 3441 637 3474 ML¹B
652 3440 664 3484 ΙΙ
683 3439 840 3483 ἐπάρχου
863 3439 914 3471 Βε
930 3440 941 3481 ΙΙ
959 3436 1176 3481 βουλομένας
1200 3438 1245 3470 Μ

1381 2764 1535 2806 briiyyen]
1561 2773 1635 2795 cum
1661 2763 1738 2796 libri
1753 2761 1766 2806 ΙΙ
1789 2763 1810 2796 6
1834 2761 2002 2795 licentiam
2028 2761 2104 2805 V¹n
2129 2764 2147 2795 '1
2171 2761 2259 2794 enim
2284 2762 2345 2796 del.
2367 2762 2419 2795 γ’
2441 2762 2454 2807 Ι

1379 2807 1575 2840 reditionem
1597 2806 1662 2851 Vll
1689 2809 1709 2842 8
1734 2807 1933 2850 depositum]
1958 2806 2142 2849 depositum
2166 2808 2215 2839 est
2236 2805 2290 2839 R⁶
2309 2805 2323 2851 fl
2350 2806 2453 2840 mole-

1378 2852 1460 2885 stari
1478 2852 1528 2886 R¹
1544 2852 1556 2896 ΙΙ
1577 2854 1617 2886 10
1640 2854 1705 2893 res]
1730 2861 1781 2885 res
1800 2851 1928 2893 aliquas
1944 2850 2041 2885 R²T2
2052 2852 2138 2894 vulq.
2155 2850 2167 2892 ll
2188 2853 2225 2885 11
2244 2851 2350 2893 magis
2369 2851 2418 2885 R*

1382 2899 1422 2932 13
1436 2897 1622 2930 defensores
1634 2897 1719 2930 R¹T
1732 2896 1745 2940 ΙΙ
1764 2898 1804 2930 15
1817 2896 1956 2937 Quodsi]
1971 2895 2027 2929 uel
2043 2896 2072 2929 si
2094 2895 2143 2929 V*
2157 2894 2170 2940 fl
2189 2896 2293 2939 egerit
2309 2909 2366 2930 om.
2380 2896 2430 2930 Β*

1380 2945 1510 2985 oportet
1533 2945 1566 2975 et
1588 2952 1655 2975 non
1682 2942 1715 2976 T
1721 2942 1733 2962 ¹
1746 2940 1760 2986 ΙΙ
1781 2943 1822 2976 16
1846 2941 1951 2974 solnm
1972 2941 2030 2984 V!
2044 2943 2249 2984 contemptos
2273 2940 2356 2974 RT²
2375 2952 2454 2975 oon-

1379 2987 1581 3030 temptibiles
1608 2987 1654 3020 T·
1671 2986 1684 3030 ΙΙ
1714 2988 1751 3020 17
1778 2987 1896 3019 timore
1916 2986 1964 3019 ΕΙ
1987 2985 2001 3030 ῃ
2026 2985 2339 3028 transgressionibus
2363 2987 2418 3020 Τ(ι
2441 2986 2455 3032 fl

1380 3033 1460 3074 sive]
1484 3033 1537 3065 sui
1559 3031 1601 3065 V¹
1627 3031 1639 3074 ΙΙ
1665 3032 1704 3065 18
1729 3030 1915 3074 perditione
1936 3030 1986 3064 ΕΙ
2013 3041 2072 3073 per
2092 3030 2291 3065 coditionem
2315 3030 2374 3073 51⁷²,
2396 3033 2456 3066 sed

1382 3079 1507 3110 litterae
1525 3076 1563 3109 οό
1581 3089 1694 3110 erasae
1710 3084 1784 3109 sunt
1801 3076 1813 3118 ΙΙ
1828 3076 1969 3118 contigit
1983 3076 2030 3110 R*
2055 3076 2282 3119 contingoerit
2299 3077 2353 3110 Τ·ι
2369 3076 2383 3121 fl
2398 3087 2455 3120 pe-

1381 3122 1544 3155 culiarum
1565 3121 1615 3155 V¹
1649 3120 1855 3163 peculiorum
1887 3120 1936 3154 V³
1964 3119 1977 3165 ΙΙ
2006 3122 2047 3155 19
2068 3131 2294 3164 quaecumque
2327 3122 2408 3156 VT·
2441 3122 2454 3167 ΙΙ

1382 3169 1424 3201 20
1446 3166 1642 3207 *diremi-it]
1669 3166 1790 3199 dixerit
1815 3167 1892 3199 libri
1912 3165 1925 3210 {l
1956 3167 1997 3201 21
2023 3167 2120 3199 etiam
2146 3180 2203 3200 om.
2227 3167 2259 3201 V
2280 3166 2292 3212 ΙΙ
2323 3168 2366 3201 22
2389 3169 2455 3201 tm*—

1382 3213 1461 3244 tiam
1481 3211 1562 3252 RT]
1594 3221 1698 3253 usque
1721 3211 1762 3243 ad
1786 3211 1918 3244 tertiam
1950 3211 2074 3255 Vvulq.
2099 3213 2216 3254 (usque
2239 3212 2281 3245 ad
2300 3225 2327 3246 ε.
2342 3224 2374 3245 υ.
2393 3213 2454 3247 ad-

1380 3270 1443 3290 scr.
1459 3257 1558 3290 schol.
1580 3257 1625 3298 T)
1643 3256 1655 3299 ΙΙ
1673 3257 1715 3290 23
1738 3256 1935 3299 prohibente
1956 3257 2003 3290 Τι
2022 3256 2034 3300 ΙΙ
2051 3258 2200 3301 accipere
2223 3257 2392 3301 propriam
2411 3276 2455 3283 -—

1381 3304 1424 3336 30
1456 3303 1489 3334 et
1518 3304 1626 3334 totum
1657 3314 1718 3335 scr.
1743 3301 1794 3334 13²
1817 3304 1848 3334 in
1873 3314 1938 3334 ras.
1961 3302 2004 3346 2}
2028 3314 2171 3336 versuum
2198 3303 2211 3345 ss
2241 3303 2284 3337 24
2315 3312 2455 3336 auorum

1384 3348 1438 3381 Ta
1467 3346 1480 3390 ΙΙ
1508 3346 1608 3388 quod]
1645 3346 1777 3389 quidem
1804 3347 1857 3380 Ta
1884 3346 1897 3390 Η
1930 3348 1971 3381 25
2004 3350 2037 3380 et
2066 3361 2124 3381 om.
2151 3347 2223 3390 Μ’)
2251 3347 2265 3392 u
2292 3350 2371 3380 sunt
2402 3347 2454 3382 V·

1385 3393 1431 3427 T‘
1447 3392 1460 3435 ΙΙ
1478 3393 1518 3425 27
1545 3394 1645 3424 cesset
1670 3392 1717 3425 T¹
1736 3391 1749 3435 ΙΙ
1775 3393 1912 3426 30rubr.
1937 3391 1987 3425 De
2006 3393 2059 3425 his
2083 3393 2142 3435 qui
2166 3391 2453 3436 denuntiavide-

1382 3437 1626 3470 nuntiauerunt
1649 3437 1695 3479 R)
1728 3439 1766 3469 ut
1796 3436 1914 3470 ciuiles
1943 3447 2074 3470 annone
2104 3438 2156 3471 vel
2179 3437 2354 3481 pensiones
2385 3447 2452 3471 non

1382 3482 1557 3515 soluantur
1580 3482 1651 3516 ΒΤ
1669 3484 1701 3516 in
1726 3495 1828 3527 οων-9.
1852 3483 1905 3522 (ex
1928 3483 2005 3525 Iul.)
2029 3482 2042 3526 ΙΙ
2070 3483 2134 3516 Sed
2158 3496 2215 3516 om.
2231 3482 2264 3516 T
2282 3481 2295 3527 ΙΙ
2324 3483 2387 3516 hoc
2410 3501 2453 3507 —

1383 3530 1421 3561 31
1443 3530 1475 3560 et
1491 3526 1606 3571 consti}
1634 3529 1665 3561 in
1679 3540 1746 3562 ras.
1758 3527 1792 3560 R
1806 3527 1819 3571 ΙΙ
1838 3528 1876 3561 31
1892 3528 2123 3570 praeuidemus
2145 3528 2195 3562 V‘
2211 3527 2224 3573 ΙΙ
2243 3529 2285 3562 32
2298 3527 2453 3569 frequen-

1382 3572 1509 3605 taribus
1524 3573 1586 3604 hoc
1609 3573 1642 3606 V
1659 3573 1721 3606 hoc
1745 3572 1950 3614 frequentari
1977 3573 2033 3617 ΤΙΙ
2050 3574 2085 3606 in
2109 3586 2167 3606 om.
2182 3573 2231 3606 R*
2247 3572 2260 3617 ΙΙ
2276 3572 2453 3615 praecipua

1391 3618 1502 3662 VaTu
1518 3619 1561 3651 34
1581 3627 1706 3650 anonas
1721 3617 1777 3662 Vn
1793 3620 1932 3651 tessares
1948 3618 1980 3651 T
1991 3618 2003 3663 ΙΙ
2021 3618 2190 3662 accipi-nt
2210 3618 2257 3652 V·
2274 3617 2288 3662 ΙΙ
2304 3618 2348 3652 35
2373 3626 2451 3650 ano·

1382 3673 1499 3696 narum
1522 3663 1556 3697 R
1573 3662 1585 3707 Ι]
1601 3663 1748 3707 perfecto
1771 3662 1820 3697 V¹

286 3536 298 3567 1
326 3533 455 3573 deinde]
482 3532 540 3574 qui
564 3532 789 3574 deposuerunt
812 3530 889 3562 add.
906 3529 938 3562 Τ
946 3529 956 3548 ¹
971 3530 1093 3572 9loesa,
1119 3541 1202 3571 quae
1221 3531 1314 3562 etiam

239 3580 270 3612 in
296 3580 329 3611 R
352 3592 377 3610 s·
396 3592 423 3611 v.
451 3579 657 3617 adscribitur,
684 3579 714 3609 in
742 3582 854 3608 textum
880 3575 1005 3607 intrusa
1031 3574 1043 3617 ΙΙ
1074 3573 1216 3606 habeant
1242 3574 1274 3606 T
1303 3575 1315 3618 ΙΙ

238 3623 360 3656 *omne
382 3624 551 3667 VTvul9.‚
574 3635 632 3655 om.
654 3622 687 3655 R
708 3622 719 3663 ΙΙ
748 3622 767 3654 2
791 3621 861 3660 aut]
892 3621 929 3652 ut
952 3618 1000 3651 13¹
1025 3617 1037 3662 ΙΙ
1064 3621 1096 3652 ot
1120 3620 1171 3652 hic
1195 3620 1317 3652 inserui

240 3670 326 3710 (ante
350 3668 444 3700 nulla
469 3670 545 3701 add.
560 3669 658 3711 moly.)
677 3669 687 3710 [Ι
705 3668 724 3699 4
745 3662 986 3698 indictionibus
1006 3662 1057 3697 Τι
1074 3662 1088 3708 ΙΙ
1104 3664 1122 3697 5
1140 3663 1194 3696 cui
1212 3664 1312 3698 Oeen-

2581 2482 2592 2744 -Q-A-n—-n
2584 2414 2592 2461 -α-
2584 2383 2592 2392 a
