2476 3854
185 93 260 136 Ed.
278 95 376 138 VIII
405 108 467 150 pr.
492 100 510 136 1

703 230 756 237 „—

708 241 739 273 H

234 306 411 360 ΠΕΡΙ
460 306 602 359 ΤΟΥ
650 305 1013 360 BIKAPIOY
1061 304 1208 358 ΤΗΣ

517 383 923 437 ΠΟΝΤΙΚΗΣ.

182 472 221 508 ‘0
255 471 362 508 αὐτὸς
396 473 563 519 βασιλεὺς
593 474 727 517 Βήσσῳ
763 475 817 516 τῷ
851 471 1076 518 ἐνδοξοτάτῳ
1110 472 1257 520 ἐπάρχῳ

483 520 559 553 τῶν
584 518 691 564 ἱερῶν
714 522 961 564 πραιτωρίων.

247 600 553 643 <Προοίμιον >
598 599 715 641 Ἡμεῖς
744 600 812 642 μὲν
842 596 964 632 ἀσκεῖν
986 598 1050 633 τὰς
1072 598 1258 633 πολιτικὰς

179 639 288 687 ἅρχάς
318 645 395 677 ταῖς
424 643 517 677 κατὰ
549 643 618 686 τὴν
650 643 833 685 Ποντικὴν
865 631 1042 685 διοίκησιν
1072 645 1257 689 ἐπαρχίαις

179 691 391 730 νομίσαντες
421 688 489 722 τὸν
516 686 669 723 ἄνωθεν
701 690 977 732 ἐπινενοημένον
1004 685 1081 722 κατ’
1105 690 1257 723 ἐκείνους

178 732 260 766 τοὺς
289 732 423 767 τόπους
453 733 622 778 βικάριον
645 734 738 766 κατὰ
762 733 829 787 ‘5²²²'
852 735 894 768 ἐν
915 735 1015 777 μέσῳ
1039 734 1171 768 τοῦτον
1194 736 1255 769 έπ-

1237 91 1322 139 768

2088 113 2149 144 ΒΕ
2177 112 2399 146 ΡΟΝΤῙΟΑΕ

1801 244 1891 280 VIII
2146 246 2256 282 Auth.
2274 245 2400 282 cxxl.

1399 310 1492 359 DE
1539 271 2026 364 REVOCATIbNE
2073 313 2334 365 VIOARII

1690 390 2048 442 PONTIGAE.

1292 524 1312 556 5
1625 476 1724 513 Idem
1747 479 1837 524 Aug.
1861 479 2023 526 Eugenio
2046 491 2107 526 pp.

1390 598 1673 645 <Praefatio.>
1707 600 1783 637 Nos
1808 602 1949 646 quidem
1974 602 2141 639 sufficere
2165 602 2284 639 civiles
2304 602 2399 639 ordi-

1326 644 1489 679 nationes
1514 644 1610 680 circa
1634 645 1819 682 Ponticam
1846 647 2026 683 dioecesin
2049 648 2241 692 provinciis
2266 648 2399 684 consti-

1327 691 1488 741 tuentes&
1500 689 1653 735 desuper
1675 700 1739 735 per
1760 691 1840 736 ipsa
1862 691 1943 727 loca
1958 693 2129 728 vicarium
2144 694 2182 728 in
2197 693 2312 728 medio
2330 694 2400 729 hoc

1326 744 1570 770 consensimus
1602 737 1782 780 tempore,
1816 737 1947 772 nemini
1982 747 2121 781 eorum,
2154 748 2245 783 quae
2273 741 2401 783 postea

178 781 341 831 ἔσχομεν(
357 777 501 823 χρόνον,
532 777 638 812 οἰδὲν
664 780 742 812 τῶν
765 790 918 823 υστερον
939 782 1146 825 γενομένων
1169 775 1255 823 παρ’
1271 783 1313 815 10
1325 779 1423 814 facta.
1454 783 1540 814 sunt
1570 780 1616 815 ab
1646 781 1715 822 eis,
1748 781 1953 826 delinquere
1983 785 2178 827 sperantes.
2224 783 2296 819 Sed
2318 793 2399 818 mox

179 821 303 856 αὐτῶν
320 823 654 868 αμαρτηθὴσεσθαι
668 821 972 869 προςὸοκήσαντες
983 834 990 843 ·
1015 821 1092 858 ἀλλ’
1110 825 1256 868 ἐπείπερ

179 867 218 907 ἐξ
234 865 357 902 αὐτῶν
372 871 535 914 ἔγνωμεν
550 870 628 903 τῶν
643 868 881 914 πραγμάτων,
906 866 953 903 ὠς
969 866 1096 914 ἄνδρες
1119 870 1256 903 aizoi-aa

177 913 241 947 τὰς
275 915 446 959 ἐπαρχίας
476 911 612 949 ταύτας
642 913 821 961 λῃστείαις
852 927 892 948 τε
922 917 981 948 καὶ
1014 916 1139 960 φόνοις
1159 916 1255 948 ἐντε-

176 959 384 1004 θραμμένοι
407 962 468 992 καὶ
491 957 623 1004 ἄνδρας
639 957 934 1005 anteponat-mas
949 956 1004 993 ciet
1021 957 1256 1004 ἀθροίζοντες

1325 829 1366 859 ut
1396 824 1442 860 ab
1473 824 1562 868 ipsis
1594 826 1822 869 cognovimus
1854 837 1991 870 rerum,
2027 827 2122 871 quod
2145 828 2211 863 viri
2234 828 2401 864 habitant

1324 870 1525 913 provincias
1549 871 1614 906 has
1638 871 1835 906 latrociniis
1855 877 1891 907 et
1912 872 2111 908 homicidiis
2129 873 2238 908 dediti
2253 877 2290 908 et
2304 873 2400 908 viros

1325 915 1431 949 armis
1455 917 1596 950 utentes
1615 925 1754 961 semper
1771 917 1986 961 colligentes,
2010 922 2046 952 et
2061 918 2233 953 adversus
2248 918 2398 954 invicem

1324 960 1507 995 utentibus
1538 961 1592 996 his
1622 960 1810 1004 diffugiunt
1840 971 1930 1006 quae
1961 972 2025 1007 pro
2056 963 2112 998 his
2146 966 2230 998 sunt
2252 973 2399 1008 poenas,

177 1006 236 1036 καὶ
260 1000 530 1057 κατ’(ἇλλήλων
553 1004 834 1058 χρώμενοιᾸκαὶ]
850 1005 999 1057 τούτοις,
1025 1002 1257 1059 διαφεύχουσί
1272 1009 1310 1041 15
1324 1009 1363 1039 ut
1386 1005 1588 1058 provincias
1613 1009 1760 1050 mutent,
1793 1009 1831 1042 in
1855 1007 1982 1052 quibus
2011 1008 2230 1052 delinquunt,
2262 1008 2400 1044 nemine

176 1061 217 1082 τε
247 1049 310 1082 ’τὰς
339 1051 431 1093 νπὲρ
461 1049 604 1083 τρίτων
636 1061 764 1084 ποινας
793 1050 846 1091 τῷ
879 1061 939 1083 τας
963 1052 1133 1095 ἐπαρχίας
1157 1054 1253 1094 αμεί-

175 1097 267 1137 βειν,
293 1095 334 1127 έν
364 1093 418 1128 αἶς
447 1093 731 1139 ἁμαρτήσουσιν,
763 1091 908 1128 οὐδενὸς
937 1097 1014 1129 τῶν
1047 1096 1253 1140 ἐπιχωρίων

176 1136 365 1183 ἀρχόντων
400 1139 470 1182 τὴν
505 1138 763 1183 ἐπιδεδομένην
797 1140 920 1184 χώραν
957 1141 1139 1183 ἐκβαίνειν
1173 1139 1250 1174 τολ-

174 1186 326 1227 μῶντος,
351 1182 399 1218 ὠς
419 1182 586 1219 πολλάκις
609 1187 675 1228 μὲν
697 1181 790 1229 ἡμᾶς
811 1183 944 1238 ἅνᾷρας
960 1187 1143 1231 ἐκπέμψαι
1158 1186 1251 1219 κατὰ

1323 1050 1590 1095 provincialium
1613 1050 1772 1086 iudicum
1795 1052 1963 1087 traditam
1983 1052 2052 1087 sibi
2067 1053 2286 1097 provinciam
2303 1053 2400 1088 exire

1321 1100 1589 1139 praesumente,
1614 1099 1661 1131 'ut
1683 1097 1889 1132 multotiens
1913 1097 2055 1142 quidem
2078 1108 2144 1133 nos
2167 1097 2262 1134 viros
2287 1098 2396 1134 desti-

1320 1150 1445 1176 nemus
1477 1141 1524 1175 ad
1554 1141 1774 1185 provinciam
1795 1145 1830 1177 et
1851 1151 1997 1186 gravare
2021 1143 2185 1188 expensis
2205 1142 2399 1188 publicum,

1323 1199 1339 1216 α
1352 1199 1368 1216 21
1383 1199 1398 1216 ο
1424 1195 1507 1221 vero
1537 1186 1618 1230 plus
1650 1186 1758 1229 nihil,
1788 1197 1861 1223 non
1892 1190 2082 1232 praesente
2106 1187 2332 1224 ordinatione
2354 1187 2400 1224 de

177 1229 247 1271 τὴν
264 1226 387 1274 χώραν
410 1233 469 1263 καὶ
490 1232 648 1285 βαρᾷναι
669 1230 816 1274 μισθοῖς
838 1244 880 1264 το
900 1228 1091 1283 ῥημόσιον,
1115 1230 1252 1285 ’πρᾶξαι
1264 1233 1307 1266 20
1320 1235 1535 1276 praeparato
1564 1230 1708 1267 iuvante
1739 1234 1776 1267 et
1805 1232 2009 1268 huiusmodi
2032 1232 2170 1268 iulicsta
2201 1232 2398 1270 auferente.

176 1271 216 1307 δὲ
245 1273 356 1310 πλέον
387 1272 504 1317 οὔδέν,
535 1289 585 1318 μη
616 1275 799 1319 παρούσης
828 1272 935 1320 ἆρχης
964 1276 1026 1317 τῆς
1050 1276 1089 1316 ἐξ
1109 1279 1250 1320 ετοίμου

174 1317 384 1397 ῗοῃθούσης
407 1323 467 1354 καὶ
490 1319 537 1354 τοὶ
552 1321 706 1354 τοιαῦτα
720 1322 798 1354 τῶν
813 1318 1064 1365 ἀτοπημάτων
1079 1315 1251 1355 ἀναστελ-

196 1375 310 1408 ουσης,

243 1476 452 1523 συνείὸομεν
475 1474 777 1514 ἀνακαλέσασθαι
792 1478 862 1522 τὴν
876 1479 941 1513 τοῦ
957 1482 1123 1532 βίκαριόυ
1138 1478 1253 1514 πάλιν

1190 1410 1348 1448 CAPUT
1369 1411 1400 1449 Ῐ.

1391 1478 1634 1515 Praevidimus
1665 1488 1834 1515 revocare
1863 1479 1989 1516 vicarii
2017 1481 2146 1517 iterum
2179 1481 2399 1528 dignitatem,

173 1522 297 1579 ἀρχήν,
329 1527 389 1557 καὶ
417 1523 494 1578 τὸνλ
517 1526 584 1568 μὲν
612 1525 677 1567 τῆς
704 1522 886 1558 Γαλατίας
916 1536 1062 1569 πρωτης
1092 1523 1252 1569 ἄρχοντα
1266 1527 1308 1560 25
1322 1525 1359 1559 et
1374 1531 1470 1559 ‘eum
1503 1524 1659 1569 quidem,
1691 1525 1751 1569 qui
1783 1525 1918 1569 primae
1937 1525 2100 1562 Galatiae
2128 1527 2297 1580 princeps
2332 1530 2399 1572 est,

172 1566 285 1612 μηδεν
314 1571 438 1615 ἕτερον
469 1567 711 1614 ηνπολιτικὸν
735 1566 899 1615 (μόνον)
921 1568 1081 1614 ἄρχοντα
1103 1570 1251 1615 (εἶναι),

174 1613 276 1647 καθὰ
297 1612 475 1659 πρότερον
497 1615 554 1657 ἦν,
579 1617 666 1659 πρὶν
690 1612 788 1658 ἡμεῖς
808 1614 877 1657 τὴν
892 1616 957 1648 τοῦ
972 1618 1137 1660 βικαρίου
1155 1628 1251 1659 περι-

176 1657 318 1692 ελόντες
346 1656 460 1703 ἀρχὴν
492 1657 577 1702 ἀξίᾳ
607 1672 647 1693 τε
678 1663 739 1693 καὶ
771 1660 909 1701 σιτήσει
935 1662 1075 1702 μείζονι
1098 1660 1167 1694 τὸν
1190 1661 1251 1694 ἐπὶ

173 1705 237 1747 τῆς
259 1716 288 1738 π
312 1703 403 1747 ώτης
419 1703 600 1739 Γαλατίας
623 1704 844 1758 ἐτιμήσαμεν
864 1703 1042 1749 ἄρχοντα·
1061 1704 1129 1739 τὸν
1149 1703 1251 1749 βικά-

1320 1569 1408 1604 nihil
1441 1569 1541 1604 aliud
1574 1569 1644 1605 nisi
1676 1570 1812 1605 civilem
1848 1572 2095 1608 tantummodo
2125 1572 2278 1608 iudicem
2309 1582 2399 1615 esse,

1321 1614 1516 1650 secundum
1552 1615 1647 1659 quod
1678 1614 1815 1659 pridem
1838 1619 1934 1659 erat,
1963 1617 2168 1669 priusquam
2187 1627 2254 1653 nos
2277 1617 2401 1654 vicarii

1320 1660 1542 1695 auferremus
1564 1659 1919 1704 administrationem,
1943 1661 2084 1706 dlgnam
2099 1666 2136 1698 et
2151 1662 2301 1698 annonis
2317 1663 2399 1708 plu-

1320 1704 1419 1739 rimis
1442 1705 1515 1750 ille,
1546 1705 1608 1750 qui
1636 1705 1773 1750 primae
1795 1705 1957 1742 Galatiae
1980 1707 2177 1744 honoratus
2201 1709 2256 1744 est
2278 1708 2397 1752 iudex,

174 1761 255 1827 Ξιον
309 1750 326 1782 ἑ
350 1748 463 1783 πάλιν
494 1749 688 1791 ἐπιστῆσαι
718 1760 851 1784 πασαις
879 1752 958 1783 ταῖς
989 1750 1051 1802 τῆς
1074 1751 1252 1793 Ποντικῆς
1265 1752 1308 1785 30
1321 1750 1490 1785 vicarium
1530 1760 1625 1785 vero>
1647 1750 1775 1786 iterum
1808 1750 2193 1789 instituere-omnibus
2227 1752 2400 1790 Ponticae

197 1791 383 1837 ιοικήσεως
406 1796 602 1849 ἐπαρχίαις,
622 1790 712 1828 ὥςτε
735 1791 850 1828 αὐτὸν
872 1793 940 1828 τὸν
957 1807 1075 1830 τοπον
1090 1793 1252 1839 πληροῦν

171 1836 263 1885 (οὗ)
285 1840 348 1883 τῆς
373 1841 616 1886 ἐπαρχοτητος
637 1838 762 1884 μόνης,
786 1837 877 1874 ἀλλὰ
899 1842 960 1874 καὶ
980 1840 1044 1874 τοῦ
1066 1838 1255 1881 ἐνδοξοτά-

1321 1794 1526 1830 dioeceseos
1543 1795 1746 1840 provinciis,
1770 1797 1811 1831 ut
1833 1796 1951 1841 ipsum
1973 1797 2093 1833 locum
2111 1812 2157 1830 ο.
2170 1812 2187 1830 ο
2205 1807 2278 1834 non
2291 1807 2398 1844 prae·

1323 1839 1485 1876 secturae
1501 1840 1624 1884 solius,
1640 1841 1704 1876 sed
1720 1840 1825 1876 etiam
1840 1841 2085 1886 gloriosissimi
2099 1842 2260 1888 magistri
2275 1852 2398 1880 sacro·

307 1909 372 1964 Ed.
395 1931 487 1965 VIII
509 1931 634 1965 Graece
659 1939 747 1966 extat
771 1933 804 1965 in
827 1932 881 1973 M,
907 1931 1029 1966 Latine
1048 1933 1082 1966 in
1106 1933 1206 1967 Anth.
1233 1934 1367 1976 CXXI.

1231 2096 1342 2134 VIII.

595 2164 699 2216 DE
750 2164 1110 2217 PONTICAE
1162 2165 1254 2216 DI
1254 2165 1615 2218 OEOESEOS

1672 2165 1975 2219 VICARIO.

620 2241 721 2279 Idem
746 2241 955 2290 Imperator
979 2244 1099 2280 Basso
1122 2244 1387 2290 ylariosissimo
1404 2246 1602 2292 praefecto
1625 2256 1732 2282 sacro
1751 2246 1956 2293 praetorio.

307 2310 563 2356 Praefatio.
611 2310 692 2346 Nos
722 2311 865 2356 quidem
894 2311 1067 2356 sufficere
1090 2311 1210 2347 civiles
1232 2314 1469 2359 maqistratus
1490 2313 1667 2349 Ponticae
1690 2313 1893 2349 dioeceseos
1908 2313 2111 2360 provinciis
2132 2313 2206 2348 rati
2226 2313 2312 2359 olim
2333 2324 2400 2350 ex-

171 2357 370 2402 ooqitatum
402 2356 475 2391 illis
505 2356 595 2391 locis
626 2356 801 2392 vicarium
832 2357 871 2391 in
902 2356 1019 2392 medio
1051 2356 1121 2392 hoc
1152 2361 1218 2391 tem
1248 2368 1311 2392 ore
1332 2357 1568 2400 inhibuimus,
1600 2358 1692 2394 nihil
1715 2369 1856 2400 eorum,
1888 2369 1982 2404 quae
2004 2361 2132 2403 postea
2155 2358 2200 2394 ab
2224 2358 2271 2394 iis
2290 2360 2398 2405 facta

170 2406 266 2442 sunt,
296 2406 485 2447 peccatum
516 2401 563 2436 iri
593 2405 840 2447 expectantes.
888 2400 961 2436 Sed
991 2402 1204 2447 quandoqui
1230 2413 1283 2436 em
1315 2414 1364 2439 ex
1394 2404 1485 2449 ipsis
1514 2404 1621 2439 rebus
1643 2404 1886 2449 coqnovimus,
1910 2404 2008 2439 viros
2031 2403 2197 2439 habitare
2219 2402 2287 2439 has
2307 2414 2397 2450 pro-

170 2447 309 2481 vincias
333 2446 535 2482 latrociniis
556 2450 593 2482 et
616 2446 785 2482 caedibus
807 2446 1003 2482 innutritos
1026 2452 1060 2482 et
1083 2448 1146 2493 qui
1170 2447 1268 2482 viros
1290 2458 1432 2501 semper
1454 2452 1675 2528 conqregent
1697 2454 1860 2483 armatos
1875 2448 1991 2494 iisque
2007 2448 2180 2483 adversus
2193 2458 2232 2483 se
2248 2452 2398 2484 utantur

170 2496 205 2526 et
234 2502 374 2537 poenas
404 2491 582 2537 defuqere
606 2502 679 2537 pro
710 2491 767 2526 lzz's
798 2492 1012 2526 constitutas
1042 2492 1188 2527 mutatis
1219 2494 1427 2538 provinciis,
1459 2494 1497 2527 in
1521 2504 1583 2539 qut

170 2540 351 2571 stratuum
374 2537 475 2571 nullo
499 2547 561 2588 ex·
575 2536 926 2616 traditaffrovincia
949 2536 1074 2583 eqredi
1097 2536 1261 2588 audente,
1795 2583 1802 2589 ⁶
2031 2583 2039 2590 .

746 2582 774 2616 il
803 2592 888 2616 vero
912 2582 1195 2633 profecerimus,
1224 2593 1303 2617 cum
1324 2588 1471 2629 praesto
1492 2594 1566 2618 non
1590 2587 1682 2619 esset
1704 2587 1950 2629 maqtstratus,
1974 2593 2036 2629 qut
2052 2586 2267 2630 promptum
2290 2593 2397 2620 auxt-

170 2581 341 2626 expensis
369 2592 650 2626 qravaoemmus,
682 2592 718 2616 m

170 2626 256 2661 lium
277 2627 382 2670 ferre
404 2631 439 2661 et
462 2627 666 2662 istiusmodi
685 2626 829 2679 slaqitia
851 2637 1049 2673 reprtmere
1068 2632 1205 2678 posset,

1608 2504 1650 2528 us
1673 2493 1841 2529 delicturi
1864 2497 1960 2535 sunt,
1981 2492 2260 2539 provincialium
2283 2494 2397 2540 mayn·-

1286 2538 1339 2573 ita
1363 2542 1402 2572 ut
1424 2549 1532 2584 saepe
1555 2538 1653 2573 viros
1676 2539 1713 2573 in
1736 2537 1962 2584 provinciam
1985 2538 2207 2574 emiserimus
2223 2541 2260 2574 et
2270 2538 2398 2590 fisoutm

304 2671 334 2706 I.
383 2672 495 2706 visum
528 2676 583 2707 est
611 2682 784 2707 revocare
813 2676 941 2707 iterum
970 2672 1097 2707 vicarii
1126 2672 1380 2718 maqistratum
1410 2675 1447 2708 et
1471 2671 1637 2709 Galatiae
1666 2672 1809 2719 primae
1833 2671 2041 2719 praesidem
2072 2671 2165 2707 nillil
2183 2671 2287 2708 aliud
2307 2683 2396 2716 esse,

170 2715 241 2749 nisi
263 2715 400 2750 civilem
426 2721 564 2751 tantum
586 2716 752 2758 iudicem,
775 2717 871 2751 sicut
893 2720 977 2752 ante
1000 2721 1090 2759 erat,
1107 2719 1326 2763 priusquam
1349 2728 1418 2752 nos
1439 2716 1582 2753 sublato
1606 2718 1735 2754 vicarii
1753 2718 1970 2763 maqistratu
1986 2715 2164 2763 diqnitate
2177 2728 2397 2764 annonaque

169 2761 307 2795 maiore
327 2761 470 2806 primae
495 2760 661 2796 Galatiae
680 2762 885 2807 praesidem
909 2761 1184 2804 honoravimus;
1211 2762 1384 2798 vicarium
1412 2766 1532 2798 autem
1555 2762 1674 2798 denuo
1699 2762 1863 2798 omnibus
1886 2761 2060 2797 Ponticae
2083 2761 2287 2798 dioeceseos
2301 2773 2396 2809 pro-

170 2805 297 2841 vinciis
323 2806 535 2851 praeficere,
564 2810 604 2841 ut
636 2806 754 2842 locum
784 2807 934 2853 eoepleat
964 2818 1038 2842 non
1072 2808 1186 2843 solius
1213 2807 1485 2853 praefecturae,
1516 2808 1582 2844 sed
1612 2809 1720 2844 etiam
1743 2807 1999 2853 qloriosissimi
2019 2806 2186 2853 mayistri
2207 2817 2396 2844 sacrorum

216 2977 236 3009 2
261 2977 358 3008 inser.
383 2974 423 3006 de
446 2974 655 3006 revocatione
674 2973 792 3006 vicarii
808 2975 968 3008 Ponticae
985 2987 1004 3012 ς
1023 2974 1035 3020 Ι]
1051 2978 1072 3010 4
1096 2973 1245 3018 Βάσσῳ]

169 3020 324 3062 Eugenio
341 3031 361 3056 ς
381 3021 436 3063 (cf.
450 3019 638 3052 Zachariae
662 3021 774 3052 anecd.
790 3021 852 3054 261
870 3018 921 3056 λς’
942 3022 1128 3063 Theophan.
1143 3022 1220 3063 235,
1234 3030 1245 3055 1

170 3068 209 3099 de
228 3066 332 3107 Boor,
357 3066 448 3108 apud
470 3076 561 3107 quem
579 3077 609 3096 a.
627 3065 692 3097 545
709 3060 781 3097 ἀπὸ
803 3063 972 3108 ἐπάρχων
988 3074 1120 3099 vocatur
1137 3067 1245 3110 Euqe·

169 3113 252 3153 nius)
269 3111 281 3154 1}
301 3113 322 3144 4
345 3107 496 3153 ὑπάρχῳ
515 3108 559 3141 Μ
570 3108 583 3151 ΙΙ
601 3109 622 3142 8
646 3109 923 3152 ἐπινενοημένον
940 3123 997 3143 om.
1017 3122 1036 3146 ς
1052 3111 1064 3153 ΙΙ
1082 3112 1246 3152 ἐκείνους]

168 3157 242 3199 ipsa
266 3168 284 3192 ς
301 3156 313 3199 ΙΙ
331 3158 352 3190 9
383 3155 592 3197 ἐπέσχομεν]
620 3154 895 3195 consensinius(?)
921 3167 948 3191 ς.
1001 3156 1052 3198 Cf.
1070 3169 1141 3189 nov.
1161 3157 1252 3189 VIII
1280 3149 1284 3198 1
1315 3166 1388 3188 mus
1405 3156 1451 3196 V]

169 3215 196 3235 e·
213 3203 232 3235 3
253 3202 264 3243 ΙΙ
289 3204 331 3236 10
354 3196 472 3243 older]
498 3199 623 3232 nemini
646 3210 666 3235 ς
684 3199 696 3242 ΙΙ
713 3195 796 3244 παρ’
825 3196 948 3232 αὐτῶν
974 3213 1032 3233 om.
1057 3213 1076 3237 ς
1092 3200 1104 3244 ΙΙ
1128 3202 1166 3235 13
1188 3203 1247 3233 καὶ

169 3245 351 3289 φόνοις-
373 3249 413 3280 15
440 3242 618 3290 χρώμενοι
652 3257 711 3277 om.
736 3245 775 3276 Μ
784 3248 812 3282 ⁶,
845 3246 952 3288 suppl.
981 3247 1013 3278 in
1045 3259 1147 3289 mary.
1173 3246 1218 3278 M
1222 3244 1245 3277 ¹².

168 3292 355 3325 Nonnullae
391 3292 518 3324 litterae
555 3291 700 3322 abscisae
733 3296 823 3330 sunt,
861 3302 942 3332 quas
975 3291 1064 3322 uncis
1099 3291 1245 3323 includo:

169 3336 353 3380 έντεθ[ρα]
355 3350 379 3379 μ
381 3338 484 3379 μένοι
495 3353 541 3359 ——
554 3331 670 3376 [ὁπλο]
675 3334 874 3379 φοροῦντας
883 3353 924 3358 -
935 3332 981 3375 [ἁ]
988 3334 1195 3378 θροίζοντες
1205 3354 1246 3359 —-

168 3378 259 3423 κ[ατ’
277 3379 455 3423 ἆλλήλ]ων
472 3380 485 3424 ΙΙ
509 3383 550 3414 15
574 3381 634 3412 καὶ
659 3380 720 3412 del.
747 3379 934 3412 Zachariae
958 3380 1130 3412 utentibus
1152 3379 1204 3412 his
1228 3392 1247 3415 ς

168 3427 179 3470 {1
204 3429 245 3461 20
279 3425 414 3470 πρᾶξαι
439 3438 498 3458 om.
519 3437 539 3461 ς
569 3424 580 3468 ΙΙ
609 3425 651 3457 26
680 3422 793 3467 μόνον
823 3432 852 3458 et
875 3422 968 3456 εἶναι
992 3425 1143 3467 supplevi
1165 3434 1203 3456 ex
1228 3436 1246 3460 ς

168 3473 224 3515 (affl
252 3474 328 3512 771,
345 3475 374 3512 3)
399 3471 411 3514 ΙΙ
436 3473 477 3504 27
504 3467 761 3514 περιελθόντες
783 3470 829 3503 M
847 3469 859 3512 ΙΙ
885 3470 927 3502 28
949 3464 1046 3511 ἀξίᾳ]
1067 3469 1200 3511 dignam
1227 3481 1246 3505 ς

166 3516 178 3561 ΙΙ
195 3519 236 3551 31
254 3515 416 3560 πληροῦν
433 3529 490 3549 om.
507 3527 526 3552 ς
545 3516 556 3558 ΙΙ
574 3517 615 3549 32
630 3510 672 3547 οὗ
690 3526 727 3547 επ
741 3526 760 3551 ς
772 3516 879 3558 suppl.
894 3515 1092 3554 Zachariae,
1108 3513 1158 3557 μὴ
1173 3522 1245 3547 ante

167 3574 235 3594 τον
259 3573 375 3595 τοπον
400 3562 477 3593 add.
503 3574 570 3594 cum
594 3561 776 3603 Scrimyero
795 3561 880 3604 vuly.

217 3653 230 3684 1
265 3625 437 3684 Ilion-ellam
470 3664 527 3684 om.
552 3650 627 3691 RT,
659 3625 754 3682 habet
775 3650 807 3682 V
825 3657 853 3682 et
874 3649 991 3682 Pistor.
1015 3651 1047 3691 f.
1066 3649 1123 3681 62Γ
1156 3650 1245 3682 cuius

1317 2977 1464 3009 lectiones
1481 2977 1611 3009 enotavi
1625 2976 1760 3010 selectas
1775 2975 1921 3027 (contulit
1939 2975 2146 3019 Chiappella').
2164 2974 2177 3018 ΙΙ
2194 2976 2215 3010 2
2231 2977 2320 3009 rubr.
2333 2988 2393 3010 om.
2443 2979 2446 2982 '
2463 2987 2476 3002 ⁴

1323 3021 1361 3063 V,
1375 3020 1570 3054 const.VIII
1580 3039 1623 3045 —
1636 3020 1676 3053 de
1691 3030 1913 3053 renouacione
1927 3019 2048 3053 nicarii
2063 3019 2230 3062 pontifice.
2244 3018 2297 3064 B).
2310 3020 2393 3054 Pist-

1314 3066 1360 3109 {16
1382 3065 1587 3099 sufficienter
1602 3063 1651 3099 17⁶
1663 3065 1746 3099 Pist.
1764 3064 1776 3108 [Ι
1797 3067 1814 3098 ’1
1839 3064 2028 3107 pontificem
2039 3064 2268 3108 Vpontiflcem
2284 3064 2395 3117 Pisa-ss
2451 3084 2453 3087 ⁴
2471 3055 2476 3068 ⁵

1315 3110 1471 3143 diocesim
1492 3111 1527 3144 V
1543 3109 1683 3143 docesim
1704 3110 1788 3143 Pisi.
1812 3109 1824 3146 ΙΙ
1850 3111 1870 3143 8
1894 3119 1953 3152 per
1977 3122 2035 3142 om.
2050 3109 2131 3143 Pist.
2147 3109 2160 3154 ΙΙ
2179 3111 2200 3144 9
2224 3119 2393 3143 consensi—

1315 3213 1373 3233 om.
1396 3200 1434 3243 V,
1457 3199 1498 3232 ab
1519 3199 1590 3232 eius
1614 3199 1693 3232 Pist.
1714 3197 1971 3243 flderelinquerc
1993 3199 2048 3242 Vn
2065 3209 2197 3241 sperare
2221 3200 2330 3244 Pisi-fl
2350 3202 2390 3235 11

1315 3244 1380 3287 ipsi
1401 3244 1479 3277 Pr'st.
1498 3244 1510 3287 ΙΙ
1531 3245 1571 3277 12
1596 3243 1654 3276 has
1669 3243 1855 3276 latrociniis
1873 3244 1966 3284 Pist.]
1983 3243 2191 3277 alotrociniis
2213 3245 2269 3288 Vll
2287 3245 2391 3278 domi-

1314 3288 1411 3322 cidiis
1436 3289 1516 3322 Pisc.
1535 3288 1548 3332 ΙΙ
1578 3289 1618 3322 13
1645 3291 1678 3321 et
1700 3288 1855 3321 adversus
1876 3289 1992 3330 Kroll]
2017 3289 2058 3322 ad
2081 3289 2288 3323 aduersarios
2309 3289 2391 3324 Vct

1313 3334 1506 3366 aduersario
1532 3333 1614 3367 Pist.
1633 3333 1645 3377 ΙΙ
1665 3335 1706 3367 14
1729 3335 1808 3366 sunt
1829 3333 1874 3375 V]
1903 3337 1982 3367 sunt
2001 3336 2039 3366 ut
2061 3335 2140 3368 Pisi.
2158 3334 2172 3377 ΙΙ
2192 3336 2231 3369 15
2255 3334 2390 3367 mittent
2446 3355 2454 3358 -

1322 3379 1375 3412 Va
1392 3377 1405 3421 ΙΙ
1422 3378 1587 3411 neminem
1608 3378 1741 3420 VPise,
1766 3391 1848 3412 corr.
1866 3379 1960 3412 Beck
1976 3379 1989 3422 11
2010 3380 2049 3413 16
2073 3378 2196 3412 tradita
2212 3381 2283 3422 (om.
2299 3378 2388 3413 iudi·
2445 3379 2451 3417 J

1313 3426 1402 3464 cum)
1424 3424 1505 3456 Pist.
1537 3422 1549 3464 ΙΙ
1577 3423 1765 3466 provincias
1789 3423 1919 3465 exigere
1944 3426 2169 3467 presumentes
2193 3425 2274 3458 Pisi.
2303 3423 2316 3468 fl
2347 3425 2387 3459 1¹1
2439 3426 2459 3449 ’-

1315 3468 1447 3509 quidem
1469 3468 1514 3508 V]
1546 3468 1618 3500 (lem
1645 3469 1724 3502 Pist.
1758 3468 1770 3512 ΙΙ
1806 3470 1844 3503 18
1869 3479 1890 3501 a
1912 3469 2085 3512 prouintia
2105 3469 2138 3502 V
2154 3480 2174 3501 a
2204 3468 2388 3512 prouinciis
2445 3467 2455 3492 ἶ

1315 3514 1396 3546 Pist.
1422 3513 1434 3555 11
1462 3515 1502 3546 19
1526 3514 1600 3546 uiro
1623 3514 1656 3546 V
1674 3514 1685 3558 ΙΙ
1713 3515 1920 3557 presumente
1946 3514 2026 3547 Pist.
2046 3514 2058 3557 ΙΙ
2076 3515 2117 3547 20
2140 3514 2248 3547 indita
2271 3513 2352 3547 Pin.
2375 3510 2389 3558 Ι]

1315 3560 1355 3591 25
1382 3558 1500 3590 calatie
1518 3558 1573 3598 Vll
1592 3560 1632 3593 28
1657 3559 1843 3592 auferemus
1865 3558 1980 3592 VPist.
1999 3558 2011 3602 Ι]
2029 3562 2087 3591 sut
2110 3558 2387 3592 ministrationem

1323 3602 1371 3637 V¹
1387 3604 1479 3643 Pisi,
1505 3606 1539 3635 at
1563 3617 1601 3636 ez·
1625 3606 1683 3636 aut
1698 3604 1746 3635 1'2
1764 3604 1776 3646 fl
1793 3605 1835 3637 29
1859 3602 1919 3636 illo
1935 3604 1969 3638 V
1985 3603 2061 3636 illos
2080 3603 2162 3638 Pist-
2181 3603 2195 3648 Η
2210 3604 2253 3638 30
2274 3601 2387 3647 ponti-

1314 3648 1383 3680 ficis
1406 3648 1571 3681 dioceseos
1592 3649 1621 3682 V
1623 3649 1703 3683 Pist.
1722 3652 1735 3692 Ι]
1753 3651 1795 3683 32
1819 3649 1918 3682 etiam
1937 3649 1983 3689 V]
2008 3650 2040 3682 et
2059 3648 2141 3682 Pin.

1476 3155 1695 3187 concessimus
1713 3154 1793 3187 Pist.
1814 3154 2068 3196 contempsimus
2086 3154 2180 3187 Beck
2197 3153 2209 3199 Ι]
2230 3157 2270 3189 10
2286 3154 2328 3188 ab
2344 3155 2393 3188 eis
2447 3157 2463 3164 ”’
