2476 3854
89 108 197 152 Nov.
219 107 438 152 CXXVIII
468 110 577 151 3-6
1159 104 1245 152 638
1894 121 1955 152 nn
1983 120 2317 156 commolimus

89 219 182 254 κατὰ
205 218 273 254 τὸν
295 220 483 275 εἰρημένον
505 215 645 262 τρόπον
669 217 734 252 τὰς
758 213 895 260 ἀποχὰς
918 214 1028 265 ἤγουν
1050 215 1170 264 ἀμερι-
1238 218 1351 264 piunt.
1400 218 1439 254 Si
1459 227 1542 256 vero
1566 219 1761 256 secundum
1784 219 2005 265 praedictum
2027 220 2171 258 modum
2193 221 2317 259 desus-

87 268 194 310 μνίας
212 264 261 309 μὴ
279 275 481 307 ποιησουσι,
501 262 688 306 κελεύομεν
709 259 837 298 αὐτοὺς
854 265 915 296 καὶ
935 262 1067 307 ποινὴν
1086 261 1172 298 δέκα
1241 266 1348 309 cepta
1377 263 1452 300 sive
1475 265 1686 302 securitates
1715 275 1787 301 non
1809 265 1976 310 fecerint,
2006 266 2169 303 iubemus
2199 276 2261 303 eos
2284 269 2320 303 et

87 314 232 356 χρυσίου
256 308 391 354 λιτρῶν
415 306 656 342 ἀπαιτεῖσθαι
680 311 739 341 καὶ
759 305 941 352 βασάνους
964 306 1170 354 ὑπομένειν.
1239 319 1393 355 poenam
1409 309 1531 345 decem
1545 311 1624 346 auri
1639 310 1813 347 librarum
1828 311 1921 356 exigi
1941 314 1977 347 et
1990 311 2178 348 tormentis
2194 311 2318 356 subdi;

88 356 154 389 τοῦ
177 355 347 401 ἄρχοντος
379 352 512 398 ὁμοίως
541 354 604 396 τῆς
628 354 799 398 ἐπαρχίας
822 352 844 387 ι’
869 357 1012 399 χρυσίου
1035 353 1172 399 λιτρῶν
1241 354 1399 390 similiter
1415 353 1569 391 iudicem
1587 355 1790 402 provinciae
1808 356 1929 392 decem
1944 356 2025 393 auri
2042 356 2214 393 librarum
2233 366 2318 402 poe·

88 400 221 443 ποινὴν
245 401 553 445 εἶςπραττομένου,
585 398 616 432 εἰ
640 402 722 444 περὶ
749 398 879 433 τούτου
903 398 1172 445 προςελευσθεὶς
1208 403 1227 436 5
1241 409 1322 435 nam
1345 399 1456 444 exigi,
1488 400 1519 436 si
1542 401 1586 437 de
1613 401 1683 438 1100
1705 401 1955 455 interpellatus
1985 411 2059 438 non
2088 401 2320 439 vindicaverit

87 445 136 489 μὴ
153 443 328 488 ἐκδικήσει
350 447 409 477 καὶ
426 442 614 478 συνελάσει
628 444 692 478 τὰς
707 440 845 497 ἀποχὰξ
864 442 944 487 ἢτοι
961 441 1171 491 ἀμεριμνίας
1240 447 1276 480 et
1298 455 1374 480 com
1402 445 1509 481 ulerit
1536 445 1749 491 desuscepta
1778 456 1852 483 81νο
1879 447 2090 484 securitates
2121 446 2319 485 secundum

87 487 180 524 καθ’
206 487 253 534 ἣν
277 488 498 534 διωρίσαμεν
521 487 629 529 τάξιν
653 500 911 535 συγγραφηναι.
1239 500 1342 535 quem
1391 489 1588 527 efinivimus
1611 491 1770 528 ordinem
1791 492 1978 528 conscribi.

1087 589 1242 627 CAPUT
1266 591 1327 626 lV.

148 659 219 689 Καὶ
242 658 350 691 τοῦτο
375 655 414 691 δὲ
437 655 626 701 κελεύομεν
650 656 1002 710 παραφυλαχθῆναι,
1026 652 1114 693 ὤςτε
1137 658 1173 692 εἴ
1301 658 1400 694 Haec
1424 660 1545 694 autem
1567 657 1730 695 iubemus
1753 659 1950 705 observari,
1974 662 2016 697 ut
2037 660 2068 697 si
2092 659 2171 706 quis
2194 659 2319 696 forsan

85 713 138 736 τις
169 698 217 736 ais
240 701 353 757 εἰκὸςῖ
361 704 439 736 τῶν
464 701 712 737 συντελεστων
735 699 936 755 ἄμφιβάλοι
971 705 1054 747 περὶ
1084 699 1168 746 κτή-
1239 703 1449 739 collatorum
1479 702 1619 738 dubitat
1649 703 1695 740 de
1723 705 1962 749 possessione,
1992 715 2058 751 pro
2089 716 2159 751 qua
2181 704 2320 742 fiscalis»

86 758 190 789 σεως,
215 744 305 792 ὑπὲρ
329 758 368 790 ης
393 745 550 792 δημόσια
573 746 836 793 εἰςπράττεται,
860 744 885 791 ἢ
900 749 991 792 νπὲρ
1010 747 1072 791 τῆς
1091 749 1169 782 τῶν
1184 751 1224 785 10
1238 748 1400 793 exigitur,
1426 749 1489 784 aut
1511 758 1577 793 pro
1592 747 1767 785 fiscalium
1790 750 2000 795 quantitate,
2025 750 2188 787 omnibus
2203 749 2319 786 modis

86 790 272 836 δημοσίων
287 792 499 836 ποσότητος,
523 794 614 827 πᾶσι
631 791 781 837 τρόποις
796 793 878 827 τοὺς
892 794 969 827 τῶν
985 790 1170 837 δημοσίων
1238 793 1414 829 fiscalium
1446 793 1725 839 descriptionum
1756 795 1922 831 custodes
1952 796 2030 841 cogi
2062 806 2085 832 a
2114 795 2319 842 provinciae

86 834 311 884 ἀπογραφῶν
331 837 490 883 φύλακας
511 835 784 884 ἀναγκάζεσθαι
803 835 875 873 ὑπὸ
895 838 959 872 τοῦ
978 839 1042 882 τῆς
1061 839 1169 883 ἐπαρ-
1237 838 1370 883 iudice,
1406 842 1469 875 aut
1503 838 1565 874 ino
1600 840 1807 885 neglegente
1839 850 1862 876 a
1895 840 2055 877 locorum
2093 840 2318 878 sanctissimo

84 886 160 925 χίας
195 881 383 938 ἀρχθντος,
421 881 444 927 ἢ
467 885 602 917 ἐκείνου
625 879 841 928 ἀμελοῦντος
873 882 972 929 παρὰ
1002 884 1068 918 τοῦ
1091 886 1170 918 τῶν
1238 885 1421 930 episcopo,
1445 893 1507 920 eas
1530 884 1690 928 proferre
1714 889 1750 921 et
1768 884 1943 921 fiscalium
1966 885 2154 922 ostendere
2176 885 2317 931 quanti-

84 928 215 963 τόπων
246 926 453 963 οσιωτάτου
481 927 703 972 έπισκόπου,“
729 928 862 963 ταύτας
886 931 1079 975 προφέρειν
1110 932 1170 963 καὶ
1238 931 1348 965 tatem
1384 934 1419 965 et
1449 929 1645 965 secundum
1674 930 1840 966 virtutem
1873 930 2039 977 publicae
2070 929 2319 976 descriptionis

84 972 154 1016 τὴν
176 973 254 1008 τῶν
278 972 462 1018 δημοσίων
486 970 748 1010 ἀποδεικνύναι
772 973 961 1017 ποσότητα
985 973 1077 1008 κατὰ
1101 974 1170 1017 τὴν
1186 977 1226 1011 15
1239 975 1332 1019 exigi
1354 984 1609 1021 possessorem.

85 1017 241 1063 δύναμιν
256 1020 319 1063 τῆς
336 1017 506 1063 δημοσίας
523 1017 745 1066 ἀπογραφῆς,
761 1022 822 1053 καὶ
837 1015 953 1054 οὕτως
968 1019 1169 1065 εἰςπράττε-

87 1064 180 1098 σθαι
203 1063 272 1099 τὸν
294 1068 521 1109 κεκτημένον.

1097 1143 1254 1181 CAPUT
1277 1143 1321 1181 V.

146 1214 219 1245 Καὶ
243 1213 283 1245 ἐν
306 1210 426 1255 τούτῳ
451 1210 491 1246 δὲ
513 1214 586 1247 τοῖς
610 1209 790 1257 ἡμετέροις
814 1210 1061 1247 συντελεσταῖς
1083 1215 1168 1257 βοη·
1292 1211 1343 1247 Et
1357 1212 1395 1248 in
1415 1212 1486 1249 1100
1502 1221 1643 1259 quoquo
1664 1212 2021 1253 nostroslcollatores
2044 1212 2318 1294 0010181οἕ01-

83 1257 199 1299 θῇσαι
231 1255 452 1302 συιέίδομεν,
485 1253 573 1313 ὥςζεε
603 1257 653 1302 μὴ
678 1253 840 1311 ἆνάγέιην
864 1255 1069 1304 ἐπάγεσθαι
1097 1259 1170 1292 τοῖς
1238 1258 1429 1303 speximus,
1460 1260 1502 1294 ut
1524 1269 1595 1295 non
1619 1258 1816 1294 necessitas
1846 1258 2023 1295 inferatur
2049 1268 2216 1304 possesso
2251 1257 2319 1294 bus

83 1299 276 1347 κτήτορσιν
301 1300 500 1337 ὑποδέκτας
523 1299 717 1347 ονομόιζειν
740 1314 803 1346 της
827 1303 867 1338 έν
888 1306 1022 1348 χρυσίῳ
1046 1314 1168 1338 συντε-
1183 1304 1226 1337 20
1240 1303 1306 1338 sub
1331 1303 1550 1349 hypothecas
1573 1303 1824 1340 decimationes
1855 1304 2038 1340 nominare
2065 1304 2104 1340 in
2131 1313 2220 1340 auro
2245 1303 2319 1339 col-

83 1346 178 1381 λειάς
209 1347 299 1393 πρὸς
330 1346 373 1382 τὸ
403 1347 453 1392 μή
485 1361 569 1382 τινα
602 1350 640 1382 ἐκ
664 1344 794 1382 τούτου
824 1347 1018 1392 ὑπομένειν
1043 1345 1172 1382 αὐτοὺς
1239 1347 1393 1392 lationis,
1419 1351 1460 1385 ut
1479 1359 1552 1385 non
1568 1349 1723 1394 aliquam
1747 1359 1792 1385 ex
1807 1349 1877 1386 hoc
1892 1349 2076 1395 patiantur
2097 1349 2168 1395 ipsi
2189 1348 2319 1385 laesio·

83 1392 238 1437 βλάβην,
262 1390 353 1427 ἀλλὰ
376 1394 524 1428 τούτους
546 1392 597 1427 οἷς
621 1395 660 1428 ἑν
685 1393 816 1440 ἑκάστῃ
841 1395 995 1438 ἐπαρχίᾳ
1019 1390 1042 1437 ἢ
1065 1392 1171 1428 πόλει
1239 1403 1336 1438 nem,
1372 1395 1435 1430 sed
1467 1404 1529 1430 eos
1562 1395 1690 1439 quibus
1724 1394 1762 1430 in
1791 1405 2005 1440 unaquaque
2039 1394 2223 1449 provincia
2254 1394 2320 1430 aut

84 1436 103 1471 ὁ
130 1437 294 1473 κίνδυνος
323 1438 388 1482 τῆς
410 1439 488 1474 τῶν
512 1436 698 1484 δημοσίων
728 1437 959 1483 ἀπαιτήσεως
982 1439 1170 1481 ἐπίκειται,
1240 1439 1382 1475 civitate
1405 1439 1602 1484 periculum
1625 1439 1801 1476 fiscalium
1828 1440 2025 1477 exactionis
2047 1440 2215 1483 imminet,
2246 1439 2320 1476 sive

83 1483 154 1517 εἴτε
179 1482 346 1529 ἄρχοντες
372 1484 445 1518 εἷεν
473 1484 544 1518 εἴτε
574 1483 846 1529 πολιτευόμενοι
877 1484 949 1518 εἴτε
975 1484 1171 1529 ἐξάκτωρες
1238 1484 1373 1520 iudices
1398 1485 1468 1521 sint
1491 1485 1564 1521 sive
1589 1485 1741 1521 curiales
1762 1484 1836 1522 sive
1858 1488 2044 1522 exactores
2075 1495 2140 1522 seu
2163 1484 2320 1522 vindices

83 1528 154 1562 εἴτε
178 1527 334 1574 βίνδικες
357 1529 429 1563 εἴτε
444 1528 690 1576 κανονικάριοι
713 1527 735 1573 ἢ
759 1527 862 1564 ἄλλοι
885 1532 988 1572 τινές,
1011 1530 1065 1572 τῷ
1087 1527 1169 1573 ἰδίῳ
1184 1532 1225 1565 25
1239 1532 1303 1565 aut
1327 1531 1545 1567 canonicarii
1566 1534 1630 1566 aut
1653 1530 1714 1566 alii
1737 1530 1899 1576 quidam,
1931 1530 2076 1577 proprio
2101 1529 2260 1577 periculo
2282 1532 2320 1567 et

83 1572 243 1618 κινδύνῳ
276 1571 519 1628 ὑποδέχεσθαι
549 1574 597 1630 τὰ
621 1574 787 1622 χρήματα
817 1578 878 1609 καὶ
909 1576 1116 1621 ἐκπέμπειν,
1147 1572 1172 1618 ἢ
1239 1575 1422 1621 suscipere
1453 1576 1623 1621 pecunias
1657 1579 1693 1611 et
1721 1576 1963 1613 transmittere
1993 1579 2029 1614 et
2051 1575 2253 1623 expendere
2280 1574 2320 1613 in

84 1622 145 1653 καὶ
169 1616 378 1654 ἀναλίσκειν
400 1621 448 1655 εἰς
471 1618 515 1655 ἅς
538 1620 810 1666 αφωρίσθησαν
832 1624 958 1667 χρείας.
1240 1620 1369 1666 quibus
1392 1620 1585 1667 deputatae
1608 1624 1693 1659 sunt
1715 1621 1941 1659 utilitatibus.

1074 1721 1231 1758 CAPUT
1253 1721 1315 1758 VI.

140 1790 214 1821 Καὶ
237 1789 346 1822 τοῦτο
363 1787 404 1823 δὲ
420 1788 755 1835 παραφυλαχθῆναι
779 1788 978 1833 κελεύομεν,
1003 1785 1092 1824 ὥςτε
1109 1804 1170 1824 κα·
1295 1790 1345 1825 Et
1367 1789 1437 1826 hoc
1461 1789 1635 1826 custodiri
1663 1790 1826 1827 iubemus
1858 1790 2122 1828 canonicalium
2151 1790 2259 1827 talem
2280 1791 2319 1827 in

82 1834 289 1879 νονικάριον
312 1836 478 1868 τοιοῦτον
502 1836 542 1870 ἐν
565 1836 609 1883 τῇ
635 1837 790 1880 ἐπαρχίᾳ
813 1834 1042 1879 στέλλεσθαι,
1077 1831 1170 1870 ὅςτις
1236 1835 1455 1880 provinciam
1479 1835 1666 1880 destinari,
1691 1836 1751 1882 qui
1766 1836 1882 1881 possit
1895 1837 2052 1882 periculo
2077 1836 2317 1872 ordinantium

83 1877 238 1913 δύναται
268 1879 320 1921 τῷ
346 1878 504 1923 κινδύνῳ
535 1881 612 1915 τῶν
642 1879 951 1926 προβαλλομένων
975 1877 1087 1916 αὐτὸν
1106 1881 1167 1915 εἰς·
1183 1884 1224 1916 30
1238 1891 1319 1916 011111
1342 1881 1483 1925 exigere
1505 1880 1645 1916 fiscalia
1667 1882 1819 1925 tributa,
1850 1885 1891 1918 ut
1913 1892 1978 1927 per
1999 1881 2135 1918 nullam
2158 1881 2318 1918 occasio-

83 1925 260 1970 πράττειν
279 1924 325 1958 τὰ
348 1923 505 1969 δημόσια
525 1925 619 1970 τέλη,
641 1923 729 1961 ὥςτε
752 1925 847 1960 κατὰ
870 1924 1050 1970 μηδεμίαν
1081 1926 1170 1971 πρό·
1238 1936 1318 1961 110111
1342 1926 1571 1971 impulsorem
1593 1929 1676 1972 post
1699 1936 1780 1962 eum
1797 1928 1889 1963 mitti
1906 1931 1942 1963 et
1957 1927 2124 1964 damnum
2147 1926 2318 1964 subiectis

83 1981 197 2015 φασιν
219 1969 458 2013 ἐξπελλευτὴν
487 1967 574 2015 μετ’
598 1967 712 2005 αὐτὸν
742 1972 996 2015 ἐκπέμπεσθαι
1027 1974 1086 2005 καὶ
1111 1973 1170 2014 ζη-
1237 1971 1378 2007 inferri:
1402 1971 1605 2017 impulsoris
1626 1971 1753 2018 <enim>
1772 1974 1810 2008 et
1828 1973 1947 2019 ipsum
1965 1972 2178 2009 vocabulum
2197 1972 2241 2008 de
2259 1982 2317 2009 ce·

81 2018 171 2059 μίαν
202 2017 275 2049 τοῖς
298 2011 511 2051 ὑποτελέσιν
539 2017 704 2063 ἐπάγειν·
741 2018 806 2051 τοῦ
836 2016 904 2062 γὰρ
936 2015 1170 2057 έξπελλευτοῦ
1221 2055 1225 2056 ⁷

82 2063 142 2094 καὶ
174 2056 290 2104 αὐτὴν
321 2060 390 2104 τὴν
422 2066 660 2108 προςηγοριάν
691 2062 756 2095 τοῦ
779 2060 907 2097 λοιποῦ
938 2061 1168 2107 ἄναιροῦμεν.

82 2151 220 2195 Quodsi
241 2150 436 2187 secundum
452 2151 686 2198 praedictum
709 2151 853 2187 modum
884 2150 1048 2198 apochas
1076 2161 1140 2187 seu
1170 2152 1382 2188 securitates
1410 2162 1485 2187 non
1510 2151 1688 2203 fecerint,
1719 2152 1879 2188 iubemus
1908 2161 1972 2188 eos
2001 2150 2121 2188 decem
2145 2151 2319 2189 librarum

82 2197 166 2232 auri
186 2207 307 2243 poena
355 2197 403 2232 eti
425 2202 461 2232 et
483 2200 662 2233 tormenta
685 2196 815 2233 subire.
864 2195 1083 2242 Pariterque
1105 2207 1129 2231 a
1149 2196 1321 2244 praeside
1344 2197 1561 2243 provinciae
1591 2195 1711 2232 decem
1736 2196 1910 2233 librarum
1933 2197 2019 2232 auri
2040 2207 2167 2244 poena
2189 2198 2318 2244 exiqu-

84 2246 154 2285 tur,
178 2243 211 2278 si
234 2253 279 2278 ea
327 2252 347 2277 e
371 2252 483 2278 causa
506 2244 702 2278 conventus
724 2241 764 2277 id
786 2252 861 2278 non
883 2242 1121 2278 vindicaverit
1143 2253 1258 2288 neque
1280 2242 1442 2288 effecerit
1464 2246 1504 2278 ut
1521 2240 1686 2288 apochae
1708 2253 1771 2278 seu
1794 2242 2007 2279 securitates
2028 2252 2072 2279 eo
2095 2253 2168 2289 quo
2190 2243 2318 2279 statui-

82 2298 161 2322 mus
183 2286 291 2323 modo
315 2288 602 2324 conscribantur.

201 2332 279 2368 =IV.
326 2331 401 2368 Sed
423 2332 492 2369 hoc
515 2344 659 2379 quoque
683 2333 869 2369 observari
897 2332 1070 2374 iubemus,
1100 2336 1142 2368 ut
1163 2332 1196 2368 si
1219 2332 1301 2379 quis
1321 2332 1424 2378 forte
1446 2331 1688 2368 subiectorum
1717 2332 1761 2368 de
1778 2332 2020 2379 possessione,
2051 2332 2155 2368 cuius
2175 2333 2319 2369 noniine

84 2377 218 2414 tributa
241 2379 453 2425 exiquntun
489 2379 543 2415 vet
565 2378 610 2414 de
634 2379 849 2415 tributorum
872 2378 1075 2424 quantitate
1099 2377 1246 2421 dubitet,
1278 2376 1440 2413 omnibus
1462 2377 1579 2413 modis
1596 2376 1828 2424 publicarum
1851 2377 2131 2424 descriptionum
2153 2378 2319 2415 custodes

82 2427 262 2475 coquntur
293 2435 317 2458 a
345 2424 557 2470 provinciae
583 2424 773 2471 praeside,
809 2427 874 2459 aut
903 2423 966 2458 illo
998 2422 1208 2470 neqleqente
1240 2433 1263 2458 a
1294 2422 1521 2458 sanctissimo
1557 2423 1718 2458 locorum
1749 2424 1932 2470 episcopo,
1966 2423 2048 2459 illas
2079 2423 2254 2470 proferre
2282 2426 2318 2460 et

83 2469 299 2504 tributorum
335 2469 573 2514 quantitatem
607 2469 802 2505 secundum
837 2471 996 2504 tenorem
1023 2467 1196 2514 publicae
1230 2467 1486 2514 descriptionis
1519 2467 1785 2511 demonstrare,
1824 2473 1934 2514 atque
1965 2468 2018 2504 ita
2052 2479 2076 2503 a
2106 2478 2319 2515 possessore

82 2514 145 2549 exi
172 2517 293 2549 antur.

145 2525 170 2559 9
218 2559 262 2594 V.
310 2558 384 2595 Sed
406 2559 444 2593 in
467 2558 536 2595 hoc
580 2570 697 2605 uoque
719 2559 897 2595 subiectos
919 2563 1065 2594 nostros
1088 2558 1263 2595 adiuvare
1284 2558 1435 2606 placuit,
1459 2569 1505 2595 ne
1522 2557 1799 2605 possessoribus
1819 2558 2013 2594 necessitas
2036 2558 2218 2604 afferatur
2238 2569 2317 2595 sus-

83 2607 248 2650 ceptores
270 2603 482 2639 nominandi
507 2570 721 2640 mimorum
747 2615 841 2650 quae
864 2604 902 2640 in
926 2615 1017 2640 auro
1042 2604 1295 2650 conferuntur,
1320 2614 1365 2639 ne
1388 2603 1478 2650 quid
1499 2603 1571 2650 ipsi
1593 2602 1717 2639 damni
1739 2601 1823 2638 inde
1844 2602 2007 2645 subeant,
2037 2602 2102 2639 sed
2123 2606 2166 2639 ut
2186 2604 2214 2640 ii
2236 2604 2318 2651 qui-

83 2648 149 2684 bus
171 2650 209 2683 in
233 2659 377 2695 quaque
397 2650 586 2696 provincia
611 2649 668 2685 vel
689 2649 833 2685 civitate
849 2649 1055 2696 periculum
1078 2649 1285 2685 exactionis
1317 2648 1531 2685 tributorum
1555 2648 1762 2695 impositum
1785 2651 1856 2690 est,
1889 2648 1963 2685 sive
1985 2647 2122 2699 iudices
2142 2648 2217 2686 sint
2244 2649 2319 2686 sive

83 2694 241 2729 curiales
263 2694 337 2730 sive
357 2698 550 2730 eoeactores
572 2695 647 2731 sive
666 2694 822 2731 vindices
845 2695 919 2731 sice
938 2694 1162 2730 canonicarii
1183 2694 1258 2731 sive
1277 2694 1342 2730 atii
1361 2694 1439 2737 ulli,
1461 2705 1528 2730 suo
1541 2693 1708 2740 periculo
1724 2692 1906 2740 pecunias
1923 2693 2123 2740 suscipiant
2144 2697 2181 2730 et
2202 2698 2317 2730 trans-

83 2740 238 2780 mittant,
264 2739 319 2775 vel
341 2739 448 2774 etiam
473 2740 511 2774 in
534 2750 595 2775 eos
618 2750 705 2775 usus
729 2740 778 2775 ad
801 2751 894 2786 quos
916 2740 1119 2776 destinatae
1141 2742 1225 2775 sunt
1248 2744 1410 2786 eroqent.
1944 2782 1951 2789 .
2166 2781 2174 2790 ·
2297 2782 2305 2790 ·

218 2783 280 2820 VI.
329 2783 403 2819 Sed
424 2783 494 2819 hoc
517 2795 661 2831 quoque
692 2784 877 2821 observari
906 2784 1084 2830 iubemus,
1115 2788 1154 2820 ut
1178 2785 1433 2820 canonicarius
1464 2784 1548 2820 tatis
1578 2785 1616 2819 in
1642 2783 1871 2831 provinciam
1902 2785 2078 2825 mittatur,
2110 2792 2172 2828 qut
2230 2784 2319 2819 ossit

81 2829 243 2877 periculo
274 2839 398 2865 eorum
429 2830 493 2875 qui
522 2840 602 2865 eum
630 2830 854 2866 instituerint
884 2830 1019 2866 tributa
1048 2830 1196 2877 publica
1227 2830 1387 2877 exiqere,
1418 2840 1504 2866 neve
1536 2829 1612 2865 ulla
1643 2829 1688 2865 de
1711 2839 1824 2864 causa
1855 2829 2062 2875 compulsor
2085 2829 2192 2875 (expe
2208 2827 2318 2872 teuta)

78 2879 168 2921 post
195 2885 274 2910 eum
305 2874 470 2909 mittatur
504 2878 540 2909 et
570 2874 738 2910 damnum
769 2876 938 2911 subiectis
968 2876 1128 2921 inferat:
1162 2875 1400 2922 compulsoris
1430 2875 1523 2911 enim
1553 2875 1672 2922 ipsum
1706 2884 1835 2910 nomen
1868 2872 1908 2909 in
1927 2877 2119 2920 posterum
2150 2871 2317 2909 tollimus.

143 2971 159 3003 1
185 2965 266 3009 ἤτοι
290 2965 374 3007 (εἴτε
393 2959 460 3000 οὖν
483 2979 511 3000 υ.
527 2968 562 3008 ί.)
588 2968 637 3000 B·
656 2967 668 3010 11
690 2969 710 3001 6
736 2965 901 3009 ἐκδικὴση
926 2968 957 3000 L
974 2966 986 3011 11
1006 2970 1023 3001 7
1047 2964 1167 3011 ὃιωρί-
1307 2969 1327 3001 2
1352 2969 1432 3007 non]
1468 2968 1500 2999 et
1524 2976 1588 2998 non
1620 2965 1655 2999 V
1677 2964 1690 3008 11
1718 2964 1835 2998 fecerit
1861 2964 1894 2997 T
1917 2964 1930 3003 11
1962 2964 1981 2996 3
2005 2962 2167 2995 librarum
2190 2962 2265 2995 auri
2290 2962 2323 2996 T

84 3015 209 3058 σαμεν]
234 3009 275 3045 δὲ
298 3009 482 3056 ὠρίσαμεν
505 3012 552 3045 M
571 3011 583 3056 11
606 3014 890 3058 συγγεγραφέναι
914 3013 946 3045 L
970 3012 982 3055 11
1009 3013 1028 3046 8
1050 3012 1167 3053 τοῦτο]
1236 3013 1322 3056 vuly.
1341 3012 1353 3056 11
1371 3012 1445 3053 exig
1468 3012 1512 3044 1⁷¹
1532 3011 1545 3054 11
1562 3013 1582 3044 4
1598 3009 1708 3043 iudice
1729 3008 1785 3052 Vss
1801 3008 1876 3042 suri
1898 3007 2062 3040 librarum
2086 3017 2206 3059 penam
2229 3007 2318 3059 exigi

83 3062 164 3092 haec
189 3070 208 3095 ς
226 3054 295 3103 11δέ
311 3058 354 3099 L]
380 3071 439 3092 om.
453 3058 495 3090 M
510 3057 522 3097 ΙΙ
542 3059 582 3091 15
603 3056 709 3099 κατὰ]
734 3060 766 3089 et
781 3056 962 3090 secundum
983 3069 1003 3093 ς
1020 3057 1032 3100 11
1052 3059 1093 3090 16
1109 3059 1169 3090 καὶ
1246 3058 1292 3098 V]
1317 3056 1477 3090 librarum
1501 3056 1576 3088 auri
1600 3054 1689 3096 exigi
1711 3063 1850 3096 poenam
1877 3053 1910 3086 T
1917 3053 2004 3103 yuly.
2023 3050 2036 3093 11
2054 3054 2073 3087 5
2097 3051 2318 3104 vindicaverit

84 3100 199 3138 οὕτως
223 3116 282 3136 οηι.
297 3115 316 3139 ς·
334 3102 347 3147 11
371 3104 414 3137 20
433 3098 642 3144 ὖποδέκτας]
674 3102 735 3135 sub
757 3103 958 3145 hypothecas
979 3102 1169 3135 decimatio·
1238 3103 1456 3136 Leunclavius
1481 3100 1593 3134 Notat.
1608 3101 1639 3140 2,
1652 3101 1719 3140 244]
1744 3097 1944 3131 indicauerit
1969 3096 2079 3149 librijl
2102 3099 2122 3131 6
2148 3096 2317 3140 compelh-

84 3161 143 3183 nes
163 3162 182 3186 ς
205 3150 311 3190 (lectio
329 3149 365 3182 ni
373 3149 485 3192 fallor
501 3156 572 3182 orta
593 3161 631 3181 εει.-
648 3148 774 3191 duplici
794 3149 958 3190 scriptura
978 3143 1170 3189 ὑποθήκας
1237 3149 1294 3180 tur
1319 3148 1352 3181 T
1371 3147 1384 3190 11
1400 3145 1577 3179 securitate
1599 3145 1632 3178 V
1647 3143 1803 3177 securites
1832 3143 1863 3176 Τ
1881 3141 1894 3186 11
1912 3144 1929 3175 Ί
1955 3141 2140 3175 ᾱιίϊὶιιιωιιε
2166 3142 2198 3175 Τ
2211 3142 2223 3185 11
2240 3152 2317 3175 con-

85 3204 114 3229 et
139 3192 302 3236 δεκάτας)
330 3194 342 3236 11
372 3193 434 3236 τῆς
458 3194 498 3227 ἐν
521 3195 658 3237 χρυσίῳ
689 3193 819 3236 (χρυσῷ
845 3193 936 3234 Αιίι.)
968 3190 1170 3226 συντελείας
1237 3192 1339 3225 scribi
1365 3192 1411 3232 T]
1446 3189 1547 3223 scribi
1579 3189 1711 3232 Vvuly.
1740 3188 1753 3232 11
1784 3190 1825 3222 10
1849 3187 2029 3239 exiguntur
2056 3188 2088 3220 T
2111 3187 2124 3231 11
2156 3189 2193 3222 11
2219 3189 2250 3228 a]
2286 3189 2319 3220 et

85 3242 159 3274 Ath.
175 3252 194 3277 ς
215 3235 427 3282 (ὑποδέκτας
442 3239 507 3272 τοῦ
523 3241 667 3283 χρυσίου
686 3239 806 3271 ΤΙιεοοί.
831 3239 1036 3279 susceptores
1056 3248 1169 3270 eorum
1237 3248 1257 3270 a
1284 3238 1314 3270 T
1333 3236 1345 3280 11
1375 3238 1416 3270 14
1439 3234 1620 3268 secundum
1646 3253 1687 3258 —
1713 3233 1946 3275 descriptloms
1970 3234 2002 3266 in
2019 3245 2086 3284 rasz
2104 3232 2137 3266 T
2158 3232 2171 3276 11
2197 3233 2236 3267 18
2261 3231 2318 3265 ad-

86 3296 169 3328 quae
187 3286 222 3318 in
238 3295 313 3318 aere
325 3303 360 3308 —
372 3285 584 3327 pensitantur
596 3284 686 3326 lum]
703 3282 784 3316 τοὺς
801 3282 841 3316 ἐν
855 3284 990 3327 χρυσίω
1007 3280 1170 3316 συντελε-
1237 3282 1355 3315 iuuare
1387 3283 1515 3313 nostros
1548 3278 1723 3312 collatores
1749 3278 1875 3322 Tvuly.
1900 3277 1912 3320 11
1937 3287 2163 3320 prospeximus
2187 3278 2220 3311 T
2237 3276 2318 3329 [19

85 3339 172 3376 στὰς
187 3342 259 3375 ML
276 3341 288 3384 11
306 3342 349 3375 24
374 3339 558 3386 ἐξάκτορες
572 3340 619 3374 Μ
635 3329 775 3384 έξάκατιρ
791 3340 875 3379 (sic),
890 3351 954 3372 s.v.
973 3333 1171 3391 ἀπαιτητὴς
1238 3325 1492 3377 Ρθὸὅθῧὸθῗίδῑξῦ]
1517 3323 1733 3376 ⁰⁰U¹Jt⁰fibu⁸
1750 3323 1788 3375 ‚T
1809 3322 1822 3367 ii
1846 3324 1903 3374 20,
1915 3323 2083 3355 *ominare
2105 3323 2138 3356 T
2143 3322 2154 3343 ¹
2184 3331 2319 3373 n0m¹¹j¹²

86 3389 116 3420 L
130 3389 185 3430 (cf.
201 3389 246 3420 ad
262 3388 339 3428 639,
353 3387 401 3427 33)
420 3386 431 3429 n
451 3387 492 3420 25
509 3382 679 3430 βινδικες]
703 3399 729 3419 ι.
745 3398 774 3419 v.
792 3381 924 3417 ἔκδικοι
943 3384 972 3416 L
990 3383 1001 3425 ιι
1021 3384 1062 3416 26
1082 3394 1169 3416 υπο-
1247 3372 1301 3415 Vn
1326 3372 1364 3405 2¹
1391 3372 1564 3413 patzantur
1585 3369 1716 3421 198171
1748 3378 1811 3411 ψει
1835 3369 2008 3420 patxantur
2033 3366 2188 3433 'ff-1194
2207 3368 2257 3419 ‘22
2281 3376 2318 3399 m

86 3430 270 3474 δέχεσθαι]
295 3435 328 3464 et
348 3432 513 3474 suscipere
535 3443 554 3467 ς
569 3431 581 3474 11
600 3428 623 3473 ἢ
640 3431 698 3472 M]
723 3443 780 3464 om.
795 3430 855 3466 Ῑις
872 3429 884 3471 11
902 3429 945 3462 32
963 3426 1171 3469 έξπιλευτὴν
1239 3429 1298 3450 ⁰⁷¹¹·
1324 3417 1357 3449 Τ
1366 3416 1375 3435 ¹
1401 3417 1413 3457 ΙΙ
1439 3417 1482 3449 23
1508 3418 1689 3467 qmcuoms
1714 3414 1757 3454 V]
1791 3415 1998 3465 emetlpnfm
2025 3413 2057 3446 T
2110 3415 2319 3446 0¹⁸⁰¹²¹⁰11¹1m

87 3480 129 3516 (et
150 3480 196 3512 ita
217 3479 413 3518 constanter)
433 3478 462 3510 L
485 3474 705 3519 (ἐξπιλευτής
729 3478 822 3510 etiam
841 3475 917 3508 Aah.
936 3477 1016 3514 cod„
1042 3472 1169 3527 έξσπη-
1241 3461 1291 3495 T²
1302 3460 1419 3512 ”⁰192ss
1437 3461 1479 3494 24
1503 3461 1760 3512 S¹V⁰‚⁰¹³²⁰t⁰¹'0⁸
1785 3469 1843 3492 ⁵3¹²
1866 3458 2015 3510 ”ndlqes
2040 3470 2098 3491 ⁰⁷¹¹-
2118 3457 2175 3501 Ti!
2200 3459 2241 3491 25
2265 3466 2318 3490 ⁰⁸·

86 3520 207 3565 000000
460 3519 692 3565 00000000ήο
713 3522 791 3556 000·
806 3522 961 3575 00000)
979 3514 1090 3595 03400
1107 3530 1169 3596 ‘r
1238 3505 1507 3584 suffit*
1525 3505 1667 3594 nis
1687 3503 1957 3592 titisse
1975 3510 2318 3598 mistui

85 3571 342 3657 stimet?
363 3568 430 3649 1‘5?
446 3579 776 3655 &322533‘22153
794 3566 1057 3644 tissimi
1073 3563 1171 3650 {220¹}
1237 3598 1277 3648 3³1
1299 3598 1342 3637 et]
1367 3595 1409 3628 ad
1428 3596 1460 3629 T
1471 3597 1483 3639 u
1501 3592 2009 3648 pub100t12‚1⁷11³2i11,fer÷i
2030 3592 2167 3671 ¹⁷”“²z⁹·³
2192 3544 2317 3632 fleu-1²J

88 3655 283 3692 διε’πεσθ“αι
306 3658 354 3690 Μ.
392 3659 444 3691 An
471 3659 529 3701 leq.
551 3653 634 3700 μετ’
654 3654 764 3691 αὐτοῦ
789 3653 985 3691 διέπεσθαι
1009 3655 1044 3696 (ἰ.
1059 3667 1084 3688 e.
1102 3666 1170 3688 eum
1237 3642 1361 3674 msefre
1385 3642 1429 3674 “l-
1460 3639 1472 3685 ii
1500 3640 1689 3683 ¹¹¹¹P¹¹1⁸⁰r¹⁸
1712 3640 1761 3681 V]
1797 3638 2005 3682 ιΠΨΠῙΒῙΟ1118
2030 3637 2064 3671 T
2070 3650 2112 3670 νυ
2125 3651 2158 3682 9·
2188 3636 2202 3680 ii
2229 3644 2316 3669 emm

87 3706 190 3747 sequi)
215 3703 231 3735 ἲ
253 3703 266 3747 11
292 3705 333 3737 33
359 3699 512 3747 ὑπάγειν
536 3704 587 3736 L‘²
1203 3691 1208 3728 Ι
1239 3688 1316 3721 “dd-
1334 3687 1428 3720 Beck
