2476 3854
93 80 199 123 Nov.
222 80 353 125 CLIX
381 94 443 136 pr.
469 85 503 123 1.
1154 77 1238 124 740

92 197 306 237 προαστείου
336 191 428 237 μετὰ
461 193 525 226 τοῦ
551 189 663 235 νόμον
679 188 913 235 Ἀλέξανδρον
938 204 1005 224 τον
1030 187 1170 231 ἐνδοξό-

91 250 205 272 τατον
235 241 365 283 χωρεῖν
389 235 444 271 ἐπ’
472 235 581 270 αὑτὰς
605 235 673 269 τόν
695 249 735 282 γε
758 239 819 269 καὶ
843 233 958 269 αὐτὸν
981 248 1171 280 προεκποι-

92 283 232 326 ήσαντα
263 284 306 318 τὸ
339 283 556 327 προάστειον
587 277 677 324 ὅπερ
708 278 807 322 αὐτῷ
829 278 1090 325 κατελέλειπτο,
1116 277 1168 334 ἐφ’

92 327 122 369 ᾧ
152 328 220 371 τὴν
252 331 438 370 ἐκποίησιν
470 328 508 359 ἐν
532 326 599 369 ἴσῳ
619 328 697 359 τῶν
721 324 843 359 ἄλλων
867 323 887 359 ὁ
908 326 1026 360 κοινὸς
1050 339 1171 371 πατηρ

91 370 167 407 ὄπα
185 374 339 417 ὀρεί-σας
370 371 559 418 ἐτύγχανε·
592 373 652 404 καὶ
683 370 765 405 τοὺς
797 369 922 404 ἄλλους
952 370 992 404 δὲ
1021 368 1064 414 δὴ
1094 373 1171 405 τῶν

92 416 156 452 ἅδε
181 421 262 463 φῶν
294 414 405 451 ταῦτὸ
438 418 547 450 τοῦτο
580 417 747 458 ποιῆσαι·
782 419 843 449 καὶ
873 415 955 450 τοὺς
986 414 1172 460 ἡμετέρους

92 464 238 507 νόμους,
270 460 420 496 ἐπειδὰν
452 458 611 495 ἅπαντες
646 460 771 506 ἐφεξῆς
803 458 855 505 ἐφ’
885 460 935 495 οἶς
967 474 1004 495 τι
1027 463 1172 497 τοιοῦτο

92 507 283 552 διώρισται
307 510 512 551 παραβαῖεν
535 506 602 549 τὴν
625 509 689 540 τοὺ
713 504 990 549 τελευτήσαντος
1012 506 1172 552 γνώμην,

92 551 230 587 ἅπασιν
259 550 392 596 ὁμοίως
418 551 487 595 τὴν
517 550 817 585 ἀποκατάστασιν
848 549 1021 596 ἀναιρεῖν,
1053 548 1101 585 ὥς
1124 552 1172 596 μὴ

1904 96 1963 126 DE
1991 95 2314 130 RESTITUTIONE·

1238 190 1356 236 ipsum
1387 193 1424 226 et
1453 190 1667 227 alienantem
1696 193 1894 237 proastium
1923 193 2018 239 quod
2049 194 2081 230 ei
2107 194 2315 231 derelictum

1240 239 1305 279 est,
1338 246 1446 281 super
1469 236 1564 280 quod
1587 237 1837 274 alienationem
1859 239 2095 284 inaequaliter
2117 239 2197 275 aliis
2221 241 2316 285 quod

1239 281 1273 316 ei
1296 284 1399 326 pater
1421 281 1637 318 interdicens
1662 283 1883 328 competivit;
1907 287 1944 320 et
1967 284 2056 320 alios
2072 285 2224 320 fratrum
2239 285 2316 322 eius

1239 326 1309 362 hoc
1332 326 1462 370 facere,
1488 330 1524 362 et
1538 329 1678 362 nostras
1694 328 1801 373 leges,
1826 329 1993 373 quoniam
2010 339 2130 365 omnes
2147 330 2316 366 continue

1208 371 1277 406 5in
1308 371 1436 415 quibus
1466 372 1540 407 tale
1563 372 1697 418 aliquid
1721 372 1930 416 dispositum
1955 375 2010 410 est
2033 374 2232 419 transgredi
2255 375 2316 410 de-

1240 416 1353 451 functi
1384 416 1611 459 voluntatem,
1644 418 1808 454 omnibus
1840 418 2000 454 similiter
2026 419 2317 456 substitutionem

1242 461 1371 504 dicere,
1394 466 1436 497 ut
1459 472 1530 498 nou
1546 465 1753 515 permutans
1769 463 1820 499 eis
1835 464 1983 499 invicem
1999 464 2183 509 pulsantes
2198 465 2317 501 multis

1241 517 1306 552 pro
1330 516 1404 542 una
1427 507 1628 552 cognitione
1650 508 1790 544 iudiciis
1807 509 2041 545 subiciantur.
2077 508 2161 545 Ideo
2180 510 2317 554 positas

1241 562 1307 587 nos
1338 562 1576 588 rememorare
1611 554 1718 597 leges.
1778 554 1983 603 Alexandpr
2019 564 2102 590 vero
2142 554 2318 599 gloriosus

93 596 295 641 ἀμοιβαδὸν
325 594 454 631 αὐτοὺς
487 594 651 639 ἀλλήλοις
681 596 876 642 ἐνάγοντας
907 595 1050 632 πολλοῖς
1083 594 1172 653 ἕπερ
1190 599 1228 631 10
1242 597 1354 641 magis
1386 597 1525 642 quidem
1555 600 1592 633 et
1623 599 1667 634 de
1689 599 1845 643 propriis
1867 600 2079 635 alterutrum
2102 603 2199 635 recte
2222 599 2318 635 visus

90 645 172 687 μιᾶς
188 641 400 676 ὑποθέσεως
418 640 656 686 δικαστηρίοις
672 640 900 687 ὑπάγεσθαι·
923 643 1000 676 τῶν
1022 655 1062 676 τε
1083 640 1173 687 ὑπερ

91 687 220 721 τούτου
244 690 420 732 κειμένων
444 685 537 731 ἡμᾶς
556 684 821 731 ἆιεμίμνησκον
836 687 972 731 νόμων.
1012 684 1173 728 Ἀλέξαν-

92 732 172 777 δρος
203 731 243 767 δὲ
278 730 297 766 ὁ
334 731 569 773 ἐνδοξότατος
599 731 759 776 μάλιστα
793 734 860 776 μὲν
895 735 955 766 καὶ
986 736 1069 775 περὶ
1098 735 1174 766 τῶν

90 779 216 812 οἰκιῶν
239 779 422 823 ἑκατέρων
445 775 582 832 ὀρθῶς
594 777 714 824 ἔλεγεν
738 776 916 830 ἐγκαλεῖν·
938 778 998 812 ἐπὶ
1021 777 1090 824 γὰρ
1108 778 1172 812 τοῦ

1243 645 1297 678 est
1327 643 1526 687 appellare,
1562 653 1670 689 super
1699 644 1901 679 codicillum
1930 644 2024 680 enim
2056 644 2252 690 sapientem
2283 646 2320 680 et

1243 687 1287 722 de
1310 687 1460 723 residuis
1480 687 1588 724 rebus
1612 689 1828 725 voluntatem
1843 699 1944 725 suam
1959 689 2167 725 defunctum
2181 689 2318 725 facien·

1242 735 1315 767 tem
1344 732 1502 768 familiae
1532 743 1590 769 res
1619 734 1753 769 servari
1775 734 1906 777 volens,
1938 734 2000 770 sed
2022 735 2059 770 in
2082 734 2241 779 proastio
2264 735 2318 770 iu·

1242 777 1411 814 stioribus
1427 778 1543 814 verbis
1560 789 1666 814 usus:
1693 779 1781 814 nihil
1798 780 1891 814 enim
1908 782 2006 815 recte
2022 779 2053 814 ei
2070 779 2319 815 alienationem

91 821 303 876 κωδικίλλρυ
336 824 433 877 σαφῖ]
464 826 524 856 καὶ
543 836 612 876 την
636 826 717 865 περὶ
742 835 820 856 των
843 821 984 857 λοιπῶν
1007 823 1172 870 πραγμά-
1189 825 1228 857 15
1242 823 1403 858 conferre
1423 823 1501 858 illas
1526 833 1570 858 ex
1599 824 1774 868 imperiali
1797 824 1866 877 hqc
1888 824 2009 860 facere
2030 824 2224 869 impellenti
2245 824 2318 860 ius-

91 881 169 902 των
197 881 347 913 γνωμην
379 869 488 902 αυτοῦ
518 881 586 902 τον
613 866 829 903 ἀπελθόντα
863 868 1095 911 ποιήσασθαι
1127 869 1172 915 τῇ

92 913 246 959 φαμιλίᾳ
268 914 314 947 τὰ
340 911 539 960 πράγματα
563 911 795 959 φυλαχθῆναι
818 912 1048 957 βουλόμενον,
1078 903 1172 956 πλὴν

91 956 174 992 ἀλλ’
202 960 261 994 ἐπὶ
287 960 340 1001 τῷ
354 962 559 1003 προαστείῳ
576 956 807 1003 δικαιοτέροις
822 957 941 1005 λόγοις
958 959 1170 1004 κεχρῆσθαι·

89 1002 265 1050 μηδὲγὰρ
281 1002 406 1049 ὀρθῶς
430 1000 529 1046 αὐτῷ
554 1003 622 1046 τὴν
647 1005 833 1046 ἐκποίησιν
862 1006 1057 1048 προφέρειν
1084 1006 1170 1045 ἐκεί-

1241 869 1351 904 sione.
1399 867 1672 905 Venerabilibus
1706 880 1772 914 pro
1808 869 1864 904 lus
1897 869 2015 905 verbis
2050 879 2117 905 usa
2151 873 2208 905 est
2234 879 2320 914 pars

1241 914 1429 956 alterutra,
1468 917 1541 949 tam
1575 915 1758 951 testatoris
1794 914 2070 960 interpretantes
2103 914 2321 950 voluntatem

1241 969 1352 1039 quini)
1381 959 1514 1038 ntostris
1550 964 1691 997 utentes
1727 959 1881 1005 legibus,
1920 970 2012 1006 quae
2049 958 2119 995 sibi
2155 958 2321 1005 expedire

1240 1015 1290 1049 pu
1307 1015 1328 1040 a
1354 1014 1400 1039 an
1419 1032 1427 1039 .

91 1060 155 1083 νας
190 1052 228 1083 ἐκ
260 1048 443 1093 βασιλικῆς
472 1050 579 1102 τοῦτο
612 1052 729 1083 ποιεῖν
759 1049 1023 1092 συνωθηθέντι
1054 1048 1168 1083 κελεύ-
1183 1051 1225 1084 20

91 1105 190 1128 σεως.
238 1097 376 1137 συχνοῖς
406 1107 445 1128 τε
465 1096 555 1138 νπὲρ
578 1094 720 1128 τούτων
739 1092 856 1148 λόγοις
879 1096 1043 1139 ἐκέχρητο
1066 1097 1170 1139 μέρος

91 1138 273 1185 ἑκάτερον,
305 1141 356 1183 πῆ
384 1141 451 1183 μὲν
484 1139 552 1182 τὴν
583 1141 646 1173 τοῦ
675 1151 890 1184 τεστατορος
917 1137 1170 1184 ἑρμηνεύοντες

90 1182 252 1230 γνώμην,
281 1186 331 1227 πῆ
366 1183 406 1218 δὲ
436 1188 508 1219 τοῖς
535 1181 716 1230 ἡμετέροις
742 1185 917 1229 χρώμενοι
941 1185 1079 1229 νόμοις,
1110 1182 1170 1219 οὓς

92 1229 211 1264 αὐτοῖς
231 1233 425 1275 συμφέρειν
448 1228 614 1275 ἡγοῦντο.

1106 1274 1261 1311 CAPUT
1285 1274 1312 1309 1.

158 1341 167 1352 1

91 1391 330 1432 προκειμένην
361 1386 493 1422 εἰδότες
525 1385 566 1422 οὗ
593 1386 681 1434 ψιλῇ
706 1391 819 1432 κρίσει
842 1388 943 1432 νόμῳ
969 1387 1008 1422 δὲ
1030 1387 1172 1434 περιλα-

91 1436 172 1477 βεῖν
194 1434 264 1476 τὴν
286 1435 348 1476 τῆς
373 1431 585 1468 ὑποθέσεως
611 1431 726 1477 τομὴν
758 1429 978 1478 ἡγησάμεθα
1009 1431 1097 1476 δεῖν,
1129 1430 1176 1467 ὡς

93 1476 140 1512 ἄν
168 1477 236 1521 τήν
268 1492 307 1512 τε
340 1479 530 1523 παροῦσαν
554 1475 817 1524 ἄμφιςβήτησιν
841 1476 1082 1523 διακρίνωμεν
1105 1481 1178 1513 τοῖς

91 1537 132 1557 τε
163 1523 299 1558 λοιποῖς
329 1523 588 1568 προανέλοιμεν
619 1523 686 1566 τὴν
710 1526 791 1568 περὶ
815 1525 892 1558 τῶν
915 1522 1095 1558 τοιούτων
1118 1538 1176 1569 φι-

163 1345 274 1386 Ημεῖς
301 1345 427 1377 τοίνυν
458 1341 584 1387 νόμων
615 1355 655 1377 τε
685 1345 746 1376 καὶ
778 1340 956 1387 διαθήκης
983 1343 1175 1388 ἑρμηνείαν
1188 1345 1229 1378 25

1311 1341 1388 1377 Nos
1422 1341 1529 1385 igitur
1563 1342 1650 1387 legis
1685 1345 1721 1377 et
1755 1342 1957 1378 testamenti
1989 1342 2320 1389 interpretationem

1244 1387 1465 1433 propositam
1495 1398 1567 1422 non
1595 1388 1671 1423 sola
1703 1388 1896 1430 sententia,
1932 1388 1995 1424 sed
2024 1388 2102 1434 lege
2134 1388 2322 1434 complecti

1245 1432 1455 1476 cognitionis
1487 1432 1702 1468 decisionem
1730 1433 1930 1478 putavimus
1960 1438 2142 1478 oportere,
2177 1438 2218 1468 ut
2247 1435 2322 1468 tam

1244 1481 1468 1523 praesentem
1504 1478 1746 1522 quaestionem
1777 1479 2008 1514 decernamus
2039 1488 2146 1524 quam
2176 1477 2322 1522 reliquis

1245 1523 1449 1559 auferamus
1474 1523 1518 1557 de
1540 1523 1745 1559 huiusmodi
1768 1523 2038 1560 contentionem.
2084 1523 2186 1559 Unde
2207 1523 2321 1560 subti-

93 1567 282 1603 λονεικίαν.
322 1565 415 1602 ὅθεν
439 1567 659 1614 λεπτότερόν
681 1582 727 1622 τε]
746 1572 806 1602 καὶ
829 1566 1081 1622 ἀκριβέστερον
1103 1572 1177 1603 τοῖς
1190 1569 1314 1604 301ius
1337 1570 1590 1604 testamentum
1606 1568 1871 1604 considerantes
1887 1568 2002 1604 verbis
2020 1569 2110 1614 ipsis
2125 1567 2322 1606 invenimus

93 1615 155 1656 τῆς
188 1611 367 1656 διαθήκης
395 1613 660 1656 ἐπισκήψαντες
685 1615 851 1659 ῥημασιν,
886 1611 1004 1648 αὐτοῖς
1026 1627 1175 1659 ευρομεν

92 1663 166 1693 τοῖς
199 1659 267 1693 τὸν
297 1658 428 1704 κλῆρον
457 1657 722 1701 διαδεξαμένοις
746 1662 874 1693 παισὶν
897 1659 966 1702 τὴν
991 1662 1175 1703 ἐκποίησιν

95 1702 398 1750 ἇπηγορευμένην,
423 1702 572 1739 ἐπειδὰν
595 1703 758 1746 μέλλοιεν
781 1702 927 1738 παίδων
942 1707 1049 1750 χωρὶς
1065 1718 1174 1738 κατα-

95 1747 194 1783 λύειν
226 1749 295 1783 τὸν
318 1753 411 1793 βίον,
442 1746 561 1783 οὐκέτι
582 1747 622 1782 δὲ
645 1752 704 1782 καὶ
728 1752 800 1783 τοῖς
823 1746 925 1790 ἅπαξ
948 1747 1074 1783 αὐτοὺς
1098 1748 1174 1783 δια-

1242 1613 1431 1649 heredibus
1448 1613 1700 1650 demonstratis
1717 1613 1801 1650 filiis
1817 1614 2067 1650 alienationem
2083 1613 2320 1657 interdictam,

1244 1659 1412 1704 quoniam
1443 1658 1557 1694 futuri
1585 1663 1703 1695 essent
1733 1659 1810 1694 sine
1840 1659 1923 1694 filiis
1957 1659 2055 1704 fungi
2088 1660 2214 1702 vitam,
2250 1669 2323 1694 non

1242 1704 1392 1740 ulterius
1415 1713 1497 1739 vero
1522 1704 1578 1739 his
1601 1705 1661 1749 qui
1684 1705 1799 1741 solum
1821 1704 1872 1740 eis
1889 1704 2128 1740 successerint
2141 1704 2234 1744 filiis,
2259 1703 2323 1740 sed

1242 1749 1408 1785 sufficere
1431 1749 1640 1785 defunctum
1665 1759 1778 1794 usque
1800 1749 1847 1785 ad
1865 1749 1976 1785 filium
1993 1753 2088 1786 stare
2103 1749 2322 1786 interdictio-

94 1793 294 1838 δεξομένοις
330 1798 477 1836 παισίν,
513 1791 593 1828 ἀλλ’
616 1792 823 1838 ,ἇρκεῖσθαι
857 1793 924 1828 τὸν
958 1792 1175 1829 ἀπελθόντα
1187 1796 1229 1829 35

94 1930 207 1975 leqem
238 1927 489 1964 Alexandrum
520 1929 635 1963 virum
665 1928 963 1974 qloriosissimum
993 1940 1056 1964 eas
1086 1928 1257 1974 adqredi‚
1289 1929 1355 1975 qui
1381 1929 1523 1975 quidem
1554 1932 1589 1965 et
1617 1929 1696 1974 ipse
1719 1929 1829 1975 prius
1862 1928 2056 1964 alienasset
2078 1928 2322 1965 suburbanum

91 1974 292 2022 praedium,
323 1974 423 2020 quod
452 1974 524 2019 ipsi
553 1974 718 2010 relictum
747 1980 856 2015 esset,
886 1974 924 2009 in
946 1985 1018 2026 quo
1037 1975 1187 2020 pariter>
1211 1978 1320 2020 atque
1342 1973 1381 2008 in
1404 1974 1532 2010 ceteris
1554 1974 1808 2010 alienationem
1838 1974 2034 2009 communis
2058 1977 2167 2020 pater
2194 1973 2323 2021 prohi-

94 2021 249 2061 buisset,·
277 2023 312 2055 et
342 2023 482 2054 ceteros
511 2030 655 2064 quoque
682 2019 824 2064 fratres
853 2018 921 2054 hoc
945 2022 1038 2054 idem
1067 2020 1215 2064 secisse,
1247 2022 1356 2064 atque
1381 2019 1478 2065 leqes
1501 2024 1656 2062 nostras,
1680 2020 1741 2055 ubi
1769 2029 1890 2054 omnes
1916 2018 2095 2064 deinceps,
2126 2018 2171 2054 de
2193 2018 2323 2065 quibus

93 2065 267 2101 eiusmodi
298 2064 387 2110 quid
413 2063 470 2099 dis
497 2065 626 2099 ositum
656 2069 758 2105 esset,
789 2064 1008 2100 voluntatem
1040 2064 1205 2110 defuncti
1235 2065 1440 2106 violassent,
1471 2065 1634 2100 omnibus
1653 2075 1702 2100 ex
1726 2074 1842 2110 aequo
1869 2063 2130 2100 restitutionem
2159 2064 2322 2109 auferre,

93 2121 139 2145 ne
162 2120 242 2145 cum
265 2109 414 2144 invicem
439 2120 461 2144 a
478 2114 531 2144 ter
555 2109 706 2144 alterum
731 2109 972 2151 convenirent,
1003 2110 1124 2145 multis
1146 2108 1290 2145 iudiciis
1313 2109 1358 2145 de
1381 2120 1454 2144 una
1478 2120 1590 2145 causa
1620 2109 1888 2151 subicerentur;
1915 2109 2083 2154 leqesque
2111 2107 2181 2144 hac
2209 2108 2254 2145 de
2282 2119 2324 2144 re

93 2157 189 2190 latas
219 2156 257 2190 in
288 2155 495 2190 memoriam
527 2154 632 2190 nobis
661 2155 885 2191 revocabant.
933 2154 1151 2191 Alexander
1173 2165 1257 2190 vero
1281 2155 1338 2190 vir
1359 2154 1642 2200 qloriosissimus
1665 2155 1790 2200 utique
1811 2154 1856 2190 de
1873 2153 1980 2189 domo
2004 2164 2148 2200 quoque
2169 2157 2253 2189 utra
2280 2165 2324 2190 ue

92 2206 189 2236 recte
216 2211 255 2235 se
285 2200 461 2235 actionem
491 2211 633 2236 movere
656 2199 817 2239 diceban·
839 2200 877 2234 in
901 2199 1076 2236 codicillis
1099 2200 1192 2236 enim
1213 2199 1424 2245 defunctum
1447 2200 1679 2245 manifestam
1702 2201 1808 2235 etiam
1832 2198 1877 2235 de
1898 2199 2050 2245 reliquis
2071 2198 2177 2235 rebus
2199 2209 2244 2234 vo
2258 2210 2323 2234 un-

94 2250 202 2281 tatem
232 2256 336 2280 suam
366 2245 576 2287 reddidisse,
607 2255 686 2280 cum
711 2244 879 2290 familiae
907 2256 996 2281 suae
1023 2256 1082 2281 res
1105 2246 1316 2282 conservari
1337 2244 1461 2281 vellet.-
1493 2255 1614 2280 verum
1637 2244 1730 2280 enim
1753 2255 1837 2280 vero
1868 2245 1907 2279 in
1934 2243 2142 2280 suburbano
2163 2243 2322 2296 praedio

92 2290 303 2326 iustioribus
333 2290 535 2326 rationibus
565 2301 603 2326 se
636 2291 710 2325 uti:
740 2301 855 2336 neque
885 2291 979 2325 enim
1008 2293 1105 2326 recte
1135 2290 1219 2326 illas
1249 2290 1500 2326 alienationem
1528 2289 1599 2326 sibi
1619 2290 1768 2332 obicere,
1791 2300 1870 2326 cum
1891 2299 1941 2325 ex
1963 2288 2143 2335 imperiali
2161 2299 2262 2325 iussu
2285 2288 2326 2324 id

91 2336 220 2381 facere
250 2336 456 2381 compulsus
485 2340 588 2371 esset.
635 2336 753 2381 Atque
778 2335 913 2371 crebris
942 2335 1243 2382 disputationibus
1274 2335 1318 2371 de
1345 2334 1403 2370 his
1426 2339 1579 2381 utraque
1594 2345 1691 2381 pars
1714 2345 1780 2371 usa
1802 2337 1866 2377 est,
1890 2344 1987 2369 nunc
2010 2334 2193 2370 testatoris
2213 2334 2323 2370 inter·

88 2384 279 2427 pretantes
302 2380 532 2423 voluntatem,
556 2391 651 2415 nunc
674 2380 812 2426 leqibus
834 2381 968 2416 nostris
991 2384 1140 2423 utentes,
1163 2391 1255 2426 quas
1276 2380 1347 2416 sibi
1368 2380 1473 2416 utiles
1488 2391 1565 2416 esse
1582 2379 1866 2415 arbitrabantur.

229 2426 258 2461 I.
305 2425 383 2461 Nos
411 2426 525 2472 iqitur
555 2430 591 2461 et
617 2426 735 2470 lequm
765 2430 802 2461 et
827 2426 1029 2461 testamenti
1059 2426 1393 2472 interpretationem
1419 2425 1651 2478 propositam
1675 2424 1804 2467 edocti,
1828 2436 1902 2460 non
1925 2423 2025 2460 nuda
2047 2423 2237 2466 sententia,
2259 2423 2325 2460 sed

95 2471 173 2516 leqe
203 2472 280 2506 eius
310 2481 442 2506 causae
472 2470 684 2507 decisionem
716 2470 1086 2517 comprehendendam
1116 2482 1194 2507 esse
1222 2471 1517 2513 existimavimus,
1548 2474 1590 2505 ut
1618 2473 1653 2506 et
1678 2474 1906 2516 praesentem
1929 2469 2211 2505 controversiam
2234 2468 2322 2504 diri-

93 2527 269 2552 meremus
300 2521 335 2551 et
365 2517 493 2551 ceteris
524 2516 569 2551 de
600 2515 775 2551 eiusmodi
804 2515 911 2551 rebus
943 2516 1206 2552 contentionem
1235 2516 1538 2562 praeriperemus.
1587 2513 1685 2550 Unde
1717 2514 1884 2550 subtilius
1909 2514 2186 2560 ditiqentiusque
2208 2514 2324 2550 verbis

95 2562 297 2597 testamenti
327 2561 436 2596 innisi
466 2561 557 2607 ipsis
586 2561 709 2597 liberis
738 2560 972 2597 hereditatem
1002 2560 1270 2608 capessentibus
1300 2560 1554 2597 alienationem
1576 2558 1799 2614 prohibitam
1822 2570 1899 2596 esse
1922 2559 2169 2606 comperimus,
2191 2559 2228 2594 si
2246 2560 2324 2595 sine

96 2606 219 2641 liberis
247 2607 320 2640 vita
351 2606 563 2651 defuncturi
593 2608 722 2648 essent,
749 2616 821 2640 non
854 2605 1005 2641 ulterius
1036 2617 1120 2642 vero
1152 2606 1198 2641 iis
1218 2617 1361 2652 quoque
1385 2605 1506 2641 liberis
1529 2616 1590 2651 quz
1615 2605 1760 2640 omnino
1783 2604 1857 2640 illis
1878 2608 1997 2641 essent
2018 2603 2238 2640 successuri:
2258 2603 2324 2640 sed

94 2652 183 2685 satis
204 2650 334 2685 habere
353 2651 563 2694 defunctum
587 2662 701 2695 usque
723 2650 774 2685 ad
795 2650 927 2685 liberos
949 2650 1229 2697 prohibitionem
1252 2651 1441 2687 statuisse.-
1471 2661 1587 2696 neque
1609 2650 1701 2685 enim
1724 2660 1815 2691 eum,
1839 2650 1871 2684 si
1894 2653 1930 2685 ct
1951 2649 2025 2696 ipsi
2045 2648 2166 2684 tiberis
2188 2648 2324 2685 relictis

140 2788 160 2820 2
185 2787 325 2829 χωρεῖν]
350 2785 458 2818 locum
483 2787 519 2827 (i.
545 2800 571 2819 e.
593 2785 729 2831 χώραν)
755 2786 875 2820 habere
901 2798 920 2823 5
940 2785 952 2830 ΙΙ
978 2789 998 2821 3
1023 2783 1112 2820 αὐτὸ
1139 2787 1185 2819 M

94 2832 105 2875 ΙΙ
130 2829 387 2863 καταλέλειπτο
425 2832 497 2864 ML
531 2833 638 2874 vuly.,
676 2845 758 2864 corr.
794 2832 983 2865 Zachariae
1019 2830 1177 2872 (καταλέ-

95 2875 240 2910 λειπται
263 2876 469 2917 Hatoander)
493 2875 505 2918 11
528 2878 549 2910 4
573 2877 612 2909 ἐν
632 2875 712 2918 ἴσῳ]
737 2876 958 2918 inaequaliter
983 2888 1002 2913 5
1022 2877 1035 2920 ss
1061 2872 1081 2909 ὁ
1106 2889 1175 2910 κοι-

95 2921 169 2962 νὸς]
203 2921 291 2963 quod
325 2920 380 2952 ei?
405 2933 424 2956 5
456 2920 468 2963 ΙΙ
500 2923 519 2954 6
543 2918 670 2961 ταύτὸ]
696 2921 766 2953 eius
790 2933 809 2957 5
839 2921 851 2965 ΙΙ
886 2925 903 2955 7
929 2919 1070 2965 νόμους]
1100 2923 1178 2955 Cod.

97 2970 128 3008 6,
145 2974 192 3007 42,
213 2974 250 3000 11.
275 2966 356 3009 Diq.
378 2967 432 3007 31,
450 2974 483 2999 ’Π
512 2970 527 3005 §
547 2973 580 2999 27
605 2965 617 3008 ΙΙ
643 2964 785 2999 τοιοῦτό
813 2968 897 3000 τιΕ
913 2967 925 3010 ΙΙ
952 2968 972 3000 9
996 2966 1063 3009 τὴν
1087 2962 1178 3000 ἀπο-

96 3012 322 3045 κατάστασιν
357 3007 531 3054 ἀναιρεῖν]
566 3010 837 3043 substitutionem
870 3014 904 3053 (i.
933 3025 959 3045 e.
996 3008 1175 3045 ὑποκατα-

95 3056 242 3099 στασιν)
275 3056 382 3088 dicere
414 3069 432 3092 ς
465 3056 478 3099 ΙΙ
514 3058 552 3089 10
585 3053 755 3097 ἀλλήλους
786 3057 835 3088 L“
868 3056 880 3099 ΙΙ
917 3058 956 3090 12
985 3055 1100 3099 νόμου
1128 3058 1178 3090 La

95 3102 107 3147 ss
134 3105 175 3137 14
206 3102 332 3135 οἰκιῶν
367 3100 560 3144 ἑκατέρων]
596 3100 742 3143 propriis
776 3100 975 3134 alterutrum
1011 3104 1032 3135 i.
1066 3115 1091 3135 e.
1128 3101 1177 3135 οἰ-

96 3150 206 3180 κείων
229 3146 399 3190 έκάτερον
420 3158 439 3182 ς
454 3147 466 3188 Ι]
484 3144 615 3191 ἔλεγεν]
639 3147 730 3178 visus
753 3148 803 3177 est
820 3159 837 3181 ς
855 3146 867 3189 ΙΙ
884 3147 959 3187 τοῦ]
985 3146 1039 3179 τῶ
1063 3147 1128 3179 τοῦ
1146 3148 1177 3180 L

95 3191 108 3237 ΙΙ
127 3194 166 3226 16
199 3189 311 3225 αὑτοῦ
337 3205 405 3225 cum
432 3192 626 3224 Halbandro
650 3191 735 3232 vulq.
761 3190 774 3232 ΙΙ
800 3192 838 3224 17
863 3190 1096 3233 βουλόμενον]
1123 3202 1177 3224 vo-

97 3240 169 3270 lens
182 3250 200 3273 ς
216 3237 227 3280 ΙΙ
250 3240 291 3271 19
303 3234 404 3280 μηδὲ]
418 3236 505 3269 nihil
519 3248 538 3273 5
555 3236 567 3279 Ι]
584 3237 789 3279 προφέρειν]
808 3237 956 3268 conferre
971 3249 988 3271 5
1004 3236 1017 3279 ΙΙ
1037 3239 1078 3270 20
1096 3249 1176 3270 συν-

100 3282 295 3325 ωθηθέντι
326 3283 384 3323 M]
416 3280 695 3315 συνωθισθέντι
725 3281 757 3313 L
786 3281 1075 3325 (συγγνωσθέντι
1109 3295 1177 3315 cum

98 3329 296 3361 Haloandro
320 3329 421 3371 cuiq.)
443 3327 455 3371 Ι]
483 3329 521 3361 21
549 3326 700 3368 συχιοῖς]
732 3325 976 3358 venerabilibus
1000 3328 1020 3359 i.
1046 3340 1071 3360 e.
1097 3337 1177 3369 σεμ-

98 3375 171 3407 νοῖς
195 3385 214 3408 ς
243 3373 255 3416 ΙΙ
286 3374 327 3405 22
361 3374 414 3414 πῆ
444 3371 513 3414 τὴν
545 3372 613 3415 μὲν
644 3383 712 3404 cum
739 3371 918 3413 Scrimqero
950 3371 1038 3414 vuly.
1064 3374 1145 3405 mate
1168 3370 1179 3415 ΙΙ

98 3417 310 3463 τεστάτορος
336 3418 393 3458 Μ]
417 3414 633 3460 διαθεμένου
658 3416 690 3449 L
713 3415 725 3460 ΙΙ
753 3417 794 3450 25
822 3415 1006 3459 ἑρμηνείας
1030 3416 1079 3449 12⁴¹
1096 3415 1108 3459 ΙΙ
1136 3417 1178 3449 26

99 3460 231 3496 εἰδότες
256 3476 313 3495 om.
340 3475 358 3498 5
389 3463 401 3506 ΙΙ
431 3465 473 3497 29
498 3463 574 3496 τῶν
598 3459 787 3502 τοιούτων]
811 3460 955 3494 τούτων
980 3461 1010 3493 L
1034 3460 1046 3503 ss
1074 3463 1115 3494 30
1139 3473 1178 3493 τε

99 3512 159 3540 καὶ
190 3504 446 3551 ἀκριβέστερον
477 3521 535 3540 om.
562 3519 581 3543 ς
609 3507 621 3550 ΙΙ
650 3508 693 3540 32
723 3508 797 3540 τοῖς
826 3505 904 3540 τῶν
935 3504 1078 3549 κλήρων
1102 3503 1177 3539 δια-

101 3550 303 3594 δεξαμένοις
326 3553 357 3584 L
382 3553 560 3585 heredibus
584 3551 818 3584 demonstratis
836 3562 856 3587 5
871 3551 883 3595 ΙΙ
901 3549 970 3593 τὴν
993 3553 1178 3593 έκποίησιν

103 3617 139 3620 ἡ·
155 3600 198 3631 35
224 3600 351 3630 παισίν
376 3610 435 3631 om.
460 3598 490 3630 L
507 3598 519 3642 ΙΙ
539 3599 582 3630 34
607 3594 874 3639 διαδεξομένους
900 3596 958 3629 Ma

1293 2789 1308 2820 1
1337 2786 1368 2819 ei
1391 2799 1448 2820 om.
1464 2785 1508 2819 ΤΙ
1527 2785 1539 2829 ΙΙ
1554 2785 1708 2819 relictum
1725 2786 1756 2819 R
1771 2784 1784 2830 Ι]
1804 2786 1824 2818 2
1848 2795 1914 2827 quo
1938 2784 2060 2827 Beckll
2079 2783 2280 2818 alienatione
2296 2785 2327 2819 V

1244 2830 1256 2876 ΙΙ
1271 2831 1455 2873 aequaliter
1468 2831 1560 2864 Beck
1577 2830 1589 2875 ΙΙ
1607 2831 1695 2873 quod
1719 2831 1761 2871 ei]
1787 2830 1875 2872 quod
1891 2829 1946 2868 ⁴eis
1966 2830 2003 2868 V;
2028 2829 2212 2862 communis
2229 2828 2324 2864 Beck

1245 2878 1291 2920 113
1316 2879 1508 2919 competunt
1534 2877 1572 2917 T,
1600 2875 1744 2918 contigit
1771 2876 1863 2909 Beck
1890 2874 1903 2918 ΙΙ
1930 2878 1949 2908 5
1974 2874 2160 2917 depositum
2180 2874 2214 2908 V
2233 2875 2245 2917 ΙΙ
2275 2876 2323 2907 est

1246 2935 1304 2955 om.
1318 2922 1398 2955 ΚΤΙ
1414 2923 1427 2964 Ι]
1445 2921 1736 2963 transgrediantur
1751 2920 1846 2954 Beck
1861 2921 1872 2962 Ι]
1892 2922 1910 2954 7
1928 2918 2048 2964 dicere]
2073 2919 2216 2952 adimere
2229 2918 2323 2952 Beck

1244 2966 1255 3009 Ι]
1272 2969 1441 3010 permutas
1466 2967 1527 3004 T²;
1562 2967 1621 3009 leq.
1653 2976 1712 3008 per
1743 2964 1886 2998 mutua?
1903 2965 1915 3002 ΙΙ
1941 2964 2012 2997 eius
2039 2963 2083 2997 Τι
2112 2963 2125 3007 ΙΙ
2152 2965 2171 2998 8
2197 2963 2321 3004 cogita-

1246 3012 1337 3044 tione
1355 3013 1388 3045 T
1398 3013 1411 3056 Ι]
1429 3011 1503 3044 ideo
1528 3012 1636 3054 posita
1656 3021 1716 3043 nos
1739 3021 1756 3043 r
1776 3014 1781 3046 Ι
1801 3010 1908 3053 suppl.
1932 3008 1981 3043 V³
1998 3010 2030 3042 in
2047 3015 2132 3052 spat.
2150 3021 2219 3042 vac.
2237 3010 2259 3052 ὲ
2275 3021 2321 3042 vs.

1245 3057 1256 3098 ΙΙ
1271 3067 1436 3089 remorare
1457 3056 1533 3090 Vrf:
1557 3069 1624 3090 cum
1648 3056 1755 3098 spatio
1777 3067 1849 3088 vac.
1874 3056 1894 3088 3
1920 3055 1978 3087 litt.
2004 3053 2066 3096 Ru
2093 3055 2132 3087 10
2160 3055 2192 3086 et
2213 3066 2271 3086 om.
2294 3053 2327 3086 T

1244 3101 1379 3144 ”iussus
1403 3101 1479 3134 RV
1494 3102 1506 3144 ΙΙ
1534 3104 1571 3135 11
1598 3100 1697 3140 enim]
1722 3110 1797 3132 eum
1818 3099 1847 3132 V
1867 3098 1879 3142 Ι]
1907 3100 1947 3132 12
1971 3108 2063 3131 suam
2088 3111 2146 3131 om.
2170 3098 2219 3131 ΕΙ
2236 3098 2249 3141 ΙΙ
2271 3098 2322 3131 fa-

1245 3147 1386 3179 cientem
1411 3159 1469 3179 om.
1491 3146 1523 3179 V
1544 3145 1557 3189 ss
1589 3146 1628 3179 13
1653 3143 1799 3176 familiae
1824 3154 1875 3176 res
1898 3142 2021 3175 servari
2045 3143 2150 3183 Beck]
2174 3142 2322 3176 familiae

1244 3190 1410 3224 reseruari
1435 3191 1467 3224 T
1493 3189 1656 3223 familiare
1679 3188 1806 3221 seruari
1828 3189 1861 3221 V
1878 3188 2023 3220 familiae
2047 3187 2175 3221 seruari
2198 3188 2232 3221 R
2250 3188 2262 3230 11
2281 3189 2322 3222 14

1245 3236 1332 3268 nihil
1356 3235 1445 3268 enim
1466 3235 1512 3276 V]
1537 3234 1699 3267 nichilum
1725 3234 1792 3266 RT
1812 3233 1898 3266 nihil
1919 3235 2003 3277 vusy.
2022 3233 2034 3276 ΙΙ
2055 3236 2094 3268 16
2119 3232 2322 3266 uenerabili-

1244 3281 1307 3314 bus
1327 3281 1465 3323 Vvulq]
1491 3279 1666 3312 uenalibus
1691 3279 1724 3311 R
1756 3278 1945 3311 ueniulibus
1971 3279 2003 3311 'l'
2027 3279 2040 3321 1]
2071 3280 2110 3311 17
2135 3278 2322 3311 testationis

1248 3326 1280 3359 T
1302 3325 1315 3369 Ι]
1343 3324 1593 3367 interpretantis
1614 3325 1700 3365 libri,
1725 3337 1806 3358 corr.
1833 3324 1926 3357 Beck
1955 3323 1967 3367 ΙΙ
1998 3324 2038 3357 18
2065 3331 2167 3364 'quam
2199 3322 2323 3356 nostris

1246 3383 1305 3404 om.
1327 3369 1381 3412 Vl}
1400 3372 1530 3402 utentes
1543 3369 1649 3410 Beck]
1669 3369 1795 3402 utentis
1814 3370 1880 3402 ΒΤ
1893 3368 2063 3401 utentibus
2089 3368 2140 3411 Vll
2158 3369 2200 3402 25
2216 3367 2321 3400 inter-

1245 3414 1430 3458 pretatione
1453 3414 1624 3457 proposita
1642 3415 1819 3447 Heimbaclz
1838 3414 1850 3455 Ι]
1867 3415 1909 3447 26
1933 3413 2006 3456 lege
2023 3413 2123 3456 vulq]
2141 3412 2208 3454 legi
2221 3412 2326 3446 RVT

1212 3466 1214 3500 ζ
1245 3459 1428 3504 ssoompleti
1451 3459 1523 3492 RV
1543 3461 1556 3502 l]
1586 3461 1626 3493 27
1653 3458 1817 3492 decisione
1838 3459 1900 3493 VT
1912 3459 1924 3502 ΙΙ
1949 3463 1987 3491 ut
2010 3460 2089 3499 tam]
2114 3457 2217 3491 uitam
2243 3456 2319 3543 7¹¹!

1212 3507 1214 3546 f
1247 3507 1289 3539 29
1311 3505 1555 3546 contemptione
1581 3505 1627 3537 12¹
1648 3504 1927 3547 contemptionem
1942 3503 1993 3536 Η*
2010 3503 2022 3546 ΙΙ
2039 3502 2138 3543 unde]
2162 3512 2229 3535 non
2251 3502 2295 3535 V‘²
2316 3502 2322 3544 Ι

1246 3552 1289 3584 30
1313 3550 1418 3592 ipsius
1437 3551 1468 3582 T
1479 3550 1491 3592 Ι]
1509 3552 1551 3583 32
1577 3552 1659 3582 essct
1679 3551 1710 3583 T
1722 3550 1734 3593 1]
1753 3549 1824 3590 fugi
1847 3549 1904 3593 Vss
1920 3550 1962 3582 33
1980 3547 2100 3589 solum]
2117 3546 2216 3580 semel
2232 3546 2322 3579 Beck

1246 3596 1258 3638 ΙΙ
1280 3595 1353 3628 eius
1378 3596 1411 3628 R
1440 3594 1452 3638 ΙΙ
1480 3598 1709 3628 successerunt
1735 3595 1766 3628 T
1789 3594 1801 3639 ΙΙ
1832 3593 1896 3627 filii
1918 3594 1955 3636 V,
1984 3606 2043 3627 om.
2068 3592 2101 3626 R
2128 3593 2140 3635 ΙΙ
2170 3593 2210 3626 34
2236 3590 2320 3625 *de-

1247 3640 1437 3674 functorum
1463 3641 1550 3681 libri,
1575 3640 1731 3672 defuncto
1752 3640 1844 3673 Beck

2468 3790 2476 3854 ..d-
2467 3574 2476 3763 A—,n-——A-
2464 3241 2476 3552 stt-..n-mm-fl
2470 3173 2476 3216 u...
