2592 3840
257 59 362 102 Nov.
393 59 527 103 LXVI
555 64 579 134 '1
1327 52 1413 106 342
2029 76 2088 108 m*
2116 76 2291 109 moun
2318 76 2467 112 novin

257 170 618 226 καταλιμπανόμενον
634 174 777 215 κρατεῖν
795 173 856 205 ε’πί
877 182 916 204 τε
936 171 997 213 τῆς
1021 168 1229 216 εὐδαίμονος
1249 171 1332 207 ταύ-
1400 173 1633 216 relinquatur,
1666 173 1782 209 valere
1812 177 1849 209 et
1877 174 1923 210 in⁴
1947 174 2017 211 hac
2039 175 2243 212 felicissima
2265 176 2405 213 civitate
2433 180 2469 213 et

259 227 318 257 της
342 215 477 250 πολεωε
501 219 540 250 ἔν
565 229 603 250 τε
628 220 703 249 ταῖς
728 218 911 260 ἐπαρχίαις
932 214 1023 260 μετὰ
1051 214 1115 251 δύο
1138 219 1250 262 μῆνας
1272 219 1333 261 τῆς
1399 219 1435 252 in
1458 218 1648 263 provinciis
1678 222 1762 263 post
1785 218 1874 254 duos
1907 229 2046 256 menses
2069 221 2332 264 insinuationis,
2364 223 2469 258 sicuti

258 263 496 306 ἐμφανίσεως,
521 260 689 306 καθάπερ
714 257 874 314 εἰπόντες
896 260 1082 305 ἔφθημεν·
1117 259 1210 297 διότι
1231 276 1331 310 γενο·
1400 262 1659 307 praediximus:
1681 273 1722 299 eo
1740 264 1836 309 quod
1854 264 1958 300 factis
1978 275 2001 300 a
2017 266 2120 303 nobis
2135 266 2370 303 uniformibus
2386 278 2468 304 con-

256 309 378 349 μένων
402 303 485 350 ἡμῖν
503 305 686 340 ἰσοτὺπιον
707 304 907 346 διαταξεων
932 309 1012 349 περὶ
1036 308 1098 341 τοῦ
1116 310 1247 355 μέτρου
1270 309 1331 351 τῆς
1400 308 1643 344 stitutionibus
1674 308 1717 345 de
1740 319 1907 344 mensura
1937 310 2170 347 institutionis
2194 311 2368 356 filiorum,
2399 313 2470 349 alia

258 350 457 385 ἐνστάσεως
487 353 564 385 τῶν
588 349 741 393 παίδων,
772 352 833 394 τῆς
899 352 929 384 ’ν
959 352 1003 399 τῇ
1027 349 1204 395 Ἑλλήνων
1225 354 1331 400 φωνῇ
1367 357 1385 388 5
1400 352 1541 396 quidem
1555 353 1772 390 Graecorum
1789 354 1912 399 lingua
1927 356 2132 401 conscripta
2151 360 2296 402 propter
2311 357 2469 393 multitu—

258 400 499 443 γεγραμμένης
530 394 589 447 διὰ
618 395 660 430 τὸ
688 397 750 440 τῷ,
774 364 910 439 πλὴθΐι
940 395 1171 441 κατάλληλον,
1202 400 1262 441 τῆς
1292 396 1332 432 δὲ
1400 398 1492 434 dinis
1511 398 1756 444 frequentiam,
1780 399 1851 435 alia
1868 410 1949 436 vero
1969 400 2090 443 latina,
2112 411 2202 446 quae
2219 402 2327 437 etiam
2345 401 2470 438 firmis-

263 443 302 487 τῇ
317 439 503 486 Ῥωμαίων
529 440 617 486 ἢπερ
637 443 715 476 ἐστὶ
737 444 796 476 καὶ
816 439 1017 487 κυριωτάτη
1042 440 1102 476 διὰ
1126 442 1168 478 τὸ
1186 444 1247 487 τῆς
1266 456 1331 478 πο·
1401 443 1490 479 sima
1512 447 1657 489 propter
1679 444 1898 490 reipublicae
1919 444 2067 491 figuram
2084 451 2148 488 est,
2172 446 2234 482 illa
2252 446 2391 492 quidem
2406 447 2469 483 ka-

259 485 390 521 λιτείαε
414 488 546 539 σχῆμα,
578 484 617 540 ἡ)
629 488 696 531 μὲν
725 484 903 521 καλάνδας
933 490 1099 534 Μαρτίας
1127 491 1213 532 ἔχει,
1249 502 1332 535 γρα-
1400 488 1584 525 lenda-rum
1601 489 1811 525 Martiarum
1833 490 1942 526 habet
1962 491 2234 536 conscriptionis
2257 494 2344 527 tunc
2367 492 2470 536 diem,

259 535 364 575 ᾳεῖσα
383 534 450 585 μὲν
465 545 559 573 τοτε,
579 544 642 565 ουκ
655 532 923 577 ἐμφανισθεῖσα
943 530 983 566 δὲ
999 534 1196 576 τηνικαῦτα
1213 531 1331 576 εὐθύς,
1400 544 1472 570 11011
1496 538 1616 570 autem
1638 533 1818 571 insinuata
1833 539 1930 579 tunc,
1955 536 2026 571 alia
2043 547 2126 573 vero
2139 536 2270 572 Latina
2285 547 2371 573 voce
2387 548 2470 573 con-

260 575 279 619 ἡ
305 575 344 611 δὲ
366 579 409 624 τῇ
435 579 614 619 Ρωμαίων
633 579 737 624 φωνῇ
757 579 982 624 γεγραμμένη
1006 576 1096 623 πρὸς
1110 578 1333 622 Σολομῶντα
1349 583 1387 615 10
1401 579 1536 624 scripta
1559 579 1607 615 ad
1620 579 1843 617 Solomonem
1861 580 2150 625 gloriosissimum
2169 582 2267 627 apud
2281 582 2393 618 Afros
2413 592 2470 618 sa-

259 621 324 656 τὸν
359 619 597 661 ἐνδοξότατον
631 623 709 656 τῶν
740 624 779 656 ἐν
809 621 953 669 Ἄφροιε
990 622 1098 670 ἱερῶν
1137 622 1333 672 ἡγούμενον
1402 635 1543 661 crorum
1555 625 1755 670 praesulem
1766 628 1852 661 tunc
1863 627 2123 671 praetoriorum
2136 627 2309 663 kalendas
2317 627 2470 673 Aprilis:

260 671 495 713 πραιτωρίων
538 665 716 702 καλάνδας
756 665 958 714 Ἀπριλλίαε
1004 673 1333 717 προςγεγραμμένας
1660 673 1662 675 ’

257 712 282 748 3
327 713 415 754 ἔχει·
459 710 584 757 διόπερ
612 710 695 747 οὐδὲ
721 711 742 756 ἡ
775 714 819 761 τῇ
851 711 990 747 Ἐλλάδι
1022 716 1126 762 φωνῇ
1155 718 1333 761 γραφεῖσα
1400 714 1425 751 3
1471 714 1556 760 quia
1579 725 1692 760 neque
1715 715 1855 751 Graeca
1877 716 1999 760 lingua
2023 716 2227 762 conscripta
2250 727 2332 753 mox
2355 717 2472 763 palam

257 760 380 804 γέγονε
412 759 627 805 παραχρῆμα
662 755 885 804 καταφανής,
926 760 991 793 ἕως
1022 762 1082 793 καὶ
1118 758 1139 802 ἡ
1173 761 1217 808 τῇ
1253 758 1332 794 Ῥω·
1400 760 1498 795 facta
1519 764 1574 795 est
1593 774 1745 793 «se-*u
1767 765 1803 796 et
1826 761 1973 805 directa,
1996 760 2147 806 denique
2169 762 2276 798 etiam
2299 772 2391 808 quae
2413 763 2472 799 hic

257 806 377 846 μαίων
401 803 618 837 συντεθεῖσα
640 801 785 850 γλώττῃ
807 807 935 850 γέγονέ
962 817 1002 838 τε
1024 808 1084 839 καὶ
1109 805 1332 851 ἐξεπέμφθη,
1350 810 1387 842 15
1401 805 1448 841 ad
1470 805 1644 849 gloriosos
1667 805 1868 851 praefectos
1898 816 2081 843 sacrorum
2104 810 2306 843 nostrorum
2328 811 2471 853 praeto·

257 845 375 891 ἀμέλει
400 846 440 881 δέ
462 851 522 881 καὶ
552 847 573 891 ἡ
598 847 685 895 πρὸς
709 848 789 884 τοὺς
811 849 977 883 ἐνταῦθα
999 848 1252 891 ἐνδοξοτάτους
1272 852 1331 885 ἐπ-
1390 851 1536 886 >riorum
1566 851 1701 896 scripta
1724 855 1797 893 est,
1826 851 1865 887 id
1886 854 1941 887 est
1964 851 2118 894 Graeca,
2149 852 2246 888 Maio
2275 862 2395 888 mense
2417 853 2471 888 in-

257 891 392 947 o'tfflgovsx
405 893 481 945 τῶν
506 892 614 947 ἱερῶν
634 892 737 938 ἡμῶν
759 898 994 946 πραιτωρίων
1010 899 1234 943 γεγραμμένη
1254 900 1334 941 (φα-
1401 895 1545 932 sinuata
1576 899 1631 932 est
1661 897 1700 932 in
1731 896 1853 933 eadem
1884 896 1968 933 sede
1995 900 2102 941 atque
2123 896 2270 934 directa.
2315 897 2472 943 Ideoque

256 940 323 981 μὲν
356 935 398 980 δη
429 951 505 991 την”
524 937 719 993 Ελληνίδα)
742 952 835 974 κατα
858 937 925 974 τὸν
948 938 1069 975 Μάιον
1089 942 1184 985 μῆνα
1207 943 1333 987 ἐνεφα-
1402 940 1581 977 sancimus
1612 944 1775 986 oportere
1805 942 1881 978 eius
1910 941 2166 987 legislationem
2217 952 2285 978 uae
2308 943 2352 980 de
2374 954 2471 979 men-

256 983 369 1026 νίσθη
391 997 429 1017 τε
453 997 505 1027 τῳ
531 986 653 1019 αυταῖν
678 982 897 1032 δικαστηρίῳ
922 989 982 1019 καὶ
1006 985 1230 1032 ἐξεπέμφθη.
1270 988 1331 1021 Θε-
1402 996 1487 1022 sura
1508 986 1743 1023 institutionis
1774 986 1929 1023 filiorum
1960 986 2139 1032 eloquitur
2167 998 2187 1022 v
2225 998 2284 1024 ere
2314 987 2374 1024 hic
2395 989 2471 1034 qui-

256 1030 431 1072 σπίζομεν
451 1032 575 1064 τοίνυν
599 1028 674 1064 δεῖν
698 1029 764 1073 τὴν
784 1028 890 1074 αὐτῆς
913 1031 1139 1075 νομοθεσίαν
1163 1029 1230 1076 τὴν
1250 1034 1332 1078 περὶ
1346 1034 1388 1067 20
1401 1031 1480 1067 dem
1504 1041 1548 1067 ex
1570 1031 1731 1068 kalendis
1754 1035 1840 1068 tunc
1859 1031 1976 1076 Maiis,
2001 1036 2041 1068 ut
2065 1032 2156 1068 duos
2178 1042 2318 1069 menses
2339 1033 2374 1070 ei
2396 1043 2471 1070 ser-

256 1075 319 1107 τοῦ
341 1076 471 1119 μέτρου
495 1076 556 1117 τῆς
580 1074 778 1109 ἐνστάσεως
805 1076 883 1110 τῶν
907 1074 1054 1110 παίδων
1078 1074 1332 1124 διαλεγομένην
1402 1087 1532 1120 vemus,
1555 1077 1593 1112 in
1612 1077 1803 1123 provinciis
1822 1079 1942 1113 autem
1963 1087 2008 1113 ex
2027 1087 2097 1122 quo
2120 1077 2210 1113 haec
2232 1077 2352 1123 palam
2373 1077 2473 1114 facta

257 1122 400 1166 κρατεῖν
418 1119 583 1153 ἐνταῦθα
602 1122 670 1165 μὲν
686 1118 758 1155 ἀπὸ
779 1122 857 1155 τῶν
875 1119 958 1156 τότε
978 1120 1171 1157 καλανδῶν
1186 1121 1331 1163 Μαΐων,
1401 1126 1465 1166 est,
1498 1123 1604 1158 etiam
1633 1123 1683 1159 ibi
1707 1123 1846 1159 duobus
1877 1122 2058 1159 mensibus
2087 1126 2171 1168 post
2200 1122 2473 1160 insinuationem

257 1165 316 1197 ἵνα
350 1164 417 1207 τὴν
452 1162 603 1217 δίμηνον
639 1164 727 1213 αὐτῇ
764 1165 995 1211 φυλάξωμεν,
1031 1168 1071 1201 ἐν
1102 1165 1142 1201 δὲ
1177 1165 1221 1211 δὴ
1254 1170 1332 1201 ταῖς
1401 1167 1591 1204 servandis.
1647 1168 1686 1203 Si
1716 1179 1797 1204 vero
1833 1168 1990 1204 nondum
2024 1167 2200 1204 hactenus
2235 1168 2274 1204 in
2309 1169 2472 1205 omnibus

257 1212 441 1263 ἐπαρχίαις
472 1210 511 1250 ἐξ
534 1224 618 1263 οτου
647 1214 794 1263 γέγονεν
823 1208 912 1255 αὕτη
936 1212 1162 1258 καταφανὴς,
1193 1209 1332 1247 κάκεῖσε
1401 1212 1589 1258 provinciis
1625 1213 1802 1249 destinata
1832 1217 1901 1256 est,
1937 1213 2103 1249 velociter
2137 1217 2173 1248 et
2205 1223 2283 1249 eam
2317 1217 2354 1249 et
2383 1214 2472 1250 alias

258 1266 317 1296 της
342 1253 489 1299 διμηνου
512 1269 602 1299 μετα
625 1270 692 1300 την
708 1256 902 1302 ἐμφάνισιν
926 1257 1203 1303 φυλαττομένης.
1244 1258 1275 1292 εἰ
1294 1256 1334 1292 δὲ
1346 1261 1386 1294 25
1401 1268 1490 1303 quae
1514 1258 1606 1294 forte
1631 1269 1704 1294 non
1726 1259 1855 1295 missae
1880 1261 1965 1294 sunt
1987 1258 2105 1294 adhuc
2133 1262 2197 1294 aut
2219 1259 2325 1295 etiam
2373 1263 2474 1295 ostea

256 1299 357 1352 οὔπω
371 1303 441 1352 ’καὶ
465 1302 531 1335 νῦν
545 1303 603 1355 ,ἐν
632 1301 763 1337 πάσαις
793 1305 871 1337 ταῖς
900 1304 1087 1349 ἐπαρχίαις
1111 1303 1332 1348 ἐξεπέμφθη,
1401 1303 1592 1339 comitante
1616 1304 1681 1340 deo
1705 1314 1728 1340 a
1750 1304 1853 1340 nobis
1876 1303 2059 1340 faciendas
2082 1302 2177 1339 mitti
2199 1314 2294 1340 nunc
2317 1315 2360 1340 ve
2390 1304 2472 1340 mit-

256 1359 312 1379 οτι
336 1358 489 1388 ταχιστα
513 1346 625 1390 αυτὴν
648 1360 688 1381 τε
712 1350 771 1381 καὶ
794 1346 858 1382 τὰς
883 1345 999 1390 ἄλλας,
1031 1348 1137 1394 αἵπερ
1160 1348 1247 1383 ἴσως
1269 1347 1332 1383 οὐκ
1400 1348 1525 1385 tendas
1542 1359 1630 1394 esse,
1650 1353 1825 1395 quatenus
1840 1353 1985 1385 nostrae
2002 1348 2271 1385 constitutiones
2288 1350 2326 1385 in
2341 1353 2471 1386 metro-

257 1390 538 1444 ἐξεπέμφθησαν
555 1393 609 1426 ἔτι
628 1392 650 1435 ἢ
669 1389 735 1426 κᾶν
754 1389 904 1439 ὕστερον
923 1391 1118 1439 ἡγουμένου
1133 1393 1225 1428 θεοῦ
1241 1391 1330 1437 παρ’
1401 1393 1569 1439 politanis
1601 1395 1802 1431 civitatibus
1833 1394 1922 1430 fiant
1956 1394 2011 1430 vel
2038 1393 2226 1430 faciendae
2259 1394 2332 1430 sint
2359 1395 2472 1431 mani-

232 1484 234 1487 ·
256 1450 368 1488 mmm?
393 1437 559 1490 τεθεῖεν,
596 1437 856 1483 ἐκπεμφθῆναί
893 1451 934 1472 τε
971 1441 1030 1473 καὶ
1069 1438 1333 1483 ἐκπέμπεσθαι,
1399 1441 1530 1484 festam
1569 1440 1832 1485 provinciarum
1868 1450 1952 1476 vero
1986 1439 2168 1485 praesides
2202 1439 2299 1485 ipsos
2334 1441 2473 1476 mittere

257 1479 317 1527 ἐφ’
338 1494 367 1525 ῳ
392 1494 433 1515 τε
455 1481 517 1516 τὰς
540 1486 709 1530 ημετέρας
733 1481 909 1524 διατάξεις
931 1484 973 1518 ἐν
991 1486 1069 1518 ταῖς
1091 1482 1332 1532 μητροπόλεσι
1345 1486 1387 1519 30
1401 1494 1462 1520 eas
1485 1490 1521 1520 et
1543 1486 1715 1521 missuros
1746 1496 1824 1522 esse
1854 1495 1919 1531 per
1949 1495 2071 1522 omnes
2102 1485 2260 1521 civitates
2291 1486 2360 1523 nub
2382 1495 2471 1521 une.-

256 1528 333 1561 τῶν
365 1526 492 1562 ἐθνῶν
521 1528 696 1574 γενέσθαι
732 1542 770 1582 τς
802 1532 862 1563 καὶ
891 1529 1064 1576 γίνεσθαι
1095 1532 1328 1576 καταφανεῖς·
1400 1540 1540 1582 quaque
1571 1530 1754 1575 provincia
1785 1531 2016 1573 constitutas,
2054 1531 2096 1565 ut
2124 1530 2243 1566 nullus
2278 1530 2323 1567 de
2353 1534 2472 1567 cetero

257 1571 336 1628 τοὶς
364 1570 404 1606 δὲ
434 1574 511 1607 τῶν
535 1574 720 1621 ἐπαρχιῶν
743 1576 953 1622 ηγουμένουε
984 1572 1110 1609 αὐτοὺς
1132 1573 1271 1609 στεῖλαί
1292 1588 1332 1609 τε
1400 1585 1623 1612 occasmnem
1646 1580 1765 1613 sumat
1790 1576 1977 1613 cuiuslibet
2001 1575 2248 1620 ignorationis.

257 1617 366 1652 αυτάς
394 1621 454 1652 καὶ
486 1617 646 1653 στέλλειν
677 1621 717 1653 ἐν
747 1619 878 1655 πάσαις
909 1622 987 1661 ταῖς
1010 1618 1137 1655 πόλεσι
1167 1623 1245 1655 ταῖς
1269 1617 1327 1674 ἐφ’

257 1660 386 1711 ἑκάστῃ
410 1665 564 1708 ἐπαρχίᾳ
587 1667 834 1711 τεταγμέναις,
868 1662 956 1699 (lists
977 1662 1116 1710 μηδένα
1137 1664 1180 1699 τὸ
1205 1664 1331 1700 λοιπον
2308 1700 2315 1704 .

256 1711 281 1746 4
324 1709 618 1755 προφασίζεσθαι
638 1698 818 1755 μηδεμίαν
836 1708 997 1756 ἄγνοιαν.
1039 1708 1096 1745 Ὡς
1117 1707 1158 1745 τό
1181 1724 1222 1757 γε
1242 1724 1331 1757 παρ·
1344 1713 1386 1747 35
1400 1710 1423 1746 4
1470 1710 1572 1747 Unde
1595 1711 1826 1756 praeteritum
1842 1720 1946 1746 omne
1963 1710 2093 1747 iustam
2112 1711 2222 1747 habet
2243 1710 2389 1752 veniam,
2413 1720 2472 1746 va-

257 1754 390 1799 ῳχηκὸς
405 1753 506 1790 ἅπαν
520 1752 664 1789 δικαίαν
679 1757 751 1798 ἔχει
765 1753 991 1803 συγγνώμην,
1007 1759 1068 1789 καὶ
1082 1759 1331 1801 κρατείτωσαν
1399 1757 1566 1801 leantque
1607 1756 1857 1800 defunctorum
1893 1755 2164 1801 dispositiones,
2204 1756 2260 1791 vel
2293 1755 2326 1791 si
2358 1765 2474 1800 nuper

258 1800 296 1834 αἱ
325 1801 402 1835 τῶν
432 1798 725 1843 τελευτησάντων
757 1798 1011 1843 διατυπώσειε,
1043 1798 1111 1835 κᾶν
1131 1801 1162 1835 εἰ
1185 1803 1332 1848 ἔναγχος
1398 1801 1518 1837 factae
1541 1801 1628 1845 sint,
1660 1801 1755 1837 sicut
1778 1811 1839 1837 eas
1860 1800 1912 1836 1111
1934 1802 2115 1844 fecerunt,
2146 1801 2200 1837 vel
2223 1801 2255 1836 si
2278 1800 2472 1836 secundum

255 1842 435 1893 γεγόνασι,
459 1844 629 1889 καθάπερ
653 1843 761 1880 αὐτὰς
784 1847 912 1881 ἐκεῖνοι
937 1850 1171 1890 πεποίηνται,
1201 1843 1269 1881 κᾶν
1301 1846 1333 1880 εἰ
1399 1846 1498 1892 prius
1532 1849 1710 1884 tenentem
1750 1846 2006 1891 legislationem
2044 1846 2172 1882 litteris
2211 1845 2364 1891 propriis
2402 1855 2474 1881 non

257 1890 346 1926 κατὰ
370 1890 436 1935 τὴν
454 1893 637 1944 ἱπροτέραν
660 1893 865 1945 κρατοῦσαν
885 1891 1108 1946 νομοθεσίαν
1125 1888 1332 1939 γράμμασιν
1400 1891 1621 1937 scripserunt
1650 1892 1820 1928 heredum
1850 1892 2107 1937 appellationes
2139 1893 2203 1927 aut
2233 1891 2383 1927 testibus
2410 1900 2472 1926 888

257 1938 395 1989 οἰκείαις
426 1949 488 1970 ουκ
517 1938 683 1991 ἔγραψαν
714 1948 776 1992 ‘gae
791 1937 884 1993 ιτῶν
907 1935 1140 1991 κληρονομων
1164 1947 1331 1984 προςηγο-
1346 1939 1388 1973 40
1400 1947 1471 1973 non
1494 1936 1658 1973 fecerunt
1679 1936 1886 1974 manifestas
1911 1940 1975 1973 aut
1997 1939 2072 1973 tres
2097 1936 2222 1972 uncias
2245 1938 2284 1972 et
2303 1946 2375 1972 non
2397 1945 2472 1971 am-

258 1986 333 2028 ρίας
356 1995 378 2024 η
402 1985 474 2016 τοῖς
495 1993 672 2028 μαρτυσιν
696 1993 822 2016 αυτους
845 1995 907 2016 ουκ
931 1984 1148 2026 ἐποιησαντο
1171 1995 1332 2028 καταφα-

256 2030 336 2069 νεῖς,
368 2023 390 2070 ἢ
414 2026 613 2074 τριούγκιον
638 2024 719 2061 ἀλλ’
747 2025 787 2061 οὔ
812 2026 935 2063 πλεῖον
958 2025 1238 2062 καταλελοίπασι
1261 2030 1334 2062 τοῖς

314 2120 333 2163 ξ
359 2121 380 2154 4
400 2132 550 2153 summam
576 2127 668 2153 notat
689 2120 876 2164 Anonymus
895 2120 1104 2153 Bodleianus
1129 2132 1182 2162 ap.
1204 2119 1394 2154 Zachariae
1415 2115 1549 2153 Ἀνέκδζ
1570 2131 1608 2162 p.
1621 2120 1685 2154 213
1712 2121 1766 2153 ubi
1789 2120 1908 2153 citatur·
1931 2116 2044 2164 νεαρὰ
2063 2117 2132 2160 ξζ’.

256 2209 379 2247 liberis
405 2208 680 2256 relinquendum
712 2213 782 2251 est,
822 2207 941 2244 valeat
971 2213 1005 2244 et
1034 2208 1073 2243 in
1102 2207 1171 2244 kae
1199 2208 1303 2255 felici
1334 2209 1422 2244 urbe
1451 2211 1487 2244 et
1515 2208 1553 2243 in
1576 2207 1781 2255 provinciis
1809 2213 1896 2255 post
1923 2207 2016 2243 duos
2043 2217 2180 2244 menses
2208 2206 2473 2250 insinuationis,

256 2255 362 2291 sicuti
385 2258 493 2290 antea
516 2253 692 2296 diximus,
724 2253 896 2300 quoniam
928 2264 1007 2288 cum
1030 2253 1103 2289 duo
1128 2253 1297 2301 exempla
1321 2252 1618 2290 constitutionum
1648 2252 1693 2289 de
1715 2252 1822 2301 modo
1845 2253 2081 2289 institutionis
2106 2253 2298 2289 liberorum
2324 2263 2348 2288 a
2370 2251 2475 2288 nobis

254 2302 359 2348 sacta
382 2300 465 2342 sint,
490 2299 643 2335 alterum
669 2298 889 2334 Graecorum
912 2299 1039 2345 linqua
1063 2299 1307 2346 conscriptum
1329 2302 1483 2346 propter
1504 2298 1657 2334 idoneas
1679 2298 1900 2334 multitudini
1920 2298 2092 2341 rationes,
2116 2297 2270 2334 alterum
2295 2296 2474 2334 Romano-

256 2358 348 2388 rum,
372 2345 471 2392 quod
493 2344 636 2391 quidem
660 2344 715 2381 vel
735 2344 889 2380 maximi
912 2345 1080 2380 momenti
1095 2350 1150 2381 est
1171 2349 1324 2392 propter
1345 2343 1566 2391 reipublicae
1586 2344 1759 2390 formam,
1783 2343 1936 2380 alterum
1959 2343 2101 2390 quidem
2123 2342 2299 2379 lcalendas
2320 2341 2475 2379 Martias

257 2391 381 2433 habet,
416 2394 542 2437 utpote
571 2390 746 2437 scriptum
775 2400 818 2425 eo
850 2394 1007 2443 tempore
1038 2400 1103 2426 nee
1132 2401 1214 2426 vero
1249 2394 1333 2425 tune
1362 2389 1484 2425 statim
1506 2388 1754 2436 publicatum,
1786 2389 1941 2425 alterum
1971 2400 2053 2425 vero
2077 2387 2322 2424 Romanorum
2349 2387 2476 2435 tanqua

256 2438 430 2483 scriplum
455 2435 504 2471 ad
527 2434 753 2471 Salomonem
775 2434 1075 2481 qlorioszssimum
1093 2436 1324 2483 praefectum
1346 2446 1451 2471 sacro
1475 2434 1514 2470 in
1536 2434 1667 2481 Africa
1684 2434 1878 2481 praetorio
1901 2433 2078 2470 kalendas
2159 2433 2246 2470 riles
2269 2432 2391 2469 adse-z·
2419 2438 2476 2469 tas

257 2483 281 2518 3
327 2481 451 2516 habet.-
487 2480 582 2515 unde
605 2492 649 2516 ne
672 2480 764 2515 illud
786 2480 929 2527 quidem
952 2479 1052 2527 quod
1066 2480 1204 2517 Graeca
1227 2481 1354 2527 linqua
1372 2480 1615 2527 conscriptum
1635 2486 1699 2523 est,
1721 2480 1845 2517 statim
1864 2479 2097 2526 manifestum
2137 2483 2255 2515 aetum
2274 2482 2339 2522 est,
2411 2488 2477 2514 nee

258 2527 364 2562 etiam
389 2525 637 2561 Romanorum
661 2526 788 2572 linqua
811 2526 1047 2572 compositum
1071 2525 1261 2572 exemplar
1284 2531 1320 2561 et
1338 2526 1546 2571 confectum
1568 2529 1623 2561 est
1641 2529 1678 2562 et
1696 2526 1880 2562 emissum:
1902 2529 1998 2561 certe
2017 2523 2110 2560 illud
2131 2523 2181 2560 ad
2194 2523 2476 2571 qloiiosissimos

258 2571 876 2652 ἵέἇιέἓῗἔένᾜηῗὲῗθζέἃέἓῖιηῗῖἰῖο
901 2572 1250 2652 ”afflasti-⁰532
1273 2568 2476 2663 ῗῖῗῖἕῗιὲῗῖεαὲἳῖἓιῗιῗῃὲῗιίἔὲῗλέὲῗῖηὲἑάέἶίῖἕ’ἔιῗιέῗ

258 2673 338 2697 rum
361 2664 487 2707 ayunt,
517 2660 663 2697 valeant
686 2660 744 2696 Ιιίο
766 2660 908 2707 quidem
931 2661 970 2696 in
996 2673 1016 2697 e
1038 2672 1062 2697 a
1085 2644 1261 2697 kalendis,
1275 2661 1349 2697 illis
1371 2660 1496 2703 Maiis,
1529 2665 1569 2697 ut
1591 2660 1746 2696 duorum
1757 2644 1941 2696 ’mensium
1958 2660 2118 2707 spatium
2140 2659 2187 2695 iis
2207 2668 2405 2700 servemus,
2436 2658 2474 2693 in

257 2706 454 2753 provinciis
484 2711 604 2742 aulem
634 2717 684 2742 ex
712 2717 785 2753 quo
816 2706 880 2741 illa
910 2706 1108 2753 manifesta
1135 2707 1243 2752 faeta
1273 2712 1345 2749 est,
1375 2710 1519 2742 servato
1542 2705 1593 2742 ibi
1622 2716 1767 2752 quoque
1796 2705 1951 2741 duorum
1976 2705 2149 2740 mensium
2170 2704 2291 2751 spatio
2308 2707 2399 2750 post
2420 2703 2474 2738 in·

259 2752 508 2787 sinuationem.
556 2749 693 2794 Quodsi
716 2762 760 2787 ne
783 2762 879 2787 nune
901 2751 1044 2798 quidem
1067 2752 1106 2786 in
1130 2750 1293 2787 omnibus
1308 2751 1511 2798 provinciis
1533 2751 1662 2786 emissa
1685 2755 1749 2793 est,
1773 2761 1882 2797 quam
1904 2749 2088 2786 celerrime
2110 2753 2146 2785 et
2167 2749 2249 2796 ipsa
2271 2753 2308 2784 et
2323 2751 2475 2790 ceterae,

260 2808 353 2843 quae
373 2797 534 2843 fortasse
558 2796 716 2831 nondum
741 2797 890 2831 emissae
912 2800 1013 2839 sunt,
1044 2797 1101 2833 vel
1120 2796 1153 2832 si
1176 2807 1270 2843 quae
1287 2801 1421 2849 postea
1451 2807 1595 2843 quoque
1617 2795 1684 2832 deo
1708 2795 1798 2832 duee
1825 2807 1849 2831 a
1872 2795 1974 2831 nobis
1994 2794 2178 2841 ferantur,
2209 2798 2246 2830 et
2266 2793 2476 2830 emittantur

260 2847 294 2877 et
317 2853 431 2888 usque
453 2841 666 2881 emittendae
690 2847 872 2884 curentur,
903 2852 973 2888 quo
997 2846 1145 2877 nostrae
1176 2842 1451 2877 constitutiones
1480 2841 1519 2876 in
1541 2840 1801 2887 metropolibus
1855 2839 1988 2876 entium
2018 2843 2054 2876 et
2084 2840 2159 2875 sint
2187 2842 2224 2875 et
2242 2838 2339 2884 fiant
2359 2837 2474 2874 mani-

258 2887 397 2933 festae;
426 2886 703 2934 provinciarum
732 2897 816 2922 vero
836 2886 1033 2938 praesides
1061 2887 1133 2933 ipsi
1164 2892 1200 2924 et
1229 2886 1373 2923 mittant
1403 2897 1465 2922 eas
1495 2890 1532 2923 et
1561 2896 1675 2939 usque
1696 2886 1820 2921 mitten
1847 2895 1890 2920 as
1913 2889 2040 2921 curent
2067 2895 2136 2930 per
2158 2894 2280 2919 omnes
2306 2882 2414 2919 urbes
2435 2882 2477 2918 in

259 2933 284 2969 4
328 2932 482 2979 sinqulis
498 2932 702 2978 provinciis
725 2936 960 2967 constitutas:
990 2935 1031 2967 ut
1052 2932 1091 2967 in
1107 2936 1298 2978 posterum
1322 2942 1425 2967 nemo
1456 2931 1568 2967 ullam
1598 2931 1844 2978 tynorantiam
1865 2934 2071 2977 praetexat.
2140 2928 2234 2964 Nam
2281 2939 2350 2964 uae
2368 2938 2476 2980 prae-

261 2978 367 3013 terita
389 2981 476 3012 sunt
505 2977 625 3012 omnia
656 2977 788 3012 iustam
818 2975 951 3013 habent
981 2977 1137 3018 veniam,
1170 2976 1384 3023 valeantque
1415 2976 1669 3022 defunctorum
1692 2974 1959 3022 dispositiones,
1992 2974 2077 3010 licet
2098 2984 2216 3021 nuper
2263 2978 2368 3009 actae
2389 2976 2474 3014 smt,

259 3021 557 3070 quemadmodum
580 3033 643 3057 eas
665 3022 720 3056 illi
741 3022 921 3074 fecerunt,
945 3021 1086 3058 etiamsi
1107 3021 1301 3058 secundum
1325 3022 1422 3068 leqes
1444 3033 1539 3068 quae
1562 3021 1645 3058 olim
1669 3021 1861 3058 valuerunt
1888 3019 2048 3066 propria
2086 3030 2196 3054 manu
2226 3028 2300 3070 non
2321 3018 2475 3070 seripse-

259 3070 334 3104 rint
357 3067 525 3103 heredum
550 3067 696 3102 nomina
717 3077 792 3103 sive
817 3066 963 3102 testibus
985 3077 1046 3103 eos
1069 3078 1142 3102 non
1162 3066 1320 3112 fecerint
1342 3067 1569 3112 manifestas,
1593 3070 1659 3102 aut
1674 3065 1708 3102 si
1725 3065 1963 3112 quadrantem
1987 3074 2052 3100 nec
2072 3063 2228 3119 amplius
2251 3062 2371 3100 libans
2391 3062 2476 3099 rela-

315 3160 335 3193 9
355 3156 470 3213 ἒῦθὺς
494 3171 550 3193 om.
577 3170 596 3193 ς
621 3158 634 3201 ΙΙ
667 3159 707 3192 12
731 3159 1064 3211 προεγεγραμμενας
1087 3158 1158 3212 ἔρρει
1186 3171 1243 3192 om.
1270 3171 1297 3211 s·
1323 3159 1335 3202 ΙΙ
1366 3156 1368 3159 ’
1403 3158 1680 3235 υιιίρ..η>*τιειοιιι111
1695 3159 1798 3208 libri-u
1820 3159 1857 3191 11
1874 3155 2044 3189 *kalendis
2055 3154 2171 3207 aprilis
2191 3155 2310 3198 Vvuly.
2325 3153 2478 3206 kalendis

263 3206 303 3239 16
321 3203 522 3248 *υπαρχους
538 3203 582 3236 Μ
598 3201 611 3245 ΙΙ
636 3203 677 3237 22
698 3214 783 3237 τοτε
804 3204 875 3244 Μς]
897 3215 967 3246 προ
989 3215 1019 3235 ιε
1051 3216 1133 3237 com.
1148 3203 1335 3237 Zacharzae
1401 3212 1474 3245 apri
1525 3213 1563 3235 us
1576 3201 1610 3236 R
1626 3201 1639 3246 ΙΙ
1657 3202 1698 3236 13
1720 3212 1799 3244 qula
1819 3211 1925 3243 neque
1941 3201 2002 3242 ΕΙ]
2023 3210 2102 3242 quia
2120 3210 2226 3242 neque
2246 3210 2325 3233 uero
2347 3199 2381 3234 V
2397 3209 2477 3242 quia

260 3263 322 3283 non
335 3258 416 3283 recte
434 3249 446 3292 ΙΙ
473 3250 514 3283 28
535 3246 641 3290 *nand
662 3249 722 3281 καὶ
737 3248 782 3281 M
798 3247 810 3291 ΙΙ
829 3249 870 3281 33
891 3246 968 3292 ἐφ’]
993 3248 1059 3302 sub,
1068 3250 1101 3290 (i.
1115 3261 1141 3282 e.
1154 3244 1217 3292 ὑφ’
1230 3247 1259 3291 ¹3)
1284 3260 1303 3285 ς
1323 3246 1335 3293 ΙΙ
1402 3257 1482 3280 uero
1498 3257 1605 3290 neque
1626 3247 1673 3280 3²
1684 3249 1770 3292 vulq,
1789 3245 1803 3291 ΙΙ
1829 3248 1871 3280 14
1886 3247 1973 3279 facta
1997 3258 2055 3279 om.
2069 3246 2118 3279 Β)
2136 3245 2148 3290 ΙΙ
2173 3246 2321 3280 lacunam
2337 3257 2400 3279 non
2421 3257 2477 3278 no-

261 3297 301 3330 37
320 3295 466 3341 ἕναγχος
490 3295 567 3328 dedi
585 3307 623 3328 ex
643 3295 674 3335 ς]
699 3294 739 3326 ἐν
761 3290 914 3326 ἇστειΜ
926 3292 939 3337 ΙΙ
958 3295 997 3327 41
1017 3291 1156 3334 αυτοὺς]
1181 3303 1235 3326 eas
1258 3294 1291 3335 (i.
1307 3306 1333 3328 e.
1402 3299 1471 3326 tant
1495 3292 1592 3335 libr-s,-
1621 3293 1831 3337 supplendum
1846 3294 1923 3335 sere
1946 3290 2049 3324 donec
2073 3291 2173 3324 etiam
2196 3290 2321 3324 Latina
2345 3300 2477 3333 compo·

261 3337 380 3382 airas)
395 3352 423 3381 ς,
438 3352 499 3373 non
513 3339 594 3373 male
608 3341 664 3382 (cf.
679 3346 782 3373 tamen
800 3339 877 3372 Cod.
889 3338 921 3379 6,
931 3345 977 3379 23,
987 3346 1022 3372 29
1040 3343 1055 3379 §
1071 3340 1093 3381 ι)
1112 3339 1124 3382 [Ι
1147 3338 1190 3372 42
1207 3339 1284 3371 ταῖς
1297 3338 1342 3372 Μ
1401 3338 1464 3370 sita
1480 3336 1599 3379 lingua
1615 3338 1702 3371 sacta
1717 3339 1766 3370 est
1782 3335 1788 3381 Ι
1819 3337 1917 3370 etiam
1939 3346 2023 3378 quae
2041 3336 2109 3378 hic]
2133 3346 2217 3379 quae
2240 3336 2339 3370 etiam
2362 3334 2477 3377 (etiam

1402 3383 1464 3416 del.
1478 3395 1518 3417 m.
1532 3383 1558 3425 ι)
1583 3383 1638 3416 hic
1657 3382 1662 3427 1
1683 3383 1738 3416 hio
1801 3381 1814 3426 Ι
1834 3383 1873 3416 15
1892 3381 2145 3424 gloriosissimos
2165 3382 2250 3426 vuly.
2269 3381 2282 3426 ΙΙ
2301 3382 2342 3416 16
2360 3380 2396 3414 id
2416 3382 2477 3423 est]

1402 3427 1490 3460 idem
1516 3428 1547 3461 R
1573 3428 1586 3472 ΙΙ
1615 3437 1733 3470 graeca
1754 3427 1859 3469 3¹1⁷]
1884 3426 2002 3469 lingua
2022 3428 2099 3460 add.
2115 3426 2164 3460 12²
2184 3427 2269 3471 vulg.
2292 3426 2306 3470 Ι
2338 3428 2377 3460 17
2402 3424 2478 3459 ideo

307 3478 325 3510 2
349 3477 436 3510 sicut
459 3476 511 3520 Vn
532 3478 550 3509 3
575 3475 734 3507 uniformi
756 3473 832 3518 17¹1!
851 3476 872 3508 4
895 3472 994 3506 aliam
1016 3474 1093 3507 libri
1139 3476 1158 3508 5
1184 3473 1335 3515 linguam
1401 3473 1489 3517 vulq.
1513 3472 1526 3516 ΙΙ
1554 3475 1596 3508 18
1621 3474 1690 3507 eius
1713 3471 1955 3515 legislationem
1977 3474 2128 3515 oportere
2150 3473 2181 3505 R
2203 3471 2216 3516 ss
2244 3474 2286 3507 19
2310 3471 2370 3505 heo
2394 3470 2444 3504 R’
2466 3468 2480 3516 Ι

270 3521 331 3599 Vll&
342 3523 559 3564 conscriptam
586 3521 662 3554 libri
677 3519 690 3564 ΙΙ
711 3518 952 3552 multitudino·
976 3519 1028 3552 V⁰
1052 3530 1108 3551 mu
1123 3518 1279 3551 titudinis
1297 3531 1336 3552 ετ
1402 3519 1444 3552 20
1469 3519 1549 3551 tunc
1576 3532 1633 3553 om.
1647 3518 1696 3552 13¹
1742 3517 1859 3551 madiis
1871 3518 1940 3550 ΒΤ
1953 3517 1965 3561 ΙΙ
1990 3518 2031 3552 23
2044 3518 2204 3551 mundum
2226 3517 2258 3551 V
2275 3517 2287 3560 ΙΙ
2303 3517 2347 3551 25
2366 3517 2478 3549 autem

262 3578 292 3598 m
334 3567 494 3600 titudines
506 3579 589 3600 corr.
608 3564 655 3600 V⁶
674 3565 685 3610 ΙΙ
703 3567 723 3600 6
736 3564 835 3599 aliam
849 3563 950 3609 libriss
970 3566 1062 3606 uero]
1082 3574 1149 3597 non
1162 3564 1210 3597 R¹
1229 3562 1241 3608 ΙΙ
1257 3563 1334 3596 lati·
1400 3564 1511 3606 postea
1536 3565 1636 3596 etiam
1657 3564 1690 3597 V
1746 3563 1788 3598 26
1809 3563 2020 3596 commitante
2042 3563 2076 3596 R
2098 3563 2111 3606 Ι
2139 3564 2179 3597 27
2205 3564 2334 3596 nostrae
2357 3561 2435 3595 libri
2462 3559 2476 3604 ΙΙ

262 3622 336 3643 nam
349 3612 492 3654 R¹VTu
521 3615 538 3645 ἵ
557 3611 664 3654 figura
680 3611 711 3644 R.
732 3610 744 3655 ΙΙ
771 3612 792 3645 9
813 3611 892 3652 non]
916 3609 1137 3644 nouaRVT'
1155 3608 1168 3653 u
1186 3611 1267 3642 tuno
1288 3609 1334 3651 V]
1392 3609 1444 3643 '30
1468 3609 1630 3643 missurus
1654 3609 1701 3642 13¹
1728 3607 1742 3653 Ι
1768 3609 1808 3642 3Ἰ
1833 3608 1901 3641 sint
1924 3607 2014 3651 RV]
2046 3609 2124 3641 sunt
2148 3609 2235 3652 v'ulq.
2262 3607 2277 3651 ΙΙ
2299 3608 2342 3642 4⁰
2366 3607 2476 3639 nutem

262 3659 309 3689 est
333 3659 413 3689 tuuc
438 3657 533 3699 RT2,
559 3671 614 3690 om.
634 3658 665 3690 T
674 3656 683 3676 ¹
710 3655 724 3702 ΙΙ
748 3658 789 3690 10
813 3655 958 3689 solonem
983 3654 1032 3689 R·
1062 3654 1262 3688 salomonem
1284 3654 1335 3687 R*
1365 3687 1367 3691 ,
1400 3655 1467 3686 tres
1491 3654 1544 3686 V·
