2592 3840
256 104 363 150 Nov.
394 105 536 148 XXVI
567 109 592 149 3
1315 99 1397 148 206
2152 117 2213 148 nn
2240 116 2474 148 PRAn‘ronn

257 215 345 252 ὥςτε
372 216 500 252 στάσιν
524 214 672 252 ἅπασαν
701 212 823 250 αὐτῶν
854 212 1123 255 ἐξελαύνεσθαι.
1169 218 1228 249 καὶ
1253 214 1333 250 τοὺς
1401 215 1587 251 universus
1611 224 1734 250 eorum
1751 212 1988 258 propellatur:
2013 215 2050 249 et
2070 213 2202 250 milites
2226 215 2366 260 quidem
2385 225 2476 252 scm-

254 265 322 308 μεν
346 260 572 308 στρατιώτας
601 258 656 295 ἀεὶ
679 263 756 295 ταῖς
779 258 985 304 πολεμικαῖς
1006 263 1219 306 γυμνασίαις
1241 258 1331 296 ἀπο·
1401 269 1467 306 per
1497 259 1535 295 in
1557 259 1695 295 bellicis
1726 258 2041 294 exercitationibus
2073 259 2217 295 efficere
2246 260 2410 297 meliores
2433 270 2478 297 ac

255 306 372 343 τελεῖν
408 306 570 342 καλλίους
604 319 643 340 τε
677 308 736 339 καὶ
773 305 1082 352 προθυμοτέρους,
1116 303 1198 339 τοὺς
1234 303 1331 340 ἱδιώ-
1401 304 1598 350 proniores,
1632 304 1794 349 privatos
1827 305 1947 338 autem
1981 307 2149 349 coaptare
2179 305 2266 349 lege,
2298 305 2411 342 iustos
2442 310 2479 342 et

255 364 319 387 τας
347 351 388 386 δὲ
411 352 603 397 ῥυθμίζειν
630 352 683 394 τῷ
707 349 808 394 νόμῳ
840 348 996 384 δικαίους
1026 362 1068 384 τε
1096 352 1157 384 καὶ
1185 363 1332 397 κακουρ-
1401 349 1621 394 malignitate
1645 349 1811 383 universa
1834 348 1978 391 liberos,
2003 352 2040 384 et
2055 349 2227 394 perficere
2250 349 2317 386 hos
2337 349 2479 396 quidem

255 402 335 444 γίας
358 394 496 441 ἁπάσης
522 396 728 440 ἐλευθέρους
750 393 948 436 ἀποτελεῖν,
982 390 1070 429 ὥςτε
1091 394 1174 430 τούς
1195 397 1263 440 μὲν
1284 397 1333 429 εἰς
1367 399 1386 431 5
1401 395 1448 430 ad
1471 394 1657 437 iustitiam,
1680 393 1761 428 illos
1785 395 1905 428 autem
1927 393 1975 428 ad
1997 393 2243 430 fortitudinem
2266 404 2414 440 augere3
2442 398 2480 431 et

257 440 498 485 δικαιοσύνην,
527 441 609 476 τούς
631 439 671 474 δὲ
702 440 749 473 εἰς
778 437 950 485 ἀνδρείαν
980 438 1170 480 αὔξεσθαι.
1218 444 1279 474 καὶ
1302 441 1337 474 εἴ
1401 439 1432 475 si
1465 449 1536 484 qua¹
1568 448 1658 483 opus
1690 437 1800 472 fuerit
1832 438 1917 473 belli
1948 448 2059 474 causa
2090 439 2277 484 discursio,
2312 450 2379 486 pro
2409 440 2480 475 hac

256 498 310 521 τις
343 490 483 534 γένοιτο
515 485 668 530 πολέμου
702 481 806 530 χάριν
840 483 1008 540 ἐκδρομή,
1043 483 1181 528 ταύτην
1210 485 1331 539 ῥᾷστα
1400 484 1507 519 facile
1531 483 1732 518 celebrare:
1764 482 1884 519 officio
1907 486 2059 529 utroque
2082 488 2284 537 praesente,
2307 485 2378 521 alio
2401 485 2480 530 qui-

256 532 464 568 ποιεῖσθαι·
487 529 619 571 τάξεώς
641 543 681 564 τε
701 528 881 577 παρούσης
903 533 1010 563 εκατέ
1031 541 1082 572 ας,
1104 533 1164 564 καὶ
1185 541 1246 574 της
1265 532 1333 575 μὲν
1402 528 1481 564 dem
1505 528 1728 563 ministrante
1759 537 2002 573 quaecumque
2027 529 2128 566 civssc
2159 529 2318 566 officium
2341 529 2480 573 decent,
2498 560 2500 562 >

256 576 540 623 ὑπηρετουμένης
575 574 692 609 ὁπόσα
727 573 922 609 πολιτικοῖς
957 542 1157 615 vagacitate
1193 578 1331 619 πρέπει,
1403 574 1561 609 exercitu
1584 583 1666 608 vero
1690 573 1982 609 inexcusabiliter
2011 574 2224 620 prohibente
2252 574 2402 612 hostiles
2423 574 2480 611 in-

257 623 334 657 τῶν
358 619 545 666 δυνάμεων
569 619 608 654 δὲ
626 616 906 665 ἀπροφασίστως
928 618 990 654 τὰς
1009 618 1200 664 πολεμικὰς
1218 621 1331 667 ἀνειρ-
1349 623 1388 655 10
1401 618 1577 654 vasiones.

257 671 275 703 1
323 665 466 714 γόντων
496 663 650 711 ἐφόδους.
700 666 765 697 Δεῖ
794 662 834 698 δὲ
866 662 979 699 αὐτὸν
1008 668 1068 698 καὶ
1099 666 1178 699 τῶν
1208 663 1332 707 δικῶν,
1402 665 1423 699 1
1469 663 1621 707 Oportet
1640 665 1757 698 autem
1776 673 1857 699 eum
1876 663 1985 699 ctiam
2004 664 2086 700 lites
2113 665 2186 701 sive
2209 664 2275 712 (ad
2306 664 2480 710 pecunias

258 713 328 746 εἴτε
351 712 399 746 εἰς
420 710 582 757 χρήματα
605 709 775 754 βλέποιεν
802 709 873 743 εἴτε
894 710 944 744 εἰς
967 708 1169 757 ἐγκλήματα
1192 711 1263 745 εἴτε
1286 710 1334 744 εἰς
1402 708 1634 753 respicientes
1659 718 1724 743 seu
1747 708 1795 744 ad
1818 709 1978 747 criminas
1997 710 2070 745 sive
2100 710 2148 745 ad
2171 710 2264 755 quod
2280 709 2353 746 'bet
2383 709 2482 745 aliud

258 755 450 791 ὁποιονοῦν
479 754 574 796 ἀλλο,
605 752 818 788 κατακούειν
848 757 908 788 καὶ
933 752 1091 797 δικάζειν
1120 753 1245 803 ὀρθῶς
1274 757 1333 788 καὶ
1403 753 1527 788 audire
1552 755 1588 788 et
1610 752 1771 789 iudicare
1801 757 1902 789 recte
1933 757 1969 789 et
1993 754 2189 798 secundum
2218 758 2362 792 nostras
2385 755 2397 790 l

258 801 345 847 πρὸς
368 799 447 835 τοὺς
470 800 654 846 ἡμετέρους
677 798 806 843 νόμους
834 803 894 833 καὶ
925 798 1066 834 πάθους
1096 802 1216 835 ἕνεκεν
1237 797 1334 834 οὗδε-
1404 801 1439 833 et
1463 798 1530 834 sub
1554 798 1653 833 nulla
1682 798 1860 843 passionis
1892 808 2022 842 causa,
2053 803 2096 834 ut
2117 800 2236 836 nullus
2267 799 2350 836 inde
2397 799 2406 809 ’
2441 810 2481 835 u·

256 846 331 888 νὸς,
365 843 452 880 ὥςτε
473 843 522 890 μή
545 856 646 879 τινας
670 844 813 878 ἐκεῖθεν
845 846 1076 891 ἐκτρέχοντας
1096 844 1138 880 τὸ
1163 842 1334 893 ἡμέτερον
1350 848 1388 880 15
1402 844 1503 887 giens
1527 846 1688 878 nostram
1707 843 1883 888 inquietet
1902 843 2206 889 tranquillitatem.
2242 844 2368 890 Neque
2387 844 2481 880 enim

258 890 414 934 ἐνοχλεῖν
434 889 568 936 κράτος.
616 886 699 923 οὐδὲ
721 888 788 936 γὰρ
812 888 1023 935 βουλόμεθα
1045 889 1128 924 τοὺς
1147 888 1334 935 ἡμετέρους
1402 889 1565 923 volumus
1597 890 1740 924 nostros
1772 889 1961 925 collatores
1992 890 2232 935 relinquentes
2264 889 2482 936 provinciam

256 935 435 972 ὑποτελεῖς
459 933 799 979 καταλιμπάνοντας
821 933 889 978 τὴν
912 934 1036 981 χώραν
1060 936 1237 970 ἐνταυθοῖ
1257 938 1333 982 τρέ-
1402 933 1474 968 huc
1511 942 1655 969 currere
1689 943 1712 969 a
1746 933 2024 979 provincialibus
2065 934 2251 980 despectos
2290 934 2480 970 iudicibus.

256 995 331 1024 χειν
355 978 424 1015 ὑπὸ
456 982 534 1014 τῶν
564 978 657 1014 κατὰ
679 977 732 1022 χοὶ
757 993 804 1013 αν
831 983 1116 1027 περιορωμένους
1135 979 1158 1015 ἆ
1180 981 1333 1023 χόντων.
1402 978 1495 1013 Nam
1519 982 1555 1014 et
1577 978 1609 1014 si
1630 982 1759 1024 postea
1781 978 1952 1015 fuerimus
1985 980 2032 1014 ab
2062 979 2119 1016 his
2149 981 2210 1025 qui
2238 979 2369 1016 exinde
2396 990 2480 1015 ven-

257 1028 287 1060 εἰ
310 1025 376 1073 γὰρ
409 1028 468 1059 καὶ
490 1022 640 1073 ὕστερον
664 1024 730 1069 μέλ
774 1037 855 1069 ιμεν
885 1027 924 1059 ἐκ
957 1026 1036 1060 τῶν
1065 1023 1153 1060 αὐτό
1187 1039 1227 1060 εν
1256 1038 1333 1071 φοι·
1403 1024 1475 1058 turi
1500 1027 1584 1059 sunt
1606 1024 1810 1068 inquietati,
1842 1024 2057 1069 requirimus
2086 1026 2200 1061 modis
2232 1024 2396 1061 omnibus
2422 1033 2481 1060 ve·

255 1069 410 1105 πάντων
428 1069 668 1112 ἐνοχλεῖσθαι,
693 1067 905 1114 πευσόμεθα
925 1068 1073 1105 πάντως
1095 1071 1173 1105 τῶν
1195 1068 1334 1104 ἀδικου-
1349 1072 1390 1105 20
1403 1070 1552 1113 nientes,
1576 1068 1608 1104 si
1628 1069 1717 1104 haec
1737 1069 2036 1105 denuntiaverunt
2054 1070 2396 1106 administrationem
2415 1068 2480 1105 ha-

255 1119 387 1160 μένογν,
419 1116 450 1149 εἰ
468 1116 585 1149 ταῦτα
608 1114 925 1162 προςαγγείλαντες
953 1117 1080 1158 ἔτυχον
1109 1117 1163 1159 τῷ
1185 1115 1252 1159 τὴν
1275 1112 1334 1162 ἄρ·
1403 1114 1518 1149 beuti:
1562 1117 1599 1149 et
1634 1114 1666 1150 si
1698 1114 1839 1159 quidem
1875 1115 2142 1160 cognoverimus
2181 1124 2245 1151 eos
2284 1116 2375 1151 haec
2406 1124 2482 1151 11011

255 1161 320 1204 χὴν
343 1163 473 1203 ἔχοντι.
519 1163 579 1194 καὶ
610 1161 641 1194 εἰ
670 1163 737 1204 μὲν
767 1158 953 1205 μάθοιμεν
984 1159 1110 1195 αὐτοὺς
1140 1162 1257 1195 ταῦτα
1285 1160 1335 1205 μὴ
1404 1159 1646 1203 denuntiasse,
1679 1169 1761 1195 cum
1785 1160 1880 1195 omni
1904 1160 2124 1196 correctione
2147 1160 2181 1196 di
2203 1160 2212 1169 ⁶
2238 1160 2328 1196 'mus
2350 1168 2413 1196 eos
2434 1158 2483 1195 ad

257 1205 514 1253 προςαγγεῒλαι,
544 1204 611 1239 σὺν
634 1204 837 1250 ἐπιτιμήσει
868 1203 967 1253 πάσῃ
991 1205 1183 1250 στελοῦμεν
1208 1203 1335 1240 αὐτοὺς
1402 1205 1638 1250 provinciam3
1671 1205 1703 1240 si
1725 1214 1808 1240 vero
1832 1204 1885 1240 illi
1909 1205 2049 1250 quidem
2074 1170 2407 1252 interprgiiavering‘
2421 1204 2483 1250 qui

255 1251 346 1285 κατὰ
369 1249 502 1297 χώραν,
527 1252 559 1284 εἰ
582 1248 623 1284 δὲ
645 1249 681 1284 οἱ
701 1252 770 1295 μὲν
793 1249 1059 1298 προςήγγειλαν,
1083 1247 1103 1284 ὁ
1123 1249 1164 1285 δὲ
1186 1251 1255 1295 τὴν
1274 1248 1333 1298 ἀρ·
1402 1260 1485 1285 vero
1518 1249 1862 1286 administrationem
1897 1250 2006 1286 habet
2039 1253 2103 1286 aut
2132 1250 2289 1296 neglexit
2323 1254 2388 1286 aut
2416 1259 2483 1294 per

255 1296 321 1338 χὴν
351 1298 446 1339 ἔχων
477 1292 499 1338 ἢ
525 1293 778 1341 ἐρρᾳθύμησεν
809 1292 831 1339 ἢ
862 1292 945 1330 κατ’
979 1295 1091 1339 ἄλλην
1118 1297 1240 1331 αἰτίαν
1270 1295 1334 1330 οὐκ
1348 1299 1388 1332 25
1403 1295 1510 1330 aliam
1535 1305 1682 1331 causam
1712 1305 1786 1331 non
1816 1295 1983 1331 decoram
2014 1296 2110 1340 leges
2137 1295 2303 1342 neglexit,
2333 1297 2422 1330 tunc
2443 1294 2483 1329 in

256 1339 413 1387 εὐπρεπῆ
431 1342 510 1375 τῶν
529 1338 654 1385 νόμων
674 1338 836 1395 ἦμέλῃσε,
859 1338 943 1375 τότε
964 1338 1026 1376 ἐπ’
1049 1339 1160 1375 αὐτὸν
1179 1341 1247 1385 τὴν
1268 1342 1334 1376 πᾶ-
1403 1350 1486 1375 eum
1510 1350 1650 1376 omnem
1674 1340 1910 1376 convertimus
1933 1344 2081 1376 motum.
2128 1341 2230 1376 Sicut
2252 1341 2347 1376 enim
2369 1340 2403 1375 ei
2421 1339 2482 1375 de-

257 1398 326 1420 σαν
348 1390 528 1432 τρέψομεν
551 1389 701 1429 κίνησιν.
752 1383 867 1433 ω’ςπερ
899 1385 968 1433 γὰρ
998 1383 1098 1430 αὐτῷ
1125 1384 1335 1432 δεδώκαμεν
1404 1386 1519 1421 dimus
1543 1395 1705 1421 annonas
1736 1386 1926 1431 ampliores
1958 1386 2122 1429 (dicimus
2154 1388 2275 1422 autem
2297 1384 2484 1429 utriusque

255 1436 426 1479 χορηγίαν
451 1430 600 1465 πλείονα
624 1432 756 1477 (φαμὲν
780 1429 821 1465 δὲ
843 1429 911 1475 τὴν
935 1432 1103 1478 ἑκατέρας
1125 1429 1243 1478 ἀρχῆς)
1273 1434 1333 1466 καὶ
1404 1431 1549 1475 cinguli)
1578 1434 1615 1466 et
1637 1441 1748 1476 super
1772 1431 1934 1467 homines
1965 1440 2047 1467 cum
2079 1431 2328 1467 constituimus
2350 1433 2483 1473 tantos,

257 1476 475 1523 ἀνθρώπων
510 1473 621 1510 αὐτὸν
656 1473 945 1522 προύβαλόμεθα
974 1475 1174 1519 τοσούτων,
1210 1473 1334 1519 οὕτως,
1402 1475 1455 1511 ita
1482 1476 1513 1511 si
1533 1475 1762 1512 didicerimus
1791 1486 1870 1512 eum
1890 1475 2034 1521 indigne
2054 1476 2152 1512 circa
2169 1476 2348 1520 cingulum
2365 1483 2483 1520 agere,

257 1522 289 1556 εἰ
309 1520 493 1566 μάθοιμεν
514 1519 624 1555 αὐτὸν
655 1520 811 1562 ἀναξίως
840 1524 923 1568 περὶ
954 1521 1023 1565 τὴν
1053 1519 1165 1570 ἀρχὴν
1188 1521 1334 1569 φερόμε-
1347 1524 1389 1557 30
1402 1531 1518 1567 neque
1551 1521 1690 1557 veniam
1722 1521 1884 1557 dabimus
1922 1531 2038 1567 neque
2073 1521 2112 1557 in
2143 1521 2380 1557 mediocribus
2408 1523 2483 1556 sta-

257 1579 333 1611 νον,
357 1566 438 1601 οὔτε
461 1564 669 1611 ένὸώσομεν
691 1565 773 1601 οὔτε
796 1568 857 1601 ἐπὶ
879 1570 1036 1612 μετρίοις
1062 1565 1243 1612 στήσομεν
1266 1566 1334 1610 τὴν
1402 1567 1535 1602 tuimus
1565 1577 1729 1612 poenam,
1761 1567 1824 1602 sed
1847 1569 2020 1612 quantum
2051 1577 2131 1602 eum
2160 1566 2207 1602 ad
2239 1563 2484 1602 celsitudinem

258 1612 399 1655 ποινήν,
418 1609 496 1646 ἀλλ’
513 1610 600 1646 ὅσον
619 1610 731 1646 αὐτὸν
746 1612 794 1646 εἰς
811 1609 901 1658 ὕψος
919 1613 1067 1658 αἵρομεν
1078 1610 1334 1657 εὐκοσμοῦντα,
1404 1612 1582 1647 elevamus
1606 1615 1788 1654 ornatum,
1821 1615 1961 1647 tantum
1993 1612 2027 1647 ei
2059 1612 2151 1648 citra
2181 1614 2325 1647 nostras
2347 1609 2485 1655 aliquid

258 1658 431 1691 τοσοῦτον
455 1654 553 1701 αὐτῷ
579 1656 677 1702 παρὰ
699 1656 779 1691 τοὺς
797 1655 984 1704 ἡμετέρους
1001 1670 1039 1692 τι
1059 1655 1257 1706 πράττοντι
1275 1658 1333 1693 vo·
1404 1658 1523 1702 agenti
1545 1657 1641 1701 leges
1655 1657 1943 1704 increpabimus.
2000 1656 2152 1703 Oportet
2183 1660 2303 1693 autem
2331 1665 2413 1692 eum
2436 1654 2485 1691 ad

257 1714 342 1747 μους
365 1701 632 1747 ἐπιτιμήσομεν.
679 1704 744 1736 Δεῖ
765 1700 804 1736 δὲ
828 1700 940 1737 αὐτὸν
971 1703 1061 1749 πρὸς
1083 1701 1222 1748 μηδένα
1245 1716 1335 1738 ποιν-
1403 1702 1522 1738 nullos
1545 1703 1689 1747 penitus
1712 1702 1896 1745 inclinari,
1927 1712 1994 1738 nec
2024 1702 2057 1738 si
2087 1702 2131 1738 de
2162 1701 2373 1739 sublimibus
2399 1700 2484 1743 sint,

259 1747 369 1782 τελῶς
392 1745 758 1788 ὑποκατακλίνεσθαι,
781 1745 870 1792 μηδ’
894 1745 942 1782 ἂν
966 1749 1002 1782 εἴ
1019 1759 1073 1783 τις
1094 1749 1147 1792 εἴη
1166 1749 1244 1783 τῶν
1261 1751 1335 1784 έπι-
1350 1751 1392 1785 35
1404 1757 1472 1783 nec
1496 1748 1526 1783 si
1545 1748 1646 1783 valde
1670 1747 1718 1783 sit
1740 1748 1911 1793 locuples.
1959 1747 2112 1793 Propter
2133 1747 2204 1783 hoc
2227 1746 2358 1783 etenim
2377 1744 2484 1781 etiam

260 1792 385 1837 σήμων
413 1789 498 1836 μηδ’
527 1789 571 1827 ἂν
599 1793 631 1827 εἰ
653 1790 794 1839 σφόδρα
824 1791 1005 1838 πλουτοίη.
1054 1791 1115 1828 διὰ
1137 1795 1246 1828 τοῦτο
1268 1793 1336 1842 γὰρ
1405 1793 1640 1829 nobilioribus
1672 1793 1845 1828 tradimus
1877 1791 2083 1828 huiusmodi
2112 1792 2310 1838 cingulum,
2341 1792 2384 1826 nt
2411 1800 2484 1826 non

261 1836 305 1881 δὴ
327 1841 388 1872 καὶ
410 1841 635 1884 σεμνοτέροις
666 1836 914 1884 παραδίδομεν
943 1838 1006 1873 τὰς
1028 1836 1198 1874 τοιαύτας
1220 1836 1337 1886 ἀρχάς,
1405 1838 1514 1874 facile
1538 1839 1668 1874 cedant
1691 1838 1747 1874 his
1771 1837 1834 1884 qui
1857 1847 1922 1884 per
1944 1837 2086 1875 divitias
2108 1838 2232 1875 volunt
2253 1845 2396 1873 nocere.

260 1884 320 1916 ἵνα
342 1881 391 1927 μὴ
420 1881 553 1931 ῥᾳδίως
584 1881 757 1918 ἐνδιδοῖεν
787 1887 860 1918 τοῖς
891 1886 930 1917 ἐκ
960 1886 1022 1918 τοῦ
1057 1883 1225 1919 πλουτεῖν
1256 1888 1336 1929 βου-

261 1927 419 1972 λομένοις
443 1926 587 1964 ἀδικεῖν.

259 2090 302 2121 ut
324 2096 460 2120 omnem
482 2084 692 2120 seditionem
723 2084 767 2120 ab
792 2085 837 2120 iis
852 2085 1052 2132 propellat.
1106 2083 1306 2121 Praeterea
1328 2088 1371 2120 ut
1392 2084 1522 2120 milites
1551 2084 1695 2131 quidem
1724 2083 1909 2120 exercitiis
1938 2084 2156 2121 militaribus
2175 2083 2343 2120 meliores
2370 2093 2486 2129 usque

260 2135 296 2166 et
318 2130 518 2166 alacriores
540 2129 685 2173 reddat,
708 2130 876 2176 privatos
898 2134 1018 2166 autem
1049 2129 1099 2165 ad
1126 2129 1241 2176 teqem
1271 2130 1518 2166 accommodet
1547 2134 1658 2176 atque
1686 2130 1804 2165 iustos
1833 2132 1868 2164 et
1894 2128 1939 2164 ab
1971 2129 2069 2164 omni
2098 2129 2146 2164 im
2173 2128 2329 2165 robitate
2352 2127 2485 2164 liberos

246 2178 429 2223 praestet,
460 2186 532 2219 quo
565 2173 606 2210 Ιιι·
633 2175 672 2210 in
695 2176 846 2218 iustitia,
882 2175 938 2210 illi
959 2175 999 2210 in
1019 2174 1241 2221 fortitudine
1263 2175 1477 2222 proficiant.
1532 2174 1585 2211 Et
1604 2175 1637 2210 si
1667 2185 1742 2221 qua
1772 2173 1855 2210 belli
1885 2183 1998 2209 causa
2019 2185 2115 2220 expe
2141 2174 2206 2210 itio
2225 2174 2314 2220 fiat,
2341 2177 2385 2210 ut
2404 2183 2484 2209 eam

250 2226 423 2269 prompte
445 2223 576 2269 faciat,
608 2234 688 2259 cum
710 2227 903 2269 utrumque
927 2224 1090 2270 officium
1109 2228 1262 2270 praesto
1286 2223 1336 2258 sit
1357 2227 1394 2259 et
1417 2223 1572 2259 alterum
1595 2223 1740 2269 quidem
1784 2231 2004 2267 uaecumque
2035 2221 2158 2258 civiles
2180 2220 2362 2267 officiales
2382 2220 2486 2257 decet

257 2274 277 2307 1
334 2272 587 2312 subministret,
618 2271 792 2306 militares
815 2276 933 2306 autem
965 2271 1092 2317 copiae
1120 2271 1198 2306 sine
1220 2282 1324 2306 mora
1354 2271 1560 2307 invasiones
1583 2272 1733 2306 arceant
1781 2268 1936 2306 ostium..
2003 2267 2102 2305 Li'tes
2124 2279 2210 2305 vero
2234 2271 2381 2316 oportet
2401 2277 2482 2304 eum

257 2317 329 2351 sive
352 2315 402 2351 ad
417 2316 612 2362 pecuniam
641 2315 715 2351 sive
738 2315 788 2351 ad
810 2316 963 2351 crimina
993 2316 1068 2352 sive
1090 2315 1141 2351 ad
1187 2316 1422 2362 ualecumque
1445 2315 1546 2351 aliud
1567 2318 1736 2362 spectant
1757 2313 1885 2350 audire
1914 2316 1951 2349 et
1971 2318 2070 2350 recte
2099 2324 2144 2350 ac
2165 2313 2361 2350 secundum
2384 2312 2482 2362 leqes

258 2364 403 2396 nostras
434 2372 479 2396 ne
506 2372 549 2396 ue
581 2361 726 2407 affectu
760 2361 836 2396 ullo
872 2364 1087 2397 commotum
1118 2361 1156 2396 iu
1183 2361 1301 2397 icare:
1341 2373 1386 2397 ne
1419 2361 1483 2408 qui
1520 2360 1620 2396 illinc
1647 2359 1812 2407 profecti
1845 2362 1994 2395 nostrae
2020 2359 2213 2407 potentiae
2243 2357 2392 2412 neqotia
2418 2356 2481 2404 fa·

259 2410 409 2441 cessant.
506 2406 646 2441 olumus
675 2406 768 2441 enim
799 2405 962 2441 subditos
997 2410 1144 2441 nostros
1179 2406 1308 2442 relicta
1331 2406 1531 2453 provincia
1565 2405 1635 2442 huc
1670 2415 1863 2441 accurrere
1893 2415 1917 2439 a
1943 2404 2156 2450 provinciae
2189 2402 2368 2440 iudicibus
2397 2412 2483 2440 oon·

261 2456 421 2497 temptos.
480 2449 618 2493 Quodsi
648 2451 755 2486 etiam
779 2451 940 2497 posthac
978 2451 1023 2487 ab
1058 2451 1105 2486 iis
1139 2452 1202 2498 qui
1235 2451 1319 2487 inde
1355 2451 1551 2488 adveniant
1577 2450 1742 2486 molestia
1776 2449 1880 2485 nobis
1913 2449 2142 2492 exhibeatur,
2178 2447 2484 2496 interro-orabimus

261 2496 405 2530 omnino
438 2506 499 2530 eos
522 2495 584 2541 qui
615 2496 750 2531 iniuria
781 2496 906 2541 affecti
929 2500 1030 2539 sunt,
1061 2507 1146 2532 num
1170 2496 1261 2532 haec
1290 2497 1340 2532 ad
1370 2508 1451 2533 eum
1474 2496 1539 2543 qui
1561 2496 1816 2543 maqistratum
1846 2494 1944 2541 qerit
1972 2494 2189 2536 detulerint;
2225 2498 2262 2530 et
2281 2493 2315 2529 si
2338 2492 2482 2541 quidem

260 2541 522 2586 comperiamus
540 2551 602 2575 eos
623 2540 710 2575 haec
729 2552 803 2576 non
823 2541 1003 2583 detulisse,
1027 2551 1109 2576 cum
1129 2542 1226 2577 omni
1245 2541 1527 2589 reprehensione
1541 2541 1581 2576 in
1594 2540 1826 2588 provinciam
1846 2550 1910 2575 eos
1927 2539 2159 2582 remittemus,
2181 2538 2239 2574 sin
2260 2538 2316 2574 ini
2338 2536 2482 2586 quidem

261 2585 464 2626 detulerint,
488 2585 520 2619 is
542 2595 624 2620 vero
649 2586 711 2631 qui
736 2586 988 2632 maqistratum
1013 2587 1108 2632 qerit
1129 2590 1196 2622 aut
1218 2598 1347 2622 socors
1367 2587 1486 2633 suerit
1509 2591 1575 2622 aut
1594 2590 1750 2633 propter
1772 2584 1885 2620 aliam
1905 2595 2052 2620 causam
2074 2595 2150 2620 non
2174 2583 2362 2620 honestam
2385 2582 2484 2636 leges
2552 2574 2553 2578 ¹

261 2630 480 2675 despexerit,
504 2634 587 2664 tunc
607 2630 646 2664 in
665 2641 744 2665 eum
764 2641 901 2666 omnem
922 2635 1097 2666 vertemus
1116 2632 1194 2667 indi
1221 2633 1413 2668 nationem.
1461 2630 1765 2676 Quemadmodum
1785 2629 1879 2665 enim
1902 2629 1936 2665 ei
1958 2629 2116 2677 amplius
2137 2628 2326 2672 salarium,
2348 2631 2483 2665 umus·
2551 2634 2553 2639 ⁴

262 2686 331 2720 que
354 2674 520 2709 nimirum
540 2675 785 2720 maqistratus‚
810 2675 971 2710 dedimus
991 2680 1100 2722 atque
1123 2643 1220 2712 toti

262 2719 401 2755 versari
425 2720 720 2764 compererimus,
752 2730 867 2765 neque
897 2720 1182 2757 condonabimus
1211 2733 1405 2773 quicquam
1437 2733 1552 2769 neque
1581 2722 1691 2758 levem
1721 2724 1920 2756 statuemus
1948 2730 2117 2766 poenam,
2147 2718 2212 2755 sed
2239 2721 2413 2766 quantum
2442 2726 2482 2754 m

260 2764 355 2809 fasti
382 2764 453 2798 ium
477 2774 556 2798 eum
577 2764 786 2798 extollimus
815 2769 912 2800 recte
935 2769 971 2801 et
995 2765 1120 2801 ordine
1138 2767 1350 2811 facientem,
1384 2771 1523 2803 tantum
1548 2770 1678 2802 contra
1701 2769 1848 2801 nostras
1880 2764 1977 2810 leqes
2007 2763 2149 2812 aliquid
2177 2767 2342 2810 aqentem
2360 2771 2482 2810 repre-.-

263 2809 330 2844 lten
378 2819 464 2843 mus.
526 2806 677 2860 Oportet
699 2813 817 2843 autem
840 2820 919 2844 eum
942 2809 1033 2845 nulli
1057 2811 1203 2846 omnino
1232 2822 1311 2847 sese
1332 2812 1553 2864 submittere,
1568 2822 1699 2864 ‚neque
1728 2810 1763 2847 si
1785 2809 1868 2863 quis
1890 2810 2109 2846 auctoritate
2134 2807 2340 2856 praecellat
2368 2816 2484 2861 neque

261 2855 293 2889 si
318 2853 422 2889 valde
444 2852 541 2888 dives
563 2858 620 2888 sit.
675 2852 840 2899 Namque
855 2858 1014 2900 propter
1044 2855 1084 2890 id
1105 2856 1223 2902 ipsum
1272 2857 1476 2893 ravioribus
1506 2867 1594 2894 virts
1617 2855 1791 2893 eiusmodi
1816 2854 2054 2901 maqistratus
2084 2853 2272 2897 tradimus,
2303 2863 2349 2890 ne
2369 2851 2484 2898 facile

262 2898 476 2943 indulqeant
498 2898 544 2931 iis
567 2897 630 2942 qui
652 2896 786 2933 dim’tiis
809 2898 908 2933 abuti
931 2899 980 2934 ad
1002 2900 1171 2935 iniuriam
1196 2912 1239 2936 vo
1256 2906 1330 2938 unt.

312 3059 325 3090 1
353 3052 482 3089 στάσιν
497 3056 591 3095 Μῦς]
610 3054 738 3088 στάσιν
753 3068 792 3088 τε
807 3056 932 3089 MvLB
948 3059 1020 3093 (καὶ
1034 3054 1177 3090 ἀδικίαν
1177 3066 1262 3142 gost
1278 3055 1338 3091 αὖ·
1405 3061 1490 3104 vulq.
1509 3060 1522 3103 11
1539 3063 1558 3094 5
1579 3070 1700 3101 augere
1716 3060 1837 3093 Taure
1854 3059 1892 3093 V.
1918 3059 2000 3103 Ley.
2011 3056 2151 3100 augeri?
2169 3055 2182 3100 11
2197 3058 2218 3091 6
2237 3065 2298 3099 pro
2309 3056 2384 3098 hac]
2397 3055 2482 3089 banc

1218 2677 1394 2729 ominibus
1413 2689 1492 2713 eum
1515 2676 1774 2724 praefecimus,
1797 2675 1851 2710 ita
1873 2674 1907 2710 si
1929 2684 2009 2710 eum
2032 2675 2071 2710 in
2094 2674 2312 2721 magistratu
2334 2671 2483 2726 indique
2544 2701 2551 2709 2

263 3102 341 3135 τῶν
357 3103 439 3135 addi
456 3101 523 3134 vult
540 3101 738 3140 Zachariae)
755 3100 768 3144 11
786 3097 1068 3142 ἀπελαύνεσθαι,
1082 3115 1105 3135 s.
1117 3115 1144 3134 υ.
1159 3114 1175 3134 ε
1198 3100 1337 3136 ελαύνε·
1406 3107 1502 3149 vulyo
1515 3107 1632 3138 rectius
1649 3104 1661 3148 11
1679 3106 1699 3139 8
1713 3105 1825 3142 dicent
1844 3103 1899 3148 Vn
1918 3105 1939 3138 9
1950 3103 2058 3136 hostie
2078 3102 2136 3145 Vll
2155 3103 2191 3136 11
2211 3112 2285 3134 eum
2298 3100 2484 3134 etiamlitu
2552 3091 2558 3094 ¹

263 3146 357 3180 σθαι
381 3146 423 3180 M
438 3145 452 3188 11
468 3147 488 3180 2
510 3141 564 3178 ἀεὶ
588 3157 646 3178 om.
659 3146 688 3178 L
700 3144 719 3199 11
735 3147 755 3179 4
780 3148 941 3191 κουργιάς
958 3146 1005 3179 L¹
1023 3149 1174 3192 (πανουρ
1199 3150 1253 3180 ίας
1268 3149 1338 3180 Ηα-
1412 3149 1453 3190 T]
1466 3150 1541 3182 lites
1554 3150 1653 3182 etiam
1671 3148 1725 3193 ῘῙΙΙ
1743 3149 1786 3182 ad
1799 3149 1974 3192 addnmly.
1990 3149 2003 3192 11
2023 3149 2064 3181 13
2083 3148 2170 3180 recte
2183 3148 2216 3179 et
2228 3159 2285 3180 om.
2301 3144 2359 3190 V!
2378 3145 2482 3186 14111]
2547 3181 2550 3190 Ι

265 3192 413 3233 loander)
425 3188 438 3236 11
454 3194 473 3225 5
487 3185 674 3224 ἀποτελεῖν
687 3192 793 3231 ωστε]
809 3193 840 3222 et
854 3191 1007 3232 perficere
1021 3203 1040 3226 ς
1058 3190 1070 3231 11
1087 3193 1106 3225 6
1119 3188 1163 3224 ἄν
1182 3192 1315 3234 “ρίανΒ
1327 3193 1340 3233 11
1406 3196 1465 3226 aut
1495 3194 1549 3227 Va
1574 3193 1587 3238 11
1618 3194 1796 3236 diffugiens
1830 3194 1903 3236 VT]
1932 3194 2094 3235 effugiens
2116 3191 2248 3226 Neobur
2272 3216 2279 3224 .
2313 3189 2484 3243 defugiens
2545 3196 2548 3197 ’

265 3240 283 3270 7
308 3236 425 3270 ταῦτα
441 3236 489 3269 B⁶
505 3248 566 3269 sec.
584 3235 780 3279 Hombequ.
800 3235 812 3277 ΙΙ
829 3238 847 3265 8
872 3237 944 3267 τοῖς
963 3236 1030 3277 μὲν
1047 3232 1340 3281 ὑπηρετουμένοις
1407 3239 1492 3281 vulq.
1511 3236 1524 3281 11
1543 3240 1583 3272 16
1603 3238 1739 3272 collatos
1754 3240 1787 3273 T
1797 3238 1810 3283 11
1827 3238 1999 3281 prouintia
2018 3237 2074 3281 1711
2094 3238 2134 3271 17
2155 3235 2335 3277 iudicibus]
2355 3245 2376 3268 a
2393 3233 2482 3268 mdi-

264 3284 295 3315 L
314 3283 326 3325 11
346 3284 385 3315 10
410 3278 593 3315 πολιτικὰς
616 3281 667 3313 B⁶
689 3280 707 3336 11
730 3281 766 3314 11
795 3276 918 3312 αὐτῶν
943 3281 988 3312 L¹
1012 3279 1024 3323 11
1055 3283 1093 3314 15
1113 3278 1161 3323 μή
1181 3291 1280 3313 τινας
1302 3282 1342 3313 M
1408 3282 1501 3315 cibus
1523 3282 1576 3327 Vn
1598 3285 1638 3317 19
1656 3284 1862 3325 requiremus
1876 3284 1960 3335 vulg.
1979 3281 2051 3327 1120
2070 3280 2343 3315 denuntiaverint
2359 3275 2484 3358 vum·
2547 3315 2550 3318 ⁴

264 3330 320 3370 (cs.
331 3328 375 3368 ς)]
388 3323 478 3370 μηδὲ
490 3326 559 3359 BL
610 3327 649 3359 16
668 3336 709 3358 ου
721 3322 830 3371 γὰρΙ,
848 3323 860 3367 11
877 3326 918 3358 20
934 3323 1146 3367 πευσόμεθα
1156 3326 1220 3366 Le]
1236 3336 1338 3359 σπευ-
1410 3328 1447 3360 21
1475 3337 1542 3358 non
1568 3340 1626 3360 om.
1648 3328 1703 3372 Vn
1729 3330 1772 3362 22
1797 3331 2002 3362 correctione
2023 3327 2071 3368 V]
2096 3326 2303 3370 correptione
2328 3324 2385 3370 ΤΙ
2425 3324 2434 3332 “
2467 3339 2483 3348 ·

263 3370 409 3415 σόμεθα
426 3371 503 3405 ΜΒ
521 3366 571 3414 1Ιᾶ
597 3372 794 3413 ικουμένων
810 3370 898 3410 ΜΒ]
921 3366 1194 3414 ἀφικνουμένων
1208 3370 1258 3406 Le
1283 3372 1340 3413 (cs.
1408 3381 1522 3413 gemus
1543 3373 1632 3415 vuly.
1661 3371 1674 3416 11
1706 3375 1748 3407 23
1773 3375 1864 3415 vero]
1896 3383 1965 3406 non
1992 3372 2026 3407 V
2046 3371 2060 3416 11
2088 3373 2131 3406 26
2153 3371 2295 3412 omnem]
2321 3379 2382 3404 nec
2409 3365 2445 3403 V
2468 3364 2484 3412 Ι

264 3430 335 3450 nov.
350 3417 478 3458 XXX,
492 3418 510 3449 5
534 3420 549 3454 §
566 3422 592 3455 1)
613 3415 625 3459 11
646 3417 687 3449 27
713 3411 824 3447 αὐτὸν
843 3414 873 3446 L
887 3413 970 3492 ⁹329
992 3411 1115 3447 αὐτῶν
1137 3416 1180 3447 L*
1198 3413 1211 3458 11
1235 3426 1340 3460 πρου-
1409 3417 1640 3449 convertemus
1663 3418 1749 3462 vulq.
1768 3417 1781 3462 11
1799 3419 1829 3451 ei
1853 3431 1913 3452 om.
1935 3417 1990 3462 1711
2009 3418 2052 3452 29
2076 3417 2253 3459 indignum
2278 3415 2337 3458 Tu
2352 3415 2395 3449 30
2417 3413 2483 3446 oi·-

263 3460 478 3506 βιιλλόμεθα
503 3459 551 3494 Μ
578 3456 862 3505 προβαλλόμεθα
993 3455 1107 3492 οὕτως
1138 3461 1197 3491 καὶ
1229 3459 1260 3491 εἰ
1293 3460 1341 3493 13⁶
1410 3463 1540 3498 tuemus
1563 3462 1647 3504 vuly.
1675 3461 1688 3505 11
1718 3465 1757 3496 31
1792 3473 1879 3506 pena
1908 3464 1938 3495 V
1964 3462 1978 3507 Ι
2003 3463 2166 3504 quantum
2190 3460 2232 3494 ad
2254 3458 2483 3493 celsitudinem

264 3520 325 3541 sec.
351 3507 550 3551 Homberyk.
579 3506 592 3550 11
620 3508 662 3540 30
685 3503 858 3549 μάθημν
881 3504 927 3537 L*
963 3502 969 3546 Ι
1001 3505 1044 3537 32
1070 3501 1238 3548 αἱροῦμεν
1262 3504 1297 3537 Β
1331 3503 1343 3548 ΙΙ
1410 3515 1485 3537 eum
1510 3505 1676 3538 elenamus
1702 3507 1735 3540 T
1766 3508 1928 3548 quantum
1959 3517 2034 3539 eum
2064 3505 2294 3540 celsitudinem
2319 3504 2484 3538 eleuamuu

266 3554 307 3586 35
321 3566 369 3595 sq.
396 3553 456 3596 leq.
481 3547 568 3595 μήτ’
595 3546 642 3584 ἂν
662 3570 706 3575 -
724 3545 812 3595 μήτ’
836 3544 907 3583 ἃνῖ
1419 3548 1479 3593 Vn
1506 3550 1548 3583 33
1572 3551 1818 3592 increpauimus
1842 3552 1920 3585 libri
1942 3550 1955 3595 11
1979 3562 2053 3584 eum
2077 3564 2135 3585 om.
2167 3550 2230 3584 VT
2287 3551 2330 3584 34
2352 3547 2482 3582 nullum

1414 3594 1539 3638 Tvuly.
1556 3594 1569 3638 11
1585 3595 1761 3627 sublimius
1784 3595 1818 3628 V
1834 3594 1985 3628 sublimis
2002 3597 2034 3629 T
2042 3595 2056 3640 11
2080 3596 2149 3628 sint
2169 3595 2249 3629 Vol.
2295 3593 2361 3627 fuit
2382 3592 2415 3627 T
2441 3590 2484 3624 sit

1411 3639 1494 3682 vulq.
1523 3638 1536 3683 11
1566 3641 1607 3673 35
1632 3639 1785 3682 locuplex
1809 3639 1887 3674 libri·
1910 3638 1925 3684 Ι
1954 3642 1998 3674 36
2021 3643 2061 3673 nt
2084 3653 2143 3674 om.
2163 3640 2218 3674 1⁷⁰

322 3688 343 3720 2
372 3687 408 3718 in
432 3686 572 3726 bellicis]
597 3686 762 3719 inbecillis
787 3686 864 3719 libri
891 3684 904 3729 11
932 3689 950 3718 3
982 3695 1148 3727 promotes
1182 3685 1211 3716 V
1236 3683 1249 3727 11
1276 3683 1342 3725 legi
