2476 3854
89 89 127 131 Ν
132 102 198 133 ov.
222 89 334 132 CLX
363 102 426 144 pr.
450 93 469 130 1
1152 84 1238 131 744
1866 102 2119 134 Exmffnum
2146 101 2318 134 SAORAE:

1180 221 1235 253 ΡΞ

530 286 705 340 ΙΣΟΝ
753 286 980 339 ΘΕΙΟῩ
1031 286 1570 341 ΠΡΑΓΜΑΤΙΚΟῩ
1617 287 1882 343 TYIIOY.

744 362 994 411 Αὗτοκράτωρ
1015 361 1267 401 Ἰουστινιανὸς
1288 365 1498 412 Αἴγουστος
1521 370 1666 411 Παπίῳ.

221 433 536 481 (Προοίμιον.)
578 431 850 480 Ἀριστοκράτης
880 431 900 467 ὁ
933 432 1217 479 ἐλλογιμώτατος
1248 434 1369 481 πατὴρ
1399 436 1463 478 τῆς
1490 432 1748 481 Ἀφροδισιέων
1778 434 1916 471 πόλεως
1946 439 2007 470 καὶ
2037 436 2073 471 οἱ
2096 435 2173 471 κατ’
2207 434 2321 480 αὐτὴν

86 482 292 522 κεκτημένοι
316 478 429 512 ἱκέται
450 477 645 525 γεγόνασιν
668 476 783 522 ἡμῶν,
810 478 1006 524 φάσκοντες
1029 478 1098 522 τὴν
1120 480 1311 524 εἰρημένην
1333 479 1443 514 πόλιν
2366 483 2387 516 5

221 527 279 557 καὶ
303 524 394 566 μετά
418 537 503 557 τινα

221 568 378 614 Πρῶτον
407 570 474 611 μὲν
506 570 619 603 έκεῖνο
649 571 843 614 νομίζομεν
873 568 917 603 τὸ
949 569 1032 603 τοὺς
1062 566 1253 614 ἡμετέρους
1283 566 1413 611 νόμους
1442 567 1541 605 οὕτω
1571 569 1672 605 τινὰς
1703 569 1942 616 ἐκλαμβάνειν
1973 584 2013 605 τε
2043 574 2104 605 καὶ
2134 573 2242 614 νοεῖν,
2271 569 2322 606 οὖς

87 613 262 647 ἐντεῦθεν
292 614 430 647 ἑαυτοῖς
459 613 551 647 καθ’
578 611 624 647 δν
655 611 786 656 ἥκιστα
818 615 926 658 ἐχρῆν
957 610 1192 658 ἀδικημάτων
1222 617 1391 659 παρέχειν
1423 611 1595 661 ἀφορμάς.
1643 613 1890 661 ἐδιδάχθημεν
1922 616 1994 662 γὰρ
2028 615 2128 662 παρὰ
2159 617 2223 650 τοῦ
2257 617 2322 659 τῆς

87 657 223 693 πόλεως
255 658 393 704 πατρὸς
424 663 569 704 χρυσίον
601 659 732 701 συχνὸν
763 656 969 704 ἠθροῖσθαι
999 660 1044 705 τῇ
1074 656 1179 694 πόλει
1211 662 1249 692 ἐκ
1273 662 1479 703 πρεσβείων
1501 659 1836 705 καταλελειμμένων
1858 660 1958 707 παρά
1989 674 2105 696 τινων
2127 663 2171 705 τῆ
2194 658 2321 706 Ἀφρο-

87 701 233 738 δισιέων
256 702 376 747 πόλει,
407 707 466 737 καὶ
497 700 595 738 ὅπως
623 702 672 737 ἂν
691 704 740 748 μὴ
771 707 880 738 τοῦτο
911 703 1134 747 ἐξαπόλοιτο,
1166 704 1269 738 τινας
1295 705 1373 738 τῶν
1397 707 1437 739 ἐν
1468 703 1616 749 δυνάμει
1638 706 1701 749 τῆς
1723 703 1862 741 πόλεως
1883 707 2084 751 νείμασθαι
2106 697 2159 740 τόι
2174 709 2321 751 χρυσίον
2346 708 2388 741 10

86 749 204 790 τοῦτο,
230 746 283 794 ἐφ’
310 749 340 791 ᾧ
365 761 405 784 τε
428 747 520 794 ὑπὲρ
544 747 655 782 αὐτοῦ
678 750 723 796 τῇ
748 748 850 783 πόλει
874 748 1057 783 συντελεῖν
1080 751 1180 784 ἔτους
1203 747 1356 783 ἑκάστου
1379 745 1471 795 ὅπερ
1495 750 1566 784 εἴτε
1589 762 1643 785 τις
1665 751 1782 795 νομὴν
1804 752 1875 786 εἴτε
1898 752 2015 796 πόρον
2035 751 2106 785 εἴτε
2127 754 2188 785 καὶ
2210 750 2322 786 τόκον

87 792 209 828 καλεῖν
224 793 434 837 βουληθείη,
460 796 569 828 τοῦτο
594 790 614 827 ὃ
636 791 813 839 προςῆκόν
838 795 915 828 ἐστι
935 794 1114 840 φέρεσθαι
1137 795 1181 841 τῇ
1206 793 1318 835 πόλει,
1343 796 1410 829 ἕως
1432 793 1481 829 ἂν
1493 794 1536 829 τὸ
1559 799 1705 840 χρυσίον
1728 796 1828 841 παρὰ
1852 797 1905 839 τῷ
1930 795 2083 840 λαβόντι
2105 799 2216 842 με’νῃ·
2238 795 2323 830 τούς

85 841 209 882 μέντοι
232 840 274 872 τὸ
295 842 441 884 χρυσίον
465 838 663 884 εἰληφότας,
697 837 821 882 ἐπειδὴ
848 838 1015 880 διάταξιν
1039 838 1227 884 ἐθήκαμεν
1249 837 1341 884 ὑπὲρ
1370 839 1412 874 τὸ
1442 837 1638 875 διπλάσιον
1659 840 1709 886 μὴ
1731 841 1999 887 συγχωρεῖσθαι
2023 843 2096 875 τοῖς
2119 839 2323 876 δανεισταῖς

86 881 257 918 ἀπαιτεῖν
280 886 323 918 τό
346 887 456 929 χρέος,
488 882 563 918 ἀλλ’
590 883 783 929 ἀρκεῖσθαι
806 883 927 927 τούτῳ
951 887 1011 918 καὶ
1034 882 1149 929 μόνῳ,
1181 883 1331 929 φάσκειν
1355 882 1404 919 ὥς
1433 884 1557 929 ἐπειδὴ
1591 885 1905 930 καταβεβλήκασιν
1930 885 2021 932 ὑπὲρ
2053 885 2095 920 τὸ
2119 884 2322 927 διπλάσιον,

87 926 143 962 δεῖ
170 929 212 963 τὸ
246 932 440 975 πρεσβεῖον
471 926 677 964 ἀπολέσθαι
709 930 754 976 τῇ
786 928 902 965 πόλει.
949 933 1010 963 καὶ
1040 927 1249 963 ἀδικεῖσθαι
1282 931 1350 974 μὲν
1375 929 1440 965 τὰς
1473 929 1691 976 έκπυριύσεις
1724 932 1803 965 τῶν
1822 929 2005 975 δημοσίων
2027 930 2235 975 βαλανείων
2259 929 2323 965 τὰς
2348 931 2389 965 15

87 974 263 1008 ἐντεῦθεν
293 977 494 1021 γινομένας,
526 973 773 1009 ἐλαττοῦσθαι
805 972 846 1008 δὲ
873 973 921 1008 τοὶ
945 975 1033 1022 ἔργα
1056 973 1100 1009 τοὶ
1125 972 1290 1019 δημόσια,
1319 978 1380 1009 καὶ
1410 975 1478 1010 τὸν
1505 972 1679 1022 ἡμέτερον
1701 975 1816 1021 νόμον
1838 974 1932 1011 κατὰ
1955 975 2023 1019 τὴν
2048 977 2198 1010 ἐκείνων
2218 975 2324 1022 ὅρμη-

86 1022 188 1054 νείαν
211 1021 255 1066 τῇ
281 1018 386 1054 πόλει
410 1018 663 1064 λυμαίνεσθαι.
1105 1064 1228 1101 CAPU

230 1133 349 1166 Ταῑτα
372 1128 520 1167 ἅπαντα
543 1129 669 1179 πόρρω
693 1134 756 1175 τῆς
778 1130 948 1179 ἡμετέρας
972 1132 1182 1168 ἐλαύνοντες
1205 1131 1386 1169 πολιτείας
1409 1132 1646 1178 θεσπίζομεν,
1668 1131 1753 1168 τοὺς
1774 1133 1817 1168 τὸ
1839 1136 1985 1178 χρυσίον
2007 1129 2198 1178 εἰληφότας
2221 1127 2275 1177 ἐφ’
2291 1121 2326 1175 ᾧ

87 1190 126 1211 τε
150 1173 227 1212 ἀντ’
250 1176 365 1211 αὐτοῦ
389 1175 532 1211 διδόναι
556 1190 593 1211 τι
616 1176 714 1211 τέλος
734 1179 778 1224 τῇ
803 1176 917 1219 πόλει,
949 1176 1094 1213 τούτους
1124 1176 1405 1225 ἀναγκασθῆναι
1435 1181 1501 1221 μέχ
1526 1191 1606 1224 ιπερ
1638 1176 1685 1213 ἂν
1707 1181 1824 1222 ἔχοιεν
1848 1178 1890 1213 τὸ
1919 1181 2066 1225 χρυσίον
2087 1179 2260 1223 εἱςφέρειν
2281 1176 2324 1212 τὸ

88 1220 179 1269 ὑπὲρ
211 1219 321 1256 αὐτοῦ
350 1220 701 1267 άντιπεφωνημένον
725 1224 824 1257 ἔτους
855 1223 1016 1266 ἑκάστου,
1047 1224 1097 1267 μὴ
1129 1226 1360 1269 κεχρημένους
1388 1234 1504 1258 παντε
1528 1224 1575 1258 ὧς
1599 1223 1689 1268 πρὸς
1712 1224 1819 1258 τοῦτο
1842 1224 1887 1270 τῇ
1911 1222 1999 1266 θείᾳ
2022 1221 2128 1267 ἡμῶν
2151 1219 2325 1263 διατάξει.
2347 1224 2391 1257 20

88 1270 227 1311 ἐκείνην
250 1269 317 1311 μὲν
338 1266 410 1313 γὰρ
434 1269 494 1302 ἐπὶ
519 1265 721 1302 δανειστῶν
747 1265 955 1314 ἐγράψαμεν
978 1271 1039 1302 καὶ
1062 1269 1140 1303 τῶν
1174 1269 1280 1312 ἠτῶς
1303 1264 1395 1315 αὐτῇ
1426 1272 1691 1313 περιεχομένων
1714 1268 1906 1310 θεμάτων,
1937 1267 1980 1303 τὸ
2003 1264 2044 1302 δι’
2073 1267 2196 1314 παρὸν
2217 1264 2324 1301 οὐδὲν

89 1315 222 1356 ἐκείνης
253 1309 425 1355 ἅπτεται,
458 1313 494 1346 εἴ
515 1326 557 1359 γε
587 1311 775 1359 προςόδων
805 1312 943 1358 μᾶλλον
975 1316 1130 1358 ἐτησίων
1157 1328 1179 1357 η
1210 1311 1332 1348 τόκων
1354 1316 1447 1348 ἔοικε
1473 1313 1669 1359 καταβολῆ,
1701 1312 1795 1358 ἡμᾶς
1823 1327 1864 1348 τε
1894 1314 1935 1347 ἐν
1957 1313 2026 1356 ἰ’σω
2047 1316 2120 1348 τοῖς
2143 1311 2325 1356 δημοσίοις

87 1357 268 1401 κήδεσθαι
292 1357 402 1404 (χρὴ)
423 1361 484 1391 καὶ
508 1359 586 1392 τῶν
610 1357 764 1393 πόλεων.
812 1359 859 1392 Εἰ
882 1357 924 1393 δέ
951 1371 1004 1393 τις
1030 1362 1090 1393 καὶ
1112 1358 1204 1402 μετὰ
1228 1357 1336 1393 τόνδε
1358 1357 1462 1403 ἡμῶν
1485 1357 1550 1393 τὸν
1574 1351 1741 1405 παρόντα
1763 1358 1881 1393 τύπον
1904 1359 2033 1404 ἑτέρως
2061 1357 2258 1402 καταλάβοι
2280 1355 2326 1391 τὰ

89 1401 172 1448 παρ’
195 1401 299 1446 ἡμῶν
330 1403 636 1447 νομοθετηθέντα
668 1406 727 1436 καὶ
758 1399 1003 1448 ἀποστερῆσαι
1034 1403 1234 1449 βουληθείη
1266 1403 1334 1447 τὴν
1363 1401 1472 1438 πόλιν
1493 1405 1565 1438 ι’τοῦ
1596 1403 1786 1450 δεδομένου
1816 1407 1970 1452 χρυσίου,
2005 1405 2065 1436 καὶ
2096 1403 2160 1437 τοῦ
2193 1401 2325 1449 χρόνον

91 1449 228 1483 παντὸς
250 1446 389 1483 ὁπόσον
411 1449 456 1496 τῇ
477 1447 582 1483 πόλει
603 1447 785 1494 ἐποφείλει
803 1447 1006 1492 καταθήσει
1030 1452 1090 1483 καὶ
1112 1444 1298 1484 οἷποδώσει
1317 1448 1360 1483 τὸ
1384 1447 1585 1489 διπλάσιον,
1610 1451 1670 1485 ἵνα
1685 1451 1747 1494 τῆς
1763 1447 1962 1496 κακούργου
1976 1448 2163 1492 ἑρμηνείας
2178 1445 2324 1482 δικαίαν
2348 1449 2389 1482 25

90 1491 249 1572 άέοιβὴν
273 1491 464 1573 ῗπιέλάβοι,
490 1492 584 1528 διότι
607 1494 726 1540 παρὸν
751 1491 851 1539 αὐτῷ
877 1493 1008 1542 πολίτῃ
1033 1495 1235 1540 φαίνεσθαι
1257 1496 1401 1540 χρηστῷ
1426 1491 1539 1529 οὕτως
1563 1496 1641 1531 ἐστὶ
1656 1494 1811 1541 πονηρὸς
1827 1491 1875 1528 ὥς
1893 1493 1960 1537 τὴν
1976 1494 2195 1537 ἑνεγκοῦσαν
2209 1489 2325 1527 αὐτὸν

88 1553 109 1572 α
135 1552 235 1573 ικειν.
317 1549 339 1573 a
356 1565 787 1576 .............

225 1630 310 1664 Νου.
335 1631 434 1664 CLX
457 1631 583 1665 Graece
605 1638 725 1665 tantum
747 1639 835 1665 extat
858 1632 891 1665 in
915 1631 1001 1672 ML,
1025 1644 1053 1665 c.
1073 1634 1088 1667 ί
1124 1631 1367 1674 (Θεσπίζομεν
1389 1627 1471 1664 τοὺς
1493 1633 1639 1674 χρυσίον
1663 1628 1804 1666 πόλεως
1826 1628 2016 1677 εἰληφότας
2039 1653 2181 1664 .......
2182 1629 2196 1671 )
2221 1628 2257 1662 Β
2271 1628 2327 1670 23,

90 1682 120 1717 3,
139 1683 185 1710 79.
210 1694 254 1699 —
278 1676 370 1719 Epic.
398 1676 518 1710 Theod.
544 1678 610 1710 160
628 1677 718 1718 (inde
741 1676 841 1719 B2);
872 1684 1092 1720 arqumentum
1125 1684 1238 1711 notant
1255 1676 1434 1720 Appendix
1455 1676 1584 1711 Iuliani
1612 1678 1646 1710 in
1666 1677 1815 1711 clausula
1834 1677 1981 1711 novellae
2000 1673 2249 1710 CXXXVIII
2264 1674 2326 1707 ad-

89 1733 174 1754 nexa
197 1727 227 1754 et
250 1721 369 1754 Theod.
394 1733 425 1754 n.
454 1721 516 1756 138
539 1722 596 1765 (cf.
619 1722 667 1755 ad
683 1734 721 1766 p.
738 1724 816 1764 700,
831 1721 874 1763 9).

277 1926 283 1932 ²
337 1909 731 1961 EXE'MPLUM
777 1910 860 1962 SA
867 1909 1052 1962 CRAE
1092 1843 1601 1962 PJZZ'JMATJCAE
1644 1908 2077 1962 SANCTJONJS.

795 1989 1003 2037 Imperator
1026 1977 1253 2026 Iustinianus
1274 1990 1461 2036 Auqustus
1483 1988 1615 2036 Papio.

227 2056 487 2103 Praefatio.
535 2057 780 2093 Aristocrates
802 2057 1088 2102 facundissimus
1109 2060 1218 2104 pater
1232 2056 1530 2104 Aphrodisiensis
1552 2056 1710 2093 civitatis
1732 2059 1768 2092 et
1791 2056 1854 2103 qui
1877 2056 1917 2092 in
1939 2067 1984 2092 ea
1997 2058 2084 2092 sunt
2094 2065 2327 2103 possessores

91 2103 276 2151 supplices
299 2104 401 2139 nobis
422 2103 520 2148 facti
542 2107 638 2145 sunt,
662 2102 820 2139 dicentes
839 2103 1068 2149 praedictam
1092 2103 1292 2138 civitatem.
1306 2127 1316 2137 .
1330 2129 1337 2136 .
1351 2128 1359 2136 .

230 2148 365 2185 Deinde
386 2148 515 2194 paucis
537 2148 780 2193 interpositis.-

227 2195 281 2230 Ac
305 2193 463 2240 primum
491 2193 632 2239 quidem
662 2193 756 2228 illud
783 2193 1044 2235 existimamus,
1076 2203 1154 2228 esse
1184 2193 1247 2239 qui
1279 2192 1376 2239 leqes
1405 2194 1551 2227 nostras
1581 2191 1635 2227 ita
1665 2189 1849 2237 accipiant
1874 2194 1909 2226 et
1930 2189 2155 2237 intelleqant,
2178 2193 2220 2227 ut
2243 2190 2326 2227 inde

92 2240 164 2275 sibi·
189 2238 489 2285 quemadmodum
520 2238 663 2274 minime
695 2238 842 2275 decebat
865 2239 1083 2274 iniuriarum
1107 2239 1315 2274 occasiones
1337 2240 1520 2284 promant.
1556 2235 1702 2272 'Edocti
1722 2236 1815 2271 enim
1838 2245 1961 2271 sumus
1984 2247 2007 2270 a
2025 2239 2136 2282 patre
2159 2235 2325 2277 civitatis,

92 2296 261 2332 maqnam
285 2286 368 2319 auri
390 2294 563 2319 summam
587 2283 773 2319 collectam
798 2294 874 2319 esse
894 2283 1034 2319 civitati
1053 2294 1103 2319 ex
1127 2283 1258 2329 leqatis
1281 2294 1304 2318 a
1327 2281 1512 2318 nonnullis
1535 2281 1674 2318 civitati
1693 2279 2030 2327 Aphrodisiensium
2052 2280 2200 2324 relictis,
2223 2287 2260 2317 et
2282 2291 2327 2316 ne

93 2331 131 2365 id
159 2330 308 2376 periret,
342 2328 486 2374 aliquos
509 2339 633 2364 eorum
658 2329 720 2375 qui
743 2329 893 2364 multum
916 2329 956 2363 in
979 2329 1124 2364 civitate
1147 2328 1307 2364 valerent
1330 2338 1458 2363 aurum
1483 2326 1574 2362 illud
1596 2337 1794 2373 occupasse
1815 2336 1860 2361 ea
1882 2325 2101 2367 condicione,
2125 2329 2166 2360 ut
2183 2336 2259 2374 pro
2281 2336 2325 2362 eo

93 2376 231 2411 civitati
253 2375 407 2420 sinqulis
430 2375 537 2410 annis
559 2374 748 2416 solverent,
772 2373 873 2420 quod
892 2373 968 2409 sive
991 2374 1073 2420 quis
1095 2373 1365 2409 intributionem
1386 2373 1460 2408 sive
1482 2371 1637 2407 reditum
1660 2373 1733 2407 sive
1756 2371 1862 2407 etiam
1878 2381 2011 2406 usuras
2026 2370 2216 2417 appellare
2230 2370 2327 2413 velit,

93 2421 131 2455 id
162 2420 305 2466 quidem
338 2419 438 2465 quod
468 2419 646 2455 civitatem
678 2420 829 2465 auferre
853 2429 927 2465 par
958 2423 1023 2461 est,
1055 2418 1229 2464 quamdiu
1259 2429 1389 2453 aurum
1420 2416 1522 2463 apud
1551 2427 1630 2452 eum
1688 2417 1725 2451 ui
1755 2415 1895 2462 accepit
1923 2422 2090 2457 maneat;
2121 2419 2239 2451 tamen
2263 2415 2329 2462 qm·

93 2476 222 2501 aurum
245 2467 473 2511 aeceperunt,
506 2464 676 2509 quoniam
708 2464 999 2500 constitutionem
1021 2463 1187 2509 fecimus,
1219 2474 1264 2498 ne
1286 2463 1384 2499 ultra
1408 2462 1557 2508 duplum
1581 2472 1641 2497 cre
1667 2461 1820 2497 itoribus
1837 2460 2071 2507 permittatur
2094 2460 2244 2506 exiqere
2266 2460 2326 2496 de-

94 2511 216 2552 bitum,
248 2510 312 2545 sed
342 2514 380 2545 ut
410 2520 451 2544 eo
481 2509 561 2544 solo
593 2510 754 2545 contenti
782 2509 865 2551 sint,
898 2509 1029 2551 dicere,
1060 2510 1147 2554 quia
1177 2508 1277 2544 ultra
1303 2507 1453 2555 duplum
1475 2507 1660 2549 solverint,
1691 2506 1819 2542 debere
1842 2506 2000 2552 leqatum
2024 2505 2160 2540 civitati
2177 2506 2328 2552 perire;

94 2557 236 2601 iamque
267 2558 301 2590 et
330 2555 590 2600 calefactiones
605 2555 839 2601 publicarum
864 2554 1071 2590 balnearum
1097 2564 1189 2599 quae
1212 2553 1295 2589 inde
1313 2553 1397 2599 fieri
1419 2552 1562 2588 soleant
1583 2551 1715 2587 damno
1739 2551 1846 2597 affici
1868 2554 1902 2586 et
1925 2561 1947 2585 o
1975 2561 2038 2586 era
2059 2550 2208 2597 publica
2231 2550 2326 2588 labe-

92 2602 244 2645 factari,
268 2604 378 2645 atque
403 2600 515 2645 leqem
539 2605 702 2635 nostram
725 2599 919 2635 secundum
943 2599 1088 2634 illorum
1111 2599 1206 2634 inter
1231 2600 1444 2634 relationem
1469 2597 1606 2633 civitati
1628 2596 1876 2632 detrimentum
1900 2606 1923 2630 a
1955 2606 2044 2632 erre.

228 2645 257 2680 Ι.
306 2645 408 2680 Haec
436 2645 557 2680 omnia
585 2644 721 2691 procul
749 2655 772 2679 a
804 2655 845 2679 re
903 2643 1021 2679 ublica
1044 2649 1170 2680 nostra
1218 2643 1382 2690 epulsuri
1405 2642 1598 2684 sancimus,
1622 2645 1665 2677 ut
1687 2641 1751 2721 qui
1773 2651 1902 2676 aurum
1926 2651 1969 2676 ea
1993 2639 2205 2676 condicione
2223 2649 2323 2676 acce-

93 2694 236 2738 perunt,
269 2694 309 2725 ut
333 2700 408 2736 pro
440 2700 482 2724 eo
508 2690 717 2734 pensionem
749 2700 847 2734 quan
874 2700 931 2724 am
955 2690 1093 2725 civitati
1114 2689 1270 2731 solvant,
1293 2689 1323 2723 ii
1344 2687 1516 2735 quamdiu
1540 2697 1669 2722 aurum
1704 2685 1859 2727 labeant,
1883 2686 1919 2720 in
1942 2695 2023 2721 erre
2046 2689 2228 2731 coquntur
2249 2686 2324 2721 sin-

94 2735 191 2781 qulis
221 2735 327 2770 annis
357 2734 457 2780 quod
485 2745 555 2781 pro
588 2746 630 2770 eo
661 2735 922 2776 constituerint,
953 2745 1039 2770 neve
1071 2734 1215 2769 omnino
1246 2744 1355 2769 sacra
1383 2732 1638 2768 constitutione
1671 2736 1800 2767 nostra
1831 2730 1881 2766 ad
1936 2740 1979 2766 oc
2008 2734 2169 2766 utantur.
2217 2729 2326 2767 Illam

94 2781 187 2816 enim
219 2779 263 2814 de
294 2779 531 2815 creditoribus
561 2780 840 2826 conscripsimus
870 2779 985 2825 deque
1014 2779 1156 2815 casibus
1179 2780 1244 2825 qui
1265 2778 1475 2814 nominatim
1499 2778 1536 2813 in
1559 2787 1603 2812 ea
1626 2777 1864 2818 continentur,
1886 2785 2060 2822 praesens
2084 2785 2166 2811 vero
2189 2776 2328 2823 species

94 2825 193 2860 illam
224 2835 298 2859 non
332 2825 460 2869 tanqit,
490 2824 666 2869 siquidem
698 2825 815 2870 maqis
838 2824 1016 2860 redituum
1041 2834 1243 2859 annuorum
1267 2834 1375 2869 quam
1398 2833 1594 2858 usurarum
1613 2821 1858 2868 praestationi
1880 2820 2008 2856 similis
2030 2823 2095 2863 est,
2118 2830 2255 2867 nosque
2276 2830 2328 2857 ex

95 2880 212 2916 aequo
250 2872 322 2903 tam
354 2868 541 2913 fiscalibus
575 2869 682 2904 rebus
716 2880 824 2914 quam
860 2869 1064 2905 civitatibus
1086 2869 1305 2916 prospicere
1339 2868 1448 2905 decet.
1495 2866 1538 2903 δι’
1572 2868 1654 2913 quis
1690 2870 1810 2902 autem
1847 2867 1954 2902 etiam
1987 2869 2075 2912 post
2099 2869 2327 2911 praesentem

94 2915 315 2950 sanctionem
339 2917 501 2948 nostram
525 2913 631 2949 aliter
654 2915 835 2960 acceperit
857 2925 900 2950 ea
925 2925 1019 2960 quae
1041 2925 1064 2949 a
1085 2915 1188 2950 nobis
1210 2914 1353 2949 sancita
1375 2916 1472 2955 sunt,
1504 2915 1538 2948 et
1562 2912 1739 2948 civitatem
1764 2911 1851 2947 dato
1875 2921 1967 2946 auro
1986 2910 2138 2956 privare
2161 2909 2325 2952 voluerit,

94 2965 130 2996 et
151 2970 227 3006 pro
257 2959 422 2994 universo
454 2963 612 3004 tempore
643 2963 814 3004 quantum
847 2959 985 2994 civitati
1016 2958 1119 2994 debet
1142 2959 1329 3012 persolvet
1358 2962 1393 2994 et
1420 2957 1569 3005 duplum
1588 2956 1724 2998 reddet,
1748 2960 1790 2991 ut
1811 2955 1993 3001 maliqnae
2014 2955 2069 2990 int
2134 2954 2327 2991 relationis

95 3007 227 3041 iustam
257 3003 582 3039 remunerationem
614 3003 792 3049 accipiat:
825 3004 995 3048 quoniam
1026 3014 1106 3039 cum
1130 3004 1255 3039 liceret
1276 3003 1309 3039 ei
1331 3003 1463 3039 bonum
1486 3004 1596 3038 civem
1618 3012 1657 3038 se
1677 3003 1870 3048 praestare
1893 3004 1966 3036 tam
1988 2999 2106 3046 impro
2131 3009 2175 3035 us
2196 3002 2262 3043 est,
2285 3001 2328 3035 ut

96 3061 189 3096 qnae
212 3050 329 3096 ipsum
355 3048 476 3083 tulerit
491 3047 654 3093 patriam
677 3048 812 3083 iniuria
836 3049 990 3093 afliciat.

142 3155 164 3207 2!
187 3155 274 3186 rubr.
293 3153 382 3209 Περὶ
406 3148 605 3184 πολιτικῶν
627 3146 824 3206 χρημάτων
842 3153 900 3182 καὶ
915 3148 1038 3204 τόκων
1057 3152 1176 3184 ΤΙιεοᾶ.
1247 3172 1290 3205 22
1323 3168 1519 3215 προσόδων
1546 3167 1680 3213 μᾶλλον
1707 3169 1862 3210 ἐτησίων
1885 3167 1944 3209 M]
1970 3163 2139 3211 προσόδῳ
2164 3170 2304 3211 (nevam

95 3199 248 3276 anme']
273 3209 338 3276 ’aab‘
356 3197 548 3274 (⁰m'Tqall'l)
573 3206 655 3272 πῖἕι
679 3207 800 3248 “pum’'
820 3196 900 3272 ‘²1‘de
917 3197 1013 3272 ἠΰτ
1037 3196 1088 3249 L„
1108 3196 1178 3264 Ha:
1246 3217 1327 3268 L‘2)x
1341 3213 1479 3259 μᾶλλον
1511 3215 1637 3267 ἐτησία
1657 3214 1727 3247 LB
1751 3215 1838 3256 vulq.
1855 3212 1868 3256 ss
1885 3211 2083 3256 καταβολῆι
2107 3212 2190 3253 LB]
2217 3223 2327 3267 κατα-

98 3256 232 3321 δῖῖῖωἴ
249 3239 1178 3328 ”Lawamiis''Lam“‘22ss302m12222511''5“2932
1244 3259 1357 3304 βολην
1382 3261 1424 3294 M
1449 3260 1462 3303 11
1492 3260 1628 3311 23,κεή
1660 3259 1737 3291 ‘'1⁶¹“-
1764 3258 2056 3312 ''⁰²⁰011d2r‚({³)
2086 3258 2099 3299 ¹¹
2124 3255 2327 3309 ”0‘102201‘302

353 3300 392 3341 φ)
544 3329 552 3340 ‚
599 3332 615 3339 -
809 3326 817 3339 ‚
852 3321 870 3339 τ
905 3309 911 3324 ’
1052 3331 1059 3338 .
1091 3298 1140 3328 'W
1246 3306 1386 3346 MaLB]
1411 3302 1611 3347 καταβαλοι
1625 3302 1681 3337 M⁶
1697 3303 1708 3347 ΙΙ
1729 3304 1771 3337 26
1793 3314 1914 3348 παρόν
1931 3315 2031 3344 αυτῳ
2046 3302 2125 3343 LB]
2150 3312 2326 3346 παραυτω

98 3335 216 3366 mavult
233 3334 421 3386 Zafhffl'me
437 3332 449 3387 1]
467 3333 488 3366 8
510 3340 629 3363 αυτοις
649 3330 708 3393 [(11
725 3328 804 3383 '‘“29'
838 3342 892 3362 ων
909 3330 1098 3363 Zacharme
1114 3343 1176 3393 {¹⁰²²
1249 3351 1292 3383 M
1301 3350 1314 3393 ss
1331 3347 1380 3383 ὠς
1404 3349 1484 3390 LB]
1509 3350 1568 3381 καὶ
1593 3349 1652 3383 ἐπὶ
1668 3349 1708 3382 Μ
1722 3348 1734 3392 ΙΙ
1754 3350 1794 3382 27
1821 3349 1907 3381 dat.:
1927 3367 1971 3372 —
1987 3348 2121 3390 reliquie
2136 3348 2261 3380 omissis
2274 3346 2325 3380 M.

98 3386 180 3411 ”⁰¹⁶
196 3379 208 3421 ΙΙ
227 3380 246 3411 9
272 3374 500 3430 αφςοδισέων
524 3377 556 3409 L
571 3376 583 3419 11
606 3379 645 3409 10
670 3372 905 3439 ἐξαῖωλλωτο
927 3373 994 3416 Iun
1018 3376 1056 3407 ¹2
1079 3387 1177 3415 ‘¹⁶⁹⁸‘
1246 3395 1415 3429 Novellam
1439 3396 1659 3427 constitutione
1679 3394 1823 3427 CXXX
1832 3393 1923 3427 VIII
1934 3394 2135 3427 recentiorem
2160 3404 2245 3425 anno
2259 3391 2326 3425 534

99 3425 147 3456 La
174 3425 186 3466 11
215 3424 253 3477 1,3
280 3420 458 3475 διαταξη]
488 3422 566 3473 Οοόῖ
584 3423 615 3461 4’
632 3422 811 3474 32‚27‚'cs.
831 3418 1178 3475 nchCXXXVI‘IIss
1246 3441 1358 3473 tribuit
1388 3439 1586 3481 Zachariae,
1619 3440 1774 3473 eiusmodi
1803 3439 2039 3472 controversias
2069 3438 2159 3471 brevi
2189 3443 2326 3479 tempore

102 3471 141 3502 ¹4
171 3480 290 3510 τουτῳ
316 3487 353 3492 ”“
374 3479 417 3500 το
448 3463 655 3506 διπλασιον]
697 3476 831 3498 'mmm‘
863 3476 931 3496 'rw‘
966 3460 1175 3496 διπλασίονι
1243 3491 1317 3528 post
1348 3485 1598 3517 constitutionem
1633 3486 1672 3517 de
1706 3484 1814 3517 usuris
1846 3483 1933 3516 ultra
1957 3483 2087 3526 duplum
2110 3494 2173 3515 non
2196 3492 2323 3523 compu-

98 3515 210 3567 ceteris
230 3513 400 3566 ⁰s'‘².⁸³i⁸.L
418 3511 430 3555 ss
450 3514 490 3546 15
507 3510 572 3544 τὰς
587 3513 720 3566 ‘merim'
737 3523 795 3543 ⁰⁷¹⁸·
812 3509 881 3552 ΜΗ
902 3510 941 3544 16
957 3510 1018 3565 κῖιὶ
1032 3506 1100 3541 τὸν
1118 3509 1176 3548 Μ]
1247 3530 1355 3563 landis
1378 3529 1487 3562 datam
1510 3542 1542 3563 α,
1561 3530 1626 3563 529
1651 3529 1746 3570 (Coa.
1765 3530 1797 3569 4,
1810 3535 1858 3569 32,
1871 3530 1920 3571 ²7)
1939 3529 2064 3571 passim
2088 3527 2234 3570 ayitatas
2256 3536 2324 3559 esse

99 3571 188 3591 κατα
215 3570 282 3590 τον
306 3560 396 3597 (των
416 3557 478 3594 L‘¹)
505 3557 533 3589 L
550 3555 562 3600 ΙΙ
587 3567 679 3589 κατα
702 3556 901 3595 Zachariae]
929 3566 989 3586 και
1015 3554 1086 3586 ML
1104 3553 1117 3596 [Ι
1136 3555 1175 3587 18
1245 3581 1336 3608 ratus
1358 3574 1415 3617 (qs
1439 3587 1509 3607 nov·
1532 3575 1654 3608 CXXI
1673 3587 1704 3607 a.
1722 3575 1810 3615 535).

101 3601 315 3636 ἐλαύνοντας
327 3603 368 3635 Μ
374 3603 386 3646 ΙΙ
399 3603 441 3636 20
457 3599 805 3645 ἀντιπεφωνημένον
815 3619 854 3624 -
865 3594 1027 3637 διατάξει
1039 3611 1097 3631 om.
1108 3598 1150 3631 M
1165 3597 1177 3642 ΙΙ
