2592 3840
252 67 290 109 N
292 81 358 110 ov.
391 67 488 109 LXI
520 70 538 108 1

255 177 316 220 τὴν
340 180 467 224 χρῆναι.
489 175 624 221 μᾶλλον
649 176 841 211 καλεῖσθαι
865 175 1229 223 νενομοθετήκαμεν),
1256 179 1328 215 εἴτε

251 221 357 257 αὐτὸς
376 222 467 266 ὑπὲρ
490 223 618 256 ἑαυτοῦ
643 224 748 256 τοῦτο
774 223 892 257 ποιῶν
924 223 995 256 εἴτε
1019 225 1079 256 καὶ
1102 223 1222 271 ἑτέρου
1245 222 1328 272 γρά-

251 280 391 314 φοντος,
416 268 437 311 ἢ
457 267 592 312 πατρὸς
623 265 644 310 ἢ
675 268 806 314 μητρὸς
830 266 851 310 ἢ
876 269 1060 314 συγγενῶν
1084 267 1106 312 ἢ
1127 272 1188 303 καὶ
1213 269 1327 311 ξένων

252 313 370 357 τυχόν,
404 314 439 348 εἴ
459 324 514 356 τις
534 316 656 346 τοίνυν
680 311 821 346 τοιοῦτό
850 326 887 347 τι
911 311 1071 356 ποιήσειε
1101 317 1160 348 καὶ
1179 316 1328 363 γράψειε

252 358 403 405 δωρεάν,
428 360 468 393 ἐν
491 357 512 406 ᾑ
534 361 595 391 καί
617 371 652 391 τι
677 359 755 391 τῶν
774 354 956 400 ἀκινήτων
974 360 1085 401 ἐστίν,
1109 357 1327 408 ἀπαγορεύο-

250 418 318 449 μεν
340 402 439 447 αὐτῷ
466 402 487 446 ἣ
514 400 767 438 ὑποτίθεσθαι
803 402 845 437 τὸ
876 402 1004 438 λοιπὸν
1029 403 1072 438 τὸ
1104 406 1254 452 πρᾶγμα
1284 405 1327 441 τὸ

252 451 589 496 καταγεγραμμένον
613 449 660 481 εἰς
683 452 931 495 προγαμιαίαν
951 447 1092 494 δωρεὰν
1115 447 1138 494 ἢ
1169 454 1327 486 έκποιεῖν

252 492 352 530 ὅλως.
399 493 440 528 τὸ
473 493 541 540 γὰρ
575 489 674 533 ἅπαξ
708 497 782 527 τοῖς
818 492 958 538 δεσμοῖς
992 495 1053 538 τῆς
1087 501 1328 543 προγαμιαίας

253 540 386 586 δωρεᾶς
419 540 545 593 ἑνοχρν
579 538 774 591 γενόμενον
809 536 873 593 οὐκ
905 538 950 573 ἂν
983 540 1036 583 εἴη
1068 544 1244 587 προςῆκον
1274 545 1327 576 έκ-

1313 64 1399 112 330

1762 83 1824 114 11'1·
1853 82 2088 115 IMMOBILIA
2117 84 2472 120 ANTENUPTIALIS

1395 183 1470 215 tere
1493 179 1605 224 magis
1629 181 1750 217 vocari
1774 181 2018 226 decrevimus),
2050 182 2123 219 sive
2145 183 2223 229 ipse
2246 195 2311 230 pro
2335 195 2375 222 se
2397 186 2468 222 hoc

1394 224 1531 260 faciens
1563 225 1635 261 sive
1667 226 1773 262 etiam
1806 227 1919 262 altero
1950 228 2148 271 scribente,
2181 231 2245 264 aut
2274 233 2377 275 patre
2407 235 2472 267 aut

1396 272 1510 305 matre
1533 274 1596 305 aut
1617 272 1778 317 cognatis
1802 274 1867 307 aut
1886 273 2066 309 extraneis
2083 272 2188 315 forte,
2213 274 2244 310 si
2262 275 2341 319 quis
2361 276 2471 320 igitur

1395 316 1467 351 tale
1490 315 1538 350 ali
1563 315 1623 351 uid
1646 316 1775 353 fecerit
1798 321 1834 353 et
1857 317 2042 363 scripserit
2066 318 2307 363 donationem,
2338 320 2377 355 in
2400 332 2473 367 qua

1364 361 1503 396 5etiam
1534 371 1556 395 a
1570 361 1668 406 iquid
1698 362 1931 398 immobilium
1963 367 2036 406 est,
2071 363 2315 416 interdicimus
2350 366 2382 401 ei
2410 370 2474 420 aut

1397 415 1599 486 {2333ss
1619 406 2217 499 tifi‘fitssaiimofflffiipffi'isi
2236 412 2474 492 {ffissiuffil

1397 496 1548 532 vinculis
1583 498 1820 542 sponsaliciae
1854 498 2030 544 largitatis
2048 483 2261 544 'obligatum
2293 504 2367 545 est,
2401 511 2475 537 non

1398 542 1466 576 erit
1490 542 1702 579 conveniens
1725 543 1892 588 alienari,
1924 548 1965 579 ut
1987 545 2112 580 mulier
2134 545 2296 581 veniente
2319 546 2472 582 forsitan

252 585 451 625 ποιεῖσθαι,
483 595 570 618 ωςτε
593 597 660 636 τήν
676 587 827 636 γυναῖκα
845 588 1111 638 αποβαίνοντος
1133 586 1242 629 τυχὸν
1264 589 1328 622 τοῦ
1345 587 1498 622 101ucr0
1524 587 1620 632 quod
1642 588 1675 623 ei
1699 588 1838 624 confert
1862 590 2113 635 antenuptialis
2133 590 2289 633 donatio,
2321 590 2473 627 difficul-

251 629 402 676 κέρδους,
418 626 506 674 ὅπερ
528 626 619 676 αὕτη
644 641 807 676 προςαγει
831 643 899 673 την
915 635 1161 677 προγαμιαίαν
1176 630 1327 680 δωρεὰν,

252 675 488 721 ὃυςχεραίνειν
520 672 581 716 οὐχ
613 672 847 719 εὖρίσκουσαν
879 674 921 710 τὸ
953 678 1101 731 πρᾶγμα
1132 678 1172 711 ἐν
1195 679 1239 725 τῇ
1263 680 1327 712 τοῦ

251 720 379 765 ἀνδρὸς
403 723 607 765 περιουσίᾳ,
638 718 719 754 ἀλλ’
753 718 776 763 ἣ
809 721 1007 764 ἑκποιηθὲν
1037 721 1155 756 αλλοις
1186 719 1209 766 ἢ
1243 720 1327 759 ὑπο-

251 766 372 806 τεθέν,
404 769 463 798 καὶ
488 762 652 799 δυνατοῖς
683 765 769 800 ἴσως
800 765 1018 812 προςώποις,
1053 766 1101 801 ὠς
1129 769 1246 815 ἐκείνῃ
1271 767 1330 803 διὰ

1398 635 1507 667 tatem
1531 633 1691 685 patiatur
1713 644 1784 669 non
1809 635 1990 670 inveniens
2013 645 2088 670 rem
2111 636 2149 670 in
2172 636 2237 671 viri
2260 636 2473 679 substantia,

1400 689 1479 712 cum
1512 681 1559 712 sit
1587 678 1742 714 alienata
1772 679 1852 715 aliis
1882 684 1945 715 aut
1976 680 2176 725 supposita,
2210 684 2246 716 et
2269 681 2474 726 potentibus

1398 723 1492 758 forte
1516 724 1689 768 personis,
1719 728 1893 768 quatenus
1917 725 1969 760 ini
1991 736 2057 777 pro
2085 730 2139 761 ter
2162 726 2365 763 huiusmodi
2389 737 2474 762 cau-

1399 778 1458 803 sas
1490 772 1554 803 aut
1586 767 1634 803 sit
1664 769 1779 804 modis
1806 770 1968 806 omnibus
1993 781 2030 806 m
2079 771 2171 806 ’bilis
2195 771 2383 808 vindicatio
2410 773 2476 807 aut

251 811 313 845 τὰς
332 808 500 844 τοιαύτας
520 810 636 844 αἰτίας
656 809 678 853 ἢ
698 815 882 845 παντοίως
905 810 1044 856 ἄβατον
1069 812 1162 847 εἶναι
1186 813 1253 856 τὴν
1276 816 1328 847 ἐκ·
1345 816 1384 848 15
1400 813 1554 848 difficilis
1585 815 1621 849 et
1644 813 1767 850 litibus
1791 819 1909 860 egeat,
1941 815 2026 851 dum
2056 826 2101 852 ex
2131 816 2200 852 hoc
2230 817 2308 862 ipso
2340 816 2387 852 sit
2409 817 2473 853 ad-

251 855 391 898 ὃίκησιν
420 852 442 898 ἢ
472 852 640 889 δύςκολον
673 859 733 889 καὶ
765 854 1010 910 δικαστηρίων
1033 856 1216 902 δεομένην,
1249 858 1330 900 ἐξὸν

250 905 269 936 l
317 898 479 935 αὐτόθεν
509 900 617 948 ἑαυτῇ
641 901 839 945 βοηθῆσαι.
892 898 996 937 Ὠςτε
1020 904 1127 938 τοῦτο
1157 903 1327 950 φυλαττέ-

250 947 348 988 σθω,
382 942 485 980 καὶὸ
509 944 599 990 μετὰ
632 948 748 981 ταῦτα
780 945 999 991 συμβάλλων
1030 948 1141 991 ἴστω,
1177 946 1225 984 ὠς
1258 949 1329 983 εἴτε

252 988 349 1035 ὠνὴν
381 991 451 1025 εἴτε
475 987 668 1035 ὑποθήκην
692 994 776 1035 ἔχοι,
809 989 916 1046 οὐδὲν
939 992 1082 1028 τούτων
1105 993 1230 1039 ὄφελος
1259 995 1329 1035 ἕξει

1397 858 1691 949 ὶῃγῗιῗέρτοριετ
1711 904 1781 941 hoc
1802 905 2020 947 observetur,
2045 909 2082 942 et
2101 907 2163 951 qui
2181 908 2264 952 post
2279 906 2370 943 haec
2389 918 2474 943 con-

1398 949 1546 984 traxerit
1570 950 1660 985 sciat
1688 949 1782 995 quia,
1809 950 1882 986 sive
1907 952 2119 995 emptionem
2143 951 2215 987 sive
2238 952 2476 997 hypothecam

1398 994 1546 1038 habeat,
1578 995 1669 1029 nihil·
1691 995 1818 1031 horum
1842 996 2007 1032 utilitatis
2038 996 2186 1032 habebit
2216 997 2379 1040 omnino,
2412 997 2476 1034 sed

251 1035 448 1078 παντελῶς,
471 1033 554 1070 ἀλλ’
577 1038 618 1090 ἐν
638 1037 706 1081 ἴσῳ
730 1040 804 1071 τοῖς
827 1034 1000 1094 ἀγραφοᾌις
1024 1052 1063 1073 τε
1083 1043 1142 1073 καὶ
1165 1038 1329 1086 ἀρρήτοις
1343 1042 1384 1074 20
1398 1040 1562 1084 aequalia
1595 1043 1701 1075 erunt
1732 1051 1805 1076 non
1837 1041 1981 1086 scriptis
2013 1051 2080 1077 nec
2110 1041 2215 1078 dictis
2246 1053 2338 1088 quae
2367 1053 2476 1095 super

249 1086 352 1117 ἔσται
382 1081 428 1116 τὰ
458 1083 517 1117 ἐπὶ
548 1095 666 1126 τουτῳ
698 1096 928 1130 γεγραμμένα
956 1097 977 1125 η
1003 1097 1119 1127 συμπε
1150 1088 1328 1129 ωνημένα,

250 1132 309 1162 καὶ
332 1126 577 1183 φυλαττέσθω
601 1129 647 1175 τῇ
667 1131 810 1175 γυναικὶ
834 1127 876 1162 τὸ
896 1127 1027 1175 κέρδος.
1072 1099 1155 1164 migr}
1167 1129 1235 1176 γὰρ
1252 1128 1327 1164 ἔδο-

250 1174 317 1214 ξαν
332 1175 417 1218 ημῖν
433 1171 504 1208 ἄπο
519 1171 656 1220 τρόπου
676 1176 911 1217 πεποιηκέναι
931 1176 1024 1208 τινὲς
1045 1176 1122 1209 τῶν
1144 1173 1329 1223 ἡμετέρων

250 1219 445 1260 δικαστῶν,
475 1218 578 1271 οἵπερ
596 1222 662 1273 ,καὶ
687 1216 800 1262 αὐτὴν
829 1218 896 1262 τὴν
919 1219 958 1254 in
981 1230 1057 1255 rem
1086 1223 1164 1254 ταῖς
1186 1221 1329 1269 γυναιξὶ

1398 1085 1467 1120 hoc
1492 1087 1629 1130 scripta
1653 1089 1738 1121 sunt
1761 1088 1826 1121 aut
1850 1090 2100 1131 convenerunt,
2130 1089 2168 1123 et
2189 1089 2350 1123 servetur
2372 1098 2476 1124 uxori

1397 1131 1546 1166 lucrum.
1594 1130 1676 1166 Non
1708 1131 1802 1166 enim
1832 1131 1997 1167 videntur
2027 1132 2132 1168 nobis
2162 1132 2392 1169 immoderate
2421 1132 2474 1169 fe-

1399 1176 1491 1211 cisse
1515 1175 1657 1221 quidam
1680 1181 1887 1212 nostrorum
1905 1177 2074 1218 iudicum,
2098 1177 2157 1223 qui
2175 1177 2282 1213 etiam
2300 1178 2415 1223 ipsam
2436 1179 2475 1215 in

1397 1231 1471 1256 rem
1506 1221 1712 1257 mulieribus
1751 1225 1834 1267 post
1873 1222 2087 1258 matrimonii
2124 1223 2402 1260 transactionem
2436 1223 2475 1260 in

248 1263 339 1310 μετὰ
369 1262 437 1307 τὴν
467 1276 532 1298 του
561 1277 676 1311 γαμου
706 1263 872 1298 διάλυσιν
904 1265 965 1298 ἐπὶ
997 1266 1058 1308 τῆς
1088 1270 1329 1312 προγαμιαίας
1342 1269 1383 1301 25
1398 1266 1615 1311 sponsalicia
1638 1267 1804 1312 largitate
1828 1267 2014 1312 dederunt,
2039 1267 2135 1320 quod
2156 1272 2254 1304 recte
2270 1268 2475 1305 incohatum

249 1307 429 1344 δεδώκασι
454 1307 605 1355 δωρεᾶς·
641 1307 731 1355 ὅπερ
756 1308 882 1356 ὀρθῶς
906 1311 1132 1357 ἑγχειρισθὲν
1157 1311 1234 1346 εἶτα
1256 1309 1327 1346 ὑπὸ

249 1356 327 1390 τῶν
346 1353 437 1399 μετὰ
455 1356 572 1389 ταῦτα
593 1353 820 1397 δικαζόντων
842 1353 914 1389 ὑπὸ
937 1359 1189 1402 περιττοτέρας
1213 1354 1328 1399 δῆθέν

250 1411 347 1436 τινος
383 1398 564 1445 ἀκριβείας
601 1401 847 1446 παρεώραται.
901 1403 960 1434 καὶ
998 1400 1047 1445 μή
1085 1413 1187 1436 τινας
1225 1400 1328 1436 ὁδους

251 1447 327 1487 ἐξευ
352 1448 553 1480 ισκέτωσαν
592 1445 628 1479 οἱ
664 1445 726 1480 τὰς
762 1448 1044 1490 τετεχνασμένας
1084 1445 1328 1492 λαμβάνοντες

250 1459 354 1527 ὑπο-ξ
890 1490 897 1499 “

251 1540 310 1571 καὶ
334 1533 447 1571 οὕτως
477 1537 555 1571 τῶν
579 1538 721 1571 οἰκείων
745 1539 936 1571 ἐκπίπτειν
960 1534 1123 1572 δικαίων.
1165 1542 1327 1572 συναίνε-

250 1594 304 1617 σις
325 1584 393 1638 γὰρ
411 1584 473 1616 ἐπὶ
491 1582 569 1616 τῶν
585 1583 765 1616 τοιούτων
787 1579 810 1624 ἢ
833 1582 881 1616 εἰς
903 1578 1098 1626 ὑποθήκην
1122 1581 1208 1625 ἢείς
1230 1579 1328 1626 ὠνὴν

251 1625 272 1670 ἢ
303 1639 350 1662 εις
381 1626 493 1671 ἄλλην
523 1629 710 1670 ἐκποίησιν
740 1629 967 1674 γεγραμμένη
999 1626 1066 1662 τὸν
1095 1626 1327 1673 λαμβάνοντα

251 1671 437 1708 παντελῶς
457 1669 520 1707 οὐκ
539 1669 584 1707 ἂν
605 1670 778 1725 ὂνήσειςν,
801 1673 833 1706 εἰ
853 1672 1040 1718 προςάπαξ
1061 1672 1109 1707 τὰ
1129 1675 1189 1716 τῆς
1205 1686 1326 1709 συναι-

1398 1311 1525 1347 deinde
1549 1321 1571 1346 a
1595 1313 1748 1357 posteris
1772 1312 1952 1349 iudicibus
1984 1323 2087 1358 quasi
2117 1324 2184 1359 pro
2208 1324 2474 1360 supervacanea

1398 1357 1552 1402 quadam
1584 1358 1784 1393 subtilitate
1813 1362 2057 1404 contemptum
2086 1363 2151 1395 est.
2199 1358 2250 1394 Et
2273 1369 2345 1395 non
2368 1369 2473 1404 quas-

1397 1403 1483 1439 libet
1507 1402 1582 1438 vias
1606 1402 1789 1438 inveniant
1812 1403 2027 1440 artificiosas
2051 1408 2234 1440 sumentes
2253 1404 2475 1450 hypothecas

1396 1447 1646 1493 praeparando
1669 1448 1837 1484 mulieres
1863 1450 2066 1485 consentire
2096 1453 2133 1485 et
2162 1450 2214 1485 ita
2245 1450 2390 1495 proprio
2415 1460 2474 1485 ca-

355 1490 438 1532 ήκας
461 1492 516 1534 τῷ
539 1490 827 1537 παρασκευάζειν
857 1502 919 1525 τας
941 1494 1112 1538 γυναῖκας
1134 1495 1327 1534 συναινεῒν,
1341 1496 1384 1528 30
1397 1493 1481 1528 dere
1503 1493 1593 1529 iure.
1643 1493 1846 1529 Consensus
1870 1494 1964 1530 enim
1995 1494 2033 1530 in
2056 1495 2187 1530 talibus
2216 1499 2281 1530 aut
2301 1495 2340 1530 in
2362 1495 2474 1542 hypo-

1397 1538 1537 1574 thecam
1563 1542 1625 1574 aut
1644 1538 1681 1573 in
1698 1539 1937 1575 venditionem
1960 1543 2024 1575 aut
2042 1540 2081 1575 in
2099 1540 2206 1575 aliam
2225 1539 2476 1576 alienationem

1398 1584 1623 1628 conscriptus
1643 1584 1854 1629 percipienti
1874 1584 2019 1621 omnino
2039 1596 2111 1621 non
2128 1584 2301 1631 proderit,
2321 1585 2353 1621 si
2367 1586 2475 1622 semel

1398 1639 1593 1665 consensus
1617 1629 1692 1672 fiat,
1724 1630 1788 1665 sed
1811 1630 1907 1666 sicut
1929 1630 1967 1666 in
1988 1630 2304 1667 intercessionibus
2328 1630 2475 1676 scripsi-

1395 1685 1493 1718 mus,
1530 1680 1570 1710 ut
1593 1678 1760 1720 oporteat
1790 1675 1926 1711 biennii
1956 1678 2027 1712 tem
2054 1687 2116 1712 ore
2148 1676 2321 1712 existente
2351 1686 2475 1712 rursus

251 1722 380 1753 νέσεως
401 1721 560 1766 γένοιτο·
597 1716 678 1752 ἀλλ’
707 1714 824 1770 ὥςπερ
844 1719 908 1773 ἐπὶ
924 1719 1009 1752 γτῶν
1031 1718 1327 1755 intercessionum
1339 1721 1382 1755 35
1396 1720 1501 1755 aliam
1525 1719 1782 1765 professionem
1813 1720 1923 1756 scribi
1953 1731 2020 1757 con
2048 1725 2220 1757 rmantem
2249 1731 2474 1763 consensum,

250 1764 459 1811 έγρὰψμμεν
490 1762 531 1798 τὸ
564 1761 640 1798 δεῖν
672 1761 807 1798 διετους
840 1775 991 1810 υστερον
1022 1764 1152 1809 χρόνου
1176 1764 1325 1811 παριόν-

249 1821 310 1844 τος
332 1809 440 1843 αὐθις
463 1809 589 1856 ἑτέραν
613 1807 806 1856 ὁμολογίαν
829 1806 980 1855 γράφειν
1011 1810 1236 1854 βεβαιοῦσαν
1258 1809 1327 1853 τὴν

251 1859 457 1889 συναίνεσιν
480 1857 540 1887 καὶ
564 1854 648 1889 τότε
676 1853 799 1900 κύριον
823 1854 915 1887 εἶναι
938 1852 981 1888 τὸ
1004 1854 1207 1901 γινόμενον,
1232 1852 1328 1890 οὕτω

1396 1769 1432 1802 et
1447 1771 1534 1801 tuuc
1550 1768 1668 1801 ratum
1684 1775 1763 1802 esse
1787 1765 1882 1811 quod
1898 1765 2033 1803 factum
2049 1771 2114 1811 est,
2138 1767 2191 1803 sic
2207 1766 2295 1802 etin
2312 1766 2384 1803 hoc
2399 1766 2474 1809 fiat,

247 1969 374 2018 potius
396 1979 475 2004 eam
499 1967 755 2014 appellandam
779 1978 856 2003 esse
881 1967 959 2014 leqe
984 1967 1249 2010 constituimus)
1272 1969 1542 2015 conscripserit,
1573 1969 1647 2005 sive
1668 1970 1748 2016 ipse
1764 1981 1840 2017 pro
1863 1981 1903 2005 se
1926 1969 1994 2005 hoc
2016 1969 2137 2015 faciat
2158 1970 2232 2006 sive
2254 1970 2361 2005 etiam
2383 1970 2476 2006 atter

250 2014 414 2056 scribat,-
433 2014 507 2049 sive
527 2016 636 2059 pater
666 2013 740 2049 sive
763 2017 878 2049 mater
906 2013 981 2048 sive
1009 2013 1158 2059 coqnati
1186 2012 1261 2048 sive
1281 2013 1385 2058 forte
1415 2014 1522 2050 etiam
1546 2015 1735 2058 extranei,
1764 2016 1797 2050 si
1820 2016 1901 2061 quis
1931 2015 2045 2061 iqitur
2075 2014 2148 2050 tale
2171 2014 2260 2061 quid
2280 2015 2413 2060 feccrit
2442 2021 2477 2053 et

250 2059 438 2107 scripserit
465 2058 712 2101 donationem,
748 2058 787 2093 in
819 2069 892 2104 qua
924 2058 1032 2093 etiam
1062 2068 1122 2093 res
1152 2057 1341 2093 immobilis
1371 2064 1444 2101 est,
1481 2065 1641 2095 vetamus
1672 2072 1752 2096 eum
1773 2060 1929 2107 posthac
1959 2071 2035 2096 rem
2063 2060 2103 2094 in
2134 2059 2365 2096 donationem
2392 2069 2477 2097 ante

251 2106 399 2153 nuptias
422 2104 668 2150 conscriptam
692 2108 758 2139 aut
778 2103 930 2150 piqnori
960 2103 1122 2183 oblyare
1151 2108 1215 2138 aut
1236 2103 1381 2139 omnino
1403 2105 1573 2140 alienare.
1620 2104 1726 2148 Quod
1747 2106 1840 2142 enim
1864 2107 1973 2141 semel
1995 2105 2147 2141 vinculis
2168 2105 2376 2141 donationis
2392 2110 2477 2142 ante

251 2151 399 2198 nuptias
422 2148 620 2185 obnoxium
645 2153 699 2185 est
719 2150 881 2195 factum,
912 2159 987 2184 non
1036 2153 1113 2184 ecet
1135 2148 1293 2184 alienari
1299 2176 1309 2191 ,
1341 2149 1436 2185 unde
1459 2150 1587 2185 mulier
1610 2151 1816 2187 obveniente
1837 2151 2000 2196 forsitan
2025 2150 2126 2186 lucro
2157 2149 2257 2197 quod
2277 2150 2311 2185 ei
2333 2151 2477 2196 confert

251 2196 482 2233 donationem
506 2198 591 2230 ante
613 2195 773 2241 nuptias,
797 2194 959 2240 qraviter
972 2194 1075 2240 ferat
1099 2193 1198 2239 quod
1219 2205 1293 2229 rem
1317 2205 1391 2229 non
1414 2196 1575 2242 reperiat
1592 2196 1630 2231 in
1654 2196 1758 2231 bonis
1780 2197 1913 2238 mariti,
1937 2195 2002 2232 sed
2023 2195 2079 2231 vel
2101 2195 2296 2231 alienatam
2318 2195 2401 2231 aliis
2423 2198 2479 2233 vel

252 2242 461 2289 obhqatam,
485 2239 593 2286 idque
604 2239 814 2286 potentibus
826 2240 990 2286 fortasse
1009 2240 1191 2286 personis,
1215 2243 1256 2274 ut
1269 2239 1325 2274 illi
1340 2246 1501 2286 propter
1523 2240 1699 2277 eiusmodi
1714 2252 1846 2276 causas
1868 2246 1934 2276 aut
1950 2241 2096 2276 omnino
2119 2241 2241 2276 aditus
2258 2251 2333 2276 non
2378 2245 2477 2278 ateat

251 2290 272 2325 1
319 2287 368 2323 ad
382 2285 661 2322 vindicationem
676 2290 800 2321 autea
823 2284 989 2331 difficilis
1012 2285 1060 2320 sit
1075 2289 1111 2320 et
1126 2284 1271 2320 iudiciis
1288 2288 1404 2330 eqeat,
1427 2297 1506 2320 cum
1522 2285 1631 2322 liceat
1652 2286 1735 2322 ilico
1759 2287 1793 2322 ei
1812 2286 1993 2322 auxilium
2010 2286 2121 2332 ferre.
2178 2284 2310 2338 Itaque
2332 2252 2402 2322 h'oc
2415 2288 2475 2323 ob-

251 2339 424 2375 servetur,
448 2335 483 2367 et
529 2331 567 2366 ui
588 2330 745 2378 posthac
769 2331 997 2366 contraxerit
1018 2330 1122 2374 sciat,
1144 2330 1218 2366 sive
1240 2331 1456 2376 emptionem
1479 2332 1553 2367 sive
1575 2331 1814 2379 hypothecam
1838 2331 1989 2374 habeat,
2003 2331 2139 2367 nullam
2161 2341 2201 2367 se
2225 2331 2308 2366 hinc
2331 2332 2476 2368 omnino

253 2379 443 2414 utilitatem
467 2376 515 2412 ha
539 2376 695 2419 iturum,
725 2376 790 2412 sed
804 2376 894 2423 pari
918 2376 997 2412 loco
1022 2380 1132 2422 atque
1162 2386 1256 2422 quae
1279 2386 1353 2411 non
1375 2377 1515 2428 scripta
1539 2388 1633 2423 quae
1659 2388 1703 2412 ue
1726 2387 1800 2412 non
1831 2377 1927 2413 dicta
1949 2377 2023 2412 sint
2045 2389 2089 2413 ea
2110 2376 2198 2422 fore
2227 2387 2323 2429 quac
2343 2376 2388 2412 de
2410 2377 2478 2413 hoc

252 2421 391 2471 scripta
420 2422 477 2459 vel
498 2428 674 2458 conventa
698 2426 816 2464 erunt,
844 2425 952 2467 atque
975 2421 1119 2456 mulieri
1148 2421 1287 2456 lucrum
1310 2421 1549 2457 custodiatur.
1638 2434 1728 2469 eque
1751 2423 1844 2458 enim
1872 2433 2066 2469 perperam
2118 2422 2230 2457 coisse
2259 2421 2407 2468 quidam
2429 2428 2479 2459 coe

254 2469 389 2505 nostris
412 2467 590 2503 iudicibus
613 2467 717 2502 nobis
741 2468 807 2502 visi
829 2472 926 2509 sunt,
952 2467 1016 2513 qui
1039 2466 1182 2513 quidem
1205 2467 1322 2513 ipsam
1345 2466 1382 2501 in
1406 2478 1481 2503 rem
1505 2468 1684 2503 actionem
1707 2467 1917 2503 mulieribus
1938 2472 2024 2514 post
2043 2478 2082 2503 so
2097 2470 2198 2502 utum
2214 2467 2479 2503 matrimonium

255 2516 292 2550 in
316 2513 513 2549 donatione
536 2517 620 2548 ante
643 2513 791 2559 nuptias
814 2511 990 2547 dederunt
998 2525 1013 2553 ;
1048 2511 1146 2558 quod
1168 2516 1264 2547 recle
1298 2511 1470 2547 traditum
1500 2512 1545 2547 ab
1577 2513 1623 2548 iis
1653 2513 1717 2559 qui
1773 2518 1873 2549 ostea
1897 2512 2108 2548 iudicabant
2137 2523 2188 2548 ex
2210 2523 2480 2559 supervacanea

255 2559 374 2595 nescio
424 2570 473 2593 ua
494 2558 690 2593 subtilitate
712 2562 872 2605 spretum
894 2563 957 2593 est.
1005 2557 1104 2593 Neve
1127 2568 1220 2603 quas
1243 2557 1320 2592 vias
1341 2567 1435 2593 exeo
1462 2558 1553 2593 itent
1575 2558 1639 2610 qui
1662 2525 1828 2604 artilijciis
1847 2563 2004 2605 paratas
2032 2556 2257 2610 hypothecas
2284 2557 2479 2609 accipiunt,

255 2605 339 2640 dum
363 2616 383 2640 e
431 2603 530 2638 ciunt
552 2608 592 2638 ut
615 2603 785 2639 mulieres
807 2603 1033 2638 consentiant
1056 2607 1165 2648 atque
1188 2603 1241 2638 ita
1264 2602 1341 2637 suis
1364 2603 1436 2637 iuri
1460 2614 1503 2638 us
1519 2608 1724 2649 priventur.
1775 2603 1975 2640 Consensus
1998 2614 2091 2639 emm
2114 2602 2158 2638 de
2177 2601 2350 2654 eiusmodi
2372 2602 2480 2654 relius

257 2650 312 2686 vel
329 2650 368 2684 in
410 2660 436 2695 y
464 2647 627 2683 otkecam
647 2648 702 2684 vel
718 2648 757 2683 in
773 2649 987 2694 emptionem
1005 2647 1062 2683 vel
1079 2647 1117 2682 in
1138 2647 1248 2682 aliam
1269 2647 1525 2683 alienationem
1543 2648 1681 2694 scripto
1699 2649 1935 2695 consignatus
1953 2659 2032 2684 eum
2052 2648 2116 2699 qui
2136 2651 2478 2699 acceperat-omnmo

258 2706 331 2730 non
353 2694 436 2730 iuva
461 2694 508 2735 it,
543 2693 575 2728 si
604 2692 713 2728 semel
742 2696 880 2728 tantum
912 2703 1107 2728 consensus
1140 2692 1249 2727 datus
1280 2692 1337 2728 sit.

1397 2691 1472 2727 Sed
1527 2693 1799 2729 uemadmodum
1835 2693 1879 2729 de
1909 2692 2223 2728 intercessionibus
2256 2702 2479 2740 scripsimus,

257 2740 399 2776 biennio
430 2738 512 2773 inde
544 2741 728 2773 transacto
757 2748 886 2773 rursus
914 2737 1023 2772 aliam
1049 2738 1321 2783 professionem
1354 2737 1495 2773 scribon
1521 2748 1580 2772 am
1611 2749 1689 2774 esse
1720 2750 1814 2784 quae
1845 2748 2056 2773 consensum
2085 2737 2290 2782 confirmet,
2330 2747 2375 2773 ac
2406 2741 2480 2773 tum

306 2857 320 2888 1
341 2853 468 2898 χρῆναι
489 2866 546 2885 om.
563 2852 673 2895 Epan.
721 2848 1073 2895 νενομοθετήκαμεν]
1095 2851 1172 2884 cod.
1186 2852 1218 2891 5,
1232 2858 1260 2891 3,
1273 2859 1310 2886 20
1323 2851 1335 2895 H

259 2903 278 2934 2
295 2897 382 2943 ὑπὲρ
397 2894 506 2930 αὐτοῦ
518 2896 675 2941 ΒῙΕραη.
719 2899 740 2930 4
751 2899 875 2930 τοίνυν
888 2904 918 2930 et
931 2909 967 2929 τι
982 2909 1039 2930 om.
1050 2896 1159 2939 Epan.
1171 2895 1182 2939 ΙΙ
1195 2894 1334 2938 ἐκποιή-

259 2957 355 2979 σειεν
364 2943 410 2978 B1
418 2943 430 2987 ΙΙ
439 2945 457 2976 7
468 2940 501 2985 ἢ]
515 2938 536 2984 ἢ
548 2945 608 2975 καὶ
618 2942 667 2986 Lss
679 2944 719 2976 10
729 2938 826 2975 ὥστε
835 2961 878 2965 -
889 2944 926 2975 Π
937 2940 1125 2984 βοηθῆσαι
1137 2953 1194 2974 om.
1204 2941 1314 2985 Epan.
1323 2941 1335 2985 ΙΙ

262 2993 298 3025 11
324 2987 391 3031 τὴν
407 2990 653 3033 προγαμιαίαν
671 2984 823 3032 δωρεὰν]
848 2986 1089 3029 antenuptialis
1106 2985 1241 3018 donatio
1260 2987 1293 3027 (i.
1308 3000 1332 3020 e.

258 3033 280 3078 ἡ
293 3036 517 3080 προγαμιαιά
536 3030 666 3077 δωρεὰ)
682 3045 701 3068 ς
724 3033 736 3074 ΙΙ
765 3034 862 3075 lsssq.
877 3030 959 3071 ἐξὸν
974 3050 1017 3056 ——
1030 3030 1215 3073 βοηθῆσαι
1229 3032 1275 3064 M
1278 3033 1334 3073 (ς)]

259 3081 298 3120 ἐξ
325 3070 379 3113 ὦν
402 3098 445 3103 --
469 3077 687 3122 βοηθήσειεν
708 3077 778 3111 BL
794 3078 806 3120 ΙΙ
827 3080 866 3110 17
883 3074 992 3109 ’Ώστε
1008 3095 1052 3101 -
1075 3078 1115 3110 19
1128 3076 1212 3117 ἔχοι]
1230 3075 1335 3109 Ἴστω

258 3120 323 3160 οὖν
345 3121 364 3158 ὁ
378 3124 457 3158 τῶν
477 3123 676 3169 εἰρημένων
699 3125 735 3156 τὶ
759 3119 1057 3166 παραδεχόμενος,
1085 3118 1133 3154 ὠς
1156 3120 1227 3154 εἴτε
1250 3119 1335 3155 ὑπο-

260 3168 380 3213 θήκην
399 3169 472 3211 ἔχοι
493 3165 515 3211 ἢ
535 3166 631 3211 ἄλλῳ
651 3166 777 3212 τρόπῳ
801 3167 938 3210 νομίζει
963 3163 1071 3199 αὐτοῦ
1094 3164 1137 3199 τὸ
1156 3166 1257 3211 κῦρος
1276 3165 1333 3199 λα-

258 3219 339 3260 βεῖν
354 3217 465 3260 Epan.
489 3214 502 3259 ΙΙ
530 3216 570 3248 18
594 3211 810 3257 συμβάλλων
828 3212 928 3254 ΜΒἿ
953 3209 1152 3254 συμβαλών
1170 3211 1336 3265 ΕΒῙ(ς)ΙΙΙ

264 3266 302 3297 19
317 3259 427 3303 ὠνὴν]
449 3257 503 3294 ὧν
515 3260 563 3293 L¹
578 3259 591 3303 ΙΙ
618 3261 657 3293 21
681 3259 776 3292 ἔστω
789 3258 820 3291 L
838 3257 851 3301 ΙΙ
866 3255 962 3290 τουτ’
977 3257 1025 3290 L¹
1045 3254 1173 3290 τούτου
1186 3258 1234 3289 L²
1257 3269 1334 3289 του-

260 3320 338 3342 των
351 3308 460 3351 Epan.
478 3305 490 3349 ΙΙ
510 3306 553 3339 22
567 3301 815 3349 φυλάττεσθαι
828 3304 937 3346 Epan.
957 3302 970 3344 ΙΙ
985 3298 1067 3335 οὐδὲ
1080 3320 1121 3326 -
1135 3303 1178 3335 36
1188 3300 1333 3346 παριόν-

260 3363 319 3386 τος
332 3345 452 3393 αὖθις]
477 3350 508 3383 εἰ
526 3347 566 3383 δὲ
585 3351 644 3382 καὶ
667 3350 802 3390 ζῶντος
820 3349 884 3381 τοῦ
903 3344 1032 3392 ἀνδρὸς
1055 3347 1100 3392 τῇ
1124 3345 1252 3392 πράσει
1276 3347 1336 3388 τῆς

261 3399 501 3443 προγαμιαίας
525 3393 658 3441 δωρεᾶς
688 3390 709 3436 ἡ
739 3392 828 3439 γυνὴ
851 3394 1058 3426 συναινέσαι
1083 3390 1239 3437 πεισθῇ,
1272 3389 1335 3424 οὐκ

260 3443 417 3488 ὲόρωται
432 3439 453 3482 ἡ
465 3438 612 3483 τοιαύτη
625 3439 750 3486 πρᾶξις
761 3448 768 3454 ·
786 3435 842 3471 δεῖ
850 3435 931 3483 γὰρ,
948 3434 1118 3482 καθάπερ
1130 3439 1188 3469 καὶ
1203 3438 1262 3470 ἐπὶ
1277 3437 1336 3479 τῆς

261 3475 416 3532 προικὸς,
434 3484 569 3521 διετοῦς
585 3478 693 3519 αὖθις
710 3480 900 3530 παριόντος
915 3480 1042 3526 χρόνου
1057 3482 1166 3525 Epan.
1183 3481 1196 3526 ΙΙ
1214 3479 1336 3521 ἔδοξεν

261 3535 292 3567 L
310 3534 323 3577 ΙΙ
342 3536 383 3568 23
396 3536 490 3566 τίνες
502 3532 550 3565 131
563 3541 663 3565 τινας
676 3531 706 3564 L
724 3530 736 3574 ΙΙ
754 3531 797 3563 24
810 3525 912 3562 αὐτοὶ
928 3529 958 3562 L
973 3527 986 3572 ΙΙ
1004 3528 1040 3560 in
1052 3538 1123 3579 ‘rem
1136 3528 1187 3569 M,
1199 3542 1224 3560 s.
1235 3540 1262 3560 v.
1274 3527 1334 3567 [β]

261 3575 406 3624 ἀγωγὴν
426 3578 511 3611 L¹B
533 3577 545 3620 ΙΙ
572 3578 614 3611 26
638 3573 870 3620 έπιχειρηθὲν
885 3574 916 3608 L
938 3573 951 3618 ΙΙ
977 3575 1017 3607 27
1043 3571 1112 3606 υπὸ
1132 3575 1334 3617 περιττοτέ-

263 3634 325 3667 ρας
338 3625 396 3664 M]
420 3620 510 3667 ὑπὲρ
534 3623 786 3669 περιττοτέρας
806 3620 898 3656 ΕΒς
922 3618 936 3663 ΙΙ
959 3620 1002 3653 28
1026 3618 1238 3670 παρεωρᾶτο
1260 3618 1311 3651 ΒΓ
1323 3617 1335 3661 ΙΙ

262 3670 304 3703 29
317 3670 556 3711 τεχνασμένας
569 3663 819 3711 λαμβάνοντας
834 3665 879 3699 Μ
889 3666 901 3709 ΙΙ
922 3666 964 3699 30
977 3664 1032 3707 τῷ
1047 3663 1147 3705 ΜΒῙ]
1169 3675 1211 3697 το
1225 3661 1311 3696 LBs
1323 3670 1334 3707 ῃ

1403 2854 1445 2886 33
1457 2853 1723 2898 γεγραμμένηςῖ
1735 2853 1783 2886 L¹
1801 2852 2048 2898 γεγραμμένην
2058 2850 2110 2883 Bt
2123 2848 2136 2894 ΙΙ
2153 2850 2198 2883 34
2209 2846 2383 2892 ὠνήσειεν
2397 2851 2458 2885 B‘s
2466 2850 2480 2897 ΙΙ

1403 2899 1444 2931 35
1469 2895 1801 2931 intercessidvva
1817 2891 2116 2942 ἰντερκεσσιόνων
2129 2894 2180 2927 B!
2206 2893 2480 2941 ἰντερκεσιόνων

1403 2943 1450 2975 Bl
1462 2939 1746 2987 ἀντιφωνήσεων
1756 2943 1799 2985 L,
1813 2945 1846 2976 in
1858 2954 1960 2983 marg).
1973 2939 2018 2973 B‘
2034 2940 2046 2983 ΙΙ
2065 2941 2107 2974 36
2122 2937 2339 2984 ἐγράψαμεν]
2357 2941 2434 2975 cod.
2447 2944 2478 2983 4,

1403 2994 1501 3030 29,22
1518 2988 1531 3030 ΙΙ
1553 2984 1702 3032 ὕστερον
1727 3001 1785 3021 οηι.
1801 3000 1820 3023 ς
1844 2987 1857 3030 ΙΙ
1886 2988 1926 3021 37
1948 2983 2026 3026 τὴν]
2051 2982 2095 3026 τὴ
2118 2985 2166 3018 L¹
2183 2990 2195 3027 ΙΙ
2221 2987 2262 3019 38
2286 2983 2480 3031 γενόμενον

1402 3033 1494 3066 malit
1507 3034 1688 3066 Haimbach
1713 3032 1726 3075 ΙΙ
1749 3029 1846 3065 οὕτω
1865 3051 1906 3057 -
1925 3032 2001 3071 331,
2020 3038 2037 3064 4
2057 3032 2265 3063 συναίνεσιν
2289 3044 2346 3065 om.
2368 3031 2477 3075 Epan-

1449 3167 1469 3199 2
1493 3165 1617 3198 faciens
1642 3163 1689 3207 ιῃᾷ
1715 3165 1786 3197 siue
1807 3166 1879 3206 (sic)
1904 3166 1937 3198 R
1966 3165 1979 3210 ΙΙ
2006 3167 2026 3199 3
2051 3165 2131 3207 quid
2155 3165 2203 3198 R¹
2232 3164 2246 3208 ΙΙ
2279 3165 2300 3198 9
2324 3164 2479 3198 ueniente

1412 3210 1513 3251 VbT]
1539 3210 1734 3243 inueniente
1758 3210 1869 3243 R¹V⁰
1899 3211 2074 3244 inueniens
2091 3210 2140 3244 Ιί2
2171 3209 2342 3243 eveniente
2364 3211 2449 3254 only.
2466 3209 2480 3254 ΙΙ

1403 3256 1552 3288 forsitam
1573 3256 1606 3289 V
1620 3256 1633 3300 ΙΙ
1659 3258 1699 3289 10
1723 3255 1852 3288 lucrum
1877 3255 1911 3288 R
1929 3255 1941 3300 ΙΙ
1971 3258 2009 3290 11
2036 3256 2194 3298 patiatur]
2219 3255 2306 3288 dona
2328 3255 2477 3298 patiatur

1412 3302 1459 3334 V¹
1486 3302 1499 3344 ss
1531 3302 1572 3334 12
1597 3305 1630 3334 et
1657 3301 1900 3345 Osenbra'iqqen]
1929 3304 1988 3334 aut
2012 3302 2090 3335 libri
2117 3301 2129 3345 ΙΙ
2159 3302 2198 3335 13
2222 3311 2360 3342 persone
2387 3300 2432 3332 R¹
2466 3298 2480 3344 ΙΙ

1404 3345 1472 3378 illis
1499 3346 1543 3379 R‘
1564 3345 1577 3389 ΙΙ
1603 3349 1644 3380 14
1667 3346 1822 3379 omnibus
1846 3346 1951 3380 modis
1976 3346 2036 3389 Rss
2063 3345 2233 3379 inadibilis
2256 3347 2288 3379 R
2302 3346 2400 3389 cuiq-J
2425 3345 2478 3377 in-

1403 3391 1502 3424 abilis
1525 3391 1590 3424 VT
1610 3392 1623 3435 ss
1656 3393 1694 3426 18
1719 3392 1879 3435 ypotheca
1901 3391 1964 3436 Vn
1994 3394 2034 3426 19
2058 3402 2152 3424 orum
2175 3392 2207 3425 V
2225 3391 2238 3434 ΙΙ
2270 3391 2310 3426 21
2337 3393 2370 3424 et
2392 3389 2476 3430 ΒΤ]

1404 3440 1442 3469 ut
1463 3435 1516 3479 Vn
1536 3437 1577 3470 23
1600 3437 1659 3478 qui
1681 3437 1778 3469 etiam
1799 3449 1857 3470 om.
1871 3436 1921 3469 R¹
1939 3436 1951 3481 ΙΙ
1973 3437 2007 3470 in
2022 3448 2089 3470 rem
2103 3438 2147 3478 R]
2172 3436 2208 3469 in
2227 3447 2297 3469 rem
2315 3435 2477 3468 actionem

1412 3481 1570 3524 VTvulq.
1589 3481 1602 3523 ΙΙ
1624 3484 1667 3516 26
1679 3491 1906 3525 superuacua
1927 3483 1975 3515 V¹
1999 3492 2205 3524 superuacua
2226 3481 2302 3524 V³fl
2329 3481 2372 3515 28
2392 3480 2476 3520 uias]

1403 3536 1516 3559 causas
1528 3527 1577 3559 R*
1595 3526 1601 3570 Ι
1624 3527 1800 3561 inueniant
1823 3527 2017 3561 artificiosas
2037 3527 2215 3561 inueniant
2232 3527 2284 3560 Ra
2298 3525 2312 3570 ΙΙ
2331 3526 2373 3559 30
2397 3534 2475 3557 con-

1404 3582 1518 3604 census
1539 3573 1573 3605 V
1595 3571 1600 3616 Ι
1637 3575 1695 3605 aut
1719 3573 1767 3614 in]
1792 3573 1827 3605 in
1853 3585 1910 3606 om.
1927 3574 1974 3606 R¹
1999 3574 2011 3616 ΙΙ
2038 3575 2082 3607 33
2103 3573 2139 3605 in
2163 3571 2284 3606 om.R¹
2312 3570 2326 3614 11
2354 3571 2399 3603 34
2421 3579 2476 3601 ex-

1403 3618 1754 3695 gigzitlelpsenbriiqyen
1770 3619 1782 3660 ΙΙ
1802 3620 1924 3659 rursus]
1953 3621 1984 3651 et
1999 3629 2113 3651 rursus
2125 3618 2159 3651 R
2176 3616 2190 3662 ΙΙ
2206 3618 2248 3651 36
2265 3616 2333 3656 flat]
2352 3615 2476 3648 factum
