<?xml version="1.0" encoding="UTF-8"?>
<!DOCTYPE html PUBLIC "-//W3C//DTD XHTML 1.0 Transitional//EN"
    "http://www.w3.org/TR/xhtml1/DTD/xhtml1-transitional.dtd">
<html xmlns="http://www.w3.org/1999/xhtml" xml:lang="en" lang="en">
 <head>
  <title>
</title>
<meta http-equiv="Content-Type" content="text/html;charset=utf-8" />
  <meta name='ocr-system' content='tesseract 3.04.00' />
  <meta name='ocr-capabilities' content='ocr_page ocr_carea ocr_par ocr_line ocrx_word'/>
</head>
<body>
  <div class='ocr_page' id='page_1' title='image "./corpusjuriscivil00krueuoft_0716.png"; bbox 0 0 2476 3854; ppageno 0'>
   <div class='ocr_carea' id='block_1_1' title="bbox 1219 96 1303 147">
    <p class='ocr_par' dir='ltr' id='par_1_1' title="bbox 1219 96 1303 147">
     <span class='ocr_line' id='line_1_1' title="bbox 1219 96 1303 147; baseline 0.012 -3"><span class='ocrx_word' id='word_1_1' title='bbox 1219 96 1303 147; x_wconf 80' lang='lat'><strong><em>690</em></strong></span> 
     </span>
    </p>
   </div>
   <div class='ocr_carea' id='block_1_2' title="bbox 134 100 2369 149">
    <p class='ocr_par' dir='ltr' id='par_1_2' title="bbox 134 100 2369 149">
     <span class='ocr_line' id='line_1_2' title="bbox 134 100 2369 149; baseline -0.001 -3"><span class='ocrx_word' id='word_1_2' title='bbox 134 101 241 146; x_wconf 82' lang='lat' dir='ltr'><em>Nov.</em></span> <span class='ocrx_word' id='word_1_3' title='bbox 266 100 464 146; x_wconf 78' lang='lat' dir='ltr'><strong>CXXXV</strong></span> <span class='ocrx_word' id='word_1_4' title='bbox 498 104 531 145; x_wconf 89' lang='lat'><strong><em>1.</em></strong></span> <span class='ocrx_word' id='word_1_5' title='bbox 1858 109 1919 142; x_wconf 70' lang='lat' dir='ltr'><em>m:</em></span> <span class='ocrx_word' id='word_1_6' title='bbox 1947 109 2025 149; x_wconf 63' lang='grc' dir='ltr'><strong><em>σοι</em></strong></span> <span class='ocrx_word' id='word_1_7' title='bbox 2053 102 2263 143; x_wconf 70' lang='lat' dir='ltr'><em>onssromz</em></span> <span class='ocrx_word' id='word_1_8' title='bbox 2291 112 2369 144; x_wconf 79' lang='lat' dir='ltr'><strong><em>tm</em></strong></span> 
     </span>
    </p>
   </div>
   <div class='ocr_carea' id='block_1_3' title="bbox 1198 225 1288 269">
    <p class='ocr_par' dir='ltr' id='par_1_3' title="bbox 1198 225 1288 269">
     <span class='ocr_line' id='line_1_3' title="bbox 1198 225 1288 269; baseline 0 -1"><span class='ocrx_word' id='word_1_9' title='bbox 1198 225 1288 269; x_wconf 49' lang='lat' dir='ltr'><strong><em>5OE</em></strong></span> 
     </span>
    </p>
   </div>
   <div class='ocr_carea' id='block_1_4' title="bbox 278 310 2228 433">
    <p class='ocr_par' dir='ltr' id='par_1_4' title="bbox 278 310 2228 433">
     <span class='ocr_line' id='line_1_4' title="bbox 278 310 2228 433; baseline -0.001 -66"><span class='ocrx_word' id='word_1_10' title='bbox 278 314 456 367; x_wconf 89' lang='grc' dir='ltr'><strong>ΠΕΡΙ</strong></span> <span class='ocrx_word' id='word_1_11' title='bbox 505 312 648 366; x_wconf 83' lang='grc' dir='ltr'><strong><em>ΤΟΥ</em></strong></span> <span class='ocrx_word' id='word_1_12' title='bbox 697 313 818 366; x_wconf 81' lang='lat' dir='ltr'><strong><em>MH</em></strong></span> <span class='ocrx_word' id='word_1_13' title='bbox 866 311 1473 433; x_wconf 46' lang='grc' dir='ltr'>ΑΝΑῘΙΞΙΙξέΙξΕΣΣὲἒΙΙ</span> <span class='ocrx_word' id='word_1_14' title='bbox 1523 310 1758 365; x_wconf 86' lang='grc' dir='ltr'>ΤΙΝΑΣ</span> <span class='ocrx_word' id='word_1_15' title='bbox 1807 310 2228 365; x_wconf 77' lang='grc' dir='ltr'>ΕΚΣΤΑΣΙῼΙ</span> 
     </span>
    </p>
   </div>
   <div class='ocr_carea' id='block_1_5' title="bbox 130 465 2370 830">
    <p class='ocr_par' dir='ltr' id='par_1_5' title="bbox 130 465 2370 830">
     <span class='ocr_line' id='line_1_5' title="bbox 267 465 2370 548; baseline 0 -44"><span class='ocrx_word' id='word_1_16' title='bbox 267 473 331 515; x_wconf 83' lang='grc' dir='ltr'><strong><em>(Π</em></strong></span> <span class='ocrx_word' id='word_1_17' title='bbox 334 483 408 515; x_wconf 91' lang='grc' dir='ltr'><strong><em>ροο</em></strong></span> <span class='ocrx_word' id='word_1_18' title='bbox 420 468 578 548; x_wconf 58' lang='grc' dir='ltr'><strong><em>ι’μιονέ</em></strong></span> <span class='ocrx_word' id='word_1_19' title='bbox 628 467 718 503; x_wconf 85' lang='grc' dir='ltr'><strong><em>Ὅσα</em></strong></span> <span class='ocrx_word' id='word_1_20' title='bbox 755 469 799 503; x_wconf 85' lang='grc' dir='ltr'><strong><em>τὸ</em></strong></span> <span class='ocrx_word' id='word_1_21' title='bbox 839 469 945 504; x_wconf 89' lang='grc' dir='ltr'><strong><em>θεῖον</em></strong></span> <span class='ocrx_word' id='word_1_22' title='bbox 983 469 1277 515; x_wconf 70' lang='grc' dir='ltr'><strong><em>ἐξευμενίζεσθαι</em></strong></span> <span class='ocrx_word' id='word_1_23' title='bbox 1313 465 1369 516; x_wconf 81' lang='lat' dir='ltr'><em>2‘·‹p’</em></span> <span class='ocrx_word' id='word_1_24' title='bbox 1412 467 1518 513; x_wconf 79' lang='grc' dir='ltr'><strong><em>ἡμῶν</em></strong></span> <span class='ocrx_word' id='word_1_25' title='bbox 1552 471 1813 524; x_wconf 78' lang='grc' dir='ltr'><strong><em>προτρέπεται,</em></strong></span> <span class='ocrx_word' id='word_1_26' title='bbox 1848 469 1967 504; x_wconf 70' lang='grc' dir='ltr'><strong><em>ταῦτα</em></strong></span> <span class='ocrx_word' id='word_1_27' title='bbox 2001 471 2062 505; x_wconf 83' lang='grc' dir='ltr'><strong><em>ἐπὶ</em></strong></span> <span class='ocrx_word' id='word_1_28' title='bbox 2096 472 2169 504; x_wconf 83' lang='grc' dir='ltr'><strong><em>τοῖς</em></strong></span> <span class='ocrx_word' id='word_1_29' title='bbox 2199 465 2370 513; x_wconf 73' lang='grc' dir='ltr'><strong><em>ὑπηκόοις</em></strong></span> 
     </span>
     <span class='ocr_line' id='line_1_6' title="bbox 133 511 2365 561; baseline 0 -12"><span class='ocrx_word' id='word_1_30' title='bbox 133 514 362 556; x_wconf 51' lang='grc' dir='ltr'><strong><em>αι’νξάνεσῖῒαί</em></strong></span> <span class='ocrx_word' id='word_1_31' title='bbox 391 528 431 550; x_wconf 89' lang='grc' dir='ltr'><strong><em>τε</em></strong></span> <span class='ocrx_word' id='word_1_32' title='bbox 457 518 517 548; x_wconf 83' lang='grc' dir='ltr'><strong><em>καὶ</em></strong></span> <span class='ocrx_word' id='word_1_33' title='bbox 573 513 771 559; x_wconf 86' lang='grc' dir='ltr'><strong><em>ιαλάμπειν</em></strong></span> <span class='ocrx_word' id='word_1_34' title='bbox 804 511 1076 561; x_wconf 79' lang='grc' dir='ltr'><strong><em>ἀγωνιζόμεθα.</em></strong></span> <span class='ocrx_word' id='word_1_35' title='bbox 1125 514 1315 560; x_wconf 85' lang='grc' dir='ltr'><strong><em>Ζωσάριός</em></strong></span> <span class='ocrx_word' id='word_1_36' title='bbox 1333 525 1388 548; x_wconf 90' lang='grc' dir='ltr'><strong><em>τις</em></strong></span> <span class='ocrx_word' id='word_1_37' title='bbox 1407 515 1446 548; x_wconf 88' lang='grc' dir='ltr'><strong><em>ἐκ</em></strong></span> <span class='ocrx_word' id='word_1_38' title='bbox 1466 515 1527 557; x_wconf 85' lang='grc' dir='ltr'><strong><em>τῆς</em></strong></span> <span class='ocrx_word' id='word_1_39' title='bbox 1551 518 1692 549; x_wconf 88' lang='grc' dir='ltr'><strong><em>Μυσων</em></strong></span> <span class='ocrx_word' id='word_1_40' title='bbox 1716 516 1887 560; x_wconf 80' lang='grc' dir='ltr'><strong><em>ἐπαρχίας</em></strong></span> <span class='ocrx_word' id='word_1_41' title='bbox 1910 514 2100 549; x_wconf 78' lang='grc' dir='ltr'><strong><em>καθεστώς</em></strong></span> <span class='ocrx_word' id='word_1_42' title='bbox 2123 514 2192 549; x_wconf 82' lang='grc' dir='ltr'><strong><em>σὺν</em></strong></span> <span class='ocrx_word' id='word_1_43' title='bbox 2215 513 2365 550; x_wconf 86' lang='grc' dir='ltr'><strong><em>δάκουσι</em></strong></span> 
     </span>
     <span class='ocr_line' id='line_1_7' title="bbox 133 549 2368 606; baseline 0 -11"><span class='ocrx_word' id='word_1_44' title='bbox 133 560 276 604; x_wconf 83' lang='grc' dir='ltr'><strong><em>δεηθεὶς</em></strong></span> <span class='ocrx_word' id='word_1_45' title='bbox 300 557 404 605; x_wconf 80' lang='grc' dir='ltr'><strong><em>ἡμῶν</em></strong></span> <span class='ocrx_word' id='word_1_46' title='bbox 428 558 604 603; x_wconf 74' lang='grc' dir='ltr'><strong><em>ἐδίδαξεν,</em></strong></span> <span class='ocrx_word' id='word_1_47' title='bbox 629 558 677 594; x_wconf 65' lang='grc' dir='ltr'><strong><em>οἷς</em></strong></span> <span class='ocrx_word' id='word_1_48' title='bbox 700 562 761 593; x_wconf 81' lang='grc' dir='ltr'><strong><em>ἐπὶ</em></strong></span> <span class='ocrx_word' id='word_1_49' title='bbox 784 559 939 606; x_wconf 85' lang='grc' dir='ltr'><strong><em>χρήμασι</em></strong></span> <span class='ocrx_word' id='word_1_50' title='bbox 963 558 1146 605; x_wconf 78' lang='grc' dir='ltr'><strong><em>δημοσίοις</em></strong></span> <span class='ocrx_word' id='word_1_51' title='bbox 1167 573 1208 594; x_wconf 90' lang='grc' dir='ltr'><strong><em>τε</em></strong></span> <span class='ocrx_word' id='word_1_52' title='bbox 1232 563 1291 594; x_wconf 87' lang='grc' dir='ltr'><strong><em>καὶ</em></strong></span> <span class='ocrx_word' id='word_1_53' title='bbox 1315 557 1508 594; x_wconf 76' lang='grc' dir='ltr'><strong><em>ἰδιωτικοῖς</em></strong></span> <span class='ocrx_word' id='word_1_54' title='bbox 1530 557 1730 604; x_wconf 80' lang='grc' dir='ltr'><strong><em>μεθοδείαν</em></strong></span> <span class='ocrx_word' id='word_1_55' title='bbox 1759 556 1955 604; x_wconf 76' lang='grc' dir='ltr'><strong><em>ὑπομένων</em></strong></span> <span class='ocrx_word' id='word_1_56' title='bbox 1979 557 2051 594; x_wconf 79' lang='grc' dir='ltr'><strong><em>ὑπὸ</em></strong></span> <span class='ocrx_word' id='word_1_57' title='bbox 2075 560 2140 594; x_wconf 77' lang='grc' dir='ltr'><strong><em>τοῦ</em></strong></span> <span class='ocrx_word' id='word_1_58' title='bbox 2165 561 2228 604; x_wconf 76' lang='grc' dir='ltr'><strong><em>τῆς</em></strong></span> <span class='ocrx_word' id='word_1_59' title='bbox 2249 549 2302 603; x_wconf 58' lang='grc' dir='ltr'><strong><em>χο)</em></strong></span> <span class='ocrx_word' id='word_1_60' title='bbox 2328 571 2368 595; x_wconf 84' lang='grc' dir='ltr'><strong><em>ας</em></strong></span> 
     </span>
     <span class='ocr_line' id='line_1_8' title="bbox 132 601 2366 653; baseline 0 -13"><span class='ocrx_word' id='word_1_61' title='bbox 132 606 389 651; x_wconf 75' lang='grc' dir='ltr'><strong><em>λαμπροτάτου</em></strong></span> <span class='ocrx_word' id='word_1_62' title='bbox 419 605 590 651; x_wconf 81' lang='grc' dir='ltr'><strong><em>ἄρχοντος</em></strong></span> <span class='ocrx_word' id='word_1_63' title='bbox 621 606 681 639; x_wconf 85' lang='grc' dir='ltr'><strong><em>ἐπὶ</em></strong></span> <span class='ocrx_word' id='word_1_64' title='bbox 713 601 815 650; x_wconf 69' lang='grc' dir='ltr'><strong><em>’ὕβρει</em></strong></span> <span class='ocrx_word' id='word_1_65' title='bbox 848 608 908 639; x_wconf 88' lang='grc' dir='ltr'><strong><em>καὶ</em></strong></span> <span class='ocrx_word' id='word_1_66' title='bbox 934 604 1028 653; x_wconf 85' lang='grc' dir='ltr'><strong><em>μόνῃ</em></strong></span> <span class='ocrx_word' id='word_1_67' title='bbox 1048 605 1103 647; x_wconf 83' lang='grc' dir='ltr'><strong><em>(οὗ</em></strong></span> <span class='ocrx_word' id='word_1_68' title='bbox 1128 606 1198 652; x_wconf 80' lang='grc' dir='ltr'><strong><em>γὰρ</em></strong></span> <span class='ocrx_word' id='word_1_69' title='bbox 1222 608 1282 640; x_wconf 83' lang='grc' dir='ltr'><strong><em>ἐπὶ</em></strong></span> <span class='ocrx_word' id='word_1_70' title='bbox 1307 606 1384 639; x_wconf 81' lang='grc' dir='ltr'><strong><em>τῶν</em></strong></span> <span class='ocrx_word' id='word_1_71' title='bbox 1406 602 1602 649; x_wconf 89' lang='grc' dir='ltr'><strong><em>χρημάτων</em></strong></span> <span class='ocrx_word' id='word_1_72' title='bbox 1626 605 1795 640; x_wconf 79' lang='grc' dir='ltr'><strong><em>πέπονθε</em></strong></span> <span class='ocrx_word' id='word_1_73' title='bbox 1818 608 2108 650; x_wconf 84' lang='grc' dir='ltr'><strong><em>περσεκουτίονος</em></strong></span> <span class='ocrx_word' id='word_1_74' title='bbox 2130 603 2296 640; x_wconf 82' lang='grc' dir='ltr'><strong><em>ἐπιδίδοσ</em></strong></span> <span class='ocrx_word' id='word_1_75' title='bbox 2331 619 2366 640; x_wconf 63' lang='lat' dir='ltr'><strong><em>aa</em></strong></span> 
     </span>
     <span class='ocr_line' id='line_1_9' title="bbox 131 647 2364 697; baseline 0 -13"><span class='ocrx_word' id='word_1_76' title='bbox 131 650 311 694; x_wconf 72' lang='grc' dir='ltr'><strong><em>λιβέλλους</em></strong></span> <span class='ocrx_word' id='word_1_77' title='bbox 341 652 419 685; x_wconf 79' lang='grc' dir='ltr'><strong><em>τῶν</em></strong></span> <span class='ocrx_word' id='word_1_78' title='bbox 449 653 592 685; x_wconf 82' lang='grc' dir='ltr'><strong><em>οἰκείων</em></strong></span> <span class='ocrx_word' id='word_1_79' title='bbox 622 663 696 695; x_wconf 90' lang='grc' dir='ltr'><strong><em>πρα</em></strong></span> <span class='ocrx_word' id='word_1_80' title='bbox 719 650 850 695; x_wconf 84' lang='grc' dir='ltr'><strong><em>μάτων</em></strong></span> <span class='ocrx_word' id='word_1_81' title='bbox 881 647 1024 694; x_wconf 62' lang='lat' dir='ltr'><em>ozimi)-</em></span> <span class='ocrx_word' id='word_1_82' title='bbox 1064 647 1154 697; x_wconf 74' lang='grc' dir='ltr'><strong><em>ὅπερ</em></strong></span> <span class='ocrx_word' id='word_1_83' title='bbox 1186 647 1415 685; x_wconf 74' lang='grc' dir='ltr'><strong><em>ἀδικώτατον</em></strong></span> <span class='ocrx_word' id='word_1_84' title='bbox 1446 652 1506 683; x_wconf 84' lang='grc' dir='ltr'><strong><em>καὶ</em></strong></span> <span class='ocrx_word' id='word_1_85' title='bbox 1535 651 1614 683; x_wconf 81' lang='grc' dir='ltr'><strong><em>τῶν</em></strong></span> <span class='ocrx_word' id='word_1_86' title='bbox 1645 651 1686 684; x_wconf 81' lang='grc' dir='ltr'><strong><em>ἐν</em></strong></span> <span class='ocrx_word' id='word_1_87' title='bbox 1715 649 1920 696; x_wconf 79' lang='grc' dir='ltr'><strong><em>κεφαλαίοις</em></strong></span> <span class='ocrx_word' id='word_1_88' title='bbox 1950 649 2123 696; x_wconf 76' lang='grc' dir='ltr'><strong><em>λυπηρῶν</em></strong></span> <span class='ocrx_word' id='word_1_89' title='bbox 2150 650 2364 694; x_wconf 83' lang='grc' dir='ltr'><strong><em>καθέστηκε.</em></strong></span> 
     </span>
     <span class='ocr_line' id='line_1_10' title="bbox 132 691 2367 742; baseline -0 -11"><span class='ocrx_word' id='word_1_90' title='bbox 132 697 203 742; x_wconf 65' lang='grc' dir='ltr'><strong><em>ποῦ</em></strong></span> <span class='ocrx_word' id='word_1_91' title='bbox 225 696 296 742; x_wconf 84' lang='grc' dir='ltr'><strong><em>γὰρ</em></strong></span> <span class='ocrx_word' id='word_1_92' title='bbox 319 694 479 738; x_wconf 84' lang='grc' dir='ltr'><strong><em>δίκαιον,</em></strong></span> <span class='ocrx_word' id='word_1_93' title='bbox 511 696 580 730; x_wconf 83' lang='grc' dir='ltr'><strong><em>τὸν</em></strong></span> <span class='ocrx_word' id='word_1_94' title='bbox 604 692 682 730; x_wconf 71' lang='grc' dir='ltr'><strong><em>ὅπα</em></strong></span> <span class='ocrx_word' id='word_1_95' title='bbox 728 698 766 730; x_wconf 89' lang='grc' dir='ltr'><strong><em>ἐκ</em></strong></span> <span class='ocrx_word' id='word_1_96' title='bbox 790 696 854 730; x_wconf 79' lang='grc' dir='ltr'><strong><em>τοῦ</em></strong></span> <span class='ocrx_word' id='word_1_97' title='bbox 879 695 1146 740; x_wconf 84' lang='grc' dir='ltr'><strong><em>συμβεβηκότος</em></strong></span> <span class='ocrx_word' id='word_1_98' title='bbox 1170 699 1230 730; x_wconf 82' lang='grc' dir='ltr'><strong><em>καὶ</em></strong></span> <span class='ocrx_word' id='word_1_99' title='bbox 1253 693 1295 730; x_wconf 80' lang='grc' dir='ltr'><strong><em>οὐ</em></strong></span> <span class='ocrx_word' id='word_1_100' title='bbox 1321 695 1488 742; x_wconf 77' lang='grc' dir='ltr'><strong><em>ῥᾳθυμίᾳ</em></strong></span> <span class='ocrx_word' id='word_1_101' title='bbox 1512 692 1808 741; x_wconf 81' lang='grc' dir='ltr'><strong><em>παραδεδομένον</em></strong></span> <span class='ocrx_word' id='word_1_102' title='bbox 1832 694 1933 729; x_wconf 81' lang='grc' dir='ltr'><strong><em>ἐκτὸς</em></strong></span> <span class='ocrx_word' id='word_1_103' title='bbox 1952 696 2031 730; x_wconf 81' lang='grc' dir='ltr'><strong><em>τῶν</em></strong></span> <span class='ocrx_word' id='word_1_104' title='bbox 2054 691 2166 730; x_wconf 73' lang='grc' dir='ltr'><strong><em>αὑτοῦ</em></strong></span> <span class='ocrx_word' id='word_1_105' title='bbox 2189 696 2367 742; x_wconf 82' lang='grc' dir='ltr'><strong><em>γεγονότα</em></strong></span> 
     </span>
     <span class='ocr_line' id='line_1_11' title="bbox 132 738 2367 808; baseline 0 -34"><span class='ocrx_word' id='word_1_106' title='bbox 132 741 242 808; x_wconf 58' lang='grc' dir='ltr'><strong><em>αὲἲθις</em></strong></span> <span class='ocrx_word' id='word_1_107' title='bbox 266 740 452 786; x_wconf 80' lang='grc' dir='ltr'><strong><em>ἀσχήμονα</em></strong></span> <span class='ocrx_word' id='word_1_108' title='bbox 472 741 540 776; x_wconf 87' lang='grc' dir='ltr'><strong><em>τὸν</em></strong></span> <span class='ocrx_word' id='word_1_109' title='bbox 563 744 647 785; x_wconf 87' lang='grc' dir='ltr'><strong><em>βίον</em></strong></span> <span class='ocrx_word' id='word_1_110' title='bbox 667 742 786 785; x_wconf 81' lang='grc' dir='ltr'><strong><em>ἑαυτῷ</em></strong></span> <span class='ocrx_word' id='word_1_111' title='bbox 808 741 1058 788; x_wconf 73' lang='grc' dir='ltr'><strong><em>περιτιθέναι,</em></strong></span> <span class='ocrx_word' id='word_1_112' title='bbox 1089 744 1148 775; x_wconf 80' lang='grc' dir='ltr'><strong><em>καὶ</em></strong></span> <span class='ocrx_word' id='word_1_113' title='bbox 1178 742 1242 785; x_wconf 80' lang='grc' dir='ltr'><strong><em>τῆς</em></strong></span> <span class='ocrx_word' id='word_1_114' title='bbox 1265 742 1442 787; x_wconf 79' lang='grc' dir='ltr'><strong><em>ἐφημέρου</em></strong></span> <span class='ocrx_word' id='word_1_115' title='bbox 1465 743 1600 786; x_wconf 81' lang='grc' dir='ltr'><strong><em>τροφῆς</em></strong></span> <span class='ocrx_word' id='word_1_116' title='bbox 1623 738 1672 774; x_wconf 76' lang='grc' dir='ltr'><strong><em>οὖς</em></strong></span> <span class='ocrx_word' id='word_1_117' title='bbox 1694 740 1787 774; x_wconf 82' lang='grc' dir='ltr'><strong><em>εἰκὸς</em></strong></span> <span class='ocrx_word' id='word_1_118' title='bbox 1809 741 1874 784; x_wconf 82' lang='grc' dir='ltr'><strong><em>τῆς</em></strong></span> <span class='ocrx_word' id='word_1_119' title='bbox 1895 753 1936 775; x_wconf 89' lang='grc' dir='ltr'><strong><em>τε</em></strong></span> <span class='ocrx_word' id='word_1_120' title='bbox 1958 741 2023 775; x_wconf 81' lang='grc' dir='ltr'><strong><em>τοῦ</em></strong></span> <span class='ocrx_word' id='word_1_121' title='bbox 2047 740 2214 785; x_wconf 79' lang='grc' dir='ltr'><strong><em>σώματος</em></strong></span> <span class='ocrx_word' id='word_1_122' title='bbox 2237 743 2367 784; x_wconf 83' lang='grc' dir='ltr'><strong><em>σκέπης</em></strong></span> 
     </span>
     <span class='ocr_line' id='line_1_12' title="bbox 130 787 622 830; baseline -0.002 -10"><span class='ocrx_word' id='word_1_123' title='bbox 130 788 202 826; x_wconf 59' lang='grc' dir='ltr'><strong><em>ε’,ω</em></strong></span> <span class='ocrx_word' id='word_1_124' title='bbox 225 789 355 830; x_wconf 81' lang='grc' dir='ltr'><strong><em>βιαίως</em></strong></span> <span class='ocrx_word' id='word_1_125' title='bbox 378 787 622 830; x_wconf 75' lang='grc' dir='ltr'><strong><em>καταστῆναις</em></strong></span> 
     </span>
    </p>
   </div>
   <div class='ocr_carea' id='block_1_6' title="bbox 1153 864 1359 901">
    <p class='ocr_par' dir='ltr' id='par_1_6' title="bbox 1153 864 1359 901">
     <span class='ocr_line' id='line_1_13' title="bbox 1153 864 1359 901; baseline 0 -1"><span class='ocrx_word' id='word_1_126' title='bbox 1153 865 1310 901; x_wconf 86' lang='lat' dir='ltr'><strong>CAPUT</strong></span> <span class='ocrx_word' id='word_1_127' title='bbox 1330 864 1359 900; x_wconf 88' lang='lat'><strong><em>1.</em></strong></span> 
     </span>
    </p>
   </div>
   <div class='ocr_carea' id='block_1_7' title="bbox 129 930 2367 1568">
    <p class='ocr_par' dir='ltr' id='par_1_7' title="bbox 129 930 2367 1568">
     <span class='ocr_line' id='line_1_14' title="bbox 273 930 2367 979; baseline 0.001 -13"><span class='ocrx_word' id='word_1_128' title='bbox 273 934 393 967; x_wconf 81' lang='grc' dir='ltr'><strong><em>Ταῦτα</em></strong></span> <span class='ocrx_word' id='word_1_129' title='bbox 430 932 617 975; x_wconf 86' lang='grc' dir='ltr'><strong><em>μαθόντες</em></strong></span> <span class='ocrx_word' id='word_1_130' title='bbox 650 936 711 967; x_wconf 85' lang='grc' dir='ltr'><strong><em>καὶ</em></strong></span> <span class='ocrx_word' id='word_1_131' title='bbox 745 933 798 976; x_wconf 71' lang='grc' dir='ltr'><strong><em>τῷ</em></strong></span> <span class='ocrx_word' id='word_1_132' title='bbox 835 936 1013 978; x_wconf 85' lang='grc' dir='ltr'><strong><em>κρείττονι</em></strong></span> <span class='ocrx_word' id='word_1_133' title='bbox 1036 931 1080 967; x_wconf 88' lang='grc' dir='ltr'><strong><em>τὸ</em></strong></span> <span class='ocrx_word' id='word_1_134' title='bbox 1116 935 1234 978; x_wconf 89' lang='grc' dir='ltr'><strong><em>χεῖρον</em></strong></span> <span class='ocrx_word' id='word_1_135' title='bbox 1271 931 1559 978; x_wconf 69' lang='grc' dir='ltr'><strong><em>διορθώσασθαι</em></strong></span> <span class='ocrx_word' id='word_1_136' title='bbox 1594 931 1685 979; x_wconf 88' lang='grc' dir='ltr'><strong><em>πρὸς</em></strong></span> <span class='ocrx_word' id='word_1_137' title='bbox 1713 932 1920 976; x_wconf 82' lang='grc' dir='ltr'><strong><em>θεραπείαν</em></strong></span> <span class='ocrx_word' id='word_1_138' title='bbox 1948 933 2014 968; x_wconf 77' lang='grc' dir='ltr'><strong><em>τοῦ</em></strong></span> <span class='ocrx_word' id='word_1_139' title='bbox 2044 945 2086 968; x_wconf 88' lang='grc' dir='ltr'><strong><em>τε</em></strong></span> <span class='ocrx_word' id='word_1_140' title='bbox 2116 930 2139 967; x_wconf 82' lang='grc' dir='ltr'><em>ἆ</em></span> <span class='ocrx_word' id='word_1_141' title='bbox 2165 933 2264 967; x_wconf 78' lang='grc' dir='ltr'><strong><em>αθοῦ</em></strong></span> <span class='ocrx_word' id='word_1_142' title='bbox 2288 933 2367 968; x_wconf 79' lang='grc' dir='ltr'><strong><em>τῶν</em></strong></span> 
     </span>
     <span class='ocr_line' id='line_1_15' title="bbox 130 973 2366 1024; baseline 0 -12"><span class='ocrx_word' id='word_1_143' title='bbox 130 973 311 1012; x_wconf 71' lang='grc' dir='ltr'><strong><em>ἁπάντων</em></strong></span> <span class='ocrx_word' id='word_1_144' title='bbox 342 978 433 1011; x_wconf 82' lang='grc' dir='ltr'><strong><em>θεοῦ</em></strong></span> <span class='ocrx_word' id='word_1_145' title='bbox 465 980 524 1011; x_wconf 82' lang='grc' dir='ltr'><strong><em>καὶ</em></strong></span> <span class='ocrx_word' id='word_1_146' title='bbox 554 978 618 1012; x_wconf 80' lang='grc' dir='ltr'><strong><em>τοῦ</em></strong></span> <span class='ocrx_word' id='word_1_147' title='bbox 650 977 700 1022; x_wconf 85' lang='grc' dir='ltr'><strong><em>μή</em></strong></span> <span class='ocrx_word' id='word_1_148' title='bbox 731 991 768 1012; x_wconf 86' lang='grc' dir='ltr'><strong><em>τι</em></strong></span> <span class='ocrx_word' id='word_1_149' title='bbox 799 977 977 1022; x_wconf 81' lang='grc' dir='ltr'><strong><em>θλιβερὸν</em></strong></span> <span class='ocrx_word' id='word_1_150' title='bbox 998 979 1059 1012; x_wconf 79' lang='grc' dir='ltr'><strong><em>ἐπὶ</em></strong></span> <span class='ocrx_word' id='word_1_151' title='bbox 1083 976 1188 1022; x_wconf 81' lang='grc' dir='ltr'><strong><em>ἡμῶν</em></strong></span> <span class='ocrx_word' id='word_1_152' title='bbox 1212 977 1473 1013; x_wconf 85' lang='grc' dir='ltr'><strong><em>πολιτεύεσθαι</em></strong></span> <span class='ocrx_word' id='word_1_153' title='bbox 1497 977 1801 1022; x_wconf 88' lang='grc' dir='ltr'><strong><em>προθυμηθέντες</em></strong></span> <span class='ocrx_word' id='word_1_154' title='bbox 1821 978 2058 1024; x_wconf 84' lang='grc' dir='ltr'><strong><em>θεσπίζομεν,</em></strong></span> <span class='ocrx_word' id='word_1_155' title='bbox 2081 992 2131 1024; x_wconf 90' lang='grc' dir='ltr'><strong><em>μη</em></strong></span> <span class='ocrx_word' id='word_1_156' title='bbox 2156 982 2211 1013; x_wconf 83' lang='grc' dir='ltr'><strong><em>ενὶ</em></strong></span> <span class='ocrx_word' id='word_1_157' title='bbox 2235 978 2366 1020; x_wconf 76' lang='grc' dir='ltr'><strong><em>ἐξεῖναι</em></strong></span> 
     </span>
     <span class='ocr_line' id='line_1_16' title="bbox 130 1019 2366 1070; baseline 0 -13"><span class='ocrx_word' id='word_1_158' title='bbox 130 1025 209 1057; x_wconf 86' lang='grc' dir='ltr'><strong><em>τῶν</em></strong></span> <span class='ocrx_word' id='word_1_159' title='bbox 233 1021 486 1063; x_wconf 72' lang='grc' dir='ltr'><strong><em>ἐνδοξοτάτων</em></strong></span> <span class='ocrx_word' id='word_1_160' title='bbox 517 1021 540 1066; x_wconf 85' lang='grc' dir='ltr'><em>ἢ</em></span> <span class='ocrx_word' id='word_1_161' title='bbox 568 1022 969 1070; x_wconf 75' lang='grc' dir='ltr'><strong><em>μεγαλοπρεπεστάτων</em></strong></span> <span class='ocrx_word' id='word_1_162' title='bbox 1000 1021 1189 1068; x_wconf 82' lang='grc' dir='ltr'><strong><em>ἀρχόντων</em></strong></span> <span class='ocrx_word' id='word_1_163' title='bbox 1221 1025 1412 1057; x_wconf 79' lang='grc' dir='ltr'><strong><em>ἐκστασίου</em></strong></span> <span class='ocrx_word' id='word_1_164' title='bbox 1444 1020 1655 1069; x_wconf 85' lang='grc' dir='ltr'><strong><em>πράγματος</em></strong></span> <span class='ocrx_word' id='word_1_165' title='bbox 1680 1020 1788 1068; x_wconf 86' lang='grc' dir='ltr'><strong><em>χάριν</em></strong></span> <span class='ocrx_word' id='word_1_166' title='bbox 1819 1019 1981 1070; x_wconf 82' lang='grc' dir='ltr'><strong><em>ἀνάγκην</em></strong></span> <span class='ocrx_word' id='word_1_167' title='bbox 2011 1022 2162 1070; x_wconf 84' lang='grc' dir='ltr'><strong><em>ἐπάγειν</em></strong></span> <span class='ocrx_word' id='word_1_168' title='bbox 2189 1026 2264 1058; x_wconf 79' lang='grc' dir='ltr'><strong><em>τινὶ</em></strong></span> <span class='ocrx_word' id='word_1_169' title='bbox 2286 1023 2366 1057; x_wconf 81' lang='grc' dir='ltr'><strong><em>τῶν</em></strong></span> 
     </span>
     <span class='ocr_line' id='line_1_17' title="bbox 131 1065 2366 1114; baseline 0.001 -13"><span class='ocrx_word' id='word_1_170' title='bbox 131 1069 196 1102; x_wconf 73' lang='grc' dir='ltr'><strong><em>τὰς</em></strong></span> <span class='ocrx_word' id='word_1_171' title='bbox 220 1065 379 1102; x_wconf 64' lang='grc' dir='ltr'><strong><em>εὐθύνας</em></strong></span> <span class='ocrx_word' id='word_1_172' title='bbox 403 1070 463 1102; x_wconf 87' lang='grc' dir='ltr'><strong><em>ἐπὶ</em></strong></span> <span class='ocrx_word' id='word_1_173' title='bbox 486 1071 563 1102; x_wconf 89' lang='grc' dir='ltr'><strong><em>ταῖς</em></strong></span> <span class='ocrx_word' id='word_1_174' title='bbox 587 1071 786 1114; x_wconf 79' lang='grc' dir='ltr'><strong><em>εῐρημέναις</em></strong></span> <span class='ocrx_word' id='word_1_175' title='bbox 808 1072 940 1113; x_wconf 83' lang='grc' dir='ltr'><strong><em>χρείαις</em></strong></span> <span class='ocrx_word' id='word_1_176' title='bbox 963 1069 1035 1112; x_wconf 82' lang='grc' dir='ltr'><strong><em>(ἐπὶ</em></strong></span> <span class='ocrx_word' id='word_1_177' title='bbox 1059 1068 1216 1114; x_wconf 87' lang='grc' dir='ltr'><strong><em>χρήμασι</em></strong></span> <span class='ocrx_word' id='word_1_178' title='bbox 1239 1068 1350 1111; x_wconf 83' lang='grc' dir='ltr'><strong><em>τυχὸν</em></strong></span> <span class='ocrx_word' id='word_1_179' title='bbox 1374 1067 1555 1112; x_wconf 80' lang='grc' dir='ltr'><strong><em>δημοσίοις</em></strong></span> <span class='ocrx_word' id='word_1_180' title='bbox 1578 1065 1600 1111; x_wconf 88' lang='grc' dir='ltr'><em>ἢ</em></span> <span class='ocrx_word' id='word_1_181' title='bbox 1623 1066 1829 1111; x_wconf 83' lang='grc' dir='ltr'><strong><em>ἰδιωτικοῖς)</em></strong></span> <span class='ocrx_word' id='word_1_182' title='bbox 1858 1065 2133 1114; x_wconf 80' lang='grc' dir='ltr'><strong><em>ὑπομενόντων,</em></strong></span> <span class='ocrx_word' id='word_1_183' title='bbox 2163 1067 2186 1112; x_wconf 86' lang='grc' dir='ltr'><em>ἢ</em></span> <span class='ocrx_word' id='word_1_184' title='bbox 2209 1080 2366 1103; x_wconf 82' lang='grc' dir='ltr'><strong><em>τοιουτο-</em></strong></span> 
     </span>
     <span class='ocr_line' id='line_1_18' title="bbox 130 1110 2367 1161; baseline 0 -14"><span class='ocrx_word' id='word_1_185' title='bbox 130 1114 279 1159; x_wconf 85' lang='grc' dir='ltr'><strong><em>τρόποις</em></strong></span> <span class='ocrx_word' id='word_1_186' title='bbox 306 1114 485 1157; x_wconf 76' lang='grc' dir='ltr'><strong><em>αἰκισμῶν</em></strong></span> <span class='ocrx_word' id='word_1_187' title='bbox 516 1114 716 1161; x_wconf 85' lang='grc' dir='ltr'><strong><em>κεχρῆσθαι</em></strong></span> <span class='ocrx_word' id='word_1_188' title='bbox 748 1126 818 1160; x_wconf 91' lang='grc' dir='ltr'><strong><em>προ</em></strong></span> <span class='ocrx_word' id='word_1_189' title='bbox 849 1115 994 1155; x_wconf 85' lang='grc' dir='ltr'><strong><em>άσεσιν,</em></strong></span> <span class='ocrx_word' id='word_1_190' title='bbox 1028 1112 1077 1148; x_wconf 78' lang='grc' dir='ltr'><strong><em>ιὸς</em></strong></span> <span class='ocrx_word' id='word_1_191' title='bbox 1108 1114 1156 1147; x_wconf 80' lang='grc' dir='ltr'><strong><em>ἂν</em></strong></span> <span class='ocrx_word' id='word_1_192' title='bbox 1189 1111 1318 1148; x_wconf 80' lang='grc' dir='ltr'><strong><em>αὐτοὺς</em></strong></span> <span class='ocrx_word' id='word_1_193' title='bbox 1345 1114 1408 1157; x_wconf 81' lang='grc' dir='ltr'><strong><em>τῆς</em></strong></span> <span class='ocrx_word' id='word_1_194' title='bbox 1439 1114 1506 1147; x_wconf 81' lang='grc' dir='ltr'><strong><em>τοῦ</em></strong></span> <span class='ocrx_word' id='word_1_195' title='bbox 1539 1113 1704 1158; x_wconf 78' lang='grc' dir='ltr'><strong><em>σώματος</em></strong></span> <span class='ocrx_word' id='word_1_196' title='bbox 1735 1110 1963 1159; x_wconf 85' lang='grc' dir='ltr'><strong><em>φειδομένους</em></strong></span> <span class='ocrx_word' id='word_1_197' title='bbox 1984 1118 2159 1159; x_wconf 83' lang='grc' dir='ltr'><strong><em>τιμωρίας</em></strong></span> <span class='ocrx_word' id='word_1_198' title='bbox 2181 1113 2367 1158; x_wconf 79' lang='grc' dir='ltr'><strong><em>αἱρεῖσθαι</em></strong></span> 
     </span>
     <span class='ocr_line' id='line_1_19' title="bbox 129 1155 2366 1205; baseline 0 -14"><span class='ocrx_word' id='word_1_199' title='bbox 129 1157 268 1203; x_wconf 69' lang='grc' dir='ltr'><strong><em>μᾶλλον</em></strong></span> <span class='ocrx_word' id='word_1_200' title='bbox 291 1158 360 1202; x_wconf 86' lang='grc' dir='ltr'><strong><em>τὴν</em></strong></span> <span class='ocrx_word' id='word_1_201' title='bbox 382 1159 461 1193; x_wconf 84' lang='grc' dir='ltr'><strong><em>τῶν</em></strong></span> <span class='ocrx_word' id='word_1_202' title='bbox 485 1156 590 1193; x_wconf 82' lang='grc' dir='ltr'><strong><em>ἰδίων</em></strong></span> <span class='ocrx_word' id='word_1_203' title='bbox 614 1161 782 1204; x_wconf 85' lang='grc' dir='ltr'><strong><em>στέρησιν</em></strong></span> <span class='ocrx_word' id='word_1_204' title='bbox 830 1159 991 1202; x_wconf 71' lang='grc' dir='ltr'><strong><em>ἔχεσθαι,</em></strong></span> <span class='ocrx_word' id='word_1_205' title='bbox 1015 1162 1075 1192; x_wconf 81' lang='grc' dir='ltr'><strong><em>καὶ</em></strong></span> <span class='ocrx_word' id='word_1_206' title='bbox 1099 1159 1149 1204; x_wconf 90' lang='grc' dir='ltr'><strong><em>μὴ</em></strong></span> <span class='ocrx_word' id='word_1_207' title='bbox 1169 1159 1237 1193; x_wconf 81' lang='grc' dir='ltr'><strong><em>σὺν</em></strong></span> <span class='ocrx_word' id='word_1_208' title='bbox 1253 1159 1307 1202; x_wconf 73' lang='grc' dir='ltr'><strong><em>τῷ</em></strong></span> <span class='ocrx_word' id='word_1_209' title='bbox 1329 1159 1392 1201; x_wconf 81' lang='grc' dir='ltr'><strong><em>τῆς</em></strong></span> <span class='ocrx_word' id='word_1_210' title='bbox 1407 1155 1557 1204; x_wconf 72' lang='grc' dir='ltr'><strong><em>ἀπορίας</em></strong></span> <span class='ocrx_word' id='word_1_211' title='bbox 1573 1158 1667 1205; x_wconf 80' lang='grc' dir='ltr'><strong><em>ζυγῷ</em></strong></span> <span class='ocrx_word' id='word_1_212' title='bbox 1684 1159 1814 1202; x_wconf 78' lang='grc' dir='ltr'><strong><em>καὶτῷ</em></strong></span> <span class='ocrx_word' id='word_1_213' title='bbox 1830 1159 1893 1202; x_wconf 77' lang='grc' dir='ltr'><strong><em>τῆς</em></strong></span> <span class='ocrx_word' id='word_1_214' title='bbox 1911 1156 2159 1204; x_wconf 75' lang='grc' dir='ltr'><strong><em>ἀσχημοσύνης</em></strong></span> <span class='ocrx_word' id='word_1_215' title='bbox 2173 1158 2366 1201; x_wconf 77' lang='grc' dir='ltr'><strong><em>πιέζεσθαι</em></strong></span> 
     </span>
     <span class='ocr_line' id='line_1_20' title="bbox 130 1200 2367 1251; baseline 0 -14"><span class='ocrx_word' id='word_1_216' title='bbox 130 1207 232 1249; x_wconf 77' lang='grc' dir='ltr'><strong><em>μέχρι</em></strong></span> <span class='ocrx_word' id='word_1_217' title='bbox 268 1203 435 1238; x_wconf 84' lang='grc' dir='ltr'><strong><em>θανάτου</em></strong></span> <span class='ocrx_word' id='word_1_218' title='bbox 471 1201 677 1247; x_wconf 80' lang='grc' dir='ltr'><strong><em>ὀνειδισμῷ.</em></strong></span> <span class='ocrx_word' id='word_1_219' title='bbox 725 1200 835 1250; x_wconf 81' lang='grc' dir='ltr'><strong><em>ὅρκον</em></strong></span> <span class='ocrx_word' id='word_1_220' title='bbox 867 1203 907 1238; x_wconf 82' lang='grc' dir='ltr'><strong><em>δὲ</em></strong></span> <span class='ocrx_word' id='word_1_221' title='bbox 934 1204 1023 1249; x_wconf 84' lang='grc' dir='ltr'><strong><em>πρὸς</em></strong></span> <span class='ocrx_word' id='word_1_222' title='bbox 1051 1205 1129 1238; x_wconf 83' lang='grc' dir='ltr'><strong><em>τῶν</em></strong></span> <span class='ocrx_word' id='word_1_223' title='bbox 1159 1205 1415 1249; x_wconf 82' lang='grc' dir='ltr'><strong><em>προςκυνητῶν</em></strong></span> <span class='ocrx_word' id='word_1_224' title='bbox 1446 1206 1616 1250; x_wconf 82' lang='grc' dir='ltr'><strong><em>παρέχειν</em></strong></span> <span class='ocrx_word' id='word_1_225' title='bbox 1645 1202 1790 1250; x_wconf 84' lang='grc' dir='ltr'><strong><em>λογίων,</em></strong></span> <span class='ocrx_word' id='word_1_226' title='bbox 1821 1200 1870 1238; x_wconf 77' lang='grc' dir='ltr'><strong><em>οὖς</em></strong></span> <span class='ocrx_word' id='word_1_227' title='bbox 1899 1203 1943 1239; x_wconf 82' lang='grc' dir='ltr'><strong><em>οὔ</em></strong></span> <span class='ocrx_word' id='word_1_228' title='bbox 1971 1215 2026 1239; x_wconf 85' lang='grc' dir='ltr'><strong><em>τις</em></strong></span> <span class='ocrx_word' id='word_1_229' title='bbox 2053 1201 2154 1248; x_wconf 70' lang='grc' dir='ltr'><strong><em>αὐτῷ</em></strong></span> <span class='ocrx_word' id='word_1_230' title='bbox 2184 1204 2367 1251; x_wconf 84' lang='grc' dir='ltr'><strong><em>πρόφασις</em></strong></span> 
     </span>
     <span class='ocr_line' id='line_1_21' title="bbox 131 1244 2363 1295; baseline -0.001 -11"><span class='ocrx_word' id='word_1_231' title='bbox 131 1248 359 1295; x_wconf 77' lang='grc' dir='ltr'><strong><em>πραγμάτων</em></strong></span> <span class='ocrx_word' id='word_1_232' title='bbox 389 1249 496 1293; x_wconf 88' lang='grc' dir='ltr'><strong><em>χάριν</em></strong></span> <span class='ocrx_word' id='word_1_233' title='bbox 526 1246 781 1284; x_wconf 62' lang='grc' dir='ltr'><strong><em>ὑπολέλειπται</em></strong></span> <span class='ocrx_word' id='word_1_234' title='bbox 813 1247 836 1293; x_wconf 84' lang='grc' dir='ltr'><em>ἢ</em></span> <span class='ocrx_word' id='word_1_235' title='bbox 867 1253 1031 1295; x_wconf 87' lang='grc' dir='ltr'><strong><em>χρυσίου,</em></strong></span> <span class='ocrx_word' id='word_1_236' title='bbox 1063 1246 1158 1283; x_wconf 81' lang='grc' dir='ltr'><strong><em>ὅθεν</em></strong></span> <span class='ocrx_word' id='word_1_237' title='bbox 1188 1249 1257 1293; x_wconf 82' lang='grc' dir='ltr'><strong><em>τὴν</em></strong></span> <span class='ocrx_word' id='word_1_238' title='bbox 1287 1250 1351 1283; x_wconf 79' lang='grc' dir='ltr'><strong><em>τοῦ</em></strong></span> <span class='ocrx_word' id='word_1_239' title='bbox 1381 1251 1500 1295; x_wconf 77' lang='grc' dir='ltr'><strong><em>χρέους</em></strong></span> <span class='ocrx_word' id='word_1_240' title='bbox 1530 1247 1722 1292; x_wconf 86' lang='grc' dir='ltr'><strong><em>ποιήσεται</em></strong></span> <span class='ocrx_word' id='word_1_241' title='bbox 1752 1245 1949 1294; x_wconf 86' lang='grc' dir='ltr'><strong><em>πλήρωσιν.</em></strong></span> <span class='ocrx_word' id='word_1_242' title='bbox 1996 1250 2028 1284; x_wconf 85' lang='grc' dir='ltr'><strong><em>εἰ</em></strong></span> <span class='ocrx_word' id='word_1_243' title='bbox 2051 1247 2092 1284; x_wconf 75' lang='grc' dir='ltr'><strong><em>δὲ</em></strong></span> <span class='ocrx_word' id='word_1_244' title='bbox 2114 1248 2237 1284; x_wconf 86' lang='grc' dir='ltr'><strong><em>δίκαια</em></strong></span> <span class='ocrx_word' id='word_1_245' title='bbox 2261 1244 2363 1292; x_wconf 71' lang='grc' dir='ltr'><strong><em>αὐτῷ</em></strong></span> 
     </span>
     <span class='ocr_line' id='line_1_22' title="bbox 130 1290 2366 1342; baseline 0 -14"><span class='ocrx_word' id='word_1_246' title='bbox 130 1308 215 1328; x_wconf 77' lang='grc' dir='ltr'><strong><em>τινα</em></strong></span> <span class='ocrx_word' id='word_1_247' title='bbox 247 1291 266 1327; x_wconf 82' lang='grc' dir='ltr'>ὁ</span> <span class='ocrx_word' id='word_1_248' title='bbox 299 1294 409 1339; x_wconf 85' lang='grc' dir='ltr'><strong><em>νόμος</em></strong></span> <span class='ocrx_word' id='word_1_249' title='bbox 439 1293 463 1338; x_wconf 81' lang='grc' dir='ltr'><em>ἢ</em></span> <span class='ocrx_word' id='word_1_250' title='bbox 493 1291 566 1328; x_wconf 77' lang='grc' dir='ltr'><strong><em>ἀπὸ</em></strong></span> <span class='ocrx_word' id='word_1_251' title='bbox 598 1294 833 1341; x_wconf 80' lang='grc' dir='ltr'><strong><em>κληρονομίας</em></strong></span> <span class='ocrx_word' id='word_1_252' title='bbox 855 1292 878 1338; x_wconf 85' lang='grc' dir='ltr'><em>ἢ</em></span> <span class='ocrx_word' id='word_1_253' title='bbox 903 1292 1037 1340; x_wconf 84' lang='grc' dir='ltr'><strong><em>δωρεᾶς</em></strong></span> <span class='ocrx_word' id='word_1_254' title='bbox 1060 1296 1244 1341; x_wconf 77' lang='grc' dir='ltr'><strong><em>συγγενῶν</em></strong></span> <span class='ocrx_word' id='word_1_255' title='bbox 1269 1292 1398 1329; x_wconf 82' lang='grc' dir='ltr'><strong><em>δίδωσι</em></strong></span> <span class='ocrx_word' id='word_1_256' title='bbox 1422 1294 1582 1337; x_wconf 81' lang='grc' dir='ltr'><strong><em>κινητῶν</em></strong></span> <span class='ocrx_word' id='word_1_257' title='bbox 1605 1290 1627 1337; x_wconf 84' lang='grc' dir='ltr'><em>ἢ</em></span> <span class='ocrx_word' id='word_1_258' title='bbox 1651 1291 1838 1337; x_wconf 75' lang='grc' dir='ltr'><strong><em>ἀκινήτων</em></strong></span> <span class='ocrx_word' id='word_1_259' title='bbox 1861 1294 2106 1342; x_wconf 84' lang='grc' dir='ltr'><strong><em>πραγμάτων,</em></strong></span> <span class='ocrx_word' id='word_1_260' title='bbox 2139 1298 2200 1329; x_wconf 82' lang='grc' dir='ltr'><strong><em>καὶ</em></strong></span> <span class='ocrx_word' id='word_1_261' title='bbox 2221 1293 2366 1329; x_wconf 80' lang='grc' dir='ltr'><strong><em>τούτων</em></strong></span> 
     </span>
     <span class='ocr_line' id='line_1_23' title="bbox 131 1335 2366 1386; baseline 0 -13"><span class='ocrx_word' id='word_1_262' title='bbox 131 1343 186 1373; x_wconf 82' lang='grc' dir='ltr'><strong><em>ἔτι</em></strong></span> <span class='ocrx_word' id='word_1_263' title='bbox 219 1339 321 1374; x_wconf 83' lang='grc' dir='ltr'><strong><em>ἐντὸς</em></strong></span> <span class='ocrx_word' id='word_1_264' title='bbox 349 1339 399 1384; x_wconf 90' lang='grc' dir='ltr'><strong><em>μὴ</em></strong></span> <span class='ocrx_word' id='word_1_265' title='bbox 424 1343 589 1383; x_wconf 75' lang='grc' dir='ltr'><strong><em>κατέστη,</em></strong></span> <span class='ocrx_word' id='word_1_266' title='bbox 615 1337 791 1385; x_wconf 80' lang='grc' dir='ltr'><strong><em>ἁρμόζειν</em></strong></span> <span class='ocrx_word' id='word_1_267' title='bbox 815 1339 854 1374; x_wconf 81' lang='grc' dir='ltr'><strong><em>δὲ</em></strong></span> <span class='ocrx_word' id='word_1_268' title='bbox 879 1336 978 1382; x_wconf 73' lang='grc' dir='ltr'><strong><em>αὐτῷ</em></strong></span> <span class='ocrx_word' id='word_1_269' title='bbox 1005 1343 1184 1386; x_wconf 60' lang='grc' dir='ltr'><strong><em>φαίνεταιτ</em></strong></span> <span class='ocrx_word' id='word_1_270' title='bbox 1216 1343 1275 1373; x_wconf 86' lang='grc' dir='ltr'><strong><em>καὶ</em></strong></span> <span class='ocrx_word' id='word_1_271' title='bbox 1305 1337 1465 1374; x_wconf 86' lang='grc' dir='ltr'><strong><em>δυνατὸν</em></strong></span> <span class='ocrx_word' id='word_1_272' title='bbox 1487 1341 1590 1385; x_wconf 82' lang='grc' dir='ltr'><strong><em>μέρος</em></strong></span> <span class='ocrx_word' id='word_1_273' title='bbox 1614 1339 1653 1379; x_wconf 74' lang='grc' dir='ltr'><strong><em>ἐξ·</em></strong></span> <span class='ocrx_word' id='word_1_274' title='bbox 1676 1336 1801 1374; x_wconf 74' lang='grc' dir='ltr'><strong><em>αὐτῶν</em></strong></span> <span class='ocrx_word' id='word_1_275' title='bbox 1823 1336 1847 1383; x_wconf 82' lang='grc' dir='ltr'><em>ἢ</em></span> <span class='ocrx_word' id='word_1_276' title='bbox 1869 1343 1930 1374; x_wconf 82' lang='grc' dir='ltr'><strong><em>καὶ</em></strong></span> <span class='ocrx_word' id='word_1_277' title='bbox 1953 1339 1996 1375; x_wconf 88' lang='grc' dir='ltr'><strong><em>τὸ</em></strong></span> <span class='ocrx_word' id='word_1_278' title='bbox 2019 1336 2108 1375; x_wconf 80' lang='grc' dir='ltr'><strong><em>ὅλον</em></strong></span> <span class='ocrx_word' id='word_1_279' title='bbox 2129 1342 2203 1375; x_wconf 86' lang='grc' dir='ltr'><strong><em>τοῖς</em></strong></span> <span class='ocrx_word' id='word_1_280' title='bbox 2225 1335 2366 1386; x_wconf 78' lang='grc' dir='ltr'><strong><em>ὄφειλο-</em></strong></span> 
     </span>
     <span class='ocr_line' id='line_1_24' title="bbox 130 1381 2366 1433; baseline 0 -16"><span class='ocrx_word' id='word_1_281' title='bbox 130 1388 249 1430; x_wconf 80' lang='grc' dir='ltr'><strong><em>μένοις</em></strong></span> <span class='ocrx_word' id='word_1_282' title='bbox 274 1385 425 1425; x_wconf 79' lang='grc' dir='ltr'><strong><em>συνάξαι</em></strong></span> <span class='ocrx_word' id='word_1_283' title='bbox 449 1383 544 1428; x_wconf 87' lang='grc' dir='ltr'><strong><em>(δίχα</em></strong></span> <span class='ocrx_word' id='word_1_284' title='bbox 567 1388 692 1430; x_wconf 77' lang='grc' dir='ltr'><strong><em>μέντοι</em></strong></span> <span class='ocrx_word' id='word_1_285' title='bbox 716 1386 793 1419; x_wconf 79' lang='grc' dir='ltr'><strong><em>τῶν</em></strong></span> <span class='ocrx_word' id='word_1_286' title='bbox 816 1386 880 1429; x_wconf 81' lang='grc' dir='ltr'><strong><em>τῆς</em></strong></span> <span class='ocrx_word' id='word_1_287' title='bbox 898 1387 1054 1431; x_wconf 79' lang='grc' dir='ltr'><strong><em>γαμετῆς</em></strong></span> <span class='ocrx_word' id='word_1_288' title='bbox 1077 1383 1314 1431; x_wconf 81' lang='grc' dir='ltr'><strong><em>πραγμάτων,</em></strong></span> <span class='ocrx_word' id='word_1_289' title='bbox 1340 1386 1385 1433; x_wconf 83' lang='grc' dir='ltr'><strong><em>τῇ</em></strong></span> <span class='ocrx_word' id='word_1_290' title='bbox 1409 1382 1568 1428; x_wconf 76' lang='grc' dir='ltr'><strong><em>ἀληθείᾳ</em></strong></span> <span class='ocrx_word' id='word_1_291' title='bbox 1592 1385 1692 1432; x_wconf 81' lang='grc' dir='ltr'><strong><em>εἴπερ</em></strong></span> <span class='ocrx_word' id='word_1_292' title='bbox 1716 1381 1878 1431; x_wconf 81' lang='grc' dir='ltr'><strong><em>διαφέρει</em></strong></span> <span class='ocrx_word' id='word_1_293' title='bbox 1902 1382 2019 1430; x_wconf 80' lang='grc' dir='ltr'><strong><em>αὐτῇ),</em></strong></span> <span class='ocrx_word' id='word_1_294' title='bbox 2050 1386 2158 1420; x_wconf 82' lang='grc' dir='ltr'><strong><em>τοῦτο</em></strong></span> <span class='ocrx_word' id='word_1_295' title='bbox 2180 1383 2366 1432; x_wconf 85' lang='grc' dir='ltr'><strong><em>γίνεσθαι,</em></strong></span> 
     </span>
     <span class='ocr_line' id='line_1_25' title="bbox 131 1427 2367 1476; baseline 0 -13"><span class='ocrx_word' id='word_1_296' title='bbox 131 1433 191 1463; x_wconf 85' lang='grc' dir='ltr'><strong><em>καὶ</em></strong></span> <span class='ocrx_word' id='word_1_297' title='bbox 214 1428 340 1464; x_wconf 80' lang='grc' dir='ltr'><strong><em>ἄδειαν</em></strong></span> <span class='ocrx_word' id='word_1_298' title='bbox 364 1430 455 1464; x_wconf 83' lang='grc' dir='ltr'><strong><em>εἶναι</em></strong></span> <span class='ocrx_word' id='word_1_299' title='bbox 480 1434 554 1465; x_wconf 90' lang='grc' dir='ltr'><strong><em>τοῖς</em></strong></span> <span class='ocrx_word' id='word_1_300' title='bbox 577 1427 821 1476; x_wconf 80' lang='grc' dir='ltr'><strong><em>ὀφειλομένοις</em></strong></span> <span class='ocrx_word' id='word_1_301' title='bbox 843 1430 1069 1464; x_wconf 78' lang='grc' dir='ltr'><strong><em>οἰκειοῦσθαι</em></strong></span> <span class='ocrx_word' id='word_1_302' title='bbox 1092 1431 1157 1464; x_wconf 87' lang='grc' dir='ltr'><strong><em>τὰς</em></strong></span> <span class='ocrx_word' id='word_1_303' title='bbox 1179 1430 1348 1465; x_wconf 85' lang='grc' dir='ltr'><strong><em>τοιαύτας</em></strong></span> <span class='ocrx_word' id='word_1_304' title='bbox 1371 1427 1516 1476; x_wconf 77' lang='grc' dir='ltr'><strong><em>ἀγωγὰς</em></strong></span> <span class='ocrx_word' id='word_1_305' title='bbox 1538 1433 1598 1464; x_wconf 82' lang='grc' dir='ltr'><strong><em>καὶ</em></strong></span> <span class='ocrx_word' id='word_1_306' title='bbox 1622 1430 1669 1463; x_wconf 80' lang='grc' dir='ltr'><strong><em>εἰς</em></strong></span> <span class='ocrx_word' id='word_1_307' title='bbox 1692 1430 1887 1475; x_wconf 83' lang='grc' dir='ltr'><strong><em>πρόςωπον</em></strong></span> <span class='ocrx_word' id='word_1_308' title='bbox 1908 1431 1972 1465; x_wconf 77' lang='grc' dir='ltr'><strong><em>τοῦ</em></strong></span> <span class='ocrx_word' id='word_1_309' title='bbox 1995 1427 2082 1466; x_wconf 82' lang='grc' dir='ltr'><strong><em>τότε</em></strong></span> <span class='ocrx_word' id='word_1_310' title='bbox 2102 1430 2182 1465; x_wconf 81' lang='grc' dir='ltr'><strong><em>τῶν</em></strong></span> <span class='ocrx_word' id='word_1_311' title='bbox 2212 1427 2367 1464; x_wconf 81' lang='grc' dir='ltr'><strong><em>δικαίων</em></strong></span> 
     </span>
     <span class='ocr_line' id='line_1_26' title="bbox 131 1471 2367 1523; baseline -0 -13"><span class='ocrx_word' id='word_1_312' title='bbox 131 1478 251 1521; x_wconf 84' lang='grc' dir='ltr'><strong><em>κυρίου</em></strong></span> <span class='ocrx_word' id='word_1_313' title='bbox 274 1475 339 1511; x_wconf 81' lang='grc' dir='ltr'><strong><em>τὰς</em></strong></span> <span class='ocrx_word' id='word_1_314' title='bbox 363 1475 546 1522; x_wconf 81' lang='grc' dir='ltr'><strong><em>ἐναγωγὰς</em></strong></span> <span class='ocrx_word' id='word_1_315' title='bbox 569 1475 769 1518; x_wconf 83' lang='grc' dir='ltr'><strong><em>ποιεῖσθαι,</em></strong></span> <span class='ocrx_word' id='word_1_316' title='bbox 794 1475 865 1510; x_wconf 80' lang='grc' dir='ltr'><strong><em>εἴτε</em></strong></span> <span class='ocrx_word' id='word_1_317' title='bbox 888 1475 1067 1522; x_wconf 83' lang='grc' dir='ltr'><strong><em>πάρεστιν</em></strong></span> <span class='ocrx_word' id='word_1_318' title='bbox 1088 1472 1108 1509; x_wconf 88' lang='grc' dir='ltr'>ὁ</span> <span class='ocrx_word' id='word_1_319' title='bbox 1133 1474 1318 1522; x_wconf 80' lang='grc' dir='ltr'><strong><em>ὀφειλέτης</em></strong></span> <span class='ocrx_word' id='word_1_320' title='bbox 1341 1475 1413 1509; x_wconf 78' lang='grc' dir='ltr'><strong><em>εἴτε</em></strong></span> <span class='ocrx_word' id='word_1_321' title='bbox 1434 1478 1495 1509; x_wconf 81' lang='grc' dir='ltr'><strong><em>καὶ</em></strong></span> <span class='ocrx_word' id='word_1_322' title='bbox 1518 1475 1580 1519; x_wconf 83' lang='grc' dir='ltr'><strong><em>μή,</em></strong></span> <span class='ocrx_word' id='word_1_323' title='bbox 1607 1478 1668 1509; x_wconf 83' lang='grc' dir='ltr'><strong><em>καὶ</em></strong></span> <span class='ocrx_word' id='word_1_324' title='bbox 1691 1475 1739 1509; x_wconf 84' lang='grc' dir='ltr'><strong><em>εἰς</em></strong></span> <span class='ocrx_word' id='word_1_325' title='bbox 1761 1473 1958 1523; x_wconf 82' lang='grc' dir='ltr'><strong><em>πρόςωπον</em></strong></span> <span class='ocrx_word' id='word_1_326' title='bbox 1980 1473 2090 1510; x_wconf 71' lang='grc' dir='ltr'><strong><em>αὐτοῦ</em></strong></span> <span class='ocrx_word' id='word_1_327' title='bbox 2113 1471 2237 1510; x_wconf 76' lang='grc' dir='ltr'><strong><em>ἁπλῶς</em></strong></span> <span class='ocrx_word' id='word_1_328' title='bbox 2251 1475 2367 1511; x_wconf 76' lang='grc' dir='ltr'><strong><em>εἰπεῖν</em></strong></span> 
     </span>
     <span class='ocr_line' id='line_1_27' title="bbox 130 1517 1800 1568; baseline 0 -13"><span class='ocrx_word' id='word_1_329' title='bbox 130 1522 196 1555; x_wconf 79' lang='grc' dir='ltr'><strong><em>τοῦ</em></strong></span> <span class='ocrx_word' id='word_1_330' title='bbox 219 1518 431 1555; x_wconf 80' lang='grc' dir='ltr'><strong><em>ὖπευθύνου</em></strong></span> <span class='ocrx_word' id='word_1_331' title='bbox 452 1522 512 1555; x_wconf 80' lang='grc' dir='ltr'><strong><em>ἐπὶ</em></strong></span> <span class='ocrx_word' id='word_1_332' title='bbox 535 1521 580 1568; x_wconf 82' lang='grc' dir='ltr'><strong><em>τῇ</em></strong></span> <span class='ocrx_word' id='word_1_333' title='bbox 603 1520 754 1568; x_wconf 87' lang='grc' dir='ltr'><strong><em>τοιαύτῃ</em></strong></span> <span class='ocrx_word' id='word_1_334' title='bbox 776 1522 940 1568; x_wconf 81' lang='grc' dir='ltr'><strong><em>ἐναγωγῇ</em></strong></span> <span class='ocrx_word' id='word_1_335' title='bbox 964 1519 987 1564; x_wconf 84' lang='grc' dir='ltr'><em>ἢ</em></span> <span class='ocrx_word' id='word_1_336' title='bbox 1011 1518 1186 1564; x_wconf 87' lang='grc' dir='ltr'><strong><em>ἐκδικήσει</em></strong></span> <span class='ocrx_word' id='word_1_337' title='bbox 1209 1522 1287 1555; x_wconf 80' lang='grc' dir='ltr'><strong><em>τῶν</em></strong></span> <span class='ocrx_word' id='word_1_338' title='bbox 1309 1517 1539 1567; x_wconf 84' lang='grc' dir='ltr'><strong><em>πραγμάτων</em></strong></span> <span class='ocrx_word' id='word_1_339' title='bbox 1561 1518 1800 1555; x_wconf 85' lang='grc' dir='ltr'><strong><em>καθεστάναι.</em></strong></span> 
     </span>
    </p>
   </div>
   <div class='ocr_carea' id='block_1_8' title="bbox 136 1597 2367 1737">
    <p class='ocr_par' dir='ltr' id='par_1_8' title="bbox 136 1597 2367 1737">
     <span class='ocr_line' id='line_1_28' title="bbox 266 1597 2367 1645; baseline -0 -10"><span class='ocrx_word' id='word_1_340' title='bbox 266 1601 353 1635; x_wconf 88' lang='grc' dir='ltr'><strong><em>Νου.</em></strong></span> <span class='ocrx_word' id='word_1_341' title='bbox 385 1602 565 1635; x_wconf 87' lang='lat' dir='ltr'><strong><em>CXXXV</em></strong></span> <span class='ocrx_word' id='word_1_342' title='bbox 588 1602 713 1636; x_wconf 73' lang='lat' dir='ltr'><em>Graece</em></span> <span class='ocrx_word' id='word_1_343' title='bbox 734 1609 854 1635; x_wconf 84' lang='lat' dir='ltr'><em>tantum</em></span> <span class='ocrx_word' id='word_1_344' title='bbox 879 1609 967 1635; x_wconf 74' lang='lat' dir='ltr'><em>extat</em></span> <span class='ocrx_word' id='word_1_345' title='bbox 990 1603 1023 1635; x_wconf 88' lang='lat' dir='ltr'><strong><em>in</em></strong></span> <span class='ocrx_word' id='word_1_346' title='bbox 1045 1601 1129 1642; x_wconf 93' lang='lat' dir='ltr'><strong><em>ML,</em></strong></span> <span class='ocrx_word' id='word_1_347' title='bbox 1151 1614 1176 1634; x_wconf 88' lang='lat' dir='ltr'><strong><em>c.</em></strong></span> <span class='ocrx_word' id='word_1_348' title='bbox 1202 1604 1217 1636; x_wconf 93' lang='lat'>1</span> <span class='ocrx_word' id='word_1_349' title='bbox 1247 1601 1473 1644; x_wconf 85' lang='grc' dir='ltr'><strong><em>Θεσπίζομεν</em></strong></span> <span class='ocrx_word' id='word_1_350' title='bbox 1494 1597 1620 1644; x_wconf 83' lang='grc' dir='ltr'><strong><em>μηδενὶ</em></strong></span> <span class='ocrx_word' id='word_1_351' title='bbox 1639 1599 1774 1640; x_wconf 80' lang='grc' dir='ltr'><strong><em>ἐξεῖναι</em></strong></span> <span class='ocrx_word' id='word_1_352' title='bbox 1789 1626 1930 1636; x_wconf 90' lang='grc'><em>......</em></span> <span class='ocrx_word' id='word_1_353' title='bbox 1947 1602 1981 1636; x_wconf 86' lang='lat' dir='ltr'><strong><em>in</em></strong></span> <span class='ocrx_word' id='word_1_354' title='bbox 2002 1601 2039 1635; x_wconf 91' lang='lat' dir='ltr'><strong><em>B</em></strong></span> <span class='ocrx_word' id='word_1_355' title='bbox 2061 1602 2095 1643; x_wconf 83' lang='lat'><strong><em>9,</em></strong></span> <span class='ocrx_word' id='word_1_356' title='bbox 2111 1607 2202 1643; x_wconf 78' lang='lat'><em>5,18.</em></span> <span class='ocrx_word' id='word_1_357' title='bbox 2216 1617 2259 1625; x_wconf 91' lang='lat'>—</span> <span class='ocrx_word' id='word_1_358' title='bbox 2275 1599 2367 1645; x_wconf 70' lang='lat' dir='ltr'><em>Epic.</em></span> 
     </span>
     <span class='ocr_line' id='line_1_29' title="bbox 136 1642 1602 1690; baseline 0 -11"><span class='ocrx_word' id='word_1_359' title='bbox 136 1646 257 1680; x_wconf 83' lang='lat' dir='ltr'><em>Theod.</em></span> <span class='ocrx_word' id='word_1_360' title='bbox 286 1648 359 1686; x_wconf 82' lang='lat'><strong><em>135,</em></strong></span> <span class='ocrx_word' id='word_1_361' title='bbox 383 1647 505 1679; x_wconf 85' lang='lat' dir='ltr'><em>Athan.</em></span> <span class='ocrx_word' id='word_1_362' title='bbox 533 1648 586 1687; x_wconf 88' lang='grc'><strong><em>16,</em></strong></span> <span class='ocrx_word' id='word_1_363' title='bbox 611 1654 638 1689; x_wconf 81' lang='lat'><strong><em>4,</em></strong></span> <span class='ocrx_word' id='word_1_364' title='bbox 662 1647 769 1680; x_wconf 86' lang='lat' dir='ltr'><em>Anon.</em></span> <span class='ocrx_word' id='word_1_365' title='bbox 794 1647 973 1680; x_wconf 83' lang='lat' dir='ltr'><em>Bodleian.</em></span> <span class='ocrx_word' id='word_1_366' title='bbox 1022 1659 1076 1690; x_wconf 76' lang='lat' dir='ltr'><strong><em>ap·</em></strong></span> <span class='ocrx_word' id='word_1_367' title='bbox 1101 1647 1290 1680; x_wconf 79' lang='lat' dir='ltr'><em>Zachariae</em></span> <span class='ocrx_word' id='word_1_368' title='bbox 1310 1642 1443 1681; x_wconf 82' lang='grc' dir='ltr'><strong><em>Ἀνέκδ.</em></strong></span> <span class='ocrx_word' id='word_1_369' title='bbox 1465 1659 1499 1690; x_wconf 88' lang='lat' dir='ltr'><strong><em>p.</em></strong></span> <span class='ocrx_word' id='word_1_370' title='bbox 1526 1647 1602 1680; x_wconf 87' lang='grc'>220.</span> 
     </span>
     <span class='ocr_line' id='line_1_30' title="bbox 268 1689 1784 1737; baseline -0.001 -12"><span class='ocrx_word' id='word_1_371' title='bbox 268 1704 295 1725; x_wconf 88' lang='lat' dir='ltr'><strong><em>c.</em></strong></span> <span class='ocrx_word' id='word_1_372' title='bbox 319 1692 345 1725; x_wconf 94' lang='lat' dir='ltr'><strong><em>I</em></strong></span> <span class='ocrx_word' id='word_1_373' title='bbox 367 1693 408 1725; x_wconf 86' lang='lat'><strong><em>14</em></strong></span> <span class='ocrx_word' id='word_1_374' title='bbox 433 1692 717 1736; x_wconf 77' lang='grc' dir='ltr'><strong><em>Θεσπίζομεν-</em></strong></span> <span class='ocrx_word' id='word_1_375' title='bbox 733 1693 774 1726; x_wconf 89' lang='grc'><strong><em>20</em></strong></span> <span class='ocrx_word' id='word_1_376' title='bbox 800 1689 989 1737; x_wconf 87' lang='grc' dir='ltr'><strong><em>πλήρωσιν</em></strong></span> <span class='ocrx_word' id='word_1_377' title='bbox 1009 1704 1048 1726; x_wconf 82' lang='lat' dir='ltr'><strong><em>ex</em></strong></span> <span class='ocrx_word' id='word_1_378' title='bbox 1072 1692 1108 1726; x_wconf 94' lang='lat' dir='ltr'><em>B</em></span> <span class='ocrx_word' id='word_1_379' title='bbox 1130 1692 1226 1734; x_wconf 84' lang='lat' dir='ltr'><em>habet</em></span> <span class='ocrx_word' id='word_1_380' title='bbox 1248 1692 1320 1725; x_wconf 83' lang='lat' dir='ltr'><em>Ecl.</em></span> <span class='ocrx_word' id='word_1_381' title='bbox 1346 1691 1568 1726; x_wconf 78' lang='lat' dir='ltr'><em>Basilicarum</em></span> <span class='ocrx_word' id='word_1_382' title='bbox 1593 1692 1646 1726; x_wconf 82' lang='lat' dir='ltr'><em>tib.</em></span> <span class='ocrx_word' id='word_1_383' title='bbox 1670 1691 1784 1726; x_wconf 79' lang='lat' dir='ltr'><strong><em>I-X.</em></strong></span> 
     </span>
    </p>
   </div>
   <div class='ocr_carea' id='block_1_9' title="bbox 469 1811 2040 1941">
    <p class='ocr_par' dir='ltr' id='par_1_9' title="bbox 469 1811 2040 1941">
     <span class='ocr_line' id='line_1_31' title="bbox 469 1811 2040 1941; baseline 0.001 -10"><span class='ocrx_word' id='word_1_384' title='bbox 469 1879 570 1931; x_wconf 83' lang='grc' dir='ltr'><strong><em>ΝΕ</em></strong></span> <span class='ocrx_word' id='word_1_385' title='bbox 603 1879 724 1941; x_wconf 76' lang='lat' dir='ltr'><strong><em>QUI</em></strong></span> <span class='ocrx_word' id='word_1_386' title='bbox 764 1879 1108 1932; x_wconf 84' lang='lat' dir='ltr'><em>CESSIONE&#39;</em></span> <span class='ocrx_word' id='word_1_387' title='bbox 1141 1811 1646 1931; x_wconf 44' lang='lat' dir='ltr'><em>[JffXg-OGANTUR</em></span> <span class='ocrx_word' id='word_1_388' title='bbox 1680 1878 2040 1932; x_wconf 83' lang='lat' dir='ltr'><em>BONORUM.</em></span> 
     </span>
    </p>
   </div>
   <div class='ocr_carea' id='block_1_10' title="bbox 128 1957 2368 2283">
    <p class='ocr_par' dir='ltr' id='par_1_10' title="bbox 128 1957 2368 2283">
     <span class='ocr_line' id='line_1_32' title="bbox 267 1957 2367 2006; baseline -0 -11"><span class='ocrx_word' id='word_1_389' title='bbox 267 1958 529 2006; x_wconf 75' lang='lat' dir='ltr'><em>Praefatio.</em></span> <span class='ocrx_word' id='word_1_390' title='bbox 576 1959 829 2006; x_wconf 79' lang='lat' dir='ltr'><strong><em>Quaecumque</em></strong></span> <span class='ocrx_word' id='word_1_391' title='bbox 852 1958 903 1994; x_wconf 84' lang='lat' dir='ltr'><strong><em>ad</em></strong></span> <span class='ocrx_word' id='word_1_392' title='bbox 923 1970 1054 1995; x_wconf 90' lang='lat' dir='ltr'><em>numen</em></span> <span class='ocrx_word' id='word_1_393' title='bbox 1077 1958 1237 1995; x_wconf 85' lang='lat' dir='ltr'><em>divinum</em></span> <span class='ocrx_word' id='word_1_394' title='bbox 1261 1969 1285 1994; x_wconf 91' lang='lat' dir='ltr'><strong><em>a</em></strong></span> <span class='ocrx_word' id='word_1_395' title='bbox 1301 1958 1403 1994; x_wconf 81' lang='lat' dir='ltr'><em>nobis</em></span> <span class='ocrx_word' id='word_1_396' title='bbox 1415 1957 1635 2005; x_wconf 86' lang='lat' dir='ltr'><em>placandum</em></span> <span class='ocrx_word' id='word_1_397' title='bbox 1658 1957 1825 2000; x_wconf 79' lang='lat' dir='ltr'><em>invitant,</em></span> <span class='ocrx_word' id='word_1_398' title='bbox 1849 1957 1939 1994; x_wconf 79' lang='lat' dir='ltr'><em>haec</em></span> <span class='ocrx_word' id='word_1_399' title='bbox 1955 1961 1997 1994; x_wconf 87' lang='lat' dir='ltr'><strong><em>ut</em></strong></span> <span class='ocrx_word' id='word_1_400' title='bbox 2011 1958 2106 1994; x_wconf 86' lang='lat' dir='ltr'><em>inter</em></span> <span class='ocrx_word' id='word_1_401' title='bbox 2119 1957 2297 1994; x_wconf 85' lang='lat' dir='ltr'><em>subiectos</em></span> <span class='ocrx_word' id='word_1_402' title='bbox 2311 1958 2367 1994; x_wconf 89' lang='lat' dir='ltr'><strong><em>in-</em></strong></span> 
     </span>
     <span class='ocr_line' id='line_1_33' title="bbox 132 2002 2368 2057; baseline -0.001 -17"><span class='ocrx_word' id='word_1_403' title='bbox 132 2009 312 2041; x_wconf 85' lang='lat' dir='ltr'><em>crementa</em></span> <span class='ocrx_word' id='word_1_404' title='bbox 337 2005 486 2057; x_wconf 79' lang='lat' dir='ltr'><em>capiant</em></span> <span class='ocrx_word' id='word_1_405' title='bbox 509 2008 546 2041; x_wconf 91' lang='lat' dir='ltr'><strong><em>et</em></strong></span> <span class='ocrx_word' id='word_1_406' title='bbox 567 2005 771 2041; x_wconf 80' lang='lat' dir='ltr'><em>elucescant</em></span> <span class='ocrx_word' id='word_1_407' title='bbox 793 2005 1050 2040; x_wconf 81' lang='lat' dir='ltr'><em>contendimus.</em></span> <span class='ocrx_word' id='word_1_408' title='bbox 1099 2003 1272 2040; x_wconf 88' lang='lat' dir='ltr'><em>Zosarius</em></span> <span class='ocrx_word' id='word_1_409' title='bbox 1295 2003 1443 2049; x_wconf 86' lang='lat' dir='ltr'><em>quidam</em></span> <span class='ocrx_word' id='word_1_410' title='bbox 1467 2013 1517 2039; x_wconf 76' lang='lat' dir='ltr'><strong><em>ex</em></strong></span> <span class='ocrx_word' id='word_1_411' title='bbox 1532 2002 1673 2039; x_wconf 89' lang='lat' dir='ltr'><em>Moesia</em></span> <span class='ocrx_word' id='word_1_412' title='bbox 1690 2002 1884 2049; x_wconf 84' lang='lat' dir='ltr'><em>provincia</em></span> <span class='ocrx_word' id='word_1_413' title='bbox 1908 2002 2085 2039; x_wconf 87' lang='lat' dir='ltr'><em>oriundus</em></span> <span class='ocrx_word' id='word_1_414' title='bbox 2103 2014 2182 2039; x_wconf 88' lang='lat' dir='ltr'><strong><em>cum</em></strong></span> <span class='ocrx_word' id='word_1_415' title='bbox 2207 2003 2368 2039; x_wconf 77' lang='lat' dir='ltr'><em>lacrimis</em></span> 
     </span>
     <span class='ocr_line' id='line_1_34' title="bbox 131 2047 2367 2096; baseline -0.001 -10"><span class='ocrx_word' id='word_1_416' title='bbox 131 2051 237 2086; x_wconf 79' lang='lat' dir='ltr'><em>nobis</em></span> <span class='ocrx_word' id='word_1_417' title='bbox 267 2050 488 2096; x_wconf 79' lang='lat' dir='ltr'><em>supplicavit</em></span> <span class='ocrx_word' id='word_1_418' title='bbox 519 2049 714 2096; x_wconf 82' lang='lat' dir='ltr'><em>docuitque</em></span> <span class='ocrx_word' id='word_1_419' title='bbox 743 2060 783 2085; x_wconf 90' lang='lat' dir='ltr'><strong><em>se</em></strong></span> <span class='ocrx_word' id='word_1_420' title='bbox 815 2050 858 2085; x_wconf 93' lang='lat' dir='ltr'><strong><em>ob</em></strong></span> <span class='ocrx_word' id='word_1_421' title='bbox 890 2050 1057 2096; x_wconf 88' lang='lat' dir='ltr'><em>publicas</em></span> <span class='ocrx_word' id='word_1_422' title='bbox 1088 2054 1124 2086; x_wconf 86' lang='lat' dir='ltr'><strong><em>et</em></strong></span> <span class='ocrx_word' id='word_1_423' title='bbox 1145 2050 1312 2096; x_wconf 70' lang='lat' dir='ltr'><em>priuatas</em></span> <span class='ocrx_word' id='word_1_424' title='bbox 1328 2048 1509 2095; x_wconf 89' lang='lat' dir='ltr'><em>pecunias</em></span> <span class='ocrx_word' id='word_1_425' title='bbox 1532 2060 1555 2084; x_wconf 91' lang='lat' dir='ltr'><strong><em>a</em></strong></span> <span class='ocrx_word' id='word_1_426' title='bbox 1579 2048 1779 2084; x_wconf 88' lang='lat' dir='ltr'><em>clarissimo</em></span> <span class='ocrx_word' id='word_1_427' title='bbox 1801 2048 2014 2094; x_wconf 84' lang='lat' dir='ltr'><em>provinciae</em></span> <span class='ocrx_word' id='word_1_428' title='bbox 2033 2047 2204 2095; x_wconf 82' lang='lat' dir='ltr'><em>praeside</em></span> <span class='ocrx_word' id='word_1_429' title='bbox 2225 2048 2367 2085; x_wconf 76' lang='lat' dir='ltr'><em>insidiis</em></span> 
     </span>
     <span class='ocr_line' id='line_1_35' title="bbox 130 2092 2366 2143; baseline -0.001 -12"><span class='ocrx_word' id='word_1_430' title='bbox 130 2096 281 2143; x_wconf 86' lang='lat' dir='ltr'><em>petitum</em></span> <span class='ocrx_word' id='word_1_431' title='bbox 305 2105 382 2130; x_wconf 87' lang='lat' dir='ltr'><em>esse</em></span> <span class='ocrx_word' id='word_1_432' title='bbox 402 2105 471 2141; x_wconf 88' lang='lat' dir='ltr'><strong><em>per</em></strong></span> <span class='ocrx_word' id='word_1_433' title='bbox 492 2095 609 2130; x_wconf 89' lang='lat' dir='ltr'><em>solam</em></span> <span class='ocrx_word' id='word_1_434' title='bbox 633 2094 884 2131; x_wconf 87' lang='lat' dir='ltr'><em>contumeliam</em></span> <span class='ocrx_word' id='word_1_435' title='bbox 909 2098 1039 2141; x_wconf 86' lang='lat' dir='ltr'><em>(neque</em></span> <span class='ocrx_word' id='word_1_436' title='bbox 1061 2095 1155 2131; x_wconf 87' lang='lat' dir='ltr'><em>enim</em></span> <span class='ocrx_word' id='word_1_437' title='bbox 1180 2094 1224 2129; x_wconf 92' lang='lat' dir='ltr'><strong><em>de</em></strong></span> <span class='ocrx_word' id='word_1_438' title='bbox 1244 2094 1411 2141; x_wconf 90' lang='lat' dir='ltr'><em>pecuniis</em></span> <span class='ocrx_word' id='word_1_439' title='bbox 1426 2103 1565 2140; x_wconf 88' lang='lat' dir='ltr'><em>passus</em></span> <span class='ocrx_word' id='word_1_440' title='bbox 1580 2097 1635 2129; x_wconf 85' lang='lat' dir='ltr'><strong><em>est</em></strong></span> <span class='ocrx_word' id='word_1_441' title='bbox 1651 2092 1791 2128; x_wconf 85' lang='lat' dir='ltr'><em>libellos</em></span> <span class='ocrx_word' id='word_1_442' title='bbox 1799 2093 2068 2140; x_wconf 79' lang='lat' dir='ltr'><em>persecutionis</em></span> <span class='ocrx_word' id='word_1_443' title='bbox 2082 2103 2202 2129; x_wconf 84' lang='lat' dir='ltr'><em>rerum</em></span> <span class='ocrx_word' id='word_1_444' title='bbox 2216 2103 2366 2129; x_wconf 85' lang='lat' dir='ltr'><em>suarum</em></span> 
     </span>
     <span class='ocr_line' id='line_1_36' title="bbox 134 2137 2367 2190; baseline -0 -15"><span class='ocrx_word' id='word_1_445' title='bbox 134 2142 273 2181; x_wconf 83' lang='lat' dir='ltr'><em>datos).·</em></span> <span class='ocrx_word' id='word_1_446' title='bbox 295 2140 336 2174; x_wconf 89' lang='lat' dir='ltr'><strong><em>id</em></strong></span> <span class='ocrx_word' id='word_1_447' title='bbox 358 2139 458 2185; x_wconf 85' lang='lat' dir='ltr'><em>quod</em></span> <span class='ocrx_word' id='word_1_448' title='bbox 475 2140 747 2175; x_wconf 88' lang='lat' dir='ltr'><em>iniustissimum</em></span> <span class='ocrx_word' id='word_1_449' title='bbox 766 2143 802 2176; x_wconf 89' lang='lat' dir='ltr'><strong><em>et</em></strong></span> <span class='ocrx_word' id='word_1_450' title='bbox 823 2140 862 2175; x_wconf 87' lang='lat' dir='ltr'><strong><em>in</em></strong></span> <span class='ocrx_word' id='word_1_451' title='bbox 882 2141 1014 2187; x_wconf 89' lang='lat' dir='ltr'><em>primis</em></span> <span class='ocrx_word' id='word_1_452' title='bbox 1037 2139 1203 2176; x_wconf 88' lang='lat' dir='ltr'><em>acerbum</em></span> <span class='ocrx_word' id='word_1_453' title='bbox 1222 2143 1286 2175; x_wconf 88' lang='lat' dir='ltr'><em>est.</em></span> <span class='ocrx_word' id='word_1_454' title='bbox 1334 2137 1405 2182; x_wconf 81' lang='lat' dir='ltr'><strong><em>Qui</em></strong></span> <span class='ocrx_word' id='word_1_455' title='bbox 1428 2140 1521 2174; x_wconf 89' lang='lat' dir='ltr'><em>enim</em></span> <span class='ocrx_word' id='word_1_456' title='bbox 1537 2148 1615 2185; x_wconf 88' lang='lat' dir='ltr'><strong><em>par</em></strong></span> <span class='ocrx_word' id='word_1_457' title='bbox 1638 2142 1693 2174; x_wconf 87' lang='lat' dir='ltr'><strong><em>est</em></strong></span> <span class='ocrx_word' id='word_1_458' title='bbox 1715 2149 1807 2181; x_wconf 89' lang='lat' dir='ltr'><em>eum,</em></span> <span class='ocrx_word' id='word_1_459' title='bbox 1870 2138 1909 2174; x_wconf 91' lang='lat' dir='ltr'><strong><em>ui</em></strong></span> <span class='ocrx_word' id='word_1_460' title='bbox 1928 2138 2038 2175; x_wconf 84' lang='lat' dir='ltr'><em>semel</em></span> <span class='ocrx_word' id='word_1_461' title='bbox 2056 2138 2217 2190; x_wconf 76' lang='lat' dir='ltr'><em>fortuito</em></span> <span class='ocrx_word' id='word_1_462' title='bbox 2240 2141 2367 2175; x_wconf 83' lang='lat' dir='ltr'><em>eventu</em></span> 
     </span>
     <span class='ocr_line' id='line_1_37' title="bbox 131 2182 2366 2232; baseline -0 -12"><span class='ocrx_word' id='word_1_463' title='bbox 131 2196 197 2221; x_wconf 82' lang='lat' dir='ltr'><strong><em>nec</em></strong></span> <span class='ocrx_word' id='word_1_464' title='bbox 227 2196 310 2221; x_wconf 85' lang='lat' dir='ltr'><em>vero</em></span> <span class='ocrx_word' id='word_1_465' title='bbox 341 2185 589 2232; x_wconf 80' lang='lat' dir='ltr'><em>neqleqentiae</em></span> <span class='ocrx_word' id='word_1_466' title='bbox 615 2185 759 2221; x_wconf 81' lang='lat' dir='ltr'><em>deditus</em></span> <span class='ocrx_word' id='word_1_467' title='bbox 790 2195 850 2220; x_wconf 89' lang='lat' dir='ltr'><strong><em>res</em></strong></span> <span class='ocrx_word' id='word_1_468' title='bbox 880 2196 967 2220; x_wconf 92' lang='lat' dir='ltr'><em>suas</em></span> <span class='ocrx_word' id='word_1_469' title='bbox 1001 2185 1139 2227; x_wconf 90' lang='lat' dir='ltr'><em>amisit,</em></span> <span class='ocrx_word' id='word_1_470' title='bbox 1171 2185 1289 2220; x_wconf 87' lang='lat' dir='ltr'><em>denuo</em></span> <span class='ocrx_word' id='word_1_471' title='bbox 1321 2183 1599 2231; x_wconf 81' lang='lat' dir='ltr'><em>iqnominiosam</em></span> <span class='ocrx_word' id='word_1_472' title='bbox 1623 2183 1733 2220; x_wconf 83' lang='lat' dir='ltr'><em>vitam</em></span> <span class='ocrx_word' id='word_1_473' title='bbox 1756 2194 1840 2230; x_wconf 89' lang='lat' dir='ltr'><strong><em>amp</em></strong></span> <span class='ocrx_word' id='word_1_474' title='bbox 1856 2183 1943 2226; x_wconf 76' lang='lat' dir='ltr'><em>esti,</em></span> <span class='ocrx_word' id='word_1_475' title='bbox 1974 2186 2010 2219; x_wconf 90' lang='lat' dir='ltr'><strong><em>et</em></strong></span> <span class='ocrx_word' id='word_1_476' title='bbox 2031 2186 2127 2220; x_wconf 78' lang='lat' dir='ltr'><em>motu</em></span> <span class='ocrx_word' id='word_1_477' title='bbox 2151 2182 2366 2230; x_wconf 84' lang='lat' dir='ltr'><em>quotidiano</em></span> 
     </span>
     <span class='ocr_line' id='line_1_38' title="bbox 128 2230 1228 2283; baseline -0.002 -17"><span class='ocrx_word' id='word_1_478' title='bbox 128 2232 232 2277; x_wconf 83' lang='lat' dir='ltr'><em>forte</em></span> <span class='ocrx_word' id='word_1_479' title='bbox 255 2235 365 2276; x_wconf 88' lang='lat' dir='ltr'><em>atque</em></span> <span class='ocrx_word' id='word_1_480' title='bbox 389 2231 555 2276; x_wconf 87' lang='lat' dir='ltr'><em>corporis</em></span> <span class='ocrx_word' id='word_1_481' title='bbox 580 2231 771 2276; x_wconf 85' lang='lat' dir='ltr'><em>teqimento</em></span> <span class='ocrx_word' id='word_1_482' title='bbox 790 2241 863 2283; x_wconf 70' lang='lat' dir='ltr'><strong><em>per</em></strong></span> <span class='ocrx_word' id='word_1_483' title='bbox 887 2230 1094 2266; x_wconf 85' lang='lat' dir='ltr'><em>violentiam</em></span> <span class='ocrx_word' id='word_1_484' title='bbox 1117 2230 1228 2266; x_wconf 76' lang='lat' dir='ltr'><em>exui?</em></span> 
     </span>
    </p>
   </div>
   <div class='ocr_carea' id='block_1_11' title="bbox 266 2271 2455 2327">
    <p class='ocr_par' dir='ltr' id='par_1_11' title="bbox 266 2271 2455 2327">
     <span class='ocr_line' id='line_1_39' title="bbox 266 2271 2455 2327; baseline -0.001 -17"><span class='ocrx_word' id='word_1_485' title='bbox 266 2275 291 2310; x_wconf 89' lang='lat' dir='ltr'><strong><em>I.</em></strong></span> <span class='ocrx_word' id='word_1_486' title='bbox 322 2275 402 2310; x_wconf 88' lang='lat' dir='ltr'><strong><em>Hoc</em></strong></span> <span class='ocrx_word' id='word_1_487' title='bbox 426 2279 609 2322; x_wconf 85' lang='lat' dir='ltr'><em>comperto</em></span> <span class='ocrx_word' id='word_1_488' title='bbox 633 2286 712 2311; x_wconf 89' lang='lat' dir='ltr'><strong><em>cum</em></strong></span> <span class='ocrx_word' id='word_1_489' title='bbox 736 2274 918 2311; x_wconf 77' lang='lat' dir='ltr'><em>deteriora</em></span> <span class='ocrx_word' id='word_1_490' title='bbox 941 2275 1149 2311; x_wconf 86' lang='lat' dir='ltr'><em>melioribus</em></span> <span class='ocrx_word' id='word_1_491' title='bbox 1164 2273 1355 2311; x_wconf 81' lang='lat' dir='ltr'><em>emendare</em></span> <span class='ocrx_word' id='word_1_492' title='bbox 1370 2272 1571 2320; x_wconf 86' lang='lat' dir='ltr'><em>cupiamus,</em></span> <span class='ocrx_word' id='word_1_493' title='bbox 1594 2276 1635 2309; x_wconf 88' lang='lat' dir='ltr'><strong><em>ut</em></strong></span> <span class='ocrx_word' id='word_1_494' title='bbox 1649 2277 1685 2309; x_wconf 88' lang='lat' dir='ltr'><strong><em>et</em></strong></span> <span class='ocrx_word' id='word_1_495' title='bbox 1702 2273 1860 2321; x_wconf 90' lang='lat' dir='ltr'><em>optimus</em></span> <span class='ocrx_word' id='word_1_496' title='bbox 1876 2272 2032 2308; x_wconf 88' lang='lat' dir='ltr'><em>omnium</em></span> <span class='ocrx_word' id='word_1_497' title='bbox 2051 2272 2140 2309; x_wconf 83' lang='lat' dir='ltr'><em>deus</em></span> <span class='ocrx_word' id='word_1_498' title='bbox 2154 2271 2369 2309; x_wconf 81' lang='lat' dir='ltr'><em>concilietur</em></span> <span class='ocrx_word' id='word_1_499' title='bbox 2427 2285 2430 2287; x_wconf 55' lang='grc'>“</span> <span class='ocrx_word' id='word_1_500' title='bbox 2451 2320 2455 2327; x_wconf 35' lang='grc' dir='ltr'>Ι</span> 
     </span>
    </p>
   </div>
   <div class='ocr_carea' id='block_1_12' title="bbox 126 2317 2370 2635">
    <p class='ocr_par' dir='ltr' id='par_1_12' title="bbox 126 2317 2370 2635">
     <span class='ocr_line' id='line_1_40' title="bbox 132 2317 2366 2367; baseline -0.001 -11"><span class='ocrx_word' id='word_1_501' title='bbox 132 2330 218 2356; x_wconf 83' lang='lat' dir='ltr'><em>neve</em></span> <span class='ocrx_word' id='word_1_502' title='bbox 244 2320 334 2366; x_wconf 86' lang='lat' dir='ltr'><em>quid</em></span> <span class='ocrx_word' id='word_1_503' title='bbox 358 2320 473 2367; x_wconf 86' lang='lat' dir='ltr'><em>iniqui</em></span> <span class='ocrx_word' id='word_1_504' title='bbox 502 2321 639 2356; x_wconf 84' lang='lat' dir='ltr'><em>nostris</em></span> <span class='ocrx_word' id='word_1_505' title='bbox 664 2320 884 2367; x_wconf 83' lang='lat' dir='ltr'><em>temporibus</em></span> <span class='ocrx_word' id='word_1_506' title='bbox 907 2331 975 2356; x_wconf 90' lang='lat' dir='ltr'><strong><em>usu</em></strong></span> <span class='ocrx_word' id='word_1_507' title='bbox 999 2320 1130 2363; x_wconf 85' lang='lat' dir='ltr'><em>veniat,</em></span> <span class='ocrx_word' id='word_1_508' title='bbox 1154 2320 1337 2355; x_wconf 81' lang='lat' dir='ltr'><em>sancimus</em></span> <span class='ocrx_word' id='word_1_509' title='bbox 1359 2318 1452 2354; x_wconf 87' lang='lat' dir='ltr'><em>nulli</em></span> <span class='ocrx_word' id='word_1_510' title='bbox 1473 2318 1818 2364; x_wconf 75' lang='lat' dir='ltr'><em>qloriosissimorum</em></span> <span class='ocrx_word' id='word_1_511' title='bbox 1842 2322 1908 2354; x_wconf 82' lang='lat' dir='ltr'><strong><em>aut</em></strong></span> <span class='ocrx_word' id='word_1_512' title='bbox 1929 2317 2366 2365; x_wconf 61' lang='lat' dir='ltr'><em>magnificentissimorum</em></span> 
     </span>
     <span class='ocr_line' id='line_1_41' title="bbox 131 2361 2367 2418; baseline -0.001 -18"><span class='ocrx_word' id='word_1_513' title='bbox 131 2367 408 2411; x_wconf 77' lang='lat' dir='ltr'><em>maqistratuum</em></span> <span class='ocrx_word' id='word_1_514' title='bbox 441 2365 549 2401; x_wconf 88' lang='lat' dir='ltr'><em>licere</em></span> <span class='ocrx_word' id='word_1_515' title='bbox 580 2366 751 2401; x_wconf 81' lang='lat' dir='ltr'><em>cessionis</em></span> <span class='ocrx_word' id='word_1_516' title='bbox 782 2365 957 2401; x_wconf 88' lang='lat' dir='ltr'><em>bonorum</em></span> <span class='ocrx_word' id='word_1_517' title='bbox 987 2366 1112 2418; x_wconf 69' lang='lat' dir='ltr'><em>qratia</em></span> <span class='ocrx_word' id='word_1_518' title='bbox 1142 2366 1179 2401; x_wconf 82' lang='lat' dir='ltr'><strong><em>in</em></strong></span> <span class='ocrx_word' id='word_1_519' title='bbox 1210 2365 1402 2410; x_wconf 78' lang='lat' dir='ltr'><em>anqustias</em></span> <span class='ocrx_word' id='word_1_520' title='bbox 1430 2362 1644 2416; x_wconf 80' lang='lat' dir='ltr'><em>compellere</em></span> <span class='ocrx_word' id='word_1_521' title='bbox 1675 2374 1888 2410; x_wconf 83' lang='lat' dir='ltr'><em>quemquam</em></span> <span class='ocrx_word' id='word_1_522' title='bbox 1911 2373 2053 2406; x_wconf 86' lang='lat' dir='ltr'><em>eorum,</em></span> <span class='ocrx_word' id='word_1_523' title='bbox 2084 2363 2150 2408; x_wconf 89' lang='lat' dir='ltr'><strong><em>qui</em></strong></span> <span class='ocrx_word' id='word_1_524' title='bbox 2170 2362 2215 2399; x_wconf 85' lang='lat' dir='ltr'><strong><em>de</em></strong></span> <span class='ocrx_word' id='word_1_525' title='bbox 2237 2361 2367 2399; x_wconf 82' lang='lat' dir='ltr'><em>debitis</em></span> 
     </span>
     <span class='ocr_line' id='line_1_42' title="bbox 132 2407 2366 2463; baseline -0.002 -17"><span class='ocrx_word' id='word_1_526' title='bbox 132 2421 224 2457; x_wconf 84' lang='lat' dir='ltr'><em>quas</em></span> <span class='ocrx_word' id='word_1_527' title='bbox 258 2410 420 2446; x_wconf 78' lang='lat' dir='ltr'><em>diximus</em></span> <span class='ocrx_word' id='word_1_528' title='bbox 455 2411 637 2456; x_wconf 86' lang='lat' dir='ltr'><em>(pecuniis</em></span> <span class='ocrx_word' id='word_1_529' title='bbox 674 2410 812 2446; x_wconf 84' lang='lat' dir='ltr'><em>scilicet</em></span> <span class='ocrx_word' id='word_1_530' title='bbox 851 2410 1012 2457; x_wconf 79' lang='lat' dir='ltr'><em>publicis</em></span> <span class='ocrx_word' id='word_1_531' title='bbox 1055 2410 1111 2446; x_wconf 83' lang='lat' dir='ltr'><strong><em>vel</em></strong></span> <span class='ocrx_word' id='word_1_532' title='bbox 1148 2410 1320 2463; x_wconf 86' lang='lat' dir='ltr'><em>privatis)</em></span> <span class='ocrx_word' id='word_1_533' title='bbox 1365 2412 1638 2452; x_wconf 83' lang='lat' dir='ltr'><em>conveniuntur,</em></span> <span class='ocrx_word' id='word_1_534' title='bbox 1673 2412 1736 2444; x_wconf 87' lang='lat' dir='ltr'><strong><em>aut</em></strong></span> <span class='ocrx_word' id='word_1_535' title='bbox 1770 2407 1948 2454; x_wconf 84' lang='lat' dir='ltr'><em>eiusmodi</em></span> <span class='ocrx_word' id='word_1_536' title='bbox 1979 2407 2277 2444; x_wconf 87' lang='lat' dir='ltr'><em>contumeliarum</em></span> <span class='ocrx_word' id='word_1_537' title='bbox 2311 2407 2366 2443; x_wconf 86' lang='lat' dir='ltr'><strong><em>uti</em></strong></span> 
     </span>
     <span class='ocr_line' id='line_1_43' title="bbox 126 2452 2368 2508; baseline -0.001 -17"><span class='ocrx_word' id='word_1_538' title='bbox 126 2456 396 2503; x_wconf 79' lang='lat' dir='ltr'><em>praetextibus,</em></span> <span class='ocrx_word' id='word_1_539' title='bbox 428 2461 469 2491; x_wconf 92' lang='lat' dir='ltr'><strong><em>ut</em></strong></span> <span class='ocrx_word' id='word_1_540' title='bbox 501 2456 555 2491; x_wconf 89' lang='lat' dir='ltr'><em>illi</em></span> <span class='ocrx_word' id='word_1_541' title='bbox 584 2456 634 2491; x_wconf 86' lang='lat' dir='ltr'><strong><em>ad</em></strong></span> <span class='ocrx_word' id='word_1_542' title='bbox 663 2456 881 2503; x_wconf 88' lang='lat' dir='ltr'><em>supplicium</em></span> <span class='ocrx_word' id='word_1_543' title='bbox 911 2456 1079 2508; x_wconf 84' lang='lat' dir='ltr'><em>corporis</em></span> <span class='ocrx_word' id='word_1_544' title='bbox 1104 2454 1308 2492; x_wconf 79' lang='lat' dir='ltr'><em>evitandum</em></span> <span class='ocrx_word' id='word_1_545' title='bbox 1338 2454 1466 2490; x_wconf 85' lang='lat' dir='ltr'><em>malint</em></span> <span class='ocrx_word' id='word_1_546' title='bbox 1496 2463 1618 2489; x_wconf 88' lang='lat' dir='ltr'><em>rerum</em></span> <span class='ocrx_word' id='word_1_547' title='bbox 1648 2464 1797 2489; x_wconf 87' lang='lat' dir='ltr'><em>suarum</em></span> <span class='ocrx_word' id='word_1_548' title='bbox 1818 2454 1942 2500; x_wconf 89' lang='lat' dir='ltr'><em>potius</em></span> <span class='ocrx_word' id='word_1_549' title='bbox 1961 2453 2186 2489; x_wconf 84' lang='lat' dir='ltr'><em>amissionem</em></span> <span class='ocrx_word' id='word_1_550' title='bbox 2207 2452 2300 2500; x_wconf 86' lang='lat' dir='ltr'><em>pati,</em></span> <span class='ocrx_word' id='word_1_551' title='bbox 2323 2462 2368 2488; x_wconf 79' lang='lat' dir='ltr'><strong><em>ac</em></strong></span> 
     </span>
     <span class='ocr_line' id='line_1_44' title="bbox 132 2496 2367 2547; baseline -0.001 -12"><span class='ocrx_word' id='word_1_552' title='bbox 132 2512 206 2535; x_wconf 84' lang='lat' dir='ltr'><strong><em>non</em></strong></span> <span class='ocrx_word' id='word_1_553' title='bbox 235 2511 314 2536; x_wconf 90' lang='lat' dir='ltr'><strong><em>cum</em></strong></span> <span class='ocrx_word' id='word_1_554' title='bbox 345 2502 492 2547; x_wconf 81' lang='lat' dir='ltr'><em>inopiae</em></span> <span class='ocrx_word' id='word_1_555' title='bbox 524 2501 611 2546; x_wconf 82' lang='lat' dir='ltr'><em>iuqo</em></span> <span class='ocrx_word' id='word_1_556' title='bbox 642 2502 749 2536; x_wconf 81' lang='lat' dir='ltr'><em>etiam</em></span> <span class='ocrx_word' id='word_1_557' title='bbox 781 2501 1020 2536; x_wconf 68' lang='lat' dir='ltr'><em>contumeliae</em></span> <span class='ocrx_word' id='word_1_558' title='bbox 1076 2501 1186 2536; x_wconf 85' lang='lat' dir='ltr'><em>robro</em></span> <span class='ocrx_word' id='word_1_559' title='bbox 1210 2499 1261 2535; x_wconf 89' lang='lat' dir='ltr'><strong><em>ad</em></strong></span> <span class='ocrx_word' id='word_1_560' title='bbox 1282 2504 1432 2535; x_wconf 89' lang='lat' dir='ltr'><em>mortem</em></span> <span class='ocrx_word' id='word_1_561' title='bbox 1455 2509 1570 2545; x_wconf 89' lang='lat' dir='ltr'><em>usque</em></span> <span class='ocrx_word' id='word_1_562' title='bbox 1619 2499 1718 2534; x_wconf 90' lang='lat' dir='ltr'><em>remi.</em></span> <span class='ocrx_word' id='word_1_563' title='bbox 1766 2497 2026 2534; x_wconf 84' lang='lat' dir='ltr'><em>Iusiurandum</em></span> <span class='ocrx_word' id='word_1_564' title='bbox 2049 2501 2168 2533; x_wconf 85' lang='lat' dir='ltr'><em>autem</em></span> <span class='ocrx_word' id='word_1_565' title='bbox 2182 2507 2258 2544; x_wconf 90' lang='lat' dir='ltr'><strong><em>per</em></strong></span> <span class='ocrx_word' id='word_1_566' title='bbox 2279 2496 2367 2533; x_wconf 84' lang='lat' dir='ltr'><em>ado-</em></span> 
     </span>
     <span class='ocr_line' id='line_1_45' title="bbox 131 2541 2367 2592; baseline -0.001 -12"><span class='ocrx_word' id='word_1_567' title='bbox 131 2545 251 2580; x_wconf 88' lang='lat' dir='ltr'><em>randa</em></span> <span class='ocrx_word' id='word_1_568' title='bbox 275 2546 462 2591; x_wconf 83' lang='lat' dir='ltr'><em>evanqelia</em></span> <span class='ocrx_word' id='word_1_569' title='bbox 483 2550 664 2592; x_wconf 86' lang='lat' dir='ltr'><em>praestet,</em></span> <span class='ocrx_word' id='word_1_570' title='bbox 692 2545 830 2581; x_wconf 88' lang='lat' dir='ltr'><em>nullam</em></span> <span class='ocrx_word' id='word_1_571' title='bbox 852 2546 922 2581; x_wconf 87' lang='lat' dir='ltr'><em>sibi</em></span> <span class='ocrx_word' id='word_1_572' title='bbox 942 2547 1034 2591; x_wconf 88' lang='lat' dir='ltr'><em>facu</em></span> <span class='ocrx_word' id='word_1_573' title='bbox 1051 2550 1159 2582; x_wconf 83' lang='lat' dir='ltr'><em>tatem</em></span> <span class='ocrx_word' id='word_1_574' title='bbox 1182 2545 1359 2591; x_wconf 86' lang='lat' dir='ltr'><em>reliquam</em></span> <span class='ocrx_word' id='word_1_575' title='bbox 1383 2554 1460 2580; x_wconf 88' lang='lat' dir='ltr'><em>esse</em></span> <span class='ocrx_word' id='word_1_576' title='bbox 1482 2544 1521 2579; x_wconf 89' lang='lat' dir='ltr'><strong><em>in</em></strong></span> <span class='ocrx_word' id='word_1_577' title='bbox 1543 2554 1585 2579; x_wconf 89' lang='lat' dir='ltr'><strong><em>re</em></strong></span> <span class='ocrx_word' id='word_1_578' title='bbox 1610 2554 1651 2579; x_wconf 91' lang='lat' dir='ltr'><strong><em>us</em></strong></span> <span class='ocrx_word' id='word_1_579' title='bbox 1673 2547 1737 2579; x_wconf 85' lang='lat' dir='ltr'><strong><em>aut</em></strong></span> <span class='ocrx_word' id='word_1_580' title='bbox 1760 2554 1864 2586; x_wconf 87' lang='lat' dir='ltr'><em>auro,</em></span> <span class='ocrx_word' id='word_1_581' title='bbox 1887 2543 1983 2579; x_wconf 86' lang='lat' dir='ltr'><em>unde</em></span> <span class='ocrx_word' id='word_1_582' title='bbox 2006 2542 2124 2579; x_wconf 85' lang='lat' dir='ltr'><em>debito</em></span> <span class='ocrx_word' id='word_1_583' title='bbox 2146 2541 2367 2588; x_wconf 79' lang='lat' dir='ltr'><em>satisfaciat.</em></span> 
     </span>
     <span class='ocr_line' id='line_1_46' title="bbox 132 2586 2370 2635; baseline -0.001 -10"><span class='ocrx_word' id='word_1_584' title='bbox 132 2590 175 2625; x_wconf 88' lang='lat' dir='ltr'><strong><em>Si</em></strong></span> <span class='ocrx_word' id='word_1_585' title='bbox 204 2601 297 2635; x_wconf 85' lang='lat' dir='ltr'><em>quae</em></span> <span class='ocrx_word' id='word_1_586' title='bbox 327 2601 412 2626; x_wconf 86' lang='lat' dir='ltr'><em>vero</em></span> <span class='ocrx_word' id='word_1_587' title='bbox 444 2591 527 2625; x_wconf 88' lang='lat' dir='ltr'><em>iura</em></span> <span class='ocrx_word' id='word_1_588' title='bbox 557 2591 591 2626; x_wconf 87' lang='lat' dir='ltr'><strong><em>ei</em></strong></span> <span class='ocrx_word' id='word_1_589' title='bbox 622 2591 684 2627; x_wconf 81' lang='lat' dir='ltr'><strong><em>lex</em></strong></span> <span class='ocrx_word' id='word_1_590' title='bbox 714 2595 777 2626; x_wconf 88' lang='lat' dir='ltr'><strong><em>aut</em></strong></span> <span class='ocrx_word' id='word_1_591' title='bbox 807 2602 857 2627; x_wconf 78' lang='lat' dir='ltr'><strong><em>ex</em></strong></span> <span class='ocrx_word' id='word_1_592' title='bbox 888 2590 1087 2626; x_wconf 79' lang='lat' dir='ltr'><em>hereditate</em></span> <span class='ocrx_word' id='word_1_593' title='bbox 1117 2594 1182 2626; x_wconf 86' lang='lat' dir='ltr'><strong><em>aut</em></strong></span> <span class='ocrx_word' id='word_1_594' title='bbox 1211 2600 1262 2626; x_wconf 75' lang='lat' dir='ltr'><strong><em>ea:</em></strong></span> <span class='ocrx_word' id='word_1_595' title='bbox 1291 2589 1487 2625; x_wconf 86' lang='lat' dir='ltr'><em>donatione</em></span> <span class='ocrx_word' id='word_1_596' title='bbox 1510 2593 1750 2635; x_wconf 77' lang='lat' dir='ltr'><em>coquatorum</em></span> <span class='ocrx_word' id='word_1_597' title='bbox 1773 2588 1812 2623; x_wconf 86' lang='lat' dir='ltr'><strong><em>in</em></strong></span> <span class='ocrx_word' id='word_1_598' title='bbox 1835 2587 2022 2624; x_wconf 80' lang='lat' dir='ltr'><em>mobilibus</em></span> <span class='ocrx_word' id='word_1_599' title='bbox 2045 2592 2110 2624; x_wconf 85' lang='lat' dir='ltr'><strong><em>aut</em></strong></span> <span class='ocrx_word' id='word_1_600' title='bbox 2130 2586 2370 2623; x_wconf 77' lang='lat' dir='ltr'><em>immobilibus</em></span> 
     </span>
    </p>
   </div>
   <div class='ocr_carea' id='block_1_13' title="bbox 135 2631 2430 2687">
    <p class='ocr_par' dir='ltr' id='par_1_13' title="bbox 135 2631 2430 2687">
     <span class='ocr_line' id='line_1_47' title="bbox 135 2631 2430 2687; baseline -0 -17"><span class='ocrx_word' id='word_1_601' title='bbox 135 2635 242 2670; x_wconf 80' lang='lat' dir='ltr'><em>rebus</em></span> <span class='ocrx_word' id='word_1_602' title='bbox 267 2635 412 2676; x_wconf 83' lang='lat' dir='ltr'><em>tribuat,</em></span> <span class='ocrx_word' id='word_1_603' title='bbox 437 2646 632 2687; x_wconf 87' lang='lat' dir='ltr'><em>earumque</em></span> <span class='ocrx_word' id='word_1_604' title='bbox 649 2637 883 2681; x_wconf 80' lang='lat' dir='ltr'><em>possessione</em></span> <span class='ocrx_word' id='word_1_605' title='bbox 903 2637 1063 2671; x_wconf 85' lang='lat' dir='ltr'><em>nondum</em></span> <span class='ocrx_word' id='word_1_606' title='bbox 1079 2636 1227 2683; x_wconf 88' lang='lat' dir='ltr'><em>potitus</em></span> <span class='ocrx_word' id='word_1_607' title='bbox 1241 2634 1300 2676; x_wconf 90' lang='lat' dir='ltr'><em>sit,</em></span> <span class='ocrx_word' id='word_1_608' title='bbox 1325 2637 1528 2681; x_wconf 84' lang='lat' dir='ltr'><em>competere</em></span> <span class='ocrx_word' id='word_1_609' title='bbox 1545 2638 1662 2670; x_wconf 83' lang='lat' dir='ltr'><em>tamen</em></span> <span class='ocrx_word' id='word_1_610' title='bbox 1678 2633 1712 2669; x_wconf 85' lang='lat' dir='ltr'><strong><em>ei</em></strong></span> <span class='ocrx_word' id='word_1_611' title='bbox 1727 2633 1930 2677; x_wconf 84' lang='lat' dir='ltr'><em>videantur,</em></span> <span class='ocrx_word' id='word_1_612' title='bbox 1954 2643 1998 2669; x_wconf 88' lang='lat' dir='ltr'><strong><em>ac</em></strong></span> <span class='ocrx_word' id='word_1_613' title='bbox 2041 2632 2154 2669; x_wconf 85' lang='lat' dir='ltr'><em>assint</em></span> <span class='ocrx_word' id='word_1_614' title='bbox 2171 2631 2368 2669; x_wconf 83' lang='lat' dir='ltr'><em>creditores</em></span> <span class='ocrx_word' id='word_1_615' title='bbox 2428 2636 2430 2638; x_wconf 77' lang='grc'>’</span> 
     </span>
    </p>
   </div>
   <div class='ocr_carea' id='block_1_14' title="bbox 127 2677 2370 2730">
    <p class='ocr_par' dir='ltr' id='par_1_14' title="bbox 127 2677 2370 2730">
     <span class='ocr_line' id='line_1_48' title="bbox 127 2677 2370 2730; baseline -0 -16"><span class='ocrx_word' id='word_1_616' title='bbox 127 2684 272 2727; x_wconf 86' lang='lat' dir='ltr'><em>partem</em></span> <span class='ocrx_word' id='word_1_617' title='bbox 296 2691 420 2715; x_wconf 87' lang='lat' dir='ltr'><em>earum</em></span> <span class='ocrx_word' id='word_1_618' title='bbox 444 2681 499 2716; x_wconf 84' lang='lat' dir='ltr'><strong><em>vel</em></strong></span> <span class='ocrx_word' id='word_1_619' title='bbox 522 2686 629 2716; x_wconf 72' lang='lat' dir='ltr'><em>ettam</em></span> <span class='ocrx_word' id='word_1_620' title='bbox 654 2685 766 2716; x_wconf 84' lang='lat' dir='ltr'><em>totum</em></span> <span class='ocrx_word' id='word_1_621' title='bbox 791 2681 963 2727; x_wconf 81' lang='lat' dir='ltr'><em>colliqere</em></span> <span class='ocrx_word' id='word_1_622' title='bbox 987 2681 1165 2728; x_wconf 79' lang='lat' dir='ltr'><em>(exceptis</em></span> <span class='ocrx_word' id='word_1_623' title='bbox 1190 2685 1308 2716; x_wconf 85' lang='lat' dir='ltr'><em>tamen</em></span> <span class='ocrx_word' id='word_1_624' title='bbox 1323 2678 1430 2715; x_wconf 89' lang='lat' dir='ltr'><em>rebus</em></span> <span class='ocrx_word' id='word_1_625' title='bbox 1445 2679 1587 2721; x_wconf 77' lang='lat' dir='ltr'><em>uxoris,</em></span> <span class='ocrx_word' id='word_1_626' title='bbox 1610 2677 1785 2725; x_wconf 79' lang='lat' dir='ltr'><em>siquidem</em></span> <span class='ocrx_word' id='word_1_627' title='bbox 1807 2689 1848 2714; x_wconf 86' lang='lat' dir='ltr'><strong><em>re</em></strong></span> <span class='ocrx_word' id='word_1_628' title='bbox 1863 2689 1948 2715; x_wconf 85' lang='lat' dir='ltr'><em>vera</em></span> <span class='ocrx_word' id='word_1_629' title='bbox 1964 2689 1987 2714; x_wconf 87' lang='lat' dir='ltr'><strong><em>a</em></strong></span> <span class='ocrx_word' id='word_1_630' title='bbox 2027 2677 2342 2730; x_wconf 43' lang='lat' dir='ltr'><em>eam-pertineant)</em></span> <span class='ocrx_word' id='word_1_631' title='bbox 2358 2689 2370 2713; x_wconf 70' lang='grc' dir='ltr'><strong><em>ε</em></strong></span> 
     </span>
    </p>
   </div>
   <div class='ocr_carea' id='block_1_15' title="bbox 132 2721 2427 2776">
    <p class='ocr_par' dir='ltr' id='par_1_15' title="bbox 132 2721 2427 2776">
     <span class='ocr_line' id='line_1_49' title="bbox 132 2721 2427 2776; baseline -0.001 -17"><span class='ocrx_word' id='word_1_632' title='bbox 132 2725 203 2759; x_wconf 81' lang='lat' dir='ltr'><strong><em>hoc</em></strong></span> <span class='ocrx_word' id='word_1_633' title='bbox 230 2725 317 2768; x_wconf 82' lang='lat' dir='ltr'><em>fiat,</em></span> <span class='ocrx_word' id='word_1_634' title='bbox 349 2729 458 2770; x_wconf 89' lang='lat' dir='ltr'><em>atque</em></span> <span class='ocrx_word' id='word_1_635' title='bbox 490 2725 596 2761; x_wconf 88' lang='lat' dir='ltr'><em>liceat</em></span> <span class='ocrx_word' id='word_1_636' title='bbox 630 2726 871 2762; x_wconf 85' lang='lat' dir='ltr'><em>creditoribus</em></span> <span class='ocrx_word' id='word_1_637' title='bbox 898 2726 1077 2762; x_wconf 85' lang='lat' dir='ltr'><em>eiusmodi</em></span> <span class='ocrx_word' id='word_1_638' title='bbox 1106 2726 1268 2761; x_wconf 84' lang='lat' dir='ltr'><em>actiones</em></span> <span class='ocrx_word' id='word_1_639' title='bbox 1297 2724 1366 2760; x_wconf 88' lang='lat' dir='ltr'><em>sibi</em></span> <span class='ocrx_word' id='word_1_640' title='bbox 1395 2723 1598 2766; x_wconf 86' lang='lat' dir='ltr'><em>vindicare,</em></span> <span class='ocrx_word' id='word_1_641' title='bbox 1631 2728 1666 2760; x_wconf 89' lang='lat' dir='ltr'><strong><em>et</em></strong></span> <span class='ocrx_word' id='word_1_642' title='bbox 1695 2734 1746 2760; x_wconf 81' lang='lat' dir='ltr'><strong><em>ex</em></strong></span> <span class='ocrx_word' id='word_1_643' title='bbox 1762 2734 1926 2771; x_wconf 85' lang='lat' dir='ltr'><em>persona</em></span> <span class='ocrx_word' id='word_1_644' title='bbox 1949 2723 2027 2759; x_wconf 85' lang='lat' dir='ltr'><em>eius</em></span> <span class='ocrx_word' id='word_1_645' title='bbox 2049 2733 2119 2776; x_wconf 65' lang='lat' dir='ltr'><strong><em>qm,</em></strong></span> <span class='ocrx_word' id='word_1_646' title='bbox 2137 2726 2211 2758; x_wconf 86' lang='lat' dir='ltr'><strong><em>tum</em></strong></span> <span class='ocrx_word' id='word_1_647' title='bbox 2233 2721 2368 2758; x_wconf 85' lang='lat' dir='ltr'><em>iurium</em></span> <span class='ocrx_word' id='word_1_648' title='bbox 2424 2759 2427 2765; x_wconf 71' lang='grc'><strong><em>,</em></strong></span> 
     </span>
    </p>
   </div>
   <div class='ocr_carea' id='block_1_16' title="bbox 131 2766 2368 2861">
    <p class='ocr_par' dir='ltr' id='par_1_16' title="bbox 131 2766 2368 2861">
     <span class='ocr_line' id='line_1_50' title="bbox 131 2766 2368 2816; baseline 0 -12"><span class='ocrx_word' id='word_1_649' title='bbox 131 2769 278 2804; x_wconf 86' lang='lat' dir='ltr'><em>illorum</em></span> <span class='ocrx_word' id='word_1_650' title='bbox 302 2769 469 2804; x_wconf 85' lang='lat' dir='ltr'><em>dominus</em></span> <span class='ocrx_word' id='word_1_651' title='bbox 500 2771 558 2812; x_wconf 83' lang='lat' dir='ltr'><em>sit,</em></span> <span class='ocrx_word' id='word_1_652' title='bbox 591 2771 752 2807; x_wconf 85' lang='lat' dir='ltr'><em>actiones</em></span> <span class='ocrx_word' id='word_1_653' title='bbox 782 2771 984 2816; x_wconf 83' lang='lat' dir='ltr'><em>instituere,</em></span> <span class='ocrx_word' id='word_1_654' title='bbox 1008 2771 1084 2807; x_wconf 89' lang='lat' dir='ltr'><em>sive</em></span> <span class='ocrx_word' id='word_1_655' title='bbox 1107 2770 1203 2806; x_wconf 84' lang='lat' dir='ltr'><em>adsit</em></span> <span class='ocrx_word' id='word_1_656' title='bbox 1227 2769 1367 2806; x_wconf 87' lang='lat' dir='ltr'><em>debitor</em></span> <span class='ocrx_word' id='word_1_657' title='bbox 1388 2769 1463 2805; x_wconf 85' lang='lat' dir='ltr'><em>sive</em></span> <span class='ocrx_word' id='word_1_658' title='bbox 1485 2779 1558 2804; x_wconf 87' lang='lat' dir='ltr'><strong><em>non</em></strong></span> <span class='ocrx_word' id='word_1_659' title='bbox 1582 2767 1688 2811; x_wconf 86' lang='lat' dir='ltr'><em>adsit,</em></span> <span class='ocrx_word' id='word_1_660' title='bbox 1713 2773 1749 2804; x_wconf 88' lang='lat' dir='ltr'><strong><em>et</em></strong></span> <span class='ocrx_word' id='word_1_661' title='bbox 1770 2769 1808 2804; x_wconf 87' lang='lat' dir='ltr'><strong><em>in</em></strong></span> <span class='ocrx_word' id='word_1_662' title='bbox 1827 2778 2024 2815; x_wconf 85' lang='lat' dir='ltr'><em>personam</em></span> <span class='ocrx_word' id='word_1_663' title='bbox 2047 2778 2164 2815; x_wconf 77' lang='lat' dir='ltr'><em>ipsius</em></span> <span class='ocrx_word' id='word_1_664' title='bbox 2185 2766 2368 2811; x_wconf 81' lang='lat' dir='ltr'><em>debitoris,</em></span> 
     </span>
     <span class='ocr_line' id='line_1_51' title="bbox 135 2813 1718 2861; baseline -0.002 -10"><span class='ocrx_word' id='word_1_665' title='bbox 135 2819 177 2851; x_wconf 87' lang='lat' dir='ltr'><strong><em>ut</em></strong></span> <span class='ocrx_word' id='word_1_666' title='bbox 198 2814 411 2861; x_wconf 85' lang='lat' dir='ltr'><em>simpliciter</em></span> <span class='ocrx_word' id='word_1_667' title='bbox 435 2814 606 2858; x_wconf 85' lang='lat' dir='ltr'><em>dicamus,</em></span> <span class='ocrx_word' id='word_1_668' title='bbox 630 2816 668 2850; x_wconf 85' lang='lat' dir='ltr'><strong><em>in</em></strong></span> <span class='ocrx_word' id='word_1_669' title='bbox 692 2816 868 2852; x_wconf 84' lang='lat' dir='ltr'><em>eiusmodi</em></span> <span class='ocrx_word' id='word_1_670' title='bbox 889 2817 1032 2852; x_wconf 84' lang='lat' dir='ltr'><em>actione</em></span> <span class='ocrx_word' id='word_1_671' title='bbox 1055 2816 1113 2851; x_wconf 83' lang='lat' dir='ltr'><strong><em>vel</em></strong></span> <span class='ocrx_word' id='word_1_672' title='bbox 1132 2826 1253 2853; x_wconf 89' lang='lat' dir='ltr'><em>rerum</em></span> <span class='ocrx_word' id='word_1_673' title='bbox 1277 2814 1518 2852; x_wconf 87' lang='lat' dir='ltr'><em>vindicatione</em></span> <span class='ocrx_word' id='word_1_674' title='bbox 1540 2813 1718 2850; x_wconf 88' lang='lat' dir='ltr'><em>substitui.</em></span> 
     </span>
    </p>
   </div>
   <div class='ocr_carea' id='block_1_17' title="bbox 132 2935 1222 3704">
    <p class='ocr_par' dir='ltr' id='par_1_17' title="bbox 132 2935 1222 3704">
     <span class='ocr_line' id='line_1_52' title="bbox 201 2935 1218 2984; baseline 0 -11"><span class='ocrx_word' id='word_1_675' title='bbox 201 2940 222 2973; x_wconf 81' lang='grc'>2</span> <span class='ocrx_word' id='word_1_676' title='bbox 247 2940 335 2972; x_wconf 83' lang='lat' dir='ltr'><em>rubr.</em></span> <span class='ocrx_word' id='word_1_677' title='bbox 354 2940 442 2982; x_wconf 88' lang='grc' dir='ltr'><strong><em>Περὶ</em></strong></span> <span class='ocrx_word' id='word_1_678' title='bbox 458 2939 523 2971; x_wconf 84' lang='grc' dir='ltr'><strong><em>τοῦ</em></strong></span> <span class='ocrx_word' id='word_1_679' title='bbox 539 2938 587 2981; x_wconf 79' lang='grc' dir='ltr'><strong><em>μὴ</em></strong></span> <span class='ocrx_word' id='word_1_680' title='bbox 606 2935 884 2984; x_wconf 77' lang='grc' dir='ltr'><strong><em>άναγκάζεσθαί</em></strong></span> <span class='ocrx_word' id='word_1_681' title='bbox 896 2953 981 2974; x_wconf 89' lang='grc' dir='ltr'><strong><em>τινα</em></strong></span> <span class='ocrx_word' id='word_1_682' title='bbox 998 2939 1218 2981; x_wconf 80' lang='grc' dir='ltr'><strong><em>ἐξίστασθαι</em></strong></span> 
     </span>
     <span class='ocr_line' id='line_1_53' title="bbox 135 2981 1220 3027; baseline 0.001 -9"><span class='ocrx_word' id='word_1_683' title='bbox 135 2985 255 3018; x_wconf 80' lang='lat' dir='ltr'><em>Tbeod.</em></span> <span class='ocrx_word' id='word_1_684' title='bbox 283 2985 374 3027; x_wconf 88' lang='grc' dir='ltr'><strong><em>Περὶ</em></strong></span> <span class='ocrx_word' id='word_1_685' title='bbox 390 2981 597 3016; x_wconf 85' lang='grc' dir='ltr'><strong><em>ἐκστάσεων</em></strong></span> <span class='ocrx_word' id='word_1_686' title='bbox 613 2985 714 3017; x_wconf 69' lang='lat' dir='ltr'><em>Aaou.</em></span> <span class='ocrx_word' id='word_1_687' title='bbox 734 2985 833 3018; x_wconf 79' lang='lat' dir='ltr'><em>Bmll.</em></span> <span class='ocrx_word' id='word_1_688' title='bbox 854 2986 865 3027; x_wconf 86' lang='grc' dir='ltr'><strong><em>ΙΙ</em></strong></span> <span class='ocrx_word' id='word_1_689' title='bbox 883 2984 996 3027; x_wconf 78' lang='grc' dir='ltr'><strong><em>τινας]</em></strong></span> <span class='ocrx_word' id='word_1_690' title='bbox 1021 2984 1104 3019; x_wconf 81' lang='grc' dir='ltr'><strong><em>τινὰ</em></strong></span> <span class='ocrx_word' id='word_1_691' title='bbox 1124 2987 1220 3019; x_wconf 75' lang='lat' dir='ltr'><em>index</em></span> 
     </span>
     <span class='ocr_line' id='line_1_54' title="bbox 132 3027 1218 3075; baseline -0.001 -12"><span class='ocrx_word' id='word_1_692' title='bbox 132 3030 223 3071; x_wconf 64' lang='lat' dir='ltr'><em>Am,</em></span> <span class='ocrx_word' id='word_1_693' title='bbox 248 3029 370 3062; x_wconf 72' lang='lat' dir='ltr'><em>Theou.</em></span> <span class='ocrx_word' id='word_1_694' title='bbox 388 3028 393 3070; x_wconf 90' lang='grc' dir='ltr'>Ι</span> <span class='ocrx_word' id='word_1_695' title='bbox 420 3027 584 3061; x_wconf 86' lang='grc' dir='ltr'><strong><em>ἐκστάσει</em></strong></span> <span class='ocrx_word' id='word_1_696' title='bbox 601 3028 800 3071; x_wconf 70' lang='grc' dir='ltr'><strong><em>κεχρῆσθαι</em></strong></span> <span class='ocrx_word' id='word_1_697' title='bbox 819 3030 993 3069; x_wconf 77' lang='grc' dir='ltr'><strong><em>(ἐξστάσει</em></strong></span> <span class='ocrx_word' id='word_1_698' title='bbox 1009 3028 1218 3075; x_wconf 89' lang='grc' dir='ltr'><strong><em>χρήσασθαι</em></strong></span> 
     </span>
     <span class='ocr_line' id='line_1_55' title="bbox 134 3070 1219 3119; baseline 0.002 -12"><span class='ocrx_word' id='word_1_699' title='bbox 134 3076 244 3115; x_wconf 65' lang='lat' dir='ltr'><em>index)</em></span> <span class='ocrx_word' id='word_1_700' title='bbox 277 3075 337 3107; x_wconf 76' lang='grc' dir='ltr'><strong><em>και</em></strong></span> <span class='ocrx_word' id='word_1_701' title='bbox 366 3086 411 3106; x_wconf 76' lang='grc' dir='ltr'><strong><em>τα</em></strong></span> <span class='ocrx_word' id='word_1_702' title='bbox 444 3071 523 3115; x_wconf 70' lang='grc' dir='ltr'><strong><em>ἑξῆς</em></strong></span> <span class='ocrx_word' id='word_1_703' title='bbox 547 3074 622 3106; x_wconf 73' lang='lat' dir='ltr'><strong><em>Aa.</em></strong></span> <span class='ocrx_word' id='word_1_704' title='bbox 649 3073 864 3112; x_wconf 67' lang='grc' dir='ltr'><strong><em>ἐξίστασθαι</em></strong></span> <span class='ocrx_word' id='word_1_705' title='bbox 892 3076 1012 3109; x_wconf 69' lang='lat' dir='ltr'><em>Theou.</em></span> <span class='ocrx_word' id='word_1_706' title='bbox 1031 3078 1043 3119; x_wconf 79' lang='lat' dir='ltr'>n</span> <span class='ocrx_word' id='word_1_707' title='bbox 1062 3078 1157 3109; x_wconf 78' lang='lat' dir='ltr'><em>inser.</em></span> <span class='ocrx_word' id='word_1_708' title='bbox 1181 3070 1219 3109; x_wconf 90' lang='lat'><strong><em>‘0</em></strong></span> 
     </span>
     <span class='ocr_line' id='line_1_56' title="bbox 135 3115 1217 3164; baseline 0.002 -12"><span class='ocrx_word' id='word_1_709' title='bbox 135 3116 244 3152; x_wconf 76' lang='grc' dir='ltr'><strong><em>αὐτὸς</em></strong></span> <span class='ocrx_word' id='word_1_710' title='bbox 274 3115 443 3163; x_wconf 82' lang='grc' dir='ltr'><strong><em>βασιλεύς</em></strong></span> <span class='ocrx_word' id='word_1_711' title='bbox 474 3119 550 3151; x_wconf 84' lang='lat' dir='ltr'><em>add.</em></span> <span class='ocrx_word' id='word_1_712' title='bbox 577 3119 650 3150; x_wconf 74' lang='lat' dir='ltr'><em>Aelz.</em></span> <span class='ocrx_word' id='word_1_713' title='bbox 681 3119 941 3153; x_wconf 79' lang='lat' dir='ltr'><em>Constitutionem</em></span> <span class='ocrx_word' id='word_1_714' title='bbox 974 3122 1020 3154; x_wconf 87' lang='lat' dir='ltr'><strong><em>ad</em></strong></span> <span class='ocrx_word' id='word_1_715' title='bbox 1036 3128 1217 3164; x_wconf 77' lang='lat' dir='ltr'><em>praetorem</em></span> 
     </span>
     <span class='ocr_line' id='line_1_57' title="bbox 135 3164 1219 3210; baseline 0.001 -12"><span class='ocrx_word' id='word_1_716' title='bbox 135 3166 300 3198; x_wconf 74' lang='lat' dir='ltr'><em>Thraciae</em></span> <span class='ocrx_word' id='word_1_717' title='bbox 331 3166 440 3197; x_wconf 86' lang='lat' dir='ltr'><em>datam</em></span> <span class='ocrx_word' id='word_1_718' title='bbox 466 3175 532 3197; x_wconf 84' lang='lat' dir='ltr'><em>esse</em></span> <span class='ocrx_word' id='word_1_719' title='bbox 555 3164 663 3196; x_wconf 81' lang='lat' dir='ltr'><em>videri</em></span> <span class='ocrx_word' id='word_1_720' title='bbox 686 3176 724 3197; x_wconf 76' lang='lat' dir='ltr'><strong><em>ex</em></strong></span> <span class='ocrx_word' id='word_1_721' title='bbox 748 3165 966 3206; x_wconf 75' lang='lat' dir='ltr'><em>appellatione</em></span> <span class='ocrx_word' id='word_1_722' title='bbox 991 3167 1068 3207; x_wconf 82' lang='grc'><strong><em>691,</em></strong></span> <span class='ocrx_word' id='word_1_723' title='bbox 1084 3173 1097 3199; x_wconf 84' lang='grc'>1</span> <span class='ocrx_word' id='word_1_724' title='bbox 1121 3177 1219 3210; x_wconf 86' lang='lat' dir='ltr'><em>prae-</em></span> 
     </span>
     <span class='ocr_line' id='line_1_58' title="bbox 134 3208 1220 3253; baseline 0.001 -10"><span class='ocrx_word' id='word_1_725' title='bbox 134 3211 260 3243; x_wconf 82' lang='lat' dir='ltr'><em>sidibus</em></span> <span class='ocrx_word' id='word_1_726' title='bbox 291 3211 494 3243; x_wconf 83' lang='lat' dir='ltr'><em>comitibusve</em></span> <span class='ocrx_word' id='word_1_727' title='bbox 526 3216 605 3251; x_wconf 84' lang='lat' dir='ltr'><em>apta</em></span> <span class='ocrx_word' id='word_1_728' title='bbox 633 3208 825 3241; x_wconf 77' lang='lat' dir='ltr'><em>Zachariae</em></span> <span class='ocrx_word' id='word_1_729' title='bbox 853 3211 986 3251; x_wconf 84' lang='lat' dir='ltr'><em>conicit,</em></span> <span class='ocrx_word' id='word_1_730' title='bbox 1018 3212 1104 3253; x_wconf 82' lang='lat' dir='ltr'><em>quod</em></span> <span class='ocrx_word' id='word_1_731' title='bbox 1126 3212 1220 3244; x_wconf 88' lang='lat' dir='ltr'><em>nimis</em></span> 
     </span>
     <span class='ocr_line' id='line_1_59' title="bbox 135 3251 1220 3299; baseline 0.001 -12"><span class='ocrx_word' id='word_1_732' title='bbox 135 3257 286 3288; x_wconf 83' lang='lat' dir='ltr'><em>incertum</em></span> <span class='ocrx_word' id='word_1_733' title='bbox 312 3262 358 3288; x_wconf 78' lang='lat' dir='ltr'><strong><em>est</em></strong></span> <span class='ocrx_word' id='word_1_734' title='bbox 373 3254 385 3298; x_wconf 87' lang='grc' dir='ltr'><strong><em>ΙΙ</em></strong></span> <span class='ocrx_word' id='word_1_735' title='bbox 405 3256 425 3288; x_wconf 87' lang='grc'>4</span> <span class='ocrx_word' id='word_1_736' title='bbox 449 3254 643 3298; x_wconf 84' lang='grc' dir='ltr'><strong><em>προτρέπει</em></strong></span> <span class='ocrx_word' id='word_1_737' title='bbox 665 3254 741 3286; x_wconf 82' lang='lat' dir='ltr'><em>Atb.</em></span> <span class='ocrx_word' id='word_1_738' title='bbox 759 3252 772 3296; x_wconf 84' lang='grc' dir='ltr'><strong><em>ΙΙ</em></strong></span> <span class='ocrx_word' id='word_1_739' title='bbox 791 3255 809 3287; x_wconf 90' lang='grc'>5</span> <span class='ocrx_word' id='word_1_740' title='bbox 830 3251 1005 3292; x_wconf 74' lang='grc' dir='ltr'><strong><em>αὔξεσθαι</em></strong></span> <span class='ocrx_word' id='word_1_741' title='bbox 1026 3256 1055 3287; x_wconf 88' lang='lat' dir='ltr'><em>L</em></span> <span class='ocrx_word' id='word_1_742' title='bbox 1074 3267 1220 3299; x_wconf 86' lang='lat' dir='ltr'><em>compen·</em></span> 
     </span>
     <span class='ocr_line' id='line_1_60' title="bbox 135 3299 1222 3343; baseline 0.001 -11"><span class='ocrx_word' id='word_1_743' title='bbox 135 3301 188 3332; x_wconf 86' lang='lat' dir='ltr'><strong><em>dio</em></strong></span> <span class='ocrx_word' id='word_1_744' title='bbox 221 3312 267 3333; x_wconf 91' lang='grc' dir='ltr'><strong><em>αν</em></strong></span> <span class='ocrx_word' id='word_1_745' title='bbox 300 3301 331 3333; x_wconf 84' lang='lat' dir='ltr'><strong><em>in</em></strong></span> <span class='ocrx_word' id='word_1_746' title='bbox 352 3301 426 3341; x_wconf 82' lang='lat' dir='ltr'><strong><em>fine</em></strong></span> <span class='ocrx_word' id='word_1_747' title='bbox 459 3299 611 3332; x_wconf 77' lang='lat' dir='ltr'><em>vocabuli</em></span> <span class='ocrx_word' id='word_1_748' title='bbox 639 3311 666 3331; x_wconf 87' lang='lat' dir='ltr'><strong><em>s.</em></strong></span> <span class='ocrx_word' id='word_1_749' title='bbox 687 3310 716 3331; x_wconf 88' lang='lat' dir='ltr'><strong><em>v.</em></strong></span> <span class='ocrx_word' id='word_1_750' title='bbox 751 3299 915 3341; x_wconf 76' lang='lat' dir='ltr'><em>adscripto</em></span> <span class='ocrx_word' id='word_1_751' title='bbox 934 3299 945 3340; x_wconf 76' lang='grc' dir='ltr'><strong><em>ΙΙ</em></strong></span> <span class='ocrx_word' id='word_1_752' title='bbox 963 3300 1035 3340; x_wconf 79' lang='grc' dir='ltr'><strong><em>τῆς]</em></strong></span> <span class='ocrx_word' id='word_1_753' title='bbox 1060 3301 1138 3332; x_wconf 79' lang='grc' dir='ltr'><strong><em>τῶν</em></strong></span> <span class='ocrx_word' id='word_1_754' title='bbox 1162 3300 1193 3333; x_wconf 90' lang='lat' dir='ltr'><em>L</em></span> <span class='ocrx_word' id='word_1_755' title='bbox 1210 3301 1222 3343; x_wconf 76' lang='grc' dir='ltr'><strong><em>ΙΙ</em></strong></span> 
     </span>
     <span class='ocr_line' id='line_1_61' title="bbox 133 3339 1221 3387; baseline 0.001 -10"><span class='ocrx_word' id='word_1_756' title='bbox 133 3343 323 3378; x_wconf 78' lang='grc' dir='ltr'><strong><em>καθεστὼς</em></strong></span> <span class='ocrx_word' id='word_1_757' title='bbox 336 3345 379 3385; x_wconf 92' lang='lat' dir='ltr'><strong><em>L]</em></strong></span> <span class='ocrx_word' id='word_1_758' title='bbox 398 3341 510 3378; x_wconf 80' lang='grc' dir='ltr'><strong><em>ἐστώς</em></strong></span> <span class='ocrx_word' id='word_1_759' title='bbox 526 3344 566 3377; x_wconf 88' lang='grc' dir='ltr'><strong>Μ</strong></span> <span class='ocrx_word' id='word_1_760' title='bbox 579 3344 591 3386; x_wconf 72' lang='lat' dir='ltr'>n</span> <span class='ocrx_word' id='word_1_761' title='bbox 609 3345 628 3377; x_wconf 89' lang='lat'><strong>6</strong></span> <span class='ocrx_word' id='word_1_762' title='bbox 640 3339 727 3387; x_wconf 81' lang='grc' dir='ltr'><strong><em>ἡμῖν</em></strong></span> <span class='ocrx_word' id='word_1_763' title='bbox 744 3343 770 3375; x_wconf 88' lang='lat' dir='ltr'><em>L</em></span> <span class='ocrx_word' id='word_1_764' title='bbox 787 3343 798 3385; x_wconf 82' lang='grc' dir='ltr'><strong><em>ΙΙ</em></strong></span> <span class='ocrx_word' id='word_1_765' title='bbox 820 3345 836 3376; x_wconf 81' lang='lat' dir='ltr'><strong><em>&#39;t&#39;</em></strong></span> <span class='ocrx_word' id='word_1_766' title='bbox 854 3343 1012 3377; x_wconf 75' lang='grc' dir='ltr'><strong><em>πέποιθε</em></strong></span> <span class='ocrx_word' id='word_1_767' title='bbox 1029 3346 1221 3378; x_wconf 84' lang='lat' dir='ltr'><em>Ha&#39;oander</em></span> 
     </span>
     <span class='ocr_line' id='line_1_62' title="bbox 132 3386 1222 3435; baseline -0.001 -12"><span class='ocrx_word' id='word_1_768' title='bbox 132 3389 145 3434; x_wconf 75' lang='grc' dir='ltr'><strong><em>ΙΙ</em></strong></span> <span class='ocrx_word' id='word_1_769' title='bbox 161 3391 464 3435; x_wconf 88' lang='grc' dir='ltr'><strong><em>περσεκουτίονος]</em></strong></span> <span class='ocrx_word' id='word_1_770' title='bbox 483 3403 509 3422; x_wconf 88' lang='lat' dir='ltr'><strong><em>s.</em></strong></span> <span class='ocrx_word' id='word_1_771' title='bbox 518 3402 546 3422; x_wconf 84' lang='lat' dir='ltr'><strong><em>v.</em></strong></span> <span class='ocrx_word' id='word_1_772' title='bbox 564 3386 793 3431; x_wconf 79' lang='grc' dir='ltr'><strong><em>ἀπαιτήσεως</em></strong></span> <span class='ocrx_word' id='word_1_773' title='bbox 813 3389 841 3420; x_wconf 89' lang='lat' dir='ltr'><em>L</em></span> <span class='ocrx_word' id='word_1_774' title='bbox 858 3391 1116 3432; x_wconf 73' lang='grc' dir='ltr'><strong><em>προφεσσίονος</em></strong></span> <span class='ocrx_word' id='word_1_775' title='bbox 1132 3390 1222 3422; x_wconf 72' lang='lat' dir='ltr'><em>malit</em></span> 
     </span>
     <span class='ocr_line' id='line_1_63' title="bbox 134 3430 1220 3477; baseline -0.001 -10"><span class='ocrx_word' id='word_1_776' title='bbox 134 3436 324 3469; x_wconf 81' lang='lat' dir='ltr'><em>Zachariae</em></span> <span class='ocrx_word' id='word_1_777' title='bbox 340 3436 411 3469; x_wconf 87' lang='lat' dir='ltr'><em>coll.</em></span> <span class='ocrx_word' id='word_1_778' title='bbox 432 3436 507 3468; x_wconf 81' lang='lat' dir='ltr'><em>cod.</em></span> <span class='ocrx_word' id='word_1_779' title='bbox 523 3437 630 3476; x_wconf 75' lang='lat'><em>7,7=,0</em></span> <span class='ocrx_word' id='word_1_780' title='bbox 644 3435 699 3477; x_wconf 74' lang='lat' dir='ltr'><strong><em>(cf</em></strong></span> <span class='ocrx_word' id='word_1_781' title='bbox 714 3434 804 3475; x_wconf 86' lang='lat' dir='ltr'><em>add.)</em></span> <span class='ocrx_word' id='word_1_782' title='bbox 822 3433 834 3477; x_wconf 88' lang='grc' dir='ltr'><strong><em>ΙΙ</em></strong></span> <span class='ocrx_word' id='word_1_783' title='bbox 853 3434 872 3467; x_wconf 87' lang='grc'>8</span> <span class='ocrx_word' id='word_1_784' title='bbox 890 3430 1000 3465; x_wconf 79' lang='grc' dir='ltr'><strong><em>αὑτοῦ</em></strong></span> <span class='ocrx_word' id='word_1_785' title='bbox 1018 3445 1084 3466; x_wconf 72' lang='lat' dir='ltr'><em>curn</em></span> <span class='ocrx_word' id='word_1_786' title='bbox 1100 3433 1220 3467; x_wconf 85' lang='lat' dir='ltr'><em>Serim-</em></span> 
     </span>
     <span class='ocr_line' id='line_1_64' title="bbox 133 3475 1219 3525; baseline -0.003 -13"><span class='ocrx_word' id='word_1_787' title='bbox 133 3493 211 3523; x_wconf 75' lang='lat' dir='ltr'><em>9ero</em></span> <span class='ocrx_word' id='word_1_788' title='bbox 235 3482 320 3523; x_wconf 76' lang='lat' dir='ltr'><em>vulq.</em></span> <span class='ocrx_word' id='word_1_789' title='bbox 339 3480 351 3522; x_wconf 80' lang='grc' dir='ltr'><strong><em>ΙΙ</em></strong></span> <span class='ocrx_word' id='word_1_790' title='bbox 369 3482 388 3514; x_wconf 87' lang='grc'><strong>9</strong></span> <span class='ocrx_word' id='word_1_791' title='bbox 413 3476 709 3525; x_wconf 81' lang='grc' dir='ltr'><strong><em>παραδεδομένον</em></strong></span> <span class='ocrx_word' id='word_1_792' title='bbox 727 3479 930 3518; x_wconf 86' lang='lat' dir='ltr'><em>Haloander]</em></span> <span class='ocrx_word' id='word_1_793' title='bbox 946 3475 1219 3521; x_wconf 78' lang='grc' dir='ltr'><strong><em>παραδεδομένη</em></strong></span> 
     </span>
     <span class='ocr_line' id='line_1_65' title="bbox 135 3520 1219 3571; baseline -0.003 -14"><span class='ocrx_word' id='word_1_794' title='bbox 135 3526 177 3557; x_wconf 86' lang='lat' dir='ltr'><em>M</em></span> <span class='ocrx_word' id='word_1_795' title='bbox 192 3523 462 3571; x_wconf 82' lang='grc' dir='ltr'><strong><em>παραδιδομένῃ</em></strong></span> <span class='ocrx_word' id='word_1_796' title='bbox 482 3526 512 3557; x_wconf 87' lang='lat' dir='ltr'><em>L</em></span> <span class='ocrx_word' id='word_1_797' title='bbox 528 3526 614 3567; x_wconf 69' lang='lat' dir='ltr'><em>vulo.</em></span> <span class='ocrx_word' id='word_1_798' title='bbox 632 3524 644 3568; x_wconf 71' lang='grc' dir='ltr'><strong><em>ΙΙ</em></strong></span> <span class='ocrx_word' id='word_1_799' title='bbox 664 3520 776 3557; x_wconf 72' lang='grc' dir='ltr'><strong><em>αὑτοῦ</em></strong></span> <span class='ocrx_word' id='word_1_800' title='bbox 791 3524 998 3563; x_wconf 76' lang='grc' dir='ltr'><strong><em>Ηαῖοαηιίεν]</em></strong></span> <span class='ocrx_word' id='word_1_801' title='bbox 1016 3520 1128 3555; x_wconf 80' lang='grc' dir='ltr'><strong><em>αὐτοῦ</em></strong></span> <span class='ocrx_word' id='word_1_802' title='bbox 1147 3523 1219 3555; x_wconf 84' lang='lat' dir='ltr'><em>ML</em></span> 
     </span>
     <span class='ocr_line' id='line_1_66' title="bbox 133 3565 1219 3613; baseline -0.001 -11"><span class='ocrx_word' id='word_1_803' title='bbox 133 3568 145 3613; x_wconf 81' lang='grc' dir='ltr'>Η</span> <span class='ocrx_word' id='word_1_804' title='bbox 164 3572 201 3602; x_wconf 80' lang='lat'><strong><em>10</em></strong></span> <span class='ocrx_word' id='word_1_805' title='bbox 230 3583 269 3603; x_wconf 91' lang='grc' dir='ltr'><strong><em>τε</em></strong></span> <span class='ocrx_word' id='word_1_806' title='bbox 294 3584 352 3605; x_wconf 86' lang='lat' dir='ltr'><strong><em>om.</em></strong></span> <span class='ocrx_word' id='word_1_807' title='bbox 379 3570 426 3603; x_wconf 86' lang='lat' dir='ltr'><em>M</em></span> <span class='ocrx_word' id='word_1_808' title='bbox 441 3575 453 3612; x_wconf 76' lang='lat' dir='ltr'>n</span> <span class='ocrx_word' id='word_1_809' title='bbox 481 3571 519 3605; x_wconf 86' lang='lat'><strong><em>13</em></strong></span> <span class='ocrx_word' id='word_1_810' title='bbox 547 3569 753 3613; x_wconf 84' lang='grc' dir='ltr'><strong><em>θεραπείαν</em></strong></span> <span class='ocrx_word' id='word_1_811' title='bbox 775 3569 831 3609; x_wconf 90' lang='grc' dir='ltr'><strong><em>Μ]</em></strong></span> <span class='ocrx_word' id='word_1_812' title='bbox 856 3565 1073 3613; x_wconf 85' lang='grc' dir='ltr'><strong><em>θεράπευμα</em></strong></span> <span class='ocrx_word' id='word_1_813' title='bbox 1099 3567 1128 3599; x_wconf 88' lang='lat' dir='ltr'><em>L</em></span> <span class='ocrx_word' id='word_1_814' title='bbox 1146 3566 1159 3609; x_wconf 80' lang='lat' dir='ltr'>ss</span> <span class='ocrx_word' id='word_1_815' title='bbox 1179 3569 1219 3601; x_wconf 81' lang='lat'><strong><em>14</em></strong></span> 
     </span>
     <span class='ocr_line' id='line_1_67' title="bbox 134 3608 1220 3656; baseline -0.006 -7"><span class='ocrx_word' id='word_1_816' title='bbox 134 3616 209 3655; x_wconf 55' lang='lat' dir='ltr'><em>vob]</em></span> <span class='ocrx_word' id='word_1_817' title='bbox 235 3615 276 3648; x_wconf 85' lang='grc' dir='ltr'><strong><em>τὸ</em></strong></span> <span class='ocrx_word' id='word_1_818' title='bbox 303 3616 501 3656; x_wconf 80' lang='lat' dir='ltr'><em>Zachariae,</em></span> <span class='ocrx_word' id='word_1_819' title='bbox 518 3629 547 3649; x_wconf 85' lang='grc' dir='ltr'><strong><em>υ.</em></strong></span> <span class='ocrx_word' id='word_1_820' title='bbox 575 3617 614 3649; x_wconf 84' lang='grc'><strong><em>13</em></strong></span> <span class='ocrx_word' id='word_1_821' title='bbox 639 3627 678 3647; x_wconf 86' lang='grc' dir='ltr'><strong><em>τε</em></strong></span> <span class='ocrx_word' id='word_1_822' title='bbox 702 3615 870 3647; x_wconf 81' lang='lat' dir='ltr'><em>abundare</em></span> <span class='ocrx_word' id='word_1_823' title='bbox 893 3620 983 3647; x_wconf 84' lang='lat' dir='ltr'><em>ratus</em></span> <span class='ocrx_word' id='word_1_824' title='bbox 1000 3612 1012 3655; x_wconf 77' lang='grc' dir='ltr'><strong><em>ΙΙ</em></strong></span> <span class='ocrx_word' id='word_1_825' title='bbox 1030 3612 1090 3645; x_wconf 82' lang='grc' dir='ltr'><strong><em>ἐπὶ</em></strong></span> <span class='ocrx_word' id='word_1_826' title='bbox 1115 3608 1220 3653; x_wconf 81' lang='grc' dir='ltr'><strong><em>ἡμῶν</em></strong></span> 
     </span>
     <span class='ocr_line' id='line_1_68' title="bbox 135 3652 1220 3704; baseline -0.003 -12"><span class='ocrx_word' id='word_1_827' title='bbox 135 3660 220 3700; x_wconf 72' lang='lat' dir='ltr'><strong><em>ML]</em></strong></span> <span class='ocrx_word' id='word_1_828' title='bbox 254 3655 336 3704; x_wconf 76' lang='grc' dir='ltr'><strong><em>παρ’</em></strong></span> <span class='ocrx_word' id='word_1_829' title='bbox 364 3655 468 3703; x_wconf 79' lang='grc' dir='ltr'><strong><em>ἡμῶν</em></strong></span> <span class='ocrx_word' id='word_1_830' title='bbox 491 3661 574 3694; x_wconf 82' lang='lat' dir='ltr'><em>male</em></span> <span class='ocrx_word' id='word_1_831' title='bbox 598 3672 665 3693; x_wconf 84' lang='lat' dir='ltr'><strong><em>cum</em></strong></span> <span class='ocrx_word' id='word_1_832' title='bbox 692 3660 874 3703; x_wconf 78' lang='lat' dir='ltr'><em>Serimyero</em></span> <span class='ocrx_word' id='word_1_833' title='bbox 898 3659 984 3702; x_wconf 74' lang='lat' dir='ltr'><em>vuly.</em></span> <span class='ocrx_word' id='word_1_834' title='bbox 1009 3652 1105 3702; x_wconf 81' lang='grc' dir='ltr'><strong><em>(παρ’</em></strong></span> <span class='ocrx_word' id='word_1_835' title='bbox 1133 3652 1220 3700; x_wconf 74' lang='grc' dir='ltr'><strong><em>ἡμῖν</em></strong></span> 
     </span>
    </p>
   </div>
   <div class='ocr_carea' id='block_1_18' title="bbox 1287 2931 2369 3298">
    <p class='ocr_par' dir='ltr' id='par_1_18' title="bbox 1287 2931 2278 2992">
     <span class='ocr_line' id='line_1_69' title="bbox 1287 2931 2278 2992; baseline -0.005 -18"><span class='ocrx_word' id='word_1_836' title='bbox 1287 2940 1369 2974; x_wconf 86' lang='lat' dir='ltr'><em>coni.</em></span> <span class='ocrx_word' id='word_1_837' title='bbox 1385 2939 1584 2980; x_wconf 80' lang='lat' dir='ltr'><em>Zachariae)</em></span> <span class='ocrx_word' id='word_1_838' title='bbox 1593 2937 1605 2983; x_wconf 80' lang='lat' dir='ltr'><strong><em>{l</em></strong></span> <span class='ocrx_word' id='word_1_839' title='bbox 1616 2941 1655 2973; x_wconf 87' lang='lat'><strong><em>15</em></strong></span> <span class='ocrx_word' id='word_1_840' title='bbox 1668 2935 1877 2992; x_wconf 85' lang='grc' dir='ltr'><strong><em>πράγματος</em></strong></span> <span class='ocrx_word' id='word_1_841' title='bbox 1889 2936 1996 2983; x_wconf 78' lang='grc' dir='ltr'><strong><em>χάριν</em></strong></span> <span class='ocrx_word' id='word_1_842' title='bbox 2008 2936 2195 2971; x_wconf 78' lang='grc' dir='ltr'><strong><em>ἐκστασίου</em></strong></span> <span class='ocrx_word' id='word_1_843' title='bbox 2207 2931 2278 2969; x_wconf 63' lang='lat' dir='ltr'><em>«ivd</em></span> 
     </span>
    </p>

    <p class='ocr_par' dir='ltr' id='par_1_19' title="bbox 1287 2981 2369 3298">
     <span class='ocr_line' id='line_1_70' title="bbox 1287 2981 2369 3029; baseline -0.003 -11"><span class='ocrx_word' id='word_1_844' title='bbox 1287 2986 1502 3024; x_wconf 84' lang='lat' dir='ltr'><em>Haloander;</em></span> <span class='ocrx_word' id='word_1_845' title='bbox 1527 2985 1588 3029; x_wconf 73' lang='lat' dir='ltr'><em>leq.</em></span> <span class='ocrx_word' id='word_1_846' title='bbox 1607 2984 1858 3029; x_wconf 75' lang='grc' dir='ltr'><strong><em>πραγματωνῖ</em></strong></span> <span class='ocrx_word' id='word_1_847' title='bbox 1874 2983 1886 3026; x_wconf 88' lang='grc' dir='ltr'><strong><em>ΙΙ</em></strong></span> <span class='ocrx_word' id='word_1_848' title='bbox 1906 2981 2053 3028; x_wconf 78' lang='grc' dir='ltr'><strong><em>ἐπάγειν</em></strong></span> <span class='ocrx_word' id='word_1_849' title='bbox 2070 2982 2159 3023; x_wconf 87' lang='grc' dir='ltr'><strong><em>ΜΒ]</em></strong></span> <span class='ocrx_word' id='word_1_850' title='bbox 2175 2981 2245 3016; x_wconf 78' lang='grc' dir='ltr'><strong><em>ἐπα</em></strong></span> <span class='ocrx_word' id='word_1_851' title='bbox 2269 2982 2369 3027; x_wconf 82' lang='grc' dir='ltr'><strong><em>αγεῖν</em></strong></span> 
     </span>
     <span class='ocr_line' id='line_1_71' title="bbox 1288 3026 2368 3073; baseline -0.002 -10"><span class='ocrx_word' id='word_1_852' title='bbox 1288 3031 1318 3063; x_wconf 93' lang='lat' dir='ltr'><em>L</em></span> <span class='ocrx_word' id='word_1_853' title='bbox 1343 3030 1428 3073; x_wconf 77' lang='lat' dir='ltr'><em>vuly.</em></span> <span class='ocrx_word' id='word_1_854' title='bbox 1455 3027 1468 3073; x_wconf 73' lang='lat' dir='ltr'>ss</span> <span class='ocrx_word' id='word_1_855' title='bbox 1494 3030 1534 3064; x_wconf 87' lang='grc'><strong><em>16</em></strong></span> <span class='ocrx_word' id='word_1_856' title='bbox 1567 3029 1627 3062; x_wconf 83' lang='grc' dir='ltr'><strong><em>ἐπὶ</em></strong></span> <span class='ocrx_word' id='word_1_857' title='bbox 1658 3032 1736 3062; x_wconf 86' lang='grc' dir='ltr'><strong><em>ταῖς</em></strong></span> <span class='ocrx_word' id='word_1_858' title='bbox 1763 3028 1961 3073; x_wconf 84' lang='grc' dir='ltr'><strong><em>εἰρημέναις</em></strong></span> <span class='ocrx_word' id='word_1_859' title='bbox 1990 3028 2122 3070; x_wconf 87' lang='grc' dir='ltr'><strong><em>χρείαις</em></strong></span> <span class='ocrx_word' id='word_1_860' title='bbox 2153 3039 2211 3060; x_wconf 86' lang='lat' dir='ltr'><strong><em>om.</em></strong></span> <span class='ocrx_word' id='word_1_861' title='bbox 2274 3051 2285 3067; x_wconf 84' lang='lat'><em>,</em></span> <span class='ocrx_word' id='word_1_862' title='bbox 2308 3026 2368 3061; x_wconf 75' lang='grc' dir='ltr'><strong><em>ἐπὶ</em></strong></span> 
     </span>
     <span class='ocr_line' id='line_1_72' title="bbox 1288 3067 2368 3119; baseline -0.001 -12"><span class='ocrx_word' id='word_1_863' title='bbox 1288 3072 1443 3119; x_wconf 88' lang='grc' dir='ltr'><strong><em>χρήμασι</em></strong></span> <span class='ocrx_word' id='word_1_864' title='bbox 1462 3070 1713 3107; x_wconf 86' lang='grc' dir='ltr'><strong><em>-ἰδιωτικοῖς</em></strong></span> <span class='ocrx_word' id='word_1_865' title='bbox 1736 3086 1795 3107; x_wconf 90' lang='lat' dir='ltr'><strong><em>om.</em></strong></span> <span class='ocrx_word' id='word_1_866' title='bbox 1821 3074 1852 3106; x_wconf 87' lang='lat' dir='ltr'><em>L</em></span> <span class='ocrx_word' id='word_1_867' title='bbox 1876 3073 1889 3117; x_wconf 84' lang='grc' dir='ltr'><strong><em>ΙΙ</em></strong></span> <span class='ocrx_word' id='word_1_868' title='bbox 1915 3075 1952 3108; x_wconf 80' lang='grc'><strong><em>17</em></strong></span> <span class='ocrx_word' id='word_1_869' title='bbox 1979 3072 2152 3116; x_wconf 80' lang='grc' dir='ltr'><strong><em>αἰκισμοῖς</em></strong></span> <span class='ocrx_word' id='word_1_870' title='bbox 2175 3071 2234 3115; x_wconf 73' lang='lat' dir='ltr'><em>Lss</em></span> <span class='ocrx_word' id='word_1_871' title='bbox 2255 3072 2295 3106; x_wconf 88' lang='lat'><strong><em>18</em></strong></span> <span class='ocrx_word' id='word_1_872' title='bbox 2316 3067 2368 3116; x_wconf 73' lang='grc' dir='ltr'><strong><em>μὴ</em></strong></span> 
     </span>
     <span class='ocr_line' id='line_1_73' title="bbox 1290 3116 2368 3159; baseline -0.003 -6"><span class='ocrx_word' id='word_1_873' title='bbox 1290 3121 1454 3153; x_wconf 83' lang='lat' dir='ltr'><em>delendum</em></span> <span class='ocrx_word' id='word_1_874' title='bbox 1471 3126 1575 3152; x_wconf 84' lang='lat' dir='ltr'><em>censet</em></span> <span class='ocrx_word' id='word_1_875' title='bbox 1591 3119 1761 3152; x_wconf 81' lang='lat' dir='ltr'><em>Heraldus</em></span> <span class='ocrx_word' id='word_1_876' title='bbox 1777 3119 1815 3152; x_wconf 84' lang='lat' dir='ltr'><strong><em>de</em></strong></span> <span class='ocrx_word' id='word_1_877' title='bbox 1835 3130 1938 3152; x_wconf 81' lang='lat' dir='ltr'><em>rerum</em></span> <span class='ocrx_word' id='word_1_878' title='bbox 1956 3118 2052 3151; x_wconf 77' lang='lat' dir='ltr'><em>indic.</em></span> <span class='ocrx_word' id='word_1_879' title='bbox 2069 3123 2153 3150; x_wconf 84' lang='lat' dir='ltr'><em>auct.</em></span> <span class='ocrx_word' id='word_1_880' title='bbox 2179 3118 2210 3158; x_wconf 89' lang='lat'><strong><em>2,</em></strong></span> <span class='ocrx_word' id='word_1_881' title='bbox 2225 3123 2260 3151; x_wconf 72' lang='lat'><strong><em>‘25</em></strong></span> <span class='ocrx_word' id='word_1_882' title='bbox 2277 3116 2368 3159; x_wconf 84' lang='lat' dir='ltr'><em>(Ouo</em></span> 
     </span>
     <span class='ocr_line' id='line_1_74' title="bbox 1291 3162 2369 3208; baseline -0.004 -10"><span class='ocrx_word' id='word_1_883' title='bbox 1291 3166 1384 3198; x_wconf 79' lang='lat' dir='ltr'><em>Thes.</em></span> <span class='ocrx_word' id='word_1_884' title='bbox 1411 3166 1472 3197; x_wconf 81' lang='lat' dir='ltr'><em>iar.</em></span> <span class='ocrx_word' id='word_1_885' title='bbox 1489 3164 1524 3196; x_wconf 81' lang='lat'><strong><em>11</em></strong></span> <span class='ocrx_word' id='word_1_886' title='bbox 1537 3177 1572 3208; x_wconf 84' lang='lat' dir='ltr'><em>p.</em></span> <span class='ocrx_word' id='word_1_887' title='bbox 1593 3164 1702 3205; x_wconf 83' lang='lat'><em>1287),</em></span> <span class='ocrx_word' id='word_1_888' title='bbox 1726 3162 1800 3206; x_wconf 87' lang='grc' dir='ltr'><strong><em>μὴν</em></strong></span> <span class='ocrx_word' id='word_1_889' title='bbox 1823 3175 1905 3196; x_wconf 77' lang='lat' dir='ltr'><em>corr.</em></span> <span class='ocrx_word' id='word_1_890' title='bbox 1930 3162 1973 3196; x_wconf 88' lang='lat' dir='ltr'><strong><em>R.</em></strong></span> <span class='ocrx_word' id='word_1_891' title='bbox 1992 3162 2181 3203; x_wconf 84' lang='lat' dir='ltr'><em>Schneider,</em></span> <span class='ocrx_word' id='word_1_892' title='bbox 2204 3168 2306 3195; x_wconf 84' lang='lat' dir='ltr'><em>utrum</em></span> <span class='ocrx_word' id='word_1_893' title='bbox 2352 3172 2369 3195; x_wconf 75' lang='grc' dir='ltr'><strong><em>ς</em></strong></span> 
     </span>
     <span class='ocr_line' id='line_1_75' title="bbox 1290 3201 2369 3252; baseline -0.003 -9"><span class='ocrx_word' id='word_1_894' title='bbox 1290 3210 1410 3244; x_wconf 84' lang='lat' dir='ltr'><em>iniuria</em></span> <span class='ocrx_word' id='word_1_895' title='bbox 1427 3208 1440 3252; x_wconf 81' lang='grc' dir='ltr'><strong><em>ΙΙ</em></strong></span> <span class='ocrx_word' id='word_1_896' title='bbox 1457 3210 1515 3241; x_wconf 85' lang='grc' dir='ltr'><strong><em>καὶ</em></strong></span> <span class='ocrx_word' id='word_1_897' title='bbox 1539 3208 1606 3251; x_wconf 73' lang='grc' dir='ltr'><strong><em>τῷ]</em></strong></span> <span class='ocrx_word' id='word_1_898' title='bbox 1630 3209 1690 3241; x_wconf 84' lang='grc' dir='ltr'><strong><em>καὶ</em></strong></span> <span class='ocrx_word' id='word_1_899' title='bbox 1706 3207 1749 3242; x_wconf 91' lang='grc' dir='ltr'><strong><em>τὸ</em></strong></span> <span class='ocrx_word' id='word_1_900' title='bbox 1768 3208 1798 3241; x_wconf 90' lang='lat' dir='ltr'><em>L</em></span> <span class='ocrx_word' id='word_1_901' title='bbox 1819 3208 1824 3249; x_wconf 75' lang='lat' dir='ltr'><strong>l</strong></span> <span class='ocrx_word' id='word_1_902' title='bbox 1848 3209 1888 3242; x_wconf 83' lang='grc'><strong><em>19</em></strong></span> <span class='ocrx_word' id='word_1_903' title='bbox 1905 3204 1949 3241; x_wconf 75' lang='grc' dir='ltr'><strong><em>οὗ</em></strong></span> <span class='ocrx_word' id='word_1_904' title='bbox 1964 3216 2017 3241; x_wconf 90' lang='grc' dir='ltr'><strong><em>τις</em></strong></span> <span class='ocrx_word' id='word_1_905' title='bbox 2035 3207 2239 3247; x_wconf 83' lang='lat' dir='ltr'><em>Haloander]</em></span> <span class='ocrx_word' id='word_1_906' title='bbox 2255 3201 2297 3239; x_wconf 76' lang='grc' dir='ltr'><strong><em>οὗ</em></strong></span> <span class='ocrx_word' id='word_1_907' title='bbox 2319 3205 2369 3240; x_wconf 70' lang='grc' dir='ltr'><strong><em>εὶς</em></strong></span> 
     </span>
     <span class='ocr_line' id='line_1_76' title="bbox 1291 3249 2367 3298; baseline -0.003 -10"><span class='ocrx_word' id='word_1_908' title='bbox 1291 3254 1401 3288; x_wconf 81' lang='lat' dir='ltr'><strong><em>MLB</em></strong></span> <span class='ocrx_word' id='word_1_909' title='bbox 1414 3249 1575 3297; x_wconf 73' lang='grc' dir='ltr'><strong><em>(οὐδεμία</em></strong></span> <span class='ocrx_word' id='word_1_910' title='bbox 1588 3254 1677 3294; x_wconf 72' lang='lat' dir='ltr'><em>Am.)</em></span> <span class='ocrx_word' id='word_1_911' title='bbox 1697 3252 1709 3297; x_wconf 85' lang='grc' dir='ltr'><strong><em>ΙΙ</em></strong></span> <span class='ocrx_word' id='word_1_912' title='bbox 1726 3255 1768 3290; x_wconf 83' lang='grc'><strong><em>20</em></strong></span> <span class='ocrx_word' id='word_1_913' title='bbox 1786 3249 1996 3298; x_wconf 85' lang='grc' dir='ltr'><strong><em>πράγματος</em></strong></span> <span class='ocrx_word' id='word_1_914' title='bbox 2014 3250 2063 3285; x_wconf 76' lang='grc' dir='ltr'><strong><em>ΒΓ</em></strong></span> <span class='ocrx_word' id='word_1_915' title='bbox 2080 3250 2094 3296; x_wconf 82' lang='grc' dir='ltr'><strong><em>ΙΙ</em></strong></span> <span class='ocrx_word' id='word_1_916' title='bbox 2115 3249 2221 3297; x_wconf 85' lang='grc' dir='ltr'><strong><em>χάριν</em></strong></span> <span class='ocrx_word' id='word_1_917' title='bbox 2242 3263 2258 3285; x_wconf 85' lang='lat' dir='ltr'><strong><em>e</em></strong></span> <span class='ocrx_word' id='word_1_918' title='bbox 2279 3263 2311 3284; x_wconf 85' lang='grc' dir='ltr'><strong><em>υ.</em></strong></span> <span class='ocrx_word' id='word_1_919' title='bbox 2325 3250 2367 3286; x_wconf 77' lang='grc'><strong><em>15</em></strong></span> 
     </span>
    </p>
   </div>
   <div class='ocr_carea' id='block_1_19' title="bbox 1290 3291 2428 3350">
    <p class='ocr_par' dir='ltr' id='par_1_20' title="bbox 1290 3291 2428 3350">
     <span class='ocr_line' id='line_1_77' title="bbox 1290 3291 2428 3350; baseline -0.002 -18"><span class='ocrx_word' id='word_1_920' title='bbox 1290 3301 1413 3333; x_wconf 84' lang='lat' dir='ltr'><em>illatum</em></span> <span class='ocrx_word' id='word_1_921' title='bbox 1430 3311 1497 3332; x_wconf 81' lang='lat' dir='ltr'><em>esse</em></span> <span class='ocrx_word' id='word_1_922' title='bbox 1512 3300 1697 3342; x_wconf 81' lang='lat' dir='ltr'><em>suspicatur</em></span> <span class='ocrx_word' id='word_1_923' title='bbox 1709 3299 1820 3336; x_wconf 77' lang='lat' dir='ltr'><em>Kroll:</em></span> <span class='ocrx_word' id='word_1_924' title='bbox 1843 3306 1877 3332; x_wconf 81' lang='lat' dir='ltr'><strong><em>at</em></strong></span> <span class='ocrx_word' id='word_1_925' title='bbox 1892 3299 1934 3339; x_wconf 82' lang='lat' dir='ltr'><strong><em>cf.</em></strong></span> <span class='ocrx_word' id='word_1_926' title='bbox 1949 3296 2110 3332; x_wconf 82' lang='lat' dir='ltr'><em>CLXIII</em></span> <span class='ocrx_word' id='word_1_927' title='bbox 2121 3309 2146 3331; x_wconf 87' lang='lat' dir='ltr'><strong><em>c.</em></strong></span> <span class='ocrx_word' id='word_1_928' title='bbox 2159 3299 2179 3331; x_wconf 80' lang='lat'><strong>2</strong></span> <span class='ocrx_word' id='word_1_929' title='bbox 2196 3296 2209 3340; x_wconf 81' lang='grc' dir='ltr'><strong><em>ΙΙ</em></strong></span> <span class='ocrx_word' id='word_1_930' title='bbox 2225 3297 2368 3350; x_wconf 74' lang='grc' dir='ltr'><strong><em>χρυσίον</em></strong></span> <span class='ocrx_word' id='word_1_931' title='bbox 2419 3291 2428 3298; x_wconf 40' lang='lat'>³</span> 
     </span>
    </p>
   </div>
   <div class='ocr_carea' id='block_1_20' title="bbox 1288 3339 2369 3656">
    <p class='ocr_par' dir='ltr' id='par_1_21' title="bbox 1288 3339 2369 3656">
     <span class='ocr_line' id='line_1_78' title="bbox 1290 3339 2369 3387; baseline -0.004 -9"><span class='ocrx_word' id='word_1_932' title='bbox 1290 3345 1382 3378; x_wconf 66' lang='grc' dir='ltr'><strong><em>ΜΒί</em></strong></span> <span class='ocrx_word' id='word_1_933' title='bbox 1418 3345 1485 3378; x_wconf 76' lang='grc' dir='ltr'><strong><em>Εεὶ.</em></strong></span> <span class='ocrx_word' id='word_1_934' title='bbox 1511 3345 1625 3386; x_wconf 79' lang='grc' dir='ltr'><strong><em>(ΑιΙι.)]</em></strong></span> <span class='ocrx_word' id='word_1_935' title='bbox 1655 3346 1800 3387; x_wconf 88' lang='grc' dir='ltr'><strong><em>χρυσίον</em></strong></span> <span class='ocrx_word' id='word_1_936' title='bbox 1825 3341 1908 3376; x_wconf 78' lang='lat' dir='ltr'><strong><em>LBs</em></strong></span> <span class='ocrx_word' id='word_1_937' title='bbox 1929 3342 2044 3387; x_wconf 69' lang='lat' dir='ltr'><em>only-fl</em></span> <span class='ocrx_word' id='word_1_938' title='bbox 2063 3343 2102 3376; x_wconf 81' lang='lat'><strong><em>21</em></strong></span> <span class='ocrx_word' id='word_1_939' title='bbox 2134 3339 2158 3383; x_wconf 87' lang='grc' dir='ltr'><em>ἢ</em></span> <span class='ocrx_word' id='word_1_940' title='bbox 2177 3353 2271 3386; x_wconf 79' lang='lat' dir='ltr'><em>prius</em></span> <span class='ocrx_word' id='word_1_941' title='bbox 2307 3339 2369 3374; x_wconf 63' lang='lat' dir='ltr'><em>nd</em></span> 
     </span>
     <span class='ocr_line' id='line_1_79' title="bbox 1290 3385 2245 3433; baseline -0.002 -12"><span class='ocrx_word' id='word_1_942' title='bbox 1290 3388 1341 3422; x_wconf 72' lang='lat' dir='ltr'><strong><em>B!</em></strong></span> <span class='ocrx_word' id='word_1_943' title='bbox 1359 3389 1371 3433; x_wconf 79' lang='grc' dir='ltr'><strong><em>ΙΙ</em></strong></span> <span class='ocrx_word' id='word_1_944' title='bbox 1395 3385 1417 3431; x_wconf 86' lang='grc' dir='ltr'><em>ἢ</em></span> <span class='ocrx_word' id='word_1_945' title='bbox 1434 3386 1619 3431; x_wconf 83' lang='grc' dir='ltr'><strong><em>ἀκινήτων</em></strong></span> <span class='ocrx_word' id='word_1_946' title='bbox 1635 3401 1692 3421; x_wconf 88' lang='lat' dir='ltr'><strong><em>om.</em></strong></span> <span class='ocrx_word' id='word_1_947' title='bbox 1707 3388 1739 3422; x_wconf 91' lang='lat' dir='ltr'><em>L</em></span> <span class='ocrx_word' id='word_1_948' title='bbox 1757 3387 1770 3432; x_wconf 79' lang='lat' dir='ltr'>ss</span> <span class='ocrx_word' id='word_1_949' title='bbox 1786 3389 1829 3422; x_wconf 84' lang='lat'><strong><em>22</em></strong></span> <span class='ocrx_word' id='word_1_950' title='bbox 1843 3386 1893 3431; x_wconf 86' lang='grc' dir='ltr'><strong><em>μὴ</em></strong></span> <span class='ocrx_word' id='word_1_951' title='bbox 1907 3389 2059 3430; x_wconf 80' lang='grc' dir='ltr'><strong><em>κατέστη</em></strong></span> <span class='ocrx_word' id='word_1_952' title='bbox 2071 3385 2173 3419; x_wconf 81' lang='grc' dir='ltr'><strong><em>ἐντὸς</em></strong></span> <span class='ocrx_word' id='word_1_953' title='bbox 2185 3386 2217 3420; x_wconf 88' lang='lat' dir='ltr'><em>L</em></span> <span class='ocrx_word' id='word_1_954' title='bbox 2232 3385 2245 3426; x_wconf 85' lang='grc' dir='ltr'><strong><em>ΙΙ</em></strong></span> 
     </span>
     <span class='ocr_line' id='line_1_80' title="bbox 1288 3427 2367 3478; baseline -0.003 -11"><span class='ocrx_word' id='word_1_955' title='bbox 1288 3435 1366 3467; x_wconf 81' lang='grc' dir='ltr'><strong><em>τῶν</em></strong></span> <span class='ocrx_word' id='word_1_956' title='bbox 1390 3435 1420 3467; x_wconf 91' lang='lat' dir='ltr'><em>L</em></span> <span class='ocrx_word' id='word_1_957' title='bbox 1437 3434 1448 3474; x_wconf 85' lang='grc' dir='ltr'><strong><em>ΙΙ</em></strong></span> <span class='ocrx_word' id='word_1_958' title='bbox 1466 3435 1570 3478; x_wconf 81' lang='grc' dir='ltr'><strong><em>μέρος</em></strong></span> <span class='ocrx_word' id='word_1_959' title='bbox 1594 3432 1632 3473; x_wconf 83' lang='grc' dir='ltr'><strong><em>ἐξ</em></strong></span> <span class='ocrx_word' id='word_1_960' title='bbox 1653 3431 1778 3466; x_wconf 79' lang='grc' dir='ltr'><strong><em>αὐτῶν</em></strong></span> <span class='ocrx_word' id='word_1_961' title='bbox 1802 3434 1860 3474; x_wconf 90' lang='grc' dir='ltr'><strong><em>Μ]</em></strong></span> <span class='ocrx_word' id='word_1_962' title='bbox 1886 3432 1924 3472; x_wconf 77' lang='grc' dir='ltr'><strong><em>ἐξ</em></strong></span> <span class='ocrx_word' id='word_1_963' title='bbox 1945 3429 2068 3466; x_wconf 76' lang='grc' dir='ltr'><strong><em>αὐτῶν</em></strong></span> <span class='ocrx_word' id='word_1_964' title='bbox 2090 3433 2193 3476; x_wconf 80' lang='grc' dir='ltr'><strong><em>μέρος</em></strong></span> <span class='ocrx_word' id='word_1_965' title='bbox 2210 3430 2279 3464; x_wconf 88' lang='lat' dir='ltr'><em>LB</em></span> <span class='ocrx_word' id='word_1_966' title='bbox 2295 3427 2309 3474; x_wconf 80' lang='grc' dir='ltr'>Ι</span> <span class='ocrx_word' id='word_1_967' title='bbox 2324 3429 2367 3464; x_wconf 73' lang='grc'><strong><em>23</em></strong></span> 
     </span>
     <span class='ocr_line' id='line_1_81' title="bbox 1288 3473 2368 3523; baseline -0.004 -12"><span class='ocrx_word' id='word_1_968' title='bbox 1288 3479 1351 3520; x_wconf 78' lang='grc' dir='ltr'><strong><em>τῆς</em></strong></span> <span class='ocrx_word' id='word_1_969' title='bbox 1375 3478 1451 3511; x_wconf 82' lang='grc' dir='ltr'><strong><em>τῶν</em></strong></span> <span class='ocrx_word' id='word_1_970' title='bbox 1473 3479 1504 3511; x_wconf 88' lang='lat' dir='ltr'><em>L</em></span> <span class='ocrx_word' id='word_1_971' title='bbox 1528 3478 1539 3523; x_wconf 89' lang='grc' dir='ltr'><strong><em>ΙΙ</em></strong></span> <span class='ocrx_word' id='word_1_972' title='bbox 1569 3475 1687 3511; x_wconf 73' lang='grc' dir='ltr'><strong><em>αὐτοῖς</em></strong></span> <span class='ocrx_word' id='word_1_973' title='bbox 1715 3479 1742 3511; x_wconf 91' lang='lat' dir='ltr'><em>L</em></span> <span class='ocrx_word' id='word_1_974' title='bbox 1766 3479 1779 3521; x_wconf 82' lang='grc' dir='ltr'><strong><em>ΙΙ</em></strong></span> <span class='ocrx_word' id='word_1_975' title='bbox 1800 3477 1975 3523; x_wconf 84' lang='grc' dir='ltr'><strong><em>γενέσθαι</em></strong></span> <span class='ocrx_word' id='word_1_976' title='bbox 2000 3477 2060 3521; x_wconf 76' lang='lat' dir='ltr'><em>Lss</em></span> <span class='ocrx_word' id='word_1_977' title='bbox 2086 3478 2127 3510; x_wconf 75' lang='lat'><strong><em>2⁴</em></strong></span> <span class='ocrx_word' id='word_1_978' title='bbox 2149 3474 2235 3510; x_wconf 83' lang='grc' dir='ltr'><strong><em>τότε</em></strong></span> <span class='ocrx_word' id='word_1_979' title='bbox 2257 3473 2368 3515; x_wconf 78' lang='lat' dir='ltr'><em>Krolll</em></span> 
     </span>
     <span class='ocr_line' id='line_1_82' title="bbox 1289 3514 2367 3566; baseline -0.005 -10"><span class='ocrx_word' id='word_1_980' title='bbox 1289 3535 1378 3556; x_wconf 82' lang='grc' dir='ltr'><strong><em>ποτε</em></strong></span> <span class='ocrx_word' id='word_1_981' title='bbox 1403 3525 1480 3556; x_wconf 84' lang='lat' dir='ltr'><em>libri</em></span> <span class='ocrx_word' id='word_1_982' title='bbox 1494 3523 1506 3566; x_wconf 88' lang='grc' dir='ltr'><strong><em>ΙΙ</em></strong></span> <span class='ocrx_word' id='word_1_983' title='bbox 1525 3525 1566 3557; x_wconf 85' lang='grc'><strong><em>25</em></strong></span> <span class='ocrx_word' id='word_1_984' title='bbox 1591 3523 1662 3557; x_wconf 82' lang='grc' dir='ltr'><strong><em>εἴτε</em></strong></span> <span class='ocrx_word' id='word_1_985' title='bbox 1677 3523 1792 3566; x_wconf 79' lang='grc' dir='ltr'><strong><em>-μήΙ</em></strong></span> <span class='ocrx_word' id='word_1_986' title='bbox 1814 3525 1942 3566; x_wconf 84' lang='lat' dir='ltr'><em>plenius</em></span> <span class='ocrx_word' id='word_1_987' title='bbox 1966 3523 2040 3556; x_wconf 74' lang='lat' dir='ltr'><em>Aet».</em></span> <span class='ocrx_word' id='word_1_988' title='bbox 2065 3520 2158 3554; x_wconf 79' lang='grc' dir='ltr'><strong><em>εἴτε</em></strong></span> <span class='ocrx_word' id='word_1_989' title='bbox 2180 3514 2367 3553; x_wconf 72' lang='grc' dir='ltr'><strong><em>καταδέ-</em></strong></span> 
     </span>
     <span class='ocr_line' id='line_1_83' title="bbox 1289 3563 2368 3612; baseline -0.004 -13"><span class='ocrx_word' id='word_1_990' title='bbox 1289 3579 1453 3607; x_wconf 82' lang='grc' dir='ltr'><strong><em>χονται</em></strong></span> <span class='ocrx_word' id='word_1_991' title='bbox 1485 3566 1589 3601; x_wconf 83' lang='grc' dir='ltr'><strong><em>τοὺς</em></strong></span> <span class='ocrx_word' id='word_1_992' title='bbox 1619 3565 1811 3612; x_wconf 85' lang='grc' dir='ltr'><strong><em>κλήρους</em></strong></span> <span class='ocrx_word' id='word_1_993' title='bbox 1840 3563 1863 3610; x_wconf 83' lang='grc' dir='ltr'><em>ἢ</em></span> <span class='ocrx_word' id='word_1_994' title='bbox 1893 3566 1972 3601; x_wconf 85' lang='grc' dir='ltr'><strong><em>τὰς</em></strong></span> <span class='ocrx_word' id='word_1_995' title='bbox 1999 3563 2173 3610; x_wconf 79' lang='grc' dir='ltr'><strong><em>δωρεὰς</em></strong></span> <span class='ocrx_word' id='word_1_996' title='bbox 2195 3565 2368 3598; x_wconf 75' lang='grc' dir='ltr'><strong><em>ἐκεῖνοι</em></strong></span> 
     </span>
     <span class='ocr_line' id='line_1_84' title="bbox 1289 3607 2368 3656; baseline -0.003 -13"><span class='ocrx_word' id='word_1_997' title='bbox 1289 3611 1378 3643; x_wconf 72' lang='grc' dir='ltr'><strong><em>εἴτε</em></strong></span> <span class='ocrx_word' id='word_1_998' title='bbox 1403 3614 1476 3643; x_wconf 82' lang='grc' dir='ltr'><strong><em>καὶ</em></strong></span> <span class='ocrx_word' id='word_1_999' title='bbox 1498 3612 1574 3654; x_wconf 83' lang='grc' dir='ltr'><strong><em>μή,</em></strong></span> <span class='ocrx_word' id='word_1_1000' title='bbox 1599 3615 1658 3645; x_wconf 83' lang='grc' dir='ltr'><strong><em>καὶ</em></strong></span> <span class='ocrx_word' id='word_1_1001' title='bbox 1681 3612 1753 3645; x_wconf 87' lang='grc' dir='ltr'><strong><em>εἴτε</em></strong></span> <span class='ocrx_word' id='word_1_1002' title='bbox 1777 3611 1945 3656; x_wconf 74' lang='grc' dir='ltr'><strong><em>πάρεισιν</em></strong></span> <span class='ocrx_word' id='word_1_1003' title='bbox 1965 3612 2036 3645; x_wconf 83' lang='grc' dir='ltr'><strong><em>εἴτε</em></strong></span> <span class='ocrx_word' id='word_1_1004' title='bbox 2052 3607 2368 3654; x_wconf 77' lang='grc' dir='ltr'><strong><em>ἄπολιμπάνονται</em></strong></span> 
     </span>
    </p>
   </div>
   <div class='ocr_carea' id='block_1_21' title="bbox 1288 3652 2069 3703">
    <p class='ocr_par' dir='ltr' id='par_1_22' title="bbox 1288 3652 2069 3703">
     <span class='ocr_line' id='line_1_85' title="bbox 1288 3652 2069 3703; baseline 0.004 -17"><span class='ocrx_word' id='word_1_1005' title='bbox 1288 3652 1331 3700; x_wconf 63' lang='lat' dir='ltr'><em>no</em></span> <span class='ocrx_word' id='word_1_1006' title='bbox 1358 3669 1415 3689; x_wconf 77' lang='lat'><em>0111.</em></span> <span class='ocrx_word' id='word_1_1007' title='bbox 1443 3657 1472 3688; x_wconf 75' lang='lat' dir='ltr'><strong><em>l,</em></strong></span> <span class='ocrx_word' id='word_1_1008' title='bbox 1489 3662 1500 3699; x_wconf 77' lang='grc' dir='ltr'>Η</span> <span class='ocrx_word' id='word_1_1009' title='bbox 1521 3658 1562 3689; x_wconf 76' lang='grc'><strong><em>26</em></strong></span> <span class='ocrx_word' id='word_1_1010' title='bbox 1587 3656 1750 3702; x_wconf 71' lang='grc' dir='ltr'><strong><em>ἐιάγωγῆ</em></strong></span> <span class='ocrx_word' id='word_1_1011' title='bbox 1777 3657 1829 3698; x_wconf 79' lang='grc' dir='ltr'><strong><em>Μ]</em></strong></span> <span class='ocrx_word' id='word_1_1012' title='bbox 1853 3653 1977 3703; x_wconf 78' lang='grc' dir='ltr'><strong><em>ἀγωγῇ</em></strong></span> <span class='ocrx_word' id='word_1_1013' title='bbox 2000 3656 2069 3689; x_wconf 88' lang='lat' dir='ltr'><em>LB</em></span> 
     </span>
    </p>
   </div>
   <div class='ocr_carea' id='block_1_22' title="bbox 2286 3394 2419 3419">
    <p class='ocr_par' dir='ltr' id='par_1_23' title="bbox 2286 3394 2419 3419">
     <span class='ocr_line' id='line_1_86' title="bbox 2286 3394 2419 3419; baseline -0.008 0"><span class='ocrx_word' id='word_1_1014' title='bbox 2286 3394 2419 3419; x_wconf 21' lang='lat' dir='ltr'><strong><em>vva-V*</em></strong></span> 
     </span>
    </p>
   </div>
   <div class='ocr_carea' id='block_1_23' title="bbox 2412 517 2433 551">
    <p class='ocr_par' dir='ltr' id='par_1_24' title="bbox 2412 517 2433 551">
     <span class='ocr_line' id='line_1_87' title="bbox 2412 517 2433 551; baseline 0 0"><span class='ocrx_word' id='word_1_1015' title='bbox 2412 517 2433 551; x_wconf 83' lang='lat'><strong>5</strong></span> 
     </span>
    </p>
   </div>
   <div class='ocr_carea' id='block_1_24' title="bbox 2393 745 2432 779">
    <p class='ocr_par' dir='ltr' id='par_1_25' title="bbox 2393 745 2432 779">
     <span class='ocr_line' id='line_1_88' title="bbox 2393 745 2432 779; baseline 0.026 -1"><span class='ocrx_word' id='word_1_1016' title='bbox 2393 745 2432 779; x_wconf 88' lang='lat'><strong><em>10</em></strong></span> 
     </span>
    </p>
   </div>
   <div class='ocr_carea' id='block_1_25' title="bbox 2390 1027 2476 1284">
    <p class='ocr_par' dir='ltr' id='par_1_26' title="bbox 2390 1027 2476 1284">
     <span class='ocr_line' id='line_1_89' title="bbox 2391 1027 2476 1075; baseline -0.012 -15"><span class='ocrx_word' id='word_1_1017' title='bbox 2391 1027 2431 1060; x_wconf 86' lang='lat'><strong><em>15</em></strong></span> <span class='ocrx_word' id='word_1_1018' title='bbox 2468 1030 2476 1075; x_wconf 73' lang='lat' dir='ltr'><em>j</em></span> 
     </span>
     <span class='ocr_line' id='line_1_90' title="bbox 2390 1251 2433 1284; baseline 0 0"><span class='ocrx_word' id='word_1_1019' title='bbox 2390 1251 2433 1284; x_wconf 83' lang='lat'><strong><em>20</em></strong></span> 
     </span>
    </p>
   </div>
   <div class='ocr_carea' id='block_1_26' title="bbox 2389 1446 2476 1510">
    <p class='ocr_par' dir='ltr' id='par_1_27' title="bbox 2389 1446 2476 1510">
     <span class='ocr_line' id='line_1_91' title="bbox 2389 1446 2476 1510; baseline 0 0"><span class='ocrx_word' id='word_1_1020' title='bbox 2389 1446 2476 1510; x_wconf 62' lang='lat'><strong><em>25³</em></strong></span> 
     </span>
    </p>
   </div>
   <div class='ocr_carea' id='block_1_27' title="bbox 2416 1918 2476 3854">
    <p class='ocr_par' dir='ltr' id='par_1_28' title="bbox 2416 1918 2476 3854">
     <span class='ocr_line' id='line_1_92' title="bbox 2416 1918 2476 3854; baseline 0 0"><span class='ocrx_word' id='word_1_1021' title='bbox 2416 1918 2476 3854; x_wconf 95' lang='lat' dir='ltr'><strong><em> </em></strong></span> 
     </span>
    </p>
   </div>
  </div>
 </body>
</html>
