2592 3840
279 76 321 120 N
322 90 388 120 ov.
421 78 648 122 LXXXIX
678 82 788 122 4-6
1347 78 1375 125 4

279 189 327 223 εἰς
348 188 418 232 τὴν
443 191 592 225 ἐκείνων
616 186 799 232 διαδοχήν,
831 188 900 232 τὴν
924 187 1007 230 ἰ’σην
1029 192 1089 223 καὶ
1115 187 1214 234 αὐτῷ
1239 189 1360 226 διδόν-

279 245 335 268 τες
359 239 572 279 προνομίαν,
598 232 685 268 ὥςτε
709 232 881 278 καθάπερ
906 230 1013 268 αὐτὸς
1035 236 1181 270 ἐκείνοις
1203 235 1244 270 οὐ
1268 242 1359 283 γίνε-

279 290 340 312 ται
365 277 543 322 διάδοχος,
569 277 665 314 οὕτω
682 277 772 324 μηδὲ
789 281 939 313 ἐκείνους
964 280 1011 314 εἰς
1031 280 1098 323 τὴν
1116 278 1226 315 αὐτοῦ
1248 281 1360 316 καλεῖ-

279 324 373 377 σθαι
390 323 575 368 διαδοχήν,
601 324 698 368 πλὴν
719 325 749 358 εἰ
769 323 819 369 μὴ
839 324 1010 380 γράψειεν
1033 323 1056 367 ἢ
1071 322 1188 378 ,αὐτὸς
1212 328 1364 362 ἐκείνους

1407 78 1435 125 4
1887 94 2047 133 omnus
2077 95 2212 128 nome
2239 87 2504 130 summis

1431 192 1527 236 pium
1549 192 1594 227 ad
1615 191 1756 228 illorum
1777 194 2045 238 successionem,
2070 204 2220 240 aequum
2239 195 2344 232 etiam
2363 195 2396 232 ei
2415 195 2504 233 dan-

1429 242 1483 272 tes
1509 237 1744 282 privilegium,
1770 240 1809 273 ut
1841 240 1935 274 sicut
1958 249 2023 274 nec
2051 240 2120 275 illis
2149 240 2190 275 fit
2216 240 2285 277 iste
2306 249 2504 285 successor,

1430 293 1497 317 nec
1530 283 1583 317 ini
1613 284 1659 319 ad
1692 283 1768 319 eius
1801 287 1973 319 vocentur
2004 285 2283 328 successionem,
2314 286 2384 322 nisi
2412 286 2505 322 forte

1432 327 1615 372 scripserit
1646 333 1709 363 aut
1731 328 1807 374 ipse
1830 329 1910 364 illos
1942 333 2005 364 aut
2033 330 2079 365 ab
2102 330 2171 366 illis
2195 330 2382 367 scribatur.
2429 330 2503 367 Soli

280 382 301 412 η
321 367 580 424 παρ”έκείνων
602 373 777 424 γραφείη.-
814 383 917 414 μονῳ
941 383 1011 416 γαρ
1034 383 1087 424 τῳ
1112 375 1224 417 πατρὶ
1247 376 1365 419 γίνον-
1402 375 1422 407 5
1436 373 1528 407 enim
1552 372 1645 418 patri
1667 374 1759 410 fiunt
1781 374 1924 419 legitimi
1954 376 1992 410 et
2022 375 2165 421 cognati
2195 385 2276 412 esse
2298 375 2502 412 creduntur.

280 426 342 448 ται
362 427 504 461 γνησιοι
525 418 585 449 καὶ
612 425 792 462 συγγενεις
815 414 908 449 εἶναι
932 426 1174 450 πιστευονται.

1289 506 1445 543 CAPUT
1465 506 1507 543 V.

339 571 620 615 Νομοθετητεόν
645 570 685 607 δὲ
708 575 801 607 τίνες
829 575 903 608 τοῖς
933 568 1032 608 οὕτω
1053 576 1256 628 γενομένοις
1278 588 1361 621 γνη-

282 618 370 649 σίοις
395 614 659 651 ἀποτελοῦνται
683 615 853 660 διάδοχοι.
899 618 930 652 εἶ
945 620 1014 663 μὲν
1028 632 1098 665 γαρ
1116 624 1215 664 σχοίη
1232 618 1363 655 παῖδας

281 659 301 693 ὁ
327 663 485 714 τοιοιίιτος
508 660 531 705 ἢ
555 662 718 718 ε’γγᾴνους
743 661 817 697 ἀπὸ
842 667 1005 709 γνησίων
1033 659 1129 707 αὐτῷ
1154 668 1363 711 γενομένους

1487 574 1581 619 Ergo
1606 574 1835 612 sanciendum
1858 577 1923 619 est,
1956 576 2016 621 qui
2039 575 2144 612 factis
2167 576 2219 612 ita
2240 575 2404 621 legitimis
2424 575 2505 613 effl-

1433 620 1573 654 ciantur
1597 630 1834 657 successores.
1883 621 1922 657 Si
1952 621 2092 667 quidem
2124 621 2291 657 habuerit
2321 621 2414 657 filios
2444 621 2506 668 qni

1430 665 1512 700 talis
1547 669 1603 700 est
1637 669 1701 701 aut
1734 670 1883 711 nepotes
1918 666 1962 703 de
1995 666 2159 711 legitimis
2194 667 2262 703 sibi
2297 673 2505 712 procreatos

280 718 460 752 γαμετων,
481 710 540 740 καὶ
557 719 706 742 εικοτως
721 712 781 742 καὶ
797 707 990 753 βουλευτὰς
1005 709 1253 751 καθεστῶτας,
1270 708 1360 746 πάν·
1377 714 1417 746 10
1431 709 1613 753 uxoribus,
1645 714 1680 745 et
1704 712 1829 746 merito
1860 711 1967 747 etiam
1991 712 2142 747 curiales
2174 711 2399 753 constitutos,
2430 721 2504 747 mo·

280 761 352 784 τως
376 748 491 785 αὐτὸν
516 750 832 795 διαδεχε’σθ·ωσαν’
858 757 897 788 τί
916 753 986 800 γὰρ
1005 754 1254 800 νομιμώτερον
1277 769 1359 802 γνη-

282 799 359 829 σίου
384 795 513 831 παιδὸς
545 798 634 844 πρὸς
659 798 836 845 πατρῴαν
862 796 1056 842 διαδοχήν,·
1091 800 1121 833 εἰ
1146 797 1188 833 δέ
1216 814 1255 847 γε
1280 804 1361 835 παῖ-

282 839 344 875 δας
375 842 448 884 ἔχοι
478 842 527 886 μὴ
559 842 754 887 βουλευτὰς
783 841 980 886 ὁτεδὴποτε
1009 847 1219 891 γενομένους
1249 845 1361 888 αὐτῷ,

280 887 479 929 τηνικαῦτα
510 888 553 922 τὸ
575 887 730 933 νόμιμον
760 892 892 934 μέτρον
923 890 971 923 εἰς
993 889 1062 933 τὴν
1085 887 1220 934 βουλήν
1244 904 1282 925 τε
1303 894 1362 924 καὶ

1430 755 1484 790 dis
1517 755 1681 809 omnibus
1717 755 1751 791 ei
1781 756 1991 792 succedant:
2028 757 2112 802 quid
2143 757 2236 811 enim
2266 756 2415 801 legalius
2450 759 2506 793 est

1429 800 1987 898 {fastidies“303225‘13222
2013 803 2316 892 33335532222331
2337 801 2503 892 302251‘1‘3

1431 894 1504 932 tos,
1536 893 1622 926 tunc
1645 891 1801 935 legitima
1829 901 1996 927 mensura
2018 891 2136 927 veniat
2163 891 2209 927 ad
2232 892 2358 928 fiscum
2379 894 2418 928 et
2441 902 2504 928 cu-

281 931 323 964 τὸ
351 929 526 976 δημόσιον
556 931 800 978 ἀφικνείσθω,
832 932 874 968 τὸ
898 933 1044 969 λοιπὸν,
1061 932 1100 968 δὲ
1123 932 1212 970 ὅσον
1232 934 1277 970 (ἲν
1309 936 1360 978 εἴη
1377 939 1416 970 15
1431 938 1529 979 riam,
1561 936 1699 980 reliqua
1722 946 1816 980 vero,
1847 938 2103 982 quantumcum
2128 947 2171 972 ue
2193 936 2318 979 fuerit,
2349 937 2397 973 ad
2423 936 2504 973 11108

281 977 328 1010 εἰς
352 978 504 1011 ἐκείνους
528 978 610 1012 τοὺς
633 977 764 1013 παῖδας
794 979 876 1014 τοὺς
903 979 953 1024 μὴ
977 978 1211 1024 βουλεύοντας
1235 978 1360 1024 ἡκέτω.

281 1022 312 1054 εἰ
344 1019 382 1055 δὲ
413 1020 577 1057 καθόλου
610 1022 765 1068 μηδεμία
801 1036 853 1059 τις
882 1022 981 1067 αὐτῷ
1013 1023 1232 1068 καθεστήκοι
1261 1023 1360 1073 γονή,

281 1066 501 1110 τελευτήσειε
526 1067 566 1102 δὲ
585 1066 789 1111 ἀδιάθετος,
813 1069 855 1104 τὸ
877 1071 944 1112 μὲν
964 1069 1196 1117 ἐνναούγκιον
1211 1068 1233 1114 ἡ
1249 1070 1360 1115 βουλὴ

282 1114 341 1144 καὶ
363 1112 407 1167 τὸ
435 1110 610 1157 δημόσιον
634 1116 815 1157 ἐχέτωσαν
846 1114 938 1149 κατὰ
968 1114 1010 1150 τὸ
1036 1113 1163 1161 πρώην
1187 1114 1230 1160 δὴ
1254 1117 1361 1150 τοῦτο

1431 981 1523 1016 filios
1549 981 1609 1026 qui
1633 981 1787 1016 curiales
1810 992 1883 1017 non
1913 985 1998 1017 sunt
2020 991 2105 1017 acce
2129 984 2178 1017 at.
2228 982 2266 1017 Si
2288 991 2371 1018 vero
2398 981 2504 1018 etiam

1429 1027 1643 1071 generaliter
1665 1026 1765 1062 nulla
1783 1026 1816 1062 ei
1836 1027 1883 1062 sit
1902 1026 2033 1071 proles,
2057 1030 2092 1062 et
2106 1027 2284 1062 moriatur
2302 1027 2503 1071 intestatus,

1430 1081 1555 1107 novem
1578 1071 1719 1116 quidem
1743 1071 1867 1107 uncias
1892 1072 1992 1107 curia
2022 1074 2060 1108 et
2080 1071 2190 1107 fiscus
2214 1072 2345 1108 habeat
2377 1081 2504 1108 secun-

1430 1116 1513 1152 dum
1549 1116 1643 1162 quod
1678 1117 1811 1153 dudum
1846 1118 2021 1152 sancitum
2056 1126 2078 1152 a
2111 1117 2215 1152 nobis
2250 1120 2323 1160 est,
2354 1116 2392 1152 in
2422 1116 2505 1152 reli·

281 1169 356 1202 παρ
373 1199 381 1210 Ι
401 1155 504 1201 ἡμῶν
535 1160 881 1204 νενομοθετημένον,
917 1161 963 1194 εἰς
997 1158 1037 1194 δὲ
1071 1161 1113 1195 τὸ
1146 1160 1361 1206 λειπόμενον
1376 1165 1416 1197 20
1430 1162 1508 1207 quis
1533 1166 1653 1197 autem
1676 1162 1794 1197 tribus
1815 1162 1930 1198 unciis
1954 1163 2015 1208 qui
2038 1172 2082 1197 ex
2105 1162 2182 1207 lege
2196 1168 2370 1198 vocantur
2392 1161 2505 1198 omni-

281 1215 487 1248 τριουγκιον
511 1203 547 1238 οἱ
569 1206 607 1238 ἐκ
630 1206 693 1239 τοῦ
718 1204 831 1250 νόμον
857 1203 1070 1248 καλούμενοι
1103 1207 1236 1241 πάντες
1259 1204 1360 1250 ἥξου-

282 1259 352 1290 σιν,
389 1246 412 1291 ἢ
443 1248 543 1294 εἴπερ
576 1247 743 1284 διάθοιτο
775 1251 835 1285 ἐπὶ
866 1250 947 1285 τοὺς
969 1251 1149 1297 γραπτοὺς
1179 1249 1360 1286 ἐλεύσεται

282 1291 528 1338 κληρονόμους.
577 1291 678 1336 ἅπαξ
707 1295 777 1342 γὰρ
803 1292 916 1329 αὐτὸν
946 1295 1144 1342 γενόμενον
1166 1295 1361 1341 βουλευτὴν

282 1335 300 1370 ὁ
334 1338 441 1382 νόμος
469 1337 603 1395 λαβὼν,
630 1344 690 1374 καὶ
722 1340 905 1396 ἐγγράψας
938 1341 993 1383 τῷ
1023 1340 1265 1394 βουλευτηρίῳ
1302 1345 1360 1375 καὶ

1429 1208 1496 1242 bus
1520 1207 1633 1242 modis
1657 1207 1807 1251 venient,
1832 1211 1896 1243 aut
1919 1207 1950 1243 si
1972 1209 2125 1243 testatus
2149 1207 2258 1243 fuerit
2280 1207 2327 1243 ad
2350 1207 2504 1252 scriptos

1430 1252 1645 1288 descendent
1673 1252 1833 1288 heredes.
1881 1252 1996 1288 Semel
2019 1256 2139 1288 autem
2167 1253 2303 1288 factum
2334 1252 2505 1288 curialem

1429 1298 1486 1333 lex
1518 1298 1715 1343 suscipiens
1745 1301 1781 1333 et
1810 1298 2010 1334 inscribens
2043 1298 2165 1333 curiae
2195 1301 2232 1334 et
2259 1298 2504 1334 successiones

1430 1346 1465 1378 et
1487 1343 1594 1378 aliam
1618 1352 1756 1378 omnem
1780 1342 1980 1378 ordinatam
2005 1343 2102 1379 dedit
2128 1343 2223 1378 vitae
2243 1342 2505 1379 successionem

283 1382 346 1416 τὰς
370 1382 538 1427 διαδοχας
562 1387 670 1419 αυτοῦ
694 1389 755 1419 καὶ
786 1399 854 1429 την
878 1384 991 1429 ἄλλην
1018 1384 1168 1421 ἅπασαν
1191 1389 1360 1434 τεταγμέ-
1375 1390 1416 1423 25
1430 1390 1464 1423 et
1489 1391 1686 1433 quaestum.
1734 1389 1772 1423 Si
1795 1388 1876 1434 quis
1899 1391 2020 1424 autem
2049 1388 2106 1423 vel
2136 1398 2180 1424 ex
2206 1397 2335 1433 genere
2365 1387 2420 1424 vel
2443 1397 2503 1423 ΘΧ·

281 1441 349 1471 νην
372 1427 486 1463 ἔδωκε
516 1431 581 1464 τοῦ
606 1434 687 1483 βίου
709 1428 879 1485 διαδοχήν
910 1444 950 1465 τε
976 1434 1035 1464 καὶ
1060 1436 1219 1478 πορείαν.
1267 1434 1298 1466 εἰ
1322 1430 1364 1465 δέ

282 1484 335 1507 τις
367 1473 389 1517 ἢ
421 1476 498 1509 τῶν
528 1477 566 1508 ἐκ
598 1489 662 1509 του
695 1479 816 1522 γένους
847 1490 867 1518 η
897 1479 956 1509 καὶ
988 1476 1145 1520 ἔξωθεν,
1177 1475 1200 1520 ἢ
1224 1480 1283 1511 καὶ
1305 1490 1360 1524 γε-

281 1523 480 1564 γραμμένος
514 1521 624 1563 τυχὸν
659 1519 682 1564 ἢ
717 1524 777 1555 καὶ
812 1521 860 1566 μὴ
891 1524 1129 1567 γεγραμμένος
1163 1521 1359 1566 βουληθείη

283 1564 495 1608 προςελθεῖν
511 1567 555 1612 τῇ
567 1565 733 1610 βασιλείᾳ
748 1570 807 1600 καὶ
824 1566 953 1600 ἑαυτὸν
971 1565 1160 1622 ἐπιδοῦναι
1176 1569 1220 1614 τῇ
1238 1567 1358 1614 βουλῇ,

1429 1436 1588 1477 tranens,
1614 1434 1770 1478 scriptus
1794 1434 1918 1469 forsan
1941 1438 2004 1468 aut
2027 1433 2133 1468 etiam
2157 1443 2229 1469 non
2253 1433 2419 1479 scriptus,
2443 1442 2504 1468 vo·

1428 1479 1536 1514 luerit
1559 1478 1658 1514 adire
1680 1478 1867 1523 imperium
1889 1482 1924 1514 et
1948 1483 2058 1514 semet
2081 1478 2196 1523 ipsum
2220 1477 2348 1514 offerre
2371 1477 2504 1520 curiae,

1427 1524 1604 1559 licentiam
1636 1524 1768 1559 habeat
1798 1526 1867 1559 hoc
1891 1523 2036 1568 agendi,
2069 1528 2104 1559 et
2129 1523 2356 1559 distributam
2384 1522 2504 1559 curleo

1428 1573 1566 1613 partem
1590 1569 1768 1613 accipiens
1792 1568 1869 1604 fieri
1892 1569 2035 1604 curialis
2060 1572 2095 1604 et
2114 1571 2188 1604 tam
2211 1568 2377 1605 fortunae
2399 1578 2505 1612 quam

283 1607 407 1643 ἄδειαν
439 1612 548 1653 ἐχέτω
581 1613 687 1646 τοῦτο
719 1611 905 1657 πράττειν,
939 1615 999 1645 καὶ
1030 1612 1072 1646 τὸ
1105 1616 1416 1691 αφωρισίιένονέὶθ
1428 1614 1651 1650 functionum
1675 1624 1873 1659 Successor,
1898 1614 1928 1650 si
1952 1614 2019 1650 hoc
2042 1613 2229 1660 imperium
2251 1614 2428 1650 annuerit.

282 1656 335 1698 τῷ
360 1654 600 1701 βουλευτηρίῳ
631 1659 735 1704 μέρος
758 1655 957 1700 λαμβάνων
981 1657 1155 1703 γενέσθαι
1171 1661 1238 1702 βου
1262 1659 1362 1701 ευτὴς

282 1704 341 1735 καὶ
372 1703 435 1744 τῆς
465 1714 504 1735 τε
535 1701 638 1744 τύχης
670 1703 748 1736 τῶν
780 1715 818 1735 τε
842 1701 1157 1749 λειτουργημάτων
1187 1701 1361 1746 διάδοχος,

283 1745 314 1779 εἰ
337 1746 444 1780 τοῦτο
468 1744 489 1789 ἡ
515 1746 681 1790 βασιλεία
705 1745 936 1782 ἐπινεύσειεν.

1278 1838 1435 1875 CAPUT
1460 1838 1520 1875 VI.

328 1904 373 1937 Εἰ
397 1902 436 1938 δέ
459 1915 512 1938 τις
534 1907 706 1950 γνησίους.
721 1906 788 1948 μὲν
812 1902 943 1939 παῖδας
973 1902 1037 1939 οὐκ
1061 1906 1152 1948 ἔχοι,
1187 1905 1299 1940 νόθοι
1323 1904 1361 1940 δὲ
1487 1906 1524 1940 Si
1548 1906 1625 1951 quis
1650 1909 1769 1942 autem
1791 1904 1966 1950 legitimos
1991 1905 2130 1950 quidem
2153 1905 2245 1941 filios
2267 1916 2341 1942 non
2359 1906 2502 1948 babeat,

283 1946 383 1991 αὐτῷ
420 1952 479 1983 καὶ
507 1948 611 1991 μόνοι
643 1950 880 1991 καθεστᾶσιν,
918 1951 1050 1991 ἐξέστω
1081 1951 1172 1995 μετὰ
1203 1952 1267 1985 τοῦ
1298 1953 1361 1995 τῆς
1375 1955 1416 1987 35
1430 1954 1612 1986 naturales
1642 1955 1761 1987 autem
1785 1952 1817 1986 ei
1841 1951 2059 1987 solummodo
2084 1951 2172 1993 sint,
2204 1951 2312 1987 liceat
2335 1952 2367 1987 ei
2389 1951 2505 1998 (cum)

281 1993 409 2049 βουλῇς
440 1993 576 2037 ἄχθους
611 1992 710 2038 αὐτῷ
739 1992 894 2042 γράφειν
925 1995 1071 2029 τούτους
1102 1995 1356 2041 κληρονόμους·
1428 1997 1548 2032 curiae
1572 2006 1679 2032 onere
1703 1997 1858 2032 scribere
1888 2006 1950 2031 eos
1971 1997 2137 2042 beredes3
2173 1999 2208 2031 et
2231 1996 2408 2042 scriptura
2437 2007 2504 2043 pro

281 2043 340 2073 καὶ
365 2054 386 2083 η
415 2037 534 2086 γραφή
564 2053 605 2086 γε
629 2038 712 2074 ἀντὶ
742 2040 855 2084 πάσης
880 2039 1074 2075 ἐπιδόσεως
1097 2042 1204 2083 ἔστω,
1229 2045 1287 2081 καὶ
1310 2042 1360 2085 μὴ
1429 2042 1523 2078 omni
1547 2041 1728 2077 oblatione
1752 2042 1927 2078 consistat
1957 2044 1994 2077 et
2024 2052 2096 2077 non
2119 2044 2222 2087 egeat
2248 2041 2317 2078 hoc
2339 2042 2504 2089 antiqua·

338 2143 365 2164 c.
386 2131 435 2164 Vl
457 2132 515 2173 (—
539 2132 616 2172 435,
629 2132 679 2173 38)
694 2133 771 2174 fere
796 2134 960 2175 repetitum
987 2140 1034 2165 est
1057 2145 1096 2165 ez·
1120 2145 1191 2166 nov.
1211 2133 1432 2166 XXXVIII
1451 2146 1476 2166 c·
1494 2134 1523 2168 1.
1549 2134 1568 2166 2
1592 2134 1682 2175 (249,
1699 2133 1914 2174 8—250,10)

276 2243 409 2289 patris,
433 2253 519 2278 neve
541 2243 580 2278 in
605 2242 749 2277 illorum
772 2243 998 2279 successione
1022 2243 1133 2278 ullam
1151 2248 1299 2289 partem
1323 2242 1470 2286 habeat,
1502 2244 1653 2289 aequale
1669 2243 1903 2290 privileqium
1935 2246 1972 2279 et
1999 2242 2074 2290 ipsi
2095 2242 2233 2286 dantes,
2265 2247 2307 2279 ut
2335 2243 2504 2290 quemad—

280 2288 423 2324 modum
446 2289 526 2335 ipse
556 2288 628 2323 illis
651 2298 726 2323 non
748 2287 792 2331 fit
813 2298 1012 2330 successor,
1043 2289 1096 2324 ita
1120 2299 1165 2324 ne
1189 2288 1242 2324 illi
1265 2288 1410 2335 quidem
1441 2288 1490 2324 ad
1520 2290 1597 2324 eius
1618 2289 1875 2324 successionem
1903 2293 2087 2330 vocentur,
2118 2287 2189 2323 nisi
2219 2291 2284 2323 aut
2313 2288 2391 2335 ipse
2421 2288 2505 2326 illos

245 2362 249 2367 ,
280 2333 428 2369 heredes
450 2333 587 2368 scribat
609 2337 675 2368 aut
697 2334 742 2370 ab
766 2333 839 2368 illis
861 2333 1052 2369 scribatur.
1102 2332 1181 2369 Soli
1205 2335 1298 2369 enim
1314 2334 1423 2380 patri
1440 2334 1537 2380 fiunt
1559 2334 1709 2380 leqitimi
1732 2337 1841 2380 atque
1863 2333 2009 2380 coquati
2031 2343 2108 2369 esse
2131 2333 2335 2369 creduntur.

415 2379 458 2415 V.
507 2377 750 2414 Sanciendum
781 2382 899 2414 autem
929 2382 999 2420 est,
1032 2379 1179 2425 quinam
1210 2379 1256 2414 iis
1286 2380 1352 2425 qui
1381 2379 1450 2415 lzoc
1478 2379 1586 2414 modo
1618 2379 1771 2425 legitimi
1797 2379 1894 2425 facti
1916 2381 2001 2414 sunt
2030 2387 2255 2414 successores
2282 2378 2503 2430 efficiantur.

280 2426 399 2470 Atque
431 2424 463 2459 si
495 2424 576 2470 quis
605 2434 730 2459 eorum
763 2423 895 2460 liberos
926 2424 982 2460 vel
1010 2429 1160 2471 nepotes
1192 2423 1324 2460 habeat
1354 2435 1404 2460 ex
1436 2424 1604 2470 leqicimis
1636 2424 1849 2470 coniuqibus
1871 2423 1904 2459 ei
1926 2426 2044 2466 natos,
2077 2424 2211 2470 quique
2239 2427 2366 2459 mento
2396 2423 2504 2460 etiam

281 2469 437 2505 curiales
460 2470 549 2511 sint,
581 2469 726 2504 omnino
749 2470 763 2504 i
789 2469 821 2504 si
843 2469 1058 2505 succedant:
1094 2469 1176 2515 quis
1199 2470 1292 2505 enim
1315 2470 1450 2506 rectius
1479 2480 1530 2505 ex
1561 2469 1638 2515 leqe
1670 2469 1720 2504 ad
1745 2473 1938 2516 paternam
1968 2468 2227 2505 successionem
2251 2472 2402 2504 vocatur
2425 2469 2504 2514 filio

282 2515 464 2560 leqitimo?
511 2513 577 2549 Sin
601 2518 719 2550 autem
770 2515 839 2550 lios
861 2514 993 2550 habeat
1022 2514 1085 2560 qui
1108 2514 1263 2550 curiales
1292 2525 1367 2550 non
1395 2515 1469 2550 sint
1492 2520 1612 2550 utcum
1639 2525 1684 2550 ue
1707 2515 1743 2550 ci
1762 2518 1886 2556 natos,
1924 2518 2007 2549 tunc
2038 2513 2197 2559 leqitima
2222 2514 2350 2560 portio
2372 2512 2423 2549 ad
2444 2523 2503 2550 cu·

280 2561 372 2594 riam
397 2564 431 2594 ct
451 2559 580 2605 fiscum
597 2560 806 2606 perveniat,
838 2560 1016 2606 reliquum
1040 2570 1124 2595 vero
1148 2563 1476 2606 quantumcumque
1498 2564 1552 2595 est
1575 2571 1597 2594 a
1647 2559 1778 2595 liberos
1799 2559 1881 2594 illos
1905 2559 1968 2605 qui
1991 2558 2146 2594 curiales
2172 2569 2245 2594 non
2267 2562 2352 2594 sunt
2374 2558 2503 2595 veniat.

282 2603 418 2647 Quodsi
440 2615 595 2650 prorsus
618 2604 719 2639 nulla
742 2605 774 2639 ei
790 2604 921 2651 proles
943 2605 1003 2646 sit,
1035 2610 1071 2640 et
1094 2606 1285 2641 intestatus
1305 2605 1507 2647 decesserit,
1539 2615 1664 2640 novem
1687 2604 1830 2651 quidem
1860 2605 1988 2639 uncias
2011 2605 2114 2640 curia
2145 2608 2182 2640 et
2208 2603 2321 2649 fiscus
2349 2602 2505 2640 habeant

281 2649 475 2684 secundum
498 2649 537 2684 id
559 2649 658 2695 quod
680 2661 797 2696 nuper
820 2661 843 2685 a
867 2649 971 2685 nobis
992 2651 1171 2685 sancitum
1195 2654 1259 2692 est,
1291 2650 1341 2686 ad
1363 2650 1523 2697 reliquas
1543 2660 1627 2686 vcro
1654 2653 1726 2686 tres
1748 2650 1874 2685 uncias
1897 2660 2019 2685 omnes
2042 2649 2182 2685 venient
2210 2648 2273 2694 qun·
2296 2659 2320 2684 a
2343 2648 2422 2695 [θρα
2442 2658 2504 2685 vo-

282 2698 424 2736 cantur,
448 2694 503 2730 vel
524 2694 699 2740 siquidem
725 2698 973 2730 testamentum
991 2695 1137 2747 fecerit,
1161 2694 1247 2730 illae
1270 2695 1319 2731 ad
1340 2695 1498 2742 scriptos
1522 2694 1670 2731 heredes
1694 2694 1907 2730 transibunt.
1956 2693 2038 2730 Lex
2062 2694 2155 2730 enim
2185 2703 2265 2729 cum
2288 2702 2368 2729 eum
2396 2692 2506 2730 semel

283 2739 452 2774 curialem
474 2739 617 2784 factum
639 2740 839 2786 susceperit
860 2745 896 2775 et
919 2750 1044 2775 curtae
1067 2739 1319 2787 adscripserit,
1351 2746 1386 2775 ec
1408 2740 1652 2776 successiones
1674 2740 1751 2775 eius
1781 2744 1817 2775 et
1838 2739 2016 2785 reliquum
2048 2749 2185 2774 omnem
2218 2738 2313 2775 vitae
2341 2737 2503 2774 ordinem

282 2788 391 2829 atquc
422 2794 566 2819 cursum
598 2783 696 2820 dedit
727 2785 970 2820 constitutum.
1018 2783 1060 2819 Si
1090 2785 1172 2836 quis
1203 2795 1287 2820 vero
1316 2789 1382 2820 aut
1411 2796 1461 2821 ex
1492 2785 1539 2820 iis
1568 2786 1633 2830 qui
1661 2796 1712 2820 ex
1738 2784 1884 2830 familia
1912 2788 1976 2819 aut
2007 2783 2070 2830 qui
2100 2783 2270 2819 extranei
2297 2786 2398 2824 sunt,
2429 2782 2503 2819 sive

281 2830 440 2876 scriptus
460 2829 563 2873 forte
585 2829 658 2864 sive
681 2840 754 2864 non
777 2829 936 2876 scriptus
968 2828 1071 2865 lieres
1094 2833 1348 2876 imperatorem
1380 2830 1483 2865 adire
1511 2840 1621 2875 seque
1643 2829 1722 2876 ipse
1752 2829 1876 2865 curiae
1897 2828 2032 2874 offerre
2054 2828 2216 2870 voluerit,
2249 2826 2357 2863 liceat
2379 2826 2413 2863 ei
2435 2826 2504 2864 Ιιοο

280 2876 425 2920 facere,
462 2878 495 2909 ee
507 2879 677 2954 aalccepta
710 2878 818 2920 parte
853 2874 975 2910 curiae
1009 2874 1190 2910 destinata
1220 2875 1304 2920 fleri
1339 2875 1470 2910 curiali
1504 2878 1540 2910 et
1570 2875 1749 2920 fortunae
1783 2879 1893 2920 atque
1928 2883 2113 2908 munerum
2146 2871 2368 2914 successori,
2401 2872 2435 2907 si
2465 2871 2505 2908 id

284 2920 331 2955 im
358 2923 484 2955 erator
556 2919 686 2954 nuerit.

329 2931 356 2966 p
417 2963 479 2999 VI.
527 2962 569 2998 Si
599 2964 680 3009 quis
711 2968 830 2999 autem
862 2964 1041 3009 leqitimos
1073 2963 1204 2999 liberos
1234 2975 1307 2999 non
1331 2963 1479 3007 habeat,
1509 2963 1575 2999 sed
1597 2963 1783 2999 naturales
1817 2962 1851 2998 ei
1872 2963 1946 2998 sint
1969 2961 2054 3003 soli,
2087 2961 2194 2997 liceat
2223 2960 2258 2997 ei
2289 2970 2369 2996 cum
2393 2971 2504 2998 onere

282 3009 406 3046 curiae
430 3008 495 3044 hos
518 3008 665 3044 heredes
687 3009 855 3052 scribere,
885 3013 920 3044 et
942 3009 1127 3055 scriptura
1160 3008 1302 3054 quidem
1328 3019 1400 3055 pro
1424 3009 1521 3044 omni
1542 3008 1726 3044 oblatione
1748 3008 1812 3050 sit,
1844 3017 1930 3043 neve
1952 3005 2028 3041 ulla
2060 3006 2111 3048 (id
2132 3005 2232 3052 quod
2253 3016 2303 3042 ex
2327 3006 2504 3043 veteribus

1428 3119 1510 3152 alios
1532 3118 1639 3163 VT³11
1657 3118 1845 3152 scribantur
1864 3117 1922 3163 VH
1939 3121 1958 3153 5
1983 3118 2085 3151 fuerit
2108 3118 2185 3161 13¹1!
2204 3121 2223 3153 ‘1
2244 3126 2321 3162 post
2343 3118 2503 3162 legitimis

1427 3166 1565 3208 spatium
1590 3175 1659 3197 vac.
1677 3165 1807 3197 10-12
1829 3165 1886 3197 liu.
1903 3164 1933 3196 R
1950 3163 1963 3206 ΙΙ
1980 3163 2171 3196 efficiuntur
2194 3164 2227 3196 R
2245 3164 2258 3207 ΙΙ
2283 3166 2321 3199 11
2348 3165 2379 3198 ei
2403 3165 2501 3210 ναζφ]

1427 3211 1473 3243 eis
1498 3208 1634 3252 RVTn
1658 3208 1838 3241 subcedant
1860 3209 1892 3241 T
1911 3208 1924 3251 n
1947 3209 2035 3250 quod
2063 3208 2142 3242 VT¹
2165 3209 2178 3252 ΙΙ
2201 3209 2338 3251 proprio
2360 3208 2430 3243 filio
2453 3213 2503 3244 est

1432 3255 1463 3287 T
1482 3253 1495 3298 ΙΙ
1522 3254 1564 3287 12
1588 3253 1640 3294 ad]
1672 3253 1792 3287 habere
1824 3254 1858 3286 V
1878 3253 1891 3297 ΙΙ
1923 3254 1961 3287 13
1987 3253 2184 3295 quandoque
2209 3255 2270 3287 del.
2289 3253 2339 3288 1³²
2359 3254 2372 3297 Ι
2405 3256 2446 3289 14
2468 3257 2502 3288 et

1427 3312 1485 3332 om.
1500 3299 1547 3332 R·
1565 3298 1577 3341 ΙΙ
1594 3309 1729 3331 curtam
1757 3299 1833 3342 T¹n
1854 3300 1894 3332 15
1919 3298 2049 3340 reliqua
2071 3299 2146 3340 VT]
2169 3299 2332 3341 reliquam
2350 3298 2400 3333 Β*
2422 3298 2500 3333 reli·

1427 3354 1527 3386 quum
1541 3343 1592 3375 132
1603 3345 1687 3387 only.
1706 3343 1719 3388 ΙΙ
1736 3345 2001 3386 quantacumque
2017 3344 2049 3377 T
2061 3343 2073 3388 u
2094 3345 2134 3379 16
2150 3343 2236 3378 filios
2257 3356 2315 3377 om.
2337 3343 2394 3388 V!
2409 3353 2500 3378 ωοο-

1426 3390 1507 3422 dant
1528 3389 1580 3422 Va
1597 3388 1609 3432 ΙΙ
1629 3391 1668 3423 17
1690 3389 1721 3422 ei
1742 3402 1799 3422 om.
1818 3388 1873 3433 Vfl
1894 3390 1933 3422 18
1954 3389 2086 3431 quidem
2111 3402 2168 3423 om.
2191 3388 2246 3433 Vn
2264 3389 2408 3422 babeant
2432 3389 2475 3423 al.

1430 3436 1469 3469 19
1493 3444 1512 3466 a
1535 3434 1630 3467 nobis
1653 3434 1816 3467 sancitum
1843 3435 1967 3478 Tvutq.
1994 3434 2007 3478 ΙΙ
2036 3437 2083 3467 est
2108 3446 2167 3468 om.
2189 3434 2223 3467 R
2285 3434 2333 3475 in]
2365 3436 2403 3467 ut
2432 3434 2465 3468 V

1427 3481 1469 3515 22
1494 3479 1668 3512 descedent
1687 3479 1721 3514 V
1743 3479 1916 3512 descendet
1939 3479 1972 3512 R
2002 3479 2176 3513 descendat
2202 3479 2234 3512 Τ
2261 3478 2268 3523 Ι
2291 3478 2389 3512 simul
2414 3478 2465 3513 V¹

1427 3527 1468 3559 25
1488 3524 1537 3556 vel
1557 3527 1607 3566 ex]
1628 3524 1680 3558 vel
1701 3538 1758 3558 om.
1773 3524 1820 3557 R¹
1838 3524 1850 3568 ΙΙ
1873 3525 1916 3558 26
1929 3527 2038 3558 autem
2054 3526 2099 3558 Β·
2117 3525 2130 3568 ΙΙ
2147 3524 2293 3558 noluerit
2306 3523 2356 3557 Β*
2378 3522 2500 3557 nolunt

1426 3571 1501 3612 13¹1}
1521 3571 1563 3603 28
1580 3571 1702 3611 curiae]
1726 3570 1762 3602 in
1780 3570 1891 3602 curiae
1914 3570 1961 3603 V¹
1978 3571 1990 3613 ΙΙ
2010 3572 2052 3605 29
2072 3570 2162 3603 tortu
2184 3569 2233 3604 T*
2287 3570 2330 3603 30
2355 3568 2499 3602 functio-

1425 3617 1477 3649 nis
1499 3616 1553 3659 Vfl
1571 3616 1612 3648 35
1628 3617 1737 3648 autem
1754 3627 1813 3649 om.
1830 3615 1861 3648 R
1876 3615 1888 3659 ΙΙ
1906 3624 1981 3648 eum
1994 3616 2071 3649 add.
2083 3615 2176 3649 Beck
2193 3613 2207 3659 Ι
2221 3615 2241 3649 3
2277 3623 2377 3648 onere
2390 3613 2497 3655 Beck]

1426 3663 1550 3695 honore
1575 3661 1653 3695 libri

351 3125 371 3157 3
394 3117 491 3156 οὕτω
514 3118 605 3165 μηδὲ
631 3121 685 3161 Μ]
714 3119 810 3154 οὕτω
834 3121 916 3153 nal?
945 3121 990 3153 L¹
1025 3117 1109 3153 οὔτε
1133 3120 1181 3153 L²
1215 3131 1275 3154 nec
1299 3132 1318 3157 ς
1348 3120 1360 3165 {1

284 3171 303 3203 5
326 3167 448 3215 γοαφῆ
467 3167 499 3200 L
529 3166 542 3210 fl
572 3168 591 3200 8
614 3164 682 3210 γὰρ
706 3177 798 3201 οηι.ς
821 3165 834 3209 [Ι
864 3167 884 3198 9
910 3161 1032 3198 αὐτῶν
1056 3166 1103 3198 L¹
1127 3165 1140 3208 ΙΙ
1172 3167 1209 3199 11
1237 3162 1360 3198 αὐτῶν

285 3215 316 3247 L
332 3202 464 3258 'fl4sq-
478 3211 525 3245 εἰς
539 3231 579 3236 -
594 3208 781 3253 δημόσιον]
805 3210 847 3243 ad
867 3210 978 3244 fiscum
1001 3213 1033 3242 et
1053 3209 1179 3243 curiam
1204 3223 1223 3246 ς
1241 3210 1253 3252 ΙΙ
1272 3212 1310 3244 17
1329 3210 1360 3243 εἰ

284 3257 336 3301 δὲ]
360 3259 388 3291 si
413 3268 489 3291 vero
514 3257 611 3290 etiam
636 3267 655 3292 ς
678 3255 690 3299 ΙΙ
720 3257 759 3290 18
785 3251 994 3301 ἐναούγκιον
1021 3256 1049 3287 L
1082 3256 1124 3295 (et
1145 3257 1193 3288 sic
1217 3257 1318 3298 infra)
1349 3255 1361 3298 ΙΙ

285 3307 327 3339 20
352 3302 699 3347 νενομοθετημένον]
724 3313 794 3335 nov.
809 3301 926 3334 XXX
936 3301 1027 3333 VIII
1042 3312 1067 3332 c.
1087 3302 1103 3335 1
1122 3299 1135 3342 ΙΙ
1153 3301 1190 3333 21
1217 3298 1358 3341 πάντες]

283 3349 438 3383 omnibus
453 3348 604 3387 modisv'.
615 3360 639 3380 e.
655 3344 816 3388 πάντως)
832 3357 851 3382 e
866 3345 879 3383 11
899 3346 941 3380 23
958 3342 1071 3378 αὐτὸν
1087 3357 1145 3378 om.
1161 3357 1179 3381 ς
1198 3345 1209 3388 ΙΙ
1226 3346 1268 3379 26
1283 3342 1358 3378 δια-

284 3392 406 3438 δοχήν]
432 3395 492 3438 leq.
518 3387 724 3439 Bcaymyv‘yv?
741 3391 754 3435 ΙΙ
783 3392 823 3425 27
847 3387 870 3433 ἢ
893 3392 952 3423 καὶ
974 3392 1223 3437 γεγραμμένος]
1254 3387 1276 3431 ἢ
1300 3392 1359 3422 καὶ

284 3454 342 3473 om.
357 3452 375 3476 ς
391 3443 402 3482 ΙΙ
423 3441 461 3474 31
489 3437 660 3485 γίνεσθαι
683 3434 878 3481 βουλευτὴν
901 3436 932 3469 L
947 3434 960 3480 ΙΙ
981 3438 1022 3470 33
1046 3432 1080 3477 ἦ]
1107 3435 1137 3467 εἰ
1151 3436 1192 3468 M
1208 3436 1220 3478 ΙΙ
1236 3436 1279 3468 34
1296 3432 1359 3468 οὐκ

284 3486 356 3526 ἔχοι
378 3481 509 3518 παῖδας
526 3485 556 3517 L
572 3485 584 3527 ΙΙ
604 3485 645 3518 35
670 3481 903 3516 καθεστῶσιν
922 3482 999 3523 249,
1013 3489 1029 3514 9
1048 3482 1060 3524 u
1079 3481 1120 3514 36
1140 3478 1285 3513 τούτους
1301 3481 1357 3521 M]

284 3527 413 3564 αὐτοὺς
430 3531 460 3563 L
478 3530 490 3574 n
516 3531 557 3564 37
582 3541 622 3574 γε
647 3529 703 3569 Μ]
730 3524 770 3561 δε
792 3527 824 3560 L

338 3666 353 3699 1
380 3665 478 3697 etiam
503 3677 561 3698 om.
577 3665 609 3698 T
621 3664 634 3708 {1
656 3666 677 3698 4
701 3662 892 3706 scripserint
914 3661 961 3696 1³²
979 3662 991 3705 u
1006 3660 1077 3705 ipsc
1102 3674 1159 3695 om.
1178 3660 1221 3694 13¹
1239 3659 1252 3705 11
1269 3660 1355 3703 illos]
