2592 3840
223 68 331 112 NOV.
353 69 479 111 XXII
508 71 575 112 26.
606 72 657 111 27
1300 68 1380 116 168

223 183 301 214 ταῖς
323 180 445 225 ἐφεξῆς
468 179 853 225 συμμεταβαλλόμενον
875 178 998 223 τύχαις
1027 183 1086 215 καὶ
1109 179 1131 224 ἢ
1155 180 1299 216 τελείως

224 225 263 265 ἐξ
286 222 391 270 ἀρχῆς
416 223 649 279 ἀκυρουμένης
671 228 731 269 τῆς
754 223 970 268 έκποιήσεως
994 223 1016 269 ἣ
1037 224 1182 260 τελείως
1205 227 1299 269 ἰσχυ-

224 268 338 312 ούσης,
363 267 385 313 ἢ
409 283 501 304 κατα
523 273 627 316 μέρος
649 273 715 315 μὲν
740 269 986 315 ἀκυρουμένης,
1017 270 1110 324 nats}
1132 274 1236 318 μέρος
1260 269 1300 306 δὲ

222 317 243 350 1
302 314 503 359 ἱσταμένης.
562 319 633 349 Καὶ
665 318 725 350 ἐπὶ
747 314 890 349 τούτων
919 313 959 349 δὲ
982 313 1026 358 δὴ
1048 329 1127 350 των
1150 314 1300 362 κερδῶν,

2183 89 2451 121 DENUPTIIS

1393 192 1490 225 enSO,
1516 183 1751 227 sequentibus
1776 184 2029 220 commutanda
2051 184 2206 222 fortunis
2228 191 2265 222 et
2284 189 2349 223 aut
2393 198 2448 224 er-

1385 230 1462 262 ecte
1491 228 1537 263 ab
1568 228 1672 263 initio
1704 228 1919 264 infirmanda
1948 229 2163 266 alienatione
2195 235 2260 266 aut
2316 243 2336 268 e
2370 238 2450 270 ecte

1369 272 1525 316 valente,
1561 275 1626 308 aut
1660 273 1905 318 particulatim
1943 274 2084 319 quidem
2119 243 2331 313 infirmantia
2361 278 2447 315 alie-

1369 316 1526 361 natione,
1551 318 1797 362 particulatim
1819 328 1903 354 vero
1924 322 2124 356 constante.

223 356 291 394 ὅσα
316 371 345 394 π
367 362 404 394 ὸς
433 372 514 394 τους
538 359 718 414 δευτέρους
749 362 951 414 ἐρχομένων
981 360 1112 414 γάμους
1143 362 1219 396 τῶν
1239 374 1298 413 γο·
1323 365 1342 396 5
1367 364 1387 396 1
1445 362 1497 396 Et
1520 373 1628 408 super
1651 363 1705 399 his
1731 374 1871 409 quoque
1893 364 2019 408 lucris,
2051 375 2294 412 quaecumque
2322 367 2369 404 ad
2391 378 2447 404 se·

224 407 319 439 νέων
365 404 598 449 αμβάνουσιν,
625 418 665 439 ου
688 406 1013 452 περιεργαζομεθα,
1040 419 1202 459 ποτεροιζ,Δ
1221 405 1300 449 κλη-

246 452 440 494 ονομοῦσιν
475 447 497 492 ἢ
532 452 596 484 τοῦ
631 449 976 497 προτελευτῆσαντος
1014 454 1147 497 γονέως
1180 464 1202 493 η
1236 452 1300 485 τοῦ

223 463 387 541 δευτέρου
407 493 653 536 τελευτῶντος,
677 493 761 528 οὐδὲ
781 495 817 528 εἴ
830 507 925 530 τινες
943 497 1010 540 μὲν
1030 494 1300 542 κληρονομοῦσι,

222 541 317 574 τινὲς
349 538 388 573 δὲ
416 540 511 582 οὐχί·
551 538 655 582 ἀλλά,
691 537 860 594 καθάπερ
894 540 1109 586 ἐίπροσθεν
1143 541 1300 585 εἴπομεν,

1371 406 1489 441 cunda
1520 408 1743 444 venientibus
1774 413 1858 445 vota
1888 409 2097 455 parentibus
2120 412 2343 457 percipiunt,
2375 423 2448 450 non

1370 455 1657 496 perscrutamur,
1690 457 1811 489 utrum
1841 454 1990 490 heredes
2019 455 2177 492 existant
2197 460 2263 493 aut
2285 468 2447 504 praemo-

1370 497 1495 533 rientis
1524 499 1684 543 parentis
1717 501 1780 535 aut
1809 499 1957 535 secundi
1985 500 2188 544 morientis,
2222 512 2290 538 nec
2325 503 2358 538 si
2388 503 2449 539 alii

1371 542 1509 587 quidem
1532 543 1683 579 heredes
1708 544 1884 588 existunt,
1916 545 1978 580 alii
2000 555 2084 581 vero
2114 557 2205 582 non:
2242 548 2324 592 sed,
2355 548 2449 584 sicut

222 587 325 640 γέρας
347 582 465 618 αὐτοῖς
486 583 632 628 δίδομεν
651 587 767 626 τοῦτο,
792 587 863 618 εὶτε
880 599 901 618 κ
920 588 1133 641 ῃρονομοῖεν
1153 586 1224 639 εἴτε
1239 589 1299 619 καὶ
1316 588 1356 620 10
1370 589 1534 633 superius
1566 588 1736 632 diximus,
1777 589 1973 635 praemium
2004 590 2131 628 damus
2166 591 2217 628 eis
2248 592 2336 637 hoc,
2374 593 2449 630 sive

222 641 287 673 μη·
310 632 370 663 καὶ
392 631 500 663 τοῦτο
524 630 562 669 ἐξ
584 630 661 663 ἴσου
685 628 861 675 λήψονται
889 633 991 664 αυτοὶ
1013 632 1081 674 μὲν
1105 643 1299 678 περιοντες,

223 673 291 708 σὺν
309 672 426 708 αὐτοῖς
444 672 484 707 δὲ
503 678 562 708 καὶ
585 674 621 708 οἱ
638 676 701 708 τοῦ
723 672 998 718 τελευτήσαντος
1017 674 1151 717 παῖδες,
1175 675 1218 710 τὸ
1234 677 1300 711 τοῦ

222 719 470 766 γεγεννηκότος
493 718 735 762 λαμβάνοντες
751 723 865 767 μέρος.
889 722 1074 763 πανταχοῦ
1095 724 1219 765 μέντοι
1238 722 1301 765 τῆς

223 763 438 811 ἀχαριστίας,
473 763 573 797 καθὰ
603 767 662 797 καὶ
694 765 907 811 ἔμπροσθεν
937 766 1095 818 εἴπομεν,
1128 764 1300 811 ἐμποδὼν

1369 632 1517 686 heredes
1538 633 1631 687 ‚fiaPt
1654 635 1728 687 siye
1752 635 1859 670 etiam
1882 645 1973 688 non,
2004 639 2040 671 et
2061 636 2130 672 hoc
2154 647 2210 690 ex·
2226 647 2341 684 aequo
2365 648 2447 684 per-

1370 681 1620 759 {wasta
1636 679 2449 774 q‘gtfitrsstptzzsstseessutattmtutati

1368 770 1488 803 tamen
1517 752 1775 814 ingratitudine
1802 770 1910 811 (sicut
1932 770 2187 815 praediximus)
2217 756 2447 820 impedimen·

222 809 311 854 πρὸς
333 808 374 842 τὸ
397 810 540 861 τοιοξτο
563 807 684 863 κέρδος
708 808 899 854 ἱσταμένης
928 824 981 854 τῳ
1006 810 1161 854 τοιούτῳ
1182 809 1298 846 παιδί.
1316 815 1355 847 15
1368 814 1445 849 tum
1468 813 1516 849 ad
1538 815 1610 850 tale
1634 815 1773 850 lucrum
1796 814 1952 851 faciente
1971 815 2173 852 huiusmodi
2192 817 2280 855 filio.
2313 819 2448 854 Contra

221 853 302 887 τοὺς
321 853 389 900 γὰρ
412 867 503 887 κατα
524 855 602 887 τῶν
618 858 823 900 αχαρίστων
846 858 1026 899 κειμένους
1049 856 1113 899 οὐχ
1126 855 1298 902 ὑπερβαί-

222 911 330 942 νομεν
361 898 402 932 νό
429 910 504 939 ους,
540 896 653 946 ταύτῃ
686 902 744 932 καὶ
775 899 856 934 τοὺς
886 903 1001 947 γονεῖς
1031 902 1209 946 τιμῶντες
1239 905 1300 936 καὶ

221 943 301 977 τοὺς
323 913 454 977 παῖδας
477 944 523 976 εἰς
546 941 732 988 εὐσέβειαν
746 945 901 990 ἄγοντες.
940 942 1057 992 ὥςπερ
1079 945 1148 994 γὰρ
1169 946 1215 981 τά
1239 948 1298 990 τῆς

221 987 382 1034 ἑπιλογῆς
406 987 635 1044 ἑκωλὲσαμεν
659 992 719 1022 καὶ
738 991 828 1024 πᾶσι
851 988 999 1035 δίδομεν
1020 988 1151 1035 ὁμοίως
1166 991 1212 1026 τὰ
1225 1005 1297 1026 τοι·

1368 859 1525 911 ingratos
1557 860 1648 905 enim
1677 860 1815 939 posihtas
1844 870 1918 895 non
1941 861 2360 943 transctgifiiimusdlegeffi
2391 867 2446 899 ta·

1367 903 1740 985 tssfizcssittgfflffiizt
1770 907 2102 987 ἓὲῗέἓῗὲἓιῑὲζεω
2124 912 2448 998 ἷῖοἶῑιιέἒὲἓέωὲ

1367 993 1482 1029 denuo
1515 995 1679 1031 omnibus
1713 995 1838 1031 damus
1870 995 2031 1032 similiter
2061 997 2150 1032 talia
2179 998 2359 1043 praemia,
2392 999 2446 1035 sic

220 1034 311 1066 αἶντα
339 1036 442 1079 γέρα,
471 1046 567 1067 ουτω
590 1047 632 1088 το
657 1035 718 1077 τῆς
748 1033 955 1090 ἀχαριστίας
982 1033 1046 1091 οὐκ
1069 1034 1297 1090 ἀναιρρῦμεν.
1311 1040 1353 1072 20
1366 1048 1425 1081 ea,
1462 1050 1554 1084 quae
1586 1039 1630 1075 de
1663 1040 1918 1085 ingratitudine
1949 1044 2049 1085 sunt,
2093 1053 2166 1078 non
2199 1043 2445 1081 interimimus.

219 1076 405 1123 Πρόδηλον
425 1076 474 1119 δέ,
499 1076 546 1112 ὡς
564 1075 760 1125 ἀχαριστον
779 1087 942 1124 προςηκει
964 1094 1061 1116 νοειν
1084 1095 1150 1117 τον
1170 1095 1192 1125 η
1215 1085 1298 1129 περὶ

218 1120 434 1176 ἀμφοτέρους
463 1123 544 1157 τοὺς
565 1127 691 1170 γονέας
720 1122 742 1168 ἢ
770 1126 916 1160 πάντως
945 1129 1028 1172 περὶ
1059 1126 1124 1161 τὸν
1146 1123 1298 1175 ὕστερον

217 1174 442 1202 τελευτωντα
463 1169 640 1215 γενέσθαι
664 1172 829 1217 φανερῶς
852 1168 1166 1217 ἀποδεικνύμενον.

1366 1084 1491 1119 Palam
1514 1095 1596 1120 vero
1620 1088 1686 1127 est,
1724 1086 1808 1131 quia
1830 1085 2010 1131 ingratum
2030 1091 2172 1133 oportet
2189 1088 2346 1133 intellegi
2365 1099 2447 1125 eum

1367 1129 1428 1174 qui
1451 1130 1548 1165 circa
1567 1131 1692 1167 ambos
1715 1134 1884 1176 parentes
1903 1135 1968 1166 aut
1988 1133 2130 1168 omnino
2152 1132 2248 1169 circa
2265 1133 2445 1181 posterius

1365 1175 1574 1211 morientem
1597 1175 1716 1212 factus
1740 1180 1864 1223 aperte
1887 1180 2120 1214 monstratur.

1164 1263 1322 1299 CAPUT
1353 1263 1503 1301 XXVII.

268 1325 415 1373 Ἀριστα
452 1326 491 1362 δὲ
521 1324 604 1371 ἡμῖν
628 1330 739 1362 Λέων
768 1326 788 1363 ὁ
819 1330 881 1372 τῆς
909 1330 1017 1384 &stag
1045 1329 1175 1374 λήξεως
1204 1329 1302 1366 δοκεῖ

1413 1333 1555 1378 Optime
1585 1344 1670 1369 vero
1705 1334 1809 1370 nob!
1839 1333 1915 1371 Leo
1951 1335 2054 1372 divae
2084 1336 2276 1373 memoriae
2308 1336 2448 1374 videtur

217 1372 428 1413 σκέψασθαι
462 1372 508 1407 τὰ
536 1375 618 1420 περὶ
649 1375 727 1408 τῶν
759 1372 961 1409 ἐπιδόσεων
987 1389 1040 1410 ων
1069 1377 1118 1411 εἰς
1146 1375 1192 1411 τὰ
1222 1375 1298 1411 ὃεύ-
1312 1380 1354 1414 25
1369 1379 1543 1423 cogitasse
1573 1379 1618 1415 de
1649 1379 1908 1422 oblationibus,
1941 1390 2030 1426 quas
2057 1381 2095 1416 in
2126 1381 2286 1418 secunda
2307 1381 2447 1418 faciunt

216 1431 302 1462 τερα
338 1419 526 1452 ποιοῦνται
562 1421 765 1453 συνοικέσια
799 1419 835 1453 οἱ
868 1421 984 1454 ταῦτα
1022 1420 1296 1476 συμβάλλοντες.

217 1465 303 1506 φησὶ
334 1461 401 1518 γὰρ
433 1461 494 1505 ως,
525 1463 625 1510 εἴπερ
657 1465 695 1498 ἐκ
728 1465 791 1498 τοῦ
820 1468 995 1512 προτέρου
1025 1480 1141 1513 γαμου
1165 1465 1297 1503 παῖδας

216 1509 330 1549 ἔχοιεν
353 1520 387 1541 οι
410 1511 541 1554 γονεῖς,
574 1509 652 1542 εἶτα
676 1509 723 1543 εἰς
756 1507 925 1556 δεύτερον
952 1508 975 1554 ἢ
998 1515 1058 1545 καὶ
1083 1512 1205 1558 ἐφεξῆς
1226 1526 1296 1556 χω-

216 1555 311 1606 ροῖεν
332 1557 563 1596 συνοικέσιον,
587 1552 627 1587 οὗ
652 1552 829 1589 δύνανται
852 1553 933 1609 oure
957 1557 1005 1612 εἰς
1028 1556 1096 1600 τὴν
1118 1558 1297 1605 μητρυιὰν

1366 1424 1593 1459 matrimonia
1622 1425 1684 1468 qui
1715 1434 1758 1460 ea
1790 1425 2019 1462 contrahunt.
2066 1426 2129 1462 Ait
2158 1427 2252 1462 enim
2283 1427 2384 1472 quia,
2415 1428 2446 1464 si

1367 1479 1412 1504 ex
1435 1469 1547 1514 priori
1568 1469 1794 1506 matrimonio
1817 1469 1910 1506 filios
1930 1470 2087 1507 habeant
2108 1475 2296 1519 parentes,
2320 1472 2447 1509 deinde

1366 1514 1413 1549 ad
1447 1514 1642 1550 secundum
1679 1517 1745 1551 aut
1783 1515 1950 1561 deinceps
1988 1516 2133 1552 veniant
2170 1516 2446 1562 matrimonium,

1365 1570 1438 1595 non
1471 1563 1625 1605 possunt
1659 1570 1775 1605 neque
1811 1561 1848 1596 in
1882 1571 2074 1598 novercam
2105 1564 2228 1607 patres
2261 1573 2379 1608 neque
2407 1562 2447 1598 in

216 1611 249 1630 οι
281 1601 429 1645 πατέρες
457 1598 540 1632 οὔτε
572 1600 621 1633 εἰς
652 1599 719 1634 τὸν
747 1613 922 1648 πατρωον
959 1615 995 1635 αι
1026 1606 1174 1650 μητέρες
1203 1602 1295 1639 κατὰ
1309 1607 1351 1640 30
1364 1604 1528 1640 vitricum
1560 1609 1692 1641 matres
1725 1605 1923 1642 secundum
1953 1607 2048 1642 vitae
2079 1610 2219 1653 tempus
2251 1607 2446 1661 quamlibet

872 1647 888 1654 ,ι

215 1641 281 1676 τὸν
303 1644 363 1686 τῆς
393 1645 482 1686 ζωῆς
512 1642 643 1691 χρόνον
674 1643 742 1688 τὴν
765 1645 914 1680 οἱανουν
938 1648 1128 1682 ποιεῖσθαι
1159 1647 1294 1694 φιλοτι-

214 1691 312 1730 μίαν,
344 1685 365 1731 ἢ
389 1690 428 1722 ἐν
451 1687 596 1736 τελευτῇ
621 1703 658 1724 τι
681 1689 980 1735 καταλιμπάνειν,
1011 1691 1107 1736 πλὴν
1127 1690 1149 1737 ἢ
1172 1695 1296 1728 τοσοῦ-

216 1746 282 1765 τον
302 1729 388 1767 ὅσον
411 1732 430 1767 ὁ
454 1733 502 1768 εἷς
525 1739 608 1768 παῖς
631 1732 652 1777 ἢ
677 1733 842 1783 θυγάτηρ
864 1735 974 1781 μόνος
999 1735 1053 1772 ὢν
1081 1740 1119 1773 ἐκ
1142 1740 1206 1773 τοῦ
1231 1738 1294 1785 φύ-

216 1789 344 1812 σαντος
367 1781 448 1821 ἔχει.
495 1782 541 1813 Εἰ
572 1778 612 1814 δὲ
641 1779 767 1815 πολλοὶ
803 1779 928 1816 παῖδες
960 1783 1032 1817 εἷεν
1063 1787 1122 1817 καὶ
1146 1785 1295 1819 ἕκαστος

1363 1650 1485 1685 facere
1508 1650 1712 1694 largitatem
1742 1654 1806 1687 aut
1827 1651 1865 1686 in
1887 1655 2002 1688 morte
2024 1652 2240 1698 relinquere,
2273 1653 2341 1690 msi
2363 1655 2446 1690 tan-

1364 1698 1440 1730 tum
1463 1700 1636 1740 quantum
1655 1702 1755 1732 'unus
1787 1696 1882 1732 filius
1906 1699 1971 1732 aut
1998 1697 2073 1732 filia
2099 1697 2198 1734 solus
2220 1697 2378 1735 existens
2399 1708 2446 1735 ex

1362 1743 1557 1784 generante
1579 1741 1700 1776 habet.
1761 1741 1799 1777 Si
1823 1751 1905 1777 vero
1935 1742 2040 1778 multi
2069 1741 2132 1778 filii
2165 1743 2238 1778 sint
2269 1747 2305 1779 et
2333 1753 2445 1780 unus-

1363 1786 1513 1830 quisque
1544 1786 1730 1839 aequalem
1762 1786 1897 1823 habeat
1925 1787 2145 1832 portionem,
2177 1798 2250 1824 non
2281 1788 2444 1834 amplius,

215 1822 294 1856 ἶσον
315 1825 389 1866 ἔχοι
410 1827 531 1870 μέρος,
563 1822 604 1859 οὗ
630 1824 741 1860 πλέον
769 1827 833 1860 τοῦ
863 1827 913 1862 εἷς
939 1829 1095 1863 ἕκαστον
1125 1827 1294 1875 ἀφικνου-
1308 1834 1350 1866 35
1363 1841 1470 1876 quam
1503 1831 1551 1867 ad
1583 1831 1742 1876 smgulos
1773 1832 1887 1876 venit,
1923 1835 1988 1868 aut
2018 1832 2165 1870 vitricus
2197 1835 2263 1869 aut
2291 1843 2446 1871 noverca

258 1927 328 1958 cap.
349 1916 483 1949 XXVI
501 1917 522 1958 ξ
538 1919 553 1950 1
580 1917 655 1950 Καὶ
680 1914 737 1951 ὅτι
759 1917 819 1952 ἐπὶ
843 1915 987 1953 τούτων
1011 1940 1055 1945 -
1079 1920 1127 1954 εἰς
1149 1899 1337 1965 εὐσέβειαν
1359 1918 1506 1969 ἄγοντες
1528 1924 1600 1966 (Π)
1621 1930 1731 1957 extant
1752 1924 1801 1957 B·
1821 1936 1859 1968 p.
1877 1925 1938 1958 196
1961 1924 2066 1958 Zach.
2083 1943 2127 1949 —
2147 1923 2199 1967 §l
2229 1925 2273 1958 in.
2293 1937 2445 1959 summam

215 1961 310 1993 habet
332 1962 516 2005 Anonymus
538 1962 746 1996 Bodleianus
769 1964 815 2006 (in
841 1965 1029 1999 Zachariae
1051 1962 1200 2006 Ἀνέκδ.)
1222 1980 1258 2010 ρ.
1274 1969 1349 2001 212.

219 2007 508 2085 Βιεαρ.ιζςέΧΖῐῗΙξ1
517 2002 595 2040 Ὅτι
618 2004 659 2041 οὗ
684 2004 861 2042 δύνανται
874 2029 916 2034 —
929 2011 1065 2044 τοῒςσέκ
1089 2011 1155 2044 τοῦ
1179 2014 1354 2058 προτέρου
1376 2010 1491 2058 γάμου
1511 2015 1641 2048 παισίν
1656 2014 1748 2055 (168,
1759 2015 1921 2055 29—169,
1934 2016 1983 2056 23)
2001 2015 2127 2058 passim
2150 2016 2319 2049 decurtata
2335 2023 2445 2050 artant

281 2063 315 2093 p.
450 2065 488 2085 (lc
512 2079 519 2085 .

213 2117 323 2152 tanda
347 2118 417 2160 ita,
449 2124 490 2154 ut
513 2123 576 2154 aut
607 2120 752 2166 inteqra
776 2121 820 2157 ab
845 2121 950 2157 initio
974 2123 1082 2158 irrita
1106 2124 1176 2169 fiat
1202 2124 1376 2160 alienatio
1408 2128 1474 2160 aut
1500 2125 1647 2172 inteqra
1677 2125 1816 2168 valeat,
1850 2129 1917 2162 aut
1946 2136 1997 2162 ex
2018 2132 2134 2178 parte
2163 2125 2307 2173 quidem
2336 2128 2445 2164 ἰννίτα

211 2163 247 2196 1·
317 2163 404 2207 fiat,
435 2175 485 2200 ex
500 2169 613 2210 parte
636 2176 719 2201 vero
750 2167 936 2202 consistat.
1029 2169 1149 2215 Atque
1179 2169 1219 2204 in
1247 2169 1304 2205 his
1335 2169 1478 2216 quidem
1511 2170 1642 2213 lucris,
1674 2181 1919 2217 quaecumque
1946 2181 2024 2206 acca
2051 2171 2133 2207 iunt
2147 2171 2367 2218 parentibus
2394 2173 2446 2208 ad

211 2207 387 2243 secundas
415 2210 564 2255 nuptias
587 2210 845 2257 miqrantibus,
870 2223 944 2247 non
968 2213 1112 2249 curiose
1134 2216 1359 2260 quaerimus,
1391 2226 1477 2251 num
1505 2215 1656 2251 heredes
1683 2215 1759 2251 sint
1787 2215 1844 2251 vel
1874 2219 1983 2252 antea
2033 2216 2175 2261 efuncti
2194 2217 2367 2270 parentis
2388 2217 2446 2254 vel

207 2257 336 2298 postea
360 2253 541 2299 defuncti,
567 2266 634 2291 nec
652 2257 770 2302 maqis
793 2268 878 2293 num
903 2258 968 2293 alii
991 2258 1141 2295 heredes
1163 2260 1247 2302 sint,
1272 2260 1338 2295 alii
1360 2271 1435 2296 non
1457 2260 1540 2295 sint.
1588 2259 1664 2296 Sed
1677 2260 1885 2313 praemium
1912 2259 1992 2309 Ιιοο,
2015 2261 2124 2297 sicuti
2144 2272 2252 2309 prius
2267 2261 2441 2305 diximus,

211 2298 255 2331 iis
271 2297 395 2333 datum
411 2310 460 2334 ex
479 2311 596 2351 aequo
616 2301 797 2348 accipient
819 2302 892 2349 ipsi
911 2303 1055 2349 quidem
1077 2306 1301 2351 superstites,
1326 2316 1406 2341 eum
1426 2306 1518 2352 ipsis
1537 2316 1621 2341 vero
1642 2311 1751 2342 ettam
1770 2306 1860 2349 eius,
1884 2306 1947 2352 qui
1970 2310 2135 2346 mortuus
2150 2311 2215 2350 est,
2239 2305 2356 2350 liberi,
2379 2308 2444 2355 qui

212 2342 353 2388 quidem
369 2345 545 2390 qenitorzs
557 2350 703 2391 partem
724 2347 879 2394 capient.
932 2347 1067 2395 Ubique
1091 2353 1209 2386 tamen
1228 2350 1469 2397 inqratitudo,
1494 2350 1794 2397 quemadmodum
1818 2350 1925 2387 etiam
1946 2355 2056 2388 antea
2071 2350 2244 2396 diximus,
2268 2351 2444 2390 adversus

213 2387 283 2423 tale
306 2388 446 2423 lucrum
468 2390 758 2437 impedimentum
782 2393 980 2429 constituat
1003 2394 1178 2430 eiusmodi
1197 2396 1289 2441 filio.
1346 2396 1441 2432 Nam
1462 2396 1561 2442 leqes
1583 2400 1713 2432 contra
1733 2396 1901 2443 inqratos
1923 2395 2020 2432 latas
2042 2407 2117 2432 non
2142 2396 2441 2443 transgredimur,

211 2433 273 2467 sui
302 2434 355 2484 ita
389 2438 424 2470 et
452 2440 625 2481 parentes
655 2436 875 2473 honoremus
907 2442 943 2475 et
974 2439 1106 2476 liberos
1136 2439 1187 2476 ad
1246 2441 1390 2477 ietatem
1417 2441 1602 2477 ducamus.
1661 2440 1967 2493 Quemadmodum
1997 2441 2092 2493 enim
2122 2441 2333 2478 electionem
2345 2453 2441 2495 pro-

212 2446 388 2514 iibucmus
423 2485 459 2515 et
494 2480 656 2516 omnibus
684 2483 832 2528 pariter
868 2484 958 2519 talia
988 2486 1158 2532 praemia
1194 2452 1338 2528 dgmus,
1372 2486 1427 2522 ita
1454 2498 1549 2533 quae
1578 2486 1629 2522 ad
1649 2485 1948 2533 inqratitudmem
1964 2490 2155 2533 pertinent
2175 2498 2251 2523 non
2272 2487 2440 2524 tollamus.

211 2523 446 2568 Manifestum
470 2529 590 2561 autem
614 2531 669 2561 est
690 2528 874 2573 inqratum
898 2541 978 2565 eum
1001 2542 1079 2566 esse
1101 2530 1354 2574 iudicandum,
1389 2532 1453 2577 qui
1476 2534 1542 2567 aut
1570 2532 1609 2567 in
1628 2534 1821 2577 utrumque
1838 2537 2032 2578 parentem
2054 2536 2121 2568 aut
2139 2532 2265 2578 utique
2286 2532 2327 2569 in
2348 2543 2440 2576 eum,

211 2569 273 2613 qui
290 2570 480 2615 posterior
502 2569 663 2613 decessit,
690 2573 775 2607 tatis
796 2574 915 2618 fuisse
938 2580 1067 2622 aperte
1087 2575 1360 2612 demonstretur.
2335 2623 2343 2630 ,

344 2614 492 2650 XXVII.
555 2615 695 2662 Optime
726 2629 810 2653 vero
842 2619 946 2656 divae
975 2621 1169 2656 memoriae
1192 2621 1267 2657 Leo
1298 2633 1338 2657 re
1367 2624 1489 2657 utasse
1511 2620 1617 2657 nobis
1638 2621 1781 2658 videtur
1812 2632 1907 2669 quae
1930 2620 1980 2672 ad
2007 2620 2224 2674 donationes
2239 2626 2440 2674 per-tutent,

237 2670 303 2693 uas
330 2659 368 2694 in
399 2660 578 2695 secundas
603 2663 752 2707 nuptias
782 2665 979 2710 conferunt
1008 2666 1072 2712 qui
1103 2677 1165 2702 eas
1195 2670 1326 2702 contra
1352 2671 1426 2702 unt.
1486 2666 1586 2701 Dicit
1616 2667 1732 2709 enim,
1763 2667 1797 2701 si
1823 2677 1875 2703 ex
1897 2677 2030 2712 priore
2051 2670 2284 2718 matrimomo
2308 2666 2442 2704 liberos

237 2703 368 2739 abeant
382 2710 570 2751 parentes,
595 2705 723 2742 deinde
743 2707 792 2742 ad
806 2710 1001 2746 secundum
1024 2711 1081 2747 vel
1102 2711 1210 2747 etiam
1228 2711 1381 2748 ulterius
1397 2711 1603 2757 coniuqium
1626 2711 1794 2758 miqrent,
1819 2722 1893 2747 non
1908 2721 2024 2757 posse
2048 2721 2164 2758 neque
2185 2721 2226 2746 tn
2248 2722 2440 2748 novercam

208 2753 335 2793 patres
358 2761 473 2801 neque
496 2750 535 2785 in
559 2751 725 2786 vitricum
748 2757 882 2789 matres
906 2755 1019 2791 ullam
1042 2756 1297 2793 liberalitatem
1321 2758 1415 2792 inter
1438 2756 1538 2792 vivos
1562 2756 1747 2802 conferre,
1778 2766 1894 2802 neque
1916 2757 1956 2792 in
1978 2760 2094 2792 morte
2115 2756 2310 2809 quicquam
2331 2756 2440 2809 relin-

213 2804 320 2836 quere
344 2795 411 2829 nisc
439 2799 576 2831 tantum
626 2801 775 2831 uantum
799 2809 893 2834 unus
913 2800 1014 2844 fitius
1031 2802 1169 2845 filiave,
1200 2802 1233 2837 si
1254 2802 1356 2837 solus
1377 2801 1439 2844 sit,
1472 2812 1495 2836 a
1511 2805 1671 2847 parente
1692 2800 1809 2837 habet.
1866 2800 2004 2844 Quodsi
2061 2801 2158 2837 lures
2179 2805 2255 2838 smt
2280 2800 2383 2838 laben
2405 2806 2443 2840 et

212 2839 345 2882 sinquli
369 2851 521 2886 aequam
545 2806 703 2876 kabqeant
719 2848 885 2887 partem,
911 2856 986 2880 non
1001 2846 1091 2891 plus
1113 2858 1222 2892 quam
1247 2846 1297 2883 ad
1317 2846 1485 2893 sinqulos
1500 2846 1695 2892 perveniat
1717 2846 1773 2883 vel
1796 2847 1960 2882 vitricum
1981 2856 2022 2882 ve
2059 2856 2252 2882 novercam
2274 2851 2442 2894 acceptu-

1359 2939 1380 2972 2
1410 2938 1624 2979 alienatione]
1659 2940 1718 2971 aut
1740 2938 1887 2981 perfecte
1910 2938 2115 2972 alienatione
2139 2939 2216 2990 add.
2235 2938 2288 2971 13¹
2318 2937 2332 2982 Ι
2361 2939 2382 2972 5
2407 2940 2442 2991 et

1358 2985 1681 3070 2330130325235553
1694 2983 1892 3072 listis?
1901 2985 2440 3073 {flittztzssssfftffir-tztffi

1359 3073 1506 3106 existunt
1519 3074 1714 3107 TextantR
1729 3075 1741 3116 11
1759 3075 1830 3114 aut]
1843 3073 1887 3106 ad
1903 3073 1958 3116 1711
1974 3074 2233 3116 praemorientes
2242 3071 2322 3117 13¹!
2339 3075 2361 3108 8
2378 3083 2438 3116 pa—

1357 3119 1463 3151 rentis
1478 3129 1517 3150 a·
1532 3118 1738 3151 secundum?
1760 3118 1811 3152 1⁷¹
1827 3118 1840 3162 1]
1858 3119 1879 3152 9
1897 3118 2032 3160 quidem
2045 3131 2104 3152 om.
2122 3116 2177 3162 Vl}
2195 3116 2342 3158 heredes]
2355 3117 2439 3151 flant

1357 3164 1428 3196 siue
1443 3164 1542 3197 etiam
1554 3174 1622 3197 non
1634 3166 1668 3196 et
1679 3173 1719 3197 ex
1730 3164 1795 3196 hoo
1806 3164 1884 3196 add.
1895 3163 1942 3196 R*
1955 3162 1966 3207 11
1979 3163 2122 3196 existant
2132 3163 2220 3206 vulq.
2232 3160 2246 3207 11
2270 3163 2309 3196 10
2322 3162 2439 3196 damus

1359 3209 1405 3241 eis
1416 3209 1479 3241 hoc
1491 3209 1537 3250 R]
1551 3209 1598 3242 eis
1612 3209 1675 3241 hoc
1686 3209 1802 3241 damus
1819 3208 1905 3242 Veis
1916 3207 2031 3241 damus
2043 3208 2106 3241 hoo
2118 3207 2204 3251 ναῖς.
2222 3206 2235 3250 fl
2256 3208 2291 3241 11
2309 3207 2384 3248 hoc]
2398 3218 2438 3241 ex

1358 3254 1420 3287 hoc
1435 3254 1481 3287 R¹
1501 3252 1514 3297 11
1533 3255 1572 3288 12
1593 3264 1668 3286 cum
1687 3256 1747 3287 aut
1767 3254 1814 3287 eis
1828 3255 1888 3286 aut
1902 3252 1976 3295 13¹1!
1998 3254 2038 3287 13
2056 3251 2212 3295 partesR
2229 3252 2242 3296 11
2261 3253 2299 3286 15
2321 3252 2437 3286 huius·

1357 3298 1455 3331 modo
1467 3299 1501 3331 R
1516 3297 1528 3343 11
1551 3301 1590 3333 16
1611 3298 1692 3331 tali·
1709 3298 1755 3332 R·
1775 3298 1788 3341 ΙΙ
1809 3299 1846 3333 18
1865 3297 2040 3332 educentes
2059 3297 2094 3330 R
2111 3295 2124 3341 11
2139 3296 2340 3330 electiones?
2351 3297 2402 3330 Β*
2422 3296 2436 3342 Ι

1359 3345 1401 3377 20
1423 3344 1463 3376 de
1480 3356 1539 3376 om.
1557 3342 1612 3388 Vss
1638 3343 1862 3376 interimimus
1886 3344 1918 3376 in
1943 3354 2009 3376 ros.
2035 3341 2094 3382 θ’,
2126 3342 2341 3376 interiminus
2366 3342 2401 3375 V
2423 3342 2436 3386 11

1359 3390 1398 3421 21
1421 3388 1597 3431 off‘ioportet
1607 3388 1657 3421 R¹
1673 3387 1686 3432 11
1705 3390 1748 3422 24
1757 3390 1844 3421 rubr.
1859 3386 1927 3424 Qui
1938 3386 1979 3419 ad
1992 3386 2151 3420 secundas
2164 3387 2299 3429 nuptias
2310 3387 2435 3429 migra-

1358 3433 1446 3465 uerit
1463 3444 1530 3466 non
1552 3432 1673 3465 habeat
1691 3432 1861 3466 licentiam
1881 3431 2116 3465 liberalitatem
2135 3431 2239 3465 ullam
2251 3432 2384 3465 confere
2398 3432 2436 3464 in

1358 3488 1535 3510 nouercam
1553 3478 1699 3511 filiorum
1718 3487 1853 3510 suorum
1874 3476 1929 3509 uel
1949 3476 2108 3510 uitricum
2120 3476 2211 3510 ultra
2224 3487 2296 3510 eam
2307 3478 2435 3519 partem

1358 3532 1441 3563 quae
1450 3523 1492 3554 ad
1501 3532 1770 3564 unumquemque
1782 3521 1962 3554 liberorum
1975 3532 2014 3554 ex
2023 3522 2208 3555 substantia
2221 3522 2292 3555 eius
2305 3522 2436 3554 uenerit

1359 3567 1463 3610 Rmy.
1489 3569 1500 3607 11
1527 3568 1633 3610 divae]
1657 3567 1712 3610 pie
1738 3567 1771 3601 R
1799 3567 1812 3610 11
1840 3569 1881 3601 25
1911 3568 2004 3607 quas]
2031 3577 2114 3608 quae
2135 3567 2183 3600 R·
2208 3566 2221 3610 11
2245 3568 2285 3600 27
2312 3565 2435 3598 habent

1360 3611 1427 3643 ΒΤ
1440 3612 1452 3653 11
1469 3613 1511 3645 30
1534 3613 1692 3655 temporis
1710 3611 1789 3656 R¹fl
1815 3613 1857 3645 33
1881 3611 1945 3643 filii
1968 3624 2027 3645 om.
2051 3612 2101 3645 Β*
2117 3611 2129 3656 11
2159 3611 2228 3644 sint
2248 3611 2332 3651 ΒΤ]
2357 3613 2435 3643 sunt

1367 3655 1486 3699 Vvulq.
1505 3655 1518 3700 11
1535 3659 1578 3690 34
1602 3657 1722 3691 habeat
1741 3657 1788 3697 R]
1813 3655 1912 3689 habet
1933 3656 2058 3700 Vvulq.
2077 3655 2090 3700 11
2106 3658 2147 3690 35
2169 3655 2297 3689 uti-icus
2317 3655 2352 3689 V

264 2933 275 2961 l
302 2926 407 2971 τύχε·
436 2931 482 2963 L¹
500 2931 512 2974 11
527 2934 587 2964 καὶ
613 2946 671 2965 om.
698 2933 744 2966 B¹
762 2932 810 2977 114
836 2931 876 2967 δὲ
898 2932 942 2977 δὴ
966 2937 1022 2978 Μ]
1048 2935 1091 2979 δὴ
1115 2938 1205 2979 LBl,
1230 2952 1288 2973 om.

217 2974 262 3005 [3³
287 2976 430 3016 (quoque
454 2979 485 3013 ς)
514 2976 525 3021 11
557 2980 576 3011 5
600 2975 683 3010 τοὺς
707 2990 765 3011 om.
783 2979 832 3010 ΒΓ
857 2979 868 3022 11
899 2981 977 3013 τῶν
1000 2985 1139 3027 γονέων
1183 2981 1292 3027 άμους

214 3018 263 3050 Β*
281 3018 292 3061 11
310 3022 328 3052 6
354 3018 597 3063 λαμβάνουσιν
612 3024 683 3063 Me]
708 3021 744 3055 οἱ
767 3021 890 3057 παῖδες
916 3027 992 3058 add.
1011 3028 1077 3060 LB
1093 3028 1106 3072 11
1124 3042 1144 3061 κ
1166 3041 1289 3075 ηρονο-

212 3063 341 3105 μοῦσιν
366 3083 408 3089 —
431 3068 449 3100 8
473 3068 541 3107 μὲν
566 3069 614 3100 bis
636 3081 698 3101 scr.
714 3068 744 3100 L
760 3067 773 3112 11
791 3066 1083 3114 κληρονομοῦσιν]
1109 3072 1144 3106 οἱ
1166 3071 1291 3107 παῖδες

215 3109 290 3139 add.
307 3109 357 3140 ΒΓ
379 3108 391 3153 11
419 3113 435 3143 'l
463 3109 484 3153 ἢ
509 3125 566 3144 om.
583 3113 631 3145 Β*
647 3112 659 3156 11
686 3111 996 3155 προτελευτῶντος
1018 3117 1067 3149 B'
1093 3116 1105 3161 11
1126 3120 1190 3151 τοῦ
1214 3116 1288 3152 δευ-

214 3153 315 3195 τέρου
339 3173 384 3178 -
408 3157 427 3187 9
452 3158 545 3189 τινὲς
569 3154 609 3189 δὲ
633 3171 690 3190 om.
703 3158 754 3190 Β*
782 3156 795 3201 11
832 3161 872 3192 10
896 3156 1044 3203 δίδομεν
1068 3162 1193 3203 τοῦτο,
1218 3163 1290 3197 εἴτε

213 3195 463 3242 κληρονομοῖεν
487 3201 556 3235 εἴτε
581 3203 641 3234 καὶ
663 3200 729 3246 μή·
759 3204 819 3235 καὶ
843 3204 950 3237 τοῦτο
978 3205 1110 3246 ΒΝἯς]
1144 3205 1290 3241 &Sonent

212 3243 327 3281 τοῦτο,
355 3247 412 3276 καὶ
440 3247 485 3277 13⁸
518 3244 667 3290 δίδομεν
685 3247 793 3281 τοῦτο
817 3249 848 3282 L
879 3246 1068 3292 διδόμενον
1091 3252 1197 3285 τοῦτο
1217 3243 1260 3286 ⁴⁸4!
1278 3254 1289 3296 11

216 3289 255 3320 12
277 3286 318 3321 τὸ
340 3303 398 3322 οηι.
413 3291 442 3322 L
459 3290 470 3333 11
496 3294 530 3324 13
555 3290 794 3337 γεννήσαντος
809 3293 859 3326 ΒΓ
871 3293 883 3337 11
905 3296 944 3328 14
970 3293 1071 3328 καθόι
1086 3315 1125 3319 -—
1143 3296 1289 3341 εἴπομεν

213 3345 270 3365 om.
292 3334 341 3366 ΕΒ
372 3334 384 3377 11
417 3337 453 3367 18
486 3338 544 3367 καὶ
569 3338 672 3377 πᾶσι]
705 3340 738 3370 et
768 3338 876 3371 denuo
903 3339 1056 3371 omnibus
1081 3352 1100 3375 ς
1128 3340 1140 3382 11
1171 3344 1209 3375 19
1235 3341 1288 3383 τὸ]

211 3375 257 3408 τοὶ
280 3379 316 3410 Β
332 3378 343 3421 11
364 3381 401 3412 21
430 3375 618 3425 ἀχάριστοι
642 3382 688 3415 L¹
706 3382 718 3425 11
742 3378 764 3424 ἢ
788 3395 846 3416 om.
871 3395 891 3420 ς
909 3383 921 3425 11
945 3386 986 3417 23
1007 3385 1194 3428 γενέσθαι]
1218 3400 1288 3420 τοι-

213 3422 318 3454 οῦτον
337 3425 511 3467 γενέσθαι
535 3427 656 3459 mavult
675 3427 853 3461 Heimbach
869 3429 882 3472 11
899 3426 1200 3474 ἀποδεδειγμένον
1221 3434 1255 3465 Β
1278 3435 1290 3478 11

214 3467 252 3497 27
280 3471 366 3510 φησὶ
390 3468 468 3514 γὰρ]
495 3470 571 3505 Cod.
587 3474 618 3512 5,
632 3480 826 3514 9‚6pr.—3
854 3473 866 3517 11
893 3474 956 3506 τοῦ
983 3488 1039 3505 nm.
1057 3475 1098 3505 M
1121 3474 1133 3518 11
1161 3478 1203 3508 29
1223 3475 1290 3517 τὴν

214 3523 271 3542 om.
290 3513 335 3543 Βε
351 3513 363 3556 11
395 3517 429 3547 31
460 3515 522 3555 τῆς
543 3529 600 3548 om.
616 3517 666 3549 B!
678 3518 690 3560 11
721 3519 763 3551 32
788 3530 825 3551 τι
849 3531 906 3551 om.
920 3519 990 3554 Bsc
1006 3518 1018 3562 11
1038 3520 1080 3552 33
1104 3516 1124 3551 ὁ
1146 3533 1203 3552 om.
1218 3522 1254 3554 B
1279 3523 1291 3565 11

215 3556 255 3587 35
281 3555 370 3598 ἴσον]
394 3557 435 3591 τὸ
460 3558 539 3592 ἴσον
564 3561 610 3593 B¹

263 3646 277 3677 1
305 3649 534 3680 commutanda
555 3650 599 3690 V]
624 3652 859 3685 committenda
883 3653 1044 3697 Rvulq.ss
1070 3654 1219 3686 fortunas
1240 3655 1287 3687 V¹

2582 2159 2592 2295 -.-ΑΛ-...-
2583 2082 2592 2123 ..aa
2586 2028 2592 2038 ι
