2592 3840
247 85 287 128 N
289 99 354 129 ov.
385 84 527 128 XLIII
555 99 614 140 pr.

249 199 345 231 τῖνος
368 193 388 230 ὁ
411 198 473 238 τῆς
496 197 600 230 θείας
623 193 762 240 μνήμης
784 191 803 228 ὁ
822 195 884 236 τῆς
902 191 1054 241 μεγάλης
1075 192 1179 238 ἡμῶν
1198 193 1328 238 ταύτης

249 239 388 277 πόλεως
407 238 574 284 οἰκιστής,
598 242 705 275 τοῦτο
730 238 770 273 δὲ
790 236 1021 273 Ἀναστάσιος
1044 235 1063 273 ὁ
1083 240 1145 282 τῆς
1163 237 1242 273 εὗσε
1269 241 1327 274 οὓς

250 286 380 329 λήξεως
411 286 477 320 τὸν
507 288 585 320 τῶν
608 285 841 329 καλουμένων
865 281 1101 330 λεκτικαρίων
1127 283 1205 327 ἦτοι
1251 297 1329 319 εκα·

250 333 329 366 νῶν
351 330 513 377 ἀριθμὸν
536 333 777 383 περιέστησαν
800 329 848 363 εἰς
873 330 912 363 ἓν
922 331 1075 383 μέτρον,
1099 328 1229 372 χιλίους
1250 330 1329 363 ε’κα-

1327 76 1411 127 270

2093 95 2154 125 DE
2184 93 2473 126 ERGASTERIIS

1395 203 1464 229 nae
1486 196 1633 229 nostrae
1657 191 1811 228 civitatis
1836 192 1999 228 conditor
2026 203 2132 238 quam
2155 193 2369 228 Anastasius
2392 192 2475 237 piae

1394 238 1587 274 memoriae
1619 247 1742 273 eorum
1773 237 1833 283 qui
1856 241 2031 273 vocantur
2053 237 2230 274 lecticarii
2261 247 2325 273 seu
2349 236 2474 273 decani

1396 293 1583 319 numerum
1612 292 1801 318 mensurae
1832 282 2174 324 determinaverunt,
2203 281 2301 318 mille
2331 285 2475 318 centum

1398 338 1477 364 esse
1497 328 1652 364 decanos
1672 328 1745 363 sive
1761 327 1955 371 ergasteria
1973 330 2077 363 tanta
2096 327 2365 369 constituentes,
2387 336 2474 372 qua·

249 376 316 411 τὸν
346 376 439 410 εἶναι
471 374 637 430 δεκρινους
667 374 747 418 η”τοι
780 376 996 429 ἐργαστήρια
1028 375 1188 408 τοσαῦτα
1220 373 1327 421 διορί-
1364 379 1384 411 5
1397 373 1495 409 tinus
1530 373 1568 409 in
1600 373 1699 408 nullo
1731 375 1891 418 tempore
1926 372 2016 407 haec
2050 372 2272 425 suscipqrent
2303 371 2475 407 adiectio-

250 433 394 462 σαντες,
428 418 487 466 ἐφ’
515 434 545 463 ῳ
577 433 617 454 τε
647 421 687 453 ἐν
717 417 844 463 μηδενὶ
868 431 987 464 χρονῳ
1015 419 1132 453 ταῦτα
1156 417 1329 461 δέχεσθαι

251 467 471 512 προςθήκην,
496 463 555 498 διὰ
574 463 616 498 τὸ
635 467 696 498 καὶ
719 461 938 498 ὑποκεῖσθαι
958 464 1003 510 τῇ
1024 461 1247 499 διατυπώσει
1264 465 1327 498 τοῦ

250 513 311 554 τῆς
346 512 452 545 θείας
485 509 622 553 μνήμης
653 506 892 543 Ἀναστασίου
931 507 973 542 τὸ
1007 511 1075 552 μέτ
1178 510 1256 543 τῶν
1291 508 1329 549 ἐξ

252 555 402 590 ἑκάστου
426 555 648 598 συστήματος
679 554 772 587 εἶναι
803 553 1059 599 προςηκόντων
1142 557 1328 599 τικαρίων,

1397 429 1494 461 nem,
1527 428 1570 454 eo
1595 417 1690 463 quod
1715 417 1822 452 etiam
1845 417 2006 453 subiecta
2029 416 2254 462 dispositioni
2280 416 2381 451 divae
2402 425 2475 451 me-

1398 464 1531 498 moriae
1554 462 1738 498 Anastasii
1760 472 1928 497 mensura
1951 472 1998 497 ex
2021 471 2237 506 unoquoque
2261 461 2407 505 collegio
2429 460 2478 496 sit

1398 507 1676 553 competentium
1699 507 1973 549 lecticariorum,
2006 517 2072 542 nos
2097 506 2238 551 quidem
2260 506 2350 541 haec
2373 505 2477 540 firma

1396 562 1541 588 manere
1575 553 1747 588 volumus.
1783 552 1968 587 Adeuntes
2001 555 2121 587 autem
2156 551 2217 596 qui
2250 550 2477 595 collegiorum

251 599 348 643 ἡμεῖς
370 602 436 644 μὲν
459 601 578 651 ταῦτα
605 600 738 643 βέβαια
769 601 891 651 μένειν
921 596 1029 640 βουλό
1075 599 1139 633 θα.
1188 597 1328 645 προςελ-
1344 602 1385 633 10
1398 601 1482 633 sunt
1504 596 1732 632 felicissimae
1755 599 1900 632 nostrae
1924 596 2030 632 huius
2054 596 2173 640 regiae
2196 595 2360 638 civitatis,
2391 604 2477 640 quo-

251 645 385 680 θ’όντες
407 643 447 678 δὲ
469 643 505 678 οἱ
526 657 603 677 των
627 653 867 697 συστηματων
890 644 951 696 ’ζῇς
972 641 1009 677 εὖ
1037 646 1181 688 αίμονος
1197 642 1330 687 ταύτης

251 688 355 734 ἡμῶν
390 692 449 723 καὶ
480 685 665 732 βασιλίδος
696 686 850 729 πολεως,
887 700 940 735 ων
971 685 1216 735 διαφερόντως
1246 684 1330 732 ἡμῖν

251 734 359 779 μέλει,
375 730 622 787 ἱτὸεήμέτερον
646 730 838 787 ἐδίδασκον
861 732 1009 788 κράτος,
1025 731 1181 779 μεγάλην
1204 736 1264 767 καὶ
1289 730 1330 766 οὗ

252 792 413 834 φρρητην
428 778 658 823 υφίστασθαι
677 791 746 821 την
764 777 935 825 ταραχήν.
969 791 1037 834 την
1055 779 1123 832 μὲν
1137 777 1206 826 γὰρ
1222 774 1329 824 ἁγιω-

1397 653 1477 677 111111
1506 642 1700 687 praecipue
1730 641 1834 677 nobis
1868 651 1955 677 cura
1985 645 2056 684 est,
2090 644 2248 677 nostram
2278 641 2479 676 docuerunt

1397 689 1628 731 potestatem,
1663 696 1828 730 magnam
1862 689 1897 721 et
1930 686 2191 731 importabilem
2226 695 2264 720 se
2300 685 2476 720 sustinere

1397 731 1633 767 vexationem.
1680 730 1950 766 sanctissimam
1975 731 2067 766 enim
2096 731 2268 767 maiorem
2291 729 2479 766 ecclesiam

1397 776 1494 812 mille
1517 780 1660 811 centum
1683 775 1886 820 ergasteriis
1916 775 1989 811 frui
2011 775 2194 812 functione
2224 775 2320 811 omni
2342 773 2477 817 liberis,

251 837 365 866 τατην
382 821 540 868 μεγάλην
562 822 751 866 ἐκκλησίαν
774 821 821 857 τὰ
842 821 939 865 χίλια
963 835 1093 857 εκατον
1113 820 1329 878 ἐργαστήρια
1345 826 1384 857 15
1398 831 1490 866 quae
1514 821 1601 856 satis
1631 824 1759 865 sponte
1789 821 1859 865 ipsi
1890 820 2028 863 darent,
2061 831 2103 856 eo
2136 819 2232 866 quod
2260 819 2358 856 circa
2381 829 2478 855 oom-

251 869 486 915 καρποῦσθαι
510 866 630 902 τέλους
660 866 798 902 παντὸς
827 864 1013 914 ἐλεύθερα,
1045 864 1137 915 ἅπερ
1160 870 1220 902 καὶ
1243 878 1330 911 σφο·

252 912 321 960 δρα
345 910 490 948 ἑκόντας
521 911 666 947 ἑαυτοὺς
689 910 848 954 διδόναι,
879 910 974 947 διότι
1002 916 1086 959 περὶ
1115 913 1183 956 τὴν
1206 911 1332 956 κοινὴν

252 956 429 993 ἁπάντων
451 954 670 1004 ἀνθρώπων
693 955 799 992 ὁσίαν
827 956 869 991 τὸ
893 958 1041 1004 πρᾶγμα
1070 956 1236 1004 πρόεισιν
1245 968 1259 976 ·’
1289 953 1330 991 οὗ

1398 876 1505 901 11111110
1526 866 1683 901 011111111111
1702 865 1884 901 hominum
1903 865 2012 901 funus
2032 875 2142 900 causa
2159 864 2382 910 procederet3
2405 874 2480 900 non

1398 916 1519 946 tamen
1547 911 1655 946 etiam
1683 910 1821 955 reliqua
1843 913 1989 955 portare
2017 920 2127 946 onera
2149 919 2267 956 posse.
2313 909 2480 945 Plurimis

1399 956 1493 991 enim
1517 955 1720 1001 ergasteriis
1744 955 1980 991 existentibus
2011 955 2050 990 in
2073 955 2143 990 hac
2166 954 2371 990 felicissima
2393 953 2479 989 civi-

250 1002 320 1058 μην
352 1006 412 1037 καὶ
440 1002 486 1037 τὰ
517 1001 639 1055 λοιπὰ,
657 1005 779 1050 φέρειν
810 1001 909 1056 ἄχθη
940 1000 1137 1057 δύνασθαι.
1184 1000 1331 1037 πολλῶν
1399 1003 1475 1036 tate
1511 1000 1714 1036 commercii
1747 1000 1950 1045 negotiique
1983 1000 2124 1042 diversi,
2162 1010 2237 1036 non
2271 999 2363 1035 haec
2399 1007 2479 1034 esse

250 1062 318 1103 γαρ
351 1050 598 1095 ἐργαστηρίων
620 1061 742 1082 οντων
766 1061 858 1082 κατα
882 1060 1020 1091 ταυτην
1042 1046 1110 1091 τὴν
1134 1045 1332 1091 εὐδαίμονα
1343 1049 1385 1081 20

251 1093 359 1128 πολιν
376 1096 549 1138 ἐμπορίας
564 1106 605 1127 τε
620 1095 680 1126 καὶ
696 1096 944 1140 πραγματείας
961 1090 1144 1139 διαφόρου,
1161 1091 1202 1127 οὗ
1215 1093 1331 1126 ταῦτα

251 1138 343 1172 εἶναι
362 1136 456 1182 μόνα
477 1136 536 1178 (τὰ
553 1136 647 1180 χίλιά
666 1150 786 1182 φαμεν
805 1136 936 1172 ἑκατὸν
952 1136 1181 1184 ἐργαστήρια)
1205 1135 1251 1171 τὰ
1268 1137 1331 1179 τῆς

251 1184 434 1230 εἰρημένης
465 1180 700 1227 ἐξαιρούμενα
733 1181 962 1229 λειτουργίας,
993 1179 1084 1218 ἀλλὰ
1108 1180 1241 1217 πολλάς
1263 1183 1330 1227 μὲν

250 1225 454 1275 ἁγιωτάτας
474 1227 670 1271 ἐκκλησίας,
704 1226 852 1263 πολλοὺς
876 1225 916 1261 δὲ
939 1224 1074 1274 εὐαγεῖς
1091 1226 1250 1268 ξενῶνας
1269 1229 1330 1261 καὶ

251 1271 478 1319 μοναστήρια
497 1276 558 1307 καὶ
577 1273 715 1319 ἑτέρους
735 1269 870 1319 εὐαγεῖς
891 1273 1014 1314 οἴκους,
1038 1276 1102 1306 καί
1119 1284 1222 1307 τινας
1243 1284 1273 1307 π
1304 1270 1329 1298 ’-

250 1332 290 1352 τε
314 1331 356 1352 ον
376 1317 571 1363 αἱρετικούς
587 1317 695 1352 ὄντας
715 1317 793 1352 εἶτα
811 1318 1060 1361 μεταστάντας
1074 1317 1121 1351 εἰς
1136 1316 1204 1361 τὴν
1220 1284 1330 1362 ‹3932-

251 1332 359 1404 δοξον
379 1367 516 1405 πίστιν,
540 1361 672 1398 πολλὰς
695 1361 736 1396 δὲ
758 1361 943 1407 βασιλικὰς
963 1362 1074 1397 οἰκίας
1097 1365 1157 1396 καὶ
1179 1361 1268 1407 πρός
1290 1374 1331 1408 γε

250 1412 310 1442 καὶ
340 1406 530 1454 ἀρχόντων
561 1411 622 1442 καὶ
646 1406 893 1454 συγκλητικῶν
923 1409 984 1441 καὶ
1008 1405 1244 1453 ἰλλουστρίων
1272 1409 1332 1440 καὶ

251 1451 556 1508 κουβικουλαρίων
577 1453 805 1500 ἐξαιρεῖσθαι
825 1453 904 1487 τῶν
923 1450 1052 1495 τελῶν,
1075 1455 1135 1486 καὶ
1156 1451 1236 1486 τοὺς
1253 1449 1331 1486 τού-

1399 1046 1478 1082 sola
1502 1046 1610 1089 (mille
1627 1049 1770 1081 centum
1790 1045 1954 1087 dicimus)
1977 1045 2184 1090 praedictae
2203 1043 2399 1087 functionis
2417 1053 2478 1079 ex-
2505 1083 2508 1086 Δ

1400 1095 1522 1135 cepta,
1562 1090 1625 1127 sed
1661 1090 1792 1126 multas
1831 1090 1975 1135 quidem
2013 1089 2256 1126 sanctissimas
2296 1087 2478 1132 ecclesias,

1398 1137 1571 1181 plurimos
1603 1139 1721 1171 autem
1750 1135 1969 1171 venerabiles
2000 1145 2160 1170 xenones
2191 1138 2228 1170 et
2261 1133 2480 1170 monasteria

1399 1185 1434 1216 et
1457 1181 1546 1216 alias
1571 1180 1791 1216 venerabiles
1815 1180 1949 1224 domos,
1982 1182 2018 1215 et
2040 1180 2180 1225 aliquos
2227 1179 2368 1214 rimitus
2390 1179 2478 1214 hae-

1398 1226 1529 1262 reticos
1560 1225 1755 1268 introduci,
1787 1225 1915 1261 deinde
1944 1225 2136 1269 migrantes
2167 1234 2190 1260 a
2244 1222 2481 1260 orthodoxam

1343 1273 1385 1306 25
1397 1270 1521 1313 fidem,
1554 1271 1684 1306 multas
1709 1281 1849 1316 quoque
1881 1270 1929 1305 im
1955 1271 2083 1306 eriales
2107 1269 2243 1312 domos,
2272 1269 2421 1322 insuper
2443 1271 2480 1303 et

1398 1316 1555 1351 iudicum
1576 1319 1611 1351 et
1627 1319 1831 1352 senatorum
1850 1318 1888 1351 et
1908 1315 1917 1324 '
1947 1315 2099 1350 ustrium
2122 1317 2158 1350 et
2178 1313 2480 1351 cubiculariorum

1399 1361 1517 1406 excipi
1547 1360 1705 1403 tributis,
1741 1363 1778 1396 et
1811 1361 1938 1397 horum
1968 1360 2129 1396 dominos
2161 1359 2231 1395 sibi
2259 1359 2345 1394 hinc
2375 1367 2478 1404 prae-

1398 1415 1528 1486 garare
1559 1406 1695 1441 reditus
1727 1409 1763 1441 et
1793 1415 2013 1442 communem
2042 1403 2297 1450 rempublicam
2325 1403 2478 1447 laedere,

1423 1462 1484 1486 um
1500 1450 1719 1496 exceptionis
1740 1449 1968 1486 multitudine
1988 1450 2025 1485 in
2044 1449 2245 1494 angustiam
2265 1458 2375 1484 causa
2393 1458 2478 1484 con-

250 1511 329 1532 των
354 1496 532 1532 δεσποτας
561 1498 699 1532 ἑαυτοῖς
730 1497 905 1532 ἐντεῦθεν
928 1496 1206 1539 κατασκευάζειν
1229 1493 1332 1542 πρός·
1345 1499 1387 1531 30
1401 1496 1577 1538 cludatur‚
1610 1500 1646 1530 et
1669 1496 1777 1549 pauci
1800 1500 1884 1532 sunt
1915 1495 1975 1540 qui
2004 1494 2222 1530 functionem
2246 1493 2397 1536 solvant,
2427 1493 2480 1529 ita

251 1541 339 1577 οδον
362 1546 422 1577 καὶ
446 1541 488 1577 τὸ
511 1541 634 1577 κοινὸν
659 1540 807 1586 ἀδικεῖν,
838 1543 903 1576 τοῦ
932 1544 994 1586 τῆς
1017 1542 1224 1590 ἐξαιρέσεως
1246 1539 1332 1584 πλή-

252 1589 342 1622 θους
366 1589 414 1622 εἰς
438 1588 569 1622 στενὸν
591 1586 634 1622 τὸ
659 1589 808 1634 πρᾶγμα
831 1586 1085 1635 συγκλείοντος,
1109 1583 1198 1621 ῶςτε
1220 1585 1333 1629 ἐλαχί-

251 1644 356 1668 στους
377 1633 470 1667 εἶναι
488 1632 570 1667 τοὺς
590 1631 882 1679 λειτουργοῦντας
897 1630 978 1676 ἤτοι
993 1631 1077 1666 τοὺς
1092 1633 1333 1677 βαρουμένους

250 1679 296 1726 τῇ
326 1677 536 1724 λειτουργίᾳ,
567 1681 628 1712 καὶ
658 1676 701 1731 τό
733 1675 910 1723 πρότερον
941 1675 1040 1712 τέλος
1063 1675 1232 1711 πολλάκις
1255 1689 1330 1723 τρι-

1399 1541 1538 1585 gravati
1561 1541 1714 1583 tribuas,
1747 1545 1783 1576 et
1805 1541 1962 1586 priorem
1993 1539 2265 1576 sollicitudinem
2298 1539 2392 1574 forte
2413 1538 2478 1574 tri-

1399 1586 1529 1631 plicem
1553 1589 1588 1621 et
1611 1586 1892 1631 quadruplicem,
1924 1585 1997 1620 iam
2017 1588 2135 1620 autem
2162 1585 2269 1620 etiam
2293 1583 2480 1629 decuplam

1400 1631 1489 1672 fieri,
1523 1641 1604 1666 cum
1626 1630 1843 1667 Anastasius
1875 1630 1975 1666 divae
1997 1629 2186 1666 memoriae
2216 1629 2254 1664 in
2277 1631 2364 1675 typo
2395 1638 2418 1663 a
2439 1637 2481 1664 se

1402 1676 1546 1711 definito
1580 1676 1670 1711 nulli
1700 1676 1844 1721 penitus
1876 1675 1946 1711 alio
1978 1675 2113 1711 tributa
2142 1673 2357 1710 relaxaverit
2387 1673 2480 1708 citra

251 1722 407 1758 πλάσιον
439 1725 498 1757 καὶ
521 1721 798 1777 τετραπλασιον,
829 1720 897 1765 ἤδη
930 1719 971 1755 δὲ
999 1725 1059 1755 καὶ
1088 1719 1332 1756 δεκαπλάσιον
1344 1722 1386 1756 35
1400 1721 1496 1756 mille
1526 1723 1670 1756 centum
1702 1721 1896 1766 ergasteria
1926 1720 2174 1756 sanctissimae
2207 1718 2335 1755 maiori
2365 1717 2478 1754 eccle-

250 1769 443 1815 γενέσθαι·
477 1771 636 1814 καίτοιγε
657 1770 895 1801 Αναστασίου
914 1767 977 1801 τοῦ
995 1769 1056 1810 τῆς
1075 1767 1180 1801 θείας
1201 1764 1333 1809 λήξεως

251 1815 291 1848 ἐν
314 1815 369 1857 τῷ
401 1810 493 1857 παρ’
521 1810 631 1847 αὐτοῦ
663 1810 891 1858 διορισθέντι
921 1808 1026 1855 τύπῳ
1050 1809 1178 1856 μηδενὶ
1200 1823 1331 1846 παντε-

252 1857 321 1893 λῶς
356 1858 468 1906 ἑτέρῳ
505 1856 631 1892 δόντος
664 1854 829 1891 ἀτέλειαν
863 1855 963 1912 παρὰ
996 1854 1042 1891 τὰ
1099 1854 1172 1891 ίλια
1202 1854 1332 1890 ἑκατὸν

252 1901 473 1956 ἐργαστήρια
492 1903 538 1936 τὰ
561 1904 606 1949 τῇ
629 1899 815 1956 ἁγιωτάτῃ
840 1901 963 1948 μεγαλι
1001 1903 1062 1935 έκκ
1084 1904 1170 1945 ησίᾳ
1194 1897 1331 1947 προφά-

1401 1766 1476 1801 siae
1499 1765 1689 1801 occasione
1709 1766 1958 1802 defunctorum
1989 1764 2217 1810 exequiarum
2237 1763 2330 1799 data.
2375 1762 2478 1798 Ideo-

1401 1821 1470 1856 que
1501 1814 1536 1845 et
1563 1820 1630 1846 nos
1661 1810 1925 1856 aestimavimus
1951 1811 2159 1855 praecipere
2187 1808 2322 1845 nostris
2352 1806 2478 1844 iudici-

1401 1856 1469 1891 bus
1494 1859 1531 1892 et
1556 1866 1637 1891 011111
1660 1856 1710 1892 eis
1733 1856 1938 1892 beatissimo
1963 1855 2234 1900 archiepiscopo
2256 1853 2480 1890 felicissimae

252 1959 308 1982 σει
331 1959 394 1991 της
417 1960 496 1982 των
514 1945 773 1982 τελευτώντων
796 1950 896 1981 σσίας
916 1944 954 1980 δε
979 1948 1101 1991 ομένα.
1137 1944 1206 1980 Διὰ
1225 1947 1333 1980 τοῦτο
1346 1948 1389 1981 40

251 1996 311 2026 καὶ
335 1993 431 2037 ἡμεῖς
463 1991 638 2037 ᾠήθημεν
662 1993 855 2038 ἐπιτρέψαι
882 1994 956 2026 τοῖς
977 1989 1158 2038 ἡμετέροις
1188 1989 1333 2036 ἄρχουσι

250 2041 309 2072 καὶ
342 2036 414 2083 πρό
444 2050 486 2084 γε
518 2036 642 2072 αὐτῶν
672 2038 726 2081 τῷ
759 2036 1027 2082 μακαριωτάτῳ
1060 2035 1332 2083 ἀρχιεπισκόπῳ

241 2173 380 2206 *sacrae
414 2170 606 2206 memoriae
639 2181 794 2216 maqnae
829 2173 978 2205 nostrae
1012 2168 1112 2205 urbis
1147 2169 1254 2204 huius
1288 2167 1456 2204 conditor
1491 2179 1599 2214 quam
1626 2167 1843 2203 Anastasius
1876 2168 1964 2219 piae
1992 2166 2187 2203 memoriae
2218 2166 2482 2202 lecticariorum

251 2217 315 2262 qui
338 2219 515 2252 vocantur
545 2226 608 2250 seu
638 2215 855 2250 decanorum
886 2225 1072 2250 numerum
1100 2214 1139 2249 in
1170 2218 1305 2250 certam
1336 2224 1542 2249 mensuram
1571 2216 1749 2259 eoqerunt
1778 2211 2004 2258 definientes,
2038 2216 2079 2247 ut
2109 2211 2207 2247 mille
2237 2215 2379 2248 centum
2407 2211 2482 2247 sint

251 2261 378 2298 decani
407 2260 464 2297 vel
495 2261 668 2306 officinae
700 2261 862 2303 totidem,
901 2270 996 2306 quae
1026 2259 1168 2312 quidem
1200 2259 1301 2295 nullo
1328 2269 1498 2305 umquam
1530 2262 1691 2304 tempore
1720 2261 1950 2303 auqmentum
1982 2257 2188 2303 accipiant,
2234 2256 2298 2302 qui
2317 2267 2370 2304 pe
2399 2266 2481 2292 cum

252 2306 500 2342 constitutioni
522 2305 710 2341 Anastasii
737 2316 865 2341 sacrae
893 2315 1088 2340 memoriae
1118 2304 1225 2340 etiam
1256 2314 1426 2339 numerus
1458 2303 1744 2345 lecticariorum,
1779 2312 1873 2348 quos
1903 2310 1953 2338 ex
1976 2312 2196 2382 υνιοᾳυοᾳιιιιέ
2226 2300 2286 2382 call
2299 2301 2381 2355 egio
2395 2310 2483 2383 ποῇς

2083 2357 2119 2382 ιιι
2210 2356 2254 2382 co
2283 2356 2377 2393 equs

252 2351 454 2393 conveniat,
478 2351 658 2387 subiectus
679 2350 737 2393 sit,
767 2361 836 2386 nos
859 2349 1002 2396 quidem
1025 2349 1116 2386 baec
1135 2350 1245 2396 firma
1268 2359 1414 2385 manere
1437 2348 1611 2385 volumus.
1671 2346 1746 2383 Sed
1767 2346 1938 2383 adierunt
1958 2357 2026 2383 nos
2159 2393 2161 2395 Ι
2242 2395 2257 2427 t
2335 2394 2368 2428 te
2394 2391 2482 2428 m

2080 2401 2240 2428 ocuerun
2277 2401 2333 2438 po
2369 2402 2393 2427 n

250 2396 373 2442 felicis
401 2400 438 2431 et
457 2396 581 2442 reqiae
604 2395 711 2431 huius
734 2395 834 2431 urbis
857 2399 1017 2437 nostrae,
1075 2395 1113 2431 ui
1136 2405 1233 2441 prae
1256 2395 1384 2431 ceteris
1412 2392 1517 2429 nobis
1539 2403 1651 2429 curae
1680 2397 1777 2435 sunt,
1804 2395 1839 2428 et
1861 2395 2024 2428 nostram

252 2452 422 2488 maqnam
451 2451 517 2476 nec
548 2440 741 2486 ferendam
771 2440 931 2476 existere
962 2406 1223 2486 confasionem.
1282 2439 1555 2475 Sanctissimam
1579 2438 1672 2475 enim
1695 2437 1868 2473 maiorem
1891 2436 2078 2473 ecclesiam
2103 2437 2270 2489 fructum
2286 2436 2483 2484 percipere

253 2498 302 2522 ex
325 2486 421 2521 mille
446 2489 584 2521 centum
609 2485 771 2531 officinis
802 2486 847 2522 ab
873 2485 970 2521 omni
1001 2485 1135 2521 tributo
1160 2485 1294 2527 liberis,
1326 2495 1420 2531 quas
1442 2494 1521 2520 sese
1544 2482 1786 2519 lubentissime
1809 2483 1843 2518 ei
1865 2482 1965 2525 dare,
1997 2492 2170 2528 quomam
2201 2481 2251 2516 ad
2277 2490 2482 2518 communes

254 2531 411 2566 omnium
435 2530 618 2566 hominum
648 2531 826 2576 exequias
849 2541 908 2567 res
925 2530 1136 2577 pertineat;
1164 2540 1279 2576 neque
1304 2533 1423 2565 tamen
1452 2528 1596 2575 reliqua
1626 2539 1665 2564 se
1685 2538 1797 2564 onera
1825 2528 1929 2574 ferre
1950 2538 2070 2574 posse.
2127 2525 2222 2562 Nam
2246 2537 2326 2562 cum
2348 2526 2483 2562 multae

252 2576 327 2611 sint
348 2576 387 2610 in
411 2575 479 2610 hac
501 2575 605 2620 felici
635 2574 724 2610 urbe
756 2586 777 2610 o
797 2576 931 2621 ficinae
962 2575 1166 2611 commercii
1196 2578 1232 2611 et
1261 2574 1399 2622 neqotii
1421 2573 1566 2616 diversi,
1590 2583 1664 2609 non
1686 2572 1772 2608 illas
1793 2572 1910 2614 solas,
1941 2571 2038 2608 mille
2060 2575 2201 2608 centum
2223 2571 2375 2608 dicimus
2397 2570 2482 2618 οῇῑ-

254 2621 367 2662 cinas,
398 2624 588 2666 exemptas
610 2631 687 2656 esse
710 2631 733 2655 a
781 2620 864 2656 ictis
884 2620 1103 2663 muneribus,
1134 2619 1199 2656 sed
1220 2621 1329 2656 etiam
1352 2619 1486 2655 multas
1507 2618 1757 2654 sanctissimas
1779 2618 1962 2659 ecclesias,
1993 2616 2108 2652 multa
2130 2627 2239 2652 sacra
2263 2616 2423 2670 hospitia
2445 2618 2482 2653 ct

253 2666 480 2700 monasteria.
504 2670 540 2699 et
570 2664 663 2699 alias
693 2675 820 2700 sacras
850 2664 992 2707 domos,
1025 2670 1135 2711 atque
1165 2676 1290 2701 earum
1320 2664 1519 2700 nonnullas
1550 2673 1644 2709 quae
1667 2663 1780 2711 prius
1808 2662 2072 2698 haereticorum
2094 2661 2249 2708 fuerint,
2283 2660 2412 2697 demde
2433 2659 2483 2696 ad

255 2709 501 2746 orthodoxam
516 2709 626 2754 fidem
647 2710 847 2745 translatae
865 2710 950 2752 sint,
972 2715 1165 2757 praeterea
1180 2710 1314 2746 multas
1336 2709 1544 2756 imperiales
1567 2708 1695 2744 domos
1714 2711 1751 2744 et
1767 2708 1917 2754 insuper
1935 2711 1973 2743 et
1990 2707 2269 2754 maqistratuum
2290 2710 2330 2742 ct
2340 2709 2482 2742 senato-

253 2766 334 2790 rum
357 2758 393 2789 et
414 2753 608 2789 illustrium
632 2757 668 2789 et
690 2754 995 2790 cubiculariorum
1018 2759 1208 2808 exemptas
1229 2766 1307 2791 esse
1329 2766 1352 2790 a
1377 2754 1532 2797 tributis,
1565 2764 1610 2789 ac
1633 2753 1798 2789 dominos
1821 2763 1946 2788 earum
1969 2751 2038 2788 sibi
2061 2751 2145 2787 inde
2161 2762 2305 2798 parare
2327 2751 2482 2787 reditum

253 2803 290 2836 et
308 2798 563 2845 rempublicam
587 2798 719 2834 damno
741 2799 902 2844 afficere,
926 2810 1005 2835 cum
1025 2800 1253 2836 multitudine
1271 2799 1539 2846 exemptionum
1559 2809 1619 2835 res
1643 2799 1682 2833 in
1702 2801 1895 2844 anqustum
1914 2795 2173 2834 contrahatur:
2215 2799 2256 2832 ut
2268 2793 2481 2844 paucissimi

253 2845 338 2886 sint,
370 2844 434 2890 qui
464 2854 615 2878 munera
673 2849 833 2879 raestent
862 2844 918 2879 vel
947 2851 1146 2890 graventur
1176 2845 1394 2887 muneribus,
1426 2847 1462 2880 et
1489 2843 1626 2891 priora
1658 2842 1794 2879 tributa
1816 2853 1927 2890 saepe
1952 2841 2113 2888 triplicia
2145 2851 2189 2877 ac
2211 2838 2470 2888 quadruplicia

254 2890 343 2937 quin
374 2889 483 2940 etiam
513 2888 627 2935 decup
644 2900 667 2940 a
694 2889 807 2933 fiant:
836 2900 1070 2968 Juamquam
1103 2890 1321 2926 Anastasius
1349 2899 1479 2925 sacrae
1508 2888 1701 2924 memoriae
1731 2888 1770 2923 in
1799 2887 1988 2923 sanctione
2018 2887 2063 2923 ab
2095 2897 2137 2922 eo
2170 2886 2368 2922 constituta
2390 2895 2442 2922 nu
2474 2883 2484 2893 ‘

254 2934 399 2971 omnino
423 2933 490 2968 alti
510 2934 768 2969 immunitatem
791 2933 836 2969 de
861 2935 933 2970 erit
952 2938 1101 2980 praeter
1125 2935 1222 2971 mille
1245 2939 1386 2971 centum
1411 2934 1585 2980 officinas
1607 2932 1857 2969 sanctissimae
1879 2932 2011 2967 maiori
2034 2931 2205 2968 ecclesiae
2229 2931 2374 2967 nominc
2394 2939 2479 2966 cxc-
2547 2950 2552 2970 ς

255 2980 424 3026 quiarum
448 2977 703 3024 defunctorum
728 2978 929 3014 attributas.
990 2978 1195 3026 Propterea
1218 2991 1286 3015 nos
1315 2990 1458 3026 quoque
1481 2978 1755 3025 maqistratibus
1786 2977 1922 3014 nostris
1951 2981 2061 3023 atque
2088 2979 2174 3012 ante
2196 2986 2258 3012 eos
2279 2975 2482 3012 beatissimo

308 3115 328 3148 2
349 3111 579 3146 Ἀναστάσιος
602 3113 680 3153 (vid.
700 3123 769 3144 nov.
786 3112 879 3144 LIX
885 3114 964 3154 pr.)]
990 3114 1032 3155 cs.
1059 3114 1136 3147 Cod.
1153 3115 1182 3155 1,
1203 3121 1231 3155 2,
1244 3121 1278 3148 18
1304 3121 1333 3147 et

255 3171 339 3202 quae
364 3160 406 3192 ib.
432 3165 462 3191 et
488 3157 681 3198 Cod.11‚1s
707 3157 877 3190 adnotavit
899 3157 1050 3200 Krueqer
1078 3157 1090 3199 11
1119 3159 1138 3191 3
1163 3155 1242 3199 τὸν]
1265 3155 1332 3200 τὴν

255 3204 304 3238 L¹
322 3204 335 3247 11
350 3205 372 3237 4
390 3199 554 3248 ἀριθμὸν
573 3203 814 3247 περιέστησαν
832 3202 1077 3243 (περιέστησεν
1091 3203 1134 3243 L)
1155 3201 1202 3235 εἰς
1217 3204 1255 3235 ἓν
1273 3204 1332 3246 με’-

253 3248 440 3328 {maisi}
451 3257 639 3334 ]“ἓῖἓ“ῗῖ·,ῗ’
655 3246 1147 3334 322⁵31201J¹⁰355¹23i3¹2222¹3¹ff
1166 3244 1333 3325 ῗᾹΙτῖιῗζὰ

254 3342 389 3382 βεβαία
408 3305 467 3381 ΕςΙΙ
490 3339 530 3372 14
552 3332 714 3383 ταραχήν
737 3336 807 3376 Μς]
832 3332 943 3382 ἀρχὴν
966 3336 998 3368 L
1014 3335 1026 3380 11
1049 3338 1087 3370 15
1113 3303 1334 3382 ἀργαστήριΖ

254 3386 312 3426 (id.
325 3398 354 3417 v.
369 3385 425 3425 22)
438 3384 470 3417 L
485 3382 498 3423 11
525 3384 568 3418 22
581 3377 797 3430 ἐργαστήρια
817 3393 874 3414 om.
886 3391 905 3416 ς
928 3380 940 3424 11
965 3381 1006 3414 25
1021 3379 1158 3426 ἑτέρους
1177 3393 1235 3414 om.
1250 3381 1299 3413 La
1322 3379 1335 3425 11

256 3432 299 3463 26
325 3426 521 3475 αἱρετικοῦς
544 3426 662 3469 ὄντας]
695 3426 877 3460 haereticos
899 3425 1068 3458 introduci
1093 3437 1112 3461 ς
1138 3425 1150 3470 11
1179 3437 1333 3468 μετανα-

255 3471 410 3507 στάντας
435 3474 466 3507 L
495 3473 508 3517 11
538 3475 581 3508 33
604 3470 683 3515 ἢτοι
707 3469 789 3505 τοὺς
814 3471 873 3512 Μ]
904 3472 964 3503 καὶ
989 3471 1020 3503 L
1041 3470 1090 3502 ita
1113 3481 1133 3506 ς
1158 3468 1174 3525 11
1202 3472 1244 3504 34
1268 3467 1334 3512 τὴν

255 3517 479 3564 λειτουργίαν
503 3519 534 3551 L
553 3517 566 3563 11
588 3520 630 3553 38
654 3517 785 3564 ἑτέροις
807 3517 839 3549 L
866 3515 878 3559 11
899 3517 942 3550 42
967 3512 1038 3561 πρό
1060 3526 1102 3561 γε
1126 3514 1249 3548 αυτῶν
1273 3514 1332 3555 Μ]

255 3562 372 3642 Ξτρόςίγ
365 3576 406 3609 γε
429 3560 554 3642 αιὶῧτῶν
580 3564 609 3596 L
641 3574 715 3596 cum
740 3563 787 3596 eis
812 3573 831 3598 ς’
866 3558 955 3607 πρός
977 3573 1018 3606 γε
1043 3556 1142 3602 αὐτῷ
1168 3572 1234 3593 cum
1262 3560 1334 3592 Ha-

269 3622 329 3642 oan
373 3622 391 3642 ο
412 3622 452 3643 vu
465 3623 498 3653 q.

1449 3114 1464 3147 1
1491 3112 1639 3146 ciuitatis
1659 3113 1737 3153 VT]
1761 3111 1863 3144 huius
1882 3111 2031 3144 ciuitatis
2049 3110 2153 3144 Neob.
2169 3109 2181 3153 11
2200 3110 2221 3143 2
2245 3107 2399 3142 letitiarii
2418 3107 2455 3142 V

1401 3159 1420 3191 3
1445 3167 1600 3191 mensura
1621 3158 1710 3201 vulq.
1737 3159 1749 3198 11
1779 3159 1801 3191 4
1825 3158 1997 3198 ergastena
2017 3155 2052 3188 V
2074 3154 2087 3199 11
2115 3156 2135 3188 5
2158 3153 2358 3197 susciperint
2386 3153 2442 3187 V·

1401 3206 1420 3237 6
1446 3203 1695 3246 dispositionem
1717 3201 1774 3244 Vl]
1791 3202 1811 3236 8
1832 3200 2068 3234 letitiariornm
2089 3202 2122 3232 et
2141 3209 2202 3232 nos
2222 3198 2278 3243 Vn
2294 3198 2482 3241 firmalnm

1409 3247 1466 3289 Vll
1487 3249 1508 3282 9
1524 3246 1743 3292 ‚colligiorum
1759 3245 1816 3290 Vfl
1843 3248 1883 3280 15
1907 3245 2000 3278 daret
2024 3245 2112 3278 enim
2135 3255 2174 3278 eo
2194 3243 2252 3288 Vn
2275 3251 2480 3279 communen

1410 3291 1472 3325 VT
1487 3292 1499 3335 11
1530 3294 1569 3327 16
1594 3293 1702 3333 causa]
1727 3301 1799 3325 eam
1820 3291 1854 3325 V
1868 3291 1881 3334 11
1915 3292 1953 3324 17
1975 3299 2069 3333 posse
2088 3290 2188 3333 vulq]
2212 3289 2339 3332 possint
2363 3288 2440 3322 libri

1404 3338 1444 3370 18
1469 3336 1745 3370 existententibus
1775 3336 1811 3371 V
1838 3334 1851 3380 11
1888 3337 1931 3369 20
1960 3334 2129 3378 praedicta
2152 3334 2325 3367 functione
2347 3333 2432 3376 valy.

1403 3382 1444 3414 22
1467 3391 1631 3415 xeneones
1663 3382 1806 3416 VNeob.
1843 3382 1855 3424 11
1894 3381 1936 3414 24
1959 3379 2130 3413 introduci
2163 3379 2208 3419 V]
2243 3377 2427 3411 introducti

1404 3426 1505 3459 Neob.
1525 3426 1538 3467 11
1560 3428 1600 3460 27
1619 3427 1737 3459 harum
1749 3426 1806 3460 vul
1830 3424 1866 3470 ,11
1884 3425 2036 3458 dominus
2057 3423 2114 3468 Vn
2130 3425 2172 3459 28
2193 3423 2316 3456 reditas
2337 3423 2382 3464 V]
2405 3418 2481 3455 rod·

1403 3470 1492 3502 ditus
1514 3471 1547 3503 T
1565 3470 1577 3515 11
1608 3472 1651 3505 29
1676 3439 1894 3505 οοῃοίῐιὲαῐιιι·
1915 3471 1962 3511 V]
1992 3469 2205 3503 concluditur
2228 3469 2331 3502 Neob.
2367 3464 2480 3500 exclu-

1403 3513 1495 3547 ditur
1511 3515 1544 3548 T
1558 3515 1569 3555 11
1594 3517 1636 3550 30
1659 3519 1700 3550 ut
1718 3516 1817 3559 pauci
1837 3516 1905 3548 sint
1927 3515 2013 3559 vuly.
2030 3514 2043 3559 11
2062 3515 2102 3548 31
2123 3513 2260 3556 gratiati
2282 3513 2336 3554 1711
2355 3513 2397 3546 32
2421 3511 2480 3543 aue

1411 3559 1445 3592 V
1460 3558 1473 3603 11
1499 3559 1601 3593 etiam
1618 3561 1770 3601 TNeob.]
1797 3562 1829 3594 et
1849 3561 1884 3594 V
1897 3559 1912 3604 11
1937 3559 2123 3602 deoluplam
2144 3559 2198 3591 Va
2219 3558 2232 3601 11
2261 3558 2303 3591 33
2322 3559 2396 3600 tyro
2417 3551 2479 3598 Vfl

1404 3605 1446 3637 34
1469 3603 1597 3637 tributo
1627 3606 1655 3637 V
1683 3605 1696 3649 11
1723 3606 1765 3640 35
1790 3605 1953 3638 *maioris
1977 3605 2056 3638 libri
2083 3603 2097 3647 11
2127 3604 2169 3637 36
2194 3602 2425 3635 defunctorum
2447 3599 2480 3631 et

1404 3649 1615 3689 exequiarum
1639 3650 1673 3683 V
