2476 3854
121 62 228 108 Nov.
259 63 443 108 CXXIII
471 66 497 106 6

119 173 355 218 ποδίζωνται.
394 176 441 210 Εἰ
455 177 579 220 μέντοι
595 174 792 218 ἐκκλησίαις
810 170 834 217 ἢ
848 176 1101 218 μοναστηρίοις
1117 172 1200 218 κτή-

119 232 191 255 σεις
213 221 308 256 τινὲς
331 225 591 267 παρακείμεναι
615 217 810 266 εὑρεθεῖεν,
841 222 902 253 καὶ
924 218 1142 262 βουληθεῖεν
1165 217 1203 254 οἷ

120 263 298 308 διοικηταὶ
328 267 406 300 τῶν
430 262 552 299 αὐτῶν
583 263 724 311 εἰάγῶν
754 264 865 298 οἴκων
896 264 943 298 εἰς
965 263 1156 308 μίσθωσιν
1177 262 1200 307 ἢ

120 311 339 356 ἐμφύτευσιν
366 309 500 344 ταύτας
529 308 666 353 λαβεῖν,
705 309 907 353 τηνικαῦτα
938 306 1093 344 πάντων
1122 310 1201 343 τῶν

119 355 298 401 κληρικῶν
319 358 378 389 καὶ
394 357 472 389 τῶν
489 356 662 399 μοναχῶν
678 352 769 399 ὑπὲρ
786 356 862 388 τῶν
877 351 1057 388 τοιούτων
1073 354 1202 389 αἰτιῶν

120 399 142 444 ἢ
167 403 206 434 ἐν
231 398 330 443 αὐτῷ
357 401 407 442 τῷ
433 399 639 443 συμβολαίῳ
670 397 693 443 ἢ
717 401 778 435 ἐπὶ
802 399 965 444 πράξεως
987 397 1202 444 ὑπομνημά-

119 458 196 479 των
227 448 286 479 καὶ
320 446 593 479 συναινούντων
624 448 684 478 καὶ
715 443 985 491 φανερούντων,
1017 442 1108 490 ὑπὲρ
1137 445 1202 479 τοῦ

120 493 361 535 συμφέροντος
384 492 457 523 τοῖς
480 486 646 536 εύαγέσιν
669 490 777 524 οἴκοις
799 490 905 524 τοῦτο
924 490 1110 536 γίνεσθαι,
1133 489 1203 533 τὴν

120 535 292 577 τοιαύτην
323 534 515 578 μίσθωσιν
546 538 607 569 καὶ
631 535 848 589 ἐμφύτευσιν
879 537 1043 580 προϊέναι
1067 546 1203 581 συγχω-

1197 60 1279 108 600

1958 78 2020 109 DE
2049 76 2348 113 SANGTISSIMIS

1269 176 1305 210 et
1327 182 1432 210 sacra
1454 173 1651 210 ministeria
1673 174 1924 219 impediantur.
1973 175 2010 212 Si
2037 179 2156 212 autem
2188 178 2348 215 ecclesiis

1269 221 1334 254 aut
1356 218 1580 255 monasteriis
1603 219 1847 265 possessiones
1872 220 2046 264 quaedam
2068 221 2271 259 adiacentes
2293 224 2347 259 in-

1269 264 1469 307 veniantur,
1493 266 1530 300 et
1543 264 1718 301 voluerint
1741 264 2004 310 dispensatores
2026 266 2186 312 ipsarum
2201 277 2348 304 venera-

1269 309 1392 344 bilium
1423 308 1590 345 domuum
1618 310 1658 347 in
1687 309 1961 346 conductionem
1995 315 2059 346 aut
2093 312 2197 357 emph
2221 313 2348 349 teosim

1238 358 1256 390 5
1270 354 1335 390 has
1359 353 1535 407 accipere,
1558 356 1645 391 tunc
1666 355 1829 391 omnibus
1855 355 1994 392 clericis
2017 359 2054 391 et
2072 367 2200 392 monac
2229 357 2257 393 ‘s
2281 368 2348 402 pro

1270 399 1326 434 his
1350 408 1470 435 caums
1492 399 1531 434 in
1553 400 1631 452 ipso
1651 400 1887 436 instrumento
1919 401 1986 436 sub
2009 402 2118 446 gestis
2142 412 2348 438 monumen-

1270 447 1387 479 torum
1412 444 1714 481 consentientibus
1744 448 1780 482 et
1802 445 2132 490 manifestantibus,
2164 457 2230 493 pro
2252 447 2350 483 utili-

1270 492 1345 524 tate
1367 489 1619 525 venerabilium
1649 490 1818 526 domuum
1846 491 1915 526 hoc
1938 490 2033 533 fieri,
2061 491 2171 527 talem
2194 492 2349 528 conduc-

1270 534 1401 569 tionem
1417 537 1453 569 et
1469 535 1724 588 emphyteosim
1747 535 1939 589 procedere
1955 535 2112 571 sinimus.
2155 537 2226 572 Sed
2242 537 2350 573 etiam

120 582 261 624 ροῦμεν.
299 576 403 612 Ἀλλὰ
428 582 488 613 καὶ
514 577 637 614 αὐταῖς
659 582 737 614 ταῖς
761 594 783 612 α
810 580 982 614 ιωτάταις
1005 578 1203 622 ἐκκλησίαις
1218 582 1257 615 10
1269 579 1357 624 ipsis
1373 579 1606 615 sanctissimis
1626 580 1784 616 ecclesiis
1803 584 1840 616 et
1859 581 1938 616 aliis
1956 581 2219 618 venerabilibus
2238 582 2350 618 domi-

119 628 178 658 καὶ
202 627 274 658 τοῖς
297 623 416 658 ἄλλοις
440 628 583 659 σεπτοῖς
607 625 713 659 οἴκοις
736 623 773 659 δί
796 638 883 668 ομεν
906 623 1035 659 ἄδειαν
1057 625 1203 669 μισθώ-

120 680 190 702 σεις
220 673 280 702 καὶ
304 670 534 714 ἐμφυτεύσεις
565 669 654 715 πρὸς
684 666 854 713 ἀλλήλους
881 673 1008 712 ποιεῖν,
1039 672 1100 704 καὶ
1130 671 1203 704 τοῖς

119 714 292 758 κληρικοῖς
323 710 457 759 ὁμοίως
487 717 566 749 τῶν
589 716 732 750 οἰκείων
757 714 955 759 ἐκκλησιῶν
977 716 1042 749 τὰς
1064 713 1203 758 κτήσεις

118 759 354 803 μισθοῦσθαι
384 762 443 793 καὶ
477 757 625 795 διοικεῖν
651 760 789 814 (γνώμῃ
813 763 938 805 με’ντοι
968 762 1032 794 τοῦ
1059 759 1202 794 ἐπισκό-

1272 625 1338 659 bus
1374 624 1500 660 damus
1534 624 1711 661 licentiam
1747 625 2001 661 conductiones
2041 629 2077 662 et
2110 626 2349 672 emphyteosis

1269 669 1389 705 facere
1420 669 1467 705 ad
1495 669 1663 715 invicem,
1699 674 1735 706 et
1765 669 1902 706 clericis
1934 670 2094 707 similiter
2123 672 2351 718 propriarum

1271 714 1503 750 ecclesiarum
1519 715 1765 760 possessiones
1782 715 1981 751 conducere
1995 719 2031 751 et
2041 717 2240 761 gubernare
2255 721 2351 759 (cum

1272 760 1456 795 voluntate
1486 763 1606 795 tamen
1628 760 1790 805 episcopi
1821 764 1856 795 et
1879 763 2075 804 oeconomi)
2105 761 2350 807 permittimus,

119 817 188 838 που
211 806 352 839 καὶτοῦ
368 804 572 860 οἰκονόμρυ)
597 817 876 860 συγχωρουμενζ
885 805 1111 853 ἐξῃρημένων
1126 806 1204 839 τῶν
1218 807 1256 839 15
1271 805 1429 849 exceptis
1460 805 1623 849 personis
1654 815 1744 849 quas
1775 815 1838 850 per
1869 805 1975 841 aliam
2005 806 2117 850 legem
2139 808 2208 843 hoc
2230 806 2351 843 facere

119 846 334 894 προςώπων,
352 847 462 884 ἅτινα
479 850 515 884 ὸι
544 851 666 896 ἑτέρου
682 863 796 895 νομου
813 863 922 885 τουτο
938 854 1057 885 ποιεῖν
1073 849 1203 884 ἐκωλύ-

118 906 243 938 σαμεν.
290 895 341 928 Εἰ
365 892 407 928 δέ
426 906 481 929 τις
503 894 604 941 παρὰ
635 895 682 930 τὰ
713 897 880 943 εἰρημένα
910 909 947 931 τι
976 895 1135 939 ποιήσει,
1173 895 1204 928 εἰ

118 941 186 984 μὲν
217 942 411 975 ἐπίσκοπος
446 941 509 983 εἴη,
545 940 670 975 πάντα
702 938 813 975 αὐτοῦ
849 940 896 975 τοὶ
929 941 1127 996 πραγματα
1157 939 1204 974 τὰ

119 985 158 1024 ἐξ
181 982 395 1038 οἱαςδήποτε
426 986 542 1040 αἰτίας
573 983 596 1029 ἢ
620 986 810 1031 προςώπου
841 986 912 1020 εἴτε
935 999 1006 1031 προ
1038 986 1102 1029 τῆς
1128 986 1204 1020 ἐπι-

1270 849 1528 895 prohibuimus.
1576 850 1615 885 Si
1645 850 1725 894 quis
1757 853 1876 885 autem
1906 854 2032 886 contra
2062 861 2105 886 ea
2134 861 2225 895 quae
2256 851 2352 888 dicta

1271 898 1356 930 sunt
1377 894 1512 940 aliquid
1535 894 1672 937 fecerit,
1696 895 1728 930 si
1751 895 1893 939 quidem
1917 895 2107 941 episcopus
2130 896 2250 940 fuerit,
2276 907 2351 934 om-

1270 950 1334 976 nes
1358 940 1433 975 eius
1457 949 1514 976 res
1537 949 1581 975 ex
1604 939 1763 985 qualibet
1786 949 1896 976 causa
1915 941 1970 976 vel
1993 951 2147 985 persona
2172 941 2246 979 sive
2268 945 2352 979 ante

1272 986 1518 1030 episcopatum
1549 985 1733 1037 sive-post
1762 985 1852 1021 haec
1883 985 1929 1020 ad
1960 995 2041 1021 eum
2064 987 2245 1023 venientes
2273 987 2351 1023 eius

120 1031 254 1072 σκοπῆς
286 1031 359 1064 εἰτε
389 1043 480 1074 μετα
509 1033 626 1065 ταῦτα
657 1031 705 1066 εἰς
736 1028 850 1065 αύτόν
881 1028 1129 1077 περιελθόντα
1159 1031 1205 1076 τῇ
1218 1032 1259 1065 20
1272 1031 1446 1066 ecclesiae
1468 1030 1640 1066 vindicari
1658 1031 1849 1066 sancimus.
1888 1030 1926 1066 Si
1941 1034 2062 1066 autem
2081 1032 2266 1068 oeconomi
2287 1034 2352 1068 aut

119 1074 287 1118 ἐκκλησία
320 1071 430 1109 αὐτοῦ
462 1073 687 1110 ἑκδικεῖσθαι
716 1075 958 1120 θεσπίζομεν·
995 1076 1026 1109 εἰ
1050 1074 1090 1110 δὲ
1112 1075 1204 1110 οἰκο-

119 1118 224 1165 νόμοι
249 1118 271 1163 ἢ
293 1118 396 1154 ἄλλοι
419 1119 577 1168 κληρικοὶ
601 1120 672 1156 εἷεν
695 1121 732 1155 οἱ
747 1122 856 1156 τοῦτο
877 1119 1203 1166 πλημμελήσαντες,

119 1165 252 1208 ποινὴν
276 1162 405 1199 αὐτοὺς
425 1166 650 1211 χρηματικὴν
677 1163 724 1210 ἢν
748 1164 795 1201 ἂν
818 1163 838 1200 ὁ
864 1168 1056 1202 ἐπίσκοπος
1081 1162 1203 1200 αὐτῶν

121 1210 323 1255 δοκιμάσειε
354 1210 636 1259 εἰςπράττεσθαι
665 1213 709 1254 τῆ
734 1210 900 1255 ἐκκλησίᾳ
925 1209 1203 1267 ἐκδικηθησοέιιέ-

119 1267 204 1299 νην·
243 1253 359 1290 ὁπότε
381 1259 442 1290 καὶ
465 1255 503 1291 οἱ
522 1255 591 1300 τὴν
612 1260 677 1301 μίσ
712 1269 804 1291 ωσιν
827 1258 904 1292 τῶν
927 1255 1044 1291 τελῶν

121 1300 256 1345 δήποτε
279 1301 435 1344 κτήσεως
466 1299 489 1345 ἢ
513 1299 698 1347 δημοσίων
723 1301 851 1349 φόρων
874 1301 1025 1348 ἕκληψιν
1051 1298 1075 1344 ἢ
1098 1297 1203 1336 ἀπαί-

120 1358 228 1402 τησιν
242 1343 265 1390 ἢ
282 1345 460 1401 φροντίδα
475 1346 572 1381 οἴκου
586 1344 706 1382 αὐτοῖς
723 1346 981 1382 πιστεύσαντες
996 1344 1019 1390 ἢ
1035 1346 1205 1393 ἐγγυητὰς

122 1403 250 1425 αυτους
281 1393 371 1437 νπὲρ
400 1392 826 1447 ἵῶνημνημονευθεισὶιῦν
857 1393 988 1427 αἰτιῶν
1017 1390 1206 1436 δεξάμενοι

119 1434 299 1490 μηδεμίαν
330 1450 422 1471 κατα
453 1449 514 1480 της
544 1437 729 1481 ἐκκλησίας
759 1451 781 1481 η
812 1438 877 1472 τοῦ
906 1441 1151 1493 μοναστηρίου
1182 1433 1205 1479 ἢ

1274 1076 1395 1111 clerici
1418 1076 1479 1111 alii
1501 1075 1635 1110 fuerint
1656 1075 1726 1111 hoc
1749 1075 2004 1120 delinquentes,
2029 1086 2180 1121 poenam
2203 1086 2264 1113 eos
2287 1086 2351 1123 pe-

1273 1121 1467 1157 cuniariam
1499 1120 1639 1165 qualem
1662 1121 1852 1166 episcopus
1884 1130 2006 1156 eorum
2033 1122 2237 1166 probaverit
2259 1122 2352 1167 exigi

1272 1161 1444 1202 ecclesiae
1466 1166 1728 1202 vindicandam:
1762 1176 1843 1201 cum
1866 1166 1973 1201 etiam
1996 1167 2058 1211 qui
2081 1167 2353 1204 conductionem

1271 1211 1492 1247 teloneorum
1523 1214 1587 1246 aut
1612 1211 1801 1247 cuiuslibet
1830 1211 2067 1255 possessionis
2098 1215 2162 1247 aut
2191 1213 2353 1258 publica-

1067 1253 1090 1299 ἢ
1113 1267 1202 1290 otas-
1218 1258 1258 1290 25
1272 1267 1350 1292 rum
1382 1256 1612 1292 collationum
1644 1256 1911 1301 perceptionem
1944 1260 2009 1291 aut
2038 1258 2259 1293 exactionem
2289 1261 2354 1294 aut

1273 1302 1545 1344 sollicitudinem
1570 1302 1695 1337 domus
1719 1301 1808 1337 haec
1832 1301 2018 1337 credentes
2042 1305 2107 1337 aut
2126 1302 2352 1339 fideiussores

1273 1357 1333 1383 eos
1358 1357 1423 1392 pro
1439 1347 1642 1382 memoratis
1666 1346 1783 1382 causis
1807 1346 2044 1391 suscipientes
2067 1347 2202 1383 nullam
2227 1350 2353 1384 contra

1273 1391 1458 1428 ecclesiam
1490 1394 1554 1427 aut
1576 1392 1829 1428 monasterium
1862 1396 1926 1427 aut
1948 1401 2005 1428 res
2029 1392 2105 1428 eius
2136 1397 2200 1429 aut
2222 1393 2351 1447 guber-

1272 1437 1444 1479 nantium,
1469 1439 1535 1472 aut
1551 1441 1675 1473 contra
1698 1437 1777 1473 illas
1824 1446 1970 1473 ersonas
1994 1437 2122 1482 quibus
2138 1438 2354 1475 crediderint

120 1496 198 1535 ugv
221 1483 449 1535 πραγμάτων
475 1481 583 1517 αὐτοῦ
615 1481 638 1526 ἢ
663 1481 879 1537 ὃιοικητῶνζ
898 1497 920 1526 η
945 1480 1028 1517 κατ’
1056 1485 1205 1517 ἐκείνων
1218 1484 1259 1517 30
1273 1485 1336 1518 aut
1360 1485 1486 1518 contra
1508 1482 1699 1518 facultates
1723 1484 1787 1518 aut
1828 1482 2028 1518 deiussores
2053 1493 2177 1519 eorum
2197 1484 2354 1520 habeant

120 1540 198 1561 των
228 1538 444 1572 πρυςωπων,
478 1527 529 1562 οἷς
557 1527 825 1571 πιστεύσουσιν,
857 1542 879 1572 η
909 1527 1002 1562 κατοὶ
1038 1528 1116 1562 τῶν
1146 1524 1205 1562 ού-

121 1573 213 1606 σιῶν
236 1568 258 1615 ἢ
283 1573 466 1618 ἐγγυητῶν
498 1569 622 1608 αὐτῶν
652 1575 834 1616 ἐχέτωσαν
864 1570 1022 1620 ἀγωγήν.
1076 1574 1205 1607 ἐκεῖνοι

121 1615 161 1651 δὲ
190 1617 317 1652 οἵτινες
348 1615 535 1671 δημοσίων
565 1618 780 1653 συντελειῶν
811 1616 834 1661 ἢ
855 1617 973 1653 τελῶν
1000 1616 1151 1664 ἑκληψιν
1182 1615 1204 1661 ἢ

119 1662 311 1707 μίσθωσιν
333 1661 357 1706 ἢ
380 1666 580 1707 απαίτησιν
601 1667 684 1719 τοῖςἶ
697 1664 982 1708 μνημονευθεῖσι
1005 1661 1206 1709 προςιόποις

1273 1528 1459 1564 actionem.
1506 1528 1565 1563 Illi
1588 1538 1670 1564 vero
1702 1528 1763 1572 qui
1786 1528 2011 1573 publicarum
2035 1528 2264 1565 collationum
2290 1532 2354 1564 aut

1273 1573 1488 1608 tributorum
1519 1574 1783 1618 susceptionem
1813 1576 1878 1608 aut
1901 1573 2175 1609 conductionem
2205 1578 2268 1610 aut
2292 1584 2352 1610 ex-

1273 1619 1449 1654 actionem
1484 1618 1689 1655 memoratis
1724 1618 1886 1664 personis
1923 1618 2139 1655 crediderint
2171 1620 2236 1655 aut
2267 1619 2354 1655 fide·

1273 1664 1430 1699 iussores
1466 1673 1528 1700 eos
1563 1664 1782 1709 acceperint,
1819 1663 1850 1700 si
1881 1663 1977 1708 quod
2006 1664 2150 1709 publico
2185 1664 2354 1700 damnum

120 1706 377 1743 πιστεύσουσιν
400 1706 423 1751 ἢ
446 1708 618 1755 ἐγγυητὰς
641 1709 772 1743 αυτούς
795 1708 970 1752 δέξαιντο,
1003 1708 1039 1742 εἴ
1067 1719 1120 1744 τις
1150 1709 1205 1751 τῷ
1217 1711 1259 1745 35
1274 1709 1474 1754 contingat,
1505 1709 1574 1745 hoc
1597 1719 1641 1745 ex
1663 1709 1810 1755 propria
1839 1708 2014 1745 facultate
2043 1710 2234 1747 restituere
2257 1719 2352 1746 oom-

121 1751 281 1797 δημοσίῳ
306 1755 417 1798 ζημία
440 1757 616 1798 συμβαίη,
648 1752 788 1798 ταύτην
816 1756 856 1788 ἐκ
879 1756 942 1798 τῆς
965 1754 1095 1788 οἰκείας
1116 1749 1205 1788 ὑπο·

120 1796 283 1833 στάσεως
305 1797 611 1843 ἀποκαταστῆσαι
635 1796 996 1846 ἀναγκασθήσονται.

1273 1754 1466 1800 pelluntur.

119 1934 204 1971 vina
225 1933 427 1969 ministeria
449 1933 701 1979 impediantur.
749 1932 793 1969 Si
821 1944 915 1979 quae
946 1943 1029 1980 cero
1061 1932 1220 1969 ecclesiis
1251 1933 1308 1970 vel
1336 1933 1566 1970 monasteriis
1587 1933 1835 1981 possessiones
1858 1934 2018 1979 confines
2038 1934 2279 1978 inveniantur,
2310 1946 2355 1973 ac

119 1979 230 2016 velint
252 1978 567 2014 administratores
590 1977 784 2014 earundem
809 1977 1065 2014 venerabilium
1089 1977 1259 2013 domuum
1281 1979 1319 2013 in
1336 1978 1610 2014 conductionem
1633 1978 1689 2015 vel
1711 1979 1960 2026 emphyteusin
1983 1990 2046 2016 eas
2069 1981 2245 2027 accipere,
2270 1985 2356 2018 tunc

119 2023 284 2060 omnibus
307 2023 447 2059 clericis
470 2027 506 2059 et
529 2023 716 2070 monachis
737 2034 809 2070 pro
835 2023 967 2059 talibus
991 2023 1111 2059 causis
1142 2023 1200 2059 vel
1217 2025 1263 2059 in
1287 2024 1302 2059 i
1325 2034 1367 2059 so
1391 2024 1627 2060 instrumento
1660 2023 1716 2060 vel
1739 2035 1813 2070 per
1835 2028 2000 2061 actorum
2032 2025 2296 2105 conlectionem
2319 2029 2355 2063 et

119 2069 423 2105 consentientibus
452 2072 487 2105 et
514 2079 585 2114 pro
617 2068 773 2104 utilitate
803 2068 1060 2104 venerabilium
1089 2067 1250 2104 locorum
1307 2079 1351 2104 oc
1379 2069 1463 2113 fieri
1492 2068 1772 2112 declarantibus,
1807 2069 1983 2106 eiusmodi
2014 2081 2082 2106 con
2110 2070 2288 2106 actionem
2318 2076 2356 2108 et

120 2114 370 2161 emphyteusin
395 2113 600 2160 procedere
625 2113 879 2160 permittimus.
927 2113 1002 2149 Sed
1029 2118 1065 2149 et
1094 2113 1186 2160 ipsis
1216 2114 1453 2149 sanctissimis
1484 2114 1645 2150 ecclesiis
1673 2114 1872 2160 ceterisque
1899 2114 2161 2152 venerabilibus
2191 2115 2356 2153 domibus

117 2159 334 2205 facultatem
359 2159 487 2194 damus
507 2158 761 2194 conductiones
784 2163 819 2194 et
842 2158 1092 2206 emphyteuses
1115 2159 1210 2195 inter
1224 2170 1262 2195 se
1284 2158 1461 2206 faciendi,
1485 2163 1521 2195 et
1540 2159 1681 2195 clericis
1700 2159 1866 2196 similiter
1889 2163 1928 2196 ut
1951 2160 2183 2197 ecclesiarum
2205 2171 2355 2198 suarum

117 2205 364 2252 possessiones
392 2203 599 2239 conducant
629 2207 666 2239 et
697 2203 950 2240 administrent
979 2206 1168 2247 (consensu
1193 2207 1312 2240 tamen
1334 2205 1500 2252 episcopi
1521 2209 1557 2241 et
1580 2205 1777 2247 oeconomi)
1803 2205 2055 2252 permittimus,
2086 2206 2251 2252 exceptis
2268 2217 2355 2254 per-

118 2251 217 2285 sonis
240 2260 333 2296 quas
357 2260 431 2296 per
454 2249 565 2285 aliam
589 2248 702 2295 leyem
733 2249 802 2285 hoc
823 2249 951 2295 facere
972 2248 1236 2295 prohibuimus.
1284 2248 1327 2285 Si
1348 2249 1430 2296 quis
1461 2254 1578 2286 autem
1603 2249 1691 2296 quid
1714 2253 1844 2286 contra
1874 2261 1918 2286 ea
1941 2261 2035 2303 quae
2066 2250 2164 2287 dicta
2190 2256 2277 2287 sunt
2297 2251 2354 2298 fe-

119 2296 218 2339 cerit,
242 2296 277 2330 si
298 2295 441 2340 quidem
464 2295 657 2341 episcopus
679 2295 737 2336 sit,
762 2305 885 2331 omnes
908 2295 986 2330 eius
1007 2304 1068 2330 res
1090 2304 1183 2340 quae
1206 2305 1256 2331 ex
1273 2305 1501 2341 quacumque
1525 2306 1636 2331 causa
1660 2295 1716 2331 vel
1730 2305 1897 2342 persona
1920 2306 1993 2332 sive
2009 2299 2094 2332 ante
2108 2296 2355 2348 episcopatum

118 2341 192 2376 sive
211 2345 344 2386 postea
368 2340 418 2376 ad
440 2350 520 2376 eum
541 2339 774 2386 pervenerint
802 2340 974 2376 ecclesiae
996 2341 1074 2375 eius
1096 2339 1273 2375 vindicari
1295 2341 1479 2375 sancimus
1486 2352 1501 2382 ;
1537 2341 1593 2375 sin
1617 2344 1733 2376 autem
1759 2341 1945 2376 oeconomi
1973 2340 2030 2377 vel
2051 2339 2115 2376 alii
2138 2340 2261 2377 clerici
2281 2342 2357 2378 sint

119 2387 184 2431 qui
206 2385 244 2420 id
265 2385 525 2428 commiserint,
555 2385 806 2431 pecuniariam
835 2384 880 2421 ab
913 2385 958 2420 iis
978 2395 1140 2431 poenam
1173 2395 1281 2431 quam
1314 2385 1507 2432 episcopus
1535 2396 1661 2422 eorum
1685 2386 1927 2422 aestimaverit
1957 2385 2062 2432 exiyi
2081 2386 2254 2422 ecclesiae
2275 2386 2353 2426 oin-

119 2430 330 2465 dicandam:
365 2429 657 2476 quandoquidem
689 2430 797 2466 etiam
829 2430 892 2476 qui
923 2429 1135 2466 locationem
1159 2430 1387 2476 vectiyalium
1420 2430 1477 2467 vel
1499 2431 1754 2476 cuiuscumque
1777 2430 2020 2477 possessionis
2050 2430 2105 2467 vel
2121 2430 2355 2477 publicorum

120 2476 334 2511 tributorum
364 2477 626 2521 susceptionem
662 2475 719 2512 vel
747 2475 977 2511 exactionem
1011 2475 1068 2511 vel
1097 2475 1319 2512 curationem
1358 2475 1487 2511 domus
1524 2476 1569 2511 iis
1599 2475 1815 2512 crediderint
1850 2476 1906 2511 vel
1930 2475 2164 2522 fideiussores
2192 2486 2253 2513 eos
2278 2487 2353 2524 pro

118 2521 324 2556 memoratis
348 2522 469 2556 causis
491 2521 708 2567 acceperint,
732 2520 871 2557 nullam
893 2523 1023 2557 contra
1047 2520 1233 2557 ecclesiam
1255 2521 1314 2557 vel
1330 2522 1588 2557 monasterium
1612 2521 1667 2557 vel
1688 2531 1748 2556 res
1771 2522 1848 2557 eius
1870 2520 1926 2556 vel
1944 2520 2267 2565 administratores,
2299 2522 2357 2558 vel

119 2569 249 2600 contra
279 2576 341 2601 eas
368 2576 550 2612 personas
581 2565 710 2611 quibus
739 2565 960 2602 crediderint
992 2565 1049 2601 vel
1071 2570 1200 2602 contra
1226 2565 1450 2602 substantias
1482 2570 1548 2602 aut
1573 2565 1807 2612 fideiussores
1834 2576 1958 2601 eorum
1986 2566 2164 2602 actionem
2187 2565 2354 2603 habeant.

119 2609 182 2645 Illi
205 2614 324 2646 autem
353 2611 417 2656 qui
442 2611 672 2657 publicorum
704 2610 919 2647 tributorum
946 2614 1011 2646 aut
1030 2610 1259 2658 vectiyalium
1282 2611 1544 2659 susceptionem
1574 2610 1630 2648 vel
1653 2611 1867 2647 locationem
1897 2611 1953 2648 vel
1974 2611 2203 2647 exactionem
2224 2622 2354 2648 memo-

118 2655 210 2691 ratis
227 2656 400 2701 personis
424 2656 643 2692 crediderint
665 2656 722 2692 vel
739 2655 973 2701 fideiussores
995 2667 1056 2693 eos
1078 2656 1295 2704 acceperint,
1326 2657 1361 2693 si
1382 2656 1482 2703 quod
1503 2656 1672 2693 damnum
1689 2655 1840 2703 publico
1865 2656 2076 2703 conti—aerii,
2105 2654 2174 2693 hoc
2197 2667 2248 2694 ex
2265 2667 2355 2705 pro-

116 2700 203 2747 pria
225 2700 428 2736 substantia
451 2701 629 2737 resarcire
652 2700 925 2748 compellentur.

186 2837 207 2870 2
231 2832 441 2881 εὑρεθῶσιν·
460 2836 488 2868 S
505 2834 518 2880 ΙΙ
541 2837 560 2870 3
586 2834 709 2870 αὐτῶν
733 2848 788 2870 om.
802 2838 834 2870 L
851 2836 864 2880 ΙΙ
889 2839 910 2871 4
933 2837 1011 2871 τῶν
1031 2837 1204 2881 μοναχῶν

119 2881 273 2915 καὶτῶν
289 2879 467 2924 κληρικιῦν
492 2880 542 2913 B⁸
564 2881 576 2923 ΙΙ
603 2883 622 2914 5
647 2882 724 2915 τῶν
738 2882 923 2925 μοναχῶν]
947 2882 1025 2915 τῶν
1050 2893 1104 2915 om.
1122 2883 1170 2915 La
1193 2881 1204 2927 ΙΙ

103 2928 141 2968 ,6
164 2923 187 2969 ἢ
211 2937 297 2963 oms
314 2925 326 2969 ΙΙ
343 2924 365 2968 ἢ
390 2936 446 2958 om.
462 2936 481 2961 ς
496 2924 509 2969 ΙΙ
529 2927 547 2958 7
569 2928 630 2958 καὶ
653 2925 939 2968 συναινούντων]
964 2926 1144 2960 κατατιθε
1172 2929 1203 2960 ε’-

118 2983 197 3005 νων
213 2973 274 3004 καὶ
290 2966 564 3004 συναινούντων
577 2971 638 3012 13⁸,
663 2974 722 3004 καὶ
744 2983 798 3004 om.
814 2972 866 3007 Se
883 2972 895 3015 u
917 2973 955 3006 11
976 2970 1107 3013 ἄλλοις]
1132 2940 1203 3005 ibt-

119 3019 198 3050 ποῖς
212 3017 243 3049 L
262 3016 274 3060 ΙΙ
294 3017 334 3050 12
358 3012 511 3058 ἀλλήλας
528 3015 681 3049 Numae-‘¹
700 3015 712 3059 ΙΙ
728 3016 810 3049 τοὺς
830 3014 1013 3061 κληρικοὺς
1026 3017 1177 3051 Nomoc.‹¹
1200 3017 1204 3063 Ι

122 3064 164 3096 14
179 3062 244 3095 τοῦ
261 3059 450 3104 οἰκονόμου
466 3061 527 3093 καὶ
542 3060 606 3094 τοῦ
624 3057 825 3095 ἐπισκόπου
838 3061 991 3095 Nemaea
1015 3062 1027 3105 ΙΙ
1053 3063 1095 3096 16
1111 3058 1138 3094 οἳ
1152 3063 1181 3096 S
1199 3064 1203 3107 1

118 3104 245 3151 νόμου]
265 3107 341 3141 Cod.
358 3108 387 3147 1,
401 3113 429 3149 2,
442 3112 478 3140 24
495 3110 511 3145 §
527 3113 551 3139 1.
565 3113 582 3140 8
600 3106 612 3149 ΙΙ
630 3103 873 3147 ἐκωλύσαμεν]
899 3108 1055 3149 reliquam
1075 3114 1202 3150 partem

119 3155 238 3196 capitis
262 3164 321 3185 om.
337 3152 365 3185 S
384 3150 397 3196 ΙΙ
425 3153 464 3186 17
490 3162 527 3184 τι
551 3148 692 3193 ποιήσει
716 3151 974 3191 LBsNomoc.‘¹]
997 3163 1034 3184 τι
1057 3150 1203 3194 ποιήσοι

119 3199 166 3231 M
170 3198 221 3231 B⁶
256 3195 399 3240 ποιήσει
423 3209 458 3230 τι
489 3196 650 3230 Νονηοε.7η
678 3196 690 3236 ΙΙ
723 3197 763 3230 18
789 3191 901 3229 αύτοῦ
925 3195 984 3236 τὰ]
1019 3194 1066 3229 τὰ
1092 3193 1202 3230 αὐτοῦ

119 3244 280 3277 Νοηιοε.”“
304 3242 316 3285 ΙΙ
340 3239 387 3275 τὰ
412 3241 451 3281 ἐξ
475 3239 713 3282 MNomoc.‘¹m]
738 3239 784 3274 τὰ
810 3252 864 3274 om.
881 3241 949 3274 LB
966 3241 979 3284 ΙΙ
1008 3243 1046 3275 19
1071 3242 1204 3283 σκοπῆς

119 3289 281 3322 Nomoc.m
304 3287 316 3331 ΙΙ
348 3289 390 3321 20
415 3284 673 3331 περιελθόντα]
708 3285 780 3320 εἴτε
810 3284 881 3330 πρὸ
914 3285 977 3327 τῆς
1009 3286 1204 3328 ἐπισκοπῆς

119 3333 189 3366 εἴτε
213 3331 303 3376 μετὰ
327 3332 446 3366 ταῦτα
470 3333 547 3366 add.
562 3330 715 3366 Nomvcst
745 3330 757 3375 ΙΙ
786 3333 829 3365 24
854 3327 1070 3374 *δοκιμάσοι
1095 3332 1171 3364 libri
1192 3330 1197 3375 Ι

120 3381 160 3412 27
188 3375 319 3419 αὐτοῖς]
345 3378 426 3411 haec
450 3376 498 3451 cl)
525 3378 568 3412 28
593 3373 684 3422 ὑπὲρ
705 3385 752 3402 -·-
775 3376 906 3410 αἰτιῶν
931 3389 988 3409 om.
1002 3375 1163 3409 Nomocfl·
1192 3377 1196 3418 Ι

119 3426 158 3457 31
187 3422 422 3458 πιστεύουσιν
446 3423 480 3455 Β
509 3423 670 3457 Νοιηοε.”“
693 3422 706 3466 ss
737 3422 780 3456 32
806 3417 930 3455 αὐτῶν
963 3433 1021 3454 om.
1043 3419 1096 3453 B!
1118 3420 1131 3464 ΙΙ
1161 3422 1202 3455 35

120 3467 350 3502 πιστεύουσιν
374 3467 604 3502 LBNwwcfi
626 3467 639 3512 ΙΙ
663 3464 829 3508 δέξαιντο
851 3464 1017 3507 Noniae-⁶]
1042 3461 1203 3506 δέξοιντο

121 3513 247 3547 MLBt
276 3510 442 3552 δέξονται
462 3514 513 3546 Βο

168 3605 183 3637 1
199 3603 349 3636 misteria
363 3604 448 3645 libri,
462 3616 546 3638 corr.
559 3603 647 3646 vulq.
665 3601 678 3647 ss
695 3601 888 3646 inpediatur
903 3601 937 3635 T
943 3602 952 3622 ¹
977 3601 1135 3644 impediat
1146 3602 1180 3634 R
1190 3599 1202 3646 ΙΙ

121 3649 141 3681 3
159 3648 306 3682 uoluerit
324 3649 356 3682 T
362 3647 372 3668 ¹
389 3648 403 3693 ll
420 3650 442 3683 4
457 3647 678 3683 conductione
700 3648 754 3691 Vl}
773 3646 982 3691 enphiteosin
997 3647 1029 3680 Τ
1043 3647 1055 3690 ΙΙ
1071 3648 1092 3681 6
1107 3646 1201 3681 iestis

1281 2837 1315 2870 V
1326 2836 1338 2881 ΙΙ
1356 2838 1373 2870 7
1390 2846 1410 2868 a
1426 2836 1711 2870 consentientibus
1728 2837 1781 2871 Τι
1799 2836 1812 2882 ΙΙ
1836 2839 1855 2872 8
1873 2837 2106 2871 conductorem
2124 2837 2177 2871 Τι
2202 2838 2354 2872 unctio·

1272 2892 1347 2914 nem
1370 2881 1421 2915 R¹
1443 2881 1455 2925 ΙΙ
1480 2883 1500 2915 9
1526 2882 1745 2924 emphiteosin
1768 2882 1802 2915 R
1826 2882 1838 2925 ΙΙ
1860 2882 2053 2926 praeoedere
2077 2881 2141 2926 Rss
2164 2882 2297 2916 finimus
2319 2883 2354 2917 R

1272 2927 1412 2959 siminus
1431 2926 1483 2960 V¹
1507 2926 1647 2960 sinimus
1666 2926 1813 2960 ecclesiis
1835 2928 1886 2961 T¹
1903 2927 1976 2971 ΙΙ-ῙΟ
1999 2927 2120 2960 sanctis
2144 2927 2197 2971 Vl!
2217 2929 2255 2962 11
2273 2937 2352 2960 con-

1271 2972 1443 3005 ductiones
1467 2983 1522 3004 om.
1537 2972 1586 3004 R*
1604 2972 1616 3015 ΙΙ
1635 2972 1854 3015 emphiteosin
1874 2972 1944 3005 ΒΤ
1957 2972 1969 3015 ΙΙ
1994 2973 2036 3007 12
2060 2971 2173 3005 clerici
2197 2972 2266 3006 ΒΤ
2277 2971 2289 3013 ΙΙ
2311 2974 2350 3007 13

1271 3017 1413 3050 conduci
1438 3016 1550 3049 R¹T¹
1574 3015 1586 3060 ss
1616 3018 1657 3050 14
1680 3019 1790 3049 tamen
1815 3027 1872 3050 om.
1893 3016 1955 3060 1⁷11
1980 3015 2092 3059 yconii
2117 3016 2168 3050 Τι
2186 3015 2199 3060 ΙΙ
2226 3018 2265 3051 15
2290 3017 2352 3050 hoc

1273 3075 1331 3096 om.
1346 3061 1395 3095 T¹
1413 3060 1425 3105 ΙΙ
1446 3062 1485 3095 16
1502 3061 1716 3104 prohibemus
1731 3061 1911 3095 tribuimus
1926 3061 2119 3103 (tribuimus
2136 3062 2197 3095 del.
2215 3061 2275 3103 ΤΞ)
2296 3062 2328 3096 Τ
2339 3062 2352 3106 ΙΙ

1271 3117 1333 3140 con
1345 3106 1379 3140 R
1396 3106 1408 3148 ΙΙ
1429 3108 1468 3139 17
1483 3106 1596 3147 fuerit]
1614 3106 1729 3138 fecerit
1742 3106 1774 3139 R
1785 3105 1797 3151 ΙΙ
1809 3106 1916 3139 omnis
1934 3105 1975 3138 T¹
1990 3105 2003 3150 ΙΙ
2024 3108 2064 3140 18
2083 3116 2122 3139 ex
2135 3106 2295 3148 qualibet]
2313 3117 2352 3140 ex

1271 3151 1444 3193 equalibus
1458 3151 1490 3183 T
1497 3151 1507 3170 ¹
1531 3151 1609 3192 qual
1627 3160 1665 3183 ex
1681 3150 1831 3192 qualibet
1852 3151 1903 3184 17⁶
1925 3150 1930 3193 1
1952 3153 1992 3186 19
2008 3153 2084 3194 post
2100 3152 2162 3184 hac
2180 3152 2211 3185 V
2225 3152 2236 3195 ΙΙ
2252 3152 2353 3186 huius

1280 3197 1328 3229 V¹
1347 3197 1360 3240 ΙΙ
1377 3197 1418 3230 20
1432 3195 1561 3238 yconici
1577 3196 1617 3228 ΤΙ
1637 3195 1649 3238 ΙΙ
1668 3197 1709 3229 23
1723 3197 1808 3236 cum]
1827 3206 1901 3228 eum
1966 3198 2004 3229 ut
2020 3197 2063 3230 T·
2075 3195 2087 3242 ΙΙ
2101 3199 2133 3229 et
2150 3196 2201 3241 ΤΙΙ
2217 3197 2276 3239 qui
2289 3198 2350 3232 del.

1273 3242 1355 3284 vulq.
1370 3242 1441 3282 (sed
1451 3242 1493 3283 cjl
1507 3239 1583 3282 Iul.)
1602 3240 1614 3283 ΙΙ
1633 3242 1675 3274 24
1692 3241 1899 3274 teloneorum
1921 3241 2013 3282 VT3]
2034 3241 2235 3275 teloniorum
2248 3243 2282 3275 R
2301 3243 2351 3276 te-

1273 3285 1457 3318 lonicorum
1471 3284 1523 3318 T¹
1540 3285 1552 3328 ΙΙ
1570 3286 1789 3327 possessiones
1811 3286 1861 3319 Va
1874 3285 1886 3330 [1
1897 3288 1955 3318 aut
1971 3298 2026 3320 om.
2039 3288 2069 3320 R
2086 3286 2098 3331 ΙΙ
2118 3289 2159 3322 25
2174 3287 2352 3322 collatione

1280 3330 1331 3365 1⁷⁸
1346 3330 1359 3374 ΙΙ
1376 3330 1623 3373 perceptionum
1649 3333 1707 3363 aut
1732 3331 1942 3364 exactionum
1964 3333 2050 3374 libri,
2063 3345 2145 3367 corr.
2159 3334 2244 3377 vulq-
2262 3332 2276 3375 11
2292 3334 2352 3366 aut

1272 3386 1327 3410 om.
1351 3375 1382 3409 V
1403 3375 1415 3418 11
1439 3375 1483 3409 26
1506 3376 1736 3409 contradentes
1760 3376 1793 3409 R
1817 3376 1829 3419 ΙΙ
1858 3376 2086 3411 fideiussiones
2113 3378 2145 3411 T
2154 3377 2164 3398 ¹
2189 3379 2317 3420 (id-30)
2339 3377 2352 3421 ΙΙ

1273 3422 1314 3454 28
1339 3419 1477 3453 ecclesia
1498 3421 1530 3453 R
1547 3421 1558 3464 ΙΙ
1588 3422 1630 3454 30
1655 3421 1778 3454 habent
1803 3422 1835 3455 Τ
1854 3422 1866 3464 ss
1894 3423 1935 3456 31
1961 3423 2107 3456 actiones
2131 3422 2241 3464 RVT,
2267 3434 2349 3456 corr.

1270 3466 1355 3510 vuly.
1374 3465 1387 3509 ΙΙ
1404 3465 1614 3509 publicorum
1630 3466 1677 3499 R*
1695 3466 1708 3510 ΙΙ
1724 3467 1766 3501 32
1779 3467 2020 3509 suspectionem
2040 3468 2087 3502 V¹
2104 3467 2117 3510 ΙΙ
2134 3467 2350 3500 conducerem

1273 3510 1319 3544 13¹
1337 3510 1349 3554 ΙΙ
1366 3514 1425 3543 nut
1441 3512 1641 3544 exactionem
1668 3523 1723 3545 om.
1749 3511 1802 3556 Vll
1822 3513 1864 3545 33
1883 3512 2060 3546 crediderit
2079 3512 2128 3546 R¹
2145 3512 2157 3555 ΙΙ
2175 3514 2218 3546 34
2235 3522 2349 3545 eorum

1273 3555 1321 3589 Τι
1347 3555 1359 3599 ss
1380 3556 1562 3599 ncciperint
1587 3557 1619 3590 V
1634 3556 1798 3600 acceperit
1820 3557 1890 3590 ΕΤ
1898 3557 1907 3577 ¹
1938 3557 1951 3601 ΙΙ
1980 3557 2080 3600 quod]
2105 3557 2238 3600 quidem
2265 3557 2314 3590 T·
2338 3556 2352 3602 ΙΙ

1268 3600 1453 3690 χίῗιιιῐηΙΙίοιιῃη11
1464 3602 1511 3634 12¹
1533 3602 1564 3681 {ll
1581 3601 1760 3646 dampnum
1780 3602 1831 3636 Β*
1840 3603 1888 3644 Τ]
1918 3602 2038 3638 damno
2061 3602 2151 3638 R²V
2179 3602 2259 3636 dum
2280 3611 2350 3636 non

1365 3648 1407 3681 35
1455 3657 1512 3680 neo
