2592 3840
259 87 366 131 Νον.
397 89 580 132 LXXIII
613 93 632 131 1
1326 86 1415 135 364

258 195 299 233 ἐν
320 198 458 235 τούτοις
480 197 525 244 δὴ
548 203 620 234 τοῖς
638 199 778 246 χρόνοις
799 202 926 246 μυρίας
950 197 988 234 εὖ
1012 213 1098 245 ομεν
1127 202 1328 247 παραποιή-
1395 201 1599 238 innumeras
1612 201 1810 239 invenimus
1828 201 2003 239 falsitates
2025 202 2063 239 in
2077 203 2220 240 Iudiciis
2239 204 2359 241 multis
2380 215 2468 251 quo-

258 255 330 279 σεις
350 246 389 279 ἐν
406 242 521 280 δίκαις
535 243 681 280 πολλαῖς
705 243 758 279 ὡν
780 242 979 290 ἠκροασάμε
1015 259 1049 287 α,
1074 250 1136 280 καί
1156 261 1192 282 τι
1216 247 1327 293 παρά·
1395 256 1475 282 rum
1508 245 1640 283 fuimus
1674 247 1868 292 auditores,
1904 251 1940 284 et
1974 247 2141 294 quiddam
2175 249 2396 294 inopinabile
2425 261 2471 287 ex

258 286 364 330 δοξον
387 288 471 334 ἡμῖν
495 290 533 331 ἐξ
554 287 736 337 Ἀρμενίας
751 289 892 334 ἀνέστη.
936 291 1243 337 προκομισθέντος
1261 292 1328 339 γὰρ

258 332 435 380 ἀμείψεως
458 335 675 389 συμβολαίου
702 338 762 369 καὶ
792 336 870 370 τῶν
891 334 1116 382 γραμμάτων
1146 335 1328 382 ἀνομοίων

258 380 476 425 κριθέντων,
499 378 649 426 ὕστερον
674 382 820 426 ἐπείπερ
843 378 1106 426 εὑρέθησαν,οἱ
1125 383 1177 425 τῷ
1197 387 1328 428 συμβο-

259 423 348 468 λαίῳ
384 423 674 472 μαρτυρήσαντες
703 429 771 460 ’καὶ
804 426 998 473 γράμματα
1035 424 1234 462 ὑποθέντες
1269 431 1328 462 καὶ

258 471 374 505 ταῦτα
409 470 633 517 ἐπιγνόντες,
668 474 794 505 πίστιν
817 469 975 514 ·έὸέξᾳτο
1012 470 1056 507 τὸ
1091 471 1327 518 συμβόλαιον·

257 519 321 549 καί
346 529 381 550 τι
412 514 617 560 παράδοξον
649 516 823 550 ἐντεῦθεν
854 514 1070 559 ἀπήντησεν,
1103 515 1159 552 ὅτι
1191 517 1236 553 τὰ
1262 520 1329 563 μὲν

256 559 449 615 γράμματα
473 560 614 614 ἄπιστα,
631 559 745 606 ὤφθη
767 565 925 616 καίτοιγε
944 562 1199 606 ἐξετασθέντα,
1223 563 1270 598 τὰ
1289 561 1344 600 δὲ.

1974 103 2036 135 DE
2062 103 2471 137 msmum'ronuu

1396 337 1600 374 mutationis
1635 338 1847 374 documento
1883 340 1920 374 et
1953 339 2081 375 utteris
2116 339 2344 378 dissimilibus
2378 340 2470 376 iudi·

1365 386 1382 417 5
1397 382 1498 426 catis,
1522 383 1688 428 quoniam
1708 385 1835 429 postea
1857 383 1991 420 inventi
2013 387 2098 420 sunt
2117 384 2156 420 hi
2178 385 2238 430 qui
2257 385 2469 422 documento

1397 428 1519 463 testati
1553 433 1638 464 sunt
1671 429 1970 474 subscriptionem
2003 429 2194 466 subdentes
2229 433 2266 466 et
2300 439 2380 466 eam
2413 441 2470 467 rs-

1398 477 1668 517 cognoscentes,
1699 474 1806 510 fidem
1830 474 1990 520 suscepit
2013 474 2279 511 documentum:
2312 478 2348 511 et
2371 475 2471 521 quid-

1398 518 1478 553 dam
1501 518 1585 554 hinc
1608 519 1826 564 inopinabile
1849 520 2021 563 occurrit,
2046 530 2089 556 eo
2113 521 2208 574 quod
2230 521 2372 556 litterae
2394 521 2471 566 qui-

1397 563 1476 598 dem
1500 563 1576 599 sine
1597 563 1668 600 fide
1691 565 1791 601 visae
1815 567 1899 601 sunt
1920 565 2005 611 licet
2025 570 2266 610 examinatae,
2298 575 2478 612 responsa·

257 618 356 650 παρα
389 619 465 640 των
498 619 694 652 μαρτυρων
728 607 934 650 ἀπηντησεν
965 606 1033 642 σὺν
1061 606 1232 652 ἀληθείᾳ,
1269 612 1328 643 καὶ
1344 612 1383 644 10
1398 619 1478 643 vero
1502 609 1646 644 testium
1679 620 1758 646 cum
1788 610 1936 646 veritate
1959 611 2283 655 concordaverunt,
2315 614 2352 647 et
2380 611 2472 647 haec

257 652 372 684 ταῦτα
405 652 466 694 τῆς
501 650 600 696 παρὰ
632 652 710 685 τῶν
743 652 940 698 μαρτύρων
974 656 1130 688 πίστεως
1161 652 1328 697 δοκούσης
1396 664 1460 699 per
1491 654 1596 690 fidem
1627 655 1771 691 testium
1806 666 1898 701 quae
1925 656 2068 692 Videtur
2098 656 2357 702 quodammodo
2393 665 2473 693 0880

257 695 352 729 εἶναι
374 708 451 730 πως
474 695 701 741 ἐπισφαλοῦς.
745 695 887 744 ὁρῶμεν
910 700 1034 741 μέντοι
1057 698 1124 742 τὴν
1179 697 1251 734 ’σιν
1269 698 1328 733 αὐ·
1399 702 1516 735 cauta.
1551 698 1721 736 Videmus
1744 703 1866 737 tamen
1888 704 2056 739 naturam
2074 702 2152 739 eius
2168 702 2296 739 crebro
2308 704 2474 748 egentem

203 765 206 770 .
256 741 317 793 τῆς
339 740 505 776 πολλάκις
529 739 706 790 δεομένην
727 743 787 786 τῆς
811 744 874 777 τοῦ
898 741 1105 792 πράγματος
1128 746 1148 778 ἐ
1167 741 1328 786 ετάσεως,
1398 744 1449 779 rei
1468 745 1739 789 examinatione,
1764 746 1906 792 quando
1930 747 2130 785 litterarum
2154 746 2473 785 dissimilitudinem

255 782 347 820 ὅπου
370 799 410 833 γε
440 786 506 830 τὴν
535 788 612 821 τῶν
635 786 861 840 γραμμάτων
892 786 1135 834 ἀνομοιότητα
1162 789 1330 826 πολλάκις
1398 799 1505 835 saepe
1529 789 1670 835 quidem
1692 794 1834 837 tempus
1853 791 1944 828 facit
1963 794 2048 837 (non
2065 792 2158 830 enim
2175 793 2228 829 ita
2247 792 2327 840 quis
2347 791 2473 829 scribit

254 832 321 875 μὲν
344 830 468 874 χρόνος
492 835 589 866 ποιεῖ
610 829 662 875 (οὗ
685 832 753 880 γὰρ
777 847 822 867 αν
838 829 934 868 οὕτω
953 833 1106 881 γράψειέ
1122 847 1176 870 τις
1191 834 1330 878 νεάζων
1346 838 1384 870 15
1397 835 1532 871 iuvenis
1554 839 1589 870 et
1608 836 1778 873 robustus
1802 846 1845 872 ac
1862 847 1973 873 senex
1995 839 2031 873 et
2050 837 2143 874 forte
2162 840 2340 882 tremens),
2365 847 2473 883 saepe

255 879 315 909 καὶ
346 878 511 924 σφριγῶν
543 881 604 911 καὶ
626 878 829 926 γεγηρακὼς
865 881 925 914 καὶ
945 879 1044 915 ἴσως
1072 884 1132 915 καὶ
1162 883 1329 927 τρέμων),
1398 885 1516 916 autem
1548 884 1584 916 et
1615 881 1741 926 langor
1770 881 1839 917 hoc
1871 882 1970 918 facit.
2020 883 2070 918 Et
2091 883 2178 929 quid
2199 884 2289 920 haec
2304 883 2472 926 dicimus,

256 920 425 956 πολλάκις
460 920 500 956 δὲ
535 920 602 957 κᾶν
638 922 742 960 νόσος
775 925 883 959 τοῦτο
918 924 1087 969 ποιήσειε.
1142 930 1260 960 καίτοι
1293 929 1332 960 τί
1398 926 1539 971 quando
1561 927 1688 962 calami
1711 931 1747 962 et
1765 928 1956 963 atramenti
1978 929 2126 965 mutatio
2148 928 2387 965 similitudinis
2407 938 2473 974 per

255 966 370 1002 ταῦτά
393 981 523 1023 φαμεν,
547 965 638 1002 ὅπου
659 981 700 1016 γε
724 969 882 1014 καλάμου
909 984 950 1004 τε
972 974 1032 1005 καὶ
1055 969 1205 1015 μέλανος
1229 970 1328 1006 έναλ·
1398 972 1515 1008 omnia
1545 971 1663 1007 aufert
1691 972 1912 1017 puritatem?
1947 975 1983 1008 et
2006 983 2071 1008 nec
2094 973 2294 1010 invenimus
2323 973 2367 1010 de
2390 973 2471 1009 reli·

256 1010 346 1059 λαγὴ
366 1025 408 1047 το
431 1014 492 1057 τῆς
511 1011 722 1068 ῥμοξότητος
753 1013 813 1049 διὰ
837 1013 990 1050 πάντων
1018 1014 1209 1063 ἀκραιφνὲς
1231 1014 1328 1062 ἀφεί-
1397 1027 1466 1063 quo
1492 1017 1622 1061 dicere,
1647 1019 1781 1062 quanta
1801 1021 1931 1054 natura
1952 1028 2126 1063 generans
2146 1016 2295 1056 innovat
2313 1022 2350 1055 et
2369 1018 2471 1063 legis-

255 1056 353 1100 λετο;
390 1061 450 1093 καὶ
483 1072 546 1094 ουκ
575 1073 622 1094 αν
652 1073 814 1107 ευροιμεν
845 1060 967 1106 ἐφεξῆς
999 1062 1123 1104 εἰπεῖν,
1159 1059 1278 1097 ὁπόσα
1308 1060 1385 1105 2320
1397 1062 1573 1099 latoribus
1597 1062 1698 1099 nobis
1723 1064 1873 1109 praebet
1898 1073 2035 1100 causas.

256 1101 358 1149 φύσις
378 1107 551 1139 τίκτουσα
570 1109 776 1153 καινουργεῖ
800 1108 875 1140 τοῖς
892 1107 1111 1151 νομοθέταις
1131 1105 1215 1150 ἡμῖν
1238 1121 1328 1153 παρ-

253 1150 275 1184 1
321 1151 449 1192 ἐχουσα
472 1148 568 1198 πράγ
596 1165 677 1194 ava.
741 1148 885 1195 Ἐπειδὴ
908 1156 1032 1186 τοίνυν
1059 1151 1248 1197 βασιλείαν
1270 1150 1330 1187 διὰ
1396 1156 1419 1190 1
1464 1153 1556 1197 Quia
1587 1153 1694 1198 igitur
1724 1153 1910 1198 imperium
1944 1157 2137 1200 propterea
2171 1154 2260 1190 deus
2295 1154 2340 1190 de
2372 1154 2473 1191 caelo
2517 1178 2524 1187 .

253 1195 361 1229 τοῦτο
384 1193 403 1229 ὁ
428 1195 515 1230 θεὸς
539 1165 592 1237 ἐξα
600 1194 753 1244 οὐρανοῦ
778 1196 951 1240 καθῆκεν,
975 1197 1036 1232 ἵνα
1059 1201 1132 1232 τοῖς
1156 1195 1330 1233 suentana
1399 1198 1600 1242 constituit,
1637 1202 1678 1234 ut
1710 1198 1915 1235 difficilibus
1946 1200 2106 1245 imponat
2141 1210 2234 1245 quae
2264 1199 2361 1245 apud
2392 1209 2474 1235 eum
2517 1239 2519 1241 ,

255 1241 444 1285 ἐπιτίθησι
467 1241 514 1276 τὰ
536 1240 626 1287 παρ’
650 1243 775 1286 ἑαυτῆς
798 1239 925 1289 ἀγαθὰ
947 1245 1008 1277 καὶ
1031 1242 1111 1278 τοὺς
1128 1243 1256 1288 νόμους
1272 1240 1330 1292 ἆρ-
1399 1246 1482 1280 sunt
1506 1245 1600 1279 bona
1624 1247 1658 1279 et
1681 1243 1776 1289 leges
1800 1248 1898 1290 aptet
1929 1245 2124 1281 secundum
2151 1249 2301 1281 naturae
2323 1244 2474 1281 varieta-

253 1284 345 1333 μάζῃ
362 1285 451 1332 πρὸς
470 1285 538 1331 τὴν
554 1289 615 1331 τῆς
631 1287 772 1342 φύσεως
787 1287 981 1331 ποικιλίαν,
1004 1285 1065 1323 διὰ
1082 1289 1189 1324 τοῦτο
1206 1286 1326 1333 ιρήθη-
1345 1292 1386 1324 25
1399 1292 1487 1333 tem,
1514 1294 1707 1335 propterea
1729 1289 1994 1326 aestimavimus
2018 1293 2184 1336 oportere
2206 1293 2243 1326 et
2264 1290 2360 1326 hanc
2384 1290 2473 1326 scri—

254 1344 321 1410 ἑιίν
338 1334 564 1412 ἔρῖζαιοζαι
584 1346 714 1389 τουτον
736 1332 875 1388 χράΙψαι
898 1334 964 1389 τον
972 1332 1184 1414 ,νόμεωὸκαὶ
1207 1333 1331 1389 δοῦναι
1385 1335 1484 1416 ὠθὶε
1508 1335 1729 1416 εαᾶιοῖίοιιεέιι
1753 1338 1790 1388 et
1814 1336 1909 1416 darie}⁸
1921 1335 2166 1417 i‘tiiigtgmnzune
2176 1335 2360 1417 uslulgiigctis
2384 1345 2474 1389 quos

255 1390 1330 1471 ρὸνκτιενπαῖιέιιῖωζῗῖιῑῖοῗανῖἔῖιῖἰέἒνηέέῖπέοςτῖθξ]σῖροῖάὶ
1399 1391 1540 1462 xiidie&
1563 1391 1726 1461 eiisteneim
1738 1391 1931 1472 pqriiliiidama
1940 1425 1985 1462 de
1993 1391 2047 1462 lde
2058 1390 2176 1463 8οείιέ
2189 1391 2236 1463 isi
2250 1391 2410 1480 scri-Stin
2433 1390 2475 1462 ii}

253 1466 321 1514 γάρ
342 1481 379 1502 τι
403 1472 462 1502 καὶ
495 1472 577 1516 περὶ
610 1469 920 1517 παρακαταθήκης
952 1471 990 1504 ἐκ
1019 1470 1244 1518 γραμμάτων
1267 1469 1329 1515 ἄμ·
1400 1471 1551 1507 bitatum
1574 1474 1610 1507 et
1633 1470 1679 1507 ad
1703 1472 1966 1508 contentionem
1989 1471 2012 1507 d
2057 1474 2180 1508 uotum
2201 1471 2414 1514 invenimus,
2440 1474 2476 1507 et

254 1514 487 1559 φισβητηθέν
516 1528 556 1549 τε
586 1518 646 1549 καὶ
670 1515 898 1550 στασιασθὲν
919 1512 1077 1562 εὕρομεν,
1104 1519 1165 1550 καὶ
1195 1514 1250 1551 δεῖ
1271 1519 1331 1550 καὶ
1344 1518 1387 1551 30
1400 1518 1543 1563 oportet
1557 1517 1663 1553 etiam
1680 1517 1807 1552 horum
1823 1517 1966 1554 omnino
1983 1517 2200 1563 prospicere.
2241 1517 2367 1563 Itaque
2389 1515 2474 1553 ilico

254 1558 395 1612 τούτων
411 1561 534 1594 πᾶσαν
553 1559 779 1604 ποιήσασθαι
796 1560 983 1606 πρόνοιαν.
1012 1563 1204 1610 τοιγαροῦν
1221 1560 1331 1597 οὗθῦς
1400 1562 1504 1600 nobis
1528 1565 1586 1600 est
1607 1572 1630 1598 a.
1652 1562 1815 1608 deposito
1839 1562 2092 1600 incohandum.
2481 1562 2486 1567 ’

253 1607 338 1648 ημῖν
362 1606 401 1639 ἐκ
424 1606 484 1649 τῆς
509 1606 819 1653 παρακαταθήκης
842 1604 1005 1653 ἀρκτέον.

1263 1742 1420 1779 CAPUT
1446 1743 1475 1780 1.

300 1819 357 1853 Εἴ
372 1831 426 1854 τις
448 1823 573 1855 τοίνυν
596 1817 768 1866 ἀσφαλῶς
791 1821 1130 1868 παρακαταθέσθαι
1155 1821 1334 1867 βούλεται,
1447 1821 1485 1857 Si
1506 1821 1586 1867 quis
1609 1821 1717 1866 igitur
1740 1821 1816 1857 vult
1839 1823 1944 1858 caute
1967 1821 2155 1868 deponere,
2179 1832 2252 1858 non
2270 1821 2337 1858 soli
2350 1821 2477 1861 *aedat

253 1864 302 1908 μὴ
325 1863 447 1909 μόνοις
470 1869 671 1900 πιστευέτω
695 1869 768 1901 τοῖς
791 1868 854 1901 τοῦ
878 1866 1126 1912 λαμβάνοντος
1148 1867 1334 1915 γράμμασι
1402 1866 1611 1912 accipientis
1631 1866 1830 1912 scripturae
1853 1867 1935 1910 (hoc
1954 1867 2049 1913 quod
2071 1867 2108 1903 in
2127 1866 2258 1904 iudicio
2276 1867 2476 1912 quuesitum

254 1911 374 1952 (τοῦτο
399 1906 488 1955 ὅπερ
520 1912 559 1945 ἐν
590 1913 635 1959 τῇ
660 1909 756 1960 δίκῃ·
769 1912 939 1956 ζητηθέν,
971 1911 1165 1959 ἐπειδήπερ
1191 1911 1232 1947 οὐ
1253 1919 1337 1947 συν-·
1348 1914 1389 1948 35
1403 1914 1475 1957 estss
1512 1912 1596 1957 quia
1626 1912 1720 1947 enim
1750 1922 1822 1947 non
1853 1911 2037 1957 professus
2071 1917 2124 1948 est
2146 1913 2177 1948 is
2209 1913 2269 1957 qui
2291 1913 2477 1966 scripsisse

255 1953 485 2011 ωμολόγησεν
508 1955 527 1990 ὁ
551 1960 769 2004 γεγραφέναι
801 1956 986 2004 λεγόμενος
1015 1957 1126 1993 αὑτοῦ
1154 1957 1333 1993 καθεστά·
1402 1957 1589 1993 dicebatur
1613 1965 1717 1993 suam*
1738 1967 1816 1993 esse
1834 1958 2061 2003 scripturam,
2085 1968 2251 2002 magnum
2273 1958 2399 1993 habuit
2417 1968 2475 1994 res

254 2015 316 2035 ναι
339 2005 385 2036 τα
407 2001 612 2049 γράμματα,
637 2001 794 2049 μεγάλην
817 2006 898 2047 ἔσχε
920 2003 1091 2050 ταραχήν,
1114 2007 1174 2038 καὶ
1195 2003 1333 2051 γράψαι
1401 2004 1612 2044 tumultum,
1646 2006 1681 2039 et
1714 2003 1871 2039 scribere
1901 2003 1972 2039 alia
2003 2008 2149 2039 coactus
2180 2006 2247 2046 eet,
2272 2012 2371 2049 «quae
2399 2003 2477 2039 visa

255 2049 358 2094 ἕτερα
390 2049 775 2095 καταναγκασθέντος,
811 2045 904 2097 ἅπερ
934 2047 1037 2090 ἔδοξε
1060 2048 1244 2097 παρόμοια
1266 2051 1334 2093 μὲν
1400 2052 1486 2085 suut
1515 2048 1624 2084 veluti
1653 2047 1784 2085 similia
1818 2048 1976 2095 quidem,
2012 2058 2085 2085 non
2112 2051 2233 2085 tumen
2263 2058 2328 2095 per
2357 2049 2476 2087 omnia

254 2159 397 2206 quidem
422 2159 641 2212 temporibus
662 2164 825 2196 sescenta
846 2160 949 2206 falsa
969 2159 1013 2208 de
1039 2159 1308 2196 relienderimus
1329 2160 1368 2196 in
1388 2159 1510 2196 litibus
1527 2160 1650 2196 multis
1669 2171 1762 2207 quas
1782 2159 1994 2204 audivimus,
2018 2160 2090 2196 iam
2103 2164 2254 2208 praeter
2274 2160 2476 2208 opinionem

254 2204 394 2251 aliquid
415 2205 519 2240 nobis
541 2216 590 2240 ex
610 2206 781 2241 Armenia
804 2206 938 2242 extitit.
1041 2206 1140 2242 olato
1163 2207 1256 2242 enim
1275 2205 1554 2253 permutationis
1576 2206 1814 2242 instrumento
1846 2217 1926 2242 cum
1948 2206 2151 2253 scripturae
2173 2206 2361 2254 dissimiles
2383 2207 2478 2243 inter

252 2262 292 2287 se
314 2249 495 2286 iudicatae
518 2254 653 2294 essent,
683 2255 814 2298 postea
844 2251 1015 2298 quoniam
1044 2252 1181 2287 inventi
1209 2255 1295 2287 sunt
1326 2252 1391 2297 qui
1411 2251 1650 2287 instrumento
1684 2255 1791 2287 testes
1819 2250 1974 2287 adhibiti
1985 2255 2107 2287 erant
2133 2255 2169 2288 et
2196 2251 2478 2301 subscriptiones

254 2295 471 2332 addiderant
494 2307 627 2342 easque
650 2301 887 2343 aqnoverunt,
913 2296 1023 2342 fidem
1047 2297 1189 2343 accepit
1211 2298 1504 2332 instrumentum:
1539 2300 1648 2342 atque
1671 2296 1754 2332 inde
1774 2301 1924 2349 praeter
1948 2297 2153 2343 opinionem
2176 2297 2327 2340 accidit,
2358 2300 2400 2332 ut
2421 2296 2477 2333 lit-

255 2347 354 2378 terae
377 2341 519 2387 quidem
543 2344 707 2387 quamvis
729 2341 923 2389 diliqeriter
942 2343 1174 2378 examinatae
1196 2341 1271 2387 fide
1294 2342 1441 2378 destitui
1460 2341 1675 2384 viderentur,
1701 2345 1843 2378 testium
1866 2346 1985 2377 autem
2008 2341 2105 2378 dicta
2128 2352 2208 2378 cum
2233 2341 2382 2379 veritate
2395 2352 2479 2380 con-

254 2387 433 2429 venirent,
465 2387 574 2433 idque
597 2387 679 2423 licet
700 2389 841 2423 testium
862 2388 955 2433 sides
976 2388 1095 2433 ferme
1119 2387 1259 2423 lubrica
1283 2398 1359 2423 esse
1383 2387 1557 2423 videatur.
1612 2386 1782 2423 Videmus
1806 2391 1923 2429 tamen
1947 2390 2115 2423 naturam
2128 2398 2201 2423 ‘sae
2227 2399 2247 2424 e
2269 2388 2352 2435 ipsa
2373 2398 2480 2436 eqere

252 2433 308 2468 rei
325 2432 606 2475 examinatione,
630 2432 807 2479 siquidem
827 2433 1030 2469 litterarum
1053 2433 1379 2469 dissimilitudinem
1402 2437 1438 2468 et
1456 2443 1567 2479 saepe
1591 2437 1730 2479 tempus
1753 2433 1871 2479 efficit
1892 2435 2022 2483 (neque
2039 2433 2133 2469 enim
2152 2399 2274 2468 iugem
2293 2433 2367 2469 scri
2392 2433 2481 2470 serit

255 2478 387 2524 aliquis
411 2478 549 2513 iuvenis
571 2483 607 2513 et
631 2479 755 2524 viqens
779 2489 822 2513 ac
843 2489 957 2514 senex
977 2478 1104 2525 factus
1133 2482 1169 2514 et
1193 2479 1296 2524 forte
1318 2478 1426 2514 etiam
1450 2477 1636 2522 tremulus)
1667 2482 1700 2513 et
1731 2489 1841 2525 saepe
1871 2477 1965 2514 idem
1987 2477 2133 2514 morbus
2155 2478 2302 2524 efficiet.
2325 2507 2328 2512 .
2429 2489 2480 2514 m-

254 2534 362 2570 quam
386 2523 476 2568 quid
498 2523 587 2558 baec
610 2523 772 2565 dicimus,
803 2524 836 2558 si
862 2523 980 2559 uidem
1003 2529 1039 2560 et
1062 2523 1193 2560 calami
1216 2528 1251 2560 et
1273 2523 1469 2571 atramenti
1491 2525 1642 2559 mutatio
1659 2523 1853 2570 perfectae
1876 2522 2123 2559 similitudinis
2146 2521 2221 2572 inte
2245 2522 2388 2559 ritatem
2400 2522 2479 2560 abs-

257 2570 365 2606 tulit?
402 2579 518 2613 neque
536 2569 651 2614 facile
674 2568 793 2604 dicere
846 2570 990 2615 einceps
1007 2570 1202 2616 possimus,
1228 2579 1336 2615 quam
1360 2569 1475 2604 multa
1498 2573 1633 2604 natura
1657 2579 1751 2604 nova
1800 2569 1946 2614 roserat
1967 2568 2189 2620 qenerando,
2226 2567 2482 2615 eqislatoribus

254 2616 275 2649 1
328 2612 430 2648 nobis
459 2614 607 2659 neqotia
631 2613 850 2650 exhibitura.
943 2613 1121 2658 Quoniam
1151 2614 1266 2661 iqitur
1295 2614 1484 2661 imperium
1515 2613 1595 2649 ideo
1624 2613 1713 2649 deus
1742 2580 1798 2650 dep
1810 2614 1910 2650 caelo
1933 2614 2046 2656 misit,
2077 2613 2247 2665 atrebas
2269 2612 2482 2660 difficilibus

254 2670 322 2693 sua
354 2658 447 2692 illud
477 2659 571 2694 bona
601 2659 803 2704 impertiret
833 2660 1000 2705 leqesque
1030 2660 1079 2695 ad
1109 2664 1263 2695 naturae
1294 2659 1504 2702 varietatem
1537 2658 1839 2701 accommodaret,
1877 2662 2076 2706 propterea
2105 2662 2212 2694 enam
2243 2656 2338 2694 banc
2367 2658 2480 2705 leqem

215 2728 218 2731 -
254 2703 479 2739 scribendam
504 2703 676 2740 duximus
699 2708 735 2739 et
756 2704 795 2738 in
814 2715 1000 2740 commune
1024 2704 1181 2740 dandam
1206 2704 1375 2740 subiectis
1398 2715 1642 2750 quoscumque
1666 2703 1770 2739 nobis
1792 2703 1881 2739 deus
1903 2709 1938 2739 et
1954 2703 2065 2750 prius
2088 2702 2243 2739 tradidit
2254 2706 2289 2739 et
2299 2702 2501 2750 paulatim·

254 2760 394 2795 semper
414 2748 535 2784 adicit.
584 2748 679 2784 Nam
702 2749 746 2784 de
770 2749 934 2796 deposito
959 2761 1104 2796 quoque
1137 2749 1267 2785 litteris
1298 2748 1476 2785 celebrato
1507 2748 1669 2795 aliquam
1692 2748 1951 2784 dubitationem
1975 2753 2012 2783 et
2033 2747 2326 2795 disceptationem
2348 2752 2481 2785 motam

254 2805 331 2830 esse
353 2794 563 2873 ircilvenimus,
594 2800 638 2828 ut
659 2793 715 2829 liis
739 2805 882 2841 quoque
905 2805 973 2830 nos
1005 2806 1142 2830 omnem
1166 2805 1291 2830 curam
1322 2793 1504 2830 adhiberev
1523 2797 1700 2840 oporteat.
1748 2791 1880 2839 Itaque
1907 2793 2030 2829 statim
2060 2792 2163 2830 nobis
2191 2804 2216 2829 a
2238 2792 2404 2841 deposito
2426 2793 2480 2830 in-

254 2840 288 2875 ci
315 2839 372 2876 ien
399 2849 458 2874 um
480 2843 543 2874 est.

255 2905 257 2907 μ
287 2850 313 2886 p
389 2884 417 2918 Ι.
472 2882 514 2919 Si
537 2882 619 2930 ‘quis
642 2884 757 2930 iqitur
782 2889 860 2920 tuto
885 2884 1065 2931 deponere
1087 2885 1175 2927 vult,
1207 2895 1282 2920 non
1305 2884 1395 2920 solis
1418 2884 1544 2920 credat
1573 2883 1704 2919 litteris
1734 2883 1811 2919 eius
1841 2883 1905 2930 qm·
1927 2882 2130 2930 depositum
2153 2882 2288 2930 accipit
2311 2882 2364 2926 (id
2385 2883 2483 2930 quod

254 2931 292 2965 in
316 2929 378 2965 lite
402 2931 620 2975 quaesitum,
654 2932 825 2977 quoniam
881 2931 919 2965 ui
948 2930 1138 2976 scripsisse
1169 2930 1355 2966 dicebatur
1384 2940 1459 2965 non
1489 2929 1680 2982 confessus
1708 2933 1762 2964 est
1784 2938 1871 2964 suas
1898 2939 1975 2964 esse
1996 2927 2147 2971 litteras,
2179 2938 2334 2974 maqnas
2357 2927 2483 2964 turbas

249 2976 442 3023 praebuit:
467 2980 507 3010 ut
526 2979 560 3010 et
580 2974 640 3010 ille
664 2974 758 3009 alias
777 2975 850 3010 scri
874 2986 935 3010 ere
958 2979 1107 3010 coactus
1128 2975 1187 3017 sit,
1212 2986 1306 3021 quae
1330 2974 1511 3010 adsimiles
1535 2972 1677 3020 quidem
1701 2973 1913 3010 videbantur
1933 2975 2105 3015 esse'‚nec
2135 2978 2252 3009 tamen
2274 2983 2343 3020 per
2361 2974 2482 3010 omnia

301 3092 321 3124 3
342 3086 646 3134 προκομισθείσης
667 3087 696 3119 L
723 3086 735 3129 ΙΙ
757 3089 777 3120 6
801 3089 860 3119 καὶ
883 3085 977 3132 γράμ
1006 3088 1087 3127 ατα]
1120 3088 1181 3119 καὶ
1206 3100 1263 3120 om.
1279 3099 1299 3124 ς
1321 3086 1334 3131 ΙΙ

258 3138 295 3171 11
323 3132 490 3176 δοκούσης
505 3131 597 3166 εἶναι
620 3149 665 3157 —
692 3132 730 3166 13
757 3129 942 3175 δεομένην]
991 3129 1136 3174 οκούσης
1159 3128 1180 3173 ἢ
1204 3129 1332 3165 πολλά-

254 3192 307 3215 κις
330 3178 496 3224 δεομένης
519 3179 551 3212 L
579 3177 591 3221 ss
622 3179 662 3211 16
686 3179 746 3210 καὶ
772 3176 858 3210 ἴσως
882 3179 942 3210 καὶ
965 3177 1014 3218 L].
1046 3178 1105 3209 καὶ
1134 3175 1220 3210 ἴσως
1246 3174 1334 3214 ΒΣς

255 3227 341 3260 ἴσως
363 3227 423 3259 καὶ
441 3225 484 3258 Μ
499 3223 511 3265 ΙΙ
529 3225 568 3257 17
595 3220 702 3263 *κᾶν]
728 3224 788 3255 καὶ
813 3223 890 3256 libri
906 3222 918 3266 ΙΙ
934 3225 1050 3255 καίτοι
1074 3222 1115 3255 τί
1130 3222 1235 3263 Μ(ς)]
1260 3225 1334 3255 καί·

255 3284 311 3305 τοι
335 3268 394 3305 ΒΣ
426 3271 486 3304 καὶ
511 3268 580 3303 not
604 3268 636 3302 L
666 3268 678 3310 ΙΙ
709 3269 750 3302 18
772 3279 814 3301 τε
837 3281 895 3301 om.
917 3279 936 3304 ς
965 3267 978 3309 ΙΙ
1007 3268 1049 3300 19
1072 3265 1245 3311 ἀφείλατο
1269 3268 1300 3300 L
1323 3266 1336 3312 l}

257 3320 294 3352 21
323 3319 396 3350 τοῖς
413 3316 470 3356 Μ]
494 3316 554 3348 καὶ
578 3315 651 3347 τοῖς
668 3310 762 3346 ΕΒΣ
773 3314 817 3354 (ς)
841 3314 853 3356 ΙΙ
882 3314 924 3347 22
944 3309 1004 3345 διὰ
1024 3312 1131 3345 τοῦτο
1147 3310 1336 3355 βασιλείαν

1449 3088 1465 3122 1
1486 3086 1691 3127 innumeras]
1717 3085 1753 3118 in
1769 3085 1961 3118 innumeras
1983 3083 2106 3163 mi?
2124 3085 2260 3127 quidam
2282 3086 2316 3120 V
2356 3076 2376 3120 3'
2393 3097 2481 3121 oom-

1402 3130 1643 3164 mutatiouibus
1665 3130 1718 3164 V‘¹
1735 3130 1748 3174 ΙΙ
1765 3132 1787 3165 4
1809 3129 2017 3163 documentis
2082 3130 2093 3151 ¹
2111 3127 2159 3175 115
2185 3131 2236 3164 hii
2259 3130 2308 3164 R'
2340 3131 2354 3176 ΙΙ
2371 3132 2391 3166 6
2404 3132 2482 3167 sub-

1403 3176 1614 3219 scriptionem
1633 3177 1702 3216 ect.]
1727 3175 1852 3208 tionem
1867 3195 1908 3200 —
1925 3177 1961 3210 11
1985 3175 2082 3208 fldem
2105 3188 2168 3210 scr.
2182 3175 2233 3208 Β,
2247 3177 2280 3210 in
2295 3190 2362 3211 ras.
2378 3179 2398 3212 3
2411 3191 2480 3213 ver·

1402 3234 1492 3256 suum
1539 3220 1798 3264 subscriptiones
1824 3221 1868 3254 al.
1897 3219 1911 3265 Ι]
1940 3230 2011 3253 eam
2036 3221 2133 3265 vulq.]
2163 3230 2217 3254 eas
2239 3222 2316 3256 libri
2342 3221 2356 3267 ΙΙ
2382 3224 2403 3258 8
2427 3234 2482 3257 oc-

1403 3266 1491 3300 curit
1538 3265 1578 3308 (²)
1594 3265 1606 3310 ΙΙ
1625 3268 1645 3301 9
1659 3266 1747 3299 iusse
1767 3265 1902 3310 V¹T²u
1921 3264 2134 3299 *examinata
2148 3267 2225 3301 libri
2240 3266 2254 3311 ΙΙ
2271 3269 2310 3303 10
2325 3278 2405 3302 uero
2422 3268 2482 3310 7⁷²1

1404 3322 1559 3345 uerorum
1577 3311 1650 3344 RV
1670 3310 1846 3344 uerborum
1862 3310 1917 3344 uel
1934 3321 2090 3344 uerorum
2107 3311 2156 3344 Τι
2172 3313 2184 3355 ΙΙ
2203 3312 2483 3347 concordauerint

1396 291 1566 328 Armenia
1593 292 1696 329 nobis
1728 296 1890 329 exortum
1920 295 1986 329 est.
2035 293 2165 330 Oblato
2195 304 2349 339 namque
2373 305 2470 331 com-
2537 311 2542 315 ⁴

261 3359 315 3395 ΒΣ
333 3362 346 3401 ΙΙ
364 3363 406 3396 23
420 3360 593 3401 καθῆκεν]
607 3358 784 3392 constituit
797 3359 830 3400 (i.
845 3371 871 3391 e.
885 3356 1123 3399 καθέστηκεν)
1137 3369 1155 3393 ς
1171 3357 1183 3401 ΙΙ
1204 3359 1246 3391 24
1260 3358 1335 3392 ἐπι-

255 3407 346 3450 τιθῆ
364 3407 538 3441 Heimbach
553 3407 606 3449 (cs.
621 3411 723 3438 tamen
737 3405 815 3446 365,
829 3406 858 3447 5)
876 3403 888 3447 ΙΙ
905 3399 1053 3449 ἁρμόζει
1069 3403 1118 3435 La
1133 3404 1145 3446 ΙΙ
1166 3404 1208 3436 29
1221 3413 1336 3447 παρα-

255 3443 464 3495 καταθήκης
483 3451 573 3492 ML]
598 3447 912 3495 παρακαταθήκην
930 3443 1120 3492 vuly.(132)
1148 3446 1160 3490 ΙΙ
1188 3448 1231 3483 31
1256 3448 1336 3481 τοῦ·
1370 3446 1372 3502 y

1405 3356 1479 3399 R(²)
1494 3357 1506 3400 ΙΙ
1525 3356 1587 3389 hoc
1609 3355 1757 3401 R(2)T1}
1783 3358 1819 3391 11
1844 3358 1925 3397 esse]
1951 3356 2059 3390 deesse
2080 3357 2126 3390 V*
2150 3356 2163 3398 ΙΙ
2195 3358 2236 3392 12
2260 3360 2413 3393 naturam
2439 3377 2483 3384 —

1408 3404 1447 3436 15
1468 3401 1622 3434 robustus
1638 3412 1676 3434 ac
1695 3414 1757 3436 scr.
1773 3401 1822 3435 R·
1835 3403 1867 3435 in
1885 3414 1951 3435 ras.
1966 3402 1985 3434 2
1999 3414 2145 3436 versuum
2164 3401 2177 3446 ΙΙ
2203 3403 2243 3437 13
2267 3404 2482 3438 examinatio-

1405 3458 1478 3480 nem
1502 3447 1533 3479 V
1549 3445 1562 3491 ss
1589 3446 1875 3480 dissimilitudines
1890 3446 2008 3487 R(²)T
2025 3446 2039 3491 ΙΙ
2064 3449 2104 3482 15
2125 3449 2158 3480 et
2179 3449 2234 3490 (n
2253 3448 2316 3491 1⁷¹)
2336 3447 2482 3483 robustis

255 3510 320 3531 τον
345 3498 443 3532 πᾶσα
464 3497 511 3530 L¹
529 3496 541 3539 ΙΙ
557 3493 643 3539 ἡμῖν
659 3493 812 3529 εὐθυςῙ,
830 3493 843 3538 ΙΙ
859 3495 900 3529 33
926 3496 1050 3527 τοίνυν
1074 3506 1132 3527 om.
1147 3493 1301 3536 BEpan.
1326 3493 1338 3536 ΙΙ
1369 3509 1373 3546 3
1413 3492 1446 3526 V
1458 3491 1471 3536 ΙΙ
1490 3494 1530 3526 16
1547 3492 1629 3533 quid
1646 3494 1888 3538 Osenbriiyqen]
1908 3492 2038 3534 quidem
2061 3492 2174 3571 ἱίόνίμἶ
2182 3493 2246 3531 hoo
2266 3493 2321 3539 Vn
2342 3495 2381 3530 17
2396 3498 2482 3528 atre-

257 3541 595 3587 παρακαταθέσθαι
611 3538 781 3586 ἀσφαλῶς
792 3538 958 3584 βούλοιτο
970 3540 1079 3582 Elian.
1098 3538 1110 3582 ΙΙ
1128 3550 1336 3584 παρακατα-

256 3587 437 3621 τίθεσθαι
462 3588 514 3620 Br
533 3587 546 3631 ss
578 3589 622 3622 34
644 3584 758 3630 μόνον
780 3587 812 3619 L
841 3586 854 3630 η
883 3586 925 3620 35
949 3584 1055 3618 τοῦτο
1079 3603 1122 3607 -
1147 3585 1223 3626 365,
1244 3592 1259 3618 a
1285 3580 1336 3616 δι-
1357 3575 1371 3628 ·}

258 3629 350 3673 δοὺς]
375 3631 462 3665 ἀλλὰ
487 3634 595 3675 Epan.
615 3633 627 3676 11
652 3628 829 3666 36·αὗτοῦ
857 3630 989 3665 ML¹B
1005 3629 1018 3674 ΙΙ
1049 3630 1092 3664 38
1116 3627 1335 3676 κατηναγκά-
1371 3638 1372 3641 ’

258 3677 334 3719 σθη
355 3679 399 3709 ΒΓ
426 3675 760 3711 καταδικασθέντος
785 3679 830 3711 B*
844 3691 871 3711 v.
888 3678 909 3710 l·

1370 3547 1373 3553 ’
1404 3538 1507 3571 menti
1530 3537 1578 3570 V¹
1605 3537 1617 3582 ΙΙ
1646 3538 1687 3571 24
1708 3539 1783 3581 apte
1807 3535 1892 3571 RT⁶
1908 3539 1919 3577 ΙΙ
1939 3539 1981 3571 28
2007 3537 2046 3571 de
2070 3550 2126 3572 om.
2178 3538 2287 3573 T¹V¹
2304 3538 2317 3583 ΙΙ
2340 3541 2384 3574 29
2404 3549 2481 3572 con-

1405 3583 1614 3616 testationem
1627 3583 1660 3616 R
1675 3584 1687 3627 ss
1706 3584 1746 3617 31
1765 3585 1797 3624 a]
1817 3582 1858 3615 ad
1880 3582 1927 3615 V¹
1944 3582 1957 3626 ΙΙ
1974 3584 2016 3617 33
2030 3583 2183 3616 credatur
2199 3583 2256 3626 ΥΒ
2277 3585 2322 3619 34
2335 3585 2370 3619 in
2387 3584 2450 3619 VT
2458 3583 2481 3624 ¹]

1405 3631 1438 3662 et
1458 3629 1492 3661 in
1521 3629 1550 3661 R
1577 3629 1675 3661 etiam
1692 3629 1727 3661 in
1758 3627 1807 3661 T²
1820 3629 1904 3672 vulq.
1923 3628 1936 3672 ΙΙ
1959 3629 2002 3662 35
2027 3628 2178 3671 proscsus
2199 3628 2248 3662 V¹
