2476 3854
151 98 226 142 Ed.
246 100 321 142 V11
354 103 460 142 5-7
1207 99 1292 147 766
1900 117 2050 148 FORMA
2078 117 2369 150 PRAGMAncA

147 213 260 254 μένην
283 209 498 253 κατάθεσιν,
516 218 574 246 ota
599 211 714 252 ἀξίων
737 210 860 246 ὄντων
883 210 973 257 ὑπὲρ
997 212 1138 247 ἑαυτῶν
1162 213 1417 257 πιστεύεσθαι,
1441 205 1496 248 ὦν
1518 210 1540 257 ἡ
1564 216 1683 249 πίστις
1697 217 1757 248 καὶ
1774 212 1864 259 ὑπὲρ
1880 215 2015 260 ἑτέρων
2030 212 2150 260 ἀρκεῖν
2166 217 2367 259 νομίζεται·

147 254 329 301 πρόδηλον
345 256 397 299 ὅν,
423 253 470 290 αἷς
487 257 517 290 εἰ
533 258 585 299 τῷ
600 255 700 299 νόμῳ
724 256 1002 300 ὑποπεσοῦνται,
1026 255 1130 292 οὐδὲν
1154 257 1285 293 αὐτοὺς
1308 257 1485 314 ὠφελήσει
1508 258 1551 293 τὸ
1571 258 1747 304 ἐγγυητὴν
1768 259 1819 304 μὴ
1836 263 2046 305 παρασχεῖν,
2069 257 2159 294 ἀλλὰ
2174 263 2234 294 καὶ
2250 257 2370 296 οὕτως

146 301 398 343 καταθήσουσι
425 300 494 343 τὴν
522 303 582 344 τῆς
613 300 885 346 δεκατημοιρίας
916 302 1058 344 ποινήν,
1090 301 1206 348 ὥςπερ
1234 306 1294 337 καὶ
1314 317 1348 337 οι
1372 303 1559 350 ἐνάγοντες
1583 303 1703 338 αὐτοῖς
1725 307 1784 338 καὶ
1808 304 1896 350 πρός
1915 318 1955 351 γε
1976 304 2010 339 οἱ
2032 302 2116 349 παρ’
2141 301 2266 340 αὐτῶν
2286 306 2367 339 ἐνα-

145 346 292 398 χᾴμενοι
316 349 393 380 ταῖς
416 344 556 390 ὁμοίαις
578 344 875 390 ὑποτεθήσονται
899 350 1049 382 ποιναῖς.
1097 346 1231 392 ταύτης
1253 352 1314 383 καὶ
1335 346 1447 393 μόνης
1469 350 1531 404 της
1556 347 1729 395 διαφορᾶς
1752 351 1813 385 ἐπὶ
1835 348 1956 394 τούτῳ
1980 352 2033 393 τῷ
2051 348 2234 395 κεφαλαίῳ
2253 348 2371 394 οὔσης,

148 402 245 432 ωςτε,
280 389 450 434 καθάπερ
478 392 692 435 ἔμπροσθεν
716 392 864 437 εἴρηται,
896 395 969 427 τοῖς
993 394 1031 425 ἐκ
1054 393 1120 427 τοῦ
1145 392 1370 437 συστήματος
1392 394 1473 428 τῶν
1497 395 1782 440 αργυροπρατῶν
1804 392 1970 441 ἐνάγουσι
1993 394 2061 439 τὴν
2083 395 2161 429 τῶν
2185 396 2369 441 ἐγγυητῶν
2391 396 2412 430 5

147 434 250 469 δόσιν
274 437 333 470 ἐπὶ
356 437 400 482 τῇ
423 436 678 482 δεκαιημοιρίᾳ
702 433 781 470 κατ’
806 434 925 481 ἰδικὴν
948 435 1053 482 ἡμῶν
1076 451 1159 473 τινα
1183 437 1393 484 φιλοτιμίαν
1417 440 1726 486 συγκεχωρῆσθαι.

1137 573 1294 610 CAPUT
1317 574 1376 609 VI.

278 647 423 692 Ἐπειδὴ
453 647 493 684 δὲ
521 653 581 684 καὶ
610 654 653 684 τὸ
681 650 730 685 εἰς
761 648 918 696 διάφορα
949 649 1030 685 τοίς
1053 651 1170 687 ἱκέτας
1192 652 1366 687 ἕλκεσθαι
1390 650 1605 697 δικαστήρια
1629 652 1701 698 (καὶ
1725 651 1882 691 μάλιστα
1905 651 2090 687 πλείστους
2113 654 2260 696 ἔχοντας
2283 663 2368 687 συν-

145 691 329 737 αλλάκτας,
360 698 420 729 καὶ
450 694 509 730 οἷα
539 699 730 739 συμβαίνει
753 694 889 741 ὀλίγους
912 692 1154 741 εὐγνώμονας)
1175 694 1217 731 οὗ
1239 697 1356 742 μόνον
1379 695 1499 732 αὗτοῖς
1521 697 1674 742 βλάβην,
1709 694 1797 732 ἀλλὰ
1821 701 1882 732 καὶ
1905 700 1977 732 τοῖς
2000 700 2130 732 κοινοῖς
2154 697 2368 744 πράγμασιν

144 737 350 784 ἐμπόδισμα
374 742 496 786 φέρειν
520 738 732 786 εὑρίσκεται,
756 744 816 774 καὶ
840 742 881 774 ἐν
903 740 1023 785 τούτῳ
1047 743 1101 785 τῷ
1121 745 1220 788 μέρει
1240 743 1310 786 τὴν
1333 745 1514 788 προτέραν
1538 739 1642 786 ἡμῶν
1667 745 1748 785 περὶ
1765 740 1894 777 αὐτοὺς
1908 742 2118 787 μιμούμεθα
2135 743 2369 789 προμήθειαν

144 787 202 818 καὶ
234 784 560 830 παρακελευόμεθα
590 783 711 820 αὐτοῖς
740 785 833 820 εἶναι
858 783 987 821 ίδικοὺς
1011 785 1194 827 δικαστάς,
1227 788 1299 822 εἴτε
1324 787 1512 834 ἐνάγουσιν
1536 788 1607 822 εἴτε
1630 785 1829 833 ἐνάγοιντο,
1852 786 1922 831 τήν
1940 800 1980 821 τε
2002 787 2071 830 σὴν
2094 787 2287 835 λογιότητα
2309 791 2369 822 καὶ
2396 791 2435 823 10

144 832 285 874 Πέτρον
314 828 382 864 τὸν
413 829 653 871 ἐνδοξότατον
682 831 821 875 κόμητα
847 832 926 865 τῶν
958 832 1076 867 θείων
1108 831 1215 877 ἡμῶν
1246 833 1499 880 λαργιτιόνων,
1533 830 1607 867 άπὸ
1638 829 1791 867 ὑπάτων
1824 836 1883 867 καὶ
1913 836 2116 879 πατρίκιον,
2147 828 2235 867 ὥςτε
2266 833 2367 878 παρὰ

147 875 294 919 θατέρῳ
318 874 462 910 τούτων
484 874 550 910 τοὶς
572 876 861 920 κινηθησομένας
883 876 1018 920 μεταξὺ
1041 874 1164 912 αὐτῶν
1187 891 1227 912 τε
1250 882 1309 912 καὶ
1334 879 1468 923 ἑτέρων
1491 877 1632 912 οἱαςοῦν
1654 876 1753 912 δίκας
1775 874 1797 920 ἢ
1821 881 1882 911 καὶ
1904 875 1972 921 ἤδη
1989 877 2085 922 παρὰ
2101 879 2174 911 τοῖς
2189 876 2367 923 πρότερον

144 917 262 954 αὐτοῖς
291 918 375 968 παρ’
404 919 509 965 ήμῶν
539 918 740 965 δεδομένοις
771 920 955 957 δικασταῖς
982 922 1061 956 εἶτα
1091 920 1349 968 ἀποβιώσασιν
1382 923 1619 970 ἐναρχθείσας
1650 922 1880 966 σκοπεῖσθαι,
1915 925 1976 956 καὶ
2005 920 2116 957 σύντο
2145 935 2187 957 ον
2210 924 2271 956 καὶ
2293 926 2367 957 τοῖς

143 962 324 1009 ἡμετέροις
352 964 473 1009 νόμοις
501 970 703 1011 συμβαῖνον
733 965 907 1009 δέχεσθαι
937 970 1056 1012 πέρας,
1087 971 1147 1002 καὶ
1177 967 1261 1003 τοὺς
1293 968 1408 1003 ἱκέτας
1439 970 1502 1012 τῆς
1523 969 1602 1003 τῶν
1622 971 1859 1013 πραιτωρίων
1881 968 2005 1015 τριβῆς
2028 936 2367 1012 ἀπαλλαττομένους

147 1009 335 1052 σχολάζειν
365 1012 419 1054 τῷ
451 1012 571 1055 οἰκείῳ
596 1010 865 1055 ἐπιτηδεύματι,
895 1011 1071 1047 τοσοῦτόν
1092 1026 1133 1047 τε
1155 1010 1489 1060 εὐγνωμονέστερον
1513 1012 1694 1059 φέρεσθαι
1723 1016 1806 1058 περὶ
1828 1012 1874 1047 τὰ
1899 1013 1977 1046 τῶν
2000 1010 2175 1055 ὑπηκόων
2197 1010 2369 1047 συναλλά·
2396 1016 2436 1050 15

141 1068 279 1100 γματα,
311 1051 400 1089 ὅσον
430 1052 452 1100 ἢ
484 1053 588 1090 αὐτοὶ
618 1053 766 1099 ἥττονος
797 1054 1056 1101 ἀγνωμοσύνης
1085 1060 1285 1104 πειρῶνται
1315 1058 1339 1103 ἢ
1370 1058 1441 1105 (οἱ)
1468 1056 1694 1105 ἀγνωμονεῖν
1729 1058 1989 1105 ἐπιχειροῦντες
2022 1055 2065 1092 οὐ
2098 1058 2369 1104 συγχωροῦνται

143 1098 287 1135 ἀδίκους
312 1099 432 1136 αὐτοῖς
455 1103 640 1148 ἐπιφέρειν
663 1100 813 1146 βλάβας.

1132 1192 1289 1229 CAPUT
1304 1193 1383 1230 vn.

274 1265 363 1304 Ἀλλ’
396 1272 543 1314 ἐπείπερ
571 1269 657 1314 ἡμῖν
687 1274 748 1303 καὶ
778 1269 887 1304 ἄλλον
917 1269 1002 1306 τινὰ
1030 1271 1109 1306 τῶν
1143 1268 1303 1317 δολερῶν
1335 1270 1555 1319 ἀνθρώπων
1584 1273 1821 1317 έφανέρωσαν
1851 1268 1961 1306 δόλον
1993 1268 2291 1318 ἀπαγγείλαντες,
2322 1267 2372 1307 οἷς

141 1326 236 1350 τινες
264 1317 332 1359 μὲν
363 1313 618 1360 δανεισάμενοι
649 1313 672 1358 ἢ
696 1314 945 1359 δανειζόμενοι
967 1315 1068 1362 παρὰ
1089 1316 1168 1351 τῶν
1192 1317 1230 1351 ἐκ
1253 1317 1317 1351 τοῦ
1341 1317 1526 1362 εἰρημένου
1549 1314 1773 1361 συστήματος
1795 1313 1962 1361 χρήματα
1983 1312 2170 1363 ἠγόρασαν
2192 1315 2215 1360 ἢ
2237 1314 2369 1364 ἀγορά-

142 1362 242 1402 ζουσι
272 1361 401 1403 κτῆσιν
431 1359 601 1404 ἀκίνητον
632 1357 786 1404 ὀνόματι
816 1362 894 1395 τῶν
924 1361 1069 1396 οἰκείων
1100 1363 1270 1408 γαμετῶν
1299 1360 1320 1404 ἢ
1344 1359 1466 1396 ἄλλων
1488 1363 1603 1397 τινῶν
1627 1365 1711 1405 περὶ
1735 1359 1865 1396 αὐτοὺς
1886 1360 2010 1397 ὄντων
2032 1361 2121 1407 πρὸς
2141 1361 2369 1409 περιγραφὴν
2393 1363 2436 1397 20

141 1406 203 1447 τῆς
225 1407 366 1452 γενικῆς
389 1402 578 1449 ὑποθήκης
601 1406 679 1440 τῶν
703 1404 825 1440 ὄντων
849 1402 969 1441 αὐτοῖς
990 1409 1051 1440 καὶ
1075 1408 1259 1450 ἐσομένων
1282 1407 1523 1455 πραγμάτων,
1547 1408 1641 1441 τινές
1664 1405 1705 1441 δὲ
1727 1406 1774 1442 τὰ
1797 1407 1936 1441 ἑαυτοῖς
1958 1410 2253 1452 κεχρεωστημένα
2269 1419 2323 1442 πα
2353 1406 2363 1418 “

141 1453 218 1485 τῶν
240 1448 464 1486 ὑπευθύνων
487 1449 809 1495 ἀναλαμβάνοντες
832 1449 855 1494 ἢ
879 1453 920 1485 ἐν
942 1452 1120 1497 χρήμασιν
1143 1449 1166 1495 ἢ
1189 1453 1229 1486 ἐν
1251 1451 1432 1496 ἀκινήτοις
1454 1451 1627 1498 προςόλου
1657 1455 1730 1486 τοῖς
1753 1449 1964 1499 πράγμασιν
1986 1450 2051 1486 οὐκ
2075 1452 2124 1486 εἰς
2145 1451 2240 1487 ἴδιον
2263 1463 2369 1499 προς-

143 1509 256 1538 ωπον,
291 1493 384 1530 ἀλλὰ
417 1497 520 1531 καθὰ
548 1496 686 1542 εἴρηται
716 1493 739 1540 ἢ
771 1497 818 1530 εἷς
848 1497 892 1531 τὸ
923 1499 1001 1531 τῶν
1034 1498 1264 1541 συμβιουσῶν
1296 1494 1320 1541 ἢ
1351 1499 1535 1545 συγγενῶν
1560 1496 1629 1540 τὴν
1651 1496 1823 1540 τοιαύτην
1846 1496 2054 1542 καταβολὴν
2076 1495 2099 1541 ἢ
2122 1493 2322 1543 ἐκχώρησιν
2343 1493 2369 1542 ἢ

142 1543 277 1586 πρᾶσιν
306 1542 481 1588 γίνεσθαι
511 1542 612 1588 παρὰ
643 1543 721 1576 τῶν
752 1541 1027 1587 ἐποφειλόντων
1058 1540 1403 1586 παρασκευάζουσιν,
1433 1540 1521 1578 ὦςτε
1552 1540 1616 1577 διὰ
1642 1543 1705 1586 τῆς
1736 1539 1902 1598 τοιαύτης
1931 1540 2095 1587 μεθόδου
2127 1543 2280 1578 ἐκείνους
2301 1544 2370 1588 μὲν

141 1585 299 1631 ἀπορίαν
329 1586 586 1631 προΐσχεσθαι,
616 1587 696 1621 τοὺς
729 1584 769 1621 δὲ
800 1589 838 1621 ἐκ
869 1588 933 1622 τοῦ
965 1588 1150 1632 εἰρημένου
1182 1589 1260 1623 τῶν
1291 1585 1579 1635 ἅργυροπρατῶν
1608 1591 1812 1632 σωματείου
1843 1590 2027 1634 ευεργέτας
2056 1585 2298 1635 τυγχάνοντας
2317 1587 2368 1632 μὴ
2393 1587 2434 1620 25

142 1630 328 1666 δύνασθαι
358 1635 503 1667 ἐκείνοις
533 1632 684 1678 ἐνάγειν,
714 1632 806 1677 πρὸς
836 1630 895 1667 οὓς
918 1630 959 1667 οὐ
992 1631 1138 1667 δοκοῦσι
1169 1638 1405 1688 πεποιηκέναι
1435 1632 1677 1680 συνάλλαγμα,
1707 1635 1769 1667 καὶ
1792 1634 1833 1668 έν
1856 1631 1977 1676 τούτῳ
2002 1634 2055 1676 τῷ
2079 1631 2263 1677 κεφαλαίῳ
2285 1632 2369 1677 ἴσην

143 1677 352 1722 φιλοτιμίαν
381 1680 455 1711 τοῖς
488 1690 527 1712 τε
551 1676 842 1723 άργυροπράταις
864 1681 937 1712 τοῖς
960 1691 1001 1712 τε
1023 1676 1101 1713 κατ’
1128 1677 1253 1713 αὐτῶν
1276 1683 1402 1723 ομοίας
1425 1676 1619 1714 ὑποθέσεις
1642 1679 1784 1712 κινοῦσι
1807 1680 2023 1723 παρέχοντες
2044 1676 2244 1722 κελεύομεν,
2269 1674 2369 1720 ὦςτε,

141 1723 173 1755 εἰ
204 1720 365 1765 δειχθείη
392 1724 470 1757 τῶν
501 1722 774 1768 ἐποφειλόντων
803 1734 856 1756 τις
887 1721 986 1766 δόλῳ
1017 1722 1060 1758 τὸ
1082 1722 1132 1768 μὴ
1157 1724 1337 1766 νέμεσθαι
1367 1724 1413 1758 τὰ
1448 1722 1549 1768 αὐτῷ
1578 1722 1802 1769 προςήκοντα
1830 1722 2068 1768 ποιησάμενος
2091 1726 2151 1757 καὶ
2174 1723 2223 1757 εἰς
2244 1724 2369 1768 ἕτερον

142 1768 334 1812 σιωπηρῶς
358 1767 404 1802 τὰ
429 1768 540 1801 οἰκεῖα
563 1768 780 1814 μεταγαγών
803 1765 936 1811 δίκαια,
960 1768 1093 1808 ἐξεῖναι
1116 1771 1189 1802 τοῖς
1213 1767 1379 1815 ἐνάγουσι
1399 1766 1460 1803 διὰ
1479 1769 1543 1812 τῆς
1564 1769 1601 1804 in
1622 1771 1698 1803 'rem
1722 1763 1745 1811 ἢ
1770 1764 1815 1802 δι’
1840 1767 1949 1811 ἄλλης
1971 1771 2123 1812 νομίμου
2146 1765 2286 1815 ἆγωγῆς
2308 1771 2369 1802 καὶ

142 1811 297 1857 ἐλέγχειν
334 1813 377 1846 τὸ
407 1811 613 1857 γινόμενον,
647 1817 707 1846 καὶ
736 1816 866 1858 χωρεῖν
897 1813 990 1847 κατὰ
1022 1814 1100 1848 τῶν
1133 1814 1331 1858 εἰρημένων
1360 1815 1588 1861 πραγμάτων
1620 1811 1668 1847 ὠς
1700 1814 1764 1847 τοῦ
1796 1812 1979 1859 χρεώστου
2006 1812 2274 1859 τυγχανόντων,
2307 1815 2368 1847 καὶ
2392 1811 2435 1844 30

141 1857 380 1899 πανταχόθεν
403 1858 465 1900 τῆς
483 1858 644 1901 μηχανῆς
666 1855 953 1900 ἇπελαυνομένης
975 1858 1017 1893 τὸ
1041 1856 1196 1903 ἀζήμιον
1219 1856 1338 1892 αὑτοῖς
1362 1860 1425 1893 ἐπί
1443 1872 1484 1893 τε
1507 1859 1559 1902 τῷ
1584 1861 1678 1904 χρέει
1702 1859 1764 1893 ἐπί
1785 1871 1825 1892 τε
1848 1861 1921 1892 τοῖς
1944 1859 2005 1893 ἐπὶ
2027 1857 2148 1902 τούτῳ
2167 1860 2370 1913 γινομένοις

141 1900 379 1947 δαπανήμασι
408 1906 619 1948 περιποιεῖν.
666 1903 770 1947 ἴσμεν
803 1903 873 1950 γὰρ
907 1903 976 1947 τὴν
1010 1905 1073 1947 τῆς
1106 1905 1170 1947 σῆς
1204 1902 1410 1951 λογιότητος
1445 1906 1505 1937 καὶ
1541 1905 1607 1938 τοῦ
1636 1903 1951 1947 μνημονευθέντος
1976 1900 2214 1944 ἐνδοξοτάτου
2241 1900 2371 1949 ανδρὸς

138 2084 244 2128 facta
267 2082 457 2128 depositio,
482 2092 562 2118 cum
592 2082 696 2130 diqni
713 2083 787 2118 sint
810 2082 940 2129 quibus
958 2093 1030 2129 per
1052 2093 1091 2119 se
1114 2082 1285 2119 credatur
1307 2084 1352 2127 ei,
1372 2094 1526 2131 quorum
1548 2083 1642 2129 fides
1665 2084 1773 2120 etiam
1790 2094 1862 2128 pro
1886 2083 1971 2120 aliis
1996 2083 2171 2130 sufficere
2188 2086 2367 2120 censetur.

140 2127 379 2173 Manifestum
410 2131 529 2163 autem
560 2132 626 2170 est,
656 2128 690 2163 si
720 2127 793 2174 leqi
822 2128 1087 2171 succubuerint,
1118 2127 1210 2164 nilzil
1231 2129 1305 2165 illis
1325 2129 1563 2176 profuturum
1587 2139 1677 2172 esse,
1701 2129 1802 2175 quod
1819 2129 2071 2174 fideiussorem
2095 2139 2168 2165 non
2191 2128 2368 2171 dederint,

139 2173 203 2209 sed
232 2172 464 2208 nibilominus
493 2172 651 2209 decimae
678 2184 742 2209 eos
771 2174 891 2220 partis
914 2184 1075 2220 poenam
1106 2173 1291 2209 soluturos
1313 2185 1401 2217 esse,
1433 2173 1730 2220 quemadmodum
1753 2174 1860 2209 etiam
1909 2174 1947 2210 ui
1970 2174 2067 2211 litem
2090 2174 2181 2228 ipsis
2204 2175 2371 2220 inferunt

139 2222 174 2254 et
204 2219 353 2265 insuper
385 2218 449 2263 qui
480 2219 525 2254 ab
556 2218 647 2264 ipsis
675 2219 712 2253 in
742 2218 800 2254 ius
832 2224 1019 2261 vocantur,
1051 2219 1227 2255 similibus
1285 2221 1385 2255 oenis
1407 2219 1651 2262 subicient-um
1675 2219 1745 2254 ltoc
1767 2219 1846 2255 solo
1895 2219 2076 2256 iscrimine
2098 2230 2137 2255 m
2160 2218 2228 2255 hoc
2250 2218 2370 2265 capite

138 2267 293 2303 servato,
322 2263 431 2309 quod,
462 2264 557 2298 sicut
585 2265 657 2299 iam
689 2263 823 2299 dictum
848 2268 913 2306 est,
944 2264 1127 2300 actoribus
1148 2276 1169 2300 e
1191 2230 1345 2311 colleqio
1369 2265 1663 2311 arqentariorum
1683 2263 1938 2310 fideiussorum
1964 2264 2008 2300 ob
2032 2264 2206 2300 decimam
2226 2267 2369 2311 partem

140 2309 241 2345 datio
262 2309 419 2355 proprio
443 2309 602 2354 quodam
625 2313 750 2345 nostro
774 2308 946 2354 beneficio
969 2309 1118 2345 remissa
1141 2313 1207 2346 est.

273 2376 335 2412 VI.
387 2376 566 2419 Quoniam
598 2388 682 2413 vero
714 2377 822 2413 etiam
846 2376 895 2419 id,
918 2376 1019 2423 quod
1039 2377 1224 2424 supplices
1246 2377 1296 2413 ad
1318 2377 1461 2414 diversa
1485 2377 1681 2414 tribunalia
1707 2376 1903 2413 trabuntur
1924 2377 2159 2424 (praesertim
2183 2387 2264 2413 cum
2282 2376 2368 2423 plu-

139 2422 251 2458 rimos
274 2421 431 2458 habeant
453 2421 718 2465 contrahentes,
743 2427 778 2458 et
800 2426 839 2457 ut
860 2423 904 2467 fit
921 2432 1066 2469 paucos
1085 2424 1246 2469 probos),
1278 2434 1353 2459 non
1372 2423 1489 2459 solum
1520 2423 1611 2470 ipsis
1637 2423 1818 2465 damnum,
1841 2433 1963 2459 verum
1989 2423 2097 2458 etiam
2124 2421 2368 2458 communibus

139 2468 245 2503 rebus
272 2467 561 2514 impedimentum
592 2467 732 2514 inferre
764 2471 987 2513 compertum
1018 2472 1082 2510 est,
1117 2470 1225 2504 etiam
1255 2468 1294 2503 in
1311 2467 1381 2504 hac
1397 2472 1510 2521 parte
1530 2469 1690 2514 priorem
1713 2473 1875 2503 nostram
1899 2469 1998 2503 circa
2020 2478 2084 2503 eos
2099 2467 2368 2514 providentiam

140 2513 321 2548 imitamur
343 2523 388 2548 ac
411 2512 571 2548 iubemus
594 2512 771 2559 speciales
793 2513 839 2547 iis
862 2512 999 2548 iudices
1021 2523 1110 2558 esse,
1140 2514 1215 2549 sive
1237 2517 1352 2559 aqant
1375 2524 1449 2550 sive
1473 2513 1745 2556 conveniantur,
1777 2517 1873 2548 tuam
1896 2512 2137 2559 eloquentiam
2160 2515 2196 2548 et
2218 2510 2368 2549 Petrum

138 2557 439 2603 qloriosissimum
467 2559 628 2594 comitem
659 2568 848 2593 sacrarum
879 2563 1086 2593 nostrarum
1117 2559 1369 2604 larqitionum,
1404 2558 1600 2595 exconsule
1634 2562 1671 2594 et
1702 2558 1917 2605 patricium,
1953 2562 1995 2594 ut
2023 2557 2125 2605 apud
2152 2556 2367 2594 alterutrum

139 2603 269 2638 lzorum
293 2614 527 2648 quaecunque
555 2604 650 2638 inter
672 2603 773 2649 ipsos
795 2606 831 2639 et
854 2603 947 2638 alios
967 2604 1201 2639 movebuntur
1225 2603 1316 2648 lites,
1340 2607 1404 2640 aut
1426 2604 1534 2639 etiam
1558 2603 1660 2650 apud
1681 2602 1819 2639 iudices
1843 2602 1997 2639 antehac
2019 2614 2043 2639 a
2066 2601 2170 2638 nobis
2193 2602 2238 2638 iis
2260 2601 2367 2638 datos

139 2647 266 2683 deinde
291 2648 486 2692 defunctos
509 2649 582 2683 iam
605 2653 723 2684 motae
745 2652 842 2689 sunt,
866 2648 1122 2684 examinentur
1144 2653 1180 2685 et
1203 2651 1340 2685 brevem
1365 2649 1570 2694 nostrisque
1593 2647 1732 2694 leqibus
1754 2649 2019 2684 convenientem
2040 2648 2149 2694 finem
2172 2646 2367 2698 accipiant,

139 2697 174 2728 et
203 2693 385 2739 supplices
411 2694 687 2739 praetoriorum
718 2694 910 2730 vexatione
941 2693 1084 2729 liberali
1113 2694 1268 2741 proprio
1326 2694 1467 2730 uaestui
1498 2697 1635 2735 vacent,
1667 2697 1840 2739 tantoque
1869 2692 2055 2729 liberalius
2080 2693 2120 2728 in
2143 2691 2366 2728 subditorum

139 2737 386 2773 contractibus
409 2742 604 2781 versentur,
629 2742 767 2784 quanto
791 2742 855 2774 aut
875 2738 948 2784 ipsi
971 2739 1143 2775 minorem
1168 2704 1435 2786 improbqitatem
1459 2739 1713 2786 experiuntur,
1738 2742 1803 2774 aut
1826 2738 1891 2785 qui
1913 2738 2069 2786 improbi
2083 2748 2161 2774 esse
2175 2740 2366 2779 conantur,

139 2782 275 2818 iniusta
299 2783 346 2818 iis
369 2783 503 2818 damna
526 2783 667 2829 inferre
689 2795 764 2819 non
787 2784 966 2820 sinuntur.

271 2850 352 2886 VII.
401 2850 475 2886 Sed
504 2852 675 2896 quoniam
706 2851 813 2888 etiam
842 2851 953 2887 alium
977 2851 1079 2887 nobis
1101 2850 1309 2887 dolosorum
1332 2851 1514 2889 bominum
1537 2851 1660 2888 dolum
1682 2851 1980 2898 manifestarunt,
2003 2850 2256 2887 denuntiantes
2274 2861 2365 2887 nou·

138 2895 258 2931 nullos
288 2898 472 2931 mutuatos
503 2900 567 2931 aut
597 2900 801 2932 mutuantes
825 2908 847 2932 a
871 2897 959 2932 dicti
982 2896 1126 2942 colleqii
1142 2896 1316 2944 personis
1335 2897 1513 2944 pecunias
1535 2897 1661 2934 emisse
1684 2900 1748 2932 aut
1770 2907 1887 2933 emere
1902 2895 2152 2949 possessiones
2170 2895 2366 2932 immobiles

138 2941 280 2977 nomine
311 2951 467 2976 uxorum
496 2951 646 2975 suarum
677 2942 873 2978 aliorumve
904 2941 1130 2987 quorundam
1163 2941 1214 2977 ad
1234 2953 1274 2977 se
1294 2942 1562 2990 pertinentium,
1587 2942 1637 2978 ad
1657 2943 1868 2978 circumseri
1893 2940 2227 2987 tionemyeneralis
2249 2939 2364 2988 hypo-

139 2986 263 3022 thecae
294 2986 469 3021 bonorum
497 2996 595 3037 quae
626 2985 671 3020 iis
694 2990 778 3021 sunt
801 2990 865 3022 aut
888 2991 1007 3029 erunt,
1031 2986 1226 3022 nonnullos
1247 2997 1332 3023 vero
1354 2987 1556 3035 quaeipsis
1578 2987 1753 3023 debentur
1775 2997 1799 3022 a
1821 2985 1866 3022 de
1889 2986 2042 3022 itoribus
2064 2985 2278 3032 recipientes
2300 2988 2365 3021 aut

136 3032 175 3066 in
202 3031 367 3078 pecuniis
397 3034 462 3066 aut
490 3041 529 3066 in
560 3030 797 3066 immobilibus
827 3033 970 3067 omnino
994 3031 1113 3074 rebus,
1138 3043 1212 3068 non
1235 3032 1274 3068 in
1297 3043 1400 3068 suam
1421 3043 1626 3079 personam,
1661 3032 1726 3068 sed
1744 3036 1784 3067 ut
1807 3031 1941 3067 dictum
1964 3034 2029 3074 est,
2053 3033 2119 3066 aut
2141 3030 2179 3064 in
2203 3039 2363 3066 uxorum

137 3082 202 3112 aut
231 3080 468 3122 coynatorum
499 3086 628 3111 nomen
660 3075 865 3111 huiusmodi
893 3076 1106 3112 solutionem
1138 3081 1203 3113 aut
1232 3078 1426 3113 cessionem
1460 3081 1525 3113 aut
1555 3076 1794 3113 venditionem
1816 3075 1903 3121 fieri
1933 3086 1956 3110 a
1980 3074 2198 3111 debitoribus
2220 3085 2362 3117 curare,

137 3126 178 3157 ut
193 3133 267 3169 per
291 3121 397 3157 talem
421 3120 624 3156 machinam
648 3120 704 3156 illi
726 3121 867 3167 quidem
891 3122 1051 3167 inopiam
1070 3121 1323 3168 praetendant,
1347 3123 1411 3168 qui
1433 3133 1518 3159 vero
1542 3133 1592 3158 ex
1614 3121 1712 3157 dicto
1735 3121 2025 3166 arqentariorum
2040 3130 2194 3166 corpore
2211 3118 2363 3166 benique

136 3167 181 3202 iis
210 3166 450 3208 crediderunt,
482 3166 521 3201 in
545 3166 601 3201 ius
629 3176 759 3201 vocare
790 3171 969 3211 nequeant
1000 3167 1092 3209 illos,
1125 3167 1335 3213 quibuscum
1367 3171 1590 3203 contractum
1613 3166 1723 3201 inisse
1745 3175 1819 3200 non
1844 3163 2044 3207 videantur,
2066 3165 2104 3199 in
2128 3164 2197 3200 ltoc
2220 3175 2363 3211 quoquc

136 3223 179 3247 ca
209 3213 256 3247 ite
267 3223 399 3258 parem
423 3211 702 3255 munificentiam
727 3216 799 3247 tam
824 3212 1056 3256 arqentariis,
1081 3223 1190 3258 quam
1213 3213 1278 3258 qui
1305 3211 1480 3248 adversus
1494 3222 1556 3247 eos
1571 3211 1706 3246 similes
1721 3210 1985 3246 controversias
1998 3213 2140 3245 movent
2155 3209 2366 3247 exhibentes

136 3223 307 3299 iufemus,
331 3258 366 3293 si
387 3258 470 3303 quis
493 3257 693 3293 debitorum
717 3255 800 3291 dolo
823 3256 955 3300 fecisse
977 3256 1251 3302 demonstretur,
1283 3267 1328 3292 ne
1354 3267 1413 3293 res
1435 3267 1523 3292 suas
1544 3255 1742 3302 possideat,
1766 3259 1803 3290 et
1825 3255 1881 3290 ius
1903 3265 2007 3291 suum
2031 3254 2124 3290 clam
2148 3255 2186 3290 in
2209 3255 2363 3290 alterum

137 3303 383 3344 transtulisse,
418 3302 525 3338 licere
556 3301 741 3337 actoribus
765 3311 833 3347 per
865 3301 1041 3336 actionem
1075 3303 1111 3337 in
1143 3313 1219 3337 rem
1249 3301 1400 3337 aliamve
1430 3301 1626 3353 leqitimam
1655 3305 1691 3336 et
1744 3303 1862 3335 actum
1893 3310 2094 3347 coarquere
2123 3303 2160 3336 et
2189 3299 2363 3336 adversus

136 3347 252 3382 dictas
280 3358 340 3383 res
394 3349 476 3383 uasi
504 3346 675 3383 debitoris
707 3346 781 3382 sint
793 3346 1008 3393 procedere,
1039 3351 1075 3382 et
1098 3346 1257 3392 undique
1278 3345 1544 3382 machinatione
1563 3345 1674 3391 pulsa
1723 3355 1866 3381 amnum
1884 3355 1988 3380 suum
2012 3350 2049 3381 et
2069 3345 2107 3380 in
2131 3344 2248 3381 debito
2266 3349 2301 3381 et
2323 3344 2362 3379 in

136 3393 308 3439 expensis
339 3403 360 3428 ο
414 3391 484 3428 hoc
514 3393 631 3438 factis
661 3392 808 3427 sarcire.
855 3389 996 3427 Scimus
1022 3392 1113 3427 enim
1138 3391 1364 3438 eloquentiae
1385 3394 1468 3427 tuae
1491 3391 1748 3437 memoratique
1770 3389 2024 3437 qloriosissimi
2048 3390 2117 3426 viri
2139 3389 2362 3436 diligentiam

181 3575 199 3606 7
232 3574 379 3614 ἔχοντας
403 3574 519 3615 Kroll]
552 3570 660 3606 ὄντας
683 3574 729 3607 Μ
754 3573 766 3616 ΙΙ
799 3574 819 3607 9
844 3573 887 3616 cf.
911 3584 984 3606 nov.
1012 3572 1217 3606 CXXXVI
1281 3572 1468 3605 Zachariae
1494 3571 1507 3615 ss
1538 3572 1580 3605 22
1600 3567 1665 3613 οὐχ
1690 3572 1747 3605 Ma
1777 3571 1790 3616 ΙΙ
1820 3573 1864 3606 24
1887 3568 2177 3616 ἐποφειλομένων
2202 3572 2250 3614 M,
2275 3583 2358 3606 corr.

137 3619 186 3650 ed.
212 3619 279 3651 IX.
312 3618 324 3661 ΙΙ
358 3619 397 3652 11
431 3614 503 3652 ὑπὸ
536 3615 688 3652 ὑπάτων
719 3621 778 3651 καὶ
808 3619 1013 3662 πατρικίων
1046 3616 1096 3656 M,
1128 3629 1209 3650 corr.
1281 3618 1322 3650 R.
1349 3617 1528 3650 Schneider
1557 3616 1568 3656 ΙΙ
1598 3618 1638 3650 25
1666 3614 1750 3650 τοὺς
1773 3617 1973 3658 Zachariae]
1995 3611 2121 3650 αὐτοὺς
2146 3617 2191 3651 Μ
2213 3620 2226 3661 ΙΙ
2255 3618 2298 3651 29
2320 3616 2358 3652 in

138 3662 301 3707 Scrimyer
330 3662 342 3707 ss
378 3664 418 3697 16
445 3661 467 3706 ἢ
499 3660 601 3697 αὐτοὶ
626 3664 742 3704 Kroll]
767 3662 801 3696 οἱ
826 3659 925 3696 αὐτοὶ
950 3663 997 3696 M
1021 3661 1033 3706 l}
1063 3661 1097 3695 οἱ
1129 3662 1207 3696 aad.
1278 3662 1346 3696 rem
1372 3663 1416 3696 M
1428 3662 1440 3706 ΙΙ
1459 3663 1498 3697 31
1527 3659 1645 3696 αὐτοῖς
1670 3662 1717 3696 M
1726 3662 1739 3706 ΙΙ
1758 3662 1817 3707 leq.
1840 3663 2068 3707 γενομένοιςῖ
