2476 3854
104 101 211 145 Nov.
237 100 369 144 CLXI
402 105 435 144 1.
458 104 482 143 2
1173 98 1258 144 746

1957 115 2016 145 DE
2044 114 2333 147 PRAESIDIBUS

105 213 351 256 ἐκπεσοῦνται,
376 215 448 246 τοῖς
471 210 695 255 ἠδικημένοις
718 211 807 255 πρὸς
830 210 899 246 τὸν
922 211 1037 256 νόμον
1059 213 1119 245 καὶ
1142 209 1185 245 τὸ
1206 212 1284 245 τῶν
1312 209 1546 254 ἀδικημάτων
1564 215 1696 257 μέτρον
1710 212 1842 255 ταύτης
1857 210 2189 260 διαιρεθησομένης,
2214 213 2332 247 καθά-

105 269 173 302 περ
204 254 250 291 ἂν
281 253 303 300 ἣ
331 261 413 302 περὶ
445 255 570 290 τούτου
603 257 778 302 προϊοῦσα
809 256 936 302 πρᾶξις
967 260 1026 290 καὶ
1051 257 1089 289 ἐκ
1112 256 1192 298 μιᾶς
1215 260 1340 302 μοίρας
1364 255 1457 291 κατὰ
1487 257 1531 291 τὸ
1562 256 1692 301 πρώην
1715 258 2052 302 νενομοθετημένον
2076 259 2331 304 παραστήσειε.

104 303 130 338 3
165 301 222 344 [τὰ
237 302 448 356 εἰςαχθέντα
464 299 555 346 ὑπὲρ
571 301 647 334 τῶν
664 298 852 335 ὑποτελῶν
868 299 1070 346 διαμενέτω
1085 303 1219 345 βέβαια
1227 304 1248 343 ·]
1265 300 1455 346 μενόντων
1472 299 1638 344 δηλονότι
1654 305 1713 337 καὶ
1728 303 1806 337 τῶν
1823 300 1947 337 ἄλλων
1962 306 2136 348 βεβαίων,
2155 299 2224 337 ὅσα
2241 302 2333 349 πρὸς

104 346 173 390 τὴν
196 348 274 382 τῶν
297 345 483 382 υποτελιῦν
507 344 728 380 λυσιτέλειαν
742 349 825 391 περὶ
847 348 925 381 τῶν
949 343 1137 393 ἀρχόντων
1161 345 1277 381 καλῶς
1300 344 1399 394 παρὰ
1424 347 1486 391 τῆς
1509 346 1692 387 βασιλείας
1714 348 2012 392 νενομοθέτηται.
2045 345 2162 394 ὥςπερ
2187 346 2228 382 δὲ
2250 346 2332 381 τοὺς

104 393 220 426 ταῦτα
242 390 533 436 πλημμελοῦντας
555 390 763 434 κολάζομεν,
788 387 903 426 οὕτως
926 395 986 426 καὶ
1009 389 1091 427 τοὺς
1110 390 1203 426 κατὰ
1223 390 1360 435 ταύτην
1375 390 1445 436 τὴν
1461 391 1648 439 πρόφασιν
1666 392 1916 438 λαμβάνοντάς
1931 407 1966 428 τι
1982 393 2060 427 τῶν
2075 391 2332 438 κεκωλυμένων
2377 397 2397 430 5

105 435 189 483 παρ’
209 434 333 472 αὐτῶν
355 438 399 484 τῇ
423 437 486 471 τοῦ
510 436 773 482 τετραπλασίου
797 436 1125 482 καθυποβάλλομεν
1147 434 1330 472 ἀποδόσει.

1107 572 1265 609 CAPUT
1288 572 1335 607 11.

242 654 316 685 Καὶ
340 652 456 686 ταῦτα
480 651 697 694 νομοθετεῖν
721 649 886 693 ἐπῆλθεν
909 648 997 694 ἡμῖν
1019 649 1089 695 τὴν
1113 652 1190 687 τῶν
1213 649 1386 695 ὑπηκόων
1409 649 1582 697 εὐπορίαν
1597 664 1637 685 τε
1660 654 1720 686 καὶ
1745 652 1949 698 θεραπείαν
1964 655 2047 699 περὶ
2063 650 2196 687 πολλοῦ
2213 663 2333 687 ποιου-

105 698 235 740 μένοις,
259 693 300 730 οὗ
324 696 398 740 μὴν
416 697 491 731 τῶν
510 696 686 730 ἐντεῦθεν
702 695 939 742 εἰςαγομένων
954 697 999 743 τῇ
1022 695 1190 741 βασιλείᾳ
1214 695 1354 742 πόρων.
1395 699 1682 742 συναναιροῦμεν
1703 697 1772 743 γὰρ
1796 700 1874 731 ταῖς
1896 698 1974 732 τῶν
1996 695 2185 744 ἀρχόντων
2209 695 2333 731 δόσεσι

105 744 163 774 καὶ
189 742 235 775 τὰ
259 742 345 787 παρ’
365 740 489 776 αὐτῶν
512 737 757 787 προςαγόμενα
782 742 835 783 τῷ
860 739 1039 785 βασιλικῷ
1061 741 1158 789 λόγῳ
1184 742 1354 786 suffragia
1377 742 1424 776 εἰς
1448 740 1618 777 πλεῖστον
1641 740 1748 788 ὄγκον
1771 741 2022 787 ἀναφερόμενα
2046 741 2250 789 χρημάτων,
2273 742 2334 775 ἵνα

105 789 164 820 καὶ
195 785 311 834 ταύτῃ
344 798 421 822 πως
452 785 495 821 τὸ
529 785 704 831 δημόσιον
727 783 872 831 εὔροιαν
903 788 977 829 ἔχοι
1008 790 1067 820 καὶ
1094 786 1183 831 πρὸς
1214 785 1470 835 εὐπορωτέραν
1493 786 1693 823 ἐπανέλθοι
1724 784 1830 827 τάξιν
1853 785 2128 834 ἀπηλλαγμένον
2155 788 2235 822 τῶν
2256 784 2334 823 ἐπι·
2361 788 2400 821 10

105 844 210 874 νενοη
240 835 334 866 ένων
357 835 453 867 τισὶν
476 829 550 867 ἀπὸ
574 832 703 877 χρόνου
725 831 825 865 τινὸς
849 831 938 876 πρὸς
960 830 1104 877 βλάβην
1126 831 1254 867 τούτου
1279 832 1403 867 τελῶν.
1449 833 1504 879 τῷ
1536 831 1604 879 γὰρ
1627 830 1789 887 ἡμετέρῳ
1814 831 1936 877 κράτει
1957 837 2024 877 μία
2046 836 2099 867 τίς
2122 833 2222 866 ἐστιν
2245 827 2334 875 αὕτη

105 888 200 911 σπου
225 876 257 921 ἡ,
286 876 349 911 τὰς
380 879 551 925 ἐπαρχίας
581 875 820 920 εὐνομεῖσθαί
849 889 889 910 τε
918 880 977 910 καὶ
1002 876 1173 924 ἀσφαλῶς
1196 879 1377 912 οἰκεῖσθαι
1400 880 1458 911 καὶ
1482 878 1544 921 τῆς
1567 878 1646 912 ’τῶν
1668 875 1856 924 ἇρχοντων
1879 875 2076 912 ἀπολαύειν
2100 875 2335 918 δικαιοσύνης,

105 923 187 956 τούς
218 935 259 957 τε
291 921 479 966 δημοσίους
506 921 703 967 ἀμέμπτως
734 920 940 967 εἰςάγεσθαέ
972 922 1110 968 φόρους.
1159 921 1201 957 οὗ
1224 923 1293 970 γὰρ
1318 922 1436 957 ἄλλως
1458 926 1580 957 ἔνεστι
1602 921 1644 957 τὸ
1670 921 1867 966 πολίτευμα
1899 921 2157 966 διασώζεσθαι,
2186 920 2235 966 μὴ
2257 921 2337 956 τῶν

106 963 268 1010 εὐσεβῶν
291 968 528 1016 εἱςαγομένων
559 966 798 1012 τελεσμάτων,
831 966 870 1007 ἐξ
901 967 955 1000 ὠν
986 967 1027 1001 τὸ
1058 970 1126 1010 μὲν
1156 981 1201 1003 στ
1226 968 1423 1003 ατιωτικὸν
1454 967 1676 1013 τρεφόμενον
1704 971 1778 1002 τοῖς
1807 966 1989 1012 πολεμίοις
2018 965 2336 1009 ἅντικαθίσταται,

107 1016 254 1058 φρουρεῖ
282 1012 322 1047 δὲ
344 1012 425 1048 τούς
447 1027 487 1047 τε
512 1010 640 1060 ἀγροὺς
663 1015 722 1046 καὶ
746 1009 809 1046 τοὶς
829 1010 960 1056 πόλεις,
990 1010 1167 1048 ἀπολαύει
1199 982 1239 1048 δὲ
1269 1016 1328 1048 καὶ
1357 1012 1404 1048 τὰ
1435 1011 1544 1047 λοιποὶ
1575 1010 1744 1060 τάγματα
1771 1013 1848 1067 τῶν
1871 1010 2184 1066 ἀπονεμηθέντων
2208 1011 2335 1050 αὐτοῖς,
2363 1013 2403 1047 15

105 1061 220 1112 τείχη,
236 1071 276 1092 τε
306 1061 365 1092 καὶ
396 1057 516 1094 πόλεις
546 1058 843 1103 ἐπανορθοῦνται
873 1060 933 1092 καὶ
964 1057 1011 1092 τοὶ
1041 1057 1133 1093 ἄλλα
1162 1056 1286 1094 πάντα
1317 1057 1482 1105 πρόεισιν
1514 1053 1583 1092 ὅσα
1613 1059 1740 1103 βλέπει
1770 1069 1858 1104 προς
1886 1057 1929 1093 τὸ
1951 1071 2052 1106 κοινῃ
2075 1059 2244 1093 συνοῖσον
2265 1059 2339 1091 τοῖς

106 1115 284 1146 υπηκοοις.

241 1170 531 1219 (Ἐπίλυγος.)
583 1171 632 1205 Τὰ
655 1173 780 1205 τοίνυν
803 1169 1046 1216 παραστάντα
1069 1169 1154 1215 ἡμῖν
1177 1174 1236 1205 καὶ
1261 1168 1323 1205 διὰ
1343 1168 1451 1206 τοῦδε
1475 1160 1675 1215 δηλοῗιμενα
1698 1167 1811 1215 νόμου
1834 1168 1856 1214 ἡ
1879 1169 1924 1214 σὴ
1946 1168 2135 1214 ἐνδοξότης
2157 1168 2250 1205 κατὰ
2272 1167 2339 1213 τὴν

107 1213 304 1261 εὐδαίμονα
328 1215 436 1251 πόλιν
461 1219 500 1252 ἐν
524 1220 598 1251 τοῖς
620 1214 774 1250 εἰωθόσι
797 1214 921 1251 τόποις
944 1214 1135 1262 προθήσει,
1169 1216 1287 1251 στελεῖ
1314 1214 1353 1251 δι’
1383 1219 1442 1250 καὶ
1470 1213 1563 1250 κατα
1596 1214 1662 1250 τὰς
1687 1217 1858 1261 ἐπαρχίας
1881 1218 1953 1250 τοῖς
1975 1216 2152 1260 συνήθεσι
2220 1216 2339 1259 ωμένη

108 1260 387 1309 προςτάγμασιν,
419 1262 479 1296 ἵνα
511 1262 642 1298 πάντες
666 1259 802 1303 εἰδεῖεν,
836 1258 903 1304 ὅση
936 1273 990 1296 τις
1021 1260 1107 1306 ἡμῖν
1130 1263 1208 1296 ἐστι
1231 1262 1295 1296 τοῦ
1319 1274 1360 1296 τε
1379 1259 1550 1305 δημοσίου
1572 1261 1633 1304 τῆς
1655 1273 1696 1295 τε
1719 1263 1796 1295 τῶν
1819 1259 1992 1305 ὑπηκόων
2015 1258 2121 1307 ἡμῶν
2143 1227 2340 1306 ἆέλαβείας
2364 1262 2406 1295 20

108 1312 264 1355 φροντίς.
310 1307 417 1353 (Dat.
441 1335 447 1343 .
476 1334 483 1342 .
511 1336 519 1344 .
545 1308 632 1344 Dec.
670 1307 805 1342 Tiberii
828 1306 1056 1343 Constantini
1078 1307 1274 1343 felicissimi
1297 1306 1461 1343 Caesaris
1484 1316 1580 1343 anno
1603 1306 1633 1342 I.
1658 1306 1730 1343 ind.
1755 1306 1875 1351 VIII.)
2185 1308 2233 1348 [α.
2257 1306 2338 1346 574]

243 1410 264 1452 ἐ
281 1411 301 1444 3
325 1410 359 1452 (3
383 1406 576 1454 μενόντων
600 1407 768 1454 δηλονότι
781 1429 823 1434 -
840 1410 860 1443 6
884 1405 1074 1453 ἀποδόσει)
1098 1418 1186 1445 extat
1209 1411 1259 1444 B⁶
1276 1411 1308 1454 6,
1323 1418 1352 1453 3,
1364 1417 1411 1445 46.

110 1602 195 1638 dum
219 1601 330 1648 leqem
354 1603 390 1636 et
413 1600 629 1636 iniuriarum
653 1600 798 1636 modum
817 1599 1011 1642 dividatur,
1036 1600 1334 1646 quemadmodum
1359 1605 1443 1636 acta
1467 1600 1511 1636 de
1534 1611 1577 1635 ea
1600 1610 1641 1635 re
1663 1599 1760 1635 edita
1783 1599 1890 1634 etiam
1913 1609 1963 1635 ex
1985 1610 2058 1634 una
2074 1601 2195 1645 parte,
2217 1608 2342 1633 secun-

110 1648 135 1683 3
181 1647 264 1682 dum
296 1646 335 1682 id
364 1645 464 1692 quod
491 1646 632 1692 pridem
664 1646 842 1681 sancitum
874 1650 926 1681 est
957 1645 1209 1681 demonstrent.
1258 1645 1370 1688 [Quae
1387 1656 1461 1693 pro
1485 1645 1653 1681 subiectis
1672 1644 1879 1680 introducta
1902 1649 1987 1680 sunt
2037 1655 2116 1679 rma
2139 1645 2342 1685 maneant:]

111 1695 351 1738 maneantque
382 1691 550 1726 nimirum
574 1692 684 1736 firma
715 1692 821 1726 etiarn
854 1690 997 1736 reliqua
1028 1701 1122 1736 quae
1150 1691 1200 1726 ad
1217 1692 1406 1727 utilitatem
1429 1691 1667 1726 subiectorum
1691 1690 1736 1725 de
1753 1688 1985 1737 praesidibus
2030 1700 2094 1725 ene
2117 1689 2162 1725 ab
2186 1688 2341 1735 impera-

113 1742 192 1773 tore
222 1738 363 1772 sancita
388 1740 482 1771 sunt.
530 1735 835 1778 Quemadmodum
859 1739 977 1771 autem
998 1746 1060 1771 eos
1091 1737 1157 1782 qui
1176 1736 1228 1771 ita
1246 1740 1403 1782 peccant
1432 1736 1614 1782 punimus,
1638 1736 1690 1771 ita
1713 1745 1774 1770 eos
1796 1744 1939 1780 quoque
1962 1734 2027 1780 qui
2051 1733 2140 1780 quid
2155 1743 2228 1780 per
2249 1731 2344 1768 lianc

112 1793 258 1818 causam
283 1792 332 1818 ex
354 1781 461 1816 rebus
475 1781 676 1827 prohibitis
699 1781 743 1816 ab
764 1782 809 1816 iis
833 1781 1017 1827 accipiunt
1040 1780 1238 1827 quadrupli
1260 1781 1479 1816 restitutioni
1502 1780 1705 1816 subicimus.

245 1850 293 1886 11.
317 1850 434 1894 Atque
457 1848 546 1885 haec
569 1853 610 1884 ut
630 1849 852 1884 sanciremus
871 1848 910 1883 in
934 1852 1084 1884 mentem
1107 1847 1210 1884 nobis
1233 1847 1338 1890 venit,
1361 1848 1461 1894 quod
1474 1847 1713 1883 subiectorum
1726 1846 2006 1893 prosperitatem
2022 1850 2057 1881 et
2071 1845 2205 1881 cultum
2220 1855 2279 1880 ma
2306 1845 2343 1880 ni

110 1895 286 1942 facimus&
313 1905 379 1930 nec
402 1905 485 1930 vero
510 1893 686 1929 redituum
713 1894 795 1929 inde
817 1893 1038 1940 reipublicae
1068 1892 1352 1939 inserendorum.
1400 1892 1543 1929 Etenim
1575 1903 1647 1928 una
1681 1903 1759 1927 cum
1789 1892 2066 1938 maqistratuum
2091 1891 2280 1937 larqitioni
2301 1899 2345 1925 us

115 1941 273 1976 tollimus
305 1941 414 1975 etiam
445 1939 627 1985 suffi·aqia
651 1949 746 1985 quae
770 1939 1016 1986 imperialibus
1039 1938 1242 1981 rationibus
1266 1938 1309 1973 ab
1335 1938 1379 1974 iis
1402 1938 1666 1983 inferebantur,
1699 1948 1792 1983 quae
1816 1936 1958 1983 quidem
1981 1946 2150 1982 maqnum
2168 1936 2343 1982 pecunia-

112 1997 190 2021 rum
223 1985 400 2021 cumulum
433 1985 658 2030 efficiebant:
696 1988 736 2020 ut
767 1984 834 2019 ltoc
865 1995 1009 2030 quoque
1038 1983 1144 2019 modo
1175 1994 1235 2019 res
1261 1983 1409 2029 publica
1432 1983 1548 2018 salute
1570 1984 1736 2029 potiatur
1758 1987 1794 2018 et
1817 1981 1867 2017 ad
1886 1982 2156 2029 prosperiorem
2181 1980 2344 2016 ordinem

112 2031 236 2067 redeat
265 2031 417 2066 liberata
447 2029 755 2075 praestationibus
785 2040 878 2075 quae
905 2040 955 2065 ex
986 2033 1085 2065 certo
1119 2032 1277 2075 tempore
1307 2040 1330 2063 α
1359 2028 1541 2064 nonnullis
1571 2029 1608 2063 in
1638 2027 1887 2063 detrimentum
1912 2027 1989 2062 eius
2011 2026 2224 2073 eoecoqitata
2246 2029 2342 2061 sunt.

113 2076 299 2112 Maiestati
328 2076 421 2110 enim
453 2081 599 2111 nostrae
629 2086 739 2110 unum
763 2073 833 2110 hoc
855 2078 909 2111 est
929 2074 1098 2116 studium,
1123 2078 1163 2109 ut
1181 2074 1392 2127 provinciae
1414 2077 1448 2109 et
1472 2072 1576 2108 bonis
1600 2072 1737 2119 leqibus
1760 2076 1911 2108 utantur
1930 2075 1965 2108 et
1988 2072 2025 2107 in
2049 2071 2245 2108 securitate
2267 2080 2343 2107 ver-

112 2126 239 2157 sentur
271 2125 307 2156 et
330 2120 542 2168 praesidum
571 2120 712 2156 iustitia
732 2120 923 2166 fruantur,
955 2123 1066 2165 utque
1086 2118 1233 2166 publica
1258 2119 1392 2154 tributa
1415 2118 1515 2154 nullo
1539 2118 1684 2165 neqotio
1705 2118 1926 2164 inferantur.
1975 2116 2100 2163 Neque
2122 2116 2215 2151 enim
2238 2115 2345 2151 aliter

112 2178 171 2201 res
195 2166 345 2212 publica
376 2165 515 2201 servari
536 2169 656 2212 potest
679 2165 750 2200 nisi
770 2165 843 2211 piis
867 2165 1010 2200 tributis
1033 2164 1157 2206 illatis,
1188 2174 1237 2200 ex
1261 2164 1389 2210 quibus
1412 2163 1594 2200 exercitus
1616 2163 1726 2199 alitus
1749 2161 1910 2198 hostibus
1933 2162 2079 2204 resistit,
2104 2171 2287 2207 aqrosque
2309 2163 2345 2196 et

114 2212 275 2248 civitates
299 2211 467 2253 custodit,
492 2222 536 2246 ac
558 2211 693 2256 reliqui
713 2221 857 2256 quoque
882 2210 1028 2246 ordines
1051 2209 1244 2245 commodis
1267 2210 1312 2244 iis
1335 2209 1518 2255 deputatis
1538 2208 1730 2254 fruuntur,
1753 2212 1790 2243 et
1813 2208 1908 2242 muri
1922 2211 1958 2243 et
1973 2207 2079 2244 urbes
2092 2207 2347 2242 instaurantur

113 2263 148 2293 et
166 2257 312 2303 reliqua
336 2256 456 2292 omnia
475 2256 683 2303 procedunt
705 2266 950 2302 quaecumque
972 2255 1021 2290 ad
1040 2265 1259 2290 communem
1281 2254 1520 2291 subiectorum
1543 2253 1733 2289 utilitatem
1756 2257 1935 2299 spectant.

250 2324 337 2371 Epi
346 2325 360 2359 l
368 2336 389 2360 o
396 2334 489 2371 qus.
536 2322 638 2366 Quae
668 2324 781 2370 iqitur
808 2324 913 2360 nobis
932 2323 1156 2369 placuerunt
1186 2327 1222 2358 et
1249 2333 1319 2369 per
1352 2324 1444 2357 hanc
1468 2321 1581 2369 leqem
1603 2321 1836 2357 declarantur
1860 2324 1922 2356 tua
1945 2318 2067 2365 qloria
2091 2319 2128 2354 in
2152 2317 2222 2354 hae
2242 2317 2346 2364 felici

114 2371 258 2407 civitate
289 2370 470 2405 consuetis
500 2370 538 2404 in
569 2369 658 2404 locis
684 2372 882 2416 proponet,
905 2369 1020 2405 mittet
1050 2373 1169 2404 autem
1197 2368 1235 2403 in
1265 2367 1475 2414 provincias
1505 2377 1649 2413 quoque
1679 2365 1798 2401 solitis
1830 2363 2011 2400 mandatis
2043 2374 2128 2405 usa,
2159 2367 2201 2399 ut
2223 2373 2346 2399 omnes

113 2418 241 2458 sciant,
266 2420 405 2461 quanta
427 2415 531 2451 nobis
555 2418 627 2451 tam
647 2414 730 2459 fisci
752 2425 861 2460 quam
883 2415 1125 2450 subiectorum
1149 2416 1357 2449 nostrorum
1380 2411 1639 2448 incolumitatis
1663 2421 1752 2447 cura
1774 2410 1831 2446 sit.

163 2609 179 2641 1
192 2606 270 2639 τῶν
283 2619 342 2639 om.
351 2605 403 2639 B‘
417 2605 430 2649 ΙΙ
449 2602 782 2648 διαιρεθησομένοις
792 2606 822 2638 L
841 2604 854 2650 11
869 2604 1052 2650 καθάπερ]
1063 2606 1123 2637 καὶ
1136 2617 1197 2638 κα-

115 2649 170 2684 θά
176 2663 242 2696 περ
253 2663 321 2684 cum
333 2652 528 2684 Haloandro
540 2652 628 2693 vuly.
641 2649 654 2695 ΙΙ
665 2647 836 2695 καθάπερ
844 2670 884 2674 -
895 2648 1126 2696 παραστήσω
1138 2663 1195 2683 om.

118 2697 168 2729 B!
175 2695 215 2741 {12
232 2696 387 2729 ποιοῦσα
396 2696 469 2728 Ecl.
485 2695 498 2739 ss
517 2695 645 2740 πρᾶξις
655 2696 735 2736 LB]
751 2693 911 2735 διάταξις
921 2709 988 2729 cum
999 2696 1196 2728 Haloandro

116 2744 202 2784 vulq.
216 2742 297 2774 mate
312 2741 325 2784 ΙΙ
342 2738 385 2773 τὸ
401 2737 528 2785 πρώην
544 2740 892 2784 νενομοθετημένον]
908 2754 977 2774 nov.
994 2741 1101 2774 CXX
1111 2741 1202 2773 VIII

117 2788 196 2820 c.23
214 2785 226 2829 11
244 2784 468 2832 παραστήσω
487 2788 515 2818 Β
533 2786 545 2829 fl
564 2788 583 2819 3
597 2786 717 2819 *verba
730 2786 776 2819 τὰ
792 2785 1197 2829 εἰςαχθέντα-βέβαια

118 2844 201 2875 quae
217 2832 311 2874 vulyo
323 2833 490 2874 prioribus
507 2833 742 2872 continuantur,
756 2833 872 2865 seclusi
885 2845 923 2865 ex
938 2832 1101 2864 Theodori
1115 2843 1194 2864 sum-

116 2878 221 2910 mario
238 2877 331 2909 huius
346 2878 520 2909 sententiae
536 2873 582 2908 τὰ
599 2875 846 2918 εἰςενεχθέντα
862 2872 934 2911 ὑπὸ
953 2875 988 2916 (l.
1002 2874 1106 2920 ὑπὲρ)
1121 2875 1198 2909 τῶν

117 2918 307 2955 ὑποτελῶν
323 2917 594 2964 διαμενέτωσαν
610 2923 743 2963 βέβαια
762 2930 872 2955 temere
889 2924 921 2954 in
935 2922 966 2954 L
980 2922 1173 2964 interpolata
1187 2921 1199 2964 ΙΙ

119 2969 139 3001 5
159 2965 252 2999 κατὰ
276 2963 415 3007 ταύτην
439 2966 483 3006 L]
505 2961 581 2998 κατ’
612 2962 725 3007 αὐτὴν
750 2966 785 2999 Β
804 2965 816 3010 ΙΙ
831 2964 1117 3010 κεκωλυμμένων
1141 2967 1172 2999 L
1187 2968 1197 3009 ΙΙ

119 3015 140 3046 6
163 3011 208 3054 τῆ
234 3013 282 3053 Β]
308 3024 365 3044 om.
386 3012 417 3044 L
443 3011 455 3054 11
480 3009 787 3053 καθυποβιὶλομεν
812 3012 843 3044 L
867 3011 879 3055 ΙΙ
906 3007 1090 3045 ἀποδώσει
1114 3012 1164 3044 La
1195 3015 1200 3056 l

118 3059 137 3093 Ί
176 3047 341 3100 ἐπῆλθεν
373 3055 423 3100 Β]
459 3050 627 3098 ῧπῆλθεν
662 3057 693 3088 L
717 3057 802 3099 vuly.
832 3055 846 3100 ΙΙ
878 3057 898 3090 8
929 3057 1007 3091 τῶν
1039 3070 1098 3090 om.
1129 3057 1165 3090 B
1195 3057 1200 3099 Ι

1266 2603 1554 2648 συναναιροῦμεν
1589 2603 1777 2636 Zachariae
1813 2602 1894 2643 (sim.
1933 2601 1967 2635 0.
1997 2600 2037 2635 G.
2063 2600 2106 2634 Ε.
2132 2599 2344 2643 Heimbacm

1266 2650 1507 2694 συναιροῦμεν
1530 2649 1561 2681 L
1584 2649 1806 2693 συναιρεῖται
1829 2647 1897 2690 μὲν
1919 2646 1955 2679 Β
1972 2645 1985 2689 ΙΙ
2002 2648 2022 2680 9
2046 2644 2194 2687 sufragia
2209 2645 2240 2678 L
2264 2655 2344 2678 σου-

1266 2692 1402 2739 φράγια
1427 2695 1462 2727 Β
1481 2693 1494 2738 ΙΙ
1514 2696 1552 2727 10
1577 2691 1737 2738 εὗρροιεν
1762 2693 1793 2726 L
1811 2692 1823 2735 ΙΙ
1846 2694 1920 2733 ἔχοι
1945 2690 2004 2732 L⁶1
2025 2693 2087 2737 ἔχῃ
2112 2691 2200 2724 LaB
2218 2690 2230 2732 ΙΙ
2245 2687 2346 2729 τάξις

1270 2741 1315 2772 La
1340 2743 1353 2783 ΙΙ
1376 2740 1654 2782 ἐπινενοημένον
1677 2739 1708 2771 L
1733 2737 1745 2781 ΙΙ
1778 2739 1815 2772 11
1831 2750 1902 2780 sqq.
1927 2738 1971 2779 cf.
1995 2749 2065 2770 nov.
2096 2736 2252 2769 CXLIX
2272 2747 2298 2768 c.
2324 2736 2344 2768 2

1264 2798 1298 2828 p.
1316 2786 1392 2822 724,
1407 2792 1437 2818 21
1451 2797 1521 2828 sqq.
1537 2786 1550 2827 ΙΙ
1573 2786 1611 2818 13
1635 2780 1838 2827 ἀμέμπτους
1861 2783 1893 2815 L
1911 2781 1924 2826 ss
1942 2782 1982 2816 18
2010 2777 2128 2822 τοῦδε]
2152 2780 2216 2814 τοῦ
2241 2779 2345 2813 θείου

1267 2831 1343 2863 add.
1379 2830 1574 2863 Haloander
1607 2837 1718 2862 temere
1744 2827 1750 2868 Ι
1789 2829 1829 2862 19
1866 2824 1985 2864 στελεῖ
2015 2826 2222 2867 Haloander]
2251 2823 2344 2858 τέλει

1266 2875 1297 2908 L
1326 2876 1338 2919 ΙΙ
1368 2876 1410 2909 20
1435 2871 1561 2907 εἰδεῖεν
1586 2874 1703 2914 Kroll]
1727 2872 1740 2905 ι’
1765 2875 1836 2907 εἷεν
1859 2872 1904 2915 L,
1926 2868 2038 2904 ἴδοιεν
2055 2883 2122 2904 cum
2147 2870 2344 2904 Hatoandro

1266 2921 1350 2963 vulq.
1383 2919 1388 2963 Ι
1422 2921 1461 2954 21
1496 2922 1619 2952 subscr.
1652 2919 1772 2960 reflua-i
1803 2931 1841 2951 ex
1874 2918 2042 2950 Theodoro
2074 2917 2131 2958 qui
2155 2916 2250 2948 habet
2272 2912 2343 2954 ἐξε-

1267 2962 1370 3010 φωνή
1405 2977 1426 3007 η
1450 2966 1536 3008 μηνὶ
1560 2960 1759 3009 δεκεμβρίῳ
1784 2959 1852 2997 ἰνδ.
1871 2958 1903 3005 η’
1930 2962 1990 2995 ἐπὶ
2010 2960 2072 3003 τῆς
2084 2956 2268 3004 βασιλείας
2287 2960 2341 2992 Τι-

1266 3013 1395 3055 βερίου.
