<?xml version="1.0" encoding="UTF-8"?>
<!DOCTYPE html PUBLIC "-//W3C//DTD XHTML 1.0 Transitional//EN"
    "http://www.w3.org/TR/xhtml1/DTD/xhtml1-transitional.dtd">
<html xmlns="http://www.w3.org/1999/xhtml" xml:lang="en" lang="en">
 <head>
  <title>
</title>
<meta http-equiv="Content-Type" content="text/html;charset=utf-8" />
  <meta name='ocr-system' content='tesseract 3.04.00' />
  <meta name='ocr-capabilities' content='ocr_page ocr_carea ocr_par ocr_line ocrx_word'/>
</head>
<body>
  <div class='ocr_page' id='page_1' title='image "./corpusjuriscivil00krueuoft_0591.png"; bbox 0 0 2476 3854; ppageno 0'>
   <div class='ocr_carea' id='block_1_1' title="bbox 97 169 604 203">
    <p class='ocr_par' dir='ltr' id='par_1_1' title="bbox 97 169 604 203">
     <span class='ocr_line' id='line_1_1' title="bbox 97 169 604 203; baseline 0 0"><span class='ocrx_word' id='word_1_1' title='bbox 97 171 156 203; x_wconf 73' lang='lat' dir='ltr'><strong>m·</strong></span> <span class='ocrx_word' id='word_1_2' title='bbox 182 169 301 202; x_wconf 74' lang='lat' dir='ltr'>ALIIS</span> <span class='ocrx_word' id='word_1_3' title='bbox 328 169 604 203; x_wconf 71' lang='lat' dir='ltr'>PARENTIBUS</span> 
     </span>
    </p>
   </div>
   <div class='ocr_carea' id='block_1_2' title="bbox 95 262 1173 589">
    <p class='ocr_par' dir='ltr' id='par_1_2' title="bbox 95 262 1173 589">
     <span class='ocr_line' id='line_1_2' title="bbox 97 262 1170 303; baseline -0.004 0"><span class='ocrx_word' id='word_1_4' title='bbox 97 269 166 303; x_wconf 83' lang='grc' dir='ltr'><strong>τὸν</strong></span> <span class='ocrx_word' id='word_1_5' title='bbox 182 270 349 303; x_wconf 76' lang='grc' dir='ltr'><strong><em>τοιοῦτον</em></strong></span> <span class='ocrx_word' id='word_1_6' title='bbox 371 266 511 303; x_wconf 76' lang='grc' dir='ltr'><strong><em>ἀνελεῖν</em></strong></span> <span class='ocrx_word' id='word_1_7' title='bbox 533 266 663 302; x_wconf 73' lang='grc' dir='ltr'><strong><em>οὐδένα</em></strong></span> <span class='ocrx_word' id='word_1_8' title='bbox 682 264 851 301; x_wconf 77' lang='grc' dir='ltr'><strong><em>κίνδυνον</em></strong></span> <span class='ocrx_word' id='word_1_9' title='bbox 874 266 1049 300; x_wconf 74' lang='grc' dir='ltr'><strong><em>ἐντεῦθεν</em></strong></span> <span class='ocrx_word' id='word_1_10' title='bbox 1070 262 1170 299; x_wconf 67' lang='grc' dir='ltr'><strong><em>οὖλα-</em></strong></span> 
     </span>
     <span class='ocr_line' id='line_1_3' title="bbox 96 306 1172 359; baseline -0.004 -11"><span class='ocrx_word' id='word_1_11' title='bbox 96 315 272 359; x_wconf 79' lang='grc' dir='ltr'><strong><em>βουμένῳ.</em></strong></span> <span class='ocrx_word' id='word_1_12' title='bbox 320 314 350 348; x_wconf 81' lang='grc' dir='ltr'><strong><em>εἰ</em></strong></span> <span class='ocrx_word' id='word_1_13' title='bbox 380 311 420 347; x_wconf 73' lang='grc' dir='ltr'><strong>δὲ</strong></span> <span class='ocrx_word' id='word_1_14' title='bbox 447 315 487 348; x_wconf 70' lang='grc' dir='ltr'><strong><em>ἐν</em></strong></span> <span class='ocrx_word' id='word_1_15' title='bbox 517 312 616 356; x_wconf 78' lang='grc' dir='ltr'><strong>ἄλλῳ</strong></span> <span class='ocrx_word' id='word_1_16' title='bbox 646 310 752 355; x_wconf 80' lang='grc' dir='ltr'><strong><em>τόπῳ</em></strong></span> <span class='ocrx_word' id='word_1_17' title='bbox 783 311 851 345; x_wconf 83' lang='grc' dir='ltr'><strong>τὸν</strong></span> <span class='ocrx_word' id='word_1_18' title='bbox 879 312 1046 345; x_wconf 76' lang='grc' dir='ltr'><strong><em>τοιοῦτον</em></strong></span> <span class='ocrx_word' id='word_1_19' title='bbox 1075 306 1172 356; x_wconf 70' lang='grc' dir='ltr'><strong><em>εὕροι</em></strong></span> 
     </span>
     <span class='ocr_line' id='line_1_4' title="bbox 95 354 1172 406; baseline -0.004 -13"><span class='ocrx_word' id='word_1_20' title='bbox 95 359 186 404; x_wconf 78' lang='grc' dir='ltr'><strong><em>μετὰ</em></strong></span> <span class='ocrx_word' id='word_1_21' title='bbox 219 360 283 402; x_wconf 86' lang='grc' dir='ltr'><strong>τῆς</strong></span> <span class='ocrx_word' id='word_1_22' title='bbox 305 358 432 393; x_wconf 78' lang='grc' dir='ltr'><strong><em>ἑαυτοῦ</em></strong></span> <span class='ocrx_word' id='word_1_23' title='bbox 454 359 609 406; x_wconf 85' lang='grc' dir='ltr'><strong><em>γαμετῆς</em></strong></span> <span class='ocrx_word' id='word_1_24' title='bbox 633 355 898 404; x_wconf 72' lang='grc' dir='ltr'><strong><em>διαλεγόμενον,</em></strong></span> <span class='ocrx_word' id='word_1_25' title='bbox 931 354 994 390; x_wconf 79' lang='grc' dir='ltr'><strong>οὐκ</strong></span> <span class='ocrx_word' id='word_1_26' title='bbox 1018 355 1172 389; x_wconf 78' lang='grc' dir='ltr'><strong><em>ἔλαττον</em></strong></span> 
     </span>
     <span class='ocr_line' id='line_1_5' title="bbox 98 392 1173 450; baseline -0.004 -11"><span class='ocrx_word' id='word_1_27' title='bbox 98 405 211 449; x_wconf 80' lang='grc' dir='ltr'><strong><em>τριῶν</em></strong></span> <span class='ocrx_word' id='word_1_28' title='bbox 239 404 434 450; x_wconf 76' lang='grc' dir='ltr'><strong><em>μαρτύρων</em></strong></span> <span class='ocrx_word' id='word_1_29' title='bbox 464 400 690 444; x_wconf 72' lang='grc' dir='ltr'><strong><em>ἀξιοπίστων</em></strong></span> <span class='ocrx_word' id='word_1_30' title='bbox 712 399 1019 446; x_wconf 74' lang='grc' dir='ltr'><strong><em>συγκαλουμένων,</em></strong></span> <span class='ocrx_word' id='word_1_31' title='bbox 1050 397 1102 435; x_wconf 79' lang='grc' dir='ltr'><strong>δι’</strong></span> <span class='ocrx_word' id='word_1_32' title='bbox 1119 392 1173 434; x_wconf 71' lang='grc' dir='ltr'><strong>ὧν</strong></span> 
     </span>
     <span class='ocr_line' id='line_1_6' title="bbox 98 444 1171 492; baseline -0.002 -11"><span class='ocrx_word' id='word_1_33' title='bbox 98 445 286 489; x_wconf 79' lang='grc' dir='ltr'><strong><em>ἀποδεῖξαι</em></strong></span> <span class='ocrx_word' id='word_1_34' title='bbox 306 446 458 483; x_wconf 76' lang='grc' dir='ltr'><strong><em>δύναται</em></strong></span> <span class='ocrx_word' id='word_1_35' title='bbox 482 445 610 492; x_wconf 78' lang='grc' dir='ltr'><strong><em>ὅτιπερ</em></strong></span> <span class='ocrx_word' id='word_1_36' title='bbox 630 444 744 480; x_wconf 73' lang='grc' dir='ltr'><strong><em>αὐτὸν</em></strong></span> <span class='ocrx_word' id='word_1_37' title='bbox 765 447 854 490; x_wconf 81' lang='grc' dir='ltr'><strong><em>μετὰ</em></strong></span> <span class='ocrx_word' id='word_1_38' title='bbox 875 447 939 489; x_wconf 81' lang='grc' dir='ltr'><strong>τῆς</strong></span> <span class='ocrx_word' id='word_1_39' title='bbox 958 445 1087 480; x_wconf 79' lang='grc' dir='ltr'><strong><em>ἑαυτοῦ</em></strong></span> <span class='ocrx_word' id='word_1_40' title='bbox 1109 458 1171 492; x_wconf 78' lang='grc' dir='ltr'><strong>γα·</strong></span> 
     </span>
     <span class='ocr_line' id='line_1_7' title="bbox 97 486 1172 539; baseline -0.004 -12"><span class='ocrx_word' id='word_1_41' title='bbox 97 495 202 537; x_wconf 86' lang='grc' dir='ltr'><strong><em>μετῆς</em></strong></span> <span class='ocrx_word' id='word_1_42' title='bbox 219 486 315 539; x_wconf 70' lang='grc' dir='ltr'><strong><em>εὗρε,</em></strong></span> <span class='ocrx_word' id='word_1_43' title='bbox 336 494 390 536; x_wconf 75' lang='grc' dir='ltr'><strong>τῷ</strong></span> <span class='ocrx_word' id='word_1_44' title='bbox 407 492 556 539; x_wconf 73' lang='grc' dir='ltr'><strong><em>ἄρχοντι</em></strong></span> <span class='ocrx_word' id='word_1_45' title='bbox 575 489 821 538; x_wconf 71' lang='grc' dir='ltr'><strong><em>παραδιδόναι</em></strong></span> <span class='ocrx_word' id='word_1_46' title='bbox 839 493 893 534; x_wconf 80' lang='grc' dir='ltr'><strong>τῷ</strong></span> <span class='ocrx_word' id='word_1_47' title='bbox 910 491 954 524; x_wconf 84' lang='grc' dir='ltr'><strong>τὰ</strong></span> <span class='ocrx_word' id='word_1_48' title='bbox 971 490 1172 537; x_wconf 78' lang='grc' dir='ltr'><strong><em>ἐγκλήματα</em></strong></span> 
     </span>
     <span class='ocr_line' id='line_1_8' title="bbox 98 533 1170 589; baseline -0.004 -17"><span class='ocrx_word' id='word_1_49' title='bbox 98 538 302 580; x_wconf 74' lang='grc' dir='ltr'><strong><em>ἐξετάζοντι</em></strong></span> <span class='ocrx_word' id='word_1_50' title='bbox 311 564 321 581; x_wconf 83' lang='grc'><strong><em>,</em></strong></span> <span class='ocrx_word' id='word_1_51' title='bbox 337 539 474 572; x_wconf 81' lang='grc' dir='ltr'><strong><em>ἐκεῖνον</em></strong></span> <span class='ocrx_word' id='word_1_52' title='bbox 489 535 530 572; x_wconf 71' lang='grc' dir='ltr'><strong>δὲ</strong></span> <span class='ocrx_word' id='word_1_53' title='bbox 543 539 622 571; x_wconf 75' lang='grc' dir='ltr'><strong><em>ταῖς</em></strong></span> <span class='ocrx_word' id='word_1_54' title='bbox 636 533 833 589; x_wconf 60' lang='grc' dir='ltr'><strong><em>ἀληθείαις</em></strong></span> <span class='ocrx_word' id='word_1_55' title='bbox 838 534 1064 582; x_wconf 82' lang='grc' dir='ltr'><strong><em>γινώσκοντα</em></strong></span> <span class='ocrx_word' id='word_1_56' title='bbox 1080 534 1170 578; x_wconf 79' lang='grc' dir='ltr'><strong><em>μετὰ</em></strong></span> 
     </span>
    </p>
   </div>
   <div class='ocr_carea' id='block_1_3' title="bbox 1167 148 1252 198">
    <p class='ocr_par' dir='ltr' id='par_1_3' title="bbox 1167 148 1252 198">
     <span class='ocr_line' id='line_1_9' title="bbox 1167 148 1252 198; baseline 0 0"><span class='ocrx_word' id='word_1_57' title='bbox 1167 148 1252 198; x_wconf 85' lang='grc'><strong>565</strong></span> 
     </span>
    </p>
   </div>
   <div class='ocr_carea' id='block_1_4' title="bbox 1943 150 2317 195">
    <p class='ocr_par' dir='ltr' id='par_1_4' title="bbox 1943 150 2317 195">
     <span class='ocr_line' id='line_1_10' title="bbox 1943 150 2317 195; baseline -0.005 -3"><span class='ocrx_word' id='word_1_58' title='bbox 1943 151 2049 195; x_wconf 76' lang='grc' dir='ltr'><strong><em>Νον.</em></strong></span> <span class='ocrx_word' id='word_1_59' title='bbox 2079 150 2235 194; x_wconf 86' lang='lat' dir='ltr'>CXVII</span> <span class='ocrx_word' id='word_1_60' title='bbox 2271 153 2317 191; x_wconf 85' lang='grc'><strong>15</strong></span> 
     </span>
    </p>
   </div>
   <div class='ocr_carea' id='block_1_5' title="bbox 1207 260 2319 578">
    <p class='ocr_par' dir='ltr' id='par_1_5' title="bbox 1207 260 2319 578">
     <span class='ocr_line' id='line_1_11' title="bbox 1240 260 2316 310; baseline -0.002 -12"><span class='ocrx_word' id='word_1_61' title='bbox 1240 264 1307 299; x_wconf 81' lang='lat' dir='ltr'><strong>lem</strong></span> <span class='ocrx_word' id='word_1_62' title='bbox 1330 263 1502 308; x_wconf 84' lang='lat' dir='ltr'><strong>perimere</strong></span> <span class='ocrx_word' id='word_1_63' title='bbox 1532 263 1670 299; x_wconf 88' lang='lat' dir='ltr'><strong>nullum</strong></span> <span class='ocrx_word' id='word_1_64' title='bbox 1698 262 1894 310; x_wconf 88' lang='lat' dir='ltr'><strong>periculum</strong></span> <span class='ocrx_word' id='word_1_65' title='bbox 1924 271 1969 297; x_wconf 81' lang='lat' dir='ltr'><strong>ex</strong></span> <span class='ocrx_word' id='word_1_66' title='bbox 1998 261 2068 297; x_wconf 89' lang='lat' dir='ltr'><strong>hoc</strong></span> <span class='ocrx_word' id='word_1_67' title='bbox 2095 260 2316 296; x_wconf 75' lang='lat' dir='ltr'><strong>formidanti.</strong></span> 
     </span>
     <span class='ocr_line' id='line_1_12' title="bbox 1239 307 2318 345; baseline -0.003 -1"><span class='ocrx_word' id='word_1_68' title='bbox 1239 309 1278 344; x_wconf 88' lang='lat' dir='ltr'><strong>Si</strong></span> <span class='ocrx_word' id='word_1_69' title='bbox 1297 314 1416 345; x_wconf 80' lang='lat' dir='ltr'><strong>antem</strong></span> <span class='ocrx_word' id='word_1_70' title='bbox 1439 309 1477 344; x_wconf 88' lang='lat' dir='ltr'><strong>in</strong></span> <span class='ocrx_word' id='word_1_71' title='bbox 1493 309 1563 344; x_wconf 87' lang='lat' dir='ltr'><strong>alio</strong></span> <span class='ocrx_word' id='word_1_72' title='bbox 1585 309 1666 344; x_wconf 90' lang='lat' dir='ltr'><strong>loco</strong></span> <span class='ocrx_word' id='word_1_73' title='bbox 1689 308 1796 344; x_wconf 84' lang='lat' dir='ltr'><strong>talem</strong></span> <span class='ocrx_word' id='word_1_74' title='bbox 1818 307 1992 343; x_wconf 79' lang='lat' dir='ltr'><strong>invenerit</strong></span> <span class='ocrx_word' id='word_1_75' title='bbox 2014 316 2095 341; x_wconf 89' lang='lat' dir='ltr'><strong>cum</strong></span> <span class='ocrx_word' id='word_1_76' title='bbox 2114 316 2182 342; x_wconf 86' lang='lat' dir='ltr'><strong>sua</strong></span> <span class='ocrx_word' id='word_1_77' title='bbox 2205 315 2318 341; x_wconf 86' lang='lat' dir='ltr'><strong>uxore</strong></span> 
     </span>
     <span class='ocr_line' id='line_1_13' title="bbox 1239 351 2319 399; baseline -0.003 -10"><span class='ocrx_word' id='word_1_78' title='bbox 1239 354 1461 399; x_wconf 88' lang='lat' dir='ltr'><strong>loquentem,</strong></span> <span class='ocrx_word' id='word_1_79' title='bbox 1499 364 1570 389; x_wconf 92' lang='lat' dir='ltr'><strong>non</strong></span> <span class='ocrx_word' id='word_1_80' title='bbox 1605 355 1722 389; x_wconf 87' lang='lat' dir='ltr'><strong>minus</strong></span> <span class='ocrx_word' id='word_1_81' title='bbox 1756 353 1873 388; x_wconf 82' lang='lat' dir='ltr'><strong>tribus</strong></span> <span class='ocrx_word' id='word_1_82' title='bbox 1906 351 2061 388; x_wconf 82' lang='lat' dir='ltr'><strong>testibus</strong></span> <span class='ocrx_word' id='word_1_83' title='bbox 2094 351 2168 387; x_wconf 85' lang='lat' dir='ltr'><strong>fide</strong></span> <span class='ocrx_word' id='word_1_84' title='bbox 2203 351 2319 395; x_wconf 79' lang='lat' dir='ltr'>dignis</span> 
     </span>
     <span class='ocr_line' id='line_1_14' title="bbox 1240 396 2318 447; baseline -0.003 -13"><span class='ocrx_word' id='word_1_85' title='bbox 1240 401 1455 441; x_wconf 84' lang='lat' dir='ltr'><strong>convocatis,</strong></span> <span class='ocrx_word' id='word_1_86' title='bbox 1485 409 1552 444; x_wconf 90' lang='lat' dir='ltr'><strong>per</strong></span> <span class='ocrx_word' id='word_1_87' title='bbox 1575 409 1664 443; x_wconf 86' lang='lat' dir='ltr'><strong>quos</strong></span> <span class='ocrx_word' id='word_1_88' title='bbox 1689 399 1844 445; x_wconf 82' lang='lat' dir='ltr'><strong>probare</strong></span> <span class='ocrx_word' id='word_1_89' title='bbox 1872 396 1989 443; x_wconf 83' lang='lat' dir='ltr'><strong>possit</strong></span> <span class='ocrx_word' id='word_1_90' title='bbox 2018 396 2102 442; x_wconf 86' lang='lat' dir='ltr'><strong>quia</strong></span> <span class='ocrx_word' id='word_1_91' title='bbox 2125 406 2206 432; x_wconf 88' lang='lat' dir='ltr'><strong>eum</strong></span> <span class='ocrx_word' id='word_1_92' title='bbox 2238 406 2318 447; x_wconf 77' lang='lat' dir='ltr'><strong>cum</strong></span> 
     </span>
     <span class='ocr_line' id='line_1_15' title="bbox 1207 441 2317 488; baseline -0.002 -10"><span class='ocrx_word' id='word_1_93' title='bbox 1207 448 1226 479; x_wconf 86' lang='lat'>5</span> <span class='ocrx_word' id='word_1_94' title='bbox 1240 454 1306 478; x_wconf 85' lang='lat' dir='ltr'><strong>sua</strong></span> <span class='ocrx_word' id='word_1_95' title='bbox 1330 444 1480 488; x_wconf 85' lang='lat' dir='ltr'><strong>coniuge</strong></span> <span class='ocrx_word' id='word_1_96' title='bbox 1505 444 1688 488; x_wconf 84' lang='lat' dir='ltr'><strong>comperit,</strong></span> <span class='ocrx_word' id='word_1_97' title='bbox 1714 443 1824 478; x_wconf 90' lang='lat' dir='ltr'><strong>iudici</strong></span> <span class='ocrx_word' id='word_1_98' title='bbox 1846 442 1989 478; x_wconf 75' lang='lat' dir='ltr'>tradere</span> <span class='ocrx_word' id='word_1_99' title='bbox 2014 441 2163 477; x_wconf 81' lang='lat' dir='ltr'><strong>crimina</strong></span> <span class='ocrx_word' id='word_1_100' title='bbox 2185 450 2317 477; x_wconf 74' lang='lat' dir='ltr'><strong>exami-</strong></span> 
     </span>
     <span class='ocr_line' id='line_1_16' title="bbox 1239 489 2318 538; baseline 0.001 -15"><span class='ocrx_word' id='word_1_101' title='bbox 1239 489 1357 531; x_wconf 86' lang='lat' dir='ltr'><strong>nanti,</strong></span> <span class='ocrx_word' id='word_1_102' title='bbox 1390 489 1489 524; x_wconf 90' lang='lat' dir='ltr'><strong>illum</strong></span> <span class='ocrx_word' id='word_1_103' title='bbox 1519 498 1602 524; x_wconf 84' lang='lat' dir='ltr'><strong>vero</strong></span> <span class='ocrx_word' id='word_1_104' title='bbox 1633 499 1698 533; x_wconf 85' lang='lat' dir='ltr'><strong>pro</strong></span> <span class='ocrx_word' id='word_1_105' title='bbox 1732 489 1883 524; x_wconf 80' lang='lat' dir='ltr'><strong>veritate</strong></span> <span class='ocrx_word' id='word_1_106' title='bbox 1913 491 2204 538; x_wconf 73' lang='lat' dir='ltr'><strong>cognoscentem,</strong></span> <span class='ocrx_word' id='word_1_107' title='bbox 2233 492 2318 531; x_wconf 71' lang='lat' dir='ltr'><strong>post</strong></span> 
     </span>
     <span class='ocr_line' id='line_1_17' title="bbox 1239 530 2314 578; baseline -0.003 -10"><span class='ocrx_word' id='word_1_108' title='bbox 1239 536 1314 568; x_wconf 82' lang='lat' dir='ltr'><strong>tres</strong></span> <span class='ocrx_word' id='word_1_109' title='bbox 1338 543 1382 568; x_wconf 86' lang='lat' dir='ltr'><strong>ex</strong></span> <span class='ocrx_word' id='word_1_110' title='bbox 1406 534 1540 578; x_wconf 86' lang='lat' dir='ltr'><strong>scripto</strong></span> <span class='ocrx_word' id='word_1_111' title='bbox 1566 534 1844 569; x_wconf 80' lang='lat' dir='ltr'><strong>contestationes</strong></span> <span class='ocrx_word' id='word_1_112' title='bbox 1875 543 1956 569; x_wconf 90' lang='lat' dir='ltr'><strong>cum</strong></span> <span class='ocrx_word' id='word_1_113' title='bbox 1979 532 2044 568; x_wconf 82' lang='lat' dir='ltr'><strong>tali</strong></span> <span class='ocrx_word' id='word_1_114' title='bbox 2058 530 2210 566; x_wconf 78' lang='lat' dir='ltr'><strong>mahero</strong></span> <span class='ocrx_word' id='word_1_115' title='bbox 2232 541 2314 566; x_wconf 86' lang='lat' dir='ltr'><strong>eum</strong></span> 
     </span>
    </p>
   </div>
   <div class='ocr_carea' id='block_1_6' title="bbox 96 575 2319 852">
    <p class='ocr_par' dir='ltr' id='par_1_6' title="bbox 96 575 2319 807">
     <span class='ocr_line' id='line_1_18' title="bbox 96 575 2318 629; baseline -0.003 -12"><span class='ocrx_word' id='word_1_116' title='bbox 96 583 162 618; x_wconf 81' lang='grc' dir='ltr'><strong>τὰς</strong></span> <span class='ocrx_word' id='word_1_117' title='bbox 179 586 272 628; x_wconf 80' lang='grc' dir='ltr'><strong><em>τρεῖς</em></strong></span> <span class='ocrx_word' id='word_1_118' title='bbox 294 581 489 629; x_wconf 76' lang='grc' dir='ltr'><strong><em>ἐγγράφους</em></strong></span> <span class='ocrx_word' id='word_1_119' title='bbox 511 580 767 627; x_wconf 70' lang='grc' dir='ltr'><strong>διαμαρτυρίας</strong></span> <span class='ocrx_word' id='word_1_120' title='bbox 789 594 834 623; x_wconf 86' lang='grc' dir='ltr'><strong>τη</strong></span> <span class='ocrx_word' id='word_1_121' title='bbox 859 581 1009 628; x_wconf 85' lang='grc' dir='ltr'><strong><em>τοιαύτῃ</em></strong></span> <span class='ocrx_word' id='word_1_122' title='bbox 1031 582 1172 626; x_wconf 80' lang='grc' dir='ltr'><strong><em>γυναικὶ</em></strong></span> <span class='ocrx_word' id='word_1_123' title='bbox 1238 578 1430 621; x_wconf 85' lang='lat' dir='ltr'><strong>inventum,</strong></span> <span class='ocrx_word' id='word_1_124' title='bbox 1461 578 1567 613; x_wconf 80' lang='lat' dir='ltr'><strong>talem</strong></span> <span class='ocrx_word' id='word_1_125' title='bbox 1599 578 1739 622; x_wconf 88' lang='lat' dir='ltr'><strong>quidem</strong></span> <span class='ocrx_word' id='word_1_126' title='bbox 1769 582 1949 622; x_wconf 75' lang='lat' dir='ltr'><strong>tamquam</strong></span> <span class='ocrx_word' id='word_1_127' title='bbox 1979 587 2024 612; x_wconf 84' lang='lat' dir='ltr'><strong>ex</strong></span> <span class='ocrx_word' id='word_1_128' title='bbox 2054 576 2124 612; x_wconf 86' lang='lat' dir='ltr'><strong>hoc</strong></span> <span class='ocrx_word' id='word_1_129' title='bbox 2153 576 2231 612; x_wconf 81' lang='lat'><strong>8010</strong></span> <span class='ocrx_word' id='word_1_130' title='bbox 2254 575 2318 611; x_wconf 73' lang='lat' dir='ltr'><strong>ad-</strong></span> 
     </span>
     <span class='ocr_line' id='line_1_19' title="bbox 96 617 2318 674; baseline -0.003 -12"><span class='ocrx_word' id='word_1_131' title='bbox 96 628 228 662; x_wconf 82' lang='grc' dir='ltr'><strong><em>τοῦτον</em></strong></span> <span class='ocrx_word' id='word_1_132' title='bbox 256 628 518 674; x_wconf 76' lang='grc' dir='ltr'><strong><em>συνευρεθέντα</em></strong></span> <span class='ocrx_word' id='word_1_133' title='bbox 547 627 614 662; x_wconf 80' lang='grc' dir='ltr'><strong>τὸν</strong></span> <span class='ocrx_word' id='word_1_134' title='bbox 641 628 710 671; x_wconf 77' lang='grc' dir='ltr'><strong>μὲν</strong></span> <span class='ocrx_word' id='word_1_135' title='bbox 737 617 904 660; x_wconf 64' lang='grc' dir='ltr'><strong><em>τοιοῖτον</em></strong></span> <span class='ocrx_word' id='word_1_136' title='bbox 927 624 976 660; x_wconf 74' lang='grc' dir='ltr'><strong>ὠς</strong></span> <span class='ocrx_word' id='word_1_137' title='bbox 998 627 1038 659; x_wconf 73' lang='grc' dir='ltr'><strong>ἐκ</strong></span> <span class='ocrx_word' id='word_1_138' title='bbox 1099 625 1108 636; x_wconf 94' lang='grc'><strong>’</strong></span> <span class='ocrx_word' id='word_1_139' title='bbox 1239 623 1357 658; x_wconf 86' lang='lat' dir='ltr'><strong>ulterii</strong></span> <span class='ocrx_word' id='word_1_140' title='bbox 1389 623 1526 658; x_wconf 87' lang='lat' dir='ltr'><strong>crimini</strong></span> <span class='ocrx_word' id='word_1_141' title='bbox 1557 623 1801 659; x_wconf 80' lang='lat' dir='ltr'><strong>subiacentem</strong></span> <span class='ocrx_word' id='word_1_142' title='bbox 1833 623 1930 658; x_wconf 84' lang='lat' dir='ltr'><strong>nulla</strong></span> <span class='ocrx_word' id='word_1_143' title='bbox 1953 622 2024 658; x_wconf 82' lang='lat' dir='ltr'><strong>alia</strong></span> <span class='ocrx_word' id='word_1_144' title='bbox 2046 621 2186 657; x_wconf 78' lang='lat' dir='ltr'><strong>ratione</strong></span> <span class='ocrx_word' id='word_1_145' title='bbox 2209 630 2318 665; x_wconf 81' lang='lat' dir='ltr'><strong>quae-</strong></span> 
     </span>
     <span class='ocr_line' id='line_1_20' title="bbox 97 665 2318 718; baseline -0.003 -11"><span class='ocrx_word' id='word_1_146' title='bbox 97 673 226 707; x_wconf 77' lang='grc' dir='ltr'><strong><em>τούτου</em></strong></span> <span class='ocrx_word' id='word_1_147' title='bbox 246 673 300 715; x_wconf 77' lang='grc' dir='ltr'><strong>τῷ</strong></span> <span class='ocrx_word' id='word_1_148' title='bbox 324 674 387 715; x_wconf 82' lang='grc' dir='ltr'><strong>τῆς</strong></span> <span class='ocrx_word' id='word_1_149' title='bbox 408 676 565 715; x_wconf 77' lang='grc' dir='ltr'><strong>μοιχείας</strong></span> <span class='ocrx_word' id='word_1_150' title='bbox 594 669 789 718; x_wconf 78' lang='grc' dir='ltr'><strong><em>ἐγκλήματι</em></strong></span> <span class='ocrx_word' id='word_1_151' title='bbox 811 669 1045 705; x_wconf 73' lang='grc' dir='ltr'><strong><em>ὑποπεσόντα</em></strong></span> <span class='ocrx_word' id='word_1_152' title='bbox 1067 667 1171 714; x_wconf 79' lang='grc' dir='ltr'><strong><em>μηδε-</em></strong></span> <span class='ocrx_word' id='word_1_153' title='bbox 1187 672 1227 704; x_wconf 90' lang='grc'><strong>10</strong></span> <span class='ocrx_word' id='word_1_154' title='bbox 1238 667 1309 703; x_wconf 77' lang='lat' dir='ltr'><strong>sita</strong></span> <span class='ocrx_word' id='word_1_155' title='bbox 1342 669 1487 712; x_wconf 87' lang='lat' dir='ltr'><strong>punire,</strong></span> <span class='ocrx_word' id='word_1_156' title='bbox 1530 668 1709 703; x_wconf 78' lang='lat' dir='ltr'><strong>licentiam</strong></span> <span class='ocrx_word' id='word_1_157' title='bbox 1744 672 1864 703; x_wconf 79' lang='lat' dir='ltr'><strong>nutem</strong></span> <span class='ocrx_word' id='word_1_158' title='bbox 1898 669 1995 712; x_wconf 83' lang='lat' dir='ltr'><strong>&lt;esse</strong></span> <span class='ocrx_word' id='word_1_159' title='bbox 2030 667 2106 702; x_wconf 82' lang='lat' dir='ltr'><strong>viro</strong></span> <span class='ocrx_word' id='word_1_160' title='bbox 2142 665 2318 710; x_wconf 83' lang='lat' dir='ltr'><strong>quomodo</strong></span> 
     </span>
     <span class='ocr_line' id='line_1_21' title="bbox 96 711 2319 771; baseline -0.002 -20"><span class='ocrx_word' id='word_1_161' title='bbox 96 719 181 760; x_wconf 75' lang='grc' dir='ltr'><strong><em>μιᾶς</em></strong></span> <span class='ocrx_word' id='word_1_162' title='bbox 195 715 302 760; x_wconf 78' lang='grc' dir='ltr'><strong><em>ἄλλης</em></strong></span> <span class='ocrx_word' id='word_1_163' title='bbox 314 718 528 771; x_wconf 76' lang='grc' dir='ltr'><strong><em>ζητουμένης</em></strong></span> <span class='ocrx_word' id='word_1_164' title='bbox 542 713 758 756; x_wconf 77' lang='grc' dir='ltr'><strong><em>ἀποδείξεως</em></strong></span> <span class='ocrx_word' id='word_1_165' title='bbox 773 716 1028 761; x_wconf 76' lang='grc' dir='ltr'><strong><em>τιμωρεῖσθαι,</em></strong></span> <span class='ocrx_word' id='word_1_166' title='bbox 1043 713 1171 749; x_wconf 74' lang='grc' dir='ltr'><strong><em>ἄδειαν</em></strong></span> <span class='ocrx_word' id='word_1_167' title='bbox 1238 713 1390 748; x_wconf 80' lang='lat' dir='ltr'><strong>voluerit</strong></span> <span class='ocrx_word' id='word_1_168' title='bbox 1421 723 1523 748; x_wconf 89' lang='lat' dir='ltr'><strong>suam</strong></span> <span class='ocrx_word' id='word_1_169' title='bbox 1551 722 1699 748; x_wconf 81' lang='lat' dir='ltr'><strong>uxorem</strong></span> <span class='ocrx_word' id='word_1_170' title='bbox 1730 722 1902 748; x_wconf 82' lang='lat' dir='ltr'><strong>accusare</strong></span> <span class='ocrx_word' id='word_1_171' title='bbox 1930 716 1965 748; x_wconf 90' lang='lat' dir='ltr'><strong>et</strong></span> <span class='ocrx_word' id='word_1_172' title='bbox 1988 711 2182 748; x_wconf 84' lang='lat' dir='ltr'><strong>secundum</strong></span> <span class='ocrx_word' id='word_1_173' title='bbox 2205 711 2319 755; x_wconf 83' lang='lat' dir='ltr'><strong>leges&gt;</strong></span> 
     </span>
     <span class='ocr_line' id='line_1_22' title="bbox 98 758 1531 807; baseline -0.002 -11"><span class='ocrx_word' id='word_1_174' title='bbox 98 760 139 796; x_wconf 72' lang='grc' dir='ltr'><strong>δεῖ</strong></span> <span class='ocrx_word' id='word_1_175' title='bbox 159 762 252 796; x_wconf 73' lang='grc' dir='ltr'><strong><em>εἶναι</em></strong></span> <span class='ocrx_word' id='word_1_176' title='bbox 274 764 329 804; x_wconf 75' lang='grc' dir='ltr'><strong>τῷ</strong></span> <span class='ocrx_word' id='word_1_177' title='bbox 348 759 455 807; x_wconf 75' lang='grc' dir='ltr'><strong><em>ἀνδρὶ</em></strong></span> <span class='ocrx_word' id='word_1_178' title='bbox 477 773 525 796; x_wconf 88' lang='grc' dir='ltr'><strong>ως</strong></span> <span class='ocrx_word' id='word_1_179' title='bbox 548 760 593 795; x_wconf 75' lang='grc' dir='ltr'><strong>ἂν</strong></span> <span class='ocrx_word' id='word_1_180' title='bbox 616 761 789 805; x_wconf 77' lang='grc' dir='ltr'><strong><em>βούληται</em></strong></span> <span class='ocrx_word' id='word_1_181' title='bbox 812 762 876 803; x_wconf 84' lang='grc' dir='ltr'><strong>τῆς</strong></span> <span class='ocrx_word' id='word_1_182' title='bbox 898 759 990 794; x_wconf 77' lang='grc' dir='ltr'><strong><em>ἰδίας</em></strong></span> <span class='ocrx_word' id='word_1_183' title='bbox 1019 760 1172 807; x_wconf 83' lang='grc' dir='ltr'><strong><em>γαμετῆς</em></strong></span> <span class='ocrx_word' id='word_1_184' title='bbox 1238 759 1364 802; x_wconf 78' lang='lat' dir='ltr'><strong>exequi</strong></span> <span class='ocrx_word' id='word_1_185' title='bbox 1388 758 1531 794; x_wconf 77' lang='lat' dir='ltr'><strong>crimen.</strong></span> 
     </span>
    </p>

    <p class='ocr_par' dir='ltr' id='par_1_7' title="bbox 359 805 1172 852">
     <span class='ocr_line' id='line_1_23' title="bbox 359 805 1172 852; baseline -0.002 -12"><span class='ocrx_word' id='word_1_186' title='bbox 359 810 396 840; x_wconf 86' lang='grc' dir='ltr'><strong>αὶ</strong></span> <span class='ocrx_word' id='word_1_187' title='bbox 426 806 517 841; x_wconf 80' lang='grc' dir='ltr'><strong><em>κατὰ</em></strong></span> <span class='ocrx_word' id='word_1_188' title='bbox 550 807 632 840; x_wconf 84' lang='grc' dir='ltr'><strong><em>τοὺς</em></strong></span> <span class='ocrx_word' id='word_1_189' title='bbox 655 806 784 850; x_wconf 83' lang='grc' dir='ltr'><strong><em>νόμους</em></strong></span> <span class='ocrx_word' id='word_1_190' title='bbox 814 807 868 847; x_wconf 75' lang='grc' dir='ltr'><strong>τῷ</strong></span> <span class='ocrx_word' id='word_1_191' title='bbox 893 805 1086 852; x_wconf 78' lang='grc' dir='ltr'><strong><em>ἐγκλήματι</em></strong></span> <span class='ocrx_word' id='word_1_192' title='bbox 1109 806 1172 838; x_wconf 76' lang='grc' dir='ltr'><strong>ἐπ-</strong></span> 
     </span>
    </p>
   </div>
   <div class='ocr_carea' id='block_1_7' title="bbox 96 819 2320 2067">
    <p class='ocr_par' dir='ltr' id='par_1_8' title="bbox 97 820 357 841">
     <span class='ocr_line' id='line_1_24' title="bbox 97 820 357 841; baseline -0.004 0"><span class='ocrx_word' id='word_1_193' title='bbox 97 820 119 841; x_wconf 82' lang='grc' dir='ltr'><strong>ιι</strong></span> <span class='ocrx_word' id='word_1_194' title='bbox 253 820 307 840; x_wconf 82' lang='grc' dir='ltr'><strong>ειν</strong></span> <span class='ocrx_word' id='word_1_195' title='bbox 336 820 357 840; x_wconf 78' lang='grc' dir='ltr'><strong><em>κ</em></strong></span> 
     </span>
    </p>

    <p class='ocr_par' dir='ltr' id='par_1_9' title="bbox 96 819 2320 2067">
     <span class='ocr_line' id='line_1_25' title="bbox 97 819 2318 896; baseline -0.002 -8"><span class='ocrx_word' id='word_1_196' title='bbox 97 819 307 892; x_wconf 43' lang='lat' dir='ltr'><strong>largitam.</strong></span> <span class='ocrx_word' id='word_1_197' title='bbox 365 848 511 895; x_wconf 78' lang='grc' dir='ltr'><strong><em>Ἐπειδὴ</em></strong></span> <span class='ocrx_word' id='word_1_198' title='bbox 534 849 574 886; x_wconf 75' lang='grc' dir='ltr'><strong>δὲ</strong></span> <span class='ocrx_word' id='word_1_199' title='bbox 587 848 702 885; x_wconf 67' lang='grc' dir='ltr'><strong><em>οὕτως</em></strong></span> <span class='ocrx_word' id='word_1_200' title='bbox 724 847 951 896; x_wconf 81' lang='grc' dir='ltr'><strong><em>εὖρίσκονταί</em></strong></span> <span class='ocrx_word' id='word_1_201' title='bbox 972 861 1068 885; x_wconf 83' lang='grc' dir='ltr'><strong><em>τινες</em></strong></span> <span class='ocrx_word' id='word_1_202' title='bbox 1089 846 1172 884; x_wconf 76' lang='grc' dir='ltr'><strong><em>ἆσε-</em></strong></span> <span class='ocrx_word' id='word_1_203' title='bbox 1240 851 1263 885; x_wconf 89' lang='lat'>1</span> <span class='ocrx_word' id='word_1_204' title='bbox 1309 847 1400 893; x_wconf 72' lang='lat' dir='ltr'><strong>Quin.</strong></span> <span class='ocrx_word' id='word_1_205' title='bbox 1420 857 1503 884; x_wconf 83' lang='lat' dir='ltr'><strong>vero</strong></span> <span class='ocrx_word' id='word_1_206' title='bbox 1526 848 1579 883; x_wconf 75' lang='lat' dir='ltr'><strong>ita</strong></span> <span class='ocrx_word' id='word_1_207' title='bbox 1599 848 1867 893; x_wconf 84' lang='lat' dir='ltr'><strong>comperiuntur</strong></span> <span class='ocrx_word' id='word_1_208' title='bbox 1890 847 1999 893; x_wconf 81' lang='lat' dir='ltr'><strong>aliqui</strong></span> <span class='ocrx_word' id='word_1_209' title='bbox 2021 847 2131 892; x_wconf 85' lang='lat' dir='ltr'><strong>impii,</strong></span> <span class='ocrx_word' id='word_1_210' title='bbox 2154 851 2195 883; x_wconf 81' lang='lat' dir='ltr'><strong>ut</strong></span> <span class='ocrx_word' id='word_1_211' title='bbox 2211 847 2318 883; x_wconf 74' lang='lat' dir='ltr'><strong>etiam</strong></span> 
     </span>
     <span class='ocr_line' id='line_1_26' title="bbox 96 892 2318 941; baseline -0.001 -11"><span class='ocrx_word' id='word_1_212' title='bbox 96 899 187 941; x_wconf 79' lang='grc' dir='ltr'><strong><em>βεῒς,</em></strong></span> <span class='ocrx_word' id='word_1_213' title='bbox 211 893 300 931; x_wconf 69' lang='grc' dir='ltr'><strong><em>ὥςτε</em></strong></span> <span class='ocrx_word' id='word_1_214' title='bbox 318 899 379 930; x_wconf 76' lang='grc' dir='ltr'><strong>καὶ</strong></span> <span class='ocrx_word' id='word_1_215' title='bbox 394 898 435 931; x_wconf 80' lang='grc' dir='ltr'><strong>ἐν</strong></span> <span class='ocrx_word' id='word_1_216' title='bbox 450 900 657 941; x_wconf 80' lang='grc' dir='ltr'><strong><em>σεβασμίοις</em></strong></span> <span class='ocrx_word' id='word_1_217' title='bbox 677 896 784 930; x_wconf 82' lang='grc' dir='ltr'><strong><em>οἴκοις</em></strong></span> <span class='ocrx_word' id='word_1_218' title='bbox 797 894 937 938; x_wconf 81' lang='grc' dir='ltr'><strong><em>τολμᾶν</em></strong></span> <span class='ocrx_word' id='word_1_219' title='bbox 959 896 1007 930; x_wconf 76' lang='grc' dir='ltr'><strong>εἰς</strong></span> <span class='ocrx_word' id='word_1_220' title='bbox 1021 896 1173 930; x_wconf 75' lang='grc' dir='ltr'><strong><em>τοιαῦτα</em></strong></span> <span class='ocrx_word' id='word_1_221' title='bbox 1185 896 1226 928; x_wconf 97' lang='grc'><strong>15</strong></span> <span class='ocrx_word' id='word_1_222' title='bbox 1239 894 1278 928; x_wconf 90' lang='lat' dir='ltr'><strong>in</strong></span> <span class='ocrx_word' id='word_1_223' title='bbox 1297 893 1507 929; x_wconf 78' lang='lat' dir='ltr'><strong>venerandis</strong></span> <span class='ocrx_word' id='word_1_224' title='bbox 1530 893 1695 929; x_wconf 80' lang='lat' dir='ltr'><strong>domibus</strong></span> <span class='ocrx_word' id='word_1_225' title='bbox 1717 897 1948 938; x_wconf 79' lang='lat' dir='ltr'><strong>praesumant</strong></span> <span class='ocrx_word' id='word_1_226' title='bbox 1974 892 2012 927; x_wconf 90' lang='lat' dir='ltr'><strong>in</strong></span> <span class='ocrx_word' id='word_1_227' title='bbox 2035 893 2168 928; x_wconf 84' lang='lat' dir='ltr'><strong>talibus</strong></span> <span class='ocrx_word' id='word_1_228' title='bbox 2191 902 2231 928; x_wconf 86' lang='lat' dir='ltr'><strong>se</strong></span> <span class='ocrx_word' id='word_1_229' title='bbox 2252 892 2318 927; x_wconf 89' lang='lat' dir='ltr'><strong>mi·</strong></span> 
     </span>
     <span class='ocr_line' id='line_1_27' title="bbox 98 937 2318 988; baseline -0.001 -13"><span class='ocrx_word' id='word_1_230' title='bbox 98 941 243 976; x_wconf 71' lang='grc' dir='ltr'><strong><em>ἑαυτοὺς</em></strong></span> <span class='ocrx_word' id='word_1_231' title='bbox 275 943 483 988; x_wconf 75' lang='grc' dir='ltr'><strong><em>εμμιγνύειν</em></strong></span> <span class='ocrx_word' id='word_1_232' title='bbox 518 941 612 985; x_wconf 66' lang='grc' dir='ltr'><strong><em>μύση</em></strong></span> <span class='ocrx_word' id='word_1_233' title='bbox 648 938 750 975; x_wconf 73' lang='grc' dir='ltr'><strong><em>κάκεῖ</em></strong></span> <span class='ocrx_word' id='word_1_234' title='bbox 785 944 867 986; x_wconf 77' lang='grc' dir='ltr'><strong><em>περὶ</em></strong></span> <span class='ocrx_word' id='word_1_235' title='bbox 901 938 1173 986; x_wconf 73' lang='grc' dir='ltr'><strong><em>ἁμαρτημάτων</em></strong></span> <span class='ocrx_word' id='word_1_236' title='bbox 1241 938 1333 974; x_wconf 80' lang='lat' dir='ltr'><strong>sceti</strong></span> <span class='ocrx_word' id='word_1_237' title='bbox 1357 938 1551 974; x_wconf 78' lang='lat' dir='ltr'><strong>sceleribus</strong></span> <span class='ocrx_word' id='word_1_238' title='bbox 1583 940 1620 973; x_wconf 85' lang='lat' dir='ltr'><strong>et</strong></span> <span class='ocrx_word' id='word_1_239' title='bbox 1641 938 1692 973; x_wconf 89' lang='lat' dir='ltr'><strong>ibi</strong></span> <span class='ocrx_word' id='word_1_240' title='bbox 1721 938 1766 973; x_wconf 88' lang='lat' dir='ltr'><strong>de</strong></span> <span class='ocrx_word' id='word_1_241' title='bbox 1789 938 1947 982; x_wconf 79' lang='lat' dir='ltr'><strong>peccatis</strong></span> <span class='ocrx_word' id='word_1_242' title='bbox 1970 940 2125 973; x_wconf 86' lang='lat' dir='ltr'><strong>tractare</strong></span> <span class='ocrx_word' id='word_1_243' title='bbox 2148 937 2211 973; x_wconf 91' lang='lat' dir='ltr'><strong>ubi</strong></span> <span class='ocrx_word' id='word_1_244' title='bbox 2235 948 2318 973; x_wconf 90' lang='lat' dir='ltr'><strong>con-</strong></span> 
     </span>
     <span class='ocr_line' id='line_1_28' title="bbox 96 983 2319 1032; baseline -0.002 -11"><span class='ocrx_word' id='word_1_245' title='bbox 96 984 337 1031; x_wconf 75' lang='grc' dir='ltr'><strong><em>βουλεύεσθαι</em></strong></span> <span class='ocrx_word' id='word_1_246' title='bbox 368 983 462 1021; x_wconf 80' lang='grc' dir='ltr'><strong><em>ὅπου</em></strong></span> <span class='ocrx_word' id='word_1_247' title='bbox 485 986 665 1021; x_wconf 78' lang='grc' dir='ltr'><strong><em>εἰώθασιν</em></strong></span> <span class='ocrx_word' id='word_1_248' title='bbox 687 986 725 1020; x_wconf 84' lang='grc' dir='ltr'><strong>οἱ</strong></span> <span class='ocrx_word' id='word_1_249' title='bbox 744 986 813 1020; x_wconf 87' lang='grc' dir='ltr'><strong>τὸν</strong></span> <span class='ocrx_word' id='word_1_250' title='bbox 836 985 928 1020; x_wconf 78' lang='grc' dir='ltr'><strong><em>θεὸν</em></strong></span> <span class='ocrx_word' id='word_1_251' title='bbox 954 983 1173 1032; x_wconf 70' lang='grc' dir='ltr'><strong><em>φοβούμενοι</em></strong></span> <span class='ocrx_word' id='word_1_252' title='bbox 1240 987 1431 1019; x_wconf 85' lang='lat' dir='ltr'><strong>sueverunt</strong></span> <span class='ocrx_word' id='word_1_253' title='bbox 1454 983 1559 1018; x_wconf 89' lang='lat' dir='ltr'><strong>deum</strong></span> <span class='ocrx_word' id='word_1_254' title='bbox 1582 983 1747 1019; x_wconf 87' lang='lat' dir='ltr'><strong>timentes</strong></span> <span class='ocrx_word' id='word_1_255' title='bbox 1776 988 2006 1028; x_wconf 86' lang='lat' dir='ltr'><strong>peccatorum</strong></span> <span class='ocrx_word' id='word_1_256' title='bbox 2035 983 2171 1018; x_wconf 86' lang='lat' dir='ltr'><strong>veniam</strong></span> <span class='ocrx_word' id='word_1_257' title='bbox 2193 987 2319 1027; x_wconf 88' lang='lat' dir='ltr'><strong>postu-</strong></span> 
     </span>
     <span class='ocr_line' id='line_1_29' title="bbox 97 1028 2319 1077; baseline -0.002 -11"><span class='ocrx_word' id='word_1_258' title='bbox 97 1030 166 1075; x_wconf 79' lang='grc' dir='ltr'><strong>τὴν</strong></span> <span class='ocrx_word' id='word_1_259' title='bbox 187 1033 266 1066; x_wconf 77' lang='grc' dir='ltr'><strong>τῶν</strong></span> <span class='ocrx_word' id='word_1_260' title='bbox 286 1029 559 1076; x_wconf 68' lang='grc' dir='ltr'><strong><em>ἁμαρτημάτων</em></strong></span> <span class='ocrx_word' id='word_1_261' title='bbox 587 1029 812 1077; x_wconf 77' lang='grc' dir='ltr'><strong><em>συγχώρησιν</em></strong></span> <span class='ocrx_word' id='word_1_262' title='bbox 841 1031 1005 1072; x_wconf 75' lang='grc' dir='ltr'><strong><em>ἐξαιτεῖν,</em></strong></span> <span class='ocrx_word' id='word_1_263' title='bbox 1035 1029 1172 1064; x_wconf 75' lang='grc' dir='ltr'><strong><em>κελεύο-</em></strong></span> <span class='ocrx_word' id='word_1_264' title='bbox 1240 1029 1334 1070; x_wconf 76' lang='lat' dir='ltr'><strong>lare,</strong></span> <span class='ocrx_word' id='word_1_265' title='bbox 1364 1029 1545 1070; x_wconf 81' lang='lat' dir='ltr'><strong>iubemus,</strong></span> <span class='ocrx_word' id='word_1_266' title='bbox 1579 1031 1621 1063; x_wconf 76' lang='lat' dir='ltr'><strong>ut</strong></span> <span class='ocrx_word' id='word_1_267' title='bbox 1651 1028 1683 1063; x_wconf 86' lang='lat' dir='ltr'><strong>si</strong></span> <span class='ocrx_word' id='word_1_268' title='bbox 1713 1028 1792 1072; x_wconf 81' lang='lat' dir='ltr'><strong>quis</strong></span> <span class='ocrx_word' id='word_1_269' title='bbox 1822 1028 1905 1063; x_wconf 75' lang='lat' dir='ltr'><strong>talis</strong></span> <span class='ocrx_word' id='word_1_270' title='bbox 1937 1028 2139 1063; x_wconf 79' lang='lat' dir='ltr'><strong>inveniatur</strong></span> <span class='ocrx_word' id='word_1_271' title='bbox 2169 1028 2206 1062; x_wconf 89' lang='lat' dir='ltr'><strong>in</strong></span> <span class='ocrx_word' id='word_1_272' title='bbox 2229 1028 2319 1063; x_wconf 78' lang='lat' dir='ltr'><strong>locis</strong></span> 
     </span>
     <span class='ocr_line' id='line_1_30' title="bbox 97 1073 2318 1121; baseline -0.001 -11"><span class='ocrx_word' id='word_1_273' title='bbox 97 1090 176 1121; x_wconf 85' lang='grc' dir='ltr'><strong><em>μεν,</em></strong></span> <span class='ocrx_word' id='word_1_274' title='bbox 200 1074 288 1110; x_wconf 76' lang='grc' dir='ltr'><strong><em>ὦςτε</em></strong></span> <span class='ocrx_word' id='word_1_275' title='bbox 311 1077 411 1111; x_wconf 80' lang='grc' dir='ltr'><strong><em>εἴτις</em></strong></span> <span class='ocrx_word' id='word_1_276' title='bbox 424 1078 586 1111; x_wconf 82' lang='grc' dir='ltr'><strong><em>τοιοῦτος</em></strong></span> <span class='ocrx_word' id='word_1_277' title='bbox 608 1075 774 1121; x_wconf 74' lang='grc' dir='ltr'><strong><em>εὑρεθείη</em></strong></span> <span class='ocrx_word' id='word_1_278' title='bbox 798 1077 839 1110; x_wconf 81' lang='grc' dir='ltr'><strong>ἐν</strong></span> <span class='ocrx_word' id='word_1_279' title='bbox 859 1074 985 1110; x_wconf 80' lang='grc' dir='ltr'><strong><em>τόποις</em></strong></span> <span class='ocrx_word' id='word_1_280' title='bbox 1007 1073 1172 1121; x_wconf 81' lang='grc' dir='ltr'><strong><em>εὗαγέσιν</em></strong></span> <span class='ocrx_word' id='word_1_281' title='bbox 1240 1074 1504 1109; x_wconf 73' lang='lat' dir='ltr'><strong>venerabilibus</strong></span> <span class='ocrx_word' id='word_1_282' title='bbox 1527 1073 1666 1108; x_wconf 70' lang='lat' dir='ltr'><strong>alienae</strong></span> <span class='ocrx_word' id='word_1_283' title='bbox 1683 1073 1805 1115; x_wconf 81' lang='lat' dir='ltr'><strong>uxori,</strong></span> <span class='ocrx_word' id='word_1_284' title='bbox 1830 1073 1874 1108; x_wconf 85' lang='lat' dir='ltr'><strong>de</strong></span> <span class='ocrx_word' id='word_1_285' title='bbox 1892 1082 1963 1117; x_wconf 67' lang='lat' dir='ltr'><strong>qua</strong></span> <span class='ocrx_word' id='word_1_286' title='bbox 1981 1074 2018 1107; x_wconf 85' lang='lat' dir='ltr'><strong>in</strong></span> <span class='ocrx_word' id='word_1_287' title='bbox 2035 1073 2237 1118; x_wconf 83' lang='lat' dir='ltr'><strong>suspicione</strong></span> <span class='ocrx_word' id='word_1_288' title='bbox 2252 1076 2318 1115; x_wconf 73' lang='lat' dir='ltr'><strong>est,</strong></span> 
     </span>
     <span class='ocr_line' id='line_1_31' title="bbox 99 1116 2318 1169; baseline -0.001 -14"><span class='ocrx_word' id='word_1_289' title='bbox 99 1119 270 1167; x_wconf 71' lang='grc' dir='ltr'><strong><em>ἀλλοτρίᾳ</em></strong></span> <span class='ocrx_word' id='word_1_290' title='bbox 300 1123 450 1169; x_wconf 73' lang='grc' dir='ltr'><strong><em>γαμετῇ,</em></strong></span> <span class='ocrx_word' id='word_1_291' title='bbox 482 1123 530 1155; x_wconf 80' lang='grc' dir='ltr'><strong>εἰς</strong></span> <span class='ocrx_word' id='word_1_292' title='bbox 559 1119 605 1164; x_wconf 75' lang='grc' dir='ltr'><strong>ἢν</strong></span> <span class='ocrx_word' id='word_1_293' title='bbox 634 1120 856 1162; x_wconf 78' lang='grc' dir='ltr'><strong><em>ὑπονοεῒται,</em></strong></span> <span class='ocrx_word' id='word_1_294' title='bbox 953 1121 977 1154; x_wconf 82' lang='grc' dir='ltr'><em>ὰ</em></span> <span class='ocrx_word' id='word_1_295' title='bbox 1004 1122 1097 1166; x_wconf 79' lang='grc' dir='ltr'><strong><em>τρεῖς</em></strong></span> <span class='ocrx_word' id='word_1_296' title='bbox 1124 1116 1227 1153; x_wconf 67' lang='grc' dir='ltr'><strong><em>οἱςῖθ</em></strong></span> <span class='ocrx_word' id='word_1_297' title='bbox 1240 1121 1324 1164; x_wconf 88' lang='lat' dir='ltr'><strong>post</strong></span> <span class='ocrx_word' id='word_1_298' title='bbox 1346 1121 1439 1161; x_wconf 85' lang='lat' dir='ltr'><strong>tres,</strong></span> <span class='ocrx_word' id='word_1_299' title='bbox 1463 1119 1557 1154; x_wconf 87' lang='lat' dir='ltr'><strong>sicut</strong></span> <span class='ocrx_word' id='word_1_300' title='bbox 1579 1118 1714 1154; x_wconf 85' lang='lat' dir='ltr'><strong>dictum</strong></span> <span class='ocrx_word' id='word_1_301' title='bbox 1737 1120 1809 1160; x_wconf 86' lang='lat' dir='ltr'><strong>est,</strong></span> <span class='ocrx_word' id='word_1_302' title='bbox 1834 1118 2113 1154; x_wconf 75' lang='lat' dir='ltr'><strong>contestationes</strong></span> <span class='ocrx_word' id='word_1_303' title='bbox 2136 1118 2252 1162; x_wconf 91' lang='lat' dir='ltr'><strong>loqui,</strong></span> <span class='ocrx_word' id='word_1_304' title='bbox 2274 1118 2318 1153; x_wconf 88' lang='lat' dir='ltr'><strong>li-</strong></span> 
     </span>
     <span class='ocr_line' id='line_1_32' title="bbox 98 1163 2318 1212; baseline -0.001 -12"><span class='ocrx_word' id='word_1_305' title='bbox 98 1167 235 1212; x_wconf 79' lang='grc' dir='ltr'><strong><em>εἴρηται</em></strong></span> <span class='ocrx_word' id='word_1_306' title='bbox 265 1164 519 1212; x_wconf 73' lang='grc' dir='ltr'><strong><em>διαμαρτυρίας</em></strong></span> <span class='ocrx_word' id='word_1_307' title='bbox 549 1163 814 1212; x_wconf 79' lang='grc' dir='ltr'><strong><em>διαλεγόμενος,</em></strong></span> <span class='ocrx_word' id='word_1_308' title='bbox 845 1164 869 1198; x_wconf 78' lang='grc' dir='ltr'>ἅ</span> <span class='ocrx_word' id='word_1_309' title='bbox 893 1178 972 1199; x_wconf 81' lang='grc' dir='ltr'><strong><em>ειαν</em></strong></span> <span class='ocrx_word' id='word_1_310' title='bbox 993 1165 1087 1200; x_wconf 74' lang='grc' dir='ltr'><strong><em>εἶναι</em></strong></span> <span class='ocrx_word' id='word_1_311' title='bbox 1117 1165 1171 1207; x_wconf 79' lang='grc' dir='ltr'><strong><em>τῷ</em></strong></span> <span class='ocrx_word' id='word_1_312' title='bbox 1241 1164 1395 1198; x_wconf 78' lang='lat' dir='ltr'><strong>centiam</strong></span> <span class='ocrx_word' id='word_1_313' title='bbox 1419 1174 1499 1199; x_wconf 87' lang='lat' dir='ltr'><strong>esse</strong></span> <span class='ocrx_word' id='word_1_314' title='bbox 1513 1164 1591 1199; x_wconf 87' lang='lat' dir='ltr'><strong>eius</strong></span> <span class='ocrx_word' id='word_1_315' title='bbox 1609 1163 1738 1198; x_wconf 88' lang='lat' dir='ltr'><strong>marito</strong></span> <span class='ocrx_word' id='word_1_316' title='bbox 1761 1166 1934 1207; x_wconf 83' lang='lat' dir='ltr'><strong>utrasque</strong></span> <span class='ocrx_word' id='word_1_317' title='bbox 1950 1173 2124 1208; x_wconf 83' lang='lat' dir='ltr'><strong>personas</strong></span> <span class='ocrx_word' id='word_1_318' title='bbox 2140 1163 2318 1199; x_wconf 79' lang='lat' dir='ltr'><strong>defensori</strong></span> 
     </span>
     <span class='ocr_line' id='line_1_33' title="bbox 98 1208 2318 1256; baseline -0.001 -10"><span class='ocrx_word' id='word_1_319' title='bbox 98 1213 228 1254; x_wconf 79' lang='grc' dir='ltr'><strong><em>ταύτης</em></strong></span> <span class='ocrx_word' id='word_1_320' title='bbox 250 1209 355 1256; x_wconf 72' lang='grc' dir='ltr'><strong><em>ἀνδρὶ</em></strong></span> <span class='ocrx_word' id='word_1_321' title='bbox 378 1212 547 1256; x_wconf 82' lang='grc' dir='ltr'><strong><em>ἑκάτερον</em></strong></span> <span class='ocrx_word' id='word_1_322' title='bbox 570 1212 764 1256; x_wconf 79' lang='grc' dir='ltr'><strong><em>πρόςωπον</em></strong></span> <span class='ocrx_word' id='word_1_323' title='bbox 792 1212 849 1253; x_wconf 75' lang='grc' dir='ltr'><strong>τῷ</strong></span> <span class='ocrx_word' id='word_1_324' title='bbox 879 1209 1008 1254; x_wconf 70' lang='grc' dir='ltr'><strong><em>ὼιδίκῳ</em></strong></span> <span class='ocrx_word' id='word_1_325' title='bbox 1033 1211 1096 1253; x_wconf 86' lang='grc' dir='ltr'><strong>τῆς</strong></span> <span class='ocrx_word' id='word_1_326' title='bbox 1118 1211 1172 1243; x_wconf 74' lang='grc' dir='ltr'><strong>ἐκ·</strong></span> <span class='ocrx_word' id='word_1_327' title='bbox 1241 1209 1413 1244; x_wconf 73' lang='lat' dir='ltr'><strong>ecclesiae</strong></span> <span class='ocrx_word' id='word_1_328' title='bbox 1443 1215 1507 1244; x_wconf 83' lang='lat' dir='ltr'><strong>aut</strong></span> <span class='ocrx_word' id='word_1_329' title='bbox 1536 1209 1615 1244; x_wconf 79' lang='lat' dir='ltr'><strong>aliis</strong></span> <span class='ocrx_word' id='word_1_330' title='bbox 1646 1208 1785 1244; x_wconf 75' lang='lat' dir='ltr'><strong>clericis</strong></span> <span class='ocrx_word' id='word_1_331' title='bbox 1815 1208 1976 1249; x_wconf 69' lang='lat' dir='ltr'><strong>tradere,</strong></span> <span class='ocrx_word' id='word_1_332' title='bbox 2012 1208 2086 1252; x_wconf 83' lang='lat' dir='ltr'><strong>(ut)</strong></span> <span class='ocrx_word' id='word_1_333' title='bbox 2120 1209 2165 1243; x_wconf 78' lang='lat' dir='ltr'><strong>ad</strong></span> <span class='ocrx_word' id='word_1_334' title='bbox 2197 1218 2318 1244; x_wconf 87' lang='lat' dir='ltr'><strong>eorum</strong></span> 
     </span>
     <span class='ocr_line' id='line_1_34' title="bbox 98 1251 2319 1302; baseline -0.001 -11"><span class='ocrx_word' id='word_1_335' title='bbox 98 1255 243 1299; x_wconf 66' lang='grc' dir='ltr'><strong><em>πλησίας</em></strong></span> <span class='ocrx_word' id='word_1_336' title='bbox 261 1254 285 1299; x_wconf 86' lang='grc' dir='ltr'><em>ἢ</em></span> <span class='ocrx_word' id='word_1_337' title='bbox 299 1259 372 1290; x_wconf 77' lang='grc' dir='ltr'><strong><em>τοῖς</em></strong></span> <span class='ocrx_word' id='word_1_338' title='bbox 395 1255 513 1290; x_wconf 76' lang='grc' dir='ltr'><strong><em>ἄλλοις</em></strong></span> <span class='ocrx_word' id='word_1_339' title='bbox 533 1255 706 1301; x_wconf 79' lang='grc' dir='ltr'><strong><em>κληρικοῖς</em></strong></span> <span class='ocrx_word' id='word_1_340' title='bbox 726 1253 981 1302; x_wconf 80' lang='grc' dir='ltr'><strong><em>παραδιδόναι,</em></strong></span> <span class='ocrx_word' id='word_1_341' title='bbox 1007 1251 1096 1289; x_wconf 68' lang='grc' dir='ltr'><strong><em>οῗςτε</em></strong></span> <span class='ocrx_word' id='word_1_342' title='bbox 1117 1255 1172 1297; x_wconf 78' lang='grc' dir='ltr'><strong>τῷ</strong></span> <span class='ocrx_word' id='word_1_343' title='bbox 1240 1254 1439 1298; x_wconf 85' lang='lat' dir='ltr'><strong>periculum</strong></span> <span class='ocrx_word' id='word_1_344' title='bbox 1472 1253 1575 1289; x_wconf 78' lang='lat' dir='ltr'><strong>divisi</strong></span> <span class='ocrx_word' id='word_1_345' title='bbox 1614 1253 1674 1288; x_wconf 76' lang='lat' dir='ltr'><strong>isti</strong></span> <span class='ocrx_word' id='word_1_346' title='bbox 1708 1255 1912 1297; x_wconf 73' lang='lat' dir='ltr'><strong>serventur,</strong></span> <span class='ocrx_word' id='word_1_347' title='bbox 1955 1254 2069 1290; x_wconf 80' lang='lat' dir='ltr'><strong>donec</strong></span> <span class='ocrx_word' id='word_1_348' title='bbox 2108 1253 2215 1288; x_wconf 80' lang='lat' dir='ltr'><strong>iudex</strong></span> <span class='ocrx_word' id='word_1_349' title='bbox 2248 1253 2319 1288; x_wconf 87' lang='lat' dir='ltr'><strong>hoc</strong></span> 
     </span>
     <span class='ocr_line' id='line_1_35' title="bbox 100 1298 2318 1346; baseline -0.001 -10"><span class='ocrx_word' id='word_1_350' title='bbox 100 1299 224 1336; x_wconf 73' lang='grc' dir='ltr'><strong><em>αὐτῶν</em></strong></span> <span class='ocrx_word' id='word_1_351' title='bbox 252 1299 408 1344; x_wconf 75' lang='grc' dir='ltr'><strong><em>κινδύνῳ</em></strong></span> <span class='ocrx_word' id='word_1_352' title='bbox 439 1304 715 1345; x_wconf 75' lang='grc' dir='ltr'><strong><em>κεχωρισμένους</em></strong></span> <span class='ocrx_word' id='word_1_353' title='bbox 742 1299 890 1335; x_wconf 76' lang='grc' dir='ltr'><strong><em>τούτους</em></strong></span> <span class='ocrx_word' id='word_1_354' title='bbox 912 1299 1172 1346; x_wconf 74' lang='grc' dir='ltr'><strong><em>φυλάττεσθαι,</em></strong></span> <span class='ocrx_word' id='word_1_355' title='bbox 1242 1309 1459 1343; x_wconf 79' lang='lat' dir='ltr'><strong>cognoscens</strong></span> <span class='ocrx_word' id='word_1_356' title='bbox 1488 1299 1607 1334; x_wconf 68' lang='lat' dir='ltr'><strong>mittat</strong></span> <span class='ocrx_word' id='word_1_357' title='bbox 1636 1298 1682 1333; x_wconf 79' lang='lat' dir='ltr'><strong>ad</strong></span> <span class='ocrx_word' id='word_1_358' title='bbox 1707 1298 1914 1344; x_wconf 77' lang='lat' dir='ltr'><strong>episcopum</strong></span> <span class='ocrx_word' id='word_1_359' title='bbox 1936 1298 2107 1342; x_wconf 74' lang='lat' dir='ltr'><strong>civitatis,</strong></span> <span class='ocrx_word' id='word_1_360' title='bbox 2143 1301 2318 1342; x_wconf 63' lang='lat' dir='ltr'><strong>quatenus</strong></span> 
     </span>
     <span class='ocr_line' id='line_1_36' title="bbox 97 1342 2316 1400; baseline -0.001 -20"><span class='ocrx_word' id='word_1_361' title='bbox 97 1349 216 1391; x_wconf 79' lang='grc' dir='ltr'><strong><em>μέχρις</em></strong></span> <span class='ocrx_word' id='word_1_362' title='bbox 249 1342 335 1380; x_wconf 79' lang='grc' dir='ltr'><strong><em>ὅτου</em></strong></span> <span class='ocrx_word' id='word_1_363' title='bbox 369 1344 389 1380; x_wconf 86' lang='grc' dir='ltr'>ὁ</span> <span class='ocrx_word' id='word_1_364' title='bbox 424 1347 488 1380; x_wconf 74' lang='grc' dir='ltr'><strong>τοῦ</strong></span> <span class='ocrx_word' id='word_1_365' title='bbox 524 1346 639 1381; x_wconf 79' lang='grc' dir='ltr'><strong><em>τόπου</em></strong></span> <span class='ocrx_word' id='word_1_366' title='bbox 675 1345 798 1391; x_wconf 79' lang='grc' dir='ltr'><strong><em>ἅρχων</em></strong></span> <span class='ocrx_word' id='word_1_367' title='bbox 839 1346 948 1380; x_wconf 78' lang='grc' dir='ltr'><strong><em>τοῦτο</em></strong></span> <span class='ocrx_word' id='word_1_368' title='bbox 964 1345 1174 1400; x_wconf 44' lang='grc' dir='ltr'><strong>ε,γινώσκων</strong></span> <span class='ocrx_word' id='word_1_369' title='bbox 1186 1345 1275 1380; x_wconf 78' lang='lat' dir='ltr'><strong>25ei</strong></span> <span class='ocrx_word' id='word_1_370' title='bbox 1296 1345 1356 1379; x_wconf 88' lang='lat' dir='ltr'><strong>isti</strong></span> <span class='ocrx_word' id='word_1_371' title='bbox 1371 1343 1571 1386; x_wconf 86' lang='lat' dir='ltr'><strong>tradantur,</strong></span> <span class='ocrx_word' id='word_1_372' title='bbox 1594 1347 1635 1379; x_wconf 88' lang='lat' dir='ltr'><strong>ut</strong></span> <span class='ocrx_word' id='word_1_373' title='bbox 1650 1343 1805 1379; x_wconf 83' lang='lat' dir='ltr'><strong>debeant</strong></span> <span class='ocrx_word' id='word_1_374' title='bbox 1828 1343 2005 1379; x_wconf 83' lang='lat' dir='ltr'><strong>sustinere</strong></span> <span class='ocrx_word' id='word_1_375' title='bbox 2024 1347 2238 1379; x_wconf 88' lang='lat' dir='ltr'><strong>tormentum</strong></span> <span class='ocrx_word' id='word_1_376' title='bbox 2262 1353 2316 1378; x_wconf 89' lang='lat' dir='ltr'><strong>se-</strong></span> 
     </span>
     <span class='ocr_line' id='line_1_37' title="bbox 99 1388 2319 1437; baseline -0.002 -10"><span class='ocrx_word' id='word_1_377' title='bbox 99 1394 233 1437; x_wconf 78' lang='grc' dir='ltr'><strong><em>πέμψει</em></strong></span> <span class='ocrx_word' id='word_1_378' title='bbox 255 1391 345 1436; x_wconf 80' lang='grc' dir='ltr'><strong><em>πρὸς</em></strong></span> <span class='ocrx_word' id='word_1_379' title='bbox 366 1390 435 1424; x_wconf 83' lang='grc' dir='ltr'><strong>τὸν</strong></span> <span class='ocrx_word' id='word_1_380' title='bbox 457 1393 654 1426; x_wconf 78' lang='grc' dir='ltr'><strong><em>ἐπίσκοπον</em></strong></span> <span class='ocrx_word' id='word_1_381' title='bbox 674 1392 736 1434; x_wconf 78' lang='grc' dir='ltr'><strong>τῆς</strong></span> <span class='ocrx_word' id='word_1_382' title='bbox 759 1389 916 1433; x_wconf 79' lang='grc' dir='ltr'><strong><em>πόλεως,</em></strong></span> <span class='ocrx_word' id='word_1_383' title='bbox 951 1401 1039 1425; x_wconf 63' lang='lat' dir='ltr'><strong>mete</strong></span> <span class='ocrx_word' id='word_1_384' title='bbox 1073 1388 1172 1432; x_wconf 67' lang='grc' dir='ltr'><strong><em>αὐτῷ</em></strong></span> <span class='ocrx_word' id='word_1_385' title='bbox 1241 1389 1396 1424; x_wconf 90' lang='lat' dir='ltr'><strong>cundum</strong></span> <span class='ocrx_word' id='word_1_386' title='bbox 1427 1389 1522 1434; x_wconf 86' lang='lat' dir='ltr'><strong>leges</strong></span> <span class='ocrx_word' id='word_1_387' title='bbox 1556 1398 1648 1434; x_wconf 78' lang='lat' dir='ltr'><strong>quae</strong></span> <span class='ocrx_word' id='word_1_388' title='bbox 1670 1389 1888 1424; x_wconf 86' lang='lat' dir='ltr'><strong>interdicunt</strong></span> <span class='ocrx_word' id='word_1_389' title='bbox 1917 1388 2100 1424; x_wconf 84' lang='lat' dir='ltr'><strong>adulteros</strong></span> <span class='ocrx_word' id='word_1_390' title='bbox 2122 1399 2145 1424; x_wconf 85' lang='lat' dir='ltr'><strong>a</strong></span> <span class='ocrx_word' id='word_1_391' title='bbox 2167 1388 2319 1424; x_wconf 84' lang='lat' dir='ltr'><strong>sanctis-</strong></span> 
     </span>
     <span class='ocr_line' id='line_1_38' title="bbox 98 1433 2318 1482; baseline -0.001 -11"><span class='ocrx_word' id='word_1_392' title='bbox 98 1437 244 1471; x_wconf 81' lang='grc' dir='ltr'><strong><em>τούτους</em></strong></span> <span class='ocrx_word' id='word_1_393' title='bbox 267 1434 528 1480; x_wconf 72' lang='grc' dir='ltr'><strong><em>παραδοθῆναι</em></strong></span> <span class='ocrx_word' id='word_1_394' title='bbox 549 1439 722 1482; x_wconf 80' lang='grc' dir='ltr'><strong><em>τιμωρίας</em></strong></span> <span class='ocrx_word' id='word_1_395' title='bbox 738 1433 950 1481; x_wconf 76' lang='grc' dir='ltr'><strong><em>ὀφείλοντας</em></strong></span> <span class='ocrx_word' id='word_1_396' title='bbox 969 1434 1173 1478; x_wconf 76' lang='grc' dir='ltr'><strong><em>ὑποστῆναι</em></strong></span> <span class='ocrx_word' id='word_1_397' title='bbox 1241 1435 1337 1470; x_wconf 83' lang='lat' dir='ltr'><strong>simis</strong></span> <span class='ocrx_word' id='word_1_398' title='bbox 1360 1434 1521 1470; x_wconf 76' lang='lat' dir='ltr'><strong>ecclesiis</strong></span> <span class='ocrx_word' id='word_1_399' title='bbox 1543 1433 1733 1476; x_wconf 73' lang='lat' dir='ltr'><strong>vindicari,</strong></span> <span class='ocrx_word' id='word_1_400' title='bbox 1766 1434 1902 1469; x_wconf 82' lang='lat' dir='ltr'><strong>nullam</strong></span> <span class='ocrx_word' id='word_1_401' title='bbox 1923 1444 2039 1479; x_wconf 87' lang='lat' dir='ltr'><strong>neque</strong></span> <span class='ocrx_word' id='word_1_402' title='bbox 2061 1434 2098 1469; x_wconf 91' lang='lat' dir='ltr'><strong>in</strong></span> <span class='ocrx_word' id='word_1_403' title='bbox 2120 1434 2190 1469; x_wconf 86' lang='lat' dir='ltr'><strong>hoc</strong></span> <span class='ocrx_word' id='word_1_404' title='bbox 2213 1433 2318 1468; x_wconf 76' lang='lat' dir='ltr'><strong>aliam</strong></span> 
     </span>
     <span class='ocr_line' id='line_1_39' title="bbox 98 1478 2318 1528; baseline -0.001 -12"><span class='ocrx_word' id='word_1_405' title='bbox 98 1481 190 1516; x_wconf 81' lang='grc' dir='ltr'><strong><em>κατὰ</em></strong></span> <span class='ocrx_word' id='word_1_406' title='bbox 219 1481 302 1515; x_wconf 78' lang='grc' dir='ltr'><strong><em>τοὺς</em></strong></span> <span class='ocrx_word' id='word_1_407' title='bbox 324 1478 467 1524; x_wconf 82' lang='grc' dir='ltr'><strong><em>νόμους,</em></strong></span> <span class='ocrx_word' id='word_1_408' title='bbox 499 1480 536 1515; x_wconf 82' lang='grc' dir='ltr'><strong>οἳ</strong></span> <span class='ocrx_word' id='word_1_409' title='bbox 561 1478 823 1528; x_wconf 74' lang='grc' dir='ltr'><strong><em>ἀπαγορεύουσι</em></strong></span> <span class='ocrx_word' id='word_1_410' title='bbox 853 1481 935 1515; x_wconf 80' lang='grc' dir='ltr'><strong><em>τοὺς</em></strong></span> <span class='ocrx_word' id='word_1_411' title='bbox 963 1479 1107 1525; x_wconf 78' lang='grc' dir='ltr'><strong><em>μοιχοὺς</em></strong></span> <span class='ocrx_word' id='word_1_412' title='bbox 1134 1482 1173 1513; x_wconf 78' lang='grc' dir='ltr'><strong>ἐκ</strong></span> <span class='ocrx_word' id='word_1_413' title='bbox 1239 1479 1358 1515; x_wconf 86' lang='lat' dir='ltr'><strong>iudice</strong></span> <span class='ocrx_word' id='word_1_414' title='bbox 1380 1482 1575 1523; x_wconf 71' lang='lat' dir='ltr'><strong>quaerente</strong></span> <span class='ocrx_word' id='word_1_415' title='bbox 1598 1479 1643 1514; x_wconf 89' lang='lat' dir='ltr'><strong>de</strong></span> <span class='ocrx_word' id='word_1_416' title='bbox 1664 1479 1839 1514; x_wconf 84' lang='lat' dir='ltr'><strong>adulterio</strong></span> <span class='ocrx_word' id='word_1_417' title='bbox 1863 1479 2110 1524; x_wconf 77' lang='lat' dir='ltr'><strong>probationem</strong></span> <span class='ocrx_word' id='word_1_418' title='bbox 2138 1479 2208 1514; x_wconf 89' lang='lat' dir='ltr'><strong>nisi</strong></span> <span class='ocrx_word' id='word_1_419' title='bbox 2233 1483 2318 1519; x_wconf 86' lang='lat' dir='ltr'><strong>tres,</strong></span> 
     </span>
     <span class='ocr_line' id='line_1_40' title="bbox 96 1524 2319 1572; baseline 0 -13"><span class='ocrx_word' id='word_1_420' title='bbox 96 1527 175 1560; x_wconf 80' lang='grc' dir='ltr'><strong>τῶν</strong></span> <span class='ocrx_word' id='word_1_421' title='bbox 190 1524 411 1572; x_wconf 79' lang='grc' dir='ltr'><strong><em>ἁγιωτάτων</em></strong></span> <span class='ocrx_word' id='word_1_422' title='bbox 433 1525 631 1569; x_wconf 75' lang='grc' dir='ltr'><strong><em>ἐκκλησιῶν</em></strong></span> <span class='ocrx_word' id='word_1_423' title='bbox 651 1524 892 1560; x_wconf 55' lang='lat' dir='ltr'><strong>exsufflem-</strong></span> <span class='ocrx_word' id='word_1_424' title='bbox 914 1524 1094 1570; x_wconf 82' lang='grc' dir='ltr'><strong><em>μηδεμίαν</em></strong></span> <span class='ocrx_word' id='word_1_425' title='bbox 1106 1539 1172 1570; x_wconf 84' lang='grc' dir='ltr'><strong>μη·</strong></span> <span class='ocrx_word' id='word_1_426' title='bbox 1242 1526 1335 1560; x_wconf 85' lang='lat' dir='ltr'><strong>sicut</strong></span> <span class='ocrx_word' id='word_1_427' title='bbox 1358 1534 1467 1569; x_wconf 86' lang='lat' dir='ltr'><strong>supra</strong></span> <span class='ocrx_word' id='word_1_428' title='bbox 1487 1524 1649 1566; x_wconf 85' lang='lat' dir='ltr'><strong>diximus,</strong></span> <span class='ocrx_word' id='word_1_429' title='bbox 1674 1524 1963 1560; x_wconf 77' lang='lat' dir='ltr'><strong>contestationes.</strong></span> <span class='ocrx_word' id='word_1_430' title='bbox 2009 1524 2075 1559; x_wconf 89' lang='lat' dir='ltr'><strong>His</strong></span> <span class='ocrx_word' id='word_1_431' title='bbox 2092 1525 2185 1559; x_wconf 87' lang='lat' dir='ltr'><strong>euim</strong></span> <span class='ocrx_word' id='word_1_432' title='bbox 2202 1524 2319 1560; x_wconf 80' lang='lat' dir='ltr'><strong>tribus</strong></span> 
     </span>
     <span class='ocr_line' id='line_1_41' title="bbox 99 1569 2320 1616; baseline -0 -11"><span class='ocrx_word' id='word_1_433' title='bbox 99 1569 138 1606; x_wconf 80' lang='grc' dir='ltr'><strong>δὲ</strong></span> <span class='ocrx_word' id='word_1_434' title='bbox 161 1571 328 1605; x_wconf 75' lang='grc' dir='ltr'><strong><em>ἐνταῦθα</em></strong></span> <span class='ocrx_word' id='word_1_435' title='bbox 357 1572 484 1616; x_wconf 79' lang='grc' dir='ltr'><strong><em>ἑτέραν</em></strong></span> <span class='ocrx_word' id='word_1_436' title='bbox 505 1573 569 1605; x_wconf 81' lang='grc' dir='ltr'><strong>τοῦ</strong></span> <span class='ocrx_word' id='word_1_437' title='bbox 592 1569 762 1605; x_wconf 76' lang='grc' dir='ltr'><strong><em>δικαστοῦ</em></strong></span> <span class='ocrx_word' id='word_1_438' title='bbox 787 1573 977 1614; x_wconf 73' lang='grc' dir='ltr'><strong><em>ζητοῦντος</em></strong></span> <span class='ocrx_word' id='word_1_439' title='bbox 1005 1574 1088 1616; x_wconf 79' lang='grc' dir='ltr'><strong><em>περὶ</em></strong></span> <span class='ocrx_word' id='word_1_440' title='bbox 1110 1572 1173 1613; x_wconf 84' lang='grc' dir='ltr'><strong>τῆς</strong></span> <span class='ocrx_word' id='word_1_441' title='bbox 1186 1571 1228 1604; x_wconf 85' lang='grc'><strong>30</strong></span> <span class='ocrx_word' id='word_1_442' title='bbox 1242 1570 1561 1606; x_wconf 80' lang='lat' dir='ltr'><strong>contestationibus</strong></span> <span class='ocrx_word' id='word_1_443' title='bbox 1596 1569 1750 1604; x_wconf 84' lang='lat' dir='ltr'><strong>ostensis</strong></span> <span class='ocrx_word' id='word_1_444' title='bbox 1791 1569 1956 1605; x_wconf 86' lang='lat' dir='ltr'><strong>omnibus</strong></span> <span class='ocrx_word' id='word_1_445' title='bbox 1989 1569 2104 1604; x_wconf 83' lang='lat' dir='ltr'><strong>modis</strong></span> <span class='ocrx_word' id='word_1_446' title='bbox 2139 1569 2191 1604; x_wconf 88' lang='lat' dir='ltr'><strong>illi</strong></span> <span class='ocrx_word' id='word_1_447' title='bbox 2226 1570 2320 1604; x_wconf 87' lang='lat' dir='ltr'><strong>sicut</strong></span> 
     </span>
     <span class='ocr_line' id='line_1_42' title="bbox 97 1613 2317 1661; baseline -0.001 -11"><span class='ocrx_word' id='word_1_448' title='bbox 97 1620 252 1660; x_wconf 84' lang='grc' dir='ltr'><strong><em>μοιχείας</em></strong></span> <span class='ocrx_word' id='word_1_449' title='bbox 274 1613 475 1659; x_wconf 75' lang='grc' dir='ltr'><strong><em>ἀπόδειξιν,</em></strong></span> <span class='ocrx_word' id='word_1_450' title='bbox 506 1618 538 1650; x_wconf 79' lang='grc' dir='ltr'><strong><em>εἰ</em></strong></span> <span class='ocrx_word' id='word_1_451' title='bbox 559 1616 609 1660; x_wconf 87' lang='grc' dir='ltr'><strong>μὴ</strong></span> <span class='ocrx_word' id='word_1_452' title='bbox 632 1618 698 1651; x_wconf 84' lang='grc' dir='ltr'><strong>τὰς</strong></span> <span class='ocrx_word' id='word_1_453' title='bbox 718 1620 827 1661; x_wconf 81' lang='grc' dir='ltr'><strong><em>τρεῖς,</em></strong></span> <span class='ocrx_word' id='word_1_454' title='bbox 858 1613 907 1650; x_wconf 76' lang='grc' dir='ltr'><strong>ὠς</strong></span> <span class='ocrx_word' id='word_1_455' title='bbox 929 1613 1104 1661; x_wconf 76' lang='grc' dir='ltr'><strong><em>ἀνωτέρω</em></strong></span> <span class='ocrx_word' id='word_1_456' title='bbox 1126 1617 1170 1649; x_wconf 80' lang='grc' dir='ltr'><strong><em>εἰ·</em></strong></span> <span class='ocrx_word' id='word_1_457' title='bbox 1241 1615 1395 1651; x_wconf 74' lang='lat' dir='ltr'><strong>adulteri</strong></span> <span class='ocrx_word' id='word_1_458' title='bbox 1414 1615 1619 1660; x_wconf 77' lang='lat' dir='ltr'><strong>punientur.</strong></span> <span class='ocrx_word' id='word_1_459' title='bbox 1653 1614 1736 1650; x_wconf 75' lang='lat' dir='ltr'><strong>Non</strong></span> <span class='ocrx_word' id='word_1_460' title='bbox 1754 1615 1847 1649; x_wconf 83' lang='lat' dir='ltr'><strong>enim</strong></span> <span class='ocrx_word' id='word_1_461' title='bbox 1866 1614 1998 1650; x_wconf 77' lang='lat' dir='ltr'><strong>debent</strong></span> <span class='ocrx_word' id='word_1_462' title='bbox 2020 1614 2223 1649; x_wconf 76' lang='lat' dir='ltr'><strong>huiusmodi</strong></span> <span class='ocrx_word' id='word_1_463' title='bbox 2238 1623 2317 1658; x_wconf 84' lang='lat' dir='ltr'><strong>per-</strong></span> 
     </span>
     <span class='ocr_line' id='line_1_43' title="bbox 97 1658 2320 1707; baseline 0 -13"><span class='ocrx_word' id='word_1_464' title='bbox 97 1660 265 1707; x_wconf 69' lang='grc' dir='ltr'><strong><em>ρήκαμεν,</em></strong></span> <span class='ocrx_word' id='word_1_465' title='bbox 290 1658 400 1705; x_wconf 80' lang='grc' dir='ltr'><strong><em>διαμα</em></strong></span> <span class='ocrx_word' id='word_1_466' title='bbox 467 1664 554 1704; x_wconf 76' lang='grc' dir='ltr'><strong><em>ριάς.</em></strong></span> <span class='ocrx_word' id='word_1_467' title='bbox 600 1660 744 1695; x_wconf 83' lang='grc' dir='ltr'><strong><em>τούτων</em></strong></span> <span class='ocrx_word' id='word_1_468' title='bbox 765 1662 835 1707; x_wconf 79' lang='grc' dir='ltr'><strong>γὰρ</strong></span> <span class='ocrx_word' id='word_1_469' title='bbox 859 1662 937 1696; x_wconf 82' lang='grc' dir='ltr'><strong>τῶν</strong></span> <span class='ocrx_word' id='word_1_470' title='bbox 959 1662 1073 1707; x_wconf 81' lang='grc' dir='ltr'><strong><em>τριῶν</em></strong></span> <span class='ocrx_word' id='word_1_471' title='bbox 1096 1659 1172 1695; x_wconf 82' lang='grc' dir='ltr'><strong><em>δια-</em></strong></span> <span class='ocrx_word' id='word_1_472' title='bbox 1242 1670 1354 1696; x_wconf 86' lang='lat' dir='ltr'><strong>sonae</strong></span> <span class='ocrx_word' id='word_1_473' title='bbox 1375 1660 1413 1695; x_wconf 90' lang='lat' dir='ltr'><strong>in</strong></span> <span class='ocrx_word' id='word_1_474' title='bbox 1435 1660 1628 1696; x_wconf 74' lang='lat' dir='ltr'><strong>venerabili</strong></span> <span class='ocrx_word' id='word_1_475' title='bbox 1649 1660 1730 1695; x_wconf 84' lang='lat' dir='ltr'><strong>loco</strong></span> <span class='ocrx_word' id='word_1_476' title='bbox 1754 1660 1887 1695; x_wconf 85' lang='lat' dir='ltr'><strong>habere</strong></span> <span class='ocrx_word' id='word_1_477' title='bbox 1909 1660 2100 1704; x_wconf 87' lang='lat' dir='ltr'><strong>munimen,</strong></span> <span class='ocrx_word' id='word_1_478' title='bbox 2125 1669 2229 1705; x_wconf 88' lang='lat' dir='ltr'><strong>quem</strong></span> <span class='ocrx_word' id='word_1_479' title='bbox 2250 1658 2320 1705; x_wconf 87' lang='lat' dir='ltr'><strong>ipsi</strong></span> 
     </span>
     <span class='ocr_line' id='line_1_44' title="bbox 97 1703 2320 1752; baseline 0 -13"><span class='ocrx_word' id='word_1_480' title='bbox 97 1706 307 1752; x_wconf 78' lang='grc' dir='ltr'><strong><em>μαρτυριῶν</em></strong></span> <span class='ocrx_word' id='word_1_481' title='bbox 329 1705 403 1740; x_wconf 82' lang='grc' dir='ltr'><strong><em>ἀπο</em></strong></span> <span class='ocrx_word' id='word_1_482' title='bbox 427 1709 655 1750; x_wconf 79' lang='grc' dir='ltr'><strong><em>εικνυμένων,</em></strong></span> <span class='ocrx_word' id='word_1_483' title='bbox 686 1707 775 1741; x_wconf 79' lang='grc' dir='ltr'><strong><em>πᾶσι</em></strong></span> <span class='ocrx_word' id='word_1_484' title='bbox 797 1706 944 1751; x_wconf 77' lang='grc' dir='ltr'><strong><em>τρόποις</em></strong></span> <span class='ocrx_word' id='word_1_485' title='bbox 974 1709 1102 1740; x_wconf 77' lang='grc' dir='ltr'><strong><em>ἐκεῖνοι</em></strong></span> <span class='ocrx_word' id='word_1_486' title='bbox 1125 1703 1173 1739; x_wconf 78' lang='grc' dir='ltr'><strong>ὠς</strong></span> <span class='ocrx_word' id='word_1_487' title='bbox 1240 1715 1306 1751; x_wconf 85' lang='lat' dir='ltr'><strong>per</strong></span> <span class='ocrx_word' id='word_1_488' title='bbox 1328 1705 1446 1741; x_wconf 81' lang='lat' dir='ltr'><strong>scelus</strong></span> <span class='ocrx_word' id='word_1_489' title='bbox 1474 1705 1658 1751; x_wconf 85' lang='lat' dir='ltr'><strong>proprium</strong></span> <span class='ocrx_word' id='word_1_490' title='bbox 1688 1705 1936 1750; x_wconf 80' lang='lat' dir='ltr'><strong>despexerunt.</strong></span> <span class='ocrx_word' id='word_1_491' title='bbox 1984 1704 2077 1740; x_wconf 79' lang='lat' dir='ltr'><strong>Nam</strong></span> <span class='ocrx_word' id='word_1_492' title='bbox 2101 1705 2130 1740; x_wconf 89' lang='lat' dir='ltr'><strong>si</strong></span> <span class='ocrx_word' id='word_1_493' title='bbox 2161 1715 2224 1740; x_wconf 85' lang='lat' dir='ltr'><strong>eos</strong></span> <span class='ocrx_word' id='word_1_494' title='bbox 2258 1703 2320 1749; x_wconf 88' lang='lat' dir='ltr'><strong>qui</strong></span> 
     </span>
     <span class='ocr_line' id='line_1_45' title="bbox 97 1748 2319 1807; baseline -0 -22"><span class='ocrx_word' id='word_1_495' title='bbox 97 1754 214 1795; x_wconf 80' lang='grc' dir='ltr'><strong><em>μοιχοὶ</em></strong></span> <span class='ocrx_word' id='word_1_496' title='bbox 236 1751 552 1796; x_wconf 77' lang='grc' dir='ltr'><strong><em>τιμωρείσθωσαν.</em></strong></span> <span class='ocrx_word' id='word_1_497' title='bbox 599 1748 683 1785; x_wconf 73' lang='grc' dir='ltr'><strong><em>οὐδὲ</em></strong></span> <span class='ocrx_word' id='word_1_498' title='bbox 704 1751 774 1807; x_wconf 80' lang='grc' dir='ltr'><strong>γὰρ</strong></span> <span class='ocrx_word' id='word_1_499' title='bbox 796 1748 930 1796; x_wconf 79' lang='grc' dir='ltr'><strong><em>ὀφείλει</em></strong></span> <span class='ocrx_word' id='word_1_500' title='bbox 953 1751 998 1786; x_wconf 83' lang='grc' dir='ltr'><strong>τὰ</strong></span> <span class='ocrx_word' id='word_1_501' title='bbox 1010 1752 1173 1794; x_wconf 56' lang='grc' dir='ltr'><strong><em>,τοιαῦτα</em></strong></span> <span class='ocrx_word' id='word_1_502' title='bbox 1241 1750 1327 1786; x_wconf 82' lang='lat' dir='ltr'><strong>alibi</strong></span> <span class='ocrx_word' id='word_1_503' title='bbox 1355 1750 1502 1795; x_wconf 71' lang='lat' dir='ltr'><strong>rapinas</strong></span> <span class='ocrx_word' id='word_1_504' title='bbox 1535 1750 1721 1785; x_wconf 87' lang='lat' dir='ltr'><strong>mulierum</strong></span> <span class='ocrx_word' id='word_1_505' title='bbox 1756 1755 1819 1785; x_wconf 81' lang='lat' dir='ltr'><strong>aut</strong></span> <span class='ocrx_word' id='word_1_506' title='bbox 1848 1749 2063 1785; x_wconf 69' lang='lat' dir='ltr'><strong>adulterium</strong></span> <span class='ocrx_word' id='word_1_507' title='bbox 2094 1749 2319 1785; x_wconf 71' lang='lat' dir='ltr'><strong>committunt</strong></span> 
     </span>
     <span class='ocr_line' id='line_1_46' title="bbox 99 1792 2320 1842; baseline -0 -11"><span class='ocrx_word' id='word_1_508' title='bbox 99 1797 276 1842; x_wconf 83' lang='grc' dir='ltr'><strong><em>πρόςωπα</em></strong></span> <span class='ocrx_word' id='word_1_509' title='bbox 295 1799 490 1840; x_wconf 83' lang='grc' dir='ltr'><strong><em>σεβασμίου</em></strong></span> <span class='ocrx_word' id='word_1_510' title='bbox 506 1795 621 1831; x_wconf 84' lang='grc' dir='ltr'><strong><em>τόπου</em></strong></span> <span class='ocrx_word' id='word_1_511' title='bbox 637 1798 730 1838; x_wconf 81' lang='grc' dir='ltr'><strong><em>ἔχειν</em></strong></span> <span class='ocrx_word' id='word_1_512' title='bbox 746 1795 959 1842; x_wconf 54' lang='lat' dir='ltr'><strong>aequamur,</strong></span> <span class='ocrx_word' id='word_1_513' title='bbox 982 1796 1094 1841; x_wconf 63' lang='lat' dir='ltr'><strong>oimp</strong></span> <span class='ocrx_word' id='word_1_514' title='bbox 1110 1792 1171 1829; x_wconf 78' lang='grc' dir='ltr'><strong>αὖ·</strong></span> <span class='ocrx_word' id='word_1_515' title='bbox 1185 1797 1228 1830; x_wconf 83' lang='grc'><strong>35</strong></span> <span class='ocrx_word' id='word_1_516' title='bbox 1241 1799 1278 1831; x_wconf 82' lang='lat' dir='ltr'><strong>et</strong></span> <span class='ocrx_word' id='word_1_517' title='bbox 1299 1795 1347 1832; x_wconf 72' lang='lat' dir='ltr'><strong>ad</strong></span> <span class='ocrx_word' id='word_1_518' title='bbox 1369 1795 1569 1831; x_wconf 81' lang='lat' dir='ltr'><strong>orationum</strong></span> <span class='ocrx_word' id='word_1_519' title='bbox 1600 1796 1725 1831; x_wconf 74' lang='lat' dir='ltr'><strong>domos</strong></span> <span class='ocrx_word' id='word_1_520' title='bbox 1756 1795 1967 1840; x_wconf 81' lang='lat' dir='ltr'><strong>confugiunt</strong></span> <span class='ocrx_word' id='word_1_521' title='bbox 1996 1795 2043 1830; x_wconf 70' lang='lat' dir='ltr'><strong>ab</strong></span> <span class='ocrx_word' id='word_1_522' title='bbox 2074 1795 2125 1831; x_wconf 80' lang='lat' dir='ltr'><strong>eis</strong></span> <span class='ocrx_word' id='word_1_523' title='bbox 2148 1794 2320 1831; x_wconf 72' lang='lat' dir='ltr'><strong>vindicari</strong></span> 
     </span>
     <span class='ocr_line' id='line_1_47' title="bbox 97 1838 2319 1887; baseline 0.001 -13"><span class='ocrx_word' id='word_1_524' title='bbox 97 1844 154 1875; x_wconf 83' lang='grc' dir='ltr'><strong>τοὶ</strong></span> <span class='ocrx_word' id='word_1_525' title='bbox 177 1839 238 1875; x_wconf 83' lang='grc' dir='ltr'><strong>διὰ</strong></span> <span class='ocrx_word' id='word_1_526' title='bbox 261 1841 324 1875; x_wconf 81' lang='grc' dir='ltr'><strong>τοῦ</strong></span> <span class='ocrx_word' id='word_1_527' title='bbox 348 1838 441 1874; x_wconf 75' lang='grc' dir='ltr'><strong><em>ἰδίου</em></strong></span> <span class='ocrx_word' id='word_1_528' title='bbox 460 1841 589 1884; x_wconf 73' lang='grc' dir='ltr'><strong><em>μύσους</em></strong></span> <span class='ocrx_word' id='word_1_529' title='bbox 611 1839 897 1887; x_wconf 71' lang='grc' dir='ltr'><strong><em>κατεφρόνησαν.</em></strong></span> <span class='ocrx_word' id='word_1_530' title='bbox 945 1843 975 1875; x_wconf 75' lang='grc' dir='ltr'><strong>εἰ</strong></span> <span class='ocrx_word' id='word_1_531' title='bbox 997 1842 1067 1887; x_wconf 78' lang='grc' dir='ltr'><strong>γὰρ</strong></span> <span class='ocrx_word' id='word_1_532' title='bbox 1090 1840 1173 1875; x_wconf 72' lang='grc' dir='ltr'><strong><em>τοὺς</em></strong></span> <span class='ocrx_word' id='word_1_533' title='bbox 1240 1843 1386 1877; x_wconf 86' lang='lat' dir='ltr'><strong>nostrae</strong></span> <span class='ocrx_word' id='word_1_534' title='bbox 1406 1841 1502 1886; x_wconf 82' lang='lat' dir='ltr'><strong>leges</strong></span> <span class='ocrx_word' id='word_1_535' title='bbox 1524 1850 1597 1876; x_wconf 91' lang='lat' dir='ltr'><strong>non</strong></span> <span class='ocrx_word' id='word_1_536' title='bbox 1619 1840 1758 1883; x_wconf 89' lang='lat' dir='ltr'><strong>sinunt,</strong></span> <span class='ocrx_word' id='word_1_537' title='bbox 1788 1840 1964 1886; x_wconf 87' lang='lat' dir='ltr'><strong>quomodo</strong></span> <span class='ocrx_word' id='word_1_538' title='bbox 1994 1839 2066 1876; x_wconf 85' lang='lat' dir='ltr'><strong>illis</strong></span> <span class='ocrx_word' id='word_1_539' title='bbox 2097 1840 2159 1887; x_wconf 80' lang='lat' dir='ltr'><strong>qui</strong></span> <span class='ocrx_word' id='word_1_540' title='bbox 2180 1840 2218 1876; x_wconf 90' lang='lat' dir='ltr'><strong>in</strong></span> <span class='ocrx_word' id='word_1_541' title='bbox 2240 1839 2319 1886; x_wconf 77' lang='lat' dir='ltr'><strong>ipsa</strong></span> 
     </span>
     <span class='ocr_line' id='line_1_48' title="bbox 99 1882 1174 1940; baseline 0.001 -21"><span class='ocrx_word' id='word_1_542' title='bbox 99 1882 275 1928; x_wconf 71' lang='grc' dir='ltr'><strong><em>ἀλλαχόσε</em></strong></span> <span class='ocrx_word' id='word_1_543' title='bbox 292 1883 455 1940; x_wconf 64' lang='grc' dir='ltr'><strong><em>ιξιρπαγὰς</em></strong></span> <span class='ocrx_word' id='word_1_544' title='bbox 473 1887 654 1932; x_wconf 78' lang='grc' dir='ltr'><strong><em>γυναικῶν</em></strong></span> <span class='ocrx_word' id='word_1_545' title='bbox 677 1890 737 1920; x_wconf 81' lang='grc' dir='ltr'><strong>καὶ</strong></span> <span class='ocrx_word' id='word_1_546' title='bbox 753 1890 910 1930; x_wconf 81' lang='grc' dir='ltr'><strong><em>μοιχείας</em></strong></span> <span class='ocrx_word' id='word_1_547' title='bbox 929 1885 1174 1930; x_wconf 79' lang='grc' dir='ltr'><strong><em>πλημμελοῦν-</em></strong></span> 
     </span>
     <span class='ocr_line' id='line_1_49' title="bbox 100 1928 1176 1986; baseline 0.001 -23"><span class='ocrx_word' id='word_1_548' title='bbox 100 1942 163 1965; x_wconf 86' lang='grc' dir='ltr'><strong>τας</strong></span> <span class='ocrx_word' id='word_1_549' title='bbox 193 1931 241 1964; x_wconf 77' lang='grc' dir='ltr'><strong>εἰς</strong></span> <span class='ocrx_word' id='word_1_550' title='bbox 271 1934 472 1986; x_wconf 77' lang='grc' dir='ltr'><strong><em>ευκτηρίους</em></strong></span> <span class='ocrx_word' id='word_1_551' title='bbox 501 1931 616 1967; x_wconf 78' lang='grc' dir='ltr'><strong><em>οἴκους</em></strong></span> <span class='ocrx_word' id='word_1_552' title='bbox 645 1930 930 1977; x_wconf 72' lang='grc' dir='ltr'><strong><em>προςφεῦγοντας</em></strong></span> <span class='ocrx_word' id='word_1_553' title='bbox 960 1928 1026 1967; x_wconf 73' lang='grc' dir='ltr'><strong>ὑπ’</strong></span> <span class='ocrx_word' id='word_1_554' title='bbox 1053 1928 1176 1965; x_wconf 72' lang='grc' dir='ltr'><strong><em>αὐτῶν</em></strong></span> 
     </span>
     <span class='ocr_line' id='line_1_50' title="bbox 99 1973 1177 2022; baseline 0.001 -13"><span class='ocrx_word' id='word_1_555' title='bbox 99 1973 323 2010; x_wconf 57' lang='lat' dir='ltr'><strong>exclamem</strong></span> <span class='ocrx_word' id='word_1_556' title='bbox 352 1988 388 2009; x_wconf 90' lang='grc' dir='ltr'><strong>οι</strong></span> <span class='ocrx_word' id='word_1_557' title='bbox 418 1974 580 2020; x_wconf 75' lang='grc' dir='ltr'><strong><em>ἡμέτεροι</em></strong></span> <span class='ocrx_word' id='word_1_558' title='bbox 610 1975 716 2017; x_wconf 84' lang='grc' dir='ltr'><strong><em>νόμοι</em></strong></span> <span class='ocrx_word' id='word_1_559' title='bbox 750 1974 792 2010; x_wconf 78' lang='grc' dir='ltr'><strong>οὐ</strong></span> <span class='ocrx_word' id='word_1_560' title='bbox 821 1977 1064 2022; x_wconf 79' lang='grc' dir='ltr'><strong><em>συγχωροῦσι,</em></strong></span> <span class='ocrx_word' id='word_1_561' title='bbox 1099 1977 1177 2011; x_wconf 81' lang='grc' dir='ltr'><strong>πῶς</strong></span> 
     </span>
     <span class='ocr_line' id='line_1_51' title="bbox 99 2018 1232 2067; baseline 0.002 -13"><span class='ocrx_word' id='word_1_562' title='bbox 99 2021 244 2055; x_wconf 65' lang='grc' dir='ltr'><strong><em>ἐκείνοις</em></strong></span> <span class='ocrx_word' id='word_1_563' title='bbox 261 2023 336 2055; x_wconf 84' lang='grc' dir='ltr'><strong><em>τοῖς</em></strong></span> <span class='ocrx_word' id='word_1_564' title='bbox 356 2022 396 2054; x_wconf 78' lang='grc' dir='ltr'><strong>ἐν</strong></span> <span class='ocrx_word' id='word_1_565' title='bbox 414 2018 507 2067; x_wconf 79' lang='grc' dir='ltr'><strong><em>αὐτῇ</em></strong></span> <span class='ocrx_word' id='word_1_566' title='bbox 521 2022 566 2067; x_wconf 84' lang='grc' dir='ltr'><strong>τῇ</strong></span> <span class='ocrx_word' id='word_1_567' title='bbox 584 2019 752 2064; x_wconf 69' lang='grc' dir='ltr'><strong><em>ἐκκλησίᾳ</em></strong></span> <span class='ocrx_word' id='word_1_568' title='bbox 773 2023 926 2056; x_wconf 82' lang='grc' dir='ltr'><strong><em>τοιαῦτα</em></strong></span> <span class='ocrx_word' id='word_1_569' title='bbox 948 2018 1045 2066; x_wconf 71' lang='grc' dir='ltr'><strong><em>μύση</em></strong></span> <span class='ocrx_word' id='word_1_570' title='bbox 1065 2033 1175 2056; x_wconf 80' lang='grc' dir='ltr'><strong><em>σπου·</em></strong></span> <span class='ocrx_word' id='word_1_571' title='bbox 1188 2023 1232 2056; x_wconf 81' lang='grc'><strong>40</strong></span> 
     </span>
    </p>
   </div>
   <div class='ocr_carea' id='block_1_8' title="bbox 95 2130 2324 2896">
    <p class='ocr_par' dir='ltr' id='par_1_10' title="bbox 95 2130 2322 2403">
     <span class='ocr_line' id='line_1_52' title="bbox 98 2130 2319 2179; baseline 0.001 -12"><span class='ocrx_word' id='word_1_572' title='bbox 98 2131 261 2167; x_wconf 84' lang='lat' dir='ltr'><strong>manibus</strong></span> <span class='ocrx_word' id='word_1_573' title='bbox 283 2131 456 2167; x_wconf 82' lang='lat' dir='ltr'><strong>eiusmodi</strong></span> <span class='ocrx_word' id='word_1_574' title='bbox 477 2131 654 2168; x_wconf 74' lang='lat' dir='ltr'><strong>hominem</strong></span> <span class='ocrx_word' id='word_1_575' title='bbox 677 2132 857 2176; x_wconf 82' lang='lat' dir='ltr'><strong>occidere,</strong></span> <span class='ocrx_word' id='word_1_576' title='bbox 886 2142 974 2168; x_wconf 81' lang='lat' dir='ltr'><strong>neve</strong></span> <span class='ocrx_word' id='word_1_577' title='bbox 1002 2131 1115 2167; x_wconf 81' lang='lat' dir='ltr'><strong>ullum</strong></span> <span class='ocrx_word' id='word_1_578' title='bbox 1144 2131 1229 2167; x_wconf 84' lang='lat' dir='ltr'><strong>inde</strong></span> <span class='ocrx_word' id='word_1_579' title='bbox 1251 2131 1456 2178; x_wconf 66' lang='lat' dir='ltr'><strong>periculam</strong></span> <span class='ocrx_word' id='word_1_580' title='bbox 1485 2135 1630 2167; x_wconf 84' lang='lat' dir='ltr'><strong>metuat.</strong></span> <span class='ocrx_word' id='word_1_581' title='bbox 1675 2130 1720 2166; x_wconf 88' lang='lat' dir='ltr'><strong>Si</strong></span> <span class='ocrx_word' id='word_1_582' title='bbox 1742 2141 1828 2167; x_wconf 83' lang='lat' dir='ltr'><strong>vero</strong></span> <span class='ocrx_word' id='word_1_583' title='bbox 1858 2132 1932 2167; x_wconf 86' lang='lat' dir='ltr'><strong>alio</strong></span> <span class='ocrx_word' id='word_1_584' title='bbox 1964 2132 2045 2168; x_wconf 87' lang='lat' dir='ltr'><strong>loco</strong></span> <span class='ocrx_word' id='word_1_585' title='bbox 2071 2132 2170 2167; x_wconf 90' lang='lat' dir='ltr'><strong>illum</strong></span> <span class='ocrx_word' id='word_1_586' title='bbox 2194 2133 2319 2179; x_wconf 84' lang='lat' dir='ltr'><strong>depre-</strong></span> 
     </span>
     <span class='ocr_line' id='line_1_53' title="bbox 100 2175 2322 2229; baseline 0 -16"><span class='ocrx_word' id='word_1_587' title='bbox 100 2175 264 2213; x_wconf 76' lang='lat' dir='ltr'><strong>henderit</strong></span> <span class='ocrx_word' id='word_1_588' title='bbox 287 2187 367 2211; x_wconf 85' lang='lat' dir='ltr'><strong>cum</strong></span> <span class='ocrx_word' id='word_1_589' title='bbox 389 2187 509 2212; x_wconf 75' lang='lat' dir='ltr'><strong>uxore</strong></span> <span class='ocrx_word' id='word_1_590' title='bbox 530 2187 598 2213; x_wconf 79' lang='lat' dir='ltr'><strong>sua</strong></span> <span class='ocrx_word' id='word_1_591' title='bbox 617 2177 895 2223; x_wconf 76' lang='lat' dir='ltr'><strong>colloquentem,</strong></span> <span class='ocrx_word' id='word_1_592' title='bbox 925 2187 1000 2213; x_wconf 88' lang='lat' dir='ltr'><strong>non</strong></span> <span class='ocrx_word' id='word_1_593' title='bbox 1020 2177 1141 2212; x_wconf 85' lang='lat' dir='ltr'><strong>minus</strong></span> <span class='ocrx_word' id='word_1_594' title='bbox 1166 2176 1280 2212; x_wconf 79' lang='lat' dir='ltr'><strong>tribus</strong></span> <span class='ocrx_word' id='word_1_595' title='bbox 1302 2176 1450 2212; x_wconf 85' lang='lat' dir='ltr'><strong>testibus</strong></span> <span class='ocrx_word' id='word_1_596' title='bbox 1472 2175 1546 2221; x_wconf 81' lang='lat' dir='ltr'><strong>fide</strong></span> <span class='ocrx_word' id='word_1_597' title='bbox 1569 2176 1690 2222; x_wconf 73' lang='lat' dir='ltr'><strong>diynis</strong></span> <span class='ocrx_word' id='word_1_598' title='bbox 1713 2177 1931 2219; x_wconf 82' lang='lat' dir='ltr'><strong>convocatis,</strong></span> <span class='ocrx_word' id='word_1_599' title='bbox 1959 2187 2030 2223; x_wconf 88' lang='lat' dir='ltr'><strong>per</strong></span> <span class='ocrx_word' id='word_1_600' title='bbox 2051 2188 2142 2223; x_wconf 84' lang='lat' dir='ltr'><strong>quos</strong></span> <span class='ocrx_word' id='word_1_601' title='bbox 2161 2180 2322 2229; x_wconf 84' lang='lat' dir='ltr'><strong>probare</strong></span> 
     </span>
     <span class='ocr_line' id='line_1_54' title="bbox 95 2221 2321 2269; baseline 0.001 -13"><span class='ocrx_word' id='word_1_602' title='bbox 95 2221 217 2268; x_wconf 87' lang='lat' dir='ltr'><strong>possit</strong></span> <span class='ocrx_word' id='word_1_603' title='bbox 245 2231 284 2256; x_wconf 91' lang='lat' dir='ltr'><strong>se</strong></span> <span class='ocrx_word' id='word_1_604' title='bbox 314 2231 393 2256; x_wconf 87' lang='lat' dir='ltr'><strong>eum</strong></span> <span class='ocrx_word' id='word_1_605' title='bbox 424 2231 503 2256; x_wconf 82' lang='lat' dir='ltr'><strong>cum</strong></span> <span class='ocrx_word' id='word_1_606' title='bbox 526 2232 595 2257; x_wconf 88' lang='lat' dir='ltr'><strong>sua</strong></span> <span class='ocrx_word' id='word_1_607' title='bbox 615 2233 736 2258; x_wconf 77' lang='lat' dir='ltr'><strong>uxore</strong></span> <span class='ocrx_word' id='word_1_608' title='bbox 765 2221 1058 2269; x_wconf 73' lang='lat' dir='ltr'><strong>deprehendisse,</strong></span> <span class='ocrx_word' id='word_1_609' title='bbox 1088 2221 1199 2256; x_wconf 85' lang='lat' dir='ltr'><strong>iudici</strong></span> <span class='ocrx_word' id='word_1_610' title='bbox 1228 2231 1309 2256; x_wconf 86' lang='lat' dir='ltr'><strong>eum</strong></span> <span class='ocrx_word' id='word_1_611' title='bbox 1339 2221 1464 2257; x_wconf 82' lang='lat' dir='ltr'><strong>tradat</strong></span> <span class='ocrx_word' id='word_1_612' title='bbox 1492 2221 1646 2256; x_wconf 84' lang='lat' dir='ltr'><strong>crimina</strong></span> <span class='ocrx_word' id='word_1_613' title='bbox 1671 2222 1915 2263; x_wconf 77' lang='lat' dir='ltr'><strong>eoeaminanti,</strong></span> <span class='ocrx_word' id='word_1_614' title='bbox 1943 2222 1977 2256; x_wconf 91' lang='lat' dir='ltr'><strong>is</strong></span> <span class='ocrx_word' id='word_1_615' title='bbox 1998 2230 2116 2257; x_wconf 86' lang='lat' dir='ltr'><strong>autem</strong></span> <span class='ocrx_word' id='word_1_616' title='bbox 2140 2232 2171 2257; x_wconf 72' lang='lat' dir='ltr'><strong>st</strong></span> <span class='ocrx_word' id='word_1_617' title='bbox 2193 2233 2321 2258; x_wconf 81' lang='lat' dir='ltr'><strong>revera</strong></span> 
     </span>
     <span class='ocr_line' id='line_1_55' title="bbox 101 2265 2320 2318; baseline -0 -16"><span class='ocrx_word' id='word_1_618' title='bbox 101 2266 300 2312; x_wconf 83' lang='lat' dir='ltr'><strong>comperiat</strong></span> <span class='ocrx_word' id='word_1_619' title='bbox 329 2276 407 2300; x_wconf 83' lang='lat' dir='ltr'><strong>eum</strong></span> <span class='ocrx_word' id='word_1_620' title='bbox 427 2271 519 2312; x_wconf 86' lang='lat' dir='ltr'><strong>post</strong></span> <span class='ocrx_word' id='word_1_621' title='bbox 550 2271 624 2302; x_wconf 84' lang='lat' dir='ltr'><strong>tres</strong></span> <span class='ocrx_word' id='word_1_622' title='bbox 652 2266 738 2301; x_wconf 87' lang='lat' dir='ltr'><strong>illas</strong></span> <span class='ocrx_word' id='word_1_623' title='bbox 766 2267 971 2302; x_wconf 74' lang='lat' dir='ltr'><strong>testationes</strong></span> <span class='ocrx_word' id='word_1_624' title='bbox 1001 2266 1158 2318; x_wconf 77' lang='lat' dir='ltr'><strong>scriptas</strong></span> <span class='ocrx_word' id='word_1_625' title='bbox 1187 2276 1262 2301; x_wconf 83' lang='lat' dir='ltr'><strong>una</strong></span> <span class='ocrx_word' id='word_1_626' title='bbox 1299 2276 1379 2301; x_wconf 83' lang='lat' dir='ltr'><strong>cum</strong></span> <span class='ocrx_word' id='word_1_627' title='bbox 1409 2265 1557 2301; x_wconf 81' lang='lat' dir='ltr'><strong>muliere</strong></span> <span class='ocrx_word' id='word_1_628' title='bbox 1586 2265 1653 2300; x_wconf 86' lang='lat' dir='ltr'><strong>illa</strong></span> <span class='ocrx_word' id='word_1_629' title='bbox 1683 2275 1760 2301; x_wconf 85' lang='lat' dir='ltr'><strong>esse</strong></span> <span class='ocrx_word' id='word_1_630' title='bbox 1789 2265 2065 2312; x_wconf 75' lang='lat' dir='ltr'><strong>deprehensum,</strong></span> <span class='ocrx_word' id='word_1_631' title='bbox 2104 2266 2205 2302; x_wconf 88' lang='lat' dir='ltr'><strong>illam</strong></span> <span class='ocrx_word' id='word_1_632' title='bbox 2242 2267 2320 2313; x_wconf 79' lang='lat' dir='ltr'><strong>qui-</strong></span> 
     </span>
     <span class='ocr_line' id='line_1_56' title="bbox 101 2310 2320 2358; baseline 0 -12"><span class='ocrx_word' id='word_1_633' title='bbox 101 2311 198 2353; x_wconf 87' lang='lat' dir='ltr'><strong>dem,</strong></span> <span class='ocrx_word' id='word_1_634' title='bbox 229 2314 356 2357; x_wconf 80' lang='lat' dir='ltr'><strong>utpote</strong></span> <span class='ocrx_word' id='word_1_635' title='bbox 385 2312 449 2356; x_wconf 81' lang='lat' dir='ltr'><strong>qui</strong></span> <span class='ocrx_word' id='word_1_636' title='bbox 478 2321 527 2346; x_wconf 71' lang='lat' dir='ltr'><strong>ca:</strong></span> <span class='ocrx_word' id='word_1_637' title='bbox 558 2310 627 2346; x_wconf 76' lang='lat' dir='ltr'><strong>hoc</strong></span> <span class='ocrx_word' id='word_1_638' title='bbox 654 2311 732 2346; x_wconf 89' lang='lat' dir='ltr'><strong>solo</strong></span> <span class='ocrx_word' id='word_1_639' title='bbox 761 2311 799 2345; x_wconf 86' lang='lat' dir='ltr'><strong>in</strong></span> <span class='ocrx_word' id='word_1_640' title='bbox 822 2311 992 2346; x_wconf 85' lang='lat' dir='ltr'><strong>adulterii</strong></span> <span class='ocrx_word' id='word_1_641' title='bbox 1021 2321 1154 2346; x_wconf 70' lang='lat' dir='ltr'><strong>crimen</strong></span> <span class='ocrx_word' id='word_1_642' title='bbox 1178 2310 1360 2352; x_wconf 83' lang='lat' dir='ltr'><strong>inciderit,</strong></span> <span class='ocrx_word' id='word_1_643' title='bbox 1392 2310 1495 2345; x_wconf 86' lang='lat' dir='ltr'><strong>nulla</strong></span> <span class='ocrx_word' id='word_1_644' title='bbox 1523 2310 1597 2345; x_wconf 85' lang='lat' dir='ltr'><strong>alia</strong></span> <span class='ocrx_word' id='word_1_645' title='bbox 1614 2310 1836 2356; x_wconf 73' lang='lat' dir='ltr'><strong>probatione</strong></span> <span class='ocrx_word' id='word_1_646' title='bbox 1857 2322 1898 2345; x_wconf 89' lang='lat' dir='ltr'><strong>re</strong></span> <span class='ocrx_word' id='word_1_647' title='bbox 1925 2311 2032 2346; x_wconf 86' lang='lat' dir='ltr'><strong>uisita</strong></span> <span class='ocrx_word' id='word_1_648' title='bbox 2054 2311 2235 2358; x_wconf 82' lang='lat' dir='ltr'><strong>supplicio</strong></span> <span class='ocrx_word' id='word_1_649' title='bbox 2258 2312 2320 2358; x_wconf 81' lang='lat' dir='ltr'><strong>af-</strong></span> 
     </span>
     <span class='ocr_line' id='line_1_57' title="bbox 100 2355 2272 2403; baseline 0 -12"><span class='ocrx_word' id='word_1_650' title='bbox 100 2356 215 2400; x_wconf 83' lang='lat' dir='ltr'><strong>ficiat,</strong></span> <span class='ocrx_word' id='word_1_651' title='bbox 239 2356 369 2390; x_wconf 83' lang='lat' dir='ltr'><strong>marito</strong></span> <span class='ocrx_word' id='word_1_652' title='bbox 390 2359 508 2391; x_wconf 84' lang='lat' dir='ltr'><strong>autem</strong></span> <span class='ocrx_word' id='word_1_653' title='bbox 532 2356 637 2391; x_wconf 85' lang='lat' dir='ltr'><strong>liceat</strong></span> <span class='ocrx_word' id='word_1_654' title='bbox 659 2367 734 2402; x_wconf 79' lang='lat' dir='ltr'><strong>quo</strong></span> <span class='ocrx_word' id='word_1_655' title='bbox 750 2356 903 2391; x_wconf 84' lang='lat' dir='ltr'><strong>voluerit</strong></span> <span class='ocrx_word' id='word_1_656' title='bbox 926 2355 1030 2390; x_wconf 87' lang='lat' dir='ltr'><strong>modo</strong></span> <span class='ocrx_word' id='word_1_657' title='bbox 1055 2366 1210 2391; x_wconf 76' lang='lat' dir='ltr'><strong>uxorem</strong></span> <span class='ocrx_word' id='word_1_658' title='bbox 1231 2366 1334 2390; x_wconf 83' lang='lat' dir='ltr'><strong>suam</strong></span> <span class='ocrx_word' id='word_1_659' title='bbox 1358 2365 1531 2390; x_wconf 81' lang='lat' dir='ltr'><strong>accusare</strong></span> <span class='ocrx_word' id='word_1_660' title='bbox 1553 2359 1588 2390; x_wconf 83' lang='lat' dir='ltr'><strong>et</strong></span> <span class='ocrx_word' id='word_1_661' title='bbox 1610 2355 1744 2390; x_wconf 80' lang='lat' dir='ltr'><strong>crimen</strong></span> <span class='ocrx_word' id='word_1_662' title='bbox 1766 2364 1874 2390; x_wconf 85' lang='lat' dir='ltr'><strong>secun</strong></span> <span class='ocrx_word' id='word_1_663' title='bbox 1902 2366 1960 2390; x_wconf 80' lang='lat' dir='ltr'><strong>um</strong></span> <span class='ocrx_word' id='word_1_664' title='bbox 1983 2355 2080 2402; x_wconf 78' lang='lat' dir='ltr'><strong>leqes</strong></span> <span class='ocrx_word' id='word_1_665' title='bbox 2092 2357 2272 2403; x_wconf 78' lang='lat' dir='ltr'><strong>persequi.</strong></span> 
     </span>
    </p>

    <p class='ocr_par' dir='ltr' id='par_1_11' title="bbox 101 2398 2324 2896">
     <span class='ocr_line' id='line_1_58' title="bbox 103 2398 2321 2447; baseline -0 -10"><span class='ocrx_word' id='word_1_666' title='bbox 103 2403 126 2437; x_wconf 89' lang='lat'>1</span> <span class='ocrx_word' id='word_1_667' title='bbox 172 2399 348 2442; x_wconf 80' lang='lat' dir='ltr'><strong>Quoniam</strong></span> <span class='ocrx_word' id='word_1_668' title='bbox 372 2410 457 2435; x_wconf 87' lang='lat' dir='ltr'><strong>vero</strong></span> <span class='ocrx_word' id='word_1_669' title='bbox 480 2400 571 2443; x_wconf 83' lang='lat' dir='ltr'><strong>adeo</strong></span> <span class='ocrx_word' id='word_1_670' title='bbox 594 2400 695 2447; x_wconf 88' lang='lat' dir='ltr'><strong>impii</strong></span> <span class='ocrx_word' id='word_1_671' title='bbox 718 2400 885 2435; x_wconf 83' lang='lat' dir='ltr'><strong>nonnulli</strong></span> <span class='ocrx_word' id='word_1_672' title='bbox 904 2400 1148 2447; x_wconf 86' lang='lat' dir='ltr'><strong>reperiuntur,</strong></span> <span class='ocrx_word' id='word_1_673' title='bbox 1178 2404 1220 2435; x_wconf 89' lang='lat' dir='ltr'><strong>ut</strong></span> <span class='ocrx_word' id='word_1_674' title='bbox 1241 2400 1350 2435; x_wconf 81' lang='lat' dir='ltr'><strong>etiam</strong></span> <span class='ocrx_word' id='word_1_675' title='bbox 1373 2399 1412 2435; x_wconf 80' lang='lat' dir='ltr'><strong>in</strong></span> <span class='ocrx_word' id='word_1_676' title='bbox 1435 2398 1697 2435; x_wconf 79' lang='lat' dir='ltr'><strong>venerabilibus</strong></span> <span class='ocrx_word' id='word_1_677' title='bbox 1725 2399 1891 2435; x_wconf 81' lang='lat' dir='ltr'><strong>domibus</strong></span> <span class='ocrx_word' id='word_1_678' title='bbox 1911 2400 2088 2436; x_wconf 69' lang='lat' dir='ltr'><strong>eimedi</strong></span> <span class='ocrx_word' id='word_1_679' title='bbox 2106 2412 2146 2436; x_wconf 84' lang='lat' dir='ltr'><strong>se</strong></span> <span class='ocrx_word' id='word_1_680' title='bbox 2165 2401 2321 2447; x_wconf 77' lang='lat' dir='ltr'><strong>flaqitiis</strong></span> 
     </span>
     <span class='ocr_line' id='line_1_59' title="bbox 102 2443 2320 2498; baseline 0.001 -19"><span class='ocrx_word' id='word_1_681' title='bbox 102 2446 298 2480; x_wconf 77' lang='lat' dir='ltr'><strong>immiscere</strong></span> <span class='ocrx_word' id='word_1_682' title='bbox 319 2443 480 2480; x_wconf 80' lang='lat' dir='ltr'><strong>audeant</strong></span> <span class='ocrx_word' id='word_1_683' title='bbox 510 2445 619 2496; x_wconf 79' lang='lat' dir='ltr'><strong>atque</strong></span> <span class='ocrx_word' id='word_1_684' title='bbox 642 2445 691 2480; x_wconf 83' lang='lat' dir='ltr'><strong>ibi</strong></span> <span class='ocrx_word' id='word_1_685' title='bbox 722 2445 766 2480; x_wconf 80' lang='lat' dir='ltr'><strong>de</strong></span> <span class='ocrx_word' id='word_1_686' title='bbox 787 2445 948 2491; x_wconf 85' lang='lat' dir='ltr'><strong>peccatis</strong></span> <span class='ocrx_word' id='word_1_687' title='bbox 970 2445 1122 2480; x_wconf 84' lang='lat' dir='ltr'><strong>consilia</strong></span> <span class='ocrx_word' id='word_1_688' title='bbox 1145 2445 1249 2486; x_wconf 84' lang='lat' dir='ltr'><strong>inire,</strong></span> <span class='ocrx_word' id='word_1_689' title='bbox 1284 2444 1344 2479; x_wconf 81' lang='lat' dir='ltr'><strong>ubi</strong></span> <span class='ocrx_word' id='word_1_690' title='bbox 1370 2444 1434 2490; x_wconf 80' lang='lat' dir='ltr'><strong>qui</strong></span> <span class='ocrx_word' id='word_1_691' title='bbox 1463 2444 1567 2480; x_wconf 83' lang='lat' dir='ltr'><strong>deum</strong></span> <span class='ocrx_word' id='word_1_692' title='bbox 1598 2444 1721 2480; x_wconf 82' lang='lat' dir='ltr'><strong>timent</strong></span> <span class='ocrx_word' id='word_1_693' title='bbox 1743 2450 1979 2491; x_wconf 87' lang='lat' dir='ltr'><strong>peccatorum</strong></span> <span class='ocrx_word' id='word_1_694' title='bbox 2007 2446 2146 2481; x_wconf 87' lang='lat' dir='ltr'><strong>veniam</strong></span> <span class='ocrx_word' id='word_1_695' title='bbox 2173 2446 2320 2498; x_wconf 80' lang='lat' dir='ltr'><strong>precari</strong></span> 
     </span>
     <span class='ocr_line' id='line_1_60' title="bbox 101 2488 2319 2537; baseline 0 -12"><span class='ocrx_word' id='word_1_696' title='bbox 101 2490 229 2533; x_wconf 79' lang='lat' dir='ltr'><strong>solent,</strong></span> <span class='ocrx_word' id='word_1_697' title='bbox 252 2489 422 2531; x_wconf 46' lang='lat' dir='ltr'><strong>iubemus</strong></span> <span class='ocrx_word' id='word_1_698' title='bbox 445 2489 478 2524; x_wconf 89' lang='lat' dir='ltr'><strong>si</strong></span> <span class='ocrx_word' id='word_1_699' title='bbox 501 2500 582 2535; x_wconf 73' lang='lat' dir='ltr'><strong>quus</strong></span> <span class='ocrx_word' id='word_1_700' title='bbox 601 2489 776 2525; x_wconf 84' lang='lat' dir='ltr'><strong>eiusmodi</strong></span> <span class='ocrx_word' id='word_1_701' title='bbox 799 2490 836 2524; x_wconf 80' lang='lat' dir='ltr'><strong>in</strong></span> <span class='ocrx_word' id='word_1_702' title='bbox 860 2490 996 2525; x_wconf 79' lang='lat' dir='ltr'><strong>sanctis</strong></span> <span class='ocrx_word' id='word_1_703' title='bbox 1019 2489 1109 2525; x_wconf 86' lang='lat' dir='ltr'><strong>loeis</strong></span> <span class='ocrx_word' id='word_1_704' title='bbox 1130 2488 1375 2536; x_wconf 77' lang='lat' dir='ltr'><strong>deprehensus</strong></span> <span class='ocrx_word' id='word_1_705' title='bbox 1395 2489 1445 2524; x_wconf 83' lang='lat' dir='ltr'><strong>sit</strong></span> <span class='ocrx_word' id='word_1_706' title='bbox 1466 2499 1547 2524; x_wconf 83' lang='lat' dir='ltr'><strong>cum</strong></span> <span class='ocrx_word' id='word_1_707' title='bbox 1569 2489 1690 2524; x_wconf 83' lang='lat' dir='ltr'><strong>aliena</strong></span> <span class='ocrx_word' id='word_1_708' title='bbox 1712 2500 1842 2531; x_wconf 74' lang='lat' dir='ltr'><strong>uxore,</strong></span> <span class='ocrx_word' id='word_1_709' title='bbox 1866 2489 1911 2525; x_wconf 84' lang='lat' dir='ltr'><strong>de</strong></span> <span class='ocrx_word' id='word_1_710' title='bbox 1930 2501 2004 2535; x_wconf 84' lang='lat' dir='ltr'><strong>qua</strong></span> <span class='ocrx_word' id='word_1_711' title='bbox 2023 2490 2061 2524; x_wconf 86' lang='lat' dir='ltr'><strong>in</strong></span> <span class='ocrx_word' id='word_1_712' title='bbox 2081 2491 2319 2537; x_wconf 75' lang='lat' dir='ltr'><strong>suspicionem</strong></span> 
     </span>
     <span class='ocr_line' id='line_1_61' title="bbox 103 2533 2320 2586; baseline 0.001 -16"><span class='ocrx_word' id='word_1_713' title='bbox 103 2535 207 2576; x_wconf 83' lang='lat' dir='ltr'><strong>venit,</strong></span> <span class='ocrx_word' id='word_1_714' title='bbox 221 2539 315 2586; x_wconf 83' lang='lat' dir='ltr'><strong>post</strong></span> <span class='ocrx_word' id='word_1_715' title='bbox 339 2539 412 2569; x_wconf 84' lang='lat' dir='ltr'><strong>tres</strong></span> <span class='ocrx_word' id='word_1_716' title='bbox 434 2534 501 2576; x_wconf 88' lang='lat' dir='ltr'><strong>(uti</strong></span> <span class='ocrx_word' id='word_1_717' title='bbox 523 2534 657 2569; x_wconf 83' lang='lat' dir='ltr'><strong>dictum</strong></span> <span class='ocrx_word' id='word_1_718' title='bbox 679 2539 744 2575; x_wconf 84' lang='lat' dir='ltr'><strong>est)</strong></span> <span class='ocrx_word' id='word_1_719' title='bbox 767 2535 1046 2570; x_wconf 81' lang='lat' dir='ltr'><strong>contestationes</strong></span> <span class='ocrx_word' id='word_1_720' title='bbox 1069 2534 1290 2579; x_wconf 82' lang='lat' dir='ltr'><strong>colloquens,</strong></span> <span class='ocrx_word' id='word_1_721' title='bbox 1321 2534 1428 2569; x_wconf 82' lang='lat' dir='ltr'><strong>licere</strong></span> <span class='ocrx_word' id='word_1_722' title='bbox 1451 2533 1582 2568; x_wconf 85' lang='lat' dir='ltr'><strong>marito</strong></span> <span class='ocrx_word' id='word_1_723' title='bbox 1604 2533 1682 2569; x_wconf 83' lang='lat' dir='ltr'><strong>eius</strong></span> <span class='ocrx_word' id='word_1_724' title='bbox 1704 2538 1896 2580; x_wconf 78' lang='lat' dir='ltr'><strong>utramque</strong></span> <span class='ocrx_word' id='word_1_725' title='bbox 1944 2545 2112 2570; x_wconf 85' lang='lat' dir='ltr'><strong>ersonam</strong></span> <span class='ocrx_word' id='word_1_726' title='bbox 2134 2536 2320 2581; x_wconf 81' lang='lat' dir='ltr'><strong>defensori</strong></span> 
     </span>
     <span class='ocr_line' id='line_1_62' title="bbox 101 2577 2320 2626; baseline 0.001 -11"><span class='ocrx_word' id='word_1_727' title='bbox 101 2579 272 2616; x_wconf 73' lang='lat' dir='ltr'><strong>ecclesiae</strong></span> <span class='ocrx_word' id='word_1_728' title='bbox 294 2579 350 2614; x_wconf 88' lang='lat' dir='ltr'><strong>vel</strong></span> <span class='ocrx_word' id='word_1_729' title='bbox 371 2579 499 2614; x_wconf 82' lang='lat' dir='ltr'><strong>ceteris</strong></span> <span class='ocrx_word' id='word_1_730' title='bbox 522 2579 664 2614; x_wconf 81' lang='lat' dir='ltr'><strong>clericis</strong></span> <span class='ocrx_word' id='word_1_731' title='bbox 687 2578 842 2620; x_wconf 82' lang='lat' dir='ltr'><strong>tradere,</strong></span> <span class='ocrx_word' id='word_1_732' title='bbox 865 2584 907 2615; x_wconf 84' lang='lat' dir='ltr'><strong>ut</strong></span> <span class='ocrx_word' id='word_1_733' title='bbox 928 2581 1089 2625; x_wconf 83' lang='lat' dir='ltr'><strong>ipsorum</strong></span> <span class='ocrx_word' id='word_1_734' title='bbox 1106 2578 1275 2625; x_wconf 83' lang='lat' dir='ltr'><strong>periculo</strong></span> <span class='ocrx_word' id='word_1_735' title='bbox 1296 2579 1461 2624; x_wconf 83' lang='lat' dir='ltr'><strong>separati</strong></span> <span class='ocrx_word' id='word_1_736' title='bbox 1483 2577 1744 2620; x_wconf 74' lang='lat' dir='ltr'><strong>custodiantur,</strong></span> <span class='ocrx_word' id='word_1_737' title='bbox 1767 2578 1882 2614; x_wconf 85' lang='lat' dir='ltr'><strong>donec</strong></span> <span class='ocrx_word' id='word_1_738' title='bbox 1919 2579 1977 2615; x_wconf 81' lang='lat' dir='ltr'><strong>oei</strong></span> <span class='ocrx_word' id='word_1_739' title='bbox 1995 2580 2232 2626; x_wconf 76' lang='lat' dir='ltr'><strong>mayistratus</strong></span> <span class='ocrx_word' id='word_1_740' title='bbox 2253 2580 2320 2617; x_wconf 77' lang='lat' dir='ltr'><strong>hoc</strong></span> 
     </span>
     <span class='ocr_line' id='line_1_63' title="bbox 102 2623 2321 2670; baseline 0 -10"><span class='ocrx_word' id='word_1_741' title='bbox 102 2628 285 2670; x_wconf 84' lang='lat' dir='ltr'><strong>comperto</strong></span> <span class='ocrx_word' id='word_1_742' title='bbox 308 2623 358 2658; x_wconf 87' lang='lat' dir='ltr'><strong>ad</strong></span> <span class='ocrx_word' id='word_1_743' title='bbox 378 2623 583 2670; x_wconf 81' lang='lat' dir='ltr'><strong>episcopum</strong></span> <span class='ocrx_word' id='word_1_744' title='bbox 609 2624 708 2659; x_wconf 79' lang='lat' dir='ltr'><strong>urbis</strong></span> <span class='ocrx_word' id='word_1_745' title='bbox 730 2624 857 2665; x_wconf 78' lang='lat' dir='ltr'><strong>mittat,</strong></span> <span class='ocrx_word' id='word_1_746' title='bbox 882 2629 921 2660; x_wconf 81' lang='lat' dir='ltr'><strong>ut</strong></span> <span class='ocrx_word' id='word_1_747' title='bbox 942 2624 1013 2660; x_wconf 83' lang='lat' dir='ltr'><strong>sibi</strong></span> <span class='ocrx_word' id='word_1_748' title='bbox 1034 2624 1090 2659; x_wconf 83' lang='lat' dir='ltr'><strong>illi</strong></span> <span class='ocrx_word' id='word_1_749' title='bbox 1114 2623 1309 2659; x_wconf 83' lang='lat' dir='ltr'><strong>tradantur</strong></span> <span class='ocrx_word' id='word_1_750' title='bbox 1323 2634 1468 2669; x_wconf 88' lang='lat' dir='ltr'><strong>poenas</strong></span> <span class='ocrx_word' id='word_1_751' title='bbox 1488 2623 1646 2659; x_wconf 79' lang='lat' dir='ltr'><strong>subituri</strong></span> <span class='ocrx_word' id='word_1_752' title='bbox 1664 2623 1858 2659; x_wconf 83' lang='lat' dir='ltr'><strong>secundum</strong></span> <span class='ocrx_word' id='word_1_753' title='bbox 1881 2624 1991 2670; x_wconf 78' lang='lat' dir='ltr'><strong>leqes,</strong></span> <span class='ocrx_word' id='word_1_754' title='bbox 2019 2636 2114 2670; x_wconf 82' lang='lat' dir='ltr'><strong>quac</strong></span> <span class='ocrx_word' id='word_1_755' title='bbox 2135 2625 2321 2661; x_wconf 85' lang='lat' dir='ltr'><strong>adulteros</strong></span> 
     </span>
     <span class='ocr_line' id='line_1_64' title="bbox 102 2667 2321 2716; baseline 0.001 -12"><span class='ocrx_word' id='word_1_756' title='bbox 102 2681 127 2704; x_wconf 90' lang='lat' dir='ltr'><strong>a</strong></span> <span class='ocrx_word' id='word_1_757' title='bbox 148 2668 384 2704; x_wconf 83' lang='lat' dir='ltr'><strong>sanctissimis</strong></span> <span class='ocrx_word' id='word_1_758' title='bbox 406 2668 564 2704; x_wconf 84' lang='lat' dir='ltr'><strong>ecclesiis</strong></span> <span class='ocrx_word' id='word_1_759' title='bbox 588 2668 764 2704; x_wconf 82' lang='lat' dir='ltr'><strong>vindicari</strong></span> <span class='ocrx_word' id='word_1_760' title='bbox 787 2673 928 2704; x_wconf 85' lang='lat' dir='ltr'><strong>vetant:</strong></span> <span class='ocrx_word' id='word_1_761' title='bbox 961 2679 1006 2704; x_wconf 84' lang='lat' dir='ltr'><strong>ae</strong></span> <span class='ocrx_word' id='word_1_762' title='bbox 1027 2679 1073 2704; x_wconf 89' lang='lat' dir='ltr'><strong>ne</strong></span> <span class='ocrx_word' id='word_1_763' title='bbox 1095 2667 1154 2703; x_wconf 77' lang='lat' dir='ltr'><strong>hic</strong></span> <span class='ocrx_word' id='word_1_764' title='bbox 1177 2667 1319 2714; x_wconf 81' lang='lat' dir='ltr'><strong>quidem</strong></span> <span class='ocrx_word' id='word_1_765' title='bbox 1342 2667 1453 2703; x_wconf 85' lang='lat' dir='ltr'><strong>ullam</strong></span> <span class='ocrx_word' id='word_1_766' title='bbox 1477 2667 1586 2702; x_wconf 85' lang='lat' dir='ltr'><strong>aliam</strong></span> <span class='ocrx_word' id='word_1_767' title='bbox 1606 2667 1777 2703; x_wconf 84' lang='lat' dir='ltr'><strong>adulterii</strong></span> <span class='ocrx_word' id='word_1_768' title='bbox 1794 2669 2049 2714; x_wconf 83' lang='lat' dir='ltr'><strong>probationem</strong></span> <span class='ocrx_word' id='word_1_769' title='bbox 2076 2675 2225 2716; x_wconf 86' lang='lat' dir='ltr'><strong>praeter</strong></span> <span class='ocrx_word' id='word_1_770' title='bbox 2248 2674 2321 2706; x_wconf 82' lang='lat' dir='ltr'><strong>tres</strong></span> 
     </span>
     <span class='ocr_line' id='line_1_65' title="bbox 103 2712 2322 2793; baseline 0.001 -44"><span class='ocrx_word' id='word_1_771' title='bbox 103 2713 198 2757; x_wconf 89' lang='lat' dir='ltr'><strong>illas,</strong></span> <span class='ocrx_word' id='word_1_772' title='bbox 220 2713 327 2749; x_wconf 84' lang='lat' dir='ltr'><strong>sicuti</strong></span> <span class='ocrx_word' id='word_1_773' title='bbox 348 2723 464 2765; x_wconf 83' lang='lat' dir='ltr'><strong>supra</strong></span> <span class='ocrx_word' id='word_1_774' title='bbox 486 2713 657 2755; x_wconf 76' lang='lat' dir='ltr'><strong>diximus,</strong></span> <span class='ocrx_word' id='word_1_775' title='bbox 680 2713 887 2749; x_wconf 84' lang='lat' dir='ltr'><strong>testationes</strong></span> <span class='ocrx_word' id='word_1_776' title='bbox 908 2713 1022 2750; x_wconf 77' lang='lat' dir='ltr'><strong>iudex</strong></span> <span class='ocrx_word' id='word_1_777' title='bbox 1043 2713 1216 2793; x_wconf 54' lang='lat' dir='ltr'><strong>requirat.</strong></span> <span class='ocrx_word' id='word_1_778' title='bbox 1252 2712 1347 2748; x_wconf 87' lang='lat' dir='ltr'><strong>Nam</strong></span> <span class='ocrx_word' id='word_1_779' title='bbox 1367 2712 1424 2748; x_wconf 75' lang='lat' dir='ltr'><strong>his</strong></span> <span class='ocrx_word' id='word_1_780' title='bbox 1441 2712 1555 2748; x_wconf 77' lang='lat' dir='ltr'><strong>tribus</strong></span> <span class='ocrx_word' id='word_1_781' title='bbox 1570 2713 1819 2748; x_wconf 80' lang='lat' dir='ltr'><strong>testationibus</strong></span> <span class='ocrx_word' id='word_1_782' title='bbox 1832 2714 2002 2760; x_wconf 82' lang='lat' dir='ltr'><strong>probatis</strong></span> <span class='ocrx_word' id='word_1_783' title='bbox 2024 2715 2190 2750; x_wconf 84' lang='lat' dir='ltr'><strong>omnibus</strong></span> <span class='ocrx_word' id='word_1_784' title='bbox 2205 2715 2322 2751; x_wconf 84' lang='lat' dir='ltr'><strong>modis</strong></span> 
     </span>
     <span class='ocr_line' id='line_1_66' title="bbox 103 2757 2324 2807; baseline 0 -13"><span class='ocrx_word' id='word_1_785' title='bbox 103 2758 160 2794; x_wconf 86' lang='lat' dir='ltr'><strong>illi</strong></span> <span class='ocrx_word' id='word_1_786' title='bbox 180 2762 222 2794; x_wconf 85' lang='lat' dir='ltr'><strong>ut</strong></span> <span class='ocrx_word' id='word_1_787' title='bbox 244 2757 399 2793; x_wconf 75' lang='lat' dir='ltr'><strong>adulteri</strong></span> <span class='ocrx_word' id='word_1_788' title='bbox 450 2758 630 2793; x_wconf 80' lang='lat' dir='ltr'><strong>uniantur.</strong></span> <span class='ocrx_word' id='word_1_789' title='bbox 678 2758 804 2804; x_wconf 82' lang='lat' dir='ltr'><strong>Neque</strong></span> <span class='ocrx_word' id='word_1_790' title='bbox 826 2759 919 2794; x_wconf 85' lang='lat' dir='ltr'><strong>enim</strong></span> <span class='ocrx_word' id='word_1_791' title='bbox 942 2759 1076 2794; x_wconf 83' lang='lat' dir='ltr'><strong>eiusmo</strong></span> <span class='ocrx_word' id='word_1_792' title='bbox 1102 2759 1116 2793; x_wconf 83' lang='lat' dir='ltr'><strong>i</strong></span> <span class='ocrx_word' id='word_1_793' title='bbox 1137 2769 1317 2804; x_wconf 84' lang='lat' dir='ltr'><strong>personae</strong></span> <span class='ocrx_word' id='word_1_794' title='bbox 1339 2757 1551 2793; x_wconf 81' lang='lat' dir='ltr'><strong>venerabilis</strong></span> <span class='ocrx_word' id='word_1_795' title='bbox 1574 2757 1645 2792; x_wconf 83' lang='lat' dir='ltr'><strong>loci</strong></span> <span class='ocrx_word' id='word_1_796' title='bbox 1665 2758 1857 2793; x_wconf 81' lang='lat' dir='ltr'><strong>seem-itate</strong></span> <span class='ocrx_word' id='word_1_797' title='bbox 1879 2759 1935 2794; x_wconf 84' lang='lat' dir='ltr'><strong>uti</strong></span> <span class='ocrx_word' id='word_1_798' title='bbox 1954 2758 2092 2801; x_wconf 82' lang='lat' dir='ltr'><strong>debent,</strong></span> <span class='ocrx_word' id='word_1_799' title='bbox 2118 2771 2227 2806; x_wconf 85' lang='lat' dir='ltr'><strong>quam</strong></span> <span class='ocrx_word' id='word_1_800' title='bbox 2250 2760 2324 2807; x_wconf 83' lang='lat' dir='ltr'><strong>ipsi</strong></span> 
     </span>
     <span class='ocr_line' id='line_1_67' title="bbox 101 2801 2321 2850; baseline 0 -12"><span class='ocrx_word' id='word_1_801' title='bbox 101 2814 170 2849; x_wconf 85' lang='lat' dir='ltr'><strong>per</strong></span> <span class='ocrx_word' id='word_1_802' title='bbox 188 2803 382 2850; x_wconf 84' lang='lat' dir='ltr'><strong>proprium</strong></span> <span class='ocrx_word' id='word_1_803' title='bbox 431 2803 580 2847; x_wconf 73' lang='lat' dir='ltr'><strong>ayitium</strong></span> <span class='ocrx_word' id='word_1_804' title='bbox 602 2806 900 2849; x_wconf 61' lang='lat' dir='ltr'><strong>contempserunt.</strong></span> <span class='ocrx_word' id='word_1_805' title='bbox 949 2803 1112 2849; x_wconf 84' lang='lat' dir='ltr'><strong>Namque</strong></span> <span class='ocrx_word' id='word_1_806' title='bbox 1134 2804 1169 2838; x_wconf 83' lang='lat' dir='ltr'><strong>si</strong></span> <span class='ocrx_word' id='word_1_807' title='bbox 1189 2813 1250 2838; x_wconf 85' lang='lat' dir='ltr'><strong>eos</strong></span> <span class='ocrx_word' id='word_1_808' title='bbox 1280 2803 1346 2848; x_wconf 82' lang='lat' dir='ltr'><strong>qui</strong></span> <span class='ocrx_word' id='word_1_809' title='bbox 1365 2801 1455 2837; x_wconf 83' lang='lat' dir='ltr'><strong>alibi</strong></span> <span class='ocrx_word' id='word_1_810' title='bbox 1475 2806 1605 2848; x_wconf 84' lang='lat' dir='ltr'><strong>raptus</strong></span> <span class='ocrx_word' id='word_1_811' title='bbox 1626 2802 1814 2838; x_wconf 85' lang='lat' dir='ltr'><strong>mulierum</strong></span> <span class='ocrx_word' id='word_1_812' title='bbox 1837 2806 1874 2839; x_wconf 83' lang='lat' dir='ltr'><strong>et</strong></span> <span class='ocrx_word' id='word_1_813' title='bbox 1895 2803 2076 2839; x_wconf 80' lang='lat' dir='ltr'><strong>adulteria</strong></span> <span class='ocrx_word' id='word_1_814' title='bbox 2099 2805 2321 2841; x_wconf 85' lang='lat' dir='ltr'><strong>committunt</strong></span> 
     </span>
     <span class='ocr_line' id='line_1_68' title="bbox 103 2847 2320 2896; baseline 0.001 -13"><span class='ocrx_word' id='word_1_815' title='bbox 103 2848 153 2883; x_wconf 82' lang='lat' dir='ltr'><strong>ad</strong></span> <span class='ocrx_word' id='word_1_816' title='bbox 173 2847 280 2883; x_wconf 86' lang='lat' dir='ltr'><strong>aedes</strong></span> <span class='ocrx_word' id='word_1_817' title='bbox 302 2857 428 2883; x_wconf 84' lang='lat' dir='ltr'><strong>sacras</strong></span> <span class='ocrx_word' id='word_1_818' title='bbox 450 2848 701 2893; x_wconf 78' lang='lat' dir='ltr'><strong>confuqientes</strong></span> <span class='ocrx_word' id='word_1_819' title='bbox 730 2848 775 2883; x_wconf 85' lang='lat' dir='ltr'><strong>ab</strong></span> <span class='ocrx_word' id='word_1_820' title='bbox 805 2848 851 2883; x_wconf 84' lang='lat' dir='ltr'><strong>iis</strong></span> <span class='ocrx_word' id='word_1_821' title='bbox 873 2848 1049 2883; x_wconf 83' lang='lat' dir='ltr'><strong>vindicari</strong></span> <span class='ocrx_word' id='word_1_822' title='bbox 1077 2848 1174 2894; x_wconf 77' lang='lat' dir='ltr'><strong>leqes</strong></span> <span class='ocrx_word' id='word_1_823' title='bbox 1197 2851 1344 2882; x_wconf 85' lang='lat' dir='ltr'><strong>nostrae</strong></span> <span class='ocrx_word' id='word_1_824' title='bbox 1373 2858 1444 2882; x_wconf 87' lang='lat' dir='ltr'><strong>non</strong></span> <span class='ocrx_word' id='word_1_825' title='bbox 1466 2847 1671 2893; x_wconf 82' lang='lat' dir='ltr'><strong>patiuntur,</strong></span> <span class='ocrx_word' id='word_1_826' title='bbox 1702 2847 1883 2893; x_wconf 84' lang='lat' dir='ltr'><strong>quomodo</strong></span> <span class='ocrx_word' id='word_1_827' title='bbox 1907 2847 1983 2884; x_wconf 81' lang='lat' dir='ltr'><strong>illis</strong></span> <span class='ocrx_word' id='word_1_828' title='bbox 2010 2850 2074 2895; x_wconf 87' lang='lat' dir='ltr'><strong>qui</strong></span> <span class='ocrx_word' id='word_1_829' title='bbox 2094 2849 2135 2884; x_wconf 89' lang='lat' dir='ltr'><strong>in</strong></span> <span class='ocrx_word' id='word_1_830' title='bbox 2157 2850 2240 2896; x_wconf 86' lang='lat' dir='ltr'><strong>ipsa</strong></span> <span class='ocrx_word' id='word_1_831' title='bbox 2263 2860 2320 2885; x_wconf 86' lang='lat' dir='ltr'><strong>ec-</strong></span> 
     </span>
    </p>
   </div>
   <div class='ocr_carea' id='block_1_9' title="bbox 103 2955 2322 3761">
    <p class='ocr_par' dir='ltr' id='par_1_12' title="bbox 103 2955 2322 3639">
     <span class='ocr_line' id='line_1_69' title="bbox 150 2955 2319 3005; baseline 0.001 -13"><span class='ocrx_word' id='word_1_832' title='bbox 150 2961 166 2992; x_wconf 90' lang='lat'>1</span> <span class='ocrx_word' id='word_1_833' title='bbox 184 2957 252 2991; x_wconf 86' lang='grc' dir='ltr'><strong>τὸν</strong></span> <span class='ocrx_word' id='word_1_834' title='bbox 274 2958 453 2999; x_wconf 82' lang='grc' dir='ltr'><strong><em>τοιοῦτον]</em></strong></span> <span class='ocrx_word' id='word_1_835' title='bbox 477 2959 607 2992; x_wconf 83' lang='grc' dir='ltr'><strong><em>τοῦτον</em></strong></span> <span class='ocrx_word' id='word_1_836' title='bbox 626 2960 658 2992; x_wconf 89' lang='lat' dir='ltr'><em>L</em></span> <span class='ocrx_word' id='word_1_837' title='bbox 675 2959 688 3002; x_wconf 90' lang='grc'><strong>11</strong></span> <span class='ocrx_word' id='word_1_838' title='bbox 705 2955 970 3003; x_wconf 79' lang='grc' dir='ltr'><strong><em>εὐλαβούμενον</em></strong></span> <span class='ocrx_word' id='word_1_839' title='bbox 994 2961 1025 2993; x_wconf 82' lang='lat' dir='ltr'><em>L</em></span> <span class='ocrx_word' id='word_1_840' title='bbox 1042 2961 1055 3003; x_wconf 88' lang='grc'><strong>11</strong></span> <span class='ocrx_word' id='word_1_841' title='bbox 1073 2962 1093 2994; x_wconf 87' lang='lat'><strong>3</strong></span> <span class='ocrx_word' id='word_1_842' title='bbox 1117 2957 1181 2993; x_wconf 76' lang='grc' dir='ltr'><strong>αὖ·</strong></span> <span class='ocrx_word' id='word_1_843' title='bbox 1250 2960 1283 2993; x_wconf 89' lang='grc' dir='ltr'><em>Τ</em></span> <span class='ocrx_word' id='word_1_844' title='bbox 1293 2959 1307 2999; x_wconf 87' lang='grc'><strong>11</strong></span> <span class='ocrx_word' id='word_1_845' title='bbox 1324 2959 1519 3002; x_wconf 85' lang='lat' dir='ltr'><strong>compererit</strong></span> <span class='ocrx_word' id='word_1_846' title='bbox 1539 2959 1578 2999; x_wconf 84' lang='lat' dir='ltr'><strong>V,</strong></span> <span class='ocrx_word' id='word_1_847' title='bbox 1602 2959 1724 3002; x_wconf 83' lang='lat' dir='ltr'><strong>reperit</strong></span> <span class='ocrx_word' id='word_1_848' title='bbox 1738 2960 1832 2994; x_wconf 79' lang='lat' dir='ltr'><strong>Beck</strong></span> <span class='ocrx_word' id='word_1_849' title='bbox 1855 2960 1869 3004; x_wconf 77' lang='grc' dir='ltr'>Ι</span> <span class='ocrx_word' id='word_1_850' title='bbox 1890 2961 2071 2994; x_wconf 80' lang='lat' dir='ltr'><strong>criminant</strong></span> <span class='ocrx_word' id='word_1_851' title='bbox 2085 2963 2138 2995; x_wconf 71' lang='lat' dir='ltr'><strong>R«-</strong></span> <span class='ocrx_word' id='word_1_852' title='bbox 2162 2962 2175 3005; x_wconf 91' lang='grc'><strong>11</strong></span> <span class='ocrx_word' id='word_1_853' title='bbox 2199 2963 2319 2994; x_wconf 82' lang='lat' dir='ltr'><strong>exami-</strong></span> 
     </span>
     <span class='ocr_line' id='line_1_70' title="bbox 103 3001 2322 3050; baseline 0.001 -14"><span class='ocrx_word' id='word_1_854' title='bbox 103 3003 168 3037; x_wconf 74' lang='grc' dir='ltr'><strong>τοῦ</strong></span> <span class='ocrx_word' id='word_1_855' title='bbox 193 3003 251 3036; x_wconf 82' lang='lat' dir='ltr'><strong>Pr.</strong></span> <span class='ocrx_word' id='word_1_856' title='bbox 268 3015 297 3036; x_wconf 81' lang='grc' dir='ltr'><strong>υ.</strong></span> <span class='ocrx_word' id='word_1_857' title='bbox 313 3005 345 3044; x_wconf 88' lang='lat'><strong>1.,</strong></span> <span class='ocrx_word' id='word_1_858' title='bbox 368 3003 432 3047; x_wconf 76' lang='lat' dir='ltr'><strong>Ep.</strong></span> <span class='ocrx_word' id='word_1_859' title='bbox 460 3003 473 3047; x_wconf 91' lang='grc'><strong>11</strong></span> <span class='ocrx_word' id='word_1_860' title='bbox 502 3001 770 3049; x_wconf 84' lang='grc' dir='ltr'><strong><em>διαλεγόμενον]</em></strong></span> <span class='ocrx_word' id='word_1_861' title='bbox 802 3003 825 3046; x_wconf 88' lang='grc' dir='ltr'><em>ἢ</em></span> <span class='ocrx_word' id='word_1_862' title='bbox 849 3006 889 3038; x_wconf 79' lang='grc' dir='ltr'><strong>ἐν</strong></span> <span class='ocrx_word' id='word_1_863' title='bbox 911 3004 1078 3047; x_wconf 71' lang='grc' dir='ltr'><strong><em>ἐκκλησίᾳ</em></strong></span> <span class='ocrx_word' id='word_1_864' title='bbox 1103 3007 1179 3039; x_wconf 82' lang='lat' dir='ltr'><strong>add.</strong></span> <span class='ocrx_word' id='word_1_865' title='bbox 1248 3005 1320 3037; x_wconf 84' lang='lat' dir='ltr'><strong>nati</strong></span> <span class='ocrx_word' id='word_1_866' title='bbox 1340 3005 1386 3037; x_wconf 86' lang='lat' dir='ltr'><strong>V¹</strong></span> <span class='ocrx_word' id='word_1_867' title='bbox 1404 3005 1417 3047; x_wconf 89' lang='grc'><strong>11</strong></span> <span class='ocrx_word' id='word_1_868' title='bbox 1434 3006 1455 3038; x_wconf 87' lang='grc'>6</span> <span class='ocrx_word' id='word_1_869' title='bbox 1473 3003 1648 3037; x_wconf 78' lang='lat' dir='ltr'><strong>ueritatem</strong></span> <span class='ocrx_word' id='word_1_870' title='bbox 1671 3005 1724 3036; x_wconf 75' lang='lat' dir='ltr'><strong>V⁶</strong></span> <span class='ocrx_word' id='word_1_871' title='bbox 1742 3006 1755 3047; x_wconf 90' lang='grc'><strong>11</strong></span> <span class='ocrx_word' id='word_1_872' title='bbox 1772 3006 1792 3038; x_wconf 91' lang='grc'><strong>8</strong></span> <span class='ocrx_word' id='word_1_873' title='bbox 1807 3008 1976 3047; x_wconf 85' lang='lat' dir='ltr'><strong>tamquam</strong></span> <span class='ocrx_word' id='word_1_874' title='bbox 1994 3007 2135 3050; x_wconf 71' lang='lat' dir='ltr'><strong>Tvuqu</strong></span> <span class='ocrx_word' id='word_1_875' title='bbox 2155 3020 2211 3040; x_wconf 85' lang='lat' dir='ltr'><strong>om.</strong></span> <span class='ocrx_word' id='word_1_876' title='bbox 2228 3006 2322 3050; x_wconf 73' lang='lat' dir='ltr'><strong>RVu</strong></span> 
     </span>
     <span class='ocr_line' id='line_1_71' title="bbox 105 3046 2321 3095; baseline 0.001 -15"><span class='ocrx_word' id='word_1_877' title='bbox 105 3046 192 3092; x_wconf 75' lang='grc' dir='ltr'><strong>Ρν.Ι</strong></span> <span class='ocrx_word' id='word_1_878' title='bbox 217 3049 239 3080; x_wconf 79' lang='grc'>4</span> <span class='ocrx_word' id='word_1_879' title='bbox 261 3048 387 3092; x_wconf 79' lang='grc' dir='ltr'><strong><em>τριῶν]</em></strong></span> <span class='ocrx_word' id='word_1_880' title='bbox 410 3050 488 3082; x_wconf 82' lang='grc' dir='ltr'><strong>τῶν</strong></span> <span class='ocrx_word' id='word_1_881' title='bbox 510 3049 624 3093; x_wconf 81' lang='grc' dir='ltr'><strong><em>τριῶν</em></strong></span> <span class='ocrx_word' id='word_1_882' title='bbox 648 3050 684 3082; x_wconf 91' lang='grc' dir='ltr'><em>Β</em></span> <span class='ocrx_word' id='word_1_883' title='bbox 697 3050 754 3082; x_wconf 86' lang='lat' dir='ltr'><strong>Pr.</strong></span> <span class='ocrx_word' id='word_1_884' title='bbox 768 3051 833 3093; x_wconf 87' lang='lat' dir='ltr'><strong>Ep.</strong></span> <span class='ocrx_word' id='word_1_885' title='bbox 857 3049 871 3093; x_wconf 88' lang='grc' dir='ltr'>Ι</span> <span class='ocrx_word' id='word_1_886' title='bbox 899 3052 918 3083; x_wconf 87' lang='grc'><strong>5</strong></span> <span class='ocrx_word' id='word_1_887' title='bbox 945 3047 1054 3083; x_wconf 71' lang='grc' dir='ltr'><strong><em>αὐτοῦ</em></strong></span> <span class='ocrx_word' id='word_1_888' title='bbox 1080 3051 1144 3094; x_wconf 86' lang='lat' dir='ltr'><strong>Ep.</strong></span> <span class='ocrx_word' id='word_1_889' title='bbox 1168 3050 1181 3094; x_wconf 90' lang='grc'><strong>11</strong></span> <span class='ocrx_word' id='word_1_890' title='bbox 1247 3052 1268 3084; x_wconf 90' lang='grc'>9</span> <span class='ocrx_word' id='word_1_891' title='bbox 1284 3050 1434 3082; x_wconf 83' lang='lat' dir='ltr'><strong>criminis</strong></span> <span class='ocrx_word' id='word_1_892' title='bbox 1453 3049 1547 3083; x_wconf 83' lang='lat' dir='ltr'><strong>V¹T</strong></span> <span class='ocrx_word' id='word_1_893' title='bbox 1563 3049 1576 3092; x_wconf 83' lang='grc' dir='ltr'>Ι</span> <span class='ocrx_word' id='word_1_894' title='bbox 1602 3049 1744 3091; x_wconf 72' lang='lat' dir='ltr'><strong>ratione]</strong></span> <span class='ocrx_word' id='word_1_895' title='bbox 1767 3050 1964 3093; x_wconf 80' lang='lat' dir='ltr'><strong>probatione</strong></span> <span class='ocrx_word' id='word_1_896' title='bbox 1989 3050 2110 3095; x_wconf 66' lang='lat' dir='ltr'><strong>Beck!</strong></span> <span class='ocrx_word' id='word_1_897' title='bbox 2132 3051 2321 3092; x_wconf 77' lang='lat' dir='ltr'><strong>conquisita</strong></span> 
     </span>
     <span class='ocr_line' id='line_1_72' title="bbox 105 3086 2318 3138; baseline 0.001 -13"><span class='ocrx_word' id='word_1_898' title='bbox 105 3093 127 3126; x_wconf 99' lang='lat'>9</span> <span class='ocrx_word' id='word_1_899' title='bbox 149 3091 293 3133; x_wconf 71' lang='grc' dir='ltr'><strong><em>τοῦτον]</em></strong></span> <span class='ocrx_word' id='word_1_900' title='bbox 316 3092 385 3126; x_wconf 85' lang='grc' dir='ltr'><strong>τὸν</strong></span> <span class='ocrx_word' id='word_1_901' title='bbox 403 3094 570 3127; x_wconf 82' lang='grc' dir='ltr'><strong><em>τοιοῦτον</em></strong></span> <span class='ocrx_word' id='word_1_902' title='bbox 584 3095 639 3127; x_wconf 92' lang='lat' dir='ltr'><strong>Pr.</strong></span> <span class='ocrx_word' id='word_1_903' title='bbox 653 3094 718 3137; x_wconf 85' lang='lat' dir='ltr'><strong>Ep.</strong></span> <span class='ocrx_word' id='word_1_904' title='bbox 735 3093 747 3138; x_wconf 87' lang='grc'><strong>11</strong></span> <span class='ocrx_word' id='word_1_905' title='bbox 768 3096 809 3128; x_wconf 89' lang='grc'><strong>12</strong></span> <span class='ocrx_word' id='word_1_906' title='bbox 825 3091 886 3136; x_wconf 68' lang='grc' dir='ltr'><strong><em>οἷς]</em></strong></span> <span class='ocrx_word' id='word_1_907' title='bbox 910 3086 942 3136; x_wconf 69' lang='grc' dir='ltr'><em>ᾧ</em></span> <span class='ocrx_word' id='word_1_908' title='bbox 962 3095 1010 3128; x_wconf 80' lang='lat' dir='ltr'><strong>B!</strong></span> <span class='ocrx_word' id='word_1_909' title='bbox 1032 3098 1044 3137; x_wconf 97' lang='grc'><strong>11</strong></span> <span class='ocrx_word' id='word_1_910' title='bbox 1061 3098 1103 3129; x_wconf 84' lang='grc'><strong>15</strong></span> <span class='ocrx_word' id='word_1_911' title='bbox 1121 3097 1181 3127; x_wconf 74' lang='grc' dir='ltr'><strong>καὶ</strong></span> <span class='ocrx_word' id='word_1_912' title='bbox 1250 3094 1307 3137; x_wconf 87' lang='grc' dir='ltr'><strong>ΤΙ</strong></span> <span class='ocrx_word' id='word_1_913' title='bbox 1325 3097 1367 3128; x_wconf 88' lang='grc'><strong>10</strong></span> <span class='ocrx_word' id='word_1_914' title='bbox 1386 3096 1445 3126; x_wconf 80' lang='lat' dir='ltr'><strong>aut</strong></span> <span class='ocrx_word' id='word_1_915' title='bbox 1462 3094 1495 3127; x_wconf 89' lang='lat' dir='ltr'><em>T</em></span> <span class='ocrx_word' id='word_1_916' title='bbox 1508 3092 1523 3137; x_wconf 76' lang='grc' dir='ltr'>Ι</span> <span class='ocrx_word' id='word_1_917' title='bbox 1537 3095 1659 3128; x_wconf 71' lang='lat' dir='ltr'><strong>hiatum</strong></span> <span class='ocrx_word' id='word_1_918' title='bbox 1671 3107 1734 3128; x_wconf 86' lang='lat' dir='ltr'><strong>non</strong></span> <span class='ocrx_word' id='word_1_919' title='bbox 1746 3102 1858 3129; x_wconf 79' lang='lat' dir='ltr'><strong>notant</strong></span> <span class='ocrx_word' id='word_1_920' title='bbox 1871 3096 1949 3128; x_wconf 79' lang='lat' dir='ltr'><strong>libri</strong></span> <span class='ocrx_word' id='word_1_921' title='bbox 1954 3121 1963 3136; x_wconf 95' lang='lat'>,</span> <span class='ocrx_word' id='word_1_922' title='bbox 1975 3106 2046 3129; x_wconf 82' lang='lat' dir='ltr'><strong>esse</strong></span> <span class='ocrx_word' id='word_1_923' title='bbox 2058 3115 2098 3120; x_wconf 89' lang='lat'>—</span> <span class='ocrx_word' id='word_1_924' title='bbox 2111 3095 2200 3136; x_wconf 78' lang='lat' dir='ltr'><strong>leges</strong></span> <span class='ocrx_word' id='word_1_925' title='bbox 2211 3096 2318 3138; x_wconf 77' lang='lat' dir='ltr'><strong>suppl.</strong></span> 
     </span>
     <span class='ocr_line' id='line_1_73' title="bbox 106 3134 2319 3183; baseline 0.001 -13"><span class='ocrx_word' id='word_1_926' title='bbox 106 3149 165 3170; x_wconf 77' lang='lat' dir='ltr'><strong>om.</strong></span> <span class='ocrx_word' id='word_1_927' title='bbox 185 3137 280 3179; x_wconf 52' lang='lat' dir='ltr'><strong>Ep]</strong></span> <span class='ocrx_word' id='word_1_928' title='bbox 304 3137 344 3170; x_wconf 75' lang='grc' dir='ltr'><strong>ἐν</strong></span> <span class='ocrx_word' id='word_1_929' title='bbox 367 3137 567 3181; x_wconf 81' lang='grc' dir='ltr'><strong><em>σεβάσματι</em></strong></span> <span class='ocrx_word' id='word_1_930' title='bbox 591 3141 651 3171; x_wconf 75' lang='grc' dir='ltr'><strong>καὶ</strong></span> <span class='ocrx_word' id='word_1_931' title='bbox 673 3139 714 3172; x_wconf 77' lang='grc' dir='ltr'><strong>ἐν</strong></span> <span class='ocrx_word' id='word_1_932' title='bbox 737 3134 858 3172; x_wconf 68' lang='grc' dir='ltr'><strong><em>αὐτοῖς</em></strong></span> <span class='ocrx_word' id='word_1_933' title='bbox 879 3142 952 3173; x_wconf 85' lang='grc' dir='ltr'><strong><em>τοῖς</em></strong></span> <span class='ocrx_word' id='word_1_934' title='bbox 974 3142 1182 3183; x_wconf 80' lang='grc' dir='ltr'><strong><em>σεβασμιόις</em></strong></span> <span class='ocrx_word' id='word_1_935' title='bbox 1248 3139 1342 3172; x_wconf 76' lang='lat' dir='ltr'><strong>Beck</strong></span> <span class='ocrx_word' id='word_1_936' title='bbox 1359 3138 1372 3182; x_wconf 90' lang='grc' dir='ltr'>Ι</span> <span class='ocrx_word' id='word_1_937' title='bbox 1398 3141 1440 3173; x_wconf 71' lang='lat'><strong>14</strong></span> <span class='ocrx_word' id='word_1_938' title='bbox 1448 3141 1535 3171; x_wconf 85' lang='lat' dir='ltr'><strong>rubr.</strong></span> <span class='ocrx_word' id='word_1_939' title='bbox 1553 3139 1590 3171; x_wconf 87' lang='lat' dir='ltr'><strong>Si</strong></span> <span class='ocrx_word' id='word_1_940' title='bbox 1604 3141 1680 3181; x_wconf 84' lang='lat' dir='ltr'><strong>post</strong></span> <span class='ocrx_word' id='word_1_941' title='bbox 1694 3142 1762 3172; x_wconf 85' lang='lat' dir='ltr'><strong>tres</strong></span> <span class='ocrx_word' id='word_1_942' title='bbox 1777 3141 2034 3173; x_wconf 81' lang='lat' dir='ltr'><strong>contestationes</strong></span> <span class='ocrx_word' id='word_1_943' title='bbox 2049 3141 2254 3182; x_wconf 69' lang='lat' dir='ltr'><strong>(testationes</strong></span> <span class='ocrx_word' id='word_1_944' title='bbox 2272 3140 2319 3178; x_wconf 83' lang='lat' dir='ltr'><strong>T)</strong></span> 
     </span>
     <span class='ocr_line' id='line_1_74' title="bbox 105 3179 2320 3230; baseline 0.001 -18"><span class='ocrx_word' id='word_1_945' title='bbox 105 3179 213 3213; x_wconf 68' lang='grc' dir='ltr'><strong><em>οἴκοις</em></strong></span> <span class='ocrx_word' id='word_1_946' title='bbox 236 3181 287 3213; x_wconf 80' lang='lat' dir='ltr'><strong>Bt</strong></span> <span class='ocrx_word' id='word_1_947' title='bbox 309 3180 323 3224; x_wconf 73' lang='lat' dir='ltr'>fl</span> <span class='ocrx_word' id='word_1_948' title='bbox 355 3182 402 3215; x_wconf 80' lang='grc' dir='ltr'><strong>εἰς</strong></span> <span class='ocrx_word' id='word_1_949' title='bbox 432 3182 479 3215; x_wconf 84' lang='grc' dir='ltr'><strong>τὰ</strong></span> <span class='ocrx_word' id='word_1_950' title='bbox 510 3184 662 3216; x_wconf 80' lang='grc' dir='ltr'><strong><em>τοιαῦτα</em></strong></span> <span class='ocrx_word' id='word_1_951' title='bbox 693 3184 757 3227; x_wconf 81' lang='lat' dir='ltr'><strong>Ep.</strong></span> <span class='ocrx_word' id='word_1_952' title='bbox 788 3183 800 3227; x_wconf 86' lang='grc' dir='ltr'>Ι</span> <span class='ocrx_word' id='word_1_953' title='bbox 832 3186 872 3218; x_wconf 83' lang='grc'><strong>16</strong></span> <span class='ocrx_word' id='word_1_954' title='bbox 904 3185 1118 3230; x_wconf 80' lang='grc' dir='ltr'><strong><em>ἐμμιγνῦναι</em></strong></span> <span class='ocrx_word' id='word_1_955' title='bbox 1150 3186 1180 3217; x_wconf 91' lang='lat' dir='ltr'><strong><em>L</em></strong></span> <span class='ocrx_word' id='word_1_956' title='bbox 1212 3203 1214 3207; x_wconf 94' lang='lat'>·</span> <span class='ocrx_word' id='word_1_957' title='bbox 1247 3183 1416 3216; x_wconf 85' lang='lat' dir='ltr'><strong>inuenerit</strong></span> <span class='ocrx_word' id='word_1_958' title='bbox 1447 3183 1587 3216; x_wconf 76' lang='lat' dir='ltr'><strong>maritus</strong></span> <span class='ocrx_word' id='word_1_959' title='bbox 1618 3185 1771 3225; x_wconf 83' lang='lat' dir='ltr'><strong>(maritus</strong></span> <span class='ocrx_word' id='word_1_960' title='bbox 1793 3184 1963 3218; x_wconf 87' lang='lat' dir='ltr'><strong>inuenerit</strong></span> <span class='ocrx_word' id='word_1_961' title='bbox 1989 3186 2035 3226; x_wconf 91' lang='lat' dir='ltr'><strong>T)</strong></span> <span class='ocrx_word' id='word_1_962' title='bbox 2066 3195 2201 3217; x_wconf 87' lang='lat' dir='ltr'><strong>uxorem</strong></span> <span class='ocrx_word' id='word_1_963' title='bbox 2227 3194 2320 3215; x_wconf 82' lang='lat' dir='ltr'><strong>suam</strong></span> 
     </span>
     <span class='ocr_line' id='line_1_75' title="bbox 107 3214 2319 3280; baseline 0.001 -24"><span class='ocrx_word' id='word_1_964' title='bbox 107 3225 333 3280; x_wconf 73' lang='grc' dir='ltr'><strong><em>ἐπιρρίπτειν</em></strong></span> <span class='ocrx_word' id='word_1_965' title='bbox 355 3226 421 3269; x_wconf 84' lang='lat' dir='ltr'><strong>Ep.</strong></span> <span class='ocrx_word' id='word_1_966' title='bbox 437 3227 451 3265; x_wconf 91' lang='grc' dir='ltr'>Ι</span> <span class='ocrx_word' id='word_1_967' title='bbox 469 3230 509 3260; x_wconf 81' lang='grc' dir='ltr'>1Ἱ</span> <span class='ocrx_word' id='word_1_968' title='bbox 531 3226 731 3271; x_wconf 74' lang='grc' dir='ltr'><strong><em>βούλεσθαι</em></strong></span> <span class='ocrx_word' id='word_1_969' title='bbox 754 3229 819 3272; x_wconf 87' lang='lat' dir='ltr'><strong>Ep.</strong></span> <span class='ocrx_word' id='word_1_970' title='bbox 835 3230 848 3272; x_wconf 72' lang='grc' dir='ltr'>Ι</span> <span class='ocrx_word' id='word_1_971' title='bbox 874 3231 915 3263; x_wconf 89' lang='lat'><strong>19</strong></span> <span class='ocrx_word' id='word_1_972' title='bbox 939 3227 1072 3273; x_wconf 74' lang='grc' dir='ltr'><strong><em>εὑρεθῆ</em></strong></span> <span class='ocrx_word' id='word_1_973' title='bbox 1097 3231 1148 3262; x_wconf 80' lang='lat' dir='ltr'><strong>L⁰</strong></span> <span class='ocrx_word' id='word_1_974' title='bbox 1169 3228 1181 3273; x_wconf 84' lang='grc'><strong>11</strong></span> <span class='ocrx_word' id='word_1_975' title='bbox 1212 3214 1214 3232; x_wconf 70' lang='lat'>⁵</span> <span class='ocrx_word' id='word_1_976' title='bbox 1247 3229 1283 3260; x_wconf 90' lang='lat' dir='ltr'><strong>in</strong></span> <span class='ocrx_word' id='word_1_977' title='bbox 1299 3230 1413 3261; x_wconf 75' lang='lat' dir='ltr'><strong>sancto</strong></span> <span class='ocrx_word' id='word_1_978' title='bbox 1430 3227 1504 3260; x_wconf 88' lang='lat' dir='ltr'><strong>loco</strong></span> <span class='ocrx_word' id='word_1_979' title='bbox 1520 3239 1595 3261; x_wconf 91' lang='lat' dir='ltr'><strong>cum</strong></span> <span class='ocrx_word' id='word_1_980' title='bbox 1608 3231 1762 3272; x_wconf 81' lang='lat' dir='ltr'><strong>suspecto</strong></span> <span class='ocrx_word' id='word_1_981' title='bbox 1777 3230 1911 3262; x_wconf 84' lang='lat' dir='ltr'><strong>homine</strong></span> <span class='ocrx_word' id='word_1_982' title='bbox 1922 3231 2010 3270; x_wconf 87' lang='lat' dir='ltr'><strong>(cum</strong></span> <span class='ocrx_word' id='word_1_983' title='bbox 2026 3229 2140 3270; x_wconf 78' lang='lat' dir='ltr'><strong>aliquo</strong></span> <span class='ocrx_word' id='word_1_984' title='bbox 2151 3229 2198 3268; x_wconf 81' lang='lat' dir='ltr'><strong>R)</strong></span> <span class='ocrx_word' id='word_1_985' title='bbox 2216 3227 2319 3260; x_wconf 85' lang='lat' dir='ltr'><strong>collo-</strong></span> 
     </span>
     <span class='ocr_line' id='line_1_76' title="bbox 108 3269 2321 3321; baseline 0.001 -19"><span class='ocrx_word' id='word_1_986' title='bbox 108 3271 151 3303; x_wconf 87' lang='grc'><strong>20</strong></span> <span class='ocrx_word' id='word_1_987' title='bbox 175 3281 220 3302; x_wconf 91' lang='grc' dir='ltr'><strong>ον</strong></span> <span class='ocrx_word' id='word_1_988' title='bbox 243 3269 304 3312; x_wconf 67' lang='lat' dir='ltr'><strong>L!</strong></span> <span class='ocrx_word' id='word_1_989' title='bbox 386 3269 409 3302; x_wconf 80' lang='grc' dir='ltr'><strong>ἀ</strong></span> <span class='ocrx_word' id='word_1_990' title='bbox 430 3270 493 3304; x_wconf 84' lang='grc' dir='ltr'><strong>τὰς</strong></span> <span class='ocrx_word' id='word_1_991' title='bbox 514 3275 606 3316; x_wconf 75' lang='grc' dir='ltr'><strong><em>τρεῖς</em></strong></span> <span class='ocrx_word' id='word_1_992' title='bbox 628 3274 693 3316; x_wconf 83' lang='lat' dir='ltr'><strong>Ep.</strong></span> <span class='ocrx_word' id='word_1_993' title='bbox 711 3273 725 3314; x_wconf 73' lang='grc' dir='ltr'>Ι</span> <span class='ocrx_word' id='word_1_994' title='bbox 746 3275 787 3307; x_wconf 93' lang='grc'><strong>23</strong></span> <span class='ocrx_word' id='word_1_995' title='bbox 812 3274 867 3306; x_wconf 79' lang='grc' dir='ltr'><strong>τῶ</strong></span> <span class='ocrx_word' id='word_1_996' title='bbox 891 3270 990 3307; x_wconf 76' lang='grc' dir='ltr'><strong><em>αὐτῶ</em></strong></span> <span class='ocrx_word' id='word_1_997' title='bbox 1020 3270 1179 3307; x_wconf 63' lang='grc' dir='ltr'><strong><em>κινδύνου</em></strong></span> <span class='ocrx_word' id='word_1_998' title='bbox 1212 3270 1214 3321; x_wconf 67' lang='grc'>1</span> <span class='ocrx_word' id='word_1_999' title='bbox 1248 3274 1364 3315; x_wconf 87' lang='lat' dir='ltr'><strong>quium</strong></span> <span class='ocrx_word' id='word_1_1000' title='bbox 1378 3272 1499 3306; x_wconf 85' lang='lat' dir='ltr'><strong>habere</strong></span> <span class='ocrx_word' id='word_1_1001' title='bbox 1515 3273 1649 3315; x_wconf 77' lang='lat' dir='ltr'><strong>(habere</strong></span> <span class='ocrx_word' id='word_1_1002' title='bbox 1665 3274 1906 3315; x_wconf 81' lang='lat' dir='ltr'><strong>colloquentem</strong></span> <span class='ocrx_word' id='word_1_1003' title='bbox 1926 3275 1974 3313; x_wconf 90' lang='lat' dir='ltr'><strong>T)</strong></span> <span class='ocrx_word' id='word_1_1004' title='bbox 1995 3274 2131 3316; x_wconf 72' lang='lat' dir='ltr'><strong>Rqu.</strong></span> <span class='ocrx_word' id='word_1_1005' title='bbox 2146 3273 2198 3311; x_wconf 70' lang='lat' dir='ltr'><strong>(ex</strong></span> <span class='ocrx_word' id='word_1_1006' title='bbox 2208 3273 2286 3313; x_wconf 84' lang='lat' dir='ltr'><strong>Iul.)</strong></span> <span class='ocrx_word' id='word_1_1007' title='bbox 2307 3271 2321 3316; x_wconf 91' lang='grc'><strong>11</strong></span> 
     </span>
     <span class='ocr_line' id='line_1_77' title="bbox 108 3311 2318 3363; baseline 0.001 -17"><span class='ocrx_word' id='word_1_1008' title='bbox 108 3314 140 3346; x_wconf 91' lang='lat' dir='ltr'><em>L</em></span> <span class='ocrx_word' id='word_1_1009' title='bbox 174 3312 228 3354; x_wconf 81' lang='grc' dir='ltr'><strong>τῷ</strong></span> <span class='ocrx_word' id='word_1_1010' title='bbox 251 3325 309 3345; x_wconf 72' lang='lat' dir='ltr'><strong>mv</strong></span> <span class='ocrx_word' id='word_1_1011' title='bbox 333 3311 410 3356; x_wconf 79' lang='grc' dir='ltr'><strong><em>ύνφ</em></strong></span> <span class='ocrx_word' id='word_1_1012' title='bbox 434 3311 557 3349; x_wconf 63' lang='grc' dir='ltr'><strong><em>αὐτῶν</em></strong></span> <span class='ocrx_word' id='word_1_1013' title='bbox 578 3317 631 3349; x_wconf 76' lang='lat' dir='ltr'><strong>Bt</strong></span> <span class='ocrx_word' id='word_1_1014' title='bbox 648 3317 662 3356; x_wconf 88' lang='grc'><strong>11</strong></span> <span class='ocrx_word' id='word_1_1015' title='bbox 688 3319 730 3351; x_wconf 86' lang='grc'><strong>25</strong></span> <span class='ocrx_word' id='word_1_1016' title='bbox 753 3319 856 3363; x_wconf 74' lang='grc' dir='ltr'><strong><em>μέχρι</em></strong></span> <span class='ocrx_word' id='word_1_1017' title='bbox 879 3319 916 3352; x_wconf 91' lang='grc' dir='ltr'><strong><em>Β</em></strong></span> <span class='ocrx_word' id='word_1_1018' title='bbox 944 3319 956 3361; x_wconf 89' lang='grc'><strong>11</strong></span> <span class='ocrx_word' id='word_1_1019' title='bbox 988 3320 1030 3352; x_wconf 87' lang='grc'><strong>26</strong></span> <span class='ocrx_word' id='word_1_1020' title='bbox 1054 3321 1180 3363; x_wconf 77' lang='grc' dir='ltr'><strong><em>πέμψῃ</em></strong></span> <span class='ocrx_word' id='word_1_1021' title='bbox 1212 3323 1213 3347; x_wconf 57' lang='grc'>1</span> <span class='ocrx_word' id='word_1_1022' title='bbox 1250 3320 1290 3352; x_wconf 88' lang='grc'>15</span> <span class='ocrx_word' id='word_1_1023' title='bbox 1307 3317 1343 3349; x_wconf 83' lang='grc' dir='ltr'><strong><em>ἰιι</em></strong></span> <span class='ocrx_word' id='word_1_1024' title='bbox 1360 3317 1510 3350; x_wconf 86' lang='lat' dir='ltr'><strong>domibus</strong></span> <span class='ocrx_word' id='word_1_1025' title='bbox 1525 3318 1648 3350; x_wconf 80' lang='lat' dir='ltr'><strong>talibus</strong></span> <span class='ocrx_word' id='word_1_1026' title='bbox 1666 3319 1722 3362; x_wconf 87' lang='grc' dir='ltr'><strong>Τ11</strong></span> <span class='ocrx_word' id='word_1_1027' title='bbox 1740 3318 1943 3351; x_wconf 83' lang='lat' dir='ltr'><strong>commisceri</strong></span> <span class='ocrx_word' id='word_1_1028' title='bbox 1964 3317 2018 3359; x_wconf 77' lang='lat' dir='ltr'><strong>Vfl</strong></span> <span class='ocrx_word' id='word_1_1029' title='bbox 2040 3319 2079 3350; x_wconf 81' lang='lat'><strong>17</strong></span> <span class='ocrx_word' id='word_1_1030' title='bbox 2097 3317 2228 3349; x_wconf 85' lang='lat' dir='ltr'><strong>ueniam</strong></span> <span class='ocrx_word' id='word_1_1031' title='bbox 2243 3326 2318 3358; x_wconf 83' lang='lat' dir='ltr'><strong>peo-</strong></span> 
     </span>
     <span class='ocr_line' id='line_1_78' title="bbox 110 3355 2320 3409; baseline 0.001 -19"><span class='ocrx_word' id='word_1_1032' title='bbox 110 3358 145 3390; x_wconf 89' lang='lat' dir='ltr'><em>B</em></span> <span class='ocrx_word' id='word_1_1033' title='bbox 158 3358 222 3400; x_wconf 86' lang='lat' dir='ltr'><strong>Ep.</strong></span> <span class='ocrx_word' id='word_1_1034' title='bbox 240 3357 254 3399; x_wconf 92' lang='grc' dir='ltr'>Ι</span> <span class='ocrx_word' id='word_1_1035' title='bbox 271 3358 311 3390; x_wconf 82' lang='grc' dir='ltr'><strong>2Ἶ</strong></span> <span class='ocrx_word' id='word_1_1036' title='bbox 336 3362 521 3403; x_wconf 81' lang='grc' dir='ltr'><strong><em>τιμωρίας]</em></strong></span> <span class='ocrx_word' id='word_1_1037' title='bbox 544 3363 745 3395; x_wconf 81' lang='lat' dir='ltr'><strong>tormentum</strong></span> <span class='ocrx_word' id='word_1_1038' title='bbox 770 3363 819 3405; x_wconf 85' lang='grc' dir='ltr'><strong>ς11</strong></span> <span class='ocrx_word' id='word_1_1039' title='bbox 843 3364 884 3397; x_wconf 90' lang='grc'><strong>28</strong></span> <span class='ocrx_word' id='word_1_1040' title='bbox 907 3362 976 3396; x_wconf 85' lang='grc' dir='ltr'><strong>τὸν</strong></span> <span class='ocrx_word' id='word_1_1041' title='bbox 997 3360 1111 3406; x_wconf 87' lang='grc' dir='ltr'><strong><em>νόμον</em></strong></span> <span class='ocrx_word' id='word_1_1042' title='bbox 1130 3355 1180 3397; x_wconf 65' lang='lat' dir='ltr'><strong>L‘ss</strong></span> <span class='ocrx_word' id='word_1_1043' title='bbox 1212 3360 1214 3409; x_wconf 74' lang='grc'>1</span> <span class='ocrx_word' id='word_1_1044' title='bbox 1246 3366 1395 3396; x_wconf 81' lang='lat' dir='ltr'><strong>catorum</strong></span> <span class='ocrx_word' id='word_1_1045' title='bbox 1408 3362 1497 3395; x_wconf 66' lang='grc' dir='ltr'><strong>ΙίΤ2</strong></span> <span class='ocrx_word' id='word_1_1046' title='bbox 1519 3365 1729 3404; x_wconf 85' lang='lat' dir='ltr'><strong>peccatorum</strong></span> <span class='ocrx_word' id='word_1_1047' title='bbox 1746 3376 1805 3397; x_wconf 90' lang='lat' dir='ltr'><strong>om.</strong></span> <span class='ocrx_word' id='word_1_1048' title='bbox 1822 3363 1897 3403; x_wconf 77' lang='lat' dir='ltr'><strong>T¹ss</strong></span> <span class='ocrx_word' id='word_1_1049' title='bbox 1919 3364 1959 3395; x_wconf 87' lang='lat'><strong>18</strong></span> <span class='ocrx_word' id='word_1_1050' title='bbox 1972 3361 2055 3393; x_wconf 80' lang='lat' dir='ltr'><strong>tales</strong></span> <span class='ocrx_word' id='word_1_1051' title='bbox 2076 3361 2123 3393; x_wconf 79' lang='lat'><strong>1⁷¹</strong></span> <span class='ocrx_word' id='word_1_1052' title='bbox 2141 3361 2320 3404; x_wconf 66' lang='lat' dir='ltr'><strong>&#39;&#39;inueniat</strong></span> 
     </span>
     <span class='ocr_line' id='line_1_79' title="bbox 108 3402 2320 3451; baseline 0.002 -18"><span class='ocrx_word' id='word_1_1053' title='bbox 108 3403 165 3443; x_wconf 74' lang='lat' dir='ltr'><strong>(cJI</strong></span> <span class='ocrx_word' id='word_1_1054' title='bbox 191 3402 237 3434; x_wconf 84' lang='lat' dir='ltr'><strong>ad</strong></span> <span class='ocrx_word' id='word_1_1055' title='bbox 258 3402 315 3443; x_wconf 84' lang='lat'><strong>39)</strong></span> <span class='ocrx_word' id='word_1_1056' title='bbox 335 3402 348 3443; x_wconf 83' lang='grc' dir='ltr'>Ι</span> <span class='ocrx_word' id='word_1_1057' title='bbox 374 3404 416 3436; x_wconf 87' lang='grc'><strong>29</strong></span> <span class='ocrx_word' id='word_1_1058' title='bbox 438 3402 529 3446; x_wconf 79' lang='grc' dir='ltr'><strong><em>μηδὲ</em></strong></span> <span class='ocrx_word' id='word_1_1059' title='bbox 550 3418 608 3438; x_wconf 82' lang='lat' dir='ltr'><strong>om.</strong></span> <span class='ocrx_word' id='word_1_1060' title='bbox 636 3406 686 3438; x_wconf 76' lang='lat' dir='ltr'><strong>B!</strong></span> <span class='ocrx_word' id='word_1_1061' title='bbox 698 3407 763 3450; x_wconf 84' lang='lat' dir='ltr'><strong>Ep.</strong></span> <span class='ocrx_word' id='word_1_1062' title='bbox 789 3407 802 3450; x_wconf 72' lang='lat' dir='ltr'>fl</span> <span class='ocrx_word' id='word_1_1063' title='bbox 827 3409 868 3442; x_wconf 88' lang='grc'>31</span> <span class='ocrx_word' id='word_1_1064' title='bbox 893 3407 1030 3451; x_wconf 77' lang='grc' dir='ltr'><strong><em>εἴρηται</em></strong></span> <span class='ocrx_word' id='word_1_1065' title='bbox 1054 3409 1090 3441; x_wconf 86' lang='grc' dir='ltr'><strong><em>Β</em></strong></span> <span class='ocrx_word' id='word_1_1066' title='bbox 1106 3409 1119 3451; x_wconf 88' lang='grc' dir='ltr'>Ι</span> <span class='ocrx_word' id='word_1_1067' title='bbox 1138 3410 1179 3442; x_wconf 90' lang='grc'><strong>32</strong></span> <span class='ocrx_word' id='word_1_1068' title='bbox 1249 3408 1282 3441; x_wconf 89' lang='grc' dir='ltr'><strong><em>Τ</em></strong></span> <span class='ocrx_word' id='word_1_1069' title='bbox 1293 3407 1306 3451; x_wconf 84' lang='grc' dir='ltr'>Ι</span> <span class='ocrx_word' id='word_1_1070' title='bbox 1325 3409 1367 3441; x_wconf 86' lang='grc'><strong>19</strong></span> <span class='ocrx_word' id='word_1_1071' title='bbox 1382 3407 1420 3439; x_wconf 88' lang='lat' dir='ltr'><strong>in</strong></span> <span class='ocrx_word' id='word_1_1072' title='bbox 1434 3407 1633 3450; x_wconf 84' lang='lat' dir='ltr'><strong>suspicione]</strong></span> <span class='ocrx_word' id='word_1_1073' title='bbox 1657 3407 1797 3448; x_wconf 86' lang='lat' dir='ltr'><strong>suspitio</strong></span> <span class='ocrx_word' id='word_1_1074' title='bbox 1818 3406 1866 3439; x_wconf 73' lang='lat'><strong>1⁷²</strong></span> <span class='ocrx_word' id='word_1_1075' title='bbox 1881 3407 1894 3448; x_wconf 75' lang='lat' dir='ltr'>fl</span> <span class='ocrx_word' id='word_1_1076' title='bbox 1911 3408 1961 3438; x_wconf 85' lang='lat' dir='ltr'><strong>est</strong></span> <span class='ocrx_word' id='word_1_1077' title='bbox 1982 3418 2039 3438; x_wconf 85' lang='lat' dir='ltr'><strong>om.</strong></span> <span class='ocrx_word' id='word_1_1078' title='bbox 2056 3405 2132 3448; x_wconf 73' lang='grc' dir='ltr'><strong>ΤἸ</strong></span> <span class='ocrx_word' id='word_1_1079' title='bbox 2160 3406 2202 3438; x_wconf 86' lang='grc'><strong>20</strong></span> <span class='ocrx_word' id='word_1_1080' title='bbox 2219 3405 2320 3438; x_wconf 81' lang='lat' dir='ltr'><strong>sicuti</strong></span> 
     </span>
     <span class='ocr_line' id='line_1_80' title="bbox 108 3443 2318 3496; baseline 0.003 -19"><span class='ocrx_word' id='word_1_1081' title='bbox 108 3445 185 3478; x_wconf 79' lang='grc' dir='ltr'><strong>τῶν</strong></span> <span class='ocrx_word' id='word_1_1082' title='bbox 206 3445 321 3496; x_wconf 67' lang='grc' dir='ltr'><strong><em>τριῶν</em></strong></span> <span class='ocrx_word' id='word_1_1083' title='bbox 344 3443 614 3494; x_wconf 76' lang='grc' dir='ltr'><strong><em>διαμαρτυριῶν</em></strong></span> <span class='ocrx_word' id='word_1_1084' title='bbox 636 3462 695 3483; x_wconf 82' lang='lat' dir='ltr'><strong>om.</strong></span> <span class='ocrx_word' id='word_1_1085' title='bbox 716 3452 782 3493; x_wconf 86' lang='lat' dir='ltr'><strong>Ep.</strong></span> <span class='ocrx_word' id='word_1_1086' title='bbox 811 3451 824 3495; x_wconf 91' lang='grc'><strong>11</strong></span> <span class='ocrx_word' id='word_1_1087' title='bbox 857 3454 900 3486; x_wconf 87' lang='grc'><strong>35</strong></span> <span class='ocrx_word' id='word_1_1088' title='bbox 923 3452 1048 3493; x_wconf 85' lang='grc' dir='ltr'><strong><em>τόπου]</em></strong></span> <span class='ocrx_word' id='word_1_1089' title='bbox 1084 3453 1180 3486; x_wconf 77' lang='grc' dir='ltr'><strong><em>οἴκου</em></strong></span> <span class='ocrx_word' id='word_1_1090' title='bbox 1212 3443 1214 3463; x_wconf 66' lang='grc'>”</span> <span class='ocrx_word' id='word_1_1091' title='bbox 1247 3453 1280 3485; x_wconf 82' lang='lat' dir='ltr'><strong><em>R</em></strong></span> <span class='ocrx_word' id='word_1_1092' title='bbox 1295 3454 1308 3494; x_wconf 88' lang='grc'><strong>11</strong></span> <span class='ocrx_word' id='word_1_1093' title='bbox 1326 3454 1375 3485; x_wconf 73' lang='lat' dir='ltr'><strong>est</strong></span> <span class='ocrx_word' id='word_1_1094' title='bbox 1390 3465 1449 3486; x_wconf 80' lang='lat' dir='ltr'><strong>om.</strong></span> <span class='ocrx_word' id='word_1_1095' title='bbox 1464 3453 1497 3484; x_wconf 85' lang='lat' dir='ltr'><em>T</em></span> <span class='ocrx_word' id='word_1_1096' title='bbox 1503 3452 1514 3472; x_wconf 91' lang='lat'><strong>¹</strong></span> <span class='ocrx_word' id='word_1_1097' title='bbox 1532 3451 1545 3495; x_wconf 92' lang='grc' dir='ltr'>Ι</span> <span class='ocrx_word' id='word_1_1098' title='bbox 1561 3454 1602 3486; x_wconf 88' lang='grc'><strong>21</strong></span> <span class='ocrx_word' id='word_1_1099' title='bbox 1616 3452 1687 3484; x_wconf 82' lang='lat' dir='ltr'><strong>eius</strong></span> <span class='ocrx_word' id='word_1_1100' title='bbox 1701 3465 1758 3484; x_wconf 87' lang='lat' dir='ltr'><strong>om.</strong></span> <span class='ocrx_word' id='word_1_1101' title='bbox 1771 3451 1818 3483; x_wconf 80' lang='lat' dir='ltr'><strong>R¹</strong></span> <span class='ocrx_word' id='word_1_1102' title='bbox 1836 3455 1849 3493; x_wconf 86' lang='grc'><strong>11</strong></span> <span class='ocrx_word' id='word_1_1103' title='bbox 1864 3449 2047 3482; x_wconf 82' lang='lat' dir='ltr'><strong>defensioni</strong></span> <span class='ocrx_word' id='word_1_1104' title='bbox 2060 3449 2112 3481; x_wconf 77' lang='lat' dir='ltr'><strong>Ta</strong></span> <span class='ocrx_word' id='word_1_1105' title='bbox 2129 3448 2142 3493; x_wconf 74' lang='lat' dir='ltr'>fl</span> <span class='ocrx_word' id='word_1_1106' title='bbox 2160 3451 2203 3483; x_wconf 84' lang='grc'><strong>22</strong></span> <span class='ocrx_word' id='word_1_1107' title='bbox 2215 3450 2318 3483; x_wconf 83' lang='lat' dir='ltr'><strong>eccle·</strong></span> 
     </span>
     <span class='ocr_line' id='line_1_81' title="bbox 109 3489 2322 3541; baseline -0.002 -9"><span class='ocrx_word' id='word_1_1108' title='bbox 109 3490 174 3532; x_wconf 80' lang='grc' dir='ltr'><strong>ΕΡ·</strong></span> <span class='ocrx_word' id='word_1_1109' title='bbox 198 3489 212 3541; x_wconf 72' lang='lat' dir='ltr'><strong>l]</strong></span> <span class='ocrx_word' id='word_1_1110' title='bbox 241 3501 355 3535; x_wconf 72' lang='grc' dir='ltr'><strong><em>θνπερ</em></strong></span> <span class='ocrx_word' id='word_1_1111' title='bbox 379 3493 490 3525; x_wconf 84' lang='grc'><strong>-·36</strong></span> <span class='ocrx_word' id='word_1_1112' title='bbox 500 3491 748 3537; x_wconf 72' lang='grc' dir='ltr'><strong><em>κατεμόλυναν</em></strong></span> <span class='ocrx_word' id='word_1_1113' title='bbox 761 3497 825 3538; x_wconf 78' lang='lat' dir='ltr'><strong>Ep.</strong></span> <span class='ocrx_word' id='word_1_1114' title='bbox 841 3495 854 3538; x_wconf 83' lang='grc' dir='ltr'>Ι</span> <span class='ocrx_word' id='word_1_1115' title='bbox 871 3497 913 3529; x_wconf 77' lang='grc' dir='ltr'><strong>3Ί</strong></span> <span class='ocrx_word' id='word_1_1116' title='bbox 930 3500 1099 3539; x_wconf 82' lang='grc' dir='ltr'><strong><em>μοιχείας]</em></strong></span> <span class='ocrx_word' id='word_1_1117' title='bbox 1123 3498 1178 3531; x_wconf 81' lang='lat' dir='ltr'><strong>ad·</strong></span> <span class='ocrx_word' id='word_1_1118' title='bbox 1212 3508 1214 3532; x_wconf 65' lang='grc' dir='ltr'>ι</span> <span class='ocrx_word' id='word_1_1119' title='bbox 1247 3496 1316 3530; x_wconf 79' lang='lat' dir='ltr'><strong>siae</strong></span> <span class='ocrx_word' id='word_1_1120' title='bbox 1339 3509 1397 3530; x_wconf 86' lang='lat' dir='ltr'><strong>om.</strong></span> <span class='ocrx_word' id='word_1_1121' title='bbox 1412 3496 1490 3538; x_wconf 64' lang='lat'><strong>12¹!</strong></span> <span class='ocrx_word' id='word_1_1122' title='bbox 1514 3499 1553 3528; x_wconf 85' lang='lat' dir='ltr'><strong>ut</strong></span> <span class='ocrx_word' id='word_1_1123' title='bbox 1577 3497 1653 3529; x_wconf 82' lang='lat' dir='ltr'><strong>add.</strong></span> <span class='ocrx_word' id='word_1_1124' title='bbox 1673 3495 1790 3538; x_wconf 76' lang='grc' dir='ltr'>υιι19.11</span> <span class='ocrx_word' id='word_1_1125' title='bbox 1814 3496 1854 3527; x_wconf 88' lang='grc'><strong>23</strong></span> <span class='ocrx_word' id='word_1_1126' title='bbox 1880 3494 2014 3526; x_wconf 84' lang='lat' dir='ltr'><strong>dinisim</strong></span> <span class='ocrx_word' id='word_1_1127' title='bbox 2036 3494 2214 3526; x_wconf 69' lang='lat' dir='ltr'><strong>seruandae</strong></span> <span class='ocrx_word' id='word_1_1128' title='bbox 2237 3495 2289 3527; x_wconf 72' lang='lat'><strong>13³</strong></span> <span class='ocrx_word' id='word_1_1129' title='bbox 2308 3493 2322 3539; x_wconf 90' lang='grc'><strong>11</strong></span> 
     </span>
     <span class='ocr_line' id='line_1_82' title="bbox 109 3533 2319 3583; baseline 0.003 -17"><span class='ocrx_word' id='word_1_1130' title='bbox 109 3534 269 3567; x_wconf 75' lang='lat' dir='ltr'><strong>ultenum</strong></span> <span class='ocrx_word' id='word_1_1131' title='bbox 289 3546 308 3570; x_wconf 84' lang='grc' dir='ltr'><strong>ς</strong></span> <span class='ocrx_word' id='word_1_1132' title='bbox 325 3534 339 3577; x_wconf 85' lang='grc' dir='ltr'>Ι</span> <span class='ocrx_word' id='word_1_1133' title='bbox 354 3535 398 3568; x_wconf 84' lang='grc'><strong>38</strong></span> <span class='ocrx_word' id='word_1_1134' title='bbox 422 3533 485 3568; x_wconf 82' lang='grc' dir='ltr'><strong>ἐπ’</strong></span> <span class='ocrx_word' id='word_1_1135' title='bbox 512 3534 637 3571; x_wconf 78' lang='grc' dir='ltr'><strong><em>αὐτῶν</em></strong></span> <span class='ocrx_word' id='word_1_1136' title='bbox 658 3539 751 3581; x_wconf 81' lang='grc' dir='ltr'>Ερ.11</span> <span class='ocrx_word' id='word_1_1137' title='bbox 772 3540 814 3573; x_wconf 88' lang='lat'><strong>39</strong></span> <span class='ocrx_word' id='word_1_1138' title='bbox 830 3537 950 3583; x_wconf 88' lang='grc' dir='ltr'><strong><em>νόμοι]</em></strong></span> <span class='ocrx_word' id='word_1_1139' title='bbox 971 3545 1096 3575; x_wconf 73' lang='lat' dir='ltr'><strong>nov-X</strong></span> <span class='ocrx_word' id='word_1_1140' title='bbox 1103 3543 1180 3583; x_wconf 87' lang='lat' dir='ltr'><strong><em>VII,</em></strong></span> <span class='ocrx_word' id='word_1_1141' title='bbox 1212 3538 1214 3555; x_wconf 61' lang='lat'><strong>¹*</strong></span> <span class='ocrx_word' id='word_1_1142' title='bbox 1246 3543 1310 3574; x_wconf 82' lang='lat' dir='ltr'><strong>hoc</strong></span> <span class='ocrx_word' id='word_1_1143' title='bbox 1333 3554 1392 3574; x_wconf 90' lang='lat' dir='ltr'><strong>om.</strong></span> <span class='ocrx_word' id='word_1_1144' title='bbox 1414 3541 1448 3574; x_wconf 85' lang='lat' dir='ltr'><strong><em>V</em></strong></span> <span class='ocrx_word' id='word_1_1145' title='bbox 1470 3540 1483 3583; x_wconf 89' lang='grc'><strong>11</strong></span> <span class='ocrx_word' id='word_1_1146' title='bbox 1511 3542 1552 3573; x_wconf 89' lang='grc'><strong>25</strong></span> <span class='ocrx_word' id='word_1_1147' title='bbox 1577 3542 1740 3573; x_wconf 84' lang='lat' dir='ltr'><strong>tormenta</strong></span> <span class='ocrx_word' id='word_1_1148' title='bbox 1764 3539 1798 3571; x_wconf 85' lang='lat' dir='ltr'><em>T</em></span> <span class='ocrx_word' id='word_1_1149' title='bbox 1821 3538 1834 3580; x_wconf 92' lang='grc'><strong>11</strong></span> <span class='ocrx_word' id='word_1_1150' title='bbox 1862 3540 1904 3571; x_wconf 79' lang='lat'><strong>27</strong></span> <span class='ocrx_word' id='word_1_1151' title='bbox 1928 3537 2071 3570; x_wconf 79' lang='lat' dir='ltr'><strong>iudicari</strong></span> <span class='ocrx_word' id='word_1_1152' title='bbox 2090 3538 2153 3582; x_wconf 72' lang='lat' dir='ltr'><strong>V}</strong></span> <span class='ocrx_word' id='word_1_1153' title='bbox 2180 3538 2319 3580; x_wconf 88' lang='lat' dir='ltr'><strong>nullam]</strong></span> 
     </span>
     <span class='ocr_line' id='line_1_83' title="bbox 112 3572 2320 3639; baseline -0.003 -17"><span class='ocrx_word' id='word_1_1154' title='bbox 112 3581 129 3611; x_wconf 75' lang='lat'>7</span> <span class='ocrx_word' id='word_1_1155' title='bbox 141 3591 194 3621; x_wconf 66' lang='grc' dir='ltr'><strong>ΡΥ·</strong></span> <span class='ocrx_word' id='word_1_1156' title='bbox 210 3578 223 3622; x_wconf 79' lang='lat' dir='ltr'><strong>ll</strong></span> <span class='ocrx_word' id='word_1_1157' title='bbox 241 3579 285 3611; x_wconf 83' lang='lat'><strong>4⁰</strong></span> <span class='ocrx_word' id='word_1_1158' title='bbox 307 3579 460 3613; x_wconf 61' lang='lat' dir='ltr'><strong>“⁰⁸²5“ss</strong></span> <span class='ocrx_word' id='word_1_1159' title='bbox 470 3579 590 3637; x_wconf 56' lang='grc' dir='ltr'><strong><em>μύση]</em></strong></span> <span class='ocrx_word' id='word_1_1160' title='bbox 612 3581 678 3615; x_wconf 63' lang='grc' dir='ltr'><strong>ῑῦῙΘ</strong></span> <span class='ocrx_word' id='word_1_1161' title='bbox 701 3584 806 3615; x_wconf 62' lang='lat' dir='ltr'><strong>scelus</strong></span> <span class='ocrx_word' id='word_1_1162' title='bbox 831 3595 851 3619; x_wconf 80' lang='grc' dir='ltr'><strong>ς</strong></span> <span class='ocrx_word' id='word_1_1163' title='bbox 1211 3572 1214 3639; x_wconf 68' lang='grc'>1</span> <span class='ocrx_word' id='word_1_1164' title='bbox 1247 3585 1441 3638; x_wconf 64' lang='lat' dir='ltr'><strong>nullamque</strong></span> <span class='ocrx_word' id='word_1_1165' title='bbox 1452 3584 1524 3636; x_wconf 57' lang='grc'>8111</span> <span class='ocrx_word' id='word_1_1166' title='bbox 1538 3586 1579 3617; x_wconf 79' lang='grc'><strong>28</strong></span> <span class='ocrx_word' id='word_1_1167' title='bbox 1591 3585 1644 3625; x_wconf 91' lang='lat' dir='ltr'><strong>de]</strong></span> <span class='ocrx_word' id='word_1_1168' title='bbox 1656 3584 1734 3615; x_wconf 88' lang='lat' dir='ltr'><strong>dum</strong></span> <span class='ocrx_word' id='word_1_1169' title='bbox 1749 3583 1782 3615; x_wconf 82' lang='lat' dir='ltr'><em>T</em></span> <span class='ocrx_word' id='word_1_1170' title='bbox 1790 3582 1801 3602; x_wconf 85' lang='lat'>¹</span> <span class='ocrx_word' id='word_1_1171' title='bbox 1817 3582 1831 3624; x_wconf 96' lang='grc' dir='ltr'>Ι</span> <span class='ocrx_word' id='word_1_1172' title='bbox 1848 3583 1891 3633; x_wconf 81' lang='lat'><strong>29</strong></span> <span class='ocrx_word' id='word_1_1173' title='bbox 1901 3582 1987 3614; x_wconf 83' lang='lat' dir='ltr'><strong>sicut</strong></span> <span class='ocrx_word' id='word_1_1174' title='bbox 1998 3592 2098 3633; x_wconf 69' lang='lat' dir='ltr'><strong>supra</strong></span> <span class='ocrx_word' id='word_1_1175' title='bbox 2110 3582 2254 3616; x_wconf 78' lang='lat' dir='ltr'><strong>diximus</strong></span> <span class='ocrx_word' id='word_1_1176' title='bbox 2274 3585 2320 3625; x_wconf 84' lang='lat' dir='ltr'><strong>V]</strong></span> 
     </span>
    </p>

    <p class='ocr_par' dir='ltr' id='par_1_13' title="bbox 157 3626 2322 3761">
     <span class='ocr_line' id='line_1_84' title="bbox 1211 3626 2320 3717; baseline -0.001 -10"><span class='ocrx_word' id='word_1_1177' title='bbox 1211 3642 1215 3707; x_wconf 77' lang='lat' dir='ltr'><strong>l</strong></span> <span class='ocrx_word' id='word_1_1178' title='bbox 1245 3627 1911 3717; x_wconf 49' lang='lat' dir='ltr'><strong>{ffiknffieissfffzmmssfmlnfflt&#39;rlnffii</strong></span> <span class='ocrx_word' id='word_1_1179' title='bbox 1932 3626 2286 3716; x_wconf 43' lang='lat' dir='ltr'><strong>gssssissfl&#39;dispess</strong></span> <span class='ocrx_word' id='word_1_1180' title='bbox 2259 3629 2320 3706; x_wconf 58' lang='grc' dir='ltr'><strong>’ἶ</strong></span> 
     </span>
     <span class='ocr_line' id='line_1_85' title="bbox 157 3711 2322 3761; baseline 0.002 -15"><span class='ocrx_word' id='word_1_1181' title='bbox 157 3711 303 3754; x_wconf 74' lang='lat' dir='ltr'><strong>2talem]</strong></span> <span class='ocrx_word' id='word_1_1182' title='bbox 323 3714 451 3746; x_wconf 77' lang='lat' dir='ltr'><strong>tantum</strong></span> <span class='ocrx_word' id='word_1_1183' title='bbox 475 3713 522 3746; x_wconf 79' lang='lat'><strong>1⁷¹</strong></span> <span class='ocrx_word' id='word_1_1184' title='bbox 536 3715 599 3747; x_wconf 83' lang='lat' dir='ltr'><strong>del.</strong></span> <span class='ocrx_word' id='word_1_1185' title='bbox 619 3714 671 3748; x_wconf 71' lang='lat'><strong>1⁷³</strong></span> <span class='ocrx_word' id='word_1_1186' title='bbox 686 3715 699 3758; x_wconf 90' lang='grc'><strong>11</strong></span> <span class='ocrx_word' id='word_1_1187' title='bbox 714 3726 816 3748; x_wconf 85' lang='lat' dir='ltr'><strong>uxore</strong></span> <span class='ocrx_word' id='word_1_1188' title='bbox 831 3726 891 3749; x_wconf 82' lang='lat' dir='ltr'><strong>sua</strong></span> <span class='ocrx_word' id='word_1_1189' title='bbox 909 3717 965 3760; x_wconf 72' lang='grc'><strong>711</strong></span> <span class='ocrx_word' id='word_1_1190' title='bbox 983 3720 1002 3751; x_wconf 90' lang='grc'>5</span> <span class='ocrx_word' id='word_1_1191' title='bbox 1016 3718 1180 3761; x_wconf 84' lang='lat' dir='ltr'><strong>coniunge</strong></span> <span class='ocrx_word' id='word_1_1192' title='bbox 1212 3718 1215 3752; x_wconf 68' lang='lat' dir='ltr'><strong>i</strong></span> <span class='ocrx_word' id='word_1_1193' title='bbox 1247 3720 1328 3751; x_wconf 82' lang='lat' dir='ltr'><strong>runt</strong></span> <span class='ocrx_word' id='word_1_1194' title='bbox 1350 3718 1437 3751; x_wconf 84' lang='lat' dir='ltr'><strong>R¹T</strong></span> <span class='ocrx_word' id='word_1_1195' title='bbox 1444 3716 1482 3760; x_wconf 80' lang='grc' dir='ltr'><strong>ι11</strong></span> <span class='ocrx_word' id='word_1_1196' title='bbox 1510 3719 1552 3750; x_wconf 76' lang='lat'><strong>34</strong></span> <span class='ocrx_word' id='word_1_1197' title='bbox 1575 3719 1634 3748; x_wconf 85' lang='lat' dir='ltr'><strong>aut</strong></span> <span class='ocrx_word' id='word_1_1198' title='bbox 1658 3728 1715 3748; x_wconf 88' lang='lat' dir='ltr'><strong>om.</strong></span> <span class='ocrx_word' id='word_1_1199' title='bbox 1745 3715 1797 3757; x_wconf 81' lang='lat' dir='ltr'><strong>Vfl</strong></span> <span class='ocrx_word' id='word_1_1200' title='bbox 1823 3714 1987 3749; x_wconf 81' lang='lat' dir='ltr'><strong>adulterio</strong></span> <span class='ocrx_word' id='word_1_1201' title='bbox 2003 3715 2054 3748; x_wconf 65' lang='lat' dir='ltr'><strong>R*</strong></span> <span class='ocrx_word' id='word_1_1202' title='bbox 2084 3716 2249 3751; x_wconf 81' lang='lat' dir='ltr'><strong>adulteria</strong></span> <span class='ocrx_word' id='word_1_1203' title='bbox 2271 3717 2322 3751; x_wconf 67' lang='grc' dir='ltr'><strong>Β8</strong></span> 
     </span>
    </p>
   </div>
  </div>
 </body>
</html>
