2476 3854
119 81 161 125 N
162 95 227 125 ov.
258 82 499 126 CXXXVII
527 84 636 126 3-5
1200 81 1283 128 698

118 192 189 235 εἴη,
219 192 285 227 τὸν
316 193 553 249 προςήκοντα(
570 191 829 238 σωφρονισμὸν
853 189 1072 236 ὑπομενέτω.
1121 194 1153 226 εἰ
1177 191 1219 227 δέ
1238 205 1292 228 τις
1315 194 1386 239 πρὸ
1412 194 1603 235 ἐξετάσεως
1622 197 1691 232 τὸν
1715 199 2012 244 κατηγορηθέντα
2034 200 2294 247 χειροτονήσει,
2317 198 2342 236 ὅ

117 250 157 271 τε
178 250 427 284 χειροτονησας
450 240 508 271 καὶ
533 251 552 270 o
576 237 842 282 χειροτονηθεὶς
863 237 926 280 τῆς
951 236 1145 282 ἱερωσύνης
1168 238 1402 278 ἐξωθείσθω.

1111 326 1267 363 CAPUT
1290 327 1353 363 IV.

247 378 392 425 Ἐπειδὴ
426 380 466 416 δὲ
487 381 530 415 τὸ
562 384 636 416 τοῖς
658 380 811 416 κανόσιν
834 382 1020 428 εἰρημένον
1043 386 1125 427 περὶ
1148 385 1225 418 τῶν
1250 382 1417 418 συνόδων
1440 385 1516 419 τῶν
1540 384 1759 421 ὁσιωτάτων
1783 387 1994 424 ἐπισκόπων
2017 389 2094 423 τῶν
2118 385 2340 434 ὀφειλουσῶν

116 423 210 461 καθ’
235 427 391 468 ἑκάστην
422 428 598 474 ἐπαρχίαν
610 427 792 482 (γίνεσθαι
815 430 917 472 μέχρι
938 429 999 463 τοῦ
1024 429 1093 462 νῦν
1119 442 1135 459 ι
1153 442 1169 459 α
1187 442 1204 459 ne
1222 442 1238 460 α
1255 443 1271 460 ε
1297 429 1346 473 μὴ
1371 443 1470 474 παρα
1523 429 1661 473 λαχθὲν
1684 434 1761 466 τῶν
1783 430 2082 488 ἀναγκαιοτάτων
2105 435 2205 467 ἐστὶν
2229 434 2338 468 ἔπαν-

117 472 294 515 ορθῶσαι.
343 472 377 505 οἱ
406 474 473 516 μὲν
505 475 572 505 οὖν
602 485 699 519 αγιοι
730 469 927 507 ἀπόστολοι
958 476 1017 507 καὶ
1048 472 1084 507 οἱ
1113 476 1263 519 πατέρες
1293 471 1432 519 ὥρισαν
1479 475 1632 523 Χεύτερον
1666 478 1764 511 ἔτους
1797 478 1946 512 ἑκαστον
1974 479 2147 525 γίνεσθαι
2170 475 2340 513 συνόδους
2385 486 2405 518 5

115 518 191 550 τῶν
214 515 431 551 ὁσιωτάτων
456 517 582 559 ἱερέων
604 516 686 559 ἢτοι
711 515 925 552 ἐπισκόπων
949 519 988 552 ἐν
1012 515 1145 566 ἑκάστῃ
1170 520 1333 563 ἐπαρχίᾳ,
1358 523 1418 552 καὶ
1440 520 1488 554 τὰ
1512 517 1748 566 ἀναφυόμενα
1772 522 2026 565 ἐξετάζεσθαι,
2051 526 2110 556 καὶ
2130 524 2192 566 τῆς
2214 533 2339 568 προςη-

115 558 240 604 κούσης
264 558 460 602 άξιοῖσθαι
485 560 729 605 διορθώσεως,
752 565 917 597 τουτέστι
939 566 1029 608 μίαν
1051 565 1118 608 μὲν
1139 565 1185 606 τῆ
1207 564 1362 611 τετάρτῃ
1387 563 1563 609 ε’βδομάδι
1586 567 1648 609 τῆς
1671 565 1774 613 άγίας
1795 570 2049 611 πεντηκοστῆς,
2073 568 2142 611 τὴν
2166 565 2206 602 δὲ
2228 567 2340 611 ἄλλην

115 606 206 639 κατὰ
238 606 306 639 τὸν
327 605 546 652 Ὀκτώβριον
576 608 687 651 μῆναὶ
735 605 833 651 ἡμεῖς
864 606 904 641 δὲ
933 606 1116 653 εὑρόντες,
1146 599 1194 642 ὦς
1224 610 1262 642 ἐκ
1293 609 1356 652 τῆς
1378 611 1544 653 τοιαύτης
1567 607 1728 655 ἀμελείας
1751 611 1877 647 πολλοὶ
1901 612 2087 660 διαφόροις
2109 610 2340 669 ἁμαρτήμασι

114 650 420 704 περιεβλήθησαν,
452 651 641 695 κελεύομεν
672 653 763 687 πᾶσι
795 652 943 697 τρόποις
972 657 1062 697 μίαν
1083 651 1237 687 σύνοδον
1259 654 1432 699 γίνεσθαι
1456 652 1549 689 καθ’
1576 657 1729 691 ἕκαστον
1750 660 1828 692 ἔτος
1852 659 1892 692 ἐν
1912 659 2042 701 ἑκάστη
2064 660 2217 703 ἐπαρχίᾳ
2239 671 2261 701 η
2283 658 2338 713 ‘aff

112 694 244 739 Ἰουνίῳ
277 710 299 739 η
331 698 384 740 τῷ
408 699 647 742 Σεπτεμβρίῳ
678 701 783 742 μηνί,
813 701 872 731 καὶ
901 701 1059 732 συνιέναι
1090 698 1189 744 παρὰ
1211 700 1280 741 μὲν
1301 702 1375 733 τοῖς
1396 700 1686 745 μακαριωτάτοις
1709 701 1945 748 πατριάρχαις
1968 694 2119 737 ἐκείνους
2141 701 2224 736 τοὺς
2245 715 2320 747 παρ

114 738 237 775 αὐτῶν
264 743 332 785 μὲν
362 746 691 787 χειροτονουμένους
718 741 766 787 μὴ
798 746 945 786 ἔχοντας
969 742 1008 777 δὲ
1032 741 1172 778 δίκαιον
1196 743 1318 778 ἄλλους
1342 744 1560 779 ἐπισκόπους
1582 751 1811 794 χειροτονεῖν,
1844 748 1943 794 παρὰ
1968 746 2007 782 δὲ
2029 751 2102 782 τοῖς
2126 747 2340 782 ὁσιωτάτοις

111 786 392 832 μητροπολίταις
423 785 574 831 ἑκάστης
605 789 776 833 ἐπαρχίας
805 790 886 822 τοὺς
917 785 977 823 ὑπ’
1005 785 1129 822 αὐτῶν
1158 793 1498 835 χειροτονουμένους,
1523 789 1576 835 ἐφ’
1600 791 1631 833 ᾧ
1664 791 1726 826 τὰς
1752 805 1852 826 κινου
1880 795 1961 827 ένας
1986 793 2100 827 αἰτίας
2122 789 2145 835 ἢ
2167 792 2214 827 τὰ
2239 790 2339 837 παρά

111 843 226 864 τινων
246 830 578 878 προςαγγελλόμενα
603 830 625 875 ἢ
649 833 829 878 προφάσει
852 836 1008 868 πίστεως
1029 831 1052 877 ἢ
1075 836 1279 868 κανονικῶν
1299 833 1484 877 ζητήσεων
1503 833 1526 878 ἢ
1551 834 1756 879 διοικήσεως
1778 839 1837 871 ε’κκ
1860 838 2083 881 ησιαστικῶν
2112 837 2340 884 πραγμάτων

111 874 135 918 ἢ
164 879 246 921 περὶ
278 878 491 912 ἐπισκόπων
522 876 546 921 ἢ
572 880 828 923 πρεσβυτέρων
858 875 881 921 ἢ
914 877 1098 913 διακόνων
1130 876 1153 922 ἢ
1185 878 1306 913 ἄλλων
1337 878 1516 925 κληρικῶν
1541 878 1565 924 ἢ
1595 884 1677 926 περὶ
1702 879 1912 927 ἡγουμένων
1941 879 1965 926 ἢ
1995 883 2177 927 μοναχῶν,
2208 878 2231 925 ἢ
2255 884 2339 927 περὶ

111 925 405 968 κατεγνωσμένου
430 927 511 967 βίου
536 920 558 966 ἢ
582 926 643 957 καὶ
666 921 790 957 ἄλλων
811 924 927 958 τινῶν
951 922 1134 968 δεομένων
1158 924 1450 970 ἐπανορθώσεως
1473 926 1660 960 κινεῖσθαί
1680 939 1721 960 τε
1743 930 1802 961 καὶ
1827 927 2076 972 προςηκόντως
2090 926 2338 970 ἐξετάζεσθαι,
2364 934 2404 967 15

111 970 171 1000 καὶ
194 966 264 1010 τὴν
287 964 343 1002 ἐπ’
371 965 490 1003 αὐτοῖς
514 966 721 1014 διόρθωσιν
745 970 910 1014 προϊέναι
932 972 1007 1003 τοῖς
1031 969 1146 1004 θείοις
1169 969 1299 1003 κανόσι
1318 972 1378 1003 καὶ
1401 973 1475 1004 τοῖς
1497 968 1680 1015 ἡμετέροις
1702 972 1826 1016 νόμοις
1848 975 2128 1017 συμβαίνουσαν.

247 1113 309 1157 Μὴ
338 1112 455 1158 μόνον
486 1111 525 1147 δὲ
553 1115 593 1148 ἐν
620 1117 697 1148 ταῖς
720 1111 814 1148 καθ’
841 1115 995 1149 ἕκαστον
1019 1115 1096 1149 ἔτος
1119 1117 1371 1159 γενησομέναις
1394 1113 1559 1151 συνόδοις
1581 1118 1699 1151 ταῦτα
1723 1117 1925 1161 ζητεῖσθαι,
1949 1114 2040 1151 ἀλλὰ
2064 1121 2125 1152 καί
2147 1114 2271 1152 ἇσάκις
2293 1114 2339 1151 ἄν

111 1170 204 1193 τινες
234 1159 517 1205 κατηγορηθεῖεν
547 1160 625 1193 τῶν
657 1159 783 1204 ἱερέων
813 1157 836 1203 ἢ
864 1159 1044 1204 κληρικῶν
1074 1156 1096 1203 ἣ
1127 1158 1337 1207 ἡγουμένων
1366 1158 1389 1204 ἢ
1411 1163 1584 1205 μοναχῶν
1608 1158 1629 1205 ἢ
1652 1166 1734 1207 περὶ
1755 1166 1911 1196 πίστεως
1934 1159 1956 1206 ἢ
1980 1165 2063 1208 περὶ
2087 1162 2232 1208 αἰσχροῦ
2255 1165 2338 1207 βίον

111 1200 133 1246 ἢ
157 1201 205 1237 οἷς
229 1204 330 1248 παρὰ
353 1203 436 1238 τοὺς
459 1204 581 1238 θείους
604 1205 760 1239 κανόνας
783 1217 820 1239 τι
844 1202 1160 1250 διαπραττόμενοι.
1207 1209 1268 1239 καὶ
1299 1206 1330 1240 εἰ
1357 1208 1425 1250 μὲν
1456 1208 1648 1242 ἐπίσκοπος
1671 1208 1723 1251 εἴη
1747 1203 1767 1241 ὁ
1792 1206 2104 1254 κατηγορούμενος,
2127 1207 2194 1243 τὸν
2208 1207 2338 1242 τούτου

109 1248 379 1293 μητροπολίτην
402 1248 584 1291 ἐξετάζειν
608 1250 653 1283 τὰ
673 1249 866 1296 λεγόμενα,
891 1251 921 1284 εἰ
946 1248 985 1283 δὲ
1006 1249 1271 1296 μητροπολίτης
1292 1251 1363 1295 εἴη,
1389 1251 1456 1286 τὸν
1477 1252 1757 1298 μακαριώτατον
1778 1249 2059 1298 άρχιεπίσκοπον
2083 1250 2142 1299 ὑφ’
2167 1249 2212 1288 ὃν
2232 1251 2336 1294 τελεῖ,

110 1294 152 1336 εἰα
171 1292 210 1328 δὲ
241 1292 481 1341 πρεσβύτερος
509 1291 533 1337 ἢ
566 1292 729 1329 διάκονος
759 1292 783 1338 ἢ
817 1294 921 1329 ἄλλος
950 1294 1113 1340 κληρικὸς
1143 1293 1166 1339 ἢ
1197 1294 1391 1342 ἡγούμενος
1422 1293 1445 1340 ἢ
1473 1297 1639 1341 μοναχός,
1663 1297 1731 1332 τὸν
1754 1295 1962 1332 ὁσιώτατον
1983 1299 2182 1334 ἐπίσκοπον
2205 1294 2264 1343 ὑφ’
2289 1295 2337 1331 ὂν

110 1338 211 1373 οὗτοι
242 1338 409 1374 τελοῦσιν
439 1338 620 1382 ἐξετάζειν
649 1340 696 1374 τὰ
725 1352 836 1385 προςα
858 1338 1071 1387 γελλόμενα,
1103 1344 1163 1375 καὶ
1191 1342 1252 1383 τῆς
1283 1339 1456 1385 ἀληθείας
1485 1339 1788 1388 ἄποδεικνυμένης
1818 1344 1970 1378 ἕκαστον
1993 1343 2082 1390 πρὸς
2104 1343 2148 1378 τὸ
2173 1345 2337 1386 πταῖσμα

110 1387 132 1420 1
179 1388 377 1419 κανονικοῖς
401 1386 593 1429 ἐπιτιμίοις
616 1383 823 1430 ὑποβάλλεσ
857 1399 895 1420 αι
917 1387 969 1428 τῷ
996 1389 1142 1431 κρίματι
1165 1387 1229 1420 τοῦ
1254 1386 1489 1429 ἐξετάζοντας.
1545 1389 1665 1422 Ταῦτα
1688 1386 1728 1422 δὲ
1750 1386 1875 1422 πάντα
1897 1391 2043 1434 κρατεῖν
2065 1388 2114 1432 μὴ
2137 1386 2252 1432 μόνον
2275 1389 2337 1422 ἐπὶ

110 1431 187 1464 τῶν
209 1430 302 1484 μετὰ
326 1431 444 1464 ταῦτα
454 1433 794 1483 (χειροτονουμένων
818 1431 1031 1466 ἐπισκόπων
1053 1443 1094 1465 τε
1117 1434 1177 1464 καὶ
1200 1430 1378 1477 κληρικιῦν
1401 1435 1461 1466 καὶ
1484 1430 1711 1479 ἡγουμένων,
1739 1431 1832 1467 ἀλλὰ
1855 1435 1915 1467 καὶ
1938 1434 2000 1468 ἐπὶ
2022 1434 2099 1467 τῶν
2121 1434 2190 1467 νῦν
2213 1431 2337 1467 ὄντων

109 1479 170 1509 καὶ
199 1475 272 1510 υπό
296 1488 411 1509 τινων
435 1487 482 1509 ως
505 1475 595 1510 εἰκὸς
619 1477 682 1510 ἐπί
703 1488 801 1511 τισιν
822 1476 952 1510 αἰτίαις
982 1473 1288 1522 άπηγορευμέναις
1318 1479 1392 1511 τοῖς
1415 1478 1529 1512 θείοις
1552 1479 1679 1513 κανόσι
1704 1481 1763 1512 καὶ
1786 1481 1858 1512 τοῖς
1881 1475 2062 1525 ἡμετέροις
2084 1477 2208 1524 νόμοις
2229 1489 2335 1521 κατη-
2360 1484 2403 1516 25

1670 101 1731 131 DE
1760 99 2010 132 CREATIONE
2036 98 2340 136 EPISGOPORUM

2365 709 2408 743 10

2360 1261 2403 1294 20

199 1568 226 1589 c.
244 1557 265 1588 I
271 1556 308 1588 V.
332 1556 367 1589 V
381 1568 434 1599 pr.
460 1568 498 1589 ex
514 1556 550 1589 Β
574 1558 688 1599 repetit
703 1556 882 1591 Nomoeflm
896 1557 958 1590 XI
965 1557 1053 1590 Vtit.
1072 1558 1103 1598 8,
1117 1564 1134 1590 8
1159 1557 1230 1598 (ubi
1244 1559 1364 1592 citatur
1378 1557 1491 1602 νεαροὶ
1508 1555 1612 1603 ρκγ’);
1636 1560 1841 1592 summarium
1859 1559 1955 1592 habet
1970 1559 2102 1593 Nomoe.
2119 1558 2181 1592 XI
2187 1558 2275 1592 Vn't.
2292 1559 2336 1592 ib.

200 1613 226 1634 c.
242 1601 308 1634 IV.
333 1601 436 1634 Vom.
463 1601 513 1633 Bt
526 1609 661 1644 praeter
679 1614 705 1635 c.
733 1603 771 1644 V,
799 1615 852 1646 pr.
875 1615 906 1635 v.
926 1603 967 1636 19
990 1597 1078 1634 Ἐοὶν
1109 1601 1302 1636 ἐπίσκοπος
1333 1602 1385 1644 εἴη
1402 1622 1447 1629 --
1464 1605 1505 1638 23
1538 1601 1777 1645 ἐξετάζοντος.
1824 1616 1851 1637 c.
1876 1604 1911 1637 V
1918 1616 1972 1647 pr.
1995 1605 2037 1646 (v.
2057 1605 2097 1639 19
2133 1600 2336 1646 Κελεῦομεν

106 1645 223 1734 ἕὶἓτὸεὲι
234 1646 427 1725 §ziz-zoccos
449 1645 503 1688 εἴη
519 1665 561 1670 —-
580 1647 621 1681 23
647 1645 876 1689 ἐξετάζοντος
900 1660 938 1681 ex
959 1647 995 1680 B
1018 1648 1134 1691 repetit
1155 1646 1333 1682 Nomoc.‘¹¹”
1349 1649 1503 1682 XIVtit.
1520 1650 1553 1690 9,
1567 1656 1601 1692 13
1625 1650 1829 1683 summarium
1853 1650 1949 1683 habet
1967 1649 2099 1684 Nomoe.
2116 1648 2220 1683 XIV
2230 1650 2277 1683 tit.
2292 1649 2336 1683 ib.

109 1803 219 1845 latur,
249 1802 306 1837 sin
338 1802 452 1838 laicus
480 1802 545 1844 sit,
576 1813 654 1838 eam
686 1813 780 1848 quae
811 1801 911 1838 decet
938 1802 1212 1850 castiyationem
1235 1803 1373 1839 subeat.
1421 1803 1465 1839 Si
1486 1804 1568 1849 quis
1591 1808 1709 1840 autem
1733 1815 1833 1840 reum
1857 1808 1942 1840 ante
1960 1814 2114 1841 examen
2135 1803 2338 1840 institutum

109 1847 342 1890 ordinaverit,
364 1850 399 1882 et
421 1847 487 1893 qui
508 1847 644 1883 creavit
667 1851 703 1883 et
725 1848 790 1893 qui
811 1850 954 1882 creatus
976 1853 1031 1883 est
1053 1859 1077 1883 a
1098 1847 1302 1884 sacerdotio
1320 1848 1539 1895 expellatur.
1571 1848 1574 1852 ’

242 1893 306 1928 IV.
355 1891 531 1934 Quoniam
557 1902 641 1928 vero
673 1892 712 1927 id
738 1892 837 1938 quod
865 1892 905 1927 in
933 1892 1132 1928 canonibus
1154 1892 1287 1929 dicitur
1310 1893 1355 1929 de
1375 1893 1685 1929 sanctissimorum
1708 1894 1959 1940 episcoporum
1981 1893 2151 1941 synodis,
2180 1904 2275 1940 quae
2297 1893 2336 1929 in
2474 1930 2476 1935 ,

107 1937 261 1984 sinyulis
287 1937 488 1983 provinciis
518 1936 646 1973 debent
672 1937 775 1983 fieri,
807 1936 992 1983 hucusque
1012 1952 1029 1969 ι
1046 1951 1063 1969 2
1080 1952 1097 1969 o
1114 1952 1131 1970 ι
1149 1952 1166 1970 0
1192 1948 1268 1974 non
1300 1939 1526 1975 observatum
1556 1942 1596 1974 ut
1626 1941 1854 1984 corriyamus
1883 1949 1992 1985 quam
2014 1939 2172 1975 maxime
2194 1949 2336 1974 necesse
2471 1946 2476 1987 j

108 1988 172 2019 est.
219 1982 349 2018 Sancti
378 1982 494 2028 iyitur
523 1982 685 2029 apostoli
716 1986 752 2018 et
771 1985 899 2028 patres
927 1986 1152 2026 statuerunt,
1184 1987 1226 2019 ut
1247 1982 1301 2019 bis
1323 1983 1476 2029 sinyulis
1498 1984 1605 2019 annis
1627 1983 1759 2030 synodi
1780 1984 2088 2020 sanctissimorum
2110 1983 2336 2020 sacerdotum
2459 2022 2462 2025 Α

107 2039 170 2064 seu
201 2028 454 2074 episcoporum
487 2027 523 2062 in
554 2027 708 2073 sinyulis
730 2027 934 2074 provinciis
962 2027 1113 2072 fierent,
1144 2032 1192 2064 et*
1210 2039 1304 2074 quae
1333 2032 1557 2075 emeryerent
1586 2028 1885 2065 examinarentur
1916 2033 1953 2064 et
1974 2029 2199 2065 convenienti
2221 2039 2337 2064 emen·
2460 2004 2476 2061 1

108 2073 256 2109 datione
270 2073 497 2119 potirentur,
522 2071 591 2107 hoc
614 2076 668 2108 est
690 2083 765 2108 una
789 2072 931 2118 quidem
953 2077 1086 2119 quarta
1109 2073 1312 2119 septimana
1334 2079 1482 2109 sanctae
1499 2077 1738 2120 pentecostes,
1762 2073 1880 2109 altera
1902 2076 2021 2109 autem
2043 2084 2162 2109 mense
2180 2072 2335 2110 Octobri.

108 2118 186 2153 Nos
212 2128 296 2154 vero
320 2128 400 2153 cum
423 2128 473 2153 ex
496 2116 700 2153 huiusmodi
723 2118 950 2163 neyleyentia
973 2117 1106 2153 multos
1129 2119 1241 2154 variis
1263 2119 1427 2165 peccatis
1454 2118 1650 2165 implicitos
1679 2128 1755 2154 esse
1786 2119 2042 2166 acceperimus,
2074 2118 2234 2154 iubemus
2264 2129 2337 2154 om-

107 2164 211 2199 nibus
243 2162 359 2199 modis
382 2173 491 2198 unam
513 2162 692 2209 synodum
715 2163 870 2208 sinyulis
893 2163 1000 2198 annis
1031 2163 1068 2198 in
1098 2163 1253 2209 sinyulis
1271 2164 1481 2217 provinciis
1501 2163 1584 2209 fieri
1607 2167 1672 2199 aut
1694 2162 1804 2199 Iunio
1825 2167 1890 2200 aut
1913 2163 2114 2210 Septembri
2135 2173 2272 2206 mense,
2301 2166 2338 2199 et

108 2208 209 2254 apud
231 2208 454 2244 beatissimos
478 2207 622 2253 quidem
644 2206 879 2255 patriarchas
902 2218 965 2243 eos
989 2209 1190 2251 convenire,
1215 2220 1276 2253 qui
1300 2209 1344 2245 ab
1369 2209 1458 2256 ipsis
1482 2209 1599 2244 creati
1618 2213 1704 2244 sunt
1725 2219 1790 2244 nec
1813 2209 1870 2244 ius
1889 2207 2020 2244 babent
2040 2209 2132 2244 alios
2146 2208 2337 2254 episcopos

107 2253 265 2298 creandi,
289 2253 391 2300 apud
411 2253 657 2288 sanctissimos
680 2258 799 2288 autem
821 2256 935 2288 metro
965 2252 1121 2288 olitanos
1145 2253 1317 2300 cuiusque
1337 2254 1551 2301 provinciae
1573 2264 1635 2289 eos
1659 2253 1723 2299 qui
1746 2253 1791 2289 ab
1814 2253 1906 2300 ipsis
1929 2253 2045 2290 creati
2063 2257 2162 2295 sunt,
2185 2256 2228 2290 ut
2241 2262 2338 2299 quae

105 2302 292 2334 moventur
315 2308 448 2333 causae
472 2298 528 2334 vel
557 2309 600 2334 ea
632 2308 726 2344 quae
757 2309 780 2333 a
803 2298 989 2334 nonnulis
1019 2297 1280 2335 denuntiantur
1303 2299 1360 2335 vel
1379 2298 1523 2334 nomine
1542 2298 1631 2343 fidei
1652 2298 1708 2334 vel
1730 2299 1987 2334 canonicarum
2011 2298 2259 2344 quaestionum
2282 2296 2341 2333 vel

106 2340 430 2379 administrationis
452 2354 573 2379 rerum
597 2343 932 2385 ecclesiasticarum,
956 2343 1015 2379 vel
1035 2343 1080 2379 de
1102 2344 1283 2390 episcopis
1307 2347 1373 2380 aut
1388 2343 1618 2391 presbyteris
1642 2347 1707 2379 aut
1729 2342 1894 2379 diaconis
1917 2348 1981 2379 aut
2000 2343 2084 2379 aliis
2106 2342 2247 2380 clericis
2269 2346 2338 2378 aut

105 2388 149 2424 de
173 2388 409 2436 praesulibus
438 2388 739 2424 monasteriorum
771 2392 836 2424 aut
865 2388 1070 2430 monachis,
1101 2389 1158 2424 vel
1188 2389 1233 2424 de
1263 2388 1338 2425 vita
1369 2387 1642 2424 condemnanda
1673 2387 1729 2424 vel
1762 2388 1869 2424 etiam
1889 2388 1973 2424 aliis
1996 2387 2207 2434 quibusdam
2229 2387 2338 2424 rebus

105 2444 200 2479 quae
230 2434 452 2469 correctione
484 2433 690 2478 inctiqeant,
721 2436 758 2469 et
789 2433 975 2479 ayitentur
1003 2437 1040 2470 et
1069 2433 1237 2470 decenter
1266 2434 1541 2476 examinentur,
1573 2443 1768 2479 eorumque
1796 2433 1998 2469 emendatio
2015 2432 2198 2480 procedat
2218 2432 2336 2468 sacris

105 2479 305 2514 canonibus
328 2483 364 2514 et
386 2478 524 2524 leyibus
548 2478 683 2514 nostris
706 2479 930 2515 conveniens.

239 2524 284 2559 V.
334 2523 458 2570 Neque
496 2534 580 2558 vero
615 2523 654 2558 in
690 2523 842 2569 synodis
882 2527 1020 2559 tantum
1045 2534 1118 2570 per
1146 2523 1311 2571 sinyulos
1341 2534 1459 2560 annos
1489 2523 1717 2560 instituendis
1747 2523 1836 2560 lzaec
1894 2526 2102 2566 uaerantur,
2131 2521 2198 2558 sed
2226 2521 2335 2559 etiam

105 2568 246 2614 quoties
278 2568 400 2614 aliqui·
426 2579 476 2604 ex
498 2567 746 2604 sacerdotibus
769 2568 827 2604 vel
847 2569 988 2605 clericis
1011 2569 1068 2605 vel
1082 2569 1316 2615 praesulibus
1339 2569 1643 2605 monasteriorum
1666 2568 1722 2605 vel
1743 2579 1873 2605 monac
1899 2569 1931 2604 is
1953 2570 2174 2604 accusantur
2194 2567 2268 2604 sive
2290 2567 2336 2602 de

102 2613 176 2658 fide
204 2615 277 2649 sive
309 2613 353 2649 cle
384 2614 482 2659 turpi
505 2614 579 2648 vita
601 2614 677 2650 sive
700 2613 800 2659 quod
822 2618 951 2650 contra
974 2624 1102 2650 sacros
1124 2624 1282 2650 canones
1305 2614 1394 2660 quid
1414 2615 1648 2650 committant.
1698 2612 1746 2649 Et
1765 2614 1799 2649 si
1822 2613 1965 2659 quidem
1987 2613 2180 2665 episcopus
2201 2612 2250 2648 sit
2271 2611 2336 2659 qui

106 2663 318 2701 accusatur,
349 2662 462 2702 metro
491 2658 650 2693 olitanus
680 2661 757 2694 eius
787 2659 971 2695 examinet
994 2670 1037 2695 ea
1061 2669 1156 2705 quae
1177 2670 1248 2706 pro
1271 2662 1436 2702 eruntur,
1467 2659 1525 2694 sin
1548 2658 1848 2706 metropolitanus
1870 2659 1936 2699 sit,
1969 2657 2193 2694 beatissimus
2215 2656 2334 2693 archi-

105 2703 297 2750 episcopus
325 2703 384 2738 cui
413 2714 455 2738 su
482 2703 592 2738 iectus
622 2707 694 2744 est,
726 2703 758 2738 si
787 2708 905 2739 autem
926 2705 1122 2750 presbyter
1152 2704 1208 2740 vel
1255 2704 1406 2740 iaconus
1429 2704 1485 2740 vel
1507 2703 1601 2740 alius
1625 2703 1778 2740 clericus
1800 2703 1857 2740 vel
1878 2703 2089 2739 monasterii
2107 2701 2259 2749 praesul
2280 2701 2336 2739 vel

105 2747 314 2790 monachus,
338 2748 586 2783 sanctissimus
609 2749 802 2794 episcopus
823 2749 889 2785 sub
914 2759 986 2794 quo
1011 2748 1051 2785 Izi
1073 2753 1263 2785 censentur
1286 2749 1469 2786 examinet
1492 2760 1536 2784 ea
1555 2759 1650 2795 quae
1672 2748 1942 2790 denuntiantur,
1965 2751 2002 2783 et
2016 2747 2166 2783 veritate
2178 2745 2335 2794 probata

105 2795 128 2829 1
174 2793 420 2844 unusquisque
440 2803 512 2838 pro
536 2792 666 2828 delicto
690 2803 756 2828 suo
782 2795 967 2829 canonicis
975 2794 1108 2841 poenis
1124 2794 1325 2830 subiciatur
1340 2793 1475 2830 iudicio
1491 2794 1747 2830 examinantis.
1777 2793 1881 2829 Haec
1904 2797 2023 2828 autem
2047 2792 2168 2828 omnia
2191 2791 2336 2828 valeant

104 2848 179 2873 non
207 2837 323 2872 solum
355 2848 392 2872 m
411 2837 467 2872 iis
498 2838 563 2883 qui
590 2841 675 2883 post
706 2837 795 2873 haec
825 2843 997 2874 creantur
1025 2850 1045 2874 e
1072 2839 1207 2885 iscopis
1229 2842 1265 2875 et
1288 2839 1429 2875 clericis
1452 2843 1487 2875 et
1504 2838 1738 2885 praesulibus
1758 2838 2058 2874 monasteriorum
2079 2836 2145 2873 sed
2166 2836 2274 2874 etiam
2295 2836 2335 2871 in

104 2882 151 2918 iis
183 2882 246 2928 qui
276 2892 372 2918 nunc
399 2885 485 2918 sunt
514 2885 551 2918 et
581 2882 625 2917 ab
657 2882 839 2928 aliquibus
865 2888 907 2919 ut
934 2884 982 2929 fit
1009 2894 1030 2919 o
1086 2893 1217 2920 causas
1243 2884 1388 2931 aliquas
1409 2884 1526 2920 sacris
1549 2883 1748 2920 canonibus
1770 2887 1806 2920 et
1829 2883 1968 2930 leyibus
1989 2883 2122 2919 nostris
2144 2882 2336 2918 damnatas

1256 3009 1331 3041 Ath.
1357 3009 1439 3042 male
1465 3021 1504 3041 ex
1528 3020 1559 3040 υ.
1585 3009 1605 3042 8
1628 3009 1765 3051 repetita
1787 3006 1800 3049 ΙΙ
1829 3008 1866 3040 11
1890 3006 1958 3049 μὲν
1982 3017 2040 3039 om.
2066 3006 2095 3038 0
2117 3006 2130 3048 ΙΙ
2158 3007 2198 3040 12
2218 3017 2334 3051 κρινο-

1254 3054 1362 3096 μένας
1386 3053 1546 3087 Νοηιοο.”’
1569 3053 1582 3096 ΙΙ
1607 3051 1654 3085 τὰ
1684 3064 1742 3085 om.
1767 3050 1946 3102 Nomoestf'
1968 3050 1981 3094 ΙΙ
2007 3051 2048 3085 13
2075 3048 2335 3096 προσαγγελλο-

1254 3098 1364 3141 μένας
1386 3095 1567 3132 Nemee-dm
1587 3103 1600 3141 Ι]
1628 3098 1670 3132 14
1700 3093 1722 3139 ἢ
1744 3097 1869 3140 πρεσβ.
1896 3097 1930 3137 (η
1950 3096 2031 3139 περὶ
2056 3097 2182 3139 πρεσβ.
2212 3097 2280 3131 Cv.
2299 3097 2335 3132 Ι.)

1261 3143 1370 3183 CLR]
1395 3144 1456 3175 καὶ
1468 3143 1606 3195 Ἀπρεσβ.
1634 3140 1680 3174 Μ
1696 3141 1708 3184 ΙΙ
1732 3138 1912 3182 κληρικῶν
1935 3138 2056 3173 ἄλλων
2081 3139 2290 3185 ΝοηιοεᾹΜΙ]
2313 3138 2336 3183 ἢ

154 3009 170 3042 1
185 3004 443 3051 σωφρονισμὸν
456 3002 680 3048 ὑπομενέτω]
695 3004 805 3048 ἤγουν
817 3006 1050 3051 ἐξωριζέσθω
1064 3008 1129 3041 Ls.
1140 3021 1168 3041 υ.
1177 3007 1189 3052 ΙΙ

104 3050 336 3097 χειροτονήσῃ
361 3051 413 3084 ΒΓ
435 3050 448 3095 ΙΙ
475 3052 495 3084 2
524 3049 786 3094 χειροτονήσας]
811 3050 1054 3099 κατηγορήσας
1077 3064 1187 3097 χειρο·

104 3095 259 3140 τονήσας
284 3098 342 3130 M⁰
358 3096 369 3139 ΙΙ
389 3097 409 3130 3
433 3092 596 3136 κανόσιν]
622 3096 849 3139 Apostolorum
875 3110 947 3130 can.
972 3099 1031 3135 37;
1061 3099 1190 3142 Synodi

105 3143 324 3176 Antiochenae
357 3153 428 3175 can.
454 3142 496 3174 20
529 3142 584 3184 (cf.
609 3141 741 3175 Nomoc.
767 3141 865 3174 XIV
885 3143 928 3175 tie.
946 3143 978 3183 8,
996 3143 1025 3184 8)
1054 3143 1066 3182 ΙΙ
1096 3144 1117 3176 4
1140 3141 1189 3185 μὴ

105 3185 806 3275 ⁷1¹5:nutzfflivdffissffvxxzffl„5⁰22
825 3184 1188 3276 caganum

236 3265 247 3276 ρ
461 3256 469 3264 .
691 3256 698 3263 .
728 3256 737 3272 ‚

106 3278 305 3311 Haloandro
339 3278 445 3321 v1tly.;
479 3251 600 3311 hia‘tum
629 3277 777 3310 indicavi
806 3277 853 3308 ita
874 3278 952 3319 sere
974 3277 1187 3320 supplendum

105 3318 193 3365 (ὑπὸ
218 3320 365 3357 πολλῶν
382 3319 640 3366 παρημέληται,
659 3320 726 3364 τὸ)
740 3318 789 3363 μὴ
806 3319 1095 3366 παραφυλαχθὲν
1111 3319 1186 3355 κτλ.

106 3369 159 3411 (esi
184 3381 215 3400 v.
242 3369 274 3409 8)
290 3367 302 3412 ΙΙ
322 3365 668 3412 ἐπανορθώσασθαι
697 3367 726 3400 C
744 3365 756 3410 ΙΙ
783 3368 802 3400 5
826 3365 863 3399 οἱ
882 3367 962 3410 μὲν]
988 3366 1116 3416 ῥητέον
1140 3363 1187 3399 ὥς

104 3411 140 3445 οἱ
161 3413 227 3456 μὲν
250 3412 428 3446 Nomocflm
445 3417 456 3453 ΙΙ
475 3406 540 3445 οὖν
563 3425 621 3445 om.
644 3412 673 3445 0
687 3410 865 3446 Nomou-‚⁶⁷⁷²
883 3415 894 3454 ΙΙ
912 3413 1071 3455 πατέρες]
1093 3407 1187 3456 ἅγιοι

105 3461 254 3502 πατέρες
281 3458 310 3491 0
330 3458 342 3501 n
366 3458 475 3498 ἔτους]
508 3457 574 3491 τοῦ
597 3457 696 3490 ἔτους
719 3456 755 3490 Β
780 3456 940 3490 Νοηιοε.”ι
956 3455 969 3499 ΙΙ
987 3458 1005 3489 7
1029 3458 1095 3499 μία
1122 3457 1164 3489 Μ
1175 3456 1187 3499 Η

107 3505 125 3536 8
160 3500 199 3535 δὲ
230 3498 406 3546 εὑρόντες]
440 3499 640 3547 διευρόντες
667 3501 738 3535 B‘?
763 3497 802 3534 δὲ
822 3513 879 3535 om.
917 3501 1079 3535 Νοηιο<·.”ι
1102 3500 1114 3543 11
1139 3497 1186 3534 ὠς

107 3556 179 3581 ante
214 3546 343 3582 πολλοί
376 3548 448 3581 coll.
479 3549 511 3581 L
538 3547 551 3601 1]
582 3549 602 3582 9
634 3543 884 3591 διεβλήθησαν
917 3546 946 3580 C'
970 3546 982 3590 ΙΙ
1010 3545 1113 3586 πᾶσι]
1147 3545 1185 3578 ἐν

106 3593 199 3626 πᾶσι
225 3594 255 3625 L
280 3592 458 3626 N0m00.dm
476 3592 488 3636 ΙΙ
506 3589 661 3626 σι’νοδον
686 3605 742 3625 om.
775 3593 844 3626 Gv.
859 3592 878 3625 l.
898 3585 949 3634 1Ιῆ
973 3590 1029 3633 τῷ
1051 3586 1183 3633 ’Ῑουνίῳ

106 3633 127 3680 ἢ
157 3637 210 3680 τῷ
236 3639 475 3684 Σεπτεμβρίῳ
507 3639 606 3682 μηνὶ]
639 3636 730 3671 κατὰ
756 3634 824 3670 τὸν
845 3632 1064 3681 Ὀκτώβριον
1086 3635 1185 3679 μῆνα

1255 3186 1437 3229 μοναχῶν]
1461 3199 1482 3229 η
1508 3199 1566 3220 om.
1592 3185 1669 3228 B‘fl
1691 3188 1729 3220 15
1753 3186 1813 3218 καὶ
1836 3197 1894 3218 om.
1920 3185 1952 3218 L
1969 3185 1982 3228 ss
1997 3197 2038 3219 τε
2061 3198 2120 3220 om.
2142 3185 2207 3219 Gv.
2222 3185 2242 3218 l.
2260 3184 2274 3228 fl
2293 3187 2332 3220 17

1254 3233 1461 3277 γενομέναις
1485 3231 1536 3265 B‘
1554 3229 1566 3274 ΙΙ
1591 3231 1632 3264 18
1656 3240 1709 3263 τις
1734 3231 1790 3264 CL
1813 3231 1825 3273 ΙΙ
1851 3229 2116 3275 κατηγορηθείη
2145 3231 2214 3264 Ου.
2230 3231 2251 3263 l.
2275 3232 2288 3275 fl
2311 3226 2335 3274 ἢ

1254 3276 1437 3320 μοναχῶν]
1468 3272 1492 3317 ἢ
1521 3288 1579 3309 om.
1606 3276 1656 3309 B⁶
1684 3275 1696 3318 ΙΙ
1724 3270 1746 3317 ἢ
1771 3276 1853 3319 περὶ
1883 3278 2039 3308 πίστεως
2062 3288 2121 3309 om.
2145 3274 2336 3321 Nemeam!

1254 3323 1336 3365 περὶ
1367 3320 1514 3365 αἰσχροῦ
1540 3320 1628 3361 MR]
1658 3323 1740 3364 περὶ
1762 3333 1820 3355 om.
1849 3320 1906 3353 CL
1929 3320 1942 3363 ΙΙ
1972 3322 2011 3355 19
2034 3331 2071 3354 τι
2094 3333 2152 3354 om.
2171 3321 2200 3354 G
2218 3321 2231 3363 ΙΙ
2257 3318 2334 3354 δια-

1255 3364 1504 3410 πραττόμενος
1524 3365 1592 3399 Cv.
1612 3366 1632 3398 ί.
1651 3365 1663 3409 Ι]
1680 3367 1739 3398 καὶ
1757 3378 1815 3399 om.
1836 3366 1864 3399 C
1876 3368 1888 3409 ΙΙ
1907 3365 1938 3398 εἰ
1959 3366 2027 3408 μὲν
2047 3365 2134 3406 Mo]
2151 3364 2250 3410 εἴπερ
2263 3365 2334 3398 LB

1254 3412 1265 3454 ΙΙ
1279 3407 1410 3444 τούτου
1435 3423 1492 3444 om.
1506 3411 1669 3444 Nomen-‚m
1687 3413 1719 3450 9,
1735 3418 1745 3444 ι
1765 3411 1776 3453 ΙΙ
1794 3411 1835 3444 20
1860 3410 2059 3444 ἐπίσκοπον
2074 3409 2255 3444 Nomoestm
2270 3412 2301 3451 9,
2319 3417 2333 3444 ι

1254 3454 1487 3534 Ξῖῖηἰίάὲιχηῖ
1519 3455 1599 3535 5³⁶1?
1609 3452 2334 3543 n'¹0}⁷²13323357242212'3‘5‘2'52g023527'?‘233

1253 3513 1552 3589 ἆποδεικιυῖιῖένης
1576 3546 1628 3579 Bt
1638 3545 1650 3590 ΙΙ
1670 3547 1711 3580 23
1744 3513 1941 3578 κανοιζικιΐίς
1962 3544 2010 3579 L⁶
2025 3545 2038 3589 ΙΙ
2063 3542 2332 3587 ὑποβαλλέσθω

1254 3590 1414 3624 Nomocffn
1433 3603 1484 3633 pr.
1501 3593 1533 3631 9,
1551 3598 1559 3624 1
1579 3591 1591 3634 ΙΙ
1611 3591 1653 3626 24
1677 3593 1757 3624 νυνὶ
1774 3591 1823 3623 B⁶
1839 3590 1852 3633 11
1869 3592 1911 3624 25
1935 3586 2008 3624 ὑπό
2031 3591 2158 3630 τινων]
2180 3587 2250 3624 ὑπὸ
2273 3601 2331 3623 om.

1254 3635 1322 3668 LB
1338 3636 1350 3679 ΙΙ
1368 3637 1452 3676 τοῖς]
1476 3636 1554 3669 τῶν
1577 3638 1650 3670 τοῖς
1679 3637 1748 3670 Ου.
1766 3636 1786 3669 Ι.
1811 3637 1884 3669 τοῖς
1907 3647 1946 3669 τε
1973 3636 2043 3669 Cv.
2062 3636 2084 3667 l.
