2592 3840
272 98 379 143 Nov.
410 99 482 143 CV
510 101 536 142 2

271 213 331 244 καὶ
342 214 502 245 ,καυκίοις
525 213 585 244 καὶ
600 213 853 256 τετραγωνίοιε
871 213 933 244 καὶ
953 212 1025 245 τοῖς
1045 210 1228 247 τοιούτοις.
1268 209 1346 256 δ’σῳ

270 255 339 302 γὰρ
355 253 403 290 ἂν
417 254 631 300 μικρότερον
654 255 706 297 εἴη
722 256 765 289 τὸ
784 255 1015 300 ῥιπτόμενον,
1031 257 1192 300 τοσούτῳ
1210 256 1348 291 πλείους

270 300 308 335 οἱ
334 299 588 345 λαμβάνοντες.
635 301 689 342 τῷ
722 297 762 333 δὲ
783 298 970 347 πράγματι
991 303 1122 347 μέτρον
1148 299 1170 345 ἡ
1200 304 1264 336 τοῦ
1295 300 1346 336 δι-

272 343 398 380 δόντος
421 344 570 389 δύναμίς
593 358 632 379 τε
655 347 715 378 καὶ
739 358 767 379 π
811 349 958 390 αίρεσις,
982 342 1069 380 ῶςτε
1085 344 1106 388 ἢ
1121 344 1207 391 μηδ’
1222 345 1347 382 ὁτιοῦν

271 388 294 433 ἢ
316 394 462 436 μέτριον
485 388 506 433 ἢ
529 388 751 435 ὑπερβαῖνον
768 358 964 424 &audomar
995 392 1048 434 τῷ
1074 389 1194 436 δήμῳ·
1239 394 1346 426 τοῦτο

269 436 340 482 γὰρ
357 437 417 470 ἐπὶ
434 438 510 468 ταῖς
526 432 713 469 ὑπατείαις
736 433 903 481 ὁρίζομεν
928 434 1010 470 οὔτε
1033 434 1184 471 ἄκοντας
1203 438 1347 483 ῥίπτειν

270 477 529 526 ἀναγκάζοντες
560 478 643 514 οὔτε
674 479 909 525 βουλομένους
939 494 980 515 τε
1011 484 1071 515 καὶ
1102 481 1348 529 φιλοτιμουμέ-

270 537 351 560 νους
375 525 581 559 κωλύοντες.
629 521 720 559 ἀλλὰ
741 525 788 560 τὰ
811 527 878 570 μὲν
909 529 991 572 περὶ
1016 528 1080 560 τοῦ
1103 526 1170 561 τὸν
1195 525 1349 575 ἄργυρον

270 571 412 616 ῥίπτειν
441 566 556 624 οὕτως
575 568 665 625 ᾐμῖν
688 571 1011 615 νενομοθετήσθω,
1045 575 1104 606 καὶ
1128 573 1228 620 εἴπερ
1257 569 1349 607 ὅλως

1333 97 1417 145 504

2127 115 2187 146 ΒΕ
2215 114 2486 147 consulimus

1416 214 1452 247 et
1483 210 1749 257 quadriangulis
1785 214 1821 247 et
1854 211 1996 248 talibus.
2045 212 2185 257 Quanto
2220 214 2313 249 enim
2346 214 2484 249 minora

1417 260 1500 292 sunt
1516 266 1606 301 quae
1622 258 1851 302 sparguntur,
1867 259 1967 292 tanto
1983 257 2102 309 plures
2119 258 2351 303 suscipientes
2367 262 2482 295 erunt.

1416 302 1538 346 Sitque
1558 301 1611 337 rei
1632 312 1798 338 mensura
1822 301 1939 337 dantis
1962 306 2073 338 Virtus
2096 307 2132 339 et
2155 304 2316 340 voluntas
2340 304 2412 340 sive
2429 304 2482 339 ni-

1415 347 1465 382 hil
1495 350 1558 381 aut
1579 346 1757 383 mediocre
1785 351 1849 382 aut
1870 348 2126 383 transcendens
2149 349 2282 393 populo
2306 348 2482 393 erogandi.

1383 395 1402 427 5
1415 391 1495 427 Hoc
1514 392 1607 427 enim
1625 392 1663 427 in
1680 392 1868 429 consulatu
1888 391 2084 436 definimus,
2104 402 2220 438 neque
2239 393 2365 429 invitos
2386 405 2402 429 s
2429 404 2483 429 ar-

1414 446 1496 481 gere
1529 439 1692 481 cogentes
1724 447 1839 482 neque
1869 437 2025 473 volentes
2057 438 2296 483 prohibentes.
2343 438 2388 473 Se
2440 438 2485 473 de

1417 484 1563 526 argento
1588 482 1728 526 quidem
1751 482 1950 527 spargendo
1977 482 2028 518 ita
2051 492 2074 517 a
2097 483 2200 519 nobis
2223 483 2398 519 sancitum
2420 483 2483 527 sit3

1416 529 1454 562 et
1473 527 1505 562 si
1523 527 1663 563 omnino
1687 527 1734 563 ad
1756 527 1824 563 hoc
1847 528 2049 571 accesserit,
2073 528 2253 564 licentiam
2268 528 2399 563 habeat
2413 527 2484 563 dis-

1417 572 1596 607 tribuendi
1619 573 1754 617 argenti
1777 572 2054 608 munificentiam
2083 573 2120 608 in
2145 573 2219 609 suis
2249 572 2484 618 processioni-

269 619 331 650 ἐπὶ
360 616 468 670 τοῦτο
491 627 675 670 ορμησειε,
709 620 915 661 παρρησίαν
945 618 1054 659 ἐχέτω
1078 619 1142 651 τοῦ
1168 616 1348 661 διανεῖμαι
1364 619 1404 651 10
1417 618 1493 659 bus,
1518 617 1612 652 sicut
1633 617 1710 663 ipse
1729 620 1827 653 recte
1850 627 1889 653 se
1909 618 2041 653 habere
2063 618 2251 663 putaverit,
2275 619 2351 654 solo
2368 618 2486 662 prohi-

268 661 339 703 τὴν
360 661 424 694 τοῦ
447 673 602 707 αργυρου
626 659 835 706 φιλοτιμίαν
866 663 907 695 ἐν
935 665 1013 696 ταῖς
1037 658 1145 697 αὐτοῦ
1169 661 1347 708 προόδοις,

269 704 442 750 καθάπερ
475 702 583 740 αὐτὸς
607 702 731 751 ὀρθῶς
762 705 930 751 ἐνόμισεν
960 709 1065 750 ἔχειν,
1099 706 1212 751 μόνου
1239 721 1346 742 κεκω-

269 750 419 794 λυμένου
450 751 515 784 τοῦ
546 755 693 797 χρυσίον
727 746 820 786 δ’λως
851 749 1059 798 ἀκοντίσαι,
1093 753 1136 787 τὸ
1168 754 1214 800 τῇ
1243 756 1346 797 βασι-

268 795 346 839 λείᾳ
368 793 463 843 μόνῃ
484 793 573 842 παρ’
598 793 703 839 ἡμῶν
733 793 1000 853 ἀφωρισμένον3
1017 797 1289 852 προέάψασθαι.

1416 662 1489 697 bito
1509 672 1635 698 aurum
1659 663 1800 698 omnino
1821 662 1982 706 iaculari,
2006 663 2100 710 quod
2119 663 2323 709 imperatori
2348 665 2485 700 tantum

1415 707 1587 743 tributum
1610 709 1666 744 est
1689 708 1903 753 contingere.

267 841 293 877 2
345 842 424 875 Τῶν
447 843 572 885 μέντοι
593 854 634 887 γε
657 839 780 876 ἄλλων
809 856 887 897 τοζν
910 854 986 887 παρ
1015 856 1129 896 ,ημοον
1160 841 1346 889 διωρισμέ-
1361 843 1438 879 152
1484 842 1644 878 Aliorum
1663 844 1783 878 autem
1807 852 1896 887 quae
1915 853 1939 879 a
1957 844 2061 880 nobis
2084 844 2226 880 decreta
2243 846 2327 880 sunt
2345 847 2382 880 et
2401 854 2485 880 con-

267 899 346 921 νων
370 889 430 919 καὶ
453 887 750 933 ἐγγεγραμμένων
772 888 817 934 τῇ
839 900 1032 935 απογραφῃ
1062 901 1106 931 τη
1130 886 1225 931 τῷδε
1249 901 1346 934 περι-

267 934 414 978 εχομένῃ
439 933 493 974 τῷ
518 932 620 975 νόμῳ
645 933 859 978 παραβῆναί
885 945 922 967 τι
953 924 1140 968 παντελῶς
1170 931 1193 977 ἢ
1225 932 1347 974 αὔξειν

268 975 445 1032 ἢιμειοῦν
476 973 608 1011 οὐδένα
638 978 890 1031 συγχωροῦμεν
919 978 1068 1023 τρόπον.
1115 978 1158 1013 τὸ
1182 980 1250 1023 μὲν
1278 979 1346 1024 γὰρ

1416 887 1551 932 scripta
1583 886 1621 923 in
1649 887 1765 924 deseri
1790 887 1888 923 tione
1930 898 2021 933 quae
2063 889 2132 925 hac
2173 889 2376 926 continetur
2409 888 2486 933 lege

1414 932 1619 968 transcendi
1649 932 1757 977 aliqui
1811 933 1953 969 omnino
1984 936 2048 969 aut
2077 934 2162 970 addi
2191 944 2257 971 nos
2286 934 2383 970 nullo
2406 943 2485 979 per-

1414 978 1585 1014 mittimus
1608 977 1723 1013 modo.
1770 978 1873 1023 Quod
1895 979 2017 1022 itaque
2039 979 2217 1015 infinitum
2241 982 2296 1015 est
2325 978 2486 1022 (dicimus

268 1033 443 1067 αοριστον
474 1023 606 1068 (φαμὲν
637 1020 677 1056 δὲ
699 1036 742 1057 το
775 1023 931 1069 ῥίπτειν)
955 1026 1015 1059 ἐπὶ
1033 1025 1078 1070 τῇ
1099 1025 1161 1058 τοῦ
1183 1022 1348 1059 διδόντος
1415 1028 1534 1059 autem
1558 1025 1747 1068 spargere),
1779 1024 1815 1058 in
1843 1023 1961 1059 dantis
1991 1024 2156 1069 ponimus
2187 1024 2380 1067 voluntate,
2412 1034 2486 1060 om-

267 1067 422 1111 τίθεμεν
450 1068 577 1120 γνώμῃ
602 1071 800 1110 παντοίως,
832 1066 882 1102 οἷς
906 1064 1136 1109 αὐτεξούσιον
1167 1066 1256 1103 αὐτὸ
1291 1071 1344 1112 τῷ
1361 1070 1402 1103 20
1415 1069 1498 1104 nino
1523 1068 1690 1114 propriae
1714 1068 1903 1113 potestatis
1931 1068 2001 1104 hoc
2024 1069 2100 1105 eius
2133 1069 2192 1114 qui
2215 1069 2277 1105 dat
2305 1069 2486 1111 facientes,

268 1110 373 1147 δόντι
390 1124 595 1156 ποιουντες,
619 1113 662 1147 τὸ
686 1111 725 1147 δὲ
745 1110 835 1159 παρ’
853 1111 959 1158 ἡμῶν
975 1112 1176 1158 ὡρισμένον
1191 1127 1231 1148 τε
1246 1111 1347 1155 ἅπαξ

268 1161 328 1191 καὶ
347 1155 630 1204 διατεταγμένον
649 1155 883 1204 ’ὑπερβαίνειν
903 1155 967 1193 ὅδε
984 1157 1090 1203 ἡμῶν
1108 1157 1129 1193 ὁ
1150 1158 1259 1204 νόμος
1277 1172 1346 1193 κω-

267 1202 352 1237 λύει.
400 1199 480 1237 ἀλλ’
508 1203 543 1236 εἴ
560 1214 613 1237 τις
644 1203 831 1248 τολμήσειε
856 1203 899 1238 τὸ
924 1202 1162 1250 διωρισμένον
1185 1205 1346 1249 ἐκβῆναι,

268 1250 413 1283 centum
429 1248 600 1283 librarum
617 1249 694 1284 auri
717 1247 924 1292 καταθήσει
940 1248 1082 1302 ποένήν,
1107 1247 1155 1284 ὥς
1178 1249 1242 1283 τὰς
1264 1247 1346 1293 ἡμε-

1415 1113 1510 1159 quod
1533 1123 1615 1149 vero
1641 1123 1663 1148 a
1686 1114 1789 1149 nobis
1814 1113 1997 1149 definitum
2020 1116 2075 1150 est
2098 1115 2205 1150 semel
2224 1118 2260 1151 et
2277 1114 2487 1156 ordinatum,

1414 1158 1619 1195 transcendi
1651 1158 1740 1195 haec
1775 1162 1898 1194 nostra
1932 1159 1989 1194 lex
2019 1160 2194 1204 prohibet.
2241 1159 2312 1195 Sed
2343 1160 2374 1195 si
2407 1159 2486 1204 quis

1414 1204 1690 1249 praesumpserit
1730 1204 1823 1247 quod
1861 1203 2043 1239 definitum
2081 1208 2137 1241 est
2171 1205 2308 1250 egredi,
2347 1209 2487 1241 centum

1415 1249 1587 1284 librarum
1610 1249 1690 1284 auri
1712 1249 1890 1293 persolvet
1912 1259 2080 1294 poenam,
2106 1252 2231 1295 utpote
2247 1252 2369 1286 nostra
2383 1260 2487 1295 prae·

267 1296 371 1339 τέρας
395 1293 564 1339 παραβὰς
586 1293 791 1347 προςτᾴξεις
815 1297 875 1327 καὶ
897 1294 964 1329 τὸν
980 1306 1129 1329 απαντα
1152 1293 1256 1329 τοῦδε
1280 1295 1345 1329 τοῦ
1359 1296 1400 1329 25
1413 1295 1591 1330 varicatus
1622 1297 1814 1339 praecepta
1845 1298 1880 1330 et
1909 1305 2048 1330 omnem
2077 1295 2183 1331 huius
2214 1295 2302 1340 legis
2329 1305 2487 1331 corrum-

268 1337 381 1383 νόμου
413 1336 643 1385 διαφθείρων
673 1352 716 1373 το
740 1353 781 1386 γε
804 1336 865 1382 ἐφ’
891 1339 1008 1383 ἑαυτῷ
1031 1340 1180 1375 σκοπόν.
1227 1341 1258 1374 εἰ
1276 1340 1346 1387 γὰρ

268 1383 362 1418 κατὰ
391 1384 528 1428 ταύτην
551 1382 595 1427 δὴ
623 1383 741 1428 μόνην
769 1384 935 1419 τέθειται
966 1384 1035 1429 τὴν
1057 1383 1254 1431 πρόφασιν,
1286 1386 1347 1419 ἵνα

267 1430 317 1473 μὴ
346 1430 391 1475 τῇ
421 1430 501 1464 τῶν
525 1427 726 1473 διδομένων
757 1426 910 1475 ἀμετρίᾳ
940 1430 983 1464 τὸ
1013 1431 1091 1466 τῶν
1113 1428 1268 1465 ὑπάτων
1291 1432 1345 1465 ἐκ·

269 1473 404 1518 λείποι,
428 1477 490 1508 καὶ
513 1472 574 1508 διὰ
595 1476 703 1509 τοῦτο
727 1473 826 1519 ἡμεῖς
849 1475 912 1510 τὰς
935 1475 1105 1522 περιττὰς
1129 1477 1263 1510 ἐκείνας
1287 1473 1346 1510 δό-

1414 1350 1501 1385 pens
1531 1343 1702 1384 quantum
1733 1339 1771 1375 in
1799 1349 1838 1375 se
1865 1339 2108 1376 intentionem.
2156 1340 2193 1375 Si
2217 1340 2309 1376 enim
2331 1350 2396 1385 pro
2419 1340 2488 1375 hac

1414 1384 1655 1420 tantummodo
1687 1385 1805 1429 posita
1835 1387 1890 1420 est
1913 1385 2112 1430 occasione,
2145 1395 2191 1421 ne
2214 1385 2412 1422 dandorum
2433 1385 2486 1421 in-

1414 1431 1602 1465 mensitate
1623 1430 1829 1465 consulatus
1854 1430 1980 1472 desint,
2006 1433 2043 1466 et
2062 1434 2252 1476 propterea
2271 1441 2339 1467 nos
2363 1441 2487 1476 super-

1413 1475 1506 1511 fluas
1529 1475 1609 1511 illas
1633 1475 1793 1511 dationes
1825 1477 1862 1510 et
1883 1485 2058 1520 expensas
2081 1476 2363 1512 adbreviavimus
2393 1480 2430 1512 et
2451 1476 2488 1511 in

269 1531 341 1554 σεις
370 1532 411 1553 τε
440 1522 500 1553 καὶ
524 1517 689 1555 δαπάνας
713 1519 986 1564 συνεστείλαμεν
1015 1524 1075 1554 καὶ
1099 1519 1163 1555 τὰς
1189 1521 1236 1575 ‘3⁶'ss
1259 1520 1346 1564 πλῆ-
1360 1522 1402 1554 30
1414 1520 1586 1566 populum
1609 1520 1739 1556 effusas
1763 1520 2010 1565 processiones
2042 1524 2078 1556 et
2101 1521 2307 1566 spectacula
2330 1521 2376 1557 ad
2398 1521 2489 1557 bene

269 1565 338 1599 θος
362 1566 591 1609 ἐκκεχυμένας
615 1563 789 1610 προόδους
811 1578 851 1600 τε
874 1568 934 1599 καὶ
951 1566 1040 1600 θέας
1059 1567 1105 1601 εἰς
1123 1564 1348 1600 εὗσυνοπτον

269 1607 447 1656 ἠγάγομεν
469 1613 612 1654 μέτρον,
637 1614 696 1643 καὶ
715 1611 801 1645 ἴσως
824 1624 860 1645 τι
883 1614 942 1644 καὶ
967 1612 1044 1645 τῶν
1058 1611 1347 1658 γλαφυρωτέρων

269 1658 352 1700 περὶ
370 1655 456 1709 τοὺς
477 1652 654 1710 ἀριθμουὺς
677 1653 991 1711 προςεννοήσαμεν,
1010 1656 1053 1709 ‘cs'
1077 1657 1220 1711 ῥίπτειν
1242 1655 1346 1710 {eyv-

268 1713 334 1756 ρον
363 1713 386 1743 η
408 1698 494 1744 μηδ’
521 1714 649 1736 οτιουν
681 1699 824 1735 διδόναι
847 1712 924 1736 ταις
949 1714 1072 1736 αυτων
1094 1715 1172 1736 των
1194 1714 1347 1737 υπατων
1414 1702 1531 1737 sulum
1554 1701 1770 1737 dimittentes
1793 1700 2048 1746 voluntatibus,
2072 1706 2113 1738 ut
2129 1702 2231 1739 nobis
2250 1703 2321 1738 sint
2337 1702 2488 1755 amplius
2542 1710 2546 1718 '

1415 1576 1454 1602 se
1477 1566 1666 1601 habentem
1698 1565 1906 1601 deduximus
1930 1575 2148 1609 mensuram,
2181 1566 2249 1602 rite
2272 1566 2406 1611 aliquid
2427 1566 2488 1602 de-

1415 1611 1553 1646 centius
1586 1611 1628 1646 de
1659 1611 1816 1646 numeris
1849 1611 2132 1655 considerantes,
2167 1611 2210 1649 id,
2235 1614 2290 1647 est
2319 1622 2488 1656 spargere

1414 1661 1597 1700 argentum
1628 1660 1692 1691 aut
1714 1666 1828 1701 neque
1855 1656 2043 1701 quicquam
2074 1658 2160 1693 dare
2191 1657 2382 1693 eorundem
2403 1667 2488 1693 con·

269 1745 547 1781 ανατεθεικότες
573 1746 752 1791 γνώμαις,
788 1742 890 1781 ὅπως
916 1743 1002 1791 ἡμῖν
1032 1748 1177 1782 ἔσονται
1208 1746 1347 1782 πλείους
1359 1749 1401 1782 35
1414 1750 1451 1783 et
1479 1757 1618 1790 semper
1649 1756 1694 1782 ex
1722 1757 1787 1783 suo
1821 1746 1993 1782 vocabulo
2027 1749 2169 1793 tempus
2201 1748 2391 1784 adornent:
2427 1758 2490 1793 qm

268 1794 330 1825 καὶ
345 1793 391 1838 τῇ
414 1788 503 1836 παρ’
526 1792 667 1826 ἑαυτῶν
691 1795 904 1839 προςηγορίᾳ
927 1791 995 1826 τὸν
1016 1793 1148 1837 χρόνον
1171 1795 1346 1837 κοσμοῖεν,
1415 1792 1511 1837 quod
1534 1792 1744 1837 dispositum
1767 1794 1823 1827 est
1844 1791 2075 1835 transcendit,
2099 1793 2167 1829 rite
2189 1795 2315 1839 utpote
2330 1794 2488 1830 nostram

269 1834 290 1871 ὁ
315 1835 358 1871 τὸ
377 1834 656 1883 διατεταγμένον
677 1838 859 1881 ἐκβαίνων
878 1835 1026 1872 εἰκότως
1044 1836 1089 1871 ἂν
1109 1834 1157 1871 ῶς
1178 1837 1246 1873 τὸν
1265 1835 1348 1882 ἡμέ-

268 1971 535 2019 quadranqulis
557 1975 593 2007 et
615 1970 655 2006 id
675 1981 791 2017 qenus
813 1971 906 2007 aliis.
953 1970 1098 2014 Quanto
1121 1972 1215 2007 enim
1238 1971 1380 2007 minora
1409 1974 1493 2006 sunt
1523 1981 1618 2017 quae
1647 1974 1887 2023 sparguntur,
1920 1973 2021 2006 tanto
2047 1970 2176 2017 plures
2206 1977 2314 2007 erunt
2342 1972 2405 2018 qui
2427 1983 2488 2008 ac-

268 2018 413 2063 cipient.
459 2015 594 2052 Modus
616 2027 700 2052 vero
724 2017 780 2052 rei
800 2017 849 2052 sit
871 2016 992 2052 dantis
1015 2022 1049 2052 et
1070 2017 1234 2062 facultas
1264 2022 1302 2052 et
1322 2016 1499 2058 voluntas,
1530 2019 1573 2051 ut
1594 2015 1649 2052 vel
1672 2015 1765 2051 nihil
1780 2015 1844 2051 >vel
1862 2015 2003 2051 modica
2036 2015 2094 2051 vel
2115 2016 2232 2062 effusa
2253 2017 2392 2064 populo
2417 2017 2488 2053 dis·

269 2062 405 2098 tribuat
410 2075 423 2104 ;
463 2061 533 2097 Ιιοι·
555 2061 648 2097 enim
671 2062 716 2097 de
738 2061 980 2097 consulatibus
1002 2062 1201 2107 definimus,
1233 2062 1296 2108 qui
1318 2072 1433 2108 neque
1453 2061 1584 2097 invitos
1606 2071 1782 2107 sparqere
1804 2071 1978 2107 coqamus
1999 2072 2114 2106 neque
2137 2062 2296 2099 volentes
2317 2066 2354 2098 et
2374 2063 2489 2098 muni-

265 2108 336 2154 fice
359 2107 556 2153 larqientes
583 2106 850 2153 prohibeamus.
899 2105 972 2142 Sed
991 2117 1086 2153 quae
1116 2107 1165 2142 ad
1187 2118 1231 2142 ar
1257 2111 1376 2142 entum
1406 2105 1652 2152 sparqendum
1682 2110 1848 2153 spectant
1878 2107 1930 2141 ita
1960 2106 2064 2142 nobis
2092 2106 2234 2142 sancita
2256 2107 2349 2143 sint:
2383 2112 2419 2144 et
2441 2108 2488 2143 si-

269 2152 411 2200 quidem
436 2152 581 2188 omnino
606 2151 656 2187 ad
677 2151 746 2187 hoc
769 2152 978 2194 accesserit,
1011 2152 1191 2188 licentiam
1247 2152 1352 2187 abeat
1374 2157 1548 2197 arqentea
1578 2162 1727 2186 munera
1757 2152 1795 2186 in
1812 2151 2110 2197 processionibus
2138 2152 2214 2187 suis
2242 2150 2490 2196 distribuendi,
2556 2171 2559 2178 ·

294 2197 566 2234 uemadmodum
589 2198 668 2243 ipse
696 2197 736 2232 id
758 2201 854 2233 reete
883 2208 922 2233 se
946 2196 1077 2233 habere
1098 2198 1303 2244 putaverit,
1335 2207 1415 2232 cum
1437 2196 1555 2232 solum
1582 2196 1635 2231 uti
1662 2207 1706 2231 ue
1729 2196 1873 2232 vetitum
1903 2196 1950 2231 sit
1974 2207 2103 2232 aurum
2125 2196 2301 2241 iaculari,
2330 2197 2371 2233 id
2392 2198 2491 2244 quod

338 2244 554 2290 imperatori
579 2242 650 2278 solz·
679 2253 703 2278 a
732 2243 835 2278 nobis
864 2242 1081 2278 destinatum
1111 2246 1165 2278 est
1194 2242 1384 2290 attinqere.
1501 2240 1564 2277 Ex
1586 2252 1627 2276 re
1642 2241 1737 2287 iquis
1759 2252 1844 2277 vero
1872 2252 1966 2287 quae
1996 2252 2019 2277 a
2042 2241 2146 2278 nohis
2168 2241 2316 2287 definita
2338 2247 2424 2278 sunt
2454 2246 2490 2279 et

267 2289 503 2335 descriptioni
534 2299 628 2334 quae
657 2287 725 2323 Ιιαο
757 2288 835 2334 teqe
865 2288 1069 2323 continetur
1096 2288 1234 2323 inserta
1265 2288 1410 2322 omnino
1440 2286 1632 2333 quicquam
1661 2286 1837 2322 excedere
1868 2286 1924 2322 vel
1954 2297 2088 2334 auqere
2116 2286 2172 2322 vel
2199 2287 2360 2323 minuere
2388 2288 2489 2324 nullo
2546 2315 2547 2318 η

236 2348 240 2354 ·
268 2334 376 2369 modo
394 2334 647 2380 permittimus.
695 2333 790 2368 Nam
814 2333 914 2379 quod
935 2343 1008 2368 non
1030 2336 1085 2369 est
1107 2332 1291 2377 definitum
1315 2331 1374 2375 (de
1391 2332 1598 2378 sparqendo
1619 2331 1826 2377 loquimur),
1849 2331 1887 2366 in
1908 2331 2091 2367 voluntate
2113 2331 2235 2367 dantis
2255 2333 2400 2369 omnino
2417 2343 2489 2380 po-

268 2380 397 2421 nimus,
421 2389 502 2414 cum
525 2378 564 2413 id
586 2378 635 2414 ad
657 2378 846 2414 arbitrium
869 2379 946 2413 eius
969 2378 1033 2424 qui
1054 2377 1194 2414 dederit
1216 2378 1432 2423 referamus,
1488 2376 1562 2412 uod
1584 2387 1669 2413 vero
1692 2377 1802 2413 semel
1822 2387 1846 2411 a
1867 2376 1972 2411 nobis
1994 2376 2178 2421 definitum
2201 2381 2238 2413 et
2259 2378 2490 2413 constitutum

268 2429 322 2460 est
344 2424 475 2459 violari
504 2423 591 2459 Ilaec
614 2423 677 2460 lex
700 2428 828 2459 nostra
851 2427 958 2459 vetat.
1005 2422 1079 2458 Sed
1100 2424 1134 2458 si
1155 2423 1238 2469 quis
1267 2422 1307 2457 id
1329 2422 1428 2468 quod
1474 2422 1633 2467 efinitum
1655 2425 1711 2457 cst
1730 2421 1905 2458 excedere
1928 2432 2039 2456 aztsus
2060 2423 2118 2464 sit,
2151 2426 2291 2457 centum
2314 2422 2488 2458 librarum

268 2470 352 2505 auri
372 2480 529 2515 poenam
551 2469 681 2511 solvet,
711 2473 837 2515 utpote
860 2470 926 2515 qui
941 2472 1143 2515 praecepta
1167 2471 1295 2504 nostra
1318 2468 1465 2503 violarit
1493 2471 1527 2503 et
1552 2472 1664 2503 totum
1688 2466 1795 2502 liuius
1818 2467 2118 2512 leqisconsitium
2148 2470 2322 2513 quantum
2345 2467 2384 2503 in
2405 2468 2489 2515 ipso

268 2519 321 2551 est
337 2518 560 2561 corrumpat.
609 2513 752 2550 Etenim
772 2514 804 2548 si
823 2525 866 2550 ea
891 2513 934 2549 ob
952 2514 1046 2549 lianc
1067 2513 1181 2548 solam
1205 2524 1352 2549 causam
1377 2513 1452 2548 lata
1467 2515 1532 2554 est,
1556 2523 1601 2548 ne
1616 2523 1666 2548 ex
1684 2512 1874 2548 immodica
1897 2522 2082 2547 munerum
2107 2511 2301 2558 larqitione
2325 2513 2490 2548 consules

269 2559 449 2604 deficiant,
481 2570 617 2605 nosque
647 2558 727 2594 ideo
758 2569 1048 2605 supervacaneas
1073 2558 1158 2594 illas
1179 2558 1343 2594 dationes
1375 2563 1409 2594 et
1431 2561 1594 2604 sumptus
1617 2558 1868 2593 contraximus
1898 2560 1932 2592 et
1955 2556 1993 2591 in
2015 2557 2161 2592 nimium
2185 2556 2321 2608 effusas
2337 2567 2489 2605 proces·
2542 2582 2543 2587 ,

268 2605 389 2641 siones
417 2609 451 2639 et
472 2604 680 2649 spectacula
712 2603 762 2639 ad
792 2609 1037 2651 opportunum
1061 2603 1205 2639 modum
1227 2603 1445 2650 redeqimus,
1478 2609 1513 2638 et
1540 2603 1705 2648 fortasse
1735 2603 1843 2650 etiam
1872 2602 2073 2649 expolitius
2102 2601 2243 2648 aliquid
2271 2602 2309 2637 in
2331 2603 2490 2639 numeris

269 2650 417 2695 insuper
431 2649 555 2685 rimati
573 2660 696 2684 sumus
714 2649 758 2684 de
772 2649 981 2696 sparqendo
1002 2653 1192 2694 arqentum
1216 2652 1282 2684 aut
1299 2648 1392 2684 nihil
1413 2647 1535 2684 dando
1556 2648 1647 2694 ipsis
1667 2648 1872 2683 consulibus
1892 2647 2044 2683 arbitrio
2058 2647 2250 2694 permisso,
2275 2658 2348 2694 quo
2358 2648 2490 2695 plures

268 2695 342 2730 sint
364 2694 468 2730 nobis
499 2698 608 2740 atque
631 2705 681 2729 ex
703 2705 770 2729 suo
794 2695 935 2729 nomine
968 2698 1106 2740 tempus
1128 2698 1324 2729 exornent:
1365 2694 1429 2739 qui
1459 2693 1499 2729 id
1527 2693 1628 2739 quod
1657 2694 1887 2729 constitutum
1915 2696 1971 2728 est
1995 2692 2141 2728 excedit
2171 2692 2299 2728 merito
2329 2698 2371 2729 ut
2399 2693 2490 2740 leqis

334 2832 354 2864 2
377 2829 530 2870 τοσοῦτο
555 2830 598 2861 M
617 2830 630 2868 ΙΙ
655 2831 677 2863 4
699 2824 794 2862 ὥστε
818 2842 876 2862 om.
898 2840 918 2865 ς’
941 2827 953 2871 ΙΙ
976 2830 996 2862 5
1021 2825 1211 2863 διαδοῦναι
1235 2829 1281 2863 M
1286 2829 1345 2870 (ςΠ

270 2872 416 2910 διδόναι
440 2875 470 2908 L
492 2873 504 2918 ΙΙ
535 2877 554 2908 7
579 2885 619 2907 τε
642 2875 701 2907 καὶ
725 2872 1031 2918 φιλοτιμουμένοις
1054 2885 1146 2911 ome
1173 2873 1186 2917 ΙΙ
1217 2876 1254 2908 11
1282 2870 1345 2906 αὑ-

269 2921 334 2955 τοῦ
360 2921 524 2964 Scrimqer
551 2919 564 2960 ΙΙ
596 2921 635 2954 12
660 2917 839 2961 ἐνόμισεν]
869 2919 1038 2960 putaverit
1061 2930 1097 2957 ς;
1130 2920 1189 2963 leq.
1215 2916 1263 2953 ἂν
1286 2931 1346 2952 νο-

269 2966 380 3013 μίσῃῗ
399 2965 411 3009 ΙΙ
430 2966 470 2999 13
486 2959 579 2998 ὅλως
595 2960 684 2998 οἷκον
702 2977 739 2997 esc
755 2963 848 3005 ἔχειν
866 2977 948 2997 corr.
962 2964 993 2997 L
1010 2964 1022 3007 ΙΙ
1042 2966 1082 2998 13
1096 2976 1143 3007 sq.
1162 2964 1228 2997 τοῦ
1244 2964 1289 3009 τῇ
1303 2983 1345 2988 —

269 3008 520 3057 ἀφωρισμένον
544 3010 575 3043 L
591 3013 602 3048 ἓ]
631 3012 671 3044 14
695 3006 783 3053 παρ’
809 3005 914 3051 ἡμῶν
938 3021 995 3043 om.
1013 3021 1033 3045 ς
1050 3010 1063 3053 ΙΙ
1085 3009 1347 3053 προςάψασθαι

271 3058 506 3101 Spanyenbery
523 3068 561 3089 ez·
577 3056 607 3096 ς]
632 3051 655 3096 ἢ
678 3052 947 3098 προσάψασθαι
973 3054 1044 3087 ML
1060 3053 1073 3092 ΙΙ
1095 3056 1135 3087 16
1159 3054 1202 3096 τῆ
1229 3056 1261 3087 in
1279 3067 1343 3087 ras.

270 3103 302 3136 L
323 3104 335 3145 ΙΙ
366 3101 411 3147 τῇ
434 3097 530 3143 τῷδε
561 3101 791 3144 περιεχομένῃ
816 3099 860 3132 M
864 3101 894 3139 ς]
929 3101 989 3131 καὶ
1019 3095 1116 3131 τῶδε
1144 3101 1346 3143 περιεχομέ-

269 3160 348 3182 νων
364 3148 395 3181 L
413 3147 427 3191 1]
445 3147 485 3180 18
509 3142 531 3188 ἢ
552 3145 678 3189 μειοῦν
702 3157 759 3177 om.
776 3156 795 3180 ς
810 3142 823 3188 ΙΙ
841 3140 981 3183 οὐδένα]
1007 3139 1088 3177 κατ’
1106 3140 1237 3177 οὐδένα
1257 3145 1347 3177 malit

270 3194 458 3227 Zachariae
474 3191 487 3235 ΙΙ
504 3193 547 3225 20
567 3185 666 3223 αὗτῶ
682 3189 736 3223 τῶ
754 3185 857 3222 δόντι
877 3188 1042 3222 ποιοῦντι
1063 3189 1094 3222 L
1113 3190 1124 3230 ΙΙ
1149 3190 1191 3222 24
1215 3187 1347 3222 ἑκατὸν

270 3236 404 3282 λιτρῶν
426 3239 570 3282 χρυσίου
595 3236 625 3269 L
648 3235 660 3278 ΙΙ
687 3236 730 3269 26
750 3234 878 3267 ἑαυτοῦ
903 3234 953 3267 La
978 3234 990 3277 ΙΙ
1016 3234 1058 3267 28
1081 3230 1256 3267 ὑπόντων
1280 3235 1312 3267 L
1335 3233 1347 3277 ΙΙ

270 3286 313 3319 32
325 3286 385 3316 καὶ
400 3282 498 3323 ἴσως]
517 3282 582 3315 rite
594 3282 627 3322 (i.
639 3294 665 3314 e.
680 3277 862 3320 εἰκότωςῗ)
878 3291 897 3315 ς
913 3281 924 3319 ΙΙ
943 3281 1002 3311 καὶ
1020 3291 1077 3311 om.
1093 3290 1112 3315 ς
1126 3282 1139 3323 ΙΙ
1157 3280 1200 3313 33
1219 3279 1346 3323 *προς-

269 3327 503 3371 εννοήσαμεν]
520 3324 755 3368 ἐπινοήσαντες
768 3323 857 3369 πρὸς
870 3324 938 3357 ML
956 3323 1199 3357 considerantes
1215 3324 1249 3355 id
1266 3326 1314 3357 est
1327 3336 1346 3360 ς

271 3372 375 3419 (πρὸς
398 3374 459 3406 det.
480 3372 682 3415 Homberyk;
704 3372 811 3414 possis
835 3371 928 3403 etiam
952 3371 1090 3402 scribere
1114 3365 1346 3410 ἐπινοήσαντες

270 3417 318 3453 ῶς
342 3420 446 3453 deleta
468 3418 634 3462 particula
657 3418 718 3449 καὶ
740 3422 812 3449 ante
836 3414 922 3448 ἴσως
945 3416 987 3457 cf
1008 3415 1054 3447 ad
1071 3427 1102 3446 υ.
1119 3415 1174 3454 32)
1194 3414 1204 3457 ΙΙ
1222 3416 1263 3447 34
1286 3411 1345 3445 αὑ-

269 3465 346 3498 τῶν
370 3464 459 3505 τῶν]
485 3462 661 3496 eorundem
685 3463 718 3503 (i.
741 3473 766 3494 e.
790 3460 867 3494 τῶν
889 3455 1024 3501 αὐτῶν)
1048 3470 1067 3494 ς
1098 3459 1111 3502 ΙΙ
1141 3461 1182 3493 35
1206 3455 1347 3493 πλείους

270 3512 340 3551 καὶ]
365 3508 508 3552 amplius
532 3511 564 3540 et
587 3517 712 3550 semper
736 3518 755 3543 ς

339 3645 355 3677 1
383 3645 416 3675 et
437 3642 475 3675 in
498 3639 752 3683 quadriangulis
775 3639 808 3673 R
835 3638 848 3683 Ι]
876 3640 898 3673 4
920 3638 1078 3672 mediocri
1102 3638 1151 3671 Β*
1173 3638 1186 3681 n
1215 3640 1234 3673 5
1258 3638 1345 3671 invi-

270 3689 333 3729 tos]
357 3687 485 3720 inuitus
509 3686 559 3719 132
588 3686 718 3719 inuitus
740 3685 768 3718 si
791 3686 852 3718 hos
879 3683 957 3728 T²ss
981 3686 999 3719 7
1025 3684 1248 3727 despatgendo
1263 3685 1309 3718 R‘
1333 3685 1346 3728 ΙΙ

1413 2829 1469 2869 sit]
1495 2830 1542 2861 est
1571 2828 1601 2861 T
1614 2826 1627 2872 ΙΙ
1643 2829 1662 2862 8
1686 2827 1789 2861 licent
1805 2828 1876 2870 (sic)
1895 2828 1928 2861 T
1936 2827 1947 2848 ¹
1963 2826 1976 2871 ΙΙ
1994 2827 2093 2861 habet
2113 2826 2199 2870 VTn
2218 2829 2238 2862 9
2262 2826 2490 2861 munificentia
2529 2859 2532 2860 γ

1413 2873 1520 2907 RVT
1538 2873 1550 2916 ΙΙ
1582 2875 1622 2907 10
1646 2883 1680 2906 se
1709 2873 1845 2917 Vvul9.]
1871 2885 1928 2906 om.
1955 2872 2022 2906 ΒΤ
2046 2872 2059 2916 ΙΙ
2085 2872 2256 2914 putauerit
2278 2871 2398 2905 habere
2420 2870 2490 2918 Rss
2529 2889 2532 2892 ⁴

1415 2920 1453 2952 11
1478 2921 1587 2950 tamen
1611 2917 1660 2951 T¹
1678 2918 1690 2959 ΙΙ
1710 2919 1749 2951 12
1770 2918 1938 2959 contigere
1957 2918 2007 2951 T²
2030 2917 2222 2959 contignere
2246 2917 2302 2962 Vn
2322 2917 2362 2952 16
2382 2916 2431 2959 in]
2456 2922 2490 2951 et
2518 2927 2529 2954 ᾖ

1413 2964 1449 2995 in
1467 2962 1553 2996 RT²
1574 2964 1585 3003 ΙΙ
1609 2963 1824 2995 continentur
1839 2962 2014 3005 R1V²Tn
2034 2965 2074 2996 17
2096 2961 2290 2995 transcend*
2307 2962 2358 2995 Β*
2381 2964 2488 2995 trans-

1413 3007 1590 3041 scendendi
1605 3008 1649 3040 Τι
1666 3007 1678 3051 ΙΙ
1695 3010 1754 3039 aut
1776 3020 1834 3040 om.
1851 3007 1898 3039 Β*
1917 3007 1929 3050 ΙΙ
1947 3008 1988 3041 19
2009 3009 2215 3050 spargentem
2231 3007 2283 3040 Τ*
2301 3006 2313 3050 ΙΙ
2327 3016 2493 3050 ponamin!¹

1413 3063 1480 3086 esse
1503 3052 1710 3085 uoluntatem
1738 3052 1786 3085 Τι
1809 3052 1821 3095 ΙΙ
1846 3053 1889 3086 20
1913 3052 1975 3084 hoc
1999 3065 2056 3085 om.
2085 3052 2117 3085 T
2135 3050 2148 3095 Ι]
2173 3051 2243 3093 qui]
2268 3052 2324 3085 cui
2348 3052 2399 3085 Τι
2429 3051 2489 3095 qui

1412 3098 1467 3131 cui
1485 3098 1531 3131 Β*
1548 3096 1560 3142 ΙΙ
1580 3098 1618 3131 21
1639 3097 1811 3130 definitum
1829 3099 1898 3137 cet]
1925 3095 2044 3140 fuitum
2064 3098 2112 3129 est
2131 3115 2175 3122 —
2200 3098 2241 3130 27
2258 3096 2398 3142 tantuml
2424 3109 2487 3131 ecr-
2515 3102 2527 3119 s

1413 3142 1463 3175 R²
1488 3145 1520 3175 in
1543 3155 1608 3175 ras.
1630 3143 1650 3175 3
1668 3155 1717 3175 υυ.
1744 3141 1757 3185 Ι]
1783 3142 1969 3174 ordinatam
1994 3141 2027 3174 R
2036 3154 2088 3185 pr.
2114 3141 2127 3184 ΙΙ
2152 3142 2195 3175 22
2219 3140 2490 3176 ιταηεεοοιιᾱειιᾰί

1413 3186 1528 3230 RT111
1554 3188 1596 3221 24
1621 3187 1694 3219 auri
1719 3199 1777 3220 om.
1799 3186 1832 3219 V
1848 3187 1860 3229 ΙΙ
1885 3188 2003 3229 utpute
2029 3187 2060 3219 T
2087 3189 2208 3230 utputa
2231 3187 2265 3219 R
2285 3187 2297 3230 Ι]
2324 3188 2366 3221 25
2392 3195 2491 3221 omne¹

1421 3232 1471 3265 V¹
1489 3232 1501 3270 ΙΙ
1527 3233 1568 3266 26
1588 3234 1705 3273 quater
1726 3232 1759 3265 T
1765 3231 1776 3252 ²
1793 3231 1805 3274 ΙΙ
1829 3230 1877 3264 sio
1898 3231 1983 3263 enim
2008 3233 2137 3264 tantum
2160 3242 2221 3274 pro
2241 3232 2303 3265 hao
2321 3231 2419 3266 modo
2438 3230 2473 3266 V
2492 3258 2494 3262 ,

1414 3278 1454 3310 27
1480 3280 1518 3310 tfi
1539 3276 1635 3309 modo
1661 3277 1693 3309 Τ
1712 3275 1725 3319 ΙΙ
1750 3278 1810 3318 est]
1835 3279 1884 3309 est
1908 3276 1960 3309 lex
1987 3276 2019 3310 Τ
2028 3278 2114 3319 vulq.
2138 3276 2151 3321 ΙΙ
2176 3277 2380 3310 occasionem
2404 3276 2454 3311 Β*
2519 3303 2521 3306 ⁴

1412 3324 1466 3363 ne]
1490 3332 1551 3354 nec
1571 3321 1619 3354 V³
1632 3335 1656 3355 s.
1671 3334 1699 3355 v.
1713 3320 1990 3400 &inmensitatem
2011 3322 2073 3355 VT
2082 3314 2098 3365 ῙΙ
2116 3323 2158 3356 28
2183 3322 2303 3355 deserit
2323 3322 2357 3355 V
2372 3319 2486 3355 defluit

1415 3368 1467 3400 T⁰
1485 3366 1497 3410 Ι]
1519 3367 1700 3409 superfluos
1751 3366 1762 3387 ¹
1778 3366 1790 3410 ΙΙ
1810 3368 1851 3401 29
1867 3366 2135 3400 adbreuiabimus
2157 3367 2189 3401 V
2207 3367 2437 3400 adbreuiamus
2458 3362 2491 3399 Τ

1413 3412 1620 3445 abreuiamus
1633 3412 1666 3444 R
1684 3412 1695 3454 ΙΙ
1719 3412 1762 3446 30
1787 3412 1997 3455 expectacula
2019 3412 2124 3445 RVT
2137 3412 2149 3456 ΙΙ
2164 3411 2260 3453 bene]
2283 3412 2328 3445 hri
2349 3412 2410 3453 (sic
2421 3418 2484 3455 pro
2519 3414 2522 3416 ’

1412 3457 1467 3495 bn)
1494 3458 1523 3489 R
1542 3456 1555 3501 Ι]
1578 3459 1616 3491 31
1645 3457 1799 3490 habentes
1828 3458 1860 3490 T
1875 3456 1888 3495 ΙΙ
1915 3457 1990 3497 rite]
2016 3458 2100 3490 forte
2125 3457 2219 3490 Beck
2233 3457 2245 3500 ΙΙ
2272 3457 2315 3491 32
2338 3453 2484 3490 consido-

1412 3505 1527 3535 νοοῖ-ε
1551 3502 1597 3534 V¹
1613 3501 1626 3546 ΙΙ
1646 3503 1686 3535 33
1712 3503 1898 3544 argentum]
1924 3512 2040 3534 aurum
2071 3502 2118 3535 T²
2133 3503 2145 3544 ΙΙ
2163 3504 2222 3534 aut
2245 3502 2470 3544 Osenbrityqen

1413 3552 1450 3581 ut
1475 3548 1542 3580 ΚΤ
1551 3549 1648 3591 υιι19.,
1673 3560 1731 3581 om.
1755 3546 1809 3591 Vn
1827 3558 1938 3580 eorum
1963 3547 2051 3580 RT2
2067 3548 2078 3590 ΙΙ
2105 3549 2147 3581 34
2171 3545 2380 3579 demittentes
2402 3544 2451 3579 T¹
2477 3541 2484 3588 Ι

1413 3592 1640 3635 uoluptatibus
1652 3592 1686 3625 R
1704 3592 1716 3634 Ι]
1731 3593 1777 3625 sit
1797 3592 1866 3626 VT
1871 3592 1880 3612 ¹
1897 3591 1910 3635 ΙΙ

1413 3638 1493 3680 quid
1517 3637 1649 3680 quidem
1675 3637 1725 3671 T¹
1751 3636 1764 3682 Ι]
1793 3638 1835 3672 36
1859 3639 1946 3670 recte
1972 3636 2022 3670 Τ2
2045 3637 2057 3680 ΙΙ
2087 3638 2207 3680 utputa
2229 3637 2359 3678 (utpute
2380 3633 2481 3678 Vp.)
2528 3667 2530 3669 ,

1422 3684 1536 3727 V²Tu
1553 3687 1664 3716 nostra
1684 3682 1734 3716 R¹
2542 3679 2573 3708 *ν’

2527 3713 2570 3768 s

2522 3780 2580 3840 ε,

1930 3593 1970 3625 35
1985 3591 2220 3636 ador'nornent
2240 3591 2294 3632 Vn
2313 3590 2372 3632 qui
2384 3587 2469 3631 quod
2525 3597 2526 3600 ’
2572 3576 2592 3593 “”
