2592 3840
251 106 358 152 Nov.
388 107 464 152 xc
494 73 588 152 sse

1313 105 1399 154 452

2169 123 2231 154 DE
2257 121 2468 155 mamus

1218 242 1375 280 CAPUT
1400 242 1497 279 vm.

306 305 450 352 Ἐπειδὴ
476 307 515 343 δὲ
538 305 722 352 ἐθήκαμεν
746 307 870 354 νόμον,
902 305 990 345 ὦςτε
1020 313 1081 344 καὶ
1110 311 1171 345 ἐπὶ
1195 324 1327 356 χρημα-

251 355 362 387 τικιῦν
388 351 499 387 δικῶν
520 352 675 387 ἄκοντας
692 357 896 401 μαρτυρεῖν,
921 357 1070 390 ἐκείνων
1089 353 1152 390 οὐκ
1171 353 1325 402 ἀναγκα-

252 399 414 451 ζομένων
431 398 500 441 τὴν
513 402 714 443 μαρτυρίαν
732 402 854 444 νέμειν
873 396 955 434 ὅσοι
977 403 1120 444 μεσῖται
1135 399 1328 447 γεγόνασιν

253 446 386 485 αυτοῖς,
411 447 473 477 καί
490 455 583 477 τινες
598 440 833 489 ἅποχριῦνται
857 445 973 488 τούτῳ
989 449 1050 479 καὶ
1064 449 1266 492 μαρτυρίαν
1282 443 1324 480 οὗ

250 487 444 531 βούλονται
475 490 608 532 νέμειν,
640 489 872 544 θεσπίζομεν,
905 490 1004 536 εἴπερ
1031 490 1201 536 ἑκάτερον
1222 493 1326 536 μέρος

251 537 436 576 συναινοίη
476 535 530 576 τῷ
564 537 692 581 μεσίτῃ
728 537 851 568 αυτῶν
883 538 1065 581 γενομένῳ
1102 537 1326 583 μαρτυρῆσαι

249 581 323 612 τοῖς
346 577 435 622 παρ’
458 575 568 612 αὐτοῦ
592 578 802 625 λεγομένοις,
828 577 1099 627 ἀναγκάζεσθαι
1123 580 1235 615 αὐτὸν
1267 584 1326 614 καὶ

250 621 397 677 ἄκοντα)
417 623 485 667 τὴν
507 628 709 670 μαρτυρίαν
733 627 870 668 νέμειν·
907 627 971 660 τοῦ
996 625 1219 670 κωλύματος,
1252 623 1326 660 ὃιό-

251 680 319 713 περ
356 668 468 703 αυτὸν
499 668 634 703 ἄκοντα
666 673 859 715 μαρτυρεῖν
890 667 910 703 ὁ
935 671 1107 716 πρότερος
1138 668 1242 715 ἡμῶν
1264 671 1327 704 οὖκ

1453 309 1629 353 Quoniam
1651 320 1734 346 vero
1759 311 1942 356 posuimus
1965 311 2094 356 legem,
2126 314 2168 359 ut
2193 312 2231 347 in
2254 311 2468 357 pecuniariis

1397 355 1514 390 causis
1555 355 1716 391 nolentes
1756 356 1940 392 testificari
1977 357 2057 392 illos
2095 367 2168 393 non
2208 357 2468 402 compellendos

1396 400 1635 435 testimonium
1656 400 1740 436 dare
1759 401 1919 445 quiante
1934 401 2144 437 mediatores
2164 401 2252 438 facti
2271 406 2355 437 sunt
2369 402 2468 448 ipsis,

1395 450 1430 480 et
1454 445 1596 490 quidam
1619 446 1819 482 abutuntur
1851 447 1919 482 hoc
1950 450 1986 482 et
2016 446 2218 483 testimonio
2249 446 2376 482 nolunt
2403 446 2467 488 uti,

1361 494 1380 526 5
1395 490 1583 530 sancimus,
1608 491 1639 527 si
1660 495 1812 536 utraque
1835 502 1920 537 pars
1944 492 2152 534 consentiat,
2180 491 2275 537 quod
2297 490 2470 527 mediator

1395 545 1516 571 eorum
1547 535 1612 570 fiat
1640 537 1862 579 testificator,
1896 541 2155 582 componantur
2184 536 2277 572 enim
2308 546 2351 572 ea
2378 545 2469 590 quae

1395 582 1441 616 ab
1457 590 1499 616 eo
1516 580 1693 623 dicuntur,
1719 582 1928 627 compellere
1951 593 2031 618 eum
2052 585 2088 617 et
2107 581 2288 617 nolentem
2309 584 2469 618 testimo·

1395 626 1493 660 nium
1516 625 1714 671 perhibere,
1738 627 1978 672 prohibitione
2001 629 2278 673 propterquam
2301 637 2381 662 eum
2405 636 2468 662 no·

1394 671 1523 706 lentem
1546 670 1733 706 testificari
1763 672 1924 716 primitus
1947 676 2072 708 nostra
2098 672 2213 708 noluit
2234 672 2293 708 lex
2323 672 2470 718 propter

250 709 422 767 ήβούλετρ
445 711 566 755 νόμος,
600 712 659 747 διὰ
689 716 748 757 τῆς
772 718 1009 750 συναινέσεως
1039 717 1220 761 ἑκατέρων
1250 718 1326 750 τῶν
1342 719 1383 752 10
1397 725 1608 753 consensum
1630 716 1816 762 utriusque
1838 717 1952 763 partis
1976 717 2129 754 sublata.

248 759 370 802 μερῶν
394 762 627 805 ανῃρημένου.

1228 850 1386 888 CAPUT
1409 851 1473 886 IX.

315 906 389 938 Καὶ
423 906 530 938 τοῦτο
565 903 606 939 δὲ
640 904 807 940 πολλάκις
843 908 1096 953 πραττόμενον
1130 907 1244 952 ἴσμεν,
1283 903 1330 942 ὦς
1454 907 1503 942 Et
1526 906 1595 942 hoc
1618 916 1702 942 vero
1725 905 1928 941 multotiens
1951 908 2073 942 actum
2097 906 2239 950 scimus,
2273 905 2370 952 quod
2392 905 2470 951 qui-

249 960 345 983 τινες
374 947 397 992 ἢ
428 949 526 996 παρὰ
555 952 627 984 τοῖς
658 952 735 984 τῶν
758 951 887 986 τόπων
912 951 1060 987 ἐκδίκως
1090 951 1113 996 ἢ
1137 953 1236 998 παρὰ
1257 956 1331 988 τοῖς
1398 952 1480 988 dam
1511 956 1574 987 aut
1597 951 1692 996 apud
1723 951 1883 987 locorum
1906 950 2109 987 defensores
2138 954 2203 987 aut
2225 951 2321 996 apud
2345 950 2469 988 claris·

250 993 515 1040 λαμπροτάτοις
538 996 615 1029 τῶν
634 997 819 1040 ἐπαρχιῶν
843 995 1012 1042 ἄρχουσιν
1035 996 1058 1041 ἢ
1076 1001 1136 1031 καὶ
1160 995 1208 1032 οἷς
1239 998 1330 1032 εἰκὸς
1397 998 1505 1033 simos
1528 996 1792 1042 provinciarum
1815 996 1949 1031 iudices
1972 1000 2035 1030 aut
2052 996 2145 1032 forte
2169 1000 2223 1039 (ut
2241 995 2391 1039 adsolet)
2411 996 2471 1033 hic

250 1040 417 1074 ἐνταῦθα
449 1040 548 1084 παρὰ
578 1042 631 1084 τῷ
656 1039 902 1087 λαμπροτάτῳ
926 1047 1114 1090 μαγίστρῳ
1145 1044 1223 1077 τῶν
1246 1040 1327 1086 κήν-
1346 1046 1385 1078 15
1398 1042 1494 1087 apud
1529 1042 1644 1078 virum
1680 1041 1912 1077 clarissimum
1947 1040 2154 1085 magistrum
2190 1051 2320 1077 census
2355 1041 2470 1086 ingre·

250 1096 329 1119 σων
360 1084 525 1120 εἰςιόντες
557 1089 617 1119 καὶ
640 1085 882 1132 μεμφόμενοι,
918 1086 967 1122 ὠς
998 1087 1097 1133 παρὰ
1129 1086 1236 1122 τοῦδε
1267 1101 1329 1123 πε·
1398 1089 1543 1123 diuntur
1567 1091 1603 1122 et
1626 1090 1834 1131 queruntur,
1858 1090 2038 1130 tamquam
2057 1086 2103 1121 ab
2121 1086 2240 1132 aliquo
2257 1086 2471 1122 sustinentes

250 1130 433 1164 πονθότες
463 1145 499 1165 τι
530 1130 745 1176 παράνομον
773 1130 795 1175 ἢ
824 1131 942 1167 ἄλλως
970 1130 1175 1177 ἠδικημένοι
1207 1131 1230 1177 ἢ
1252 1135 1329 1177 ἐζη-
1397 1132 1530 1178 aliquid
1555 1137 1682 1168 contra
1703 1132 1798 1175 leges
1829 1135 1894 1166 aut
1917 1132 2020 1166 aliter
2049 1131 2138 1167 laesi
2166 1134 2232 1167 aut
2253 1130 2472 1169 damnificati

249 1178 450 1229 μιωμένοιυ
457 1174 640 1222 μάρτυρας
674 1175 867 1221 βούλονται
902 1177 1231 1225 παραστήσασθαι·
1268 1182 1329 1212 καὶ
1396 1180 1505 1214 testes
1528 1178 1687 1213 volentes
1709 1177 1925 1222 producere:
1969 1175 2039 1221 (et)
2068 1180 2110 1212 ut
2137 1187 2210 1213 non
2232 1177 2271 1212 in
2290 1180 2472 1222 posterum

250 1221 311 1254 ἴνα
345 1220 394 1264 μὴ
427 1234 578 1266 υστερον
613 1219 822 1265 ἀντιτεθείη
857 1220 994 1265 αὐτοῖς,
1030 1220 1078 1257 ὠς
1113 1222 1206 1257 κατὰ
1238 1227 1328 1267 μίαν
1397 1228 1600 1268 opponatur
1621 1223 1682 1265 eis,
1704 1222 1800 1267 quod
1819 1222 1865 1257 ab
1882 1232 1954 1257 una
1971 1226 2075 1266 parte
2093 1224 2196 1266 gesta
2210 1225 2306 1263 Sunt,
2325 1224 2472 1266 ‘oportet

249 1268 380 1311 μοῖραν
400 1266 446 1299 τὰ
468 1270 703 1313 πεπραγμένα
727 1271 891 1311 συνέστη,
915 1266 970 1302 δεῖ
991 1265 1156 1303 κάκεῖνον
1179 1270 1219 1302 ἐν
1237 1265 1327 1315 αὐτῇ
1341 1270 1384 1303 20
1397 1273 1433 1303 et
1455 1268 1554 1302 illum
1577 1268 1615 1303 in
1639 1277 1682 1302 ea
1702 1267 1843 1302 civitate
1864 1268 2095 1302 constitutum
2117 1267 2156 1302 in
2173 1277 2245 1311 qua
2261 1267 2471 1303 testationes

250 1312 295 1358 τῇ
331 1309 434 1345 πόλει
468 1312 689 1346 καθεστῶτα
724 1313 821 1347 ἔνθα
857 1313 897 1348 αἱ
928 1318 1122 1359 μαρτυρίαι
1154 1311 1328 1355 δίδονται,
1397 1314 1538 1355 dautur,
1568 1313 1789 1348 admonitum
1813 1322 1836 1347 a
1858 1312 1973 1347 iudice
1997 1311 2070 1348 sive
2092 1312 2280 1348 defensore
2302 1321 2471 1358 praesen-

251 1354 539 1400 ὑπομνησθέντα
563 1357 662 1403 παρὰ
685 1358 750 1391 τοῦ
771 1356 940 1403 ἄρχοντος
963 1357 985 1402 ἢ
1007 1361 1071 1393 τοῦ
1097 1356 1236 1393 ἑκδίκου
1260 1371 1329 1393 πα-
1397 1365 1467 1394 tem
1499 1368 1577 1394 esse
1608 1360 1645 1393 et
1675 1358 1799 1392 audire
1829 1356 2096 1393 adtestationes.
2146 1357 2184 1393 Si
2204 1366 2285 1393 veto
2317 1357 2472 1393 noluerit

250 1402 472 1448 ραγενέσθαι
503 1405 563 1435 καὶ
593 1399 742 1436 ἀκοῦσαι
772 1405 849 1438 τῶν
880 1405 1098 1449 μαρτυριῶν.
1146 1405 1176 1438 εἰ
1207 1402 1248 1438 δὲ
1277 1403 1327 1448 μὴ
1397 1403 1579 1447 advenire,
1615 1403 1677 1438 sed
1707 1403 1900 1448 respuerit,
1935 1407 1978 1438 ut
2007 1412 2052 1438 ex
2081 1403 2152 1438 hoc
2184 1402 2231 1438 ab
2261 1411 2334 1439 nna
2369 1406 2472 1447 parte

250 1446 447 1491 βουληθείη
471 1448 757 1494 παραγενέσθαι,
790 1445 882 1482 ἀλλὰ
906 1447 1148 1491 διαπτύσειεν,
1181 1445 1268 1483 (ὅςτε
1292 1451 1330 1483 ἐκ
1397 1448 1600 1484 testimonia
1631 1448 1769 1491 dentur,
1802 1451 1843 1483 ut
1871 1447 2067 1483 secundum
2096 1447 2165 1484 hoc
2193 1448 2311 1493 ipsum
2332 1446 2472 1483 inutilia

250 1493 314 1525 τοῦ
346 1492 438 1526 κατὰ
464 1496 553 1536 μίαν
575 1496 706 1538 μοῖραν
730 1491 904 1528 δίδοσθαι
934 1494 998 1528 τὰς
1020 1498 1215 1539 μαρτυρίας
1243 1494 1325 1527 κατ’
1343 1496 1385 1529 25
1397 1504 1487 1535 esse,
1521 1493 1699 1528 sancimus
1729 1492 1933 1528 huiusmodi
1962 1493 2172 1529 testationes
2202 1494 2255 1528 ita
2277 1494 2398 1528 tenere
2427 1502 2471 1528 ac

253 1534 341 1571 αὐτὸ
372 1538 481 1571 τοῦτο
510 1537 705 1583 ἀχρήστους
734 1539 843 1581 εἶναι,
875 1539 1100 1583 θεσπίζομεν
1123 1539 1187 1573 τὰς
1208 1539 1329 1573 τοιαύ-
1397 1539 1429 1574 si
1450 1550 1523 1574 non
1547 1549 1590 1573 ex
1614 1549 1687 1573 una
1716 1542 1818 1582 parte
1841 1538 2058 1573 constitutae
2080 1539 2167 1580 sint,
2198 1537 2262 1573 sed
2290 1540 2471 1582 tamquam

250 1594 314 1616 τας
336 1586 531 1628 μαρτυρίας
553 1581 651 1617 οὕτω
675 1587 829 1628 κρατεῖν,
860 1581 907 1618 οἷς
931 1583 977 1619 ἂν
1001 1584 1102 1638 εἰΙμὴ
1126 1587 1330 1638 μονομερεῖς
1397 1594 1440 1620 eo
1461 1587 1648 1629 praesente
1670 1583 1790 1619 factae
1809 1583 1891 1619 sint.
1935 1583 1974 1618 Si
1992 1583 2087 1619 enim
2109 1582 2327 1619 recusaverit
2349 1588 2386 1618 et
2406 1582 2470 1619 ad-

251 1628 448 1673 έτύγχανον
473 1629 596 1670 οὑσαι,
621 1625 712 1662 ἀλλὰ
736 1632 796 1662 καὶ
820 1626 930 1663 αὐτοῦ
955 1641 1133 1674 παροντος
1157 1631 1212 1675 ἐγε
1237 1642 1329 1663 ονει-

251 1684 329 1707 σαν.
377 1673 408 1705 εἰ
430 1672 499 1719 γὰρ
523 1672 789 1718 παραιτήσαιτο
820 1677 881 1708 καὶ
905 1674 1030 1709 ἐλθεῖν
1059 1674 1109 1719 μὴ
1131 1678 1198 1719 βου
1221 1674 1328 1718 ηθείη

305 1776 331 1797 c.
343 1763 407 1798 IX
420 1764 490 1805 im(
491 1788 612 1798 ......
626 1766 702 1806 453,
716 1772 732 1798 5
748 1764 952 1798 videbuntur
968 1765 1102 1807 quidem
1117 1776 1157 1799 ex
1172 1765 1347 1808 utriusque
1366 1766 1553 1808 praesentia
1573 1765 1675 1808 facta)
1698 1766 1874 1799 versionem
1894 1765 2027 1798 latinam
2044 1763 2211 1806 aliquanto
2227 1765 2471 1798 emendatiorem

250 1821 291 1843 ea
314 1821 397 1852 quae
422 1811 454 1842 in
471 1810 661 1842 Anthemiou
686 1817 732 1843 est
754 1811 879 1844 exhibet
905 1810 1083 1853 Greyorius
1106 1811 1253 1854 Maqnus
1277 1812 1310 1844 in
1334 1812 1474 1854 epistula
1499 1824 1529 1844 a.
1545 1812 1610 1845 603
1634 1813 1759 1854 scripta
1781 1810 1889 1854 Epist.
1911 1810 1963 1851 13,
1983 1816 2030 1850 4⁵,
2062 1809 2119 1842 ubi
2139 1809 2257 1843 citatur·
2278 1806 2470 1844 ‘constitutio

251 1855 377 1887 novella
401 1867 485 1898 quae
509 1856 549 1888 de
574 1855 703 1888 testibus
728 1855 867 1899 loquitur
891 1868 918 1889 c.
940 1851 995 1890 16²
1021 1856 1175 1900 (Greqor.
1202 1856 1286 1899 Opp.
1303 1856 1348 1890 II
1372 1858 1456 1890 1255
1477 1857 1525 1890 ed.
1540 1857 1842 1893 Benedictinorum;
1868 1856 2050 1888 accuratius
2074 1854 2242 1897 epistulam
2266 1866 2305 1888 εει·
2327 1855 2470 1888 codicum

241 1900 772 1988 {ggrssiizittiafiazilgtgssinsme
795 1902 868 1935 Atti
890 1901 978 1934 della
1001 1901 1043 1934 R.
1064 1902 1260 1935 Accademia
1286 1902 1368 1935 delle
1393 1902 1525 1935 Scienze
1550 1903 1587 1935 di
1611 1902 1731 1935 Terina
1753 1901 2003 1942 V(1869—70)
2028 1899 2093 1933 250
2105 1911 2187 1943 sqq„
2219 1899 2303 1933 unde
2327 1899 2470 1934 lectionis

358 2023 362 2025 ’
386 2022 484 2059 VIII.
531 2021 710 2065 Quoniam
733 2026 851 2058 autem
875 2022 988 2068 leqem
1014 2023 1170 2066 tulimus,
1201 2027 1242 2058 ut
1265 2023 1373 2059 etiam
1405 2023 1444 2058 in
1466 2022 1690 2069 pecuniariis
1720 2022 1841 2058 causis
1862 2021 1967 2058 inviti
1991 2020 2230 2056 testimonium
2253 2020 2394 2064 dicant,
2425 2033 2472 2058 ne

252 2073 370 2105 tamen
401 2068 456 2103 illi
490 2067 729 2103 testimonium
759 2067 950 2119 perhibere
979 2072 1170 2114 coquntur,
1201 2068 1266 2114 qui
1287 2067 1503 2104 mediatores
1528 2067 1698 2114 partibus
1726 2068 1891 2113 fuerunt,
1923 2070 1959 2102 et
1983 2065 2150 2101 nonnulli
2181 2065 2251 2103 hoc
2272 2065 2471 2103 abutuntur

250 2125 365 2160 neque
397 2113 635 2149 testimonium
659 2111 854 2159 perlabere
883 2113 1018 2156 volunt,
1050 2114 1241 2156 sancimus,
1273 2117 1315 2148 ut
1346 2113 1523 2159 siquidem
1554 2117 1709 2164 utraque
1734 2123 1829 2158 pars
1861 2110 2061 2147 consentiat
2089 2121 2168 2146 eum
2189 2110 2263 2162 ‘qui
2292 2111 2472 2149 mediator

250 2160 340 2206 ipsis
367 2159 486 2204 fuerit
509 2158 747 2194 testimonium
778 2157 928 2194 reddere
954 2169 1079 2194 eorum
1110 2169 1205 2204 quae
1227 2157 1272 2193 ab
1296 2159 1377 2205 ipso
1402 2158 1499 2194 dicta
1522 2158 1606 2200 sint,
1637 2157 1699 2193 ille
1722 2158 1829 2193 etiam
1860 2156 1994 2192 invitus
2018 2156 2255 2192 testimomum
2283 2155 2471 2202 perhibere

250 2208 424 2251 coqatur:
461 2214 541 2239 cum
572 2202 862 2250 impedimentum
881 2208 1041 2285 propter
1069 2203 1169 2250 quod
1197 2203 1345 2239 invitum
1376 2214 1456 2239 eum
1488 2202 1726 2238 testimonium
1749 2202 1868 2238 dicere
1894 2202 2000 2248 prior
2024 2200 2236 2237 lemnostra
2259 2201 2388 2238 noluit
2398 2212 2472 2249 per

250 2260 460 2286 consensum
484 2249 672 2294 utriusque
723 2248 815 2284 artis
836 2259 879 2284 su
903 2249 1016 2285 latum
1038 2249 1096 2284 sit.

383 2294 446 2329 IX.
496 2294 658 2330 Ceterum
708 2304 750 2329 oc
772 2304 917 2340 quoque
944 2305 1054 2347 saepe
1080 2294 1167 2340 fieri
1194 2293 1337 2336 scimus,
1367 2298 1409 2329 ut
1430 2292 1579 2340 quidam
1610 2292 1667 2328 vel
1693 2291 1743 2327 ad
1772 2291 1936 2327 locorum
1959 2290 2172 2336 defensores
2198 2289 2256 2327 vel
2275 2290 2325 2326 ad
2345 2291 2471 2328 claris-

239 2341 360 2376 ·simos
378 2339 650 2386 provinciarum
668 2338 860 2385 praesides
887 2339 944 2375 vel
965 2343 1072 2376 ettam
1095 2338 1153 2374 hic
1184 2342 1225 2374 ut
1245 2349 1318 2386 par
1348 2342 1405 2374 est
1426 2338 1476 2373 ad
1498 2337 1737 2373 clarissimum
1759 2336 1972 2383 maqistrum
2002 2346 2130 2372 census
2160 2334 2334 2372 adeuntes
2362 2347 2471 2384 seque

250 2385 295 2421 ab
316 2385 442 2431 aliquo
467 2384 583 2430 iniqui
606 2384 746 2430 aliquid
759 2395 833 2436 per
861 2395 958 2420 essos
981 2384 1038 2421 vel
1059 2384 1166 2420 aliter
1188 2384 1325 2419 inim-ia
1348 2383 1404 2420 vel
1425 2383 1556 2419 damno
1581 2383 1736 2428 affectos
1758 2392 1836 2418 esse
1865 2385 2054 2427 querentes
2077 2385 2183 2416 testes
2203 2380 2315 2417 velint
2327 2381 2470 2428 produ-

251 2442 351 2466 cere:
389 2434 497 2481 atque
519 2441 565 2465 ne
580 2435 715 2476 postea
739 2429 784 2464 iis
808 2440 830 2465 ο
853 2430 986 2465 iciatur
1008 2441 1083 2465 una
1106 2429 1220 2464 solum
1242 2433 1352 2475 parte
1373 2432 1564 2475 praesente
1586 2439 1681 2474 quae
1702 2431 1786 2463 acta
1808 2429 1893 2462 sunt
1910 2426 2068 2479 probata
2090 2436 2177 2468 esse,
2203 2429 2349 2472 oportet
2368 2422 2470 2462 illum

250 2486 394 2522 quoque
427 2486 465 2509 ιη
494 2474 577 2521 ipsa
609 2475 752 2510 civitate
780 2474 966 2521 deqentem
997 2475 1059 2511 ubi
1092 2474 1295 2511 testimonia
1326 2474 1471 2517 dantur,
1504 2473 1725 2509 admonitum
1747 2483 1771 2507 a
1788 2470 1962 2518 praesule
1989 2470 2045 2507 vel
2065 2469 2259 2516 defensore
2289 2470 2414 2508 adesse
2435 2474 2471 2508 et

252 2520 454 2556 testimonia
477 2519 615 2554 audire.
662 2518 703 2554 Si
725 2530 810 2555 vero
834 2520 995 2556 noluerit
1017 2519 1154 2561 adesse,
1178 2519 1244 2555 sed
1264 2519 1454 2566 respuerit,
1479 2520 1532 2554 ita
1555 2522 1596 2554 ut
1618 2529 1668 2554 ex
1686 2528 1728 2553 eo
1751 2517 1832 2564 ipso
1857 2516 1956 2563 quod
1977 2527 2051 2552 una
2075 2518 2212 2569 tantum
2233 2520 2341 2563 parte
2388 2526 2470 2552 rae-

250 2570 350 2601 sente
379 2565 509 2600 dentur
542 2564 743 2600 testimonia
767 2565 911 2601 inutilia
933 2565 1015 2608 sint,
1045 2565 1245 2607 sancimus,
1276 2570 1318 2600 ut
1347 2563 1522 2600 eiusmodi
1554 2563 1756 2599 testimonia
1785 2562 1838 2598 ita
1861 2561 2006 2597 valeant
2035 2564 2144 2607 atque
2171 2571 2203 2596 si
2234 2571 2306 2596 non
2328 2572 2352 2597 a
2396 2572 2471 2597 una

248 2616 356 2656 parte
379 2613 498 2645 essent
520 2609 629 2651 dicta,
660 2608 725 2644 sed
746 2610 827 2656 ipso
859 2621 1003 2657 quoque
1029 2614 1226 2657 praesente
1257 2609 1345 2645 data
1366 2609 1535 2655 fuissent.
1582 2607 1679 2643 Nam
1701 2608 1734 2643 si
1757 2606 1978 2643 recusaverit
2005 2610 2040 2642 et
2062 2606 2183 2642 venire
2213 2610 2322 2652 atque
2343 2605 2471 2643 audire

320 2704 335 2735 1
363 2698 489 2743 νόμον]
520 2701 595 2734 Cod.
616 2701 647 2741 4,
665 2707 760 2737 20,16
785 2701 840 2744 (cf.
862 2701 908 2741 19)
937 2698 951 2744 ΙΙ
979 2702 1039 2732 καὶ
1063 2713 1120 2734 om.
1142 2712 1162 2737 ς
1189 2700 1202 2744 ΙΙ
1231 2702 1251 2734 2
1277 2696 1329 2732 ὃν

251 2746 329 2780 κῶν
353 2758 411 2779 om.
435 2744 588 2779 Nomocfl
613 2745 625 2788 ΙΙ
653 2746 672 2778 3
693 2741 785 2786 ὅσοι]
810 2745 870 2799 qui
893 2748 970 2777 ante
994 2757 1014 2781 ς
1031 2746 1043 2788 ΙΙ
1069 2747 1090 2778 4
1114 2743 1246 2787 τούτῳ]
1270 2745 1329 2777 καὶ

251 2789 369 2833 τούτῳ
397 2791 446 2823 L⁶
475 2789 486 2832 ΙΙ
513 2791 534 2823 6
557 2789 610 2822 τῶ
634 2792 760 2832 μεσίτη
790 2790 914 2823 αυτῶν
943 2792 1126 2835 γενομένω
1149 2789 1329 2834 μαρτυρῆ-

252 2847 313 2870 σαι
328 2837 383 2876 Μ]
409 2835 461 2868 τῶ
480 2837 610 2877 ,μεσίτη
636 2830 758 2867 αὐτῶν
781 2836 962 2880 γενομένω
987 2832 1238 2876 πειθήσεσθαι
1260 2835 1328 2868 Νο-

254 2881 377 2915 mamam
402 2878 467 2913 τὸν
481 2882 631 2922 μεσίτην
651 2875 772 2912 αὐτῶν
789 2876 982 2924 γινόμενον
1001 2879 1243 2924 μαρτυρῆσαι·
1269 2876 1329 2923 ἆρ-

252 2924 470 2968 κεσθήσεται
491 2923 561 2970 γὰρ
580 2926 608 2957 L
633 2923 700 2956 τὸν
716 2927 866 2966 μεσίτην
887 2920 1007 2956 αὐτῶν
1025 2922 1222 2969 γενόμενον
1242 2936 1329 2967 μαρ-

253 2971 404 3016 τυρῆσαι
419 2971 624 3014 (μαρτυρεῖν
637 2969 710 3010 Βθ),
735 2971 794 3001 καὶ
811 2965 1109 3013 ἀρκεσθήσεσθαι
1124 2966 1329 3011 (θήσεσθαι

255 3019 368 3051 omz‘sso
393 3017 452 3048 καὶ
469 3015 517 3048 B⁸
535 3027 563 3047 v.
579 3015 612 3055 l.)
638 3014 708 3054 B‘l,
734 3026 801 3047 cum
825 3014 1019 3046 Haloandro
1037 3015 1125 3057 vulq.
1150 3014 1239 3055 quod
1262 3025 1328 3046 me-

255 3063 362 3095 diator
387 3071 500 3093 eorum
529 3059 586 3092 fiat
610 3059 817 3092 testificator:
857 3062 1097 3101 componantur
1121 3061 1209 3091 enim
1241 3060 1274 3099 (ἰ.
1301 3071 1326 3092 e.

254 3104 511 3150 συνθήσεσθαι
525 3105 595 3150 γὰρ
604 3104 633 3146 ’.7)
650 3115 669 3140 ς
692 3104 764 3144 (καὶ
788 3103 837 3149 φῇ
862 3102 1109 3137 συντίθεσθαι
1128 3117 1166 3136 ex
1182 3104 1329 3147 Epitome

255 3155 300 3186 ad
321 3152 499 3185 Prochiron
519 3157 640 3183 mutata
661 3150 762 3191 2'I‚56
786 3151 866 3181 citat
884 3149 1083 3189 Zachariae)
1109 3148 1121 3190 ΙΙ
1146 3151 1163 3181 ’7
1186 3150 1328 3194 γενομέ-

253 3207 327 3232 νοις
340 3198 371 3230 L
389 3195 402 3240 11
419 3197 439 3230 8
453 3193 520 3237 τὴν
541 3208 599 3228 om.
614 3194 665 3228 B!
683 3193 695 3239 ΙΙ
721 3196 760 3228 10
774 3190 942 3236 ἐβούλετο
960 3194 1007 3226 Β*
1024 3194 1036 3236 ΙΙ
1058 3195 1095 3227 13
1109 3193 1187 3227 τῶν
1203 3207 1260 3227 om.
1276 3194 1307 3226 L
1319 3192 1330 3236 11

258 3245 299 3277 14
321 3241 344 3285 ἢ
367 3243 438 3282 καὶ]
463 3241 521 3273 καὶ
546 3253 603 3273 om.
622 3240 670 3273 Β·
686 3252 714 3273 υ.
730 3240 749 3272 ἰ.
768 3238 780 3282 ΙΙ
808 3240 847 3273 18
871 3235 1066 3282 βούλονται
1090 3236 1268 3282 μάρτυρας
1281 3238 1330 3271 Β’

254 3291 353 3322 testes
376 3286 524 3319 volentes
548 3297 568 3322 ς
585 3284 598 3329 ΙΙ
613 3283 868 3328 παρίστασθαι
885 3285 931 3316 B=
948 3296 976 3316 υ.
987 3284 1007 3315 ί.
1024 3284 1036 3325 l]
1063 3285 1105 3317 20
1124 3280 1199 3316 δεῖν
1218 3284 1261 3337 L3
1286 3283 1331 3315 Β*

254 3347 283 3368 υ.
300 3335 317 3366 Ι.
345 3332 358 3377 ΙΙ
386 3333 428 3366 28
454 3328 648 3375 ἐτύγχανον
670 3323 788 3370 οὖσαι]
813 3327 1049 3374 τυγχάνουσαι
1067 3329 1115 3361 B·
1127 3341 1156 3361 υ.
1169 3329 1187 3361 l.
1206 3328 1219 3371 ΙΙ
1243 3325 1330 3360 αλλὰ

255 3380 326 3418 καὶ]
364 3372 443 3410 ἀλλ’
473 3371 520 3409 ὥς
542 3377 601 3408 καὶ
626 3374 673 3408 L²
707 3374 763 3407 sed
786 3377 953 3415 tamquam
977 3385 996 3409 ς
1020 3372 1033 3416 [Ι
1062 3375 1103 3407 29
1128 3371 1330 3418 *παραιτή-

256 3435 355 3457 σοιτο
381 3424 457 3456 libri

303 3515 318 3546 1
337 3510 568 3554 proposuimus
590 3510 717 3553 Tvulq.
732 3508 745 3552 ΙΙ
763 3511 804 3543 ut
823 3522 880 3542 om.
895 3509 981 3551 vulq.
999 3508 1012 3551 ΙΙ
1038 3509 1058 3541 2
1074 3507 1143 3540 illis
1159 3518 1226 3540 non
1242 3517 1329 3540 com-

256 3557 416 3600 pellendis
433 3557 522 3589 Beck
542 3556 554 3598 Ι]
577 3557 596 3589 3
622 3555 688 3597 ipsi
710 3554 761 3587 V³
779 3553 828 3598 114
847 3554 927 3587 haec
952 3554 1005 3597 Vl]
1024 3556 1042 3587 5
1064 3553 1153 3595 quod
1175 3553 1217 3594 V]
1242 3553 1330 3594 quod

258 3606 290 3634 et
306 3602 468 3643 RTvulq.
487 3602 499 3643 ΙΙ
515 3602 535 3635 6
555 3611 592 3633 ea
613 3600 669 3643 Vll
686 3602 704 3633 ‘l
724 3599 893 3632 ducuntur
914 3599 964 3632 V²
982 3599 993 3640 11
1010 3602 1042 3630 et
1060 3598 1147 3632 RV¹
1160 3598 1204 3639 T]
1231 3598 1330 3631 etiam

266 3647 316 3680 V³
327 3648 411 3690 vuly.
430 3646 442 3689 ΙΙ
460 3645 639 3678 nollentem
662 3645 717 3687 Vl]
735 3645 754 3678 8
778 3644 1111 3688 prohibitionedess
1139 3645 1159 3677 9
1185 3643 1328 3686 *primi-

257 3693 323 3736 tus]
348 3691 481 3738 penitus
505 3692 582 3724 libri
598 3690 610 3738 ΙΙ
627 3690 736 3723 uoluit
752 3690 811 3732 ΕΙ,
827 3690 877 3723 T³
889 3691 922 3724 in
935 3702 1048 3733 mar-q„
1060 3690 1146 3733 vulq.
1164 3687 1176 3732 ΙΙ
1194 3689 1246 3722 lex
1270 3699 1328 3721 no-

1395 2699 1463 2732 luit
1488 2698 1545 2742 ΤΙΙ
1564 2700 1605 2733 10
1628 2697 1734 2741 patris
1754 2697 1803 2731 V¹
1818 2695 1831 2741 ΙΙ
1859 2698 1900 2731 12
1925 2698 1970 2729 At
1990 2695 2039 2731 V¹
2057 2695 2070 2740 ΙΙ
2086 2695 2161 2729 Ηοο
2185 2705 2316 2739 quoque
2339 2696 2470 2739 saepius

1394 2743 1590 2786 agnovimns
1606 2745 1680 2787 (leq.
1696 2743 1752 2784 agi
1770 2741 1944 2783 novimus),
1969 2741 2126 2783 quoniam
2147 2740 2280 2783 quidam
2301 2739 2437 2784 Greqor.
2457 2739 2470 2786 ΙΙ

1395 2789 1497 2822 simus
1514 2789 1567 2822 Τα
1590 2788 1757 2821 sancimus
1778 2787 1828 2820 V¹
1847 2787 1860 2831 ΙΙ
1875 2786 1964 2829 quod
1980 2785 2115 2827 quidam
2128 2786 2228 2829 only]
2244 2784 2376 2827 quidem
2394 2785 2468 2828 qni·

1395 2835 1468 2867 dam
1486 2834 1518 2867 T
1537 2833 1671 2876 quidam
1688 2832 1788 2874 (idem
1803 2844 1829 2864 ε.
1842 2844 1873 2864 υ.
1897 2831 1955 2873 V2)
1978 2830 2111 2872 quidam
2133 2830 2184 2863 V¹
2207 2829 2342 2872 quidam
2355 2828 2470 2875 RV’.

1398 2881 1440 2914 14
1463 2878 1560 2921 forte]
1593 2879 1691 2911 etiam
1720 2877 1856 2920 Greqor.
1884 2876 1899 2921 Ι]
1929 2877 1969 2910 15
1993 2874 2216 2915 ingredientes
2238 2876 2271 2907 et
2293 2877 2470 2918 querentes

1400 2925 1537 2968 (ἕτερον.
1566 2923 1578 2966 ΙΙ
1609 2924 1650 2956 16
1675 2924 1881 2964 quaeruntur
1905 2921 2010 2954 RVT
2032 2919 2045 2963 ΙΙ
2074 2919 2115 2952 ab
2139 2918 2206 2952 alio
2229 2919 2318 2964 passi
2340 2919 2469 2962 aliquid

1400 2969 1537 3012 Greqor.
1556 2967 1569 3013 ΙΙ
1588 2970 1626 3002 17
1641 2967 1733 3008 laesi]
1751 2966 1952 2999 iniustitiam
1964 2965 2164 2998 sustinentes
2180 2964 2316 3008 (ἕτερον.
2328 2963 2341 3010 ΙΙ
2359 2966 2400 3000 18
2411 2975 2469 2998 vo-

1395 3014 1472 3047 lunt
1488 3013 1624 3057 Greqor.
1641 3012 1654 3056 ΙΙ
1680 3014 1712 3044 et
1729 3012 1806 3044 add.
1821 3011 1915 3044 Beck
1935 3011 1947 3052 ΙΙ
1973 3013 2006 3042 et
2022 3012 2061 3042 ut
2076 3019 2144 3043 non
2158 3028 2202 3033 —
2217 3011 2257 3044 19
2272 3012 2364 3052 gesta
2378 3011 2468 3052 suut]

1396 3062 1429 3091 et
1452 3068 1493 3091 ne
1514 3059 1629 3100 postea
1651 3056 1818 3089 obiciatur
1841 3055 1887 3088 eis
1910 3056 1989 3096 quia
2012 3065 2071 3097 per
2094 3064 2193 3087 unam
2226 3057 2352 3098 partem
2376 3057 2471 3097 gesta

1396 3103 1546 3137 confecta
1557 3105 1636 3135 sunt
1653 3101 1790 3144 (ἕτερον.
1806 3100 1819 3178 ῃ
1839 3102 1879 3135 19
1893 3098 1952 3142 qui
1966 3098 2030 3143 Rq
2051 3102 2143 3140 gesta
2156 3100 2225 3132 sint
2237 3099 2323 3133 R¹T
2340 3102 2470 3142 gestum

1396 3148 1440 3182 sit
1453 3148 1501 3181 R²
1516 3147 1529 3191 ΙΙ
1547 3149 1590 3181 20
1603 3149 1636 3179 et
1649 3159 1705 3180 om.
1719 3146 1751 3179 T
1763 3145 1776 3188 ΙΙ
1791 3145 1805 3177 i
1820 3145 1902 3186 lum]
1917 3144 1977 3177 illo
1989 3144 2023 3177 R
2065 3144 2110 3177 T¹
2129 3143 2141 3188 ΙΙ
2157 3147 2206 3186 ea]
2226 3144 2298 3187 ipsa
2309 3143 2471 3191 Cremu-‚fl

1397 3193 1579 3226 constituto
1603 3190 1735 3225 RVT¹
1762 3190 1774 3234 ΙΙ
1802 3190 1861 3223 ubi
1884 3189 2074 3223 testimonia
2097 3188 2230 3231 dantur,
2262 3189 2466 3223 admonitum

1396 3238 1539 3270 iudicem
1563 3239 1622 3269 aut
1645 3236 1845 3268 defensorem
1872 3235 2007 3278 Greyor.
2032 3234 2043 3277 ΙΙ
2071 3235 2109 3268 21
2137 3237 2167 3276 a]
2191 3234 2233 3268 ad
2253 3234 2335 3279 ΙΤἸΙ
2356 3234 2468 3269 defen-

1396 3293 1502 3316 sorem
1526 3282 1634 3315 R¹T⁶
1666 3292 1686 3313 a
1709 3280 1878 3313 defensore
1899 3280 2024 3323 Vvuly.
2044 3278 2057 3323 ΙΙ
2080 3282 2283 3322 praesentem
2307 3281 2386 3322 esse]
2409 3278 2467 3313 ad·

1397 3327 1509 3361 venire
1537 3327 1673 3370 (ἕτερον.
1692 3329 1705 3370 ΙΙ
1725 3327 1768 3360 22
1791 3325 2004 3358 atestationes
2024 3325 2088 3358 VT
2106 3327 2204 3358 testes
2220 3325 2355 3369 ἅτερον.
2371 3325 2384 3368 ΙΙ
2406 3334 2468 3358 no·

1395 3373 1473 3406 lunt
1493 3372 1547 3413 Vl!
1567 3373 1608 3406 23
1622 3373 1783 3414 respuunt
1797 3371 1829 3404 T
1834 3369 1845 3390 ¹
1869 3370 1996 3414 respuit
2011 3370 2045 3403 V
2057 3370 2292 3414 contempserit
2308 3368 2468 3414 Gnyonss

1397 3419 1446 3459 ut]
1471 3427 1514 3449 u·
1538 3417 1583 3450 V¹
1601 3416 1613 3460 ΙΙ
1631 3419 1670 3449 ut
1690 3426 1728 3449 ex
1749 3426 1817 3448 una
1836 3418 1930 3459 parte
1947 3415 2135 3448 testimonia
2151 3415 2307 3448 adversus
2325 3425 2398 3448 enm
2414 3413 2467 3447 in-

1397 3462 1496 3495 utilia
1517 3462 1585 3494 sint
1605 3460 1769 3505 Greqor.]]
1789 3462 1832 3495 24
1852 3460 1950 3493 utilia
1967 3460 2017 3493 R²
2032 3459 2044 3504 11
2063 3462 2105 3495 25
2130 3471 2197 3494 esse
2219 3459 2341 3502 R¹V¹1
2363 3460 2468 3492 essent

1397 3507 1446 3540 132
1456 3507 1636 3551 V³Tvulq.
1655 3506 1668 3550 ΙΙ
1683 3506 1856 3540 testatione
1875 3505 1921 3538 R²
1945 3506 2137 3538 testimonia
2159 3505 2296 3550 Greyor.
2315 3504 2465 3545 utensi-e]

1397 3552 1504 3585 valere
1522 3552 1659 3595 Greqor.
1679 3551 1692 3595 ΙΙ
1707 3553 1756 3593 ao]
1774 3553 1834 3584 hac
1851 3550 1901 3584 1⁷¹
1920 3554 2088 3593 tamquam
2104 3551 2240 3594 (ἕτερον.
2259 3549 2272 3593 Ι
2287 3550 2331 3585 26
2343 3547 2466 3582 eonati-

1395 3601 1487 3631 tutae
1501 3616 1542 3621 —
1557 3598 1598 3630 27
1612 3598 1716 3630 sactae
1733 3597 1813 3638 siut]
1838 3597 2067 3637 consisterent,
2090 3596 2146 3628 sed
2163 3596 2260 3629 etiam
2284 3595 2356 3638 ipso
2370 3602 2465 3636 prae·

1396 3646 1488 3677 sente
1513 3642 1653 3675 fuissent
1677 3642 1764 3675 faeta
1790 3643 1925 3684 Greyor.
1945 3640 2051 3686 nsunt
2078 3640 2153 3684 [3¹1]
2175 3640 2218 3674 27
2242 3637 2464 3683 repudiaverit

1396 3691 1429 3722 et
1448 3687 1561 3721 venire
1584 3688 1720 3730 Greyor.

2562 3602 2592 3653 ῥ’,

2567 3659 2579 3676 Γ.

2579 3676 2582 3686 ι

2549 3678 2592 3840 ἓ

2587 3748 2589 3755 ι
