2592 3840
216 76 322 121 Nov.
353 77 414 121 XI
1285 68 1340 116 94
1707 82 1767 113 mi
1794 82 2062 114 vamsons
2091 82 2431 117 Ancnmrmcom

308 303 359 352 R
391 304 483 352 DE
519 297 930 352 PRIVILEGIIS
966 226 1484 347 ARCHIEPIZICOPI
1519 293 1774 344 PRIMAE
1809 293 2255 346 IUSTINIANAE
2284 297 2346 347 R.

615 389 712 424 Idem
735 388 778 424 A.
804 386 997 423 Catelliano
1020 385 1096 421 viro
1117 384 1323 421 beatissimo
1347 384 1615 431 archiepiscopo
1639 382 1780 418 Primae
1798 381 2027 419 Iustinianae.

354 457 479 493 Multis
503 460 539 493 et
563 456 666 491 variis
689 456 803 491 modis
828 458 984 490 nostram
1009 451 1160 498 patriam
1184 461 1315 496 augere
1336 451 1528 497 cupientes,
1552 452 1590 486 in
1615 460 1684 495 qua
1704 449 1819 495 prima
1838 449 1925 487 deus
1945 450 2125 496 praestitit
2142 451 2246 488 nobis
2268 451 2316 488 ad
2338 451 2434 500 hunc

221 502 387 538 mundum
413 514 514 546 quem
538 502 613 546 ipse
638 501 795 536 condidit
817 499 945 541 venire,
970 502 1006 534 et
1029 497 1125 533 circa
1145 497 1400 539 sacerdotalem
1425 506 1612 532 censuram
1630 505 1714 538 ⁴eam
1737 494 1900 531 volumus
1922 496 2084 532 maximis
2107 496 2334 533 incrementis
2358 507 2434 544 am-

220 547 348 592 pliare:
386 553 424 582 ut
448 547 583 582 Primae
604 546 819 580 Iustinianae
841 543 977 590 patriae
1000 544 1145 578 nostrae
1168 552 1233 586 pro
1258 544 1327 577 tem
1355 552 1417 577 ore
1441 542 1692 577 sacrosanctus
1720 539 1870 576 antistes
1894 551 1965 577 non
1990 543 2105 578 solum
2128 545 2240 578 metro
2268 542 2433 586 omanus,
2479 546 2500 579 5
2548 563 2554 570 .‚

220 592 283 627 sed
307 593 412 627 etiam
435 591 723 635 archiepiscopus
746 590 830 631 fiat,
863 591 899 623 et
923 592 1042 624 certae
1061 586 1262 632 provinciae
1285 597 1328 622 su
1377 586 1454 622 eius
1478 586 1550 622 sint
1572 585 1805 628 auctoritate,
1835 585 1874 621 id
1895 588 1952 622 est
1974 589 2047 623 tam
2070 587 2150 634 ipsa
2176 598 2213 623 m
2259 587 2434 630 'terranea

221 637 333 672 Dacia
364 648 468 681 quam
493 637 603 671 Dacia
635 635 784 679 ripensis
807 644 873 669 nec
895 644 968 668 non
991 632 1108 678 Mysia
1130 631 1245 676 prima
1267 635 1304 667 et
1327 631 1512 666 Dardania
1535 634 1572 666 et
1591 629 1839 666 Praevalitana
1865 631 2048 676 provincia
2071 635 2107 668 et
2128 632 2287 668 secunda
2308 632 2432 669 Mace·

176 685 195 718 1
221 682 327 717 donia
350 686 386 717 et
410 693 491 726 pars
516 680 691 716 secundae
715 679 938 722 Pannoniae,
971 687 1063 722 quae
1085 677 1122 712 in
1145 677 1298 712 Bacensi
1323 679 1378 712 est
1402 676 1553 711 civitate.
1602 675 1691 711 Cum
1713 675 1806 711 enim
1828 675 1867 711 in
1889 677 2045 722 antiquis
2072 677 2291 723 temporibus
2315 677 2435 715 Sirmii

222 727 447 772 praefectura
470 727 586 761 fuerat
611 725 824 767 constituta,
855 724 974 768 ibique
997 732 1101 758 omne
1124 721 1243 757 fuerat
1266 721 1397 766 Illyrici
1424 720 1604 765 fastigium
1627 724 1702 756 tam
1723 720 1762 756 in
1785 720 1947 758 civilibus
1971 732 2078 767 quam
2106 722 2144 758 in
2167 722 2432 777 episcopalibus

222 772 347 815 causis,
369 775 492 816 postea
508 775 625 806 autem
638 769 804 805 Attilanis
827 768 1050 813 temporibus
1065 767 1222 802 eiusdem
1245 767 1333 802 locis
1358 766 1549 802 devastatis
1563 765 1795 811 Apraeemius
1818 765 2022 812 praefectus
2043 771 2225 813 praetorio
2250 767 2294 804 de
2310 767 2432 806 Sirmi-
2459 771 2500 805 10

220 820 305 852 tana
329 817 468 852 civitate
490 816 526 850 in
551 815 843 850 Thessalonicam
874 814 1047 859 profugus
1070 813 1233 855 venerat,
1267 815 1353 847 tunc
1383 811 1498 856 ipsam
1554 810 1792 847 raefecturam
1820 815 1856 846 et
1885 812 2118 849 sacerdotalis
2148 812 2264 850 honor
2287 816 2433 857 secutus

220 865 290 905 est,
323 866 358 896 et
382 860 705 896 Thessalonicensis
729 860 919 905 episcopus
943 868 1015 893 non
1040 867 1106 892 sua
1130 856 1364 900 auctoritate,
1397 856 1460 892 sed
1484 822 1552 892 sug
1575 855 1702 892 umbra
1732 856 1980 902 praefecturae
2002 858 2131 894 meruit
2153 858 2307 904 aliquam
2329 868 2433 904 prae·

222 907 422 951 rogativam.
471 906 558 940 Cum
580 905 686 948 igitur
708 905 745 939 in
775 904 955 950 praesenti
980 903 1044 938 deo
1068 905 1215 938 auctore
1239 902 1290 938 ita
1321 904 1446 937 nostra
1477 911 1534 937 res
1561 901 1681 937 ublica
1703 904 1810 938 aucta
1833 906 1904 945 est,
1936 904 1978 938 ut
2000 905 2153 949 utraque
2174 903 2255 949 ripa
2278 902 2433 940 Danubii

219 952 288 986 iam
312 951 441 986 nostris
467 950 666 986 civitatibus
689 949 985 995 frequentaretur,
1006 950 1043 983 et
1064 951 1137 982 tam
1152 947 1388 983 Viminacium
1412 956 1518 992 quam
1569 946 1706 983 ecidiva
1729 949 1767 983 et
1788 947 1978 992 Litterata,
1998 958 2088 994 quae
2110 950 2210 985 trans
2227 947 2433 985 Danubium

218 1000 317 1038 sunt,
343 1000 485 1031 nostrae
508 995 635 1030 iterum
660 994 789 1030 dicioni
814 997 987 1031 subactae
1014 993 1101 1036 sint,
1127 993 1369 1028 necessarium
1394 992 1559 1044 duximus
1582 991 1697 1038 ipsam
1719 992 2012 1038 gloriosissimam
2033 992 2316 1039 praefecturam,
2364 1003 2433 1031 uae
2459 996 2498 1030 15

218 1042 254 1075 in
278 1041 461 1075 Pannonia
484 1041 601 1075 fuerat
625 1041 839 1082 constituta,
871 1040 969 1075 iuxta
993 1037 1214 1074 Pannoniam
1237 1038 1277 1073 in
1298 1039 1423 1073 nostra
1447 1036 1656 1073 felicissima
1684 1037 1803 1083 patria
1834 1037 2028 1082 collocare,
2060 1049 2142 1074 cum
2171 1038 2260 1076 nihil
2315 1038 2352 1078 ui
2377 1048 2434 1082 em

218 1086 333 1129 magni
356 1086 463 1120 distat
486 1095 507 1119 a
531 1085 644 1120 Dacia
668 1085 924 1120 mediterranea
952 1083 1110 1120 secunda
1133 1082 1336 1126 Pannonia,
1368 1082 1487 1119 multis
1518 1084 1639 1118 autem
1670 1082 1796 1133 spatiis
1819 1086 2008 1129 separatur
2036 1083 2154 1129 prima
2176 1083 2239 1120 Ma
2306 1084 2434 1131 onina

173 1131 197 1167 3
220 1131 401 1166 Pannonia
425 1131 593 1165 secunda.
640 1130 690 1165 Et
713 1130 795 1175 quia
818 1130 976 1165 homines
1001 1138 1139 1173 semper
1167 1127 1303 1163 bellicis
1332 1127 1522 1164 sudoribus
1550 1128 1776 1164 inhaerentes
1806 1139 1881 1165 non
1912 1130 1989 1164 erat
2018 1129 2106 1165 utile
2136 1129 2354 1176 reipublicae
2385 1128 2434 1166 ad

217 1176 362 1221 primam
387 1175 633 1211 Macedoniam
657 1186 721 1219 per
743 1179 797 1211 tot
821 1175 937 1220 spatia
959 1177 1149 1219 tantasque
1173 1172 1404 1209 difficultates
1428 1173 1565 1218 venire,
1597 1173 1676 1209 ideo
1704 1174 1946 1211 necessarium
1976 1174 2080 1211 nobis
2103 1174 2218 1211 visum
2239 1178 2296 1211 est
2317 1169 2433 1221 ipsam
2551 1214 2554 1216 v

217 1221 475 1266 praefecturam
499 1220 545 1255 ad
568 1220 771 1265 superiores
794 1224 915 1265 partes
939 1219 1091 1262 trahere,
1116 1222 1152 1254 et
1174 1218 1274 1253 iuxta
1298 1228 1375 1254 eam
1398 1218 1603 1263 provinciae
1622 1219 1837 1255 constitutae
1858 1218 2001 1255 facilius
2021 1220 2179 1255 sentiant
2200 1218 2298 1256 illius
2320 1219 2431 1257 medi·
2455 1220 2498 1253 20
2546 1260 2547 1266 ἵ

171 1266 194 1301 4
219 1266 342 1301 cinam.
391 1266 439 1300 Et
461 1265 539 1301 ideo
567 1270 630 1300 tua
660 1266 841 1301 beatitudo
877 1269 912 1300 et
941 1274 1063 1300 omnes
1094 1263 1277 1309 praefatae
1302 1263 1443 1299 Primae
1465 1263 1685 1300 Iustinianae
1716 1265 1936 1305 sacrosancti
1969 1260 2146 1302 antistites
2171 1263 2434 1318 archiepiscopi
2554 1276 2559 1287 ’

216 1312 371 1347 habeant
394 1311 673 1355 praerogativam
707 1316 742 1346 et
771 1321 908 1346 omnem
931 1310 1112 1345 licentiam
1137 1319 1238 1345 suam
1264 1308 1514 1344 auctoritatem
1538 1309 1587 1345 eis
1610 1309 1791 1356 impertire
1821 1313 1857 1345 et
1887 1320 1949 1346 eos
1978 1309 2161 1354 ordinare,
2193 1313 2230 1346 et
2257 1309 2298 1346 in
2319 1319 2431 1355 omni-

217 1357 282 1392 bus
307 1356 519 1401 supradictis
543 1356 734 1400 provinciis
758 1356 907 1401 primum
930 1355 1119 1396 honorem,
1144 1354 1291 1400 primam
1316 1353 1539 1400 dignitatem,
1564 1364 1739 1400 summum
1762 1355 2011 1399 sacerdotium,
2035 1365 2211 1391 summum
2232 1354 2430 1401 fastigium:

216 1406 256 1436 ut
278 1411 299 1436 a
322 1405 386 1436 tua
413 1401 495 1436 sede
519 1405 682 1436 creentur
705 1405 741 1436 et
763 1406 799 1436 te
822 1401 938 1437 solum
961 1400 1267 1446 archiepiscopum
1290 1399 1463 1443 habeant,
1494 1399 1594 1436 nulla
1618 1399 1864 1436 communione
1891 1399 2061 1436 adversus
2083 1401 2162 1447 <eos
2203 1396 2431 1437 Thessaloni-

216 1446 313 1481 censi
336 1447 502 1491 episcopo
522 1447 710 1490 servanda;
735 1446 798 1482 sed
814 1450 854 1481 tu
876 1446 954 1491 ipse
978 1450 1014 1481 et
1037 1455 1157 1481 omnes
1174 1444 1315 1480 Primae
1333 1444 1552 1488 Iustinianae
1574 1444 1752 1481 antistites
1776 1445 1848 1481 sint
1867 1446 1917 1481 eis
1935 1445 2072 1482 iudices
2096 1447 2133 1482 et
2181 1445 2191 1454 '
2212 1445 2429 1493 captatores:
2454 1445 2498 1478 25

216 1491 382 1536 quicquid
405 1492 539 1526 oriatur
569 1491 662 1527 inter
686 1502 745 1527 eos
770 1491 976 1534 discrimen,
1011 1491 1080 1536 ipsi
1110 1490 1179 1526 hoc
1211 1489 1379 1525 dirimant
1407 1493 1443 1526 et
1475 1489 1582 1538 finem
1610 1489 1645 1526 ei
1671 1489 1720 1526 im
1746 1494 1856 1526 ouant
1879 1494 1916 1526 et
1941 1500 2003 1527 eos
2035 1490 2218 1534 ordinent,
2247 1500 2362 1537 neque
2384 1490 2432 1526 ad

216 1537 323 1572 alium
346 1538 518 1581 quendam
546 1540 662 1579 eatur,
694 1537 757 1572 sed
781 1547 884 1572 suum
909 1539 1125 1581 cognoscant
1148 1535 1455 1581 archiepiscopum
1479 1545 1600 1572 omnes
1630 1545 1717 1582 prae
1741 1535 1835 1572 ictae
1862 1536 2083 1582 provinciae,
2116 1538 2152 1571 et
2175 1535 2251 1572 eius
2275 1535 2433 1578 sentiant

217 1582 449 1623 creationem,
486 1586 522 1617 et
556 1582 610 1617 vel
640 1592 705 1627 per
737 1592 775 1617 se
804 1581 859 1616 vel
892 1591 957 1626 per
988 1591 1090 1617 suam
1119 1580 1369 1616 auctoritatem
1396 1581 1451 1616 vel
1483 1581 1632 1618 clericos
1662 1581 1853 1618 mittendos
1884 1580 2017 1617 habeat
2048 1592 2187 1626 omnem
2218 1584 2432 1635 potestatem

171 1627 194 1661 ὃ
219 1637 423 1671 omnemque
453 1627 707 1662 sacerdotalem
740 1636 926 1663 censuram
950 1630 985 1661 et
1014 1626 1205 1662 creationis
1235 1626 1427 1662 licentiam.
1474 1625 1544 1662 Sed
1573 1629 1609 1663 et
1639 1626 1677 1662 in
1698 1626 1829 1672 Aquis,
1862 1636 1954 1671 quae
1985 1629 2040 1671 est
2094 1626 2274 1663 rovinciae
2295 1624 2433 1670 Daciae

216 1672 384 1716 ripensis,
416 1672 571 1707 ordinari
594 1672 754 1708 volumus
787 1683 809 1707 a
839 1676 903 1707 tua
934 1672 1124 1707 sanctitate
1151 1682 1170 1706 e
1196 1671 1272 1707 isco
1300 1682 1377 1714 um,
1410 1673 1452 1707 ut
1482 1682 1555 1707 non
1585 1672 1623 1707 in
1645 1674 1835 1718 ,posterum
1867 1672 1934 1708 sub
1959 1671 2054 1708 Meri
2090 1682 2160 1708 ano
2186 1671 2356 1718 episcopo
2385 1671 2433 1709 sit
2455 1670 2497 1704 30

217 1717 426 1752 constituta:
453 1717 514 1752 sed
537 1716 755 1757 Meridianus
779 1717 918 1762 quidem
940 1718 1084 1752 maneat
1106 1716 1143 1751 in
1208 1682 1330 1760 eridIio,
1354 1717 1453 1752 nulla
1475 1717 1508 1752 ei
1532 1716 1779 1752 communione
1803 1728 1883 1753 cum
1900 1717 2013 1762 Aquis
2037 1716 2228 1762 servanda;
2251 1715 2430 1772 4qu‘ensis

215 1764 333 1797 autem
356 1763 543 1806 episcopus
567 1762 697 1797 habeat
719 1761 916 1807 praefatam
941 1762 1116 1797 civitatem
1141 1765 1177 1797 et
1199 1762 1318 1796 omnia
1343 1762 1419 1797 eius
1438 1763 1588 1798 castella
1606 1764 1641 1797 et
1657 1762 1837 1798 territoria
1858 1766 1894 1797 et
1910 1762 2091 1806 ecclesias,
2115 1765 2157 1798 ut
2177 1765 2294 1808 possit
2311 1760 2429 1807 Bono-

216 1807 392 1843 siacorum
416 1807 532 1842 scelus
555 1817 599 1843 ex
623 1817 666 1843 ea
690 1807 834 1844 civitate
857 1811 893 1843 et
916 1811 1011 1842 terra
1034 1807 1205 1852 repellere
1228 1807 1282 1843 vel
1305 1807 1342 1842 in
1367 1807 1602 1843 orthodoxam
1624 1807 1731 1843 fidem
1758 1807 2026 1847 transformare.

171 1852 195 1886 6
351 1852 400 1887 Ut
422 1852 529 1896 igitur
553 1852 644 1887 sciat
666 1852 847 1888 beatitudo
871 1856 934 1888 tua
957 1853 1070 1887 nostri
1093 1852 1246 1888 numinis
1271 1852 1558 1896 dispositionem,
1590 1852 1668 1888 ideo
1693 1856 1918 1898 praesentem
1947 1852 2061 1897 legem
2083 1852 2131 1888 ad
2161 1854 2260 1889 tuam
2282 1861 2430 1888 venera-

216 1897 321 1932 bilem
344 1897 462 1932 sedem
486 1897 759 1940 transmisimus,
791 1901 831 1932 ut
853 1898 891 1932 in
914 1901 1125 1943 perpetuum
1147 1898 1219 1932 tale
1241 1897 1452 1933 beneficium
1480 1898 1612 1933 habeat
1642 1898 1780 1943 patriae
1811 1900 1956 1934 nostrae
1985 1897 2137 1933 ecclesia
2163 1897 2202 1933 in
2232 1897 2290 1934 dei
2318 1897 2430 1933 omni-
2454 1897 2497 1930 35

173 1942 191 1975 7
215 1943 367 2020 Eotentis
390 1942 538 1986 glorIam
562 1945 598 1978 et
620 1943 733 1978 nostri
747 1942 909 1986 ,numinis
930 1942 1181 1987 sempiternam
1202 1942 1496 1978 recordationem.
1545 1942 1695 1987 Quando
1718 1947 1838 1979 autem
1860 1945 1946 1979 tuae
1969 1943 2064 1978 sedis
2087 1943 2360 1988 gubernatorem
2383 1942 2429 1978 ab

239 1998 281 2021 ac
304 1987 384 2022 luce
409 1987 578 2023 decedere
602 1988 804 2032 contigerit,
838 1998 903 2032 pro
927 1991 1087 2033 tempore
1110 1987 1418 2033 archiepiscopum
1444 1989 1521 2024 eius
1545 1999 1568 2023 a
1595 1988 1789 2024 venerabili
1813 1999 1878 2024 suo
1902 1988 2051 2024 concilio
2075 1988 2432 2033 metropolitanorum

215 2032 369 2067 ordinari
406 2032 600 2074 sancimus,
635 2032 928 2078 quemadmodum
961 2032 1066 2068 decet
1093 2032 1400 2078 archiepiscopum
1433 2033 1597 2069 omnibus
1628 2033 1841 2069 honoratum
1870 2034 1908 2069 in
1938 2033 2100 2069 ecclesiis
2133 2032 2298 2079 provehi,
2332 2033 2432 2069 nulla

214 2077 353 2122 penitus
379 2077 686 2113 Thessalonicensi
708 2078 875 2123 episcopo
899 2088 1014 2122 neque
1038 2077 1084 2113 ad
1107 2078 1177 2113 hoc
1202 2079 1449 2114 communione
1472 2078 1658 2114 servanda.

346 2122 534 2158 Beatitudo
558 2123 665 2167 igitur
687 2127 751 2158 tua
772 2133 863 2167 quae
887 2126 1011 2158 nostra
1035 2123 1152 2158 sanxit
1175 2123 1368 2159 aeternitas
1384 2123 1499 2160 modis
1518 2123 1682 2159 omnibus
1706 2123 1753 2159 ad
1776 2122 1940 2159 effectum
1961 2123 2160 2169 perducere
2181 2133 2254 2160 non
2276 2122 2429 2160 differat.
2454 2122 2498 2155 40

434 2168 515 2203 Dat.
542 2178 648 2203 xvm.
673 2168 744 2203 kal.
770 2167 854 2203 Mai.
880 2168 1068 2213 <Belisario
1091 2179 1123 2203 v.
1150 2179 1179 2203 c.
1207 2168 1323 2214 cons.)
2266 2170 2313 2211 [a.
2338 2171 2430 2211 535]

176 907 198 942 te

258 2259 339 2293 Νου.
364 2259 427 2292 XI
459 2259 578 2293 Latine
609 2266 727 2293 tantum
758 2266 845 2293 extat
867 2261 900 2293 in
925 2261 1102 2303 appendice
1126 2260 1199 2293 coll.
1233 2260 1345 2294 VIIII
1363 2261 1553 2295 Anthentici
1580 2262 1875 2305 (eztravaqantium
1899 2262 2011 2304 prima
2034 2267 2082 2294 est
2104 2261 2137 2294 in
2163 2260 2244 2304 Rs
2269 2261 2329 2294 72·
2349 2266 2380 2294 et
2404 2259 2439 2293 V

205 2306 237 2346 s.
257 2306 340 2345 182).
360 2322 406 2328 -
428 2304 576 2337 Rubrica
601 2298 696 2337 ὥστε
718 2302 780 2338 τὰς
803 2316 886 2349 περι
908 2317 950 2339 το
965 2307 1180 2348 Βιμινακιον
1202 2307 1393 2351 γενομένας
1415 2302 1487 2340 ὑπὸ
1511 2305 1682 2352 (imputans
1705 2302 1826 2340 πόλεις
1847 2301 1920 2340 ὑπὸ
1945 2302 2061 2339 tandm
2083 2301 2365 2352 ἄρχιεπίσκοπον
2386 2302 2431 2338 εἴ·

213 2361 283 2389 ναι,
305 2362 353 2391 μη
376 2348 447 2392 μὴν
469 2346 540 2382 ὑπο
563 2346 629 2382 τὸν
652 2347 911 2392 θεσσαλονίκης
930 2351 1028 2383 schol.
1052 2350 1098 2383 M
1116 2352 1149 2384 in
1173 2363 1234 2394 my.
1259 2352 1311 2392 (επ
1333 2352 1437 2392 Aila).
1461 2370 1506 2376 —
1529 2352 1621 2395 Epir.
1650 2352 1769 2386 Theod.
1788 2353 1825 2386 11
1852 2352 1941 2393 (inde
1964 2352 1998 2385 in
2020 2351 2085 2394 L),
2108 2351 2184 2385 Aeli.
2202 2353 2231 2394 l,
2252 2358 2269 2385 8
2293 2351 2383 2394 (inde
2400 2350 2431 2384 Δ

215 2396 259 2426 til.
287 2395 337 2435 13,
355 2403 387 2431 93
418 2395 496 2428 Con.
523 2402 619 2428 const.
641 2395 715 2429 eccl.
740 2396 771 2436 3,
789 2403 814 2436 1,
828 2397 870 2436 8),
895 2395 1027 2429 Nomoc.
1047 2396 1150 2429 XIV
1166 2397 1211 2428 tit.
1235 2398 1263 2438 1,
1281 2404 1310 2430 5.
1352 2397 1473 2431 Iulian.
1499 2403 1598 2430 const.
1621 2397 1692 2430 IX.

259 2507 278 2539 3
292 2509 402 2538 nostra
414 2507 521 2548 patria
535 2507 583 2539 R·
605 2506 617 2550 11
636 2509 655 2540 4
669 2507 840 2548 mundum]
853 2507 987 2540 modum
1002 2507 1098 2552 RVu
1116 2518 1214 2550 quam
1228 2508 1262 2541 R
1273 2507 1286 2553 11
1353 2509 1387 2543 R
1399 2510 1484 2553 vuly.
1501 2508 1514 2553 11
1533 2511 1575 2544 24
1597 2510 1666 2543 *ut
1684 2520 1705 2543 a
1727 2511 1787 2543 tua
1805 2509 1893 2551 sede]
1917 2511 2033 2544 utatur
2055 2519 2076 2542 a
2090 2508 2165 2543 sede
2186 2509 2220 2543 V
2235 2519 2256 2543 a
2276 2510 2336 2552 ,tua
2356 2507 2432 2546 node

215 2551 326 2583 venire
349 2554 381 2583 et
405 2564 463 2584 om.
485 2552 517 2583 V
529 2550 541 2594 11
557 2551 732 2593 amplicare
754 2552 801 2585 Β*
825 2551 984 2594 ampliore
1005 2551 1059 2596 1711
1078 2555 1097 2587 5
1122 2563 1183 2596 pro
1203 2555 1284 2586 tem·
1353 2555 1451 2599 vuly„
1471 2565 1492 2588 a
1514 2554 1590 2588 sede
1611 2553 1674 2600 Rss
1691 2556 1725 2588 te
1746 2555 1778 2589 V
1798 2555 1855 2596 aL]
1881 2567 1939 2588 om.
1963 2554 1999 2588 R
2021 2555 2105 2598 vulq.
2124 2552 2138 2599 11
2152 2553 2385 2600 communione
2403 2553 2438 2587 V

214 2606 293 2637 pore
316 2605 350 2627 sa
372 2597 419 2629 bis
434 2609 495 2629 scr.
511 2596 555 2628 Va
574 2595 622 2639 116
642 2598 760 2637 certae]
785 2599 910 2630 ceterae
934 2598 1019 2640 vulq.
1035 2595 1048 2640 11
1065 2597 1133 2630 sint
1149 2611 1206 2631 om.
1223 2599 1258 2632 V
1273 2598 1286 2643 11
1355 2600 1452 2643 vulp]
1474 2600 1605 2634 actione
1627 2599 1663 2633 R
1681 2599 1724 2634 al.
1748 2598 1762 2645 11
1785 2599 1943 2633 aduersus
1963 2598 2051 2641 RV]
2074 2598 2117 2632 ad
2140 2599 2198 2632 vul
2219 2623 2227 2632 .
2245 2597 2328 2642 flens
2351 2598 2429 2632 add.

216 2640 250 2672 id
270 2642 329 2691 est]
351 2639 547 2683 reddereVfl
561 2644 631 2691 tam
652 2641 723 2683 ipsa
742 2642 747 2683 1
768 2644 876 2674 tamen
895 2642 1005 2683 ipsaV
1017 2641 1030 2684 11
1046 2642 1288 2678 meditraneaV
1354 2645 1438 2689 vulq.
1456 2644 1468 2688 11
1487 2647 1528 2680 25
1553 2647 1587 2678 et
1609 2655 1720 2679 omnes
1744 2657 1802 2679 om.
1819 2644 1853 2678 R
1870 2644 1883 2688 11
1898 2644 1977 2686 sint]
2002 2644 2070 2678 sive
2087 2644 2172 2687 vulq.
2191 2612 2266 2688 ffeis
2290 2643 2337 2686 V]
2360 2643 2431 2676 eius

216 2685 399 2717 meditanea
412 2686 443 2717 R
461 2684 473 2727 11
489 2687 506 2717 7
526 2686 825 2728 misyanissiaR
843 2685 855 2729 11
870 2687 977 2729 prima
988 2687 1129 2728 Contine]
1142 2688 1285 2720 secunda
1357 2690 1386 2722 R.
1398 2691 1483 2734 vulq.
1501 2689 1514 2734 11
1530 2690 1766 2734 discrepatores
1786 2688 1841 2734 Vll
1860 2691 1902 2724 26
1926 2688 2147 2722 dirimaturR
2162 2687 2176 2732 11
2192 2688 2240 2722 eis
2257 2688 2431 2731 imponant

218 2728 320 2773 libriu
339 2731 358 2763 8
376 2730 518 2771 panonie
532 2730 562 2761 V
577 2729 589 2773 11
605 2730 758 2762 bancensi
773 2731 804 2763 V
821 2730 967 2763 bacensis
983 2732 1023 2772 R,
1043 2731 1219 2765 Urbatensi
1232 2734 1285 2766 de·
1355 2736 1450 2779 vuly„
1482 2735 1517 2768 in
1541 2746 1617 2769 eum
1671 2737 1775 2769 ouant
1794 2735 1836 2769 1⁷¹
1908 2735 1949 2768 2'1
1987 2736 2164 2776 cognoscat
2185 2732 2220 2766 R
2249 2734 2431 2775 agnoscant

218 2776 264 2807 dit
283 2774 480 2825 Auyustinus
499 2775 561 2813 (ed.
582 2775 707 2808 Iuliani
724 2788 753 2807 α.
778 2777 873 2816 1567)
890 2775 902 2819 11
920 2776 1006 2808 enim
1019 2788 1077 2808 om.
1094 2776 1125 2809 R
1141 2775 1153 2820 11
1171 2777 1285 2810 Sirmii
1355 2780 1439 2824 vulq.
1458 2779 1529 2823 1128
1555 2782 1588 2813 et
1607 2746 1671 2822 vei}
1695 2782 1728 2813 et
1747 2793 1807 2814 om.
1821 2779 1854 2813 R
1899 2779 2043 2812 habeant
2059 2778 2092 2812 R
2117 2776 2267 2823 {omnem
2284 2790 2344 2812 om.
2362 2777 2397 2812 R

222 2820 363 2859 Gentius]
382 2819 625 2862 firmquuly.,
638 2820 736 2852 om.R
756 2828 838 2862 spat.
852 2833 922 2853 vac.
942 2821 1051 2854 relicto
1066 2820 1079 2865 11
1098 2823 1118 2854 9
1138 2822 1285 2855 sueritR
1356 2826 1396 2858 29
1419 2827 1627 2867 omnemque]
1651 2836 1781 2859 omnem
1801 2823 1857 2868 1711
1875 2826 1908 2857 et
1930 2837 1989 2858 orn.
2012 2823 2055 2858 1⁷¹
2069 2821 2082 2868 11
2142 2823 2190 2856 tia
2210 2823 2244 2857 R
2267 2822 2349 2856 ditio
2368 2823 2403 2857 V

217 2865 301 2907 vulq.
321 2862 333 2907 11
353 2864 479 2904 tamin]
501 2863 534 2901 in
552 2877 609 2897 om.
624 2863 658 2896 R
675 2862 689 2907 11
712 2866 751 2897 10
763 2864 895 2896 atilanis
911 2864 1012 2908 RVn
1027 2866 1182 2908 A'pemius
1194 2867 1283 2908 RV]
1355 2872 1396 2903 30
1423 2880 1490 2903 non
1515 2870 1728 2914 imposterum
1746 2870 1782 2904 R
1803 2868 1816 2912 11
1840 2869 2046 2903 madridiano
2066 2869 2114 2902 R·
2130 2867 2144 2913 11
2162 2870 2202 2903 31
2223 2867 2362 2902 mex-idio
2381 2867 2429 2909 V}

216 2908 412 2959 Apenninus
432 2909 519 2958 dedit
537 2909 681 2941 Mimeus
694 2909 754 2947 (ed.
766 2909 828 2941 Iul.
842 2922 875 2960 a:
886 2911 995 2951 156¹),
1016 2911 1186 2952 Apennius
1204 2913 1284 2945 Con·
1355 2915 1535 2948 meridiano
1554 2916 1588 2949 R
1612 2917 1696 2960 vulq.
1712 2914 1725 2961 11
1744 2915 1775 2949 ei
1796 2915 1843 2957 V]
1867 2927 1924 2948 om.
1949 2915 1982 2948 R
2005 2914 2091 2958 vulq.
2107 2913 2121 2959 Ι
2138 2915 2167 2947 A
2191 2913 2255 2955 uis]
2277 2913 2397 2956 quisR
2415 2911 2431 2958 11

217 2953 1157 3003 eius,AprcciniusAuqustinue;Apodemiusal.ssfirmitana
1166 2957 1283 3000 Vvuly.
1355 2961 1394 2992 :32
1420 2960 1723 2994 castelleterritoria
1743 2961 1777 2994 V
1799 2959 1812 3005 11
1838 2958 2091 2993 bonosiacorum
2110 2958 2162 2993 V¹
2220 2960 2262 2994 33
2291 2960 2325 2992 et
2340 2959 2431 2991 tem

215 2999 345 3031 firmata
359 2998 390 3030 R
409 2997 421 3042 Ι
437 3000 471 3031 11
489 2997 720 3030 thesalonicam
740 2998 773 3031 V
789 2998 998 3031 tesalonicam
1020 2999 1052 3031 R
1075 3001 1134 3039 (id.
1152 3001 1253 3042 infra)
1274 3000 1286 3046 11
1363 3005 1392 3035 V
1410 3006 1512 3049 vuly]
1536 3008 1652 3039 contra
1664 3006 1698 3039 R
1715 3005 1728 3050 fl
1743 3005 1808 3047 vel]
1833 3007 1866 3039 et
1887 3005 1975 3049 vulq.
1994 3004 2007 3048 11
2021 3004 2071 3045 in]
2094 3003 2170 3037 ideo
2238 3003 2252 3045 11
2267 3004 2310 3038 34
2333 3003 2428 3044 sciat]

214 3043 334 3076 honori
347 3043 399 3086 Vn
422 3044 458 3075 12
480 3042 535 3074 sed
559 3042 637 3093 subl
656 3053 693 3075 su
705 3041 758 3084 Vn
780 3044 817 3076 13
842 3044 1038 3076 auctoritate
1058 3045 1106 3077 R·
1122 3044 1134 3087 11
1156 3047 1195 3078 14
1221 3046 1283 3078 sre—
1354 3049 1396 3081 sit
1406 3050 1435 3082 V
1446 3049 1458 3093 11
1478 3051 1519 3084 35
1533 3050 1654 3092 sedem]
1671 3051 1805 3084 domum
1818 3050 1853 3084 R
1867 3048 1880 3095 11
1898 3049 2053 3083 ecclesiae
2066 3046 2181 3094 RVH!
2200 3048 2253 3082 dei
2265 3047 2429 3091 o‘ltisVss

215 3089 394 3130 quentetur
406 3088 489 3129 vulfs.
506 3088 518 3130 1
537 3088 615 3127 tam]
628 3097 692 3119 iam
704 3087 791 3128 VuL,
805 3100 862 3120 om.
876 3088 906 3120 R
921 3088 934 3131 11
952 3088 1187 3122 uiminatiuum
1201 3100 1284 3131 quae
1354 3096 1395 3126 :36
1419 3095 1563 3128 nominis
1586 3096 1783 3138 sepiternum
1810 3095 1868 3139 Ru
1887 3094 2031 3137 quando]
2055 3094 2212 3136 quoniam
2235 3093 2270 3126 R
2315 3094 2356 3126 3⁷
2377 3102 2429 3126 re·

215 3133 275 3178 Ru
294 3131 441 3166 recidiua
452 3132 483 3164 V
502 3131 633 3182 recidua
646 3132 678 3163 R
694 3131 706 3173 11
725 3131 871 3163 Litcrata
884 3133 969 3176 vulq.
988 3132 1000 3176 11
1020 3134 1059 3167 15
1080 3136 1210 3167 nostrae
1226 3148 1282 3168 om.
1353 3138 1465 3172 cedere
1488 3140 1516 3172 V
1535 3139 1548 3184 11
1572 3151 1633 3183 pro
1659 3142 1816 3184 tempore]
1846 3142 1983 3183 propter
2005 3139 2040 3172 R
2064 3138 2078 3183 11
2107 3137 2427 3180 archiepiscoporum

215 3179 274 3221 Ru
293 3177 433 3210 dictioni
450 3176 483 3209 R
498 3177 510 3219 11
528 3175 670 3208 diximus
690 3175 722 3226 It
740 3176 752 3217 1
771 3177 976 3227 iti-panonia
988 3177 1068 3229 RV,
1093 3186 1122 3229 ες
1143 3180 1190 3212 sic
1212 3192 1281 3213 sae·
1356 3183 1385 3215 [t
1398 3185 1442 3216 al.
1458 3182 1471 3228 11
1489 3185 1629 3218 consilio
1650 3187 1685 3220 V
1696 3186 1708 3230 11
1725 3187 1766 3220 38
1791 3185 1879 3218 dicet
1899 3185 1932 3217 V
1973 3183 2294 3227 archiepiscoporum
2307 3182 2340 3215 R
2351 3182 2396 3216 al.
2415 3180 2430 3227 11

211 3225 285 3266 pius
300 3222 314 3267 11
332 3223 440 3255 fuerat
458 3221 530 3261 (flat
539 3221 597 3262 Va)
617 3222 796 3272 constituta
816 3224 902 3253 iusta
910 3231 1094 3272 ‘panoniam
1111 3233 1146 3254 in
1158 3224 1202 3264 V]
1226 3237 1282 3258 om.
1354 3228 1394 3261 39
1418 3230 1681 3263 communionem
1705 3230 1874 3264 seruantia
1891 3229 1925 3262 R
1971 3230 2014 3263 40
2037 3228 2166 3262 sancxit
2180 3226 2334 3271 RV141
2359 3226 2426 3261 dat.

214 3268 246 3300 B.
271 3269 314 3301 al.
333 3266 346 3311 11
362 3266 494 3310 quidem
517 3276 629 3318 inagm
651 3266 696 3305 V]
722 3265 810 3306 q¹²⁰d
833 3276 935 3307 mssgffi
960 3266 1017 3309 Rss
1039 3269 1076 3300 17
1100 3267 1283 3301 meditanea
1353 3282 1443 3304 xvm
1474 3274 1540 3307 kal.
1565 3275 1645 3307 maii
1674 3276 1866 3319 subscriptio
1890 3281 1936 3308 est
1962 3275 1995 3307 in
2016 3273 2257 3317 Nesebin-qemi,
2289 3273 2392 3306 insert·
2413 3289 2425 3298 -

214 3313 246 3345 R.
261 3312 266 3355 1
291 3316 400 3345 autem
416 3312 461 3352 V]
486 3314 584 3343 etiam
598 3310 632 3343 R
644 3310 687 3342 al.
703 3309 716 3352 Ι
734 3311 990 3353 separaruntVfl
1013 3313 1051 3345 19
1069 3314 1177 3345 tantas
1201 3323 1283 3354 quac
1351 3318 1432 3350 cioni
1442 3331 1507 3361 seq.
1526 3321 1670 3354 novellae
1683 3321 1767 3355 XII
1783 3321 1924 3361 adnexa,
1939 3318 2006 3351 dat.
2025 3329 2063 3351 vi
2081 3317 2128 3351 kl.
2149 3317 2226 3350 mai.
2243 3326 2331 3350 cons.
2346 3317 2381 3349 ui
2397 3317 2426 3349 i-

222 3358 267 3395 V!
293 3358 415 3398 uisum]
436 3356 550 3389 uenire
568 3366 639 3388 sum
653 3354 701 3406 R¹
717 3353 730 3397 fl
748 3355 791 3387 20
815 3356 859 3395 et]
884 3358 922 3387 ut
939 3356 1022 3399 vulq.
1039 3355 1052 3399 Ι
1070 3358 1107 3390 21
1136 3358 1283 3398 praesare
1350 3361 1430 3393 sarii
1450 3363 1512 3395 Iul.
1538 3365 1621 3403 (cod.
1642 3366 1754 3400 Berol.
1774 3366 1843 3407 aL),
1863 3365 1932 3399 sim.
1954 3375 1993 3397 ez·
2010 3363 2141 3397 Iuliano
2162 3362 2274 3404 vu19.‚·
2294 3360 2427 3407 ἐξεφω-
2444 3378 2471 3398 ,-

215 3402 245 3452 Ii'
263 3401 276 3445 11
291 3401 503 3434 sacrossancti
526 3398 805 3452 VflantutesRn
824 3400 866 3433 22
888 3399 1031 3451 habeant
1051 3403 1087 3451 et
1109 3411 1281 3444 praeroga-
1351 3403 1448 3447 νήθη
1485 3406 1632 3453 (ἐγράφη
1656 3411 1746 3453 Agyl.)
1778 3411 1866 3455 μηνὶ
1899 3406 1997 3453 μαΐφ
2034 3403 2187 3450 ὑπατείᾳ
2214 3404 2425 3453 Βελισαριου

214 3449 315 3478 tinam
333 3447 379 3479 Ιί1
395 3446 407 3490 11
426 3447 587 3488 impertiri
611 3445 661 3478 R²
683 3444 766 3487 vulq.
784 3442 797 3488 Ι
815 3445 856 3478 23
881 3444 1077 3486 supradictis
1100 3445 1144 3485 R]
1168 3457 1280 3488 supra·
1355 3450 1472 3484 Theoti.
1499 3453 1573 3485 Ath.

213 3491 342 3533 scriptis
362 3492 394 3524 V
411 3492 495 3535 vulq.
522 3490 536 3535 11
558 3490 756 3529 ¹‘honorch
787 3487 906 3522 habere
931 3490 1087 3523 honorem
1114 3491 1146 3523 V
1163 3491 1280 3526 habere
2581 3483 2592 3516 5
