2476 3854
160 93 269 138 NoV.
301 92 429 139 CLIV
455 98 471 137 1
1222 91 1308 140 730
1831 110 1887 141 nn
1915 109 1973 142 ns
2002 109 2079 148 Qm
2107 111 2155 142 m
2183 110 2384 144 osnomu

155 203 418 250 κεκωλυμένους
441 208 614 260 ἐμπίπξτοι
625 217 681 240 τες
703 203 847 252 γάμους.
886 201 983 250 ἡμεῖς
1005 210 1129 240 τοίνυν
1149 205 1292 241 τούτων
1314 209 1381 250 μὲν
1405 206 1510 240 οὐδὲν
1528 205 1717 241 παντελῶς
1740 206 2018 252 ἐπιστεύσαμεν·
2043 207 2173 265 οὗὶγὰρ
2196 207 2384 257 ἡγούμεθα

708 252 723 259 ..
785 250 794 260 «
2186 254 2194 265 x
2343 257 2358 265 -

154 249 378 296 ἀνθρώπους
409 254 512 297 μέρος
543 262 650 306 οντας
681 262 743 294 της
774 253 946 295 ημετέρας
976 250 1156 287 πολιτείας
1186 252 1331 287 τοιοῦτό
1363 263 1400 286 τι
1430 252 1608 298 πράττειν
1636 251 1790 298 θαρρεῖν
1823 256 1883 287 καὶ
1913 253 1982 297 τὴν
2010 267 2124 300 γονην
2153 268 2223 299 την
2244 255 2384 291 ἕαυτων

154 297 406 339 καταισχύνειν
430 300 489 331 καὶ
513 297 558 330 τὰ
583 308 748 340 (νοματα
771 299 940 342 συγχέειν.

1170 363 1326 400 CAPUT
1350 364 1379 400 I.

280 428 384 465 ’Ὡςτε
412 433 472 464 καὶ
500 430 685 475 ἐξερευνᾶν
715 431 832 465 ταῦτα
863 428 1107 475 ἧβουλόμεθα,
1136 435 1195 466 καὶ
1225 431 1261 466 εἶ’
1287 444 1323 466 τι
1347 431 1512 466 τοιοῖτον
1537 427 1629 467 ὅλως
1651 434 1868 478 πέπρακται,
1891 432 1974 468 τοὺς
1996 430 2271 480 ἁμαρτάνοντας
2294 434 2383 480 πρὸς

155 477 309 520 ἐσχάτην
335 475 434 521 ἄγειν
464 479 656 519 τιμωρίαν.
705 471 786 509 ἀλλ’
813 474 937 519 ἐπειδὴ
970 479 1028 510 καὶ
1059 476 1186 522 χρόνος
1217 478 1293 511 ἐστὶ
1323 476 1456 522 μακρὸς
1487 480 1546 510 καὶ
1577 475 1660 511 οὐδὲ
1691 478 1905 523 πιστεύομεν
1938 480 2081 514 τοιοῦτό
2103 493 2139 514 τι
2161 480 2382 527 γεγενῆσθαι

154 519 400 565 πλημμέλημα,
433 521 465 554 εἰ
496 519 566 566 ἄρα
596 524 656 554 καὶ
689 519 832 555 τοιοῖτό
856 534 893 555 τι
917 523 1128 567 συμβέβηκε,
1152 520 1195 557 τὸ
1219 523 1287 566 μὲν
1310 522 1533 567 παρῳχηκός,
1558 519 1658 558 ὅπως
1682 520 1726 566 δή
1750 535 1840 558 ποτε
1863 520 1908 558 ἂν
1931 527 2016 567 ἑχοι,
2038 526 2288 571 συγχωροῖμεν
2310 528 2384 560 τοῖς

152 566 218 609 τὴν
241 564 436 612 Ὀσροηνὴν
467 568 527 599 καὶ
558 565 627 608 τὴν
656 568 771 610 με’σην
799 567 878 600 τῶν
910 568 1089 610 ποταμῶν
1119 566 1182 602 τὰς
1213 569 1384 611 ἐπαρχίας
1414 568 1633 612 κατοικοῦσι,
1666 568 1844 623 προφάσει
1867 570 1944 603 τῶν
1967 570 2007 603 ἐν
2031 566 2153 603 αι’-ταῖς
2175 572 2382 616 γενομένων

153 609 338 657 διαφόρως
369 608 526 656 ἐφόδων,
557 613 617 644 καὶ
647 610 803 655 μάλιστα
834 609 1036 657 ἀγροικικοῦ
1069 611 1233 656 πλήθους
1261 611 1308 647 ὠς
1338 613 1399 646 ἐπὶ
1429 612 1471 646 τὸ
1498 611 1668 647 πλεῖστον
1692 624 1797 648 οντος
1818 616 1883 647 τοῦ
1906 615 2025 648 ταῦτα
2049 614 2263 660 ἐξαμαρτεῖν
2286 613 2381 660 λεγο·

151 659 269 700 με’νου,
302 658 362 689 καὶ
392 658 453 690 ἐπὶ
486 657 549 690 τοῦ
579 656 648 690 νῦν
679 654 858 701 σχήματος
889 657 1006 700 ἐῶμεν
1034 656 1137 699 εἶναι,
1170 655 1275 692 οὐδὲν
1306 655 1688 704 πολυπραγμονοῖντες
1709 659 1787 693 τῶν
1811 657 1892 703 ἄχρι
1916 660 1976 702 τῆς
1997 661 2126 705 νεαρᾶς
2150 658 2255 705 ἡμῶν
2278 659 2382 694 θείας

153 699 351 741 διατάξεως
381 703 463 746 περὶ
494 700 622 735 τοίτου
653 698 701 735 ὥς
732 702 825 735 εἰκὸς
850 700 1199 746 πλημμεληθέντων,
1223 699 1311 736 ἀλλὰ
1336 702 1574 744 θεσπίζοντες
1597 703 1722 738 πᾶσαν
1740 702 1953 747 κωλυθῆναι
1976 707 2059 749 περὶ
2082 704 2211 739 τούτου
2231 703 2382 748 ζ’τησιν

151 747 323 789 τοιαύτην
352 746 445 780 κατὰ
477 746 681 791 προςεόπων
711 745 734 789 ἢ
763 745 992 792 πραγμάτων
1022 745 1273 793 διαφερόντων
1305 751 1378 781 τοῖς
1410 749 1449 781 ἐν
1480 750 1557 781 ταῖς
1590 745 1714 782 αὐταῖς
1737 750 1921 793 ἐπαρχίαις
1943 750 2090 783 οἰκοῦσι.
2135 748 2228 794 μετὰ
2251 718 2292 784 δὲ
2314 750 2382 785 τὸν

152 788 323 836 ἡμέτερον
351 792 466 835 νόμον
496 790 564 825 τὸν
585 793 729 838 ἔναγχος
753 795 835 835 περὶ
858 791 988 827 τούτου
1012 793 1172 827 τεθέντα
1193 793 1229 826 εἴ
1246 804 1299 827 τις
1323 792 1519 836 ἐτόλμησεν
1541 791 1565 835 ἢ
1587 796 1646 827 καὶ
1670 790 1881 837 τολμήσειεν
1902 793 2046 828 τοιοῦτό
2071 808 2107 828 τι
2131 795 2276 841 πρᾶξαι,
2299 798 2380 839 βου-

153 835 295 881 λόμεθα
326 837 458 871 τοῦτον
482 834 553 871 ὑπὸ
589 838 715 872 ποινὰς
746 836 895 879 ἐσχάτας
924 838 1164 882 καταστῆναι,
1196 835 1318 872 εἰδότα
1348 835 1396 871 ῶς
1422 834 1464 871 οὗ
1497 840 1598 883 μέχρι
1629 839 1860 883 χρηματικῶν
1883 838 2099 883 στησόμεθα
2121 841 2274 881 ποινῶν,
2293 837 2379 874 ἀλλ’

153 879 267 916 αὐτόν
297 895 337 915 τε
361 885 420 915 καὶ
444 885 594 928 γυναῖκα
617 885 677 916 καὶ
701 883 832 917 παῖδας
855 881 893 923 ἐξ
918 882 1111 923 ἀθεμίτων
1130 885 1335 930 γινομένους
1357 883 1486 929 γάμων
1508 882 1599 926 μετὰ
1624 883 1694 927 τὴν
1715 882 1904 929 ἡμετέραν,
1930 883 1977 918 ῶς
2000 884 2146 930 εἴρηται,
2169 885 2280 919 θείαν
2304 882 2380 919 διά-

151 927 257 967 ταξιν
287 925 593 971 μετελευσόμεθα,
627 930 687 961 καὶ
717 928 785 961 τὸν
815 928 862 961 εἰς
894 927 1054 972 κεφαλὴν
1085 926 1254 963 κίνδυνον
1285 931 1345 962 καὶ
1373 928 1443 971 τὴν
1479 929 1526 962 εἰς
1561 932 1770 974 περιουσίαν
1806 926 1925 963 αὐτοῖς
1959 928 2091 973 ποινὴν
2126 926 2380 974 ἐπιστήσομεν,

151 970 298 1005 οὐδενὸς
329 969 534 1017 φειδόμενοι
565 971 648 1006 οὔτε
679 972 711 1006 εἰ
742 975 905 1016 μείζονος
928 972 1011 1007 οὔτε
1035 973 1066 1006 εἰ
1089 972 1279 1008 ἐλάττονος
1302 973 1354 1015 εἴη
1379 970 1631 1007 καταστάσεως
1654 971 1679 1017 ἢ
1702 970 1808 1017 τύχης
1827 971 1850 1017 ἢ
1874 973 2068 1019 ἱερωσύνης
2091 976 2210 1016 (τοῦτο
2232 974 2303 1021 γὰρ
2325 977 2382 1009 ἔτι

150 1016 291 1061 μᾶλλόν
322 1019 399 1050 ἐστι
430 1015 717 1062 δυςκολαὲτερον),
749 1015 840 1051 ἀλλά
874 1019 989 1052 πᾶσιν
1019 1016 1150 1062 ὁμοίως
1174 1018 1377 1059 ἐπεξιόντες
1400 1017 1468 1061 τὴν
1491 1021 1755 1063 νενομισμένην
1778 1022 1837 1052 καὶ
1859 1021 1933 1054 τοῖς
1957 1019 2150 1075 ρ’ωμαϊκοῖς
2172 1022 2384 1066 πρέπουσαν

147 1062 276 1107 ,νόμοις
306 1061 510 1108 φυλάξομεν
541 1061 722 1104 εὐταξίαν,
754 1061 796 1097 οὗ
827 1066 931 1109 μέρος
961 1061 1078 1106 μόνον
1103 1064 1164 1106 τῆς
1196 1062 1318 1098 οὐσίας
1351 1062 1618 1110 ἀφαιρούμενοι,
1648 1061 1739 1097 ἀλλὰ
1763 1067 1823 1097 καὶ
1846 1063 1915 1107 τὴν
1938 1068 2066 1100 ουσίαν
2089 1061 2176 1109 ὅλην
2199 1068 2260 1099 καὶ
2280 1067 2384 1109 μέρος

151 1108 215 1141 τοῦ
247 1107 422 1151 σώματος,
452 1110 512 1142 καὶ
541 1108 641 1153 εἴπερ
671 1110 730 1141 καὶ
763 1106 1028 1153 δυςκολωτέραν
1051 1105 1212 1153 εὕρωμεν
1230 1108 1300 1152 τὴν
1323 1106 1627 1155 ἀθεμιτογαμίαν,
1651 1112 1711 1143 καὶ
1735 1105 1848 1152 αὐτὴν
1869 1109 1956 1144 ἴσως
1977 1109 2047 1165 τὴν
2070 1108 2206 1154 ψυχήν·
2239 1107 2384 1145 οὐδενὸς

2409 710 2449 743 10

152 1151 351 1205 ἀποφυγεῖν
383 1150 582 1197 δυναμένου
610 1154 658 1187 εἰς
689 1153 731 1186 τὸ
764 1156 837 1187 τοῖς
867 1153 976 1188 πέλας
1005 1155 1046 1188 ἐν
1076 1157 1148 1188 τοῖς
1179 1152 1477 1208 πλημμελήμασιν
1501 1151 1727 1188 ἀκολουθεῖν.
1772 1153 1930 1210 χρὴὶγάρ
1953 1167 2000 1189 τα
2018 1153 2116 1199 ιρθά
2136 1168 2176 1189 τε
2195 1158 2257 1189 καὶ
2279 1166 2381 1201 προς·
2407 1160 2449 1193 20

150 1210 283 1240 ηκοντα
309 1200 453 1244 φρονεῖν
485 1202 545 1231 καὶ
577 1198 659 1233 τοὺς
689 1197 813 1232 ιῗλλους
843 1197 998 1233 ἀνιστᾶν
1028 1199 1076 1233 εἰς
1106 1199 1174 1233 τὸν
1202 1211 1370 1234 τοιουτον
1401 1198 1519 1242 ζῆλον,
1551 1196 1633 1233 ἀλλ’
1660 1197 1726 1233 οὐκ
1752 1210 1882 1234 αυτους
1905 1199 2079 1245 πράττειν
2102 1199 2300 1246 παράνομα
2322 1203 2383 1235 καὶ

151 1244 198 1277 εἰς
228 1242 297 1286 τὴν
329 1243 419 1287 πρὸς
450 1239 620 1287 ἀλλήλους
655 1242 895 1289 καταφεύγειν
929 1247 1089 1288 μίμησιν.
1136 1245 1255 1278 ταῦτα
1289 1248 1414 1279 τοίνυν
1449 1243 1699 1290 φυλάττεσθαι
1732 1243 1944 1289 βουλόμεθα
1979 1246 2040 1280 ἐπὶ
2074 1246 2152 1280 τῶν
2185 1245 2385 1291 εἰρημένων

150 1288 346 1333 ἐπαρχιῶν,
370 1289 449 1322 τῶν
472 1301 512 1322 τε
536 1287 736 1323 πολιτικῶν
759 1290 837 1323 τῶν
860 1301 901 1323 τε
923 1290 1199 1333 στρατιωτικῶν
1222 1287 1413 1334 ἀρχόντων
1437 1291 1542 1324 τοῦτο
1565 1288 1828 1335 φυλαττόντων
1843 1289 1983 1325 καὶτὰς
1997 1290 2126 1325 ποινὰς
2140 1290 2384 1325 ἐπιτίθεσθαι

150 1336 222 1367 τοῖς
237 1332 497 1387 Χὰμαρτάνουσι
529 1332 892 1379 παρασκευαζόντων.
940 1336 1049 1368 τοῦτο
1082 1332 1121 1368 δὲ
1151 1332 1239 1368 αὐτὸ
1265 1338 1338 1369 τοῖς
1352 1336 1423 1389 ’τῆς
1445 1333 1562 1378 χώρας
1585 1335 1677 1368 κατὰ
1698 1334 1892 1380 πρόςταξιν
1911 1335 1983 1390 Ἄσὴν
2001 1333 2063 1370 διὰ
2086 1333 2384 1391 προγραμμάτων

150 1391 249 1423 παρα
280 1380 359 1413 τῶν
388 1379 533 1414 οἰκείων
559 1377 747 1423 ἀρχόντων
777 1380 952 1433 γενέσθαι
963 1378 1194 1435 ..βουλόμεθα
1226 1393 1400 1435 φανερόν,
1428 1381 1471 1433 εἰ,
1490 1380 1539 1423 μὴ
1555 1379 1768 1434 ’βούλονταιι
1793 1383 1854 1414 καὶ
1878 1383 1981 1415 αυτοὶ
2004 1383 2083 1416 ταῖς
2105 1383 2271 1424 ἐσχαταις
2293 1377 2381 1416 ὑπο·
2406 1386 2449 1420 25

149 1424 334 1468 βληθῆναι
359 1427 501 1459 ποιναῖς
523 1427 583 1458 καὶ
602 1427 679 1459 ταῖς
703 1426 906 1459 ἐκπτωσεσι
927 1437 1004 1459 των
1028 1426 1152 1470 αρχῶν
1175 1429 1236 1459 καὶ
1259 1438 1336 1459 των
1360 1437 1506 1464 ουσιων,
1527 1437 1557 1459 ει
1579 1437 1676 1460 τινος
1698 1438 1842 1460 τουτων
1865 1422 2091 1470 ἀμελήσειαν.

283 1466 574 1516 (Ἐπίλογος.)
625 1470 675 1503 Τὰ
703 1473 827 1505 τοίνυν
855 1469 1095 1516 παραστάντα
1124 1467 1210 1514 ἡμῖν
1241 1473 1299 1503 καὶ
1333 1468 1394 1504 διὰ
1423 1468 1528 1505 τοῦδε
1551 1471 1614 1505 τοῦ
1639 1471 1745 1505 θείου
1769 1468 1970 1515 δηλοῦμενα
1992 1473 2244 1517 πραγματικοῦ
2267 1470 2382 1508 τόπου

150 1512 171 1558 ἡ
193 1513 238 1558 σὴ
263 1512 451 1559 ἐνδοξότης
474 1516 567 1561 ἔργῳ
591 1518 651 1549 καὶ
675 1518 804 1562 πέρττι
829 1513 1059 1561 παραδοῦναι
1083 1513 1287 1550 σπευσάτω.
1334 1515 1409 1550 Dat
1410 1541 1556 1551 .....
2192 1538 2198 1541 »

149 1661 322 1697 incidant.
371 1660 448 1696 Nos
475 1661 587 1707 iqitur
616 1660 743 1696 horum
773 1660 916 1707 quidem
947 1661 1039 1696 nihil
1070 1662 1215 1697 omnino
1245 1661 1481 1697 credidimus.-
1512 1672 1628 1707 neque
1657 1662 1750 1697 enim
1782 1662 2029 1698 existimamus
2059 1660 2221 1698 homines
2244 1663 2311 1710 qui
2329 1663 2385 1698 rei

148 1706 317 1796 pubss'caccle
339 1709 488 1741 nostrae
505 1717 596 1752 pars
615 1709 699 1741 sunt
722 1705 899 1742 eiusmodi
922 1705 1011 1751 quid
1034 1717 1143 1751 aqere
1167 1705 1300 1742 audere
1325 1710 1433 1753 atque
1454 1707 1666 1753 proqeniem
1689 1717 1793 1742 suam
1815 1706 1987 1743 dedecore
2009 1707 2163 1752 afficere
2185 1710 2222 1744 et
2235 1708 2383 1743 nomina

150 1762 215 1787 con
242 1762 286 1786 un
314 1762 383 1787 ere.
1618 1774 1620 1777 v

285 1796 312 1832 I.
362 1795 481 1838 Quare
512 1800 548 1831 et
573 1796 612 1831 in
635 1807 678 1831 ea
709 1796 909 1841 inquirere,
941 1798 977 1831 et
1005 1795 1038 1830 si
1068 1795 1158 1841 quid
1177 1795 1353 1831 eiusmodi
1373 1796 1515 1842 factum
1538 1799 1647 1839 esset,
1679 1795 1925 1842 delinquentes
1947 1796 1998 1832 ad
2019 1800 2220 1833 extremum
2242 1796 2382 1843 suppli-

150 1841 243 1877 cium
274 1840 419 1876 trahere
449 1840 637 1876 voluimus.
687 1840 818 1876 Verum
849 1841 1021 1886 quoniam
1052 1845 1088 1876 et
1118 1840 1267 1887 lonqum
1299 1844 1439 1887 tempus
1461 1845 1515 1877 est
1536 1851 1652 1887 neque
1674 1840 1849 1876 eiusmodi
1871 1840 2039 1877 delictum
2061 1841 2286 1877 commissum
2306 1850 2384 1878 esse

150 1885 339 1932 credimus,
369 1887 401 1922 si
433 1890 551 1922 tamen
577 1885 666 1932 quid
695 1886 773 1922 eius
801 1886 944 1931 qeneris
974 1885 1177 1932 contiqerit‚
1205 1887 1441 1938 praeteritum
1465 1886 1619 1932 quidem,
1649 1896 1873 1932 quocumque
1895 1896 1934 1923 se
1956 1886 2062 1922 modo
2086 1885 2229 1931 habeat,
2251 1885 2297 1922 iis
2319 1887 2387 1933 qui

153 1930 349 1967 Osroenam
379 1935 415 1967 et
437 1930 736 1978 Mesopotamiam
795 1930 976 1967 rovincias
1005 1930 1169 1966 incolunt
1198 1930 1425 1977 indulqemus
1446 1935 1599 1978 propter
1621 1931 1826 1967 invasiones
1847 1931 1886 1967 in
1909 1942 1972 1967 eas
1994 1931 2095 1968 vario
2117 1931 2224 1967 modo
2245 1931 2383 1977 factas,

150 1980 186 2012 et
212 1977 372 2012 maxime
401 1977 487 2022 quia
519 1978 674 2022 aqrestis
703 1987 762 2011 mu
780 1977 894 2012 titudo
926 1980 966 2011 ut
985 1975 1184 2022 plurimum
1216 1974 1305 2012 haec
1329 1976 1537 2022 delinquere
1559 1976 1704 2019 dicitur,
1727 1976 1836 2022 idque
1859 1976 1898 2011 in
1921 1987 1966 2012 ea
1989 1987 2083 2023 quae
2104 1985 2201 2012 nunc
2222 1980 2278 2012 est
2299 1986 2383 2012 con-

149 2022 290 2057 dicione
319 2032 466 2057 manere
493 2022 655 2064 sinimus,
685 2031 764 2056 cum
796 2020 888 2056 nihil
914 2031 1038 2056 eorum
1067 2021 1208 2057 curiose
1232 2025 1504 2067 perscrutemur
1532 2032 1626 2068 quae
1649 2031 1762 2067 usque
1785 2020 1835 2057 ad
1857 2021 2034 2058 novellam
2056 2025 2218 2057 nostram
2240 2031 2383 2058 sacram

150 2067 440 2103 constitutionem
472 2066 542 2102 hac
571 2067 610 2101 in
633 2077 674 2102 re
694 2067 797 2112 forte
813 2071 972 2112 peccata
994 2071 1089 2109 sunt,
1112 2066 1178 2102 sed
1197 2070 1237 2101 ut
1259 2077 1397 2102 omnem
1420 2066 1623 2102 huiusmodi
1645 2066 1690 2102 de
1713 2065 1782 2102 hoc
1804 2067 2073 2113 inquisitionem
2099 2065 2274 2103 adversus
2300 2076 2383 2114 per-

148 2122 260 2147 sonas
293 2116 328 2147 et
362 2122 423 2147 res
456 2122 550 2157 quae
581 2111 630 2147 ad
656 2111 798 2147 incolas
828 2111 1023 2147 earundem
1048 2111 1322 2164 provinciarum
1344 2112 1532 2158 pertinent
1556 2111 1742 2158 prohiberi
1771 2111 1987 2148 sanciamus.
2035 2110 2126 2148 Post
2154 2111 2267 2158 leqem
2297 2121 2383 2147 vero

149 2161 312 2193 nostram
335 2167 452 2203 nuper
476 2156 545 2192 hac
568 2157 612 2193 de
635 2168 675 2191 re
699 2158 811 2191 latam
832 2157 865 2192 si
888 2157 970 2203 quis
993 2156 1083 2202 quid
1104 2156 1280 2192 eiusmodi
1300 2157 1429 2203 facere
1451 2167 1562 2192 ausus
1584 2157 1700 2203 fuerit
1723 2156 1779 2193 vel
1799 2157 1905 2192 etiam
1933 2155 2077 2200 audeat,
2108 2166 2189 2193 eum
2211 2156 2385 2192 extremis

148 2202 338 2248 suppliciis
361 2201 475 2237 subici
497 2202 670 2244 volumus,
690 2201 851 2247 sciatque
873 2202 906 2237 is
929 2212 997 2237 nos
1021 2203 1058 2237 in
1079 2201 1303 2248 pecuniariis
1321 2202 1454 2249 poenis
1476 2213 1551 2237 non
1573 2202 1803 2244 substituros,
1827 2202 1892 2237 sed
1913 2207 1950 2238 et
1971 2202 2090 2248 ipsum
2113 2205 2149 2238 et
2170 2211 2326 2237 uxorem
2349 2204 2386 2237 et

149 2247 282 2283 liberos
312 2257 361 2283 ex
391 2246 529 2283 illicitis
558 2247 695 2294 nuptiis
717 2252 825 2282 natos
842 2250 934 2293 post
955 2251 1128 2289 nostram,
1158 2247 1212 2282 uti
1235 2246 1368 2282 dictum
1391 2251 1456 2289 est,
1479 2257 1623 2283 sacram
1646 2247 1938 2283 constitutionem
1955 2249 2216 2294 persecuturos
2237 2255 2324 2289 esse,
2348 2249 2386 2282 et

149 2292 193 2327 de
222 2292 343 2338 capite
366 2292 573 2338 periculum
604 2296 639 2328 et
668 2292 713 2328 de
744 2291 847 2328 bonis
875 2302 1033 2338 poenam
1065 2292 1111 2328 iis
1141 2291 1352 2337 inflicturos,
1378 2292 1473 2328 nulli
1485 2296 1684 2346 parcentes
1706 2301 1772 2328 nec
1793 2292 1827 2328 si
1848 2292 1999 2328 maioris
2021 2302 2087 2328 nec
2108 2291 2141 2327 si
2162 2290 2314 2328 minoris
2335 2291 2385 2327 sit

150 2337 374 2372 condicionis
404 2341 470 2373 aut
495 2338 673 2383 fortunae
704 2341 769 2373 aut
797 2336 994 2373 sacerdotii
1024 2336 1107 2380 (hoc
1138 2337 1232 2372 enim
1260 2338 1367 2373 etiam
1395 2347 1513 2383 maqaes
1543 2338 1789 2384 importunum
1819 2340 1902 2381 εει),
1932 2337 1999 2373 sed
2024 2337 2062 2373 in
2092 2346 2215 2373 omnes
2242 2335 2385 2384 pariter

150 2382 472 2418 animadvertentes
501 2383 647 2418 solitum
678 2386 713 2419 et
737 2382 912 2418 Romanis
942 2382 1081 2428 leqibus
1112 2382 1260 2429 diqnum
1291 2381 1452 2419 ordinem
1475 2393 1551 2418 esse
1570 2386 1792 2425 servaturos,
1821 2393 1900 2418 cum
1924 2393 1999 2418 non
2020 2381 2138 2418 solum
2158 2380 2384 2418 substantiae

144 2432 290 2474 partem
315 2428 546 2473 auferamus,
578 2427 643 2464 sed
672 2428 779 2463 etiam
811 2431 923 2463 totam
951 2427 1191 2464 substantiam
1224 2431 1260 2463 et
1289 2433 1432 2475 partem
1465 2427 1642 2474 corporis,
1674 2431 1710 2463 et
1739 2427 1772 2462 si
1790 2426 1932 2474 quidem
1956 2426 2012 2463 vel
2034 2426 2276 2474 importunius
2299 2436 2383 2462 con·

151 2477 288 2508 tractas
319 2472 660 2519 deprehenderimus
690 2472 839 2509 illicitas
869 2472 1030 2518 nuptias,
1062 2473 1163 2519 forte
1186 2473 1294 2508 etiam
1318 2473 1436 2520 ipsam
1460 2473 1636 2508 animam:
1670 2473 1721 2508 ita
1746 2478 1786 2508 ut
1809 2483 1912 2508 nemo
1936 2471 2098 2519 effuqere
2115 2471 2239 2518 possit
2260 2470 2311 2506 ad
2333 2470 2383 2506 vi-

150 2518 312 2552 cinorum
336 2518 374 2553 in
390 2519 555 2563 peccatis
578 2517 782 2564 exemplum
806 2517 1037 2564 sequendum.
1085 2517 1198 2553 Recta
1221 2517 1315 2553 enim
1336 2522 1371 2553 et
1394 2529 1488 2564 quae
1511 2517 1637 2554 decent
1657 2528 1700 2553 sa
1727 2528 1787 2553 ere
1810 2521 1956 2564 oportet
1973 2521 2182 2563 ceterosque
2204 2516 2254 2552 ad
2276 2515 2384 2552 talem

150 2563 423 2598 aemulationem
453 2563 628 2605 excitare,
656 2573 722 2598 nec
745 2574 829 2599 vero
854 2564 954 2609 ipsos
976 2574 1070 2609 quae
1093 2566 1222 2598 contra
1246 2562 1344 2615 leqes
1362 2567 1448 2599 sunt
1470 2573 1580 2608 aqere
1602 2565 1638 2598 et
1660 2573 1683 2598 a
1731 2566 1890 2598 mutuam
1913 2561 2147 2598 imitationem
2170 2560 2382 2607 confuqere.

150 2606 253 2642 Haec
283 2608 398 2653 iqitur
425 2607 600 2643 custodiri
632 2607 796 2643 volumus
826 2608 864 2643 in
921 2607 1093 2644 raedictis
1121 2607 1337 2654 provinciis,
1371 2613 1412 2643 ut
1445 2611 1517 2643 tam
1548 2607 1669 2643 civiles
1700 2618 1808 2653 quam
1843 2607 2017 2644 militares
2049 2606 2285 2653 maqistratus
2314 2604 2385 2642 hoc

149 2651 356 2687 custodiant
386 2652 621 2699 efficiantque
653 2656 695 2688 ut
712 2664 859 2699 poenae
906 2652 976 2689 elin
1005 2652 1169 2689 uentibus
1192 2653 1439 2699 imponantur.
1486 2652 1568 2688 Hoc
1590 2652 1708 2699 ipsum
1731 2656 1851 2688 autem
1874 2652 1919 2688 iis
1941 2652 2005 2704 qui
2027 2652 2066 2687 in
2082 2651 2278 2699 provincia
2299 2654 2385 2687 sunt

149 2706 198 2732 ex
222 2701 422 2742 praecepto
456 2701 516 2733 tuo
548 2709 572 2732 a
593 2709 662 2744 pro
691 2698 757 2733 riis
780 2663 1052 2744 maqistratizus
1073 2708 1142 2745 per
1165 2697 1282 2733 edicta
1301 2697 1534 2744 manifestum
1554 2697 1639 2743 fieri
1659 2696 1832 2740 volumus,
1857 2697 1929 2733 nisi
1950 2697 2023 2744 ipsi
2045 2707 2190 2743 quoque
2211 2695 2385 2734 extremis

145 2742 276 2787 poenis
299 2742 414 2777 subici
434 2742 542 2779 velint
564 2748 601 2778 et
623 2754 661 2778 ac
671 2743 973 2779 ministrationum
997 2747 1031 2778 et
1055 2743 1230 2779 bonorum
1253 2743 1451 2785 amissioni,
1475 2743 1509 2778 si
1531 2742 1621 2789 quid
1642 2741 1771 2778 horum
1794 2742 2033 2794 neqleoeerint.

287 2785 321 2821 E
322 2786 398 2839 pil
406 2797 427 2821 ο
435 2798 458 2832 q
469 2798 526 2822 us.
567 2787 666 2830 Quae
689 2788 804 2833 iqitur
832 2788 936 2824 nobis
961 2787 1183 2835 placuerunt
1212 2790 1248 2824 et
1271 2799 1345 2835 per
1377 2787 1472 2824 hanc
1499 2797 1641 2824 sacram
1670 2792 1937 2835 praqmataecam
1963 2787 2126 2833 formam
2152 2785 2386 2824 declarantur

149 2834 211 2867 tua
233 2830 355 2877 ιοἷονια
379 2831 428 2866 ad
448 2842 540 2877 opus
563 2832 801 2879 effectumque
824 2833 1004 2869 adducere
1025 2833 1178 2869 studeat.

194 2980 214 3012 2
246 2979 335 3022 με’ρη
360 2978 391 3011 L
419 2977 432 3021 ss
465 2980 502 3011 10
537 2974 743 3019 διατάξεως]
773 2991 842 3012 nov.
869 2980 951 3012 XII
974 2979 986 3022 ΙΙ
1020 2981 1062 3013 14
1085 2980 1234 3034 γενομέ-
1303 2975 1513 3023 ἀμελήσειεν
1537 2980 1568 3012 L
1584 2978 1596 3024 ΙΙ
1616 2979 1658 3014 28
1682 2981 1804 3013 subscr.
1828 2991 1887 3012 om.
1909 2979 1998 3019 Am„
2024 2978 2155 3017 Theod..
2181 2976 2248 3010 dat.
2272 2976 2321 3010 M
2332 2988 2383 3010 re·

147 3034 230 3057 νους
254 3036 321 3057 cum
346 3023 545 3057 Haloandro
569 3024 653 3066 vuly.
673 3022 685 3066 ΙΙ
701 3022 834 3067 γάμους
859 3025 949 3057 MaL
967 3024 979 3066 ΙΙ
999 3026 1039 3058 16
1064 3036 1094 3057 ει
1117 3024 1235 3065 μείζο-
1305 3026 1400 3067 liquis
1424 3025 1567 3063 missin
1592 3024 1842 3058 constitutionem
1867 3023 2071 3057 recentiorem
2087 3021 2217 3056 novella
2233 3020 2315 3055 XII
2325 3021 2382 3066 (cfi

148 3071 219 3110 νος]
245 3068 276 3101 εἰ
300 3081 358 3102 οηι.
385 3069 415 3101 L
446 3067 459 3112 ΙΙ
486 3064 675 3101 ἐλάττονες
700 3069 749 3100 L⁰
776 3067 788 3112 ΙΙ
819 3068 1060 3102 καταστάσεος
1082 3069 1127 3102 Μ
1148 3069 1160 3112 ΙΙ
1193 3071 1232 3103 17
1306 3071 1357 3103 10.
1381 3071 1433 3104 12.
1460 3071 1513 3111 14)
1546 3076 1604 3103 aut
1634 3070 1734 3103 eidem
1766 3080 1852 3102 anno
1876 3068 1943 3102 535
1976 3074 2034 3101 aut
2056 3079 2141 3101 anno
2166 3066 2243 3108 536,
2267 3067 2385 3110 quibus

148 3112 356 3153 ἐπεξιόντος
380 3114 411 3147 L
440 3113 453 3156 ΙΙ
485 3115 525 3148 19
558 3111 658 3158 εἴπερ
685 3111 758 3156 καὶ]
787 3115 847 3145 καὶ
871 3126 929 3146 om.
955 3114 986 3146 L
1013 3114 1032 3191 Η
1057 3111 1233 3147 δυσκολώ-
1303 3116 1398 3148 annis
1420 3115 1512 3148 Flori
1539 3115 1662 3147 comitis
1691 3125 1796 3148 rerum
1826 3114 2031 3156 privatarum
2055 3113 2088 3146 in
2112 3112 2246 3146 novellis
2268 3113 2384 3146 mentio

148 3171 235 3203 τερα
260 3161 304 3192 Μ
315 3162 326 3201 Η
347 3160 388 3193 20
413 3158 462 3192 εἰς
484 3157 527 3191 τὸ
553 3159 596 3199 L]
622 3159 660 3191 ἐκ
684 3157 749 3190 τοῦ
774 3158 816 3190 M
838 3158 850 3201 ΙΙ
873 3160 945 3191 τοῖς
966 3160 1015 3191 m*
1036 3169 1074 3191 ας
1098 3159 1138 3192 ἐν
1161 3160 1235 3192 τοῖς
1302 3161 1481 3193 continetur
1514 3159 1569 3202 (cst
1603 3170 1675 3192 nov.
1701 3156 1820 3191 XXII
1847 3165 1925 3191 extr.
1956 3170 1990 3200 p.
2017 3158 2092 3197 187,
2111 3158 2141 3198 9)
2167 3156 2384 3201 probabiliter

147 3206 204 3246 (cst
224 3206 300 3246 729,
313 3206 373 3247 22j]
398 3203 460 3238 τὰς
484 3202 612 3238 ποινὰς
635 3205 708 3236 τοῖς
724 3215 791 3236 cum
810 3204 1006 3236 Haloandro
1021 3205 1108 3247 vulq.
1127 3205 1208 3238 male
1222 3203 1234 3247 Η
1303 3205 1415 3238 tribuit
1450 3204 1573 3238 Biener
1602 3215 1637 3247 p.
1659 3203 1743 3241 5343
1780 3201 1909 3237 novella
1942 3202 2140 3238 CXXXIX
2170 3202 2383 3245 antiquiorem

150 3251 190 3283 23
217 3250 360 3284 τούτων
384 3250 416 3283 L
444 3249 456 3294 ΙΙ
487 3250 530 3283 24
552 3250 636 3290 τοῖς]
660 3247 714 3282 τῶ
741 3248 772 3281 L
802 3247 815 3293 ΙΙ
841 3245 1067 3292 πραγμάτων
1087 3249 1118 3283 L
1146 3248 1159 3293 ΙΙ
1190 3250 1233 3282 26
1302 3261 1369 3283 esse
1393 3261 1432 3283 ex
1451 3249 1614 3293 prooemio
1638 3248 1754 3282 conicit
1772 3247 1970 3282 Zacharia«.
