2592 3840
270 87 377 133 Nov.
398 90 620 135 LXXXIX
652 94 703 134 12
1339 91 1424 140 442
1455 87 1462 96 ’
1864 108 2027 148 omnus
2053 109 2189 144 uoms
2217 112 2479 146 sArunAnns

270 197 387 234 οὐκέτι
411 198 603 244 δεήσονταί
623 215 737 236 τινων
761 202 850 248 πρὸς
872 199 1042 248 ἀσέβειαν
1064 201 1086 247 ἢ
1109 204 1199 250 πρὸς
1221 206 1341 252 έπιορ-
1409 216 1515 252 quam
1545 205 1698 251 egebunt
1729 207 1938 252 quibusdam
1972 209 2019 245 ad
2052 209 2268 256 impietatem
2301 215 2365 248 aut
2394 222 2477 258 per·

270 249 352 280 κίαν
381 246 547 291 ἑτοίμων,
582 244 664 281 ἀλλ’
699 244 862 282 αὐτόθεν
897 249 965 292 τὴν
997 249 1139 284 ἑαυτῶν
1169 251 1342 296 καθαρῶς
1409 252 1538 286 iurium
1560 252 1793 297 praeparatis,
1818 253 1880 288 sed
1899 263 1944 289 ex
1961 253 2039 299 ipso
2059 265 2160 290 suam
2178 254 2366 301 disponent
2414 268 2479 295 ure

272 288 488 334 διαθήσουσι
501 291 658 338 γνώμην.
697 290 785 326 εἰδὲ
803 294 917 335 ἕχοιέν
934 305 1035 328 τινας
1053 295 1131 329 τῶν
1145 291 1341 336 ἀνιόντων,
1410 296 1631 332 sententiam.
1679 297 1717 332 Si
1740 307 1822 333 vero
1846 298 2037 334 habuerint
2066 299 2105 334 hi
2127 310 2216 345 quos
2238 268 2478 346 praedixfinus

271 334 339 378 τὴν
362 335 517 381 νόμιμον
540 336 914 381 καταλιμπανέτωσαν
939 335 1058 373 αὐτοῖς
1079 342 1219 394 μοῖραν,
1250 338 1296 384 ἣν
1319 339 1339 375 ὁ
1410 341 1547 386 aliquos
1560 341 1833 386 ascendentium,
1850 342 2040 387 legitimam
2054 344 2104 380 eis
2116 345 2318 391 relinquant
2328 351 2477 392 partem,

271 379 379 424 νόμος
397 385 456 414 καὶ
477 378 573 425 ἡμεῖς
589 380 776 426 ἐτάξαμεν,
798 383 840 416 τὸ
863 381 903 417 δὲ
921 382 1053 418 λοιπὸν
1075 381 1177 419 α’παν
1195 386 1242 420 εἰς
1260 386 1343 421 τοὺς
1377 389 1396 420 5
1410 395 1515 431 quam
1538 386 1596 421 lex
1624 390 1660 422 et
1682 397 1749 423 nos
1773 388 2035 431 constituimus,
2066 389 2239 434 reliquam
2260 400 2342 426 vero
2365 392 2478 428 totam

272 426 439 469 φυσικοὺς
462 424 592 460 παῖδας
622 425 748 462 ἄδειαν
772 429 952 470 ἐχέτωσαν
974 432 1240 475 παραπέμπειν.
1282 434 1342 465 καὶ
1409 431 1446 466 in
1462 431 1642 467 naturales
1665 431 1757 468 filios
1782 433 1939 469 habeant
1959 434 2180 479 relinquendi
2201 434 2394 474 licentiam.
2429 437 2480 473 Et

270 468 386 504 ταῦτά
409 484 527 516 φαμεν
551 472 611 506 ἐπὶ
634 473 711 507 τῶν
734 471 922 519 ἐγγράφοις
945 471 968 517 ἢ
991 477 1152 519 νομίμοις
1174 474 1342 520 βουλήσε-
1410 476 1480 511 hoc
1503 475 1652 512 dicimus
1676 486 1784 531 super
1798 477 1853 514 his
1878 478 1939 524 qui
1959 478 1996 514 in
2012 479 2155 524 scriptis
2178 482 2215 515 et
2235 480 2399 525 legitimis
2416 491 2478 518 vo-

270 515 296 550 4
340 526 400 549 σιν
424 512 703 561 ἀποτιθεμένων
733 518 802 561 τὴν
825 518 966 553 ἑαυτῶν
986 519 1144 565 γνώμην.
1192 522 1238 555 Εἰ
1260 523 1342 565 με’ν-
1410 521 1436 556 4
1479 520 1675 557 luntatibus
1698 521 1890 567 disponunt
1921 533 2023 559 suam
2045 524 2268 560 sententiam.
2338 525 2376 561 Si
2398 526 2479 570 quis

270 573 327 593 τοι
350 558 567 603 τελευτήσειέ
586 573 640 596 τις
661 566 808 608 γνησίας
831 560 928 606 αὐτῷ
948 563 1133 599 παντελῶς
1153 566 1259 610 γονῆς
1279 563 1343 608 οὐχ
1411 566 1530 601 autem
1565 565 1754 603 defunctus
1788 567 1896 604 fuerit
1929 568 2086 613 legitima
2119 569 2153 605 ei
2184 570 2324 607 omnino
2355 570 2480 607 sobole

271 602 444 648 ὑπούσης,
479 604 625 641 παίδων
660 609 780 651 φαμὲν
814 606 839 651 ἢ
873 607 1036 655 ἐγγόνων
1070 607 1093 653 ἢ
1126 611 1188 651 τῆς
1219 611 1342 655 ἐφεξῆς
1358 612 1397 645 10
1411 621 1482 646 non
1503 613 1657 655 extante,
1681 611 1833 648 filiorum
1856 612 2004 649 dicimus
2028 618 2092 650 aut
2113 617 2283 660 nepotum
2305 615 2360 651 vel
2380 615 2478 651 dein-

271 648 451 693 διαδοχῆς,
476 648 559 685 οὐδὲ
581 656 732 696 νομίμου
755 654 924 699 γαμετῆς,
955 654 1032 689 εἶτα
1051 653 1270 699 τελευτήσειε
1291 655 1341 700 μὴ
1413 665 1496 700 ceps
1528 656 1781 699 successionis,
1816 667 1932 703 neque
1965 659 2118 704 legitima
2150 660 2315 705 coniuge,
2351 659 2479 696 deinde

270 692 483 739 διαθέμενος
512 696 581 740 τὴν
611 694 750 740 οὐσίαν,
785 697 845 732 καῖ
876 695 1039 745 ἀφίκοιτο
1070 703 1255 746 συγγένεια
1283 714 1342 735 τυ-
1410 700 1582 736 moriatur
1602 711 1675 736 non
1697 701 1888 747 disponens
1911 703 1955 739 de
1974 704 2192 749 substantia,
2217 708 2253 741 et
2274 705 2393 742 veniat
2417 715 2478 741 co-

268 740 335 781 χὸν
359 739 380 783 ἢ
411 744 471 774 καὶ
501 740 745 788 ἐλευθερωτής
777 743 862 777 ἴσως
892 744 961 787 τὴν
985 742 1202 789 διακατοχὴν
1233 758 1340 779 κατα-
1408 746 1529 790 gnatio
1558 745 1681 781 forsan
1711 750 1775 782 aut
1808 748 1914 783 etiam
1944 749 2180 785 manumissor
2210 753 2335 796 utpote
2365 750 2477 786 bono·

269 788 379 819 σείων
408 799 448 819 τε
479 790 539 820 καὶ
569 786 907 832 ἐπανατεινόμενος,
941 786 964 832 ἢ
999 793 1059 823 καὶ
1091 791 1133 824 τὸ
1170 787 1276 835 ἡμέτε
1299 803 1342 824 ον
1408 801 1486 826 rum
1517 790 1776 836 possessionem
1806 803 1955 829 movens
1982 797 2018 828 et
2045 794 2247 839 insurgens,
2279 798 2343 831 aut
2372 795 2478 831 etiam

268 833 430 874 ταμιεῖον
459 829 555 873 (οὐδὲ
582 832 651 879 γὰρ
676 834 811 867 ἐκείνου
841 832 884 868 τό
939 847 956 868 ε
985 835 1045 869 ἐπὶ
1073 834 1193 879 τούτῳ
1222 803 1339 881 φειεδό·
1355 836 1394 869 15
1409 838 1570 871 nostrum
1603 836 1780 872 aerarium
1814 840 1909 879 (nam
1944 848 2010 874 nec
2044 839 2097 874 illi
2127 843 2297 885 quantum
2331 839 2379 876 ad
2406 840 2476 876 hoc

267 875 390 918 μεθα),
421 876 472 919 εἴη
497 874 537 909 δὲ
559 875 658 920 αὐτῷ
683 878 775 911 κατὰ
805 878 871 913 τὸν
894 847 993 914 οἷκον
1016 881 1083 914 ἕως
1104 881 1232 925 περιῆν
1248 879 1339 914 ἐλευ-
1407 881 1610 925 parcimus),
1642 880 1690 916 sit
1719 885 1839 917 autem
1869 882 1903 918 ei
1933 882 2046 919 donec
2068 883 2195 920 vixerit
2216 884 2328 920 libera
2349 885 2477 921 mulier

268 920 363 964 θέρα
396 933 436 954 τε
469 922 557 967 γυνὴ
593 924 633 957 έν
665 921 848 967 παλλακῆς
883 923 1037 968 σχήματι
1070 927 1244 967 συνοῦσα,
1280 928 1340 959 καὶ
1407 926 1444 961 in
1465 926 1644 961 schemate
1668 927 1886 962 concubinae
1910 928 2065 971 sociata,
2095 931 2132 964 et
2154 929 2218 964 filii
2240 939 2285 965 ex
2308 939 2352 965 ea
2382 930 2475 973 (tali-

268 963 391 1000 παῖὸες
416 966 453 1006 ἐξ
477 963 585 1010 αὐτῆς
609 970 694 1010 (τοῖς
712 967 782 1015 γὰρ
802 967 974 1003 τοιούτοις
996 967 1120 1014 μόνοις
1142 971 1259 1004 ταῦτα
1281 983 1339 1004 νο-
1408 971 1475 1006 bus
1499 971 1592 1006 enim
1616 970 1835 1007 solummodo
1859 972 1950 1008 haec
1972 973 2162 1016 sancimus,
2185 974 2248 1010 ubi
2263 975 2404 1010 omnino
2420 975 2475 1010 in·

265 1011 507 1055 μοθετοῦμεν,
531 1012 629 1046 ἔνθα
652 1012 840 1048 παντελῶς
863 1011 1176 1060 ἄναμφιςβὴτητός
1199 1017 1298 1049 ἐστιν
1318 1011 1341 1058 ἦ
1409 1015 1592 1051 dubitatus
1627 1017 1682 1051 est
1716 1019 1753 1051 et
1789 1017 2009 1054 concubinae
2045 1019 2083 1054 in
2118 1018 2221 1054 domo
2257 1018 2405 1056 affectus
2441 1021 2477 1055 et

267 1068 306 1088 τε
336 1057 398 1098 τῆς
430 1055 610 1101 παλλακῆς
643 1058 734 1092 κατὰ
767 1058 836 1093 τὸν
865 1059 964 1093 οἷκον
995 1063 1110 1102 σχέσις
1143 1056 1167 1103 ἤ
1196 1073 1235 1094 τε
1263 1061 1340 1094 τῶν
1354 1060 1395 1093 20
1407 1061 1562 1096 filiorum
1584 1060 1715 1096 ibidem
1737 1062 1857 1106 proles
1881 1065 1917 1098 et
1939 1063 2176 1105 alimentum):
2213 1064 2337 1100 damus
2365 1063 2417 1100 eis
2440 1067 2478 1100 et

267 1098 413 1135 παίδων
445 1103 556 1136 ἐκεῖσε
583 1103 672 1149 γονὴ
697 1106 757 1137 καὶ
779 1103 924 1150 τροφήν
961 1102 1107 1149 δίδομεν
1132 1102 1251 1139 αὐτοῖς
1281 1108 1340 1139 καὶ
1406 1106 1584 1141 intestatis
1618 1106 1826 1151 parentibus
1857 1106 2033 1144 defunctis
2068 1108 2157 1144 duas
2183 1110 2360 1162 paternae
2389 1108 2476 1145 sub·

267 1142 479 1181 ἄδιαθέτων
513 1148 592 1182 τῶν
621 1151 760 1195 γονέων
789 1146 1046 1184 τελευτώντων
1081 1147 1144 1184 δύο
1179 1152 1241 1194 τῆς
1272 1162 1340 1184 πα-
1408 1151 1562 1186 stantiae
1580 1151 1706 1186 uncias
1723 1152 1856 1188 habere
1875 1162 1956 1188 cum
1972 1155 2085 1189 matre
2099 1154 2316 1200 partiendas,
2336 1154 2475 1199 quanti-

265 1190 383 1236 τριρας
415 1189 536 1226 οὐσίας
567 1195 661 1235 ἔχειν
692 1190 851 1240 οὗγκίας,
891 1190 967 1238 ἅμα
997 1195 1041 1241 τῇ
1064 1197 1172 1240 μητρὶ
1200 1197 1339 1274 μεριέο-
1407 1206 1556 1241 cumque
1571 1195 1705 1231 fuerint
1719 1196 1804 1240 filii,
1824 1200 1865 1233 ut
1882 1199 1988 1233 unius
2008 1197 2071 1234 filii
2089 1198 2288 1243 portionem
2307 1201 2344 1235 et
2362 1201 2476 1235 mater

264 1239 390 1280 μένας,
414 1234 563 1283 ὅσοιπερ
585 1237 632 1272 ἄν
654 1238 726 1273 εἶεν
748 1238 785 1273 οἱ
806 1237 947 1280 παῖδες,
978 1236 1066 1273 ὥςτε
1100 1240 1180 1274 ἑνὸς
1210 1253 1276 1275 παι
1302 1240 1340 1274 ὸς
1407 1241 1570 1286 accipiat.
1618 1241 1668 1276 Et
1696 1241 1786 1277 haec
1815 1242 1982 1285 dicimus,
2015 1243 2046 1279 si
2075 1243 2138 1279 uni
2168 1244 2390 1280 concubinae
2417 1254 2476 1280 so-

264 1281 387 1327 (πρὸς)
420 1279 620 1329 ἀναλογίαν
654 1287 714 1318 καὶ
752 1284 821 1327 τὴν
853 1287 990 1329 μητέρα
1024 1284 1233 1330 λαμβάνειν.
1280 1288 1339 1318 καὶ
1352 1285 1393 1318 25
1409 1286 1521 1321 cietur
1549 1290 1585 1321 et
1607 1286 1701 1322 filios
1732 1296 1776 1322 ex
1798 1287 1860 1323 illa
1882 1287 2029 1331 habeat,
2060 1292 2125 1324 aut
2147 1289 2253 1324 etiam
2283 1288 2473 1343 praedece-

265 1326 380 1361 ταῦτά
413 1341 541 1374 φαμεν,
574 1329 605 1362 εἰ
632 1330 699 1373 μιᾷ
729 1328 893 1376 παλλακῇ
923 1334 1102 1372 συνοικοίη
1127 1333 1186 1363 καὶ
1209 1328 1340 1365 παῖδας
1406 1331 1512 1366 dente
1536 1331 1750 1376 concubina,
1773 1336 1887 1368 morte
1909 1333 2031 1369 forsan
2054 1336 2119 1369 aut
2140 1337 2381 1379 separatione,
2411 1333 2475 1369 filii

265 1371 304 1412 ἐξ
328 1373 459 1416 ἐκείνης
484 1375 572 1415 ἔχοι,
604 1371 627 1417 ἢ
647 1377 707 1407 καὶ
735 1371 1036 1419 προαπελθούσης
1065 1376 1128 1418 τῆς
1157 1374 1339 1418 παλλακῆς
1406 1376 1439 1411 ei
1463 1377 1557 1412 domi
1579 1376 1658 1412 sint.
1709 1377 1811 1413 Tunc
1830 1377 1923 1413 enim
1946 1378 2070 1414 damus
2094 1378 2145 1414 eis
2167 1379 2214 1415 ab
2236 1379 2404 1416 intestato
2429 1379 2475 1414 ad

264 1417 421 1461 θανάτῳ
446 1418 555 1460 τυχὸν
578 1416 601 1462 ἢ
623 1431 737 1464 χωρισ
764 1420 793 1461 ᾧ
824 1419 861 1453 οἱ
882 1417 1005 1454 παῖδες
1033 1415 1132 1464 αὐτῷ
1156 1420 1248 1454 κατὰ
1271 1420 1338 1464 τὴν
1406 1421 1555 1457 duarum
1577 1421 1764 1457 unciarum
1786 1423 2017 1459 vocationem.

264 1463 382 1497 οἰκίαν
397 1463 477 1497 εἶεν.
524 1462 608 1498 τότε
630 1464 699 1511 γὰρ
747 1462 869 1508 ίδομεν
894 1462 1011 1499 αὐτοῖς
1033 1464 1102 1509 τὴν
1126 1465 1165 1506 ἐξ
1186 1462 1337 1499 decaet-

264 1509 287 1543 5
333 1521 396 1542 του
419 1508 509 1553 πρὸς
530 1508 573 1542 τὸ
596 1507 778 1555 ὃιούγκιον
800 1509 937 1553 κλῆσιν.
997 1511 1042 1543 Εἰ
1066 1508 1105 1544 δὲ
1128 1512 1245 1553 ἐκκεχυ
1273 1513 1338 1545 ε’να
1350 1511 1428 1548 305
1475 1510 1513 1546 Si
1542 1521 1626 1546 vero
1658 1510 1773 1547 effusa
1803 1512 2093 1558 concupiscentia
2120 1512 2154 1548 ei
2181 1511 2291 1548 fuerit
2319 1515 2356 1548 et
2384 1512 2474 1548 allas

263 1553 310 1586 τὰ
330 1555 392 1597 τῆς
413 1554 608 1597 ἐπιθυμίας
632 1551 730 1596 αὐτῷ
754 1557 895 1601 γένοιτο
918 1558 978 1588 καὶ
997 1553 1104 1589 ἄλλας
1127 1552 1189 1589 ἐπ’
1215 1555 1240 1588 ἅ
1262 1554 1338 1589 λαις
1405 1566 1514 1600 super
1537 1556 1626 1592 alias
1648 1556 1885 1592 introduxerit
1907 1557 2019 1603 priori
2042 1557 2275 1601 concubinas,
2299 1561 2335 1593 et
2356 1557 2473 1593 multi-

265 1596 487 1645 ἐπειςαγάγοι
516 1600 561 1642 τῆ
590 1602 747 1645 προτέρᾳ
777 1598 975 1641 παλλακάς,
1006 1603 1066 1633 καὶ
1095 1599 1236 1644 πλῆθος
1263 1602 1337 1643 ἔχοι
1405 1601 1563 1636 tudinem
1593 1601 1759 1637 habuerit
1786 1602 1971 1638 mulierum
2001 1602 2253 1638 fornicantium
2285 1603 2350 1646 (sic
2382 1602 2475 1638 enim

262 1645 446 1689 γυναικῶν
476 1635 751 1689 πορνευομένων
782 1641 892 1687 (οὕτω
920 1644 990 1691 γὰρ
1025 1645 1139 1679 εἰπεῖν
1169 1644 1337 1688 κάλλιον),
1405 1645 1523 1681 dicere
1544 1647 1669 1682 melius
1693 1649 1772 1690 est),
1801 1650 1839 1682 et
1861 1657 1904 1683 ex
1933 1648 1985 1684 eis
2013 1647 2106 1684 filios
2136 1648 2273 1684 habens
2304 1647 2475 1684 moriatur

264 1692 323 1722 καὶ
359 1688 398 1729 ἐξ
432 1686 555 1723 αὐτῶν
590 1687 912 1734 παιδοποιούμενος
950 1687 1168 1733 τελευτήσειε
1206 1690 1338 1725 πολλὰς
1405 1691 1533 1727 multas
1566 1691 1671 1727 simul
1703 1692 1867 1728 deserens
1898 1693 2132 1736 concubinas,
2164 1692 2304 1729 odibilis
2335 1692 2474 1738 quidem

264 1732 354 1778 ὁμοῦ
386 1733 598 1769 καταλιπων
627 1733 828 1776 παλλακάς,
856 1734 1004 1779 μισητὸς
1025 1736 1093 1779 μὲν
1123 1733 1143 1769 ὁ
1168 1736 1337 1778 τοιοῦτος,
1350 1737 1393 1770 35
1405 1740 1460 1771 est
1482 1736 1550 1772 iste
1571 1737 1672 1780 talis,
1695 1737 1823 1781 procul
1845 1740 1964 1773 autem
1987 1738 2055 1773 hac
2076 1737 2153 1782 lege
2174 1737 2288 1773 modis
2311 1737 2474 1774 omnibus

263 1779 336 1824 πόρ
361 1793 389 1813 ω
422 1777 462 1813 δὲ
492 1781 557 1814 τοῦ
587 1778 700 1824 νόμου
730 1779 906 1820 καθάπαξ
935 1780 1025 1824 μετὰ
1053 1781 1131 1815 τῶν
1159 1779 1338 1815 τοιούτων
1407 1791 1487 1816 cum
1516 1781 1646 1817 talibus
1679 1781 1761 1818 filiis
1795 1784 1832 1817 et
1866 1782 2072 1818 concubinis
2106 1782 2326 1819 excludatur.
2373 1782 2474 1818 Sicut

264 1825 333 1860 παί
356 1838 410 1859 ων
440 1827 500 1858 καὶ
529 1823 724 1860 παλλακῶν
748 1822 1021 1860 ἀπελαυνέσθω.
1070 1822 1186 1871 ὥςπερ
1215 1826 1284 1872 γὰρ
1307 1827 1342 1860 εἴ
1406 1826 1500 1861 enim
1522 1826 1554 1862 si
1577 1827 1655 1872 quis
1678 1826 1855 1872 legitimae
1879 1828 2067 1873 copulatur
2089 1827 2210 1869 uxori,
2235 1827 2324 1863 alias
2348 1837 2471 1873 super-

263 1881 316 1904 τις
345 1873 486 1915 νομίμῳ
519 1874 698 1913 συνοικοίη
729 1874 884 1916 γυναικί,
917 1869 1024 1904 ἄλλας
1055 1870 1251 1915 ἐπειςάγειν
1273 1868 1337 1905 οὐκ
1405 1871 1572 1908 inducere
1603 1877 1675 1907 no'n
1705 1873 1835 1917 poterit
1864 1872 2086 1909 matrimonio
2117 1872 2334 1908 consistente
2363 1876 2400 1908 et
2428 1882 2473 1908 ex

263 1914 310 1949 ἂν
327 1914 475 1950 δύναιτο
499 1916 563 1949 τοῦ
582 1919 802 1949 συνοικεσίου
825 1916 1048 1950 συνεστῶτος
1072 1918 1132 1949 καὶ
1155 1916 1193 1956 ἐξ
1215 1913 1339 1950 αὐτῶν
1408 1916 1463 1952 his
1486 1916 1659 1961 legitimos
1682 1926 1882 1962 procreare,
1908 1918 1961 1954 ita
1983 1927 2097 1963 neque
2119 1921 2203 1963 post
2225 1918 2380 1963 agnitam
2402 1928 2472 1964 quo

262 1965 422 2006 νομίμως
451 1958 769 2003 παιδοποιεῖσθαι,
800 1957 914 1995 οὕτως
937 1958 1021 1994 οὐδὲ
1041 1961 1133 2005 μετὰ
1155 1960 1225 2005 τὴν
1246 1974 1339 2007 γνω-
1352 1964 1394 1997 40

317 2032 338 2074 ξ
358 2023 395 2065 ’4.
420 2032 439 2063 5
460 2029 580 2073 paucis
602 2030 732 2063 mutatis
752 2031 907 2072 repetitae
929 2037 1004 2063 sunt
1027 2042 1065 2063 ex
1088 2042 1158 2063 nov.
1184 2030 1325 2081 XVIII
1343 2042 1369 2063 c.
1388 2031 1407 2063 5
1432 2030 1522 2070 (131,
1536 2031 1706 2070 14—132,
1719 2030 1776 2072 16).

261 2108 414 2155 eqebunt
437 2105 649 2154 quibusdam
673 2106 723 2142 ad
745 2106 962 2153 impietatem
978 2106 1036 2142 vel
1056 2106 1106 2142 ad
1126 2106 1327 2152 periurium
1344 2106 1503 2159 paratis,
1526 2105 1591 2143 sed
1609 2106 1780 2154 protinus
1796 2117 1900 2142 suam
1923 2106 1995 2153 ipsi
2013 2105 2231 2143 voluntatem
2246 2117 2346 2154 pure
2361 2117 2472 2162 prae-

262 2155 406 2200 cipient.
453 2152 494 2187 Si
518 2162 610 2198 quos
632 2155 751 2187 autem
775 2151 1042 2187 ascendentium
1062 2151 1229 2195 habeant,
1254 2151 1448 2198 leqitzmam
1471 2151 1517 2186 iis
1566 2157 1679 2187 artem
1698 2151 1916 2198 relinquant,
1939 2162 2047 2198 quam
2065 2151 2129 2188 lex
2147 2155 2184 2188 et
2197 2162 2271 2204 nos·
2287 2157 2472 2204 constitut·

261 2210 361 2241 mus;
382 2197 559 2244 reliquum
583 2207 667 2233 vero
693 2207 795 2232 omne
818 2196 867 2232 ad
886 2196 1018 2232 liberos
1035 2196 1221 2233 naturales
1237 2196 1502 2232 transmittendi
1539 2197 1706 2232 icentiam
1722 2196 1886 2232 habeant.
1930 2198 2048 2243 Atque
2063 2196 2152 2232 llaec
2175 2196 2221 2233 de
2243 2198 2289 2233 its
2311 2197 2472 2241 ducimus,

261 2245 287 2280 4
331 2245 395 2290 qui
415 2242 562 2289 scriptis
591 2245 626 2277 et
656 2242 823 2288 leqitimis
853 2242 1072 2277 testamentis
1103 2242 1323 2277 voluntatem
1352 2252 1455 2277 suam
1478 2241 1657 2294 mandent.
1749 2240 1791 2295 Si
1813 2241 1894 2288 quis
1916 2251 2001 2277 vero
2026 2241 2219 2294 defunctus
2244 2242 2294 2278 sit
2315 2242 2473 2296 leqitima

260 2289 385 2326 subole
409 2288 554 2324 omnino
577 2286 679 2322 nulla
701 2286 840 2330 relicta,
864 2287 985 2323 liberis
1008 2287 1158 2323 dicimus
1180 2290 1245 2322 aut
1267 2286 1456 2333 nepotibus
1479 2290 1544 2322 aut
1565 2287 1706 2333 reliqua
1727 2286 1831 2323 deme
1876 2297 1896 2322 s
1917 2297 2150 2330 successione,
2174 2297 2290 2339 neque
2312 2287 2474 2334 leqmma

239 2357 243 2361 <
261 2335 424 2380 coniuqe‚
447 2333 549 2379 isque
572 2343 644 2367 non
666 2335 815 2368 testatus
837 2331 882 2368 de
895 2331 1096 2368 substantia
1118 2343 1187 2367 sua
1210 2331 1411 2374 decesserit,
1435 2342 1480 2367 ac
1503 2332 1648 2368 veniant
1670 2332 1816 2379 coqnati
1831 2297 1998 2378 ssrtasse
2023 2331 2080 2368 vel
2094 2332 2197 2378 forte
2219 2337 2325 2384 ettam
2348 2343 2473 2368 manu-

261 2381 390 2415 missor
413 2379 477 2425 qui
498 2379 668 2414 bonorum
683 2378 951 2424 possessionem
974 2378 1088 2430 aqitet
1119 2383 1228 2423 atque
1251 2376 1430 2419 intendat,
1464 2376 1520 2413 vel
1541 2378 1834 2429 etiam-nostrum
1857 2377 2039 2430 aerarium
2069 2378 2168 2429 (nant
2187 2388 2232 2413 ne
2253 2376 2309 2413 ulle·
2329 2377 2474 2432 quide-ng

262 2428 435 2471 quantum
462 2423 511 2458 ad
532 2422 627 2458 hanc
649 2433 724 2457 rem
740 2423 961 2469 parcimus),
991 2422 1052 2458 ille
1076 2433 1159 2458 vero
1184 2422 1281 2458 domi
1304 2422 1388 2457 dum
1410 2422 1550 2458 vivebat
1570 2426 1607 2458 et
1636 2421 1783 2458 liberam
1806 2421 1988 2458 mulierem
2017 2421 2237 2474 concubinae
2259 2422 2382 2459 babitu
2403 2422 2471 2459 sthi

262 2472 419 2505 iunctam
442 2473 478 2505 et
501 2468 630 2504 liberos
653 2478 703 2504 ex
725 2478 768 2503 ea
790 2467 956 2503 habuerit
985 2466 1131 2510 (talibus
1154 2467 1247 2502 enim
1269 2467 1359 2502 solis
1381 2466 1469 2503 haec
1492 2467 1684 2510 sancimus,
1708 2468 1769 2503 ubi
1790 2467 1892 2519 nulla
1916 2467 2058 2503 omnino
2081 2467 2258 2520 dubitatio
2281 2472 2336 2504 est
2357 2478 2473 2520 neque

262 2515 306 2551 de
329 2514 527 2550 concubina
550 2513 588 2548 in
612 2513 716 2548 domo
742 2512 865 2548 habita
889 2523 934 2548 ne
959 2523 1003 2548 ue
1026 2512 1071 2548 de
1094 2512 1217 2548 liberis
1239 2511 1368 2548 ibidem
1389 2517 1425 2548 et
1444 2512 1650 2558 procreatis
1675 2516 1710 2547 et
1732 2511 1926 2555 educans):
1957 2511 2184 2565 concedamus
2205 2522 2270 2555 us,
2301 2515 2342 2548 ut
2363 2516 2472 2548 ettam

263 2560 442 2595 intestatis
467 2557 682 2605 parentibus
712 2557 896 2603 defunctis
955 2568 1021 2592 uas
1052 2558 1178 2593 uncias
1205 2561 1383 2604 paternae
1406 2556 1630 2593 substantiae
1659 2568 1739 2593 cum
1769 2561 1885 2592 matre
1913 2556 2127 2610 dividendas
2158 2555 2332 2609 habeant,
2367 2561 2472 2603 quot-

263 2615 412 2650 cumque
433 2604 573 2648 fuerint
598 2602 711 2645 liberi,
736 2604 789 2638 ita
814 2606 852 2637 ut
867 2613 943 2649 pro
967 2606 1049 2637 rata
1073 2603 1179 2638 unius
1198 2603 1269 2647 filii
1290 2606 1405 2638 mater
1420 2613 1565 2648 quoque
1588 2602 1756 2648 accipiat.
1803 2603 1920 2648 Atque
1943 2601 2032 2638 haec
2054 2602 2216 2645 ducimus,
2238 2612 2270 2637 st
2293 2613 2368 2638 una
2389 2613 2472 2638 con-

263 2649 391 2685 cubina
415 2659 502 2683 usus
523 2648 572 2683 sit
594 2651 629 2683 et
650 2658 699 2683 ex
721 2658 764 2682 ea
788 2646 921 2683 liberos
942 2647 1151 2693 susceperit,
1185 2647 1241 2683 vel
1262 2647 1370 2682 etiam
1393 2648 1427 2682 si
1446 2657 1526 2682 cum
1552 2647 1659 2700 prius
1689 2647 1893 2699 discesserit
1923 2646 2124 2698 concubina
2155 2650 2271 2699 morte
2287 2650 2385 2694 puta
2407 2650 2473 2683 aut

262 2694 503 2741 separatione,
533 2692 635 2728 liberi
657 2693 735 2727 eius
757 2691 855 2727 domi
876 2692 959 2727 sint.
1010 2692 1108 2727 Tunc
1139 2692 1231 2727 enim
1255 2692 1481 2728 concedimus
1502 2692 1594 2734 ilas,
1624 2695 1663 2727 ut
1694 2691 1738 2727 ab
1759 2695 1930 2727 antestato
1961 2702 1999 2726 m
2027 2691 2118 2727 duas
2141 2701 2267 2727 unctas
2290 2696 2471 2743 vocentur.

262 2741 286 2776 5
333 2737 469 2781 Quodsi
489 2737 605 2789 effusa
629 2736 738 2773 libido
762 2737 839 2773 eius
859 2737 975 2783 fuerit
996 2741 1030 2772 cc
1052 2737 1146 2772 alias
1173 2747 1283 2783 super
1306 2736 1399 2772 alias
1420 2739 1506 2783 post
1553 2737 1681 2771 rimam
1697 2736 1917 2787 concubinas
1937 2735 2139 2788 adsciverit,
2162 2739 2197 2771 et
2211 2735 2471 2790 mulntudmerp

263 2784 393 2819 habeat
423 2782 610 2817 mulierum
640 2782 876 2817 scortantium
909 2782 974 2824 (ita
1003 2782 1096 2817 enim
1127 2781 1246 2817 dicere
1273 2785 1466 2828 praestat),
1496 2781 1520 2816 It
1545 2782 1688 2827 erisque
1717 2792 1768 2817 ex
1798 2781 1870 2816 ilas
1896 2786 2102 2827 procreatis
2132 2779 2327 2833 decesserit·
2350 2780 2472 2833 multis

262 2828 370 2864 simul
390 2827 599 2863 concubinis
620 2826 766 2869 relictis,
790 2831 825 2862 et
841 2826 924 2862 odio
944 2826 1076 2872 diqnus
1099 2830 1153 2862 est
1176 2826 1258 2861 talis
1281 2826 1385 2862 nomo
1409 2830 1443 2862 et
1460 2827 1597 2873 procul
1618 2837 1642 2861 a
1665 2826 1743 2873 leqe
1763 2826 1931 2873 protinus
1952 2836 2026 2877 una
2049 2835 2128 2877 cum
2152 2824 2324 2861 eiusmodi
2350 2825 2471 2878 liberis

262 2879 296 2910 et
320 2872 526 2909 concubinis
554 2871 794 2918 depellendus.
849 2870 1154 2914 Quemadmodum
1177 2872 1268 2907 enim
1299 2872 1332 2906 si
1362 2871 1444 2918 quis
1474 2870 1634 2917 leqieima
1662 2872 1776 2907 utitur
1806 2881 1943 2914 uxore,
1973 2869 2068 2905 altas
2083 2879 2257 2922 ‘insuper’
2271 2869 2472 2907 adsciscere

262 2919 346 2954 dum
370 2921 514 2953 constat
529 2917 793 2952 matrimonium
815 2921 851 2952 et
872 2926 922 2951 ea:
945 2916 989 2951 iis
1007 2916 1163 2962 leqitime
1182 2916 1313 2952 liberos
1330 2926 1530 2962 procreare
1550 2916 1685 2961 nequit,
1710 2916 1761 2951 ita
1778 2926 1822 2951 ne
1830 2919 1920 2962 post
1940 2914 2174 2951 concubmam
2193 2914 2336 2961 quidem
2352 2926 2471 2961 quem-

320 3011 340 3044 3
363 3008 394 3042 εἰ
418 3004 457 3041 δέ
481 3007 605 3048 ἔχοιεν]
636 3006 664 3039 si
691 3016 769 3039 vero
799 3006 978 3039 habuerint
1007 3006 1043 3038 hi
1066 3017 1147 3048 quos
1170 3006 1334 3048 praedixi·
1462 3008 1477 3039 1
1505 3004 1627 3047 quibus
1650 3005 1683 3038 V
1699 3004 1750 3047 (·i·
1777 3003 1950 3055 aliquibus.
1969 3016 1994 3037 s.
2011 3016 2040 3037 υ.
2062 3003 2122 3046 17³)
2150 3002 2163 3048 11
2188 3014 2247 3047 per
2270 3004 2382 3038 uirum
2404 3005 2438 3039 R
2460 3005 2472 3051 11

262 3066 335 3088 mus
359 3066 378 3091 ς
406 3053 419 3096 11
445 3054 466 3087 4
491 3048 609 3085 αὐτοῖς
631 3048 1005 3094 καταλιμπανέτωσαν
1030 3051 1078 3084 B⁸
1093 3052 1138 3093 (ς)
1166 3050 1178 3094 11
1205 3054 1335 3095 μοῖραν
1403 3052 1422 3084 2
1446 3051 1502 3083 sed
1526 3050 1657 3091 om.R²,
1681 3049 1737 3082 sed
1760 3051 1792 3082 et
1814 3048 1893 3094 Vssll
1919 3048 2096 3100 disponant
2117 3047 2174 3100 Vll
2195 3059 2310 3092 purem
2332 3051 2386 3084 Τί*
2408 3060 2471 3093 pu·

261 3097 306 3143 ἢν
330 3103 362 3134 in
381 3100 478 3133 litura
494 3098 524 3131 L
540 3097 553 3141 11
578 3099 599 3131 6
622 3098 878 3140 παραπέμπειν
901 3093 1026 3129 ἄδειαν
1050 3096 1229 3137 ἐχέτωσαν
1253 3097 1302 3129 B⁸
1401 3105 1471 3128 ram
1487 3095 1521 3128 R
1538 3096 1551 3137 11
1572 3097 1591 3129 3
1614 3096 1703 3135 vero]
1727 3104 1807 3127 uero
1830 3103 1897 3126 non
1913 3093 1963 3126 R·
1987 3094 1999 3136 11
2019 3094 2070 3126 hu
2084 3093 2135 3126 R²
2157 3103 2193 3126 ιιι
2217 3094 2306 3136 VT1,
2319 3107 2378 3128 om.
2391 3094 2441 3129 R·
2459 3095 2471 3140 11

264 3149 282 3180 7
304 3144 432 3184 ταῦτα]
456 3143 518 3176 hoc
542 3154 561 3179 ς
578 3141 591 3186 11
610 3144 649 3176 10
666 3139 827 3187 ἐκγόνων
840 3142 869 3174 L
888 3141 900 3183 11
921 3143 956 3175 11
985 3138 1213 3183 *τελευτήσω
1229 3141 1300 3174 ML
1401 3142 1423 3174 4
1445 3140 1654 3181 relinquatur
1678 3139 1726 3172 R*
1754 3138 1767 3183 11
1798 3140 1818 3173 5
1842 3141 1949 3171 totum
1969 3138 2003 3172 V
2024 3139 2037 3181 11
2064 3140 2084 3172 6
2107 3138 2230 3172 habent
2251 3139 2284 3173 V
2347 3142 2366 3174 7
2391 3141 2471 3174 haec

266 3194 306 3227 15
329 3188 458 3224 τούτου
481 3189 513 3221 L
536 3188 591 3231 (cf.
611 3189 655 3220 ad
675 3188 749 3226 131,
764 3188 810 3227 20)
829 3185 840 3229 11
856 3182 1062 3228 φειδόμενοι
1081 3186 1126 3218 L¹
1145 3185 1158 3229 11
1178 3186 1218 3220 16
1242 3185 1333 3219 κατὰ
1400 3186 1485 3227 vulq.
1504 3185 1516 3225 ΙΙ
1532 3183 1761 3227 uoluptatibus
1782 3183 1830 3217 V*
1855 3182 1860 3228 1
1877 3185 1896 3218 8
1919 3184 1978 3235 leq.
1993 3182 2189 3227 deponunt?
2208 3184 2220 3227 11
2237 3186 2257 3218 9
2274 3195 2310 3218 so
2354 3183 2386 3218 le
2400 3195 2470 3218 om·

261 3235 330 3270 τὸν
353 3234 452 3269 οἶκον
476 3246 533 3267 om.
547 3244 566 3269 ς
584 3232 596 3276 11
617 3234 656 3267 19
679 3230 924 3276 ἅναμφίτητος
948 3231 979 3263 L
998 3232 1009 3274 11
1027 3232 1067 3265 21
1093 3227 1250 3272 παίδων]
1274 3230 1334 3264 νό-
1400 3230 1481 3263 nino
1496 3229 1528 3262 T
1540 3229 1552 3272 11
1571 3231 1612 3263 10
1637 3229 1823 3261 exhistante
1877 3228 1887 3248 ¹
1912 3230 2073 3262 existente
2090 3228 2139 3262 R²
2155 3228 2167 3273 11
2187 3230 2227 3263 12
2251 3229 2291 3281 de
2310 3240 2370 3263 sua
2391 3229 2470 3264 sub·

262 3281 349 3314 θων
375 3282 498 3322 131,25
528 3277 540 3322 11
568 3279 612 3312 24
636 3273 837 3321 ὁπόσοιπερ
862 3278 937 3317 131,
953 3283 988 3309 28
1019 3274 1031 3319 11
1060 3276 1100 3308 25
1126 3270 1333 3321 ἀναλογίαν]
1400 3274 1522 3307 stantia
1538 3274 1570 3307 T
1587 3273 1626 3306 de
1642 3273 1828 3307 substantia
1851 3283 1912 3325 sua
1934 3274 1989 3307 vul
2013 3274 2047 3317 .11
2070 3275 2109 3308 14
2132 3284 2372 3327 possessionum
2393 3275 2442 3309 T·

261 3323 388 3371 μερίδα
403 3326 492 3362 Bm
517 3321 607 3369 πρὸς
619 3321 978 3366 supplevitHomberyk
990 3333 1028 3354 ex
1042 3321 1163 3362 131‚29
1182 3320 1253 3364 1126
1267 3332 1332 3365 φα·
1404 3321 1443 3354 15
1467 3329 1527 3352 nec
1552 3319 1670 3352 om.R¹
1695 3318 1708 3364 11
1741 3319 1782 3353 16
1805 3319 1859 3359 sit]
1883 3328 1911 3351 si
1931 3318 1988 3362 V}
2023 3318 2138 3360 donec]
2163 3319 2266 3353 donec
2289 3330 2359 3363 lpse
2383 3319 2437 3353 T·

261 3374 340 3415 μεν]
370 3371 436 3414 μὲν
460 3370 491 3402 L
519 3369 532 3412 11
561 3369 600 3402 27
627 3370 726 3410 σχοίη
753 3368 868 3408 131,31
900 3364 913 3406 ΙΙ
941 3367 980 3400 31
1006 3367 1143 3411 γίνοιτο
1170 3367 1245 3405 131,
1259 3373 1292 3399 3⁵
1315 3365 1334 3417 11
1400 3364 1523 3397 uixeris
1543 3364 1596 3417 ,ΙΝ
1613 3363 1626 3408 11
1645 3366 1684 3398 17
1705 3364 1908 3397 concubinae
1929 3365 1998 3404 cei]
2023 3363 2162 3423 cubinpe
2176 3366 2274 3398 —24
2287 3364 2470 3417 dicimus-n

263 3419 305 3450 35
329 3413 567 3449 καταλιπεῖνῗ
592 3413 639 3447 12¹
665 3414 678 3452 ΙΙ
699 3413 777 3456 μὲν]
808 3411 875 3455 μὲν
898 3406 984 3454 ἡμῖν
1010 3412 1084 3451 131,
1100 3417 1135 3444 39
1160 3409 1173 3455 11
1202 3412 1244 3445 36
1267 3422 1332 3443 του
1400 3422 1461 3443 scr.
1475 3408 1525 3442 13²
1538 3422 1569 3442 m
1584 3410 1680 3443 ras-5
1693 3421 1836 3443 versuum
1854 3409 1866 3452 11
1885 3409 1925 3443 18
1941 3409 2021 3442 haec
2042 3409 2165 3463 οῙιι.·1’ι
2183 3409 2196 3453 11
2212 3410 2254 3444 23
2266 3408 2330 3443 filu
2344 3409 2470 3462 fuerint

262 3459 387 3505 νόμου]
422 3457 526 3494 τοῦδε
548 3458 614 3493 τοῦ
637 3456 750 3501 νόμον
777 3458 900 3498 131,·10
932 3456 993 3489 hac
1016 3454 1089 3498 lege
1112 3467 1131 3491 ς’
1149 3455 1161 3498 11
1175 3454 1266 3499 μετὰ
1290 3475 1334 3480 —
1401 3454 1473 3496 R(²)
1489 3454 1502 3497 11
1527 3456 1576 3495 ut]
1601 3456 1659 3487 aut
1684 3454 1735 3488 T¹
1756 3453 1769 3499 11
1796 3455 1837 3487 25
1863 3453 1932 3494 *etJ
1956 3456 2015 3487 aut
2039 3455 2131 3497 labn,
2155 3464 2194 3487 ac
2216 3454 2311 3488 Beck
2335 3452 2348 3499 fl
2369 3456 2468 3487 etlam

264 3509 304 3540 37
325 3504 523 3540 παλλακῶν
547 3517 604 3538 om.
621 3505 696 3544 131,
711 3502 774 3546 4011
793 3503 835 3536 38
855 3504 986 3545 νομίμη
1007 3503 1104 3543 132,1
1125 3499 1137 3545 11
1153 3501 1333 3546 ἐπειςαγα-
1402 3513 1459 3533 om.
1474 3500 1505 3533 B.
1528 3499 1541 3543 11
1565 3499 1860 3543 praedescendente
1873 3499 1979 3532 R¹T¹
2002 3499 2217 3542 praecedente
2236 3498 2293 3544 1711
2317 3499 2360 3533 26
2384 3499 2468 3551 forte

285 3554 338 3585 εῖν
362 3553 422 3585 132
447 3558 463 3584 2
482 3551 552 3594 1140
576 3549 854 3595 γνωριζομένην]
879 3546 931 3589 τῷ
953 3537 1055 3590 νόμῳ
1080 3547 1156 3580 add.
1174 3547 1248 3588 132,
1262 3554 1277 3580 4
1402 3545 1433 3577 R
1448 3543 1460 3589 11
1479 3546 1548 3586 aut]
1574 3547 1632 3578 aut
1655 3545 1753 3578 etiam
1775 3543 1890 3589 Τ1128
1915 3543 1995 3577 duas
2015 3545 2130 3578 uncias
2152 3545 2237 3589 vulq.
2256 3543 2328 3588 1132
2351 3543 2468 3596 habuit

262 3565 284 3599 γ
426 3577 434 3593 ’
1399 3590 1433 3622 R
1448 3590 1460 3641 1¹
1486 3591 1528 3624 35
1546 3590 1661 3633 pr00u1
1678 3591 1799 3631 autem]
1822 3592 2008 3633 proauum
2032 3590 2080 3622 R¹
2097 3589 2110 3634 11
2132 3590 2205 3631 hac]
2229 3599 2268 3622 ao
2289 3588 2345 3633 V}
2368 3589 2411 3624 36
2430 3587 2468 3621 si

1400 3645 1474 3676 quis
1498 3636 1584 3668 enim
1607 3636 1693 3669 sicut
1720 3635 1752 3668 T
1774 3634 1787 3679 11
1814 3635 1854 3668 37
1881 3635 2088 3677 compulatur
2110 3634 2189 3679 V‘ss
2218 3635 2260 3669 38
2284 3633 2395 3677 potuit
2416 3632 2467 3667 R·

1399 3680 1546 3725 potuerit
1565 3681 1645 3727 R²u
1668 3680 1845 3714 consistere
1863 3679 1944 3726 Τ“11
1970 3682 2012 3716 39
2034 3689 2100 3723 quo
2126 3680 2159 3714 T
2166 3680 2263 3725 vala]
2289 3679 2377 3723 quod
2395 3677 2472 3714 RV
