2592 3840
226 100 334 143 Nov.
364 100 490 143 XXII
520 102 586 143 31.
617 102 670 142 32
1294 93 1374 141 172

230 209 507 265 προςετάξαμεν,
546 212 605 244 καὶ
638 206 755 256 ὥςπερ
787 206 964 249 αὔξεσθαι
996 205 1306 254 συνεχωρήσαμεν,

227 253 324 290 οὕτω
356 259 416 289 καὶ
446 256 642 300 μειοῦσθαι
672 256 751 289 τῶν
783 252 1042 287 συνελθόντων
1077 252 1308 297 βουλομένων

228 299 421 346 έφὴκαμεν.
473 298 576 335 Ἀλλὰ
599 301 720 341 τοῦτο,
755 297 796 333 τὸ
819 299 882 341 τῆς
903 295 1086 342 μειώσεως
1110 301 1244 344 φαμέν,
1276 299 1308 332 εἰ

229 343 390 390 δεύτερος
413 348 553 392 γένοιτο
583 342 710 391 γάμος,
743 341 806 377 οὐκ
831 345 849 375 ε’
878 341 1009 386 ήσομεν
1032 343 1106 385 (ἵνα
1130 341 1179 388 μή
1202 356 1238 377 τι
1261 344 1306 391 τῇ

228 393 387 424 Λέοντος
430 391 493 425 τοῦ
535 391 597 433 τῆς
637 387 802 432 εὐσεβοῦς
866 384 975 430 ήξεως
1009 387 1308 434 προςκρούσωμεν

229 434 421 478 διατάξει),
457 432 563 478 ἡνίκα
598 433 722 469 παῖδες
758 435 795 467 ἐκ
834 433 898 466 τοῦ
936 435 1111 480 προτέρου
1144 436 1308 480 γένοιντο

228 478 353 528 γάμου.
412 481 458 515 Εἰ
488 479 556 527 γὰρ
588 478 743 533 ἄμετρον
767 475 908 520 ἐπιδοίη
939 478 1008 520 τὴν
1035 480 1166 524 προῖκα
1195 475 1217 521 ἢ
1240 477 1308 521 τὴν

230 529 475 572 προγαμιαίαν
507 523 647 569 δωρεὰν
670 537 688 557 o
718 523 840 570 γονεὺς
871 519 893 565 ἢ
917 519 1043 569 ἕτερόν
1063 536 1100 557 τι
1123 522 1307 569 φιλοτιμή-

230 582 347 612 σαιτο,
371 570 449 604 εἶτα
465 566 759 613 συναισθόμενος,
784 569 849 602 ποῖ
894 570 1013 613 έρεται
1035 566 1081 602 τὰ
1098 569 1163 602 τοῦ
1182 566 1304 612 νόμου,

2190 109 2251 140 DE
2278 107 2456 141 NUP'rns

1377 208 1439 244 sed
1475 208 1580 244 etiam
1614 218 1638 243 a
1674 206 1852 259 principio
1889 205 1967 241 dari
2000 206 2258 259 praecepimus,
2293 211 2329 242 et
2364 207 2458 243 sicut

1377 253 1500 297 augeri
1523 253 1762 298 permisimus,
1786 256 1839 287 ita
1863 260 2005 296 quoque
2027 251 2138 287 minui
2162 251 2456 287 contrahentibus

1376 298 1576 334 volentibus
1601 296 1854 333 concessimus.
1901 295 1971 331 Sed
1994 295 2081 339 hoc,
2107 296 2202 341 quod
2225 296 2270 332 de
2297 295 2455 333 deminu-

1377 343 1475 379 tione
1499 343 1634 378 dictum
1661 344 1727 384 est,
1753 342 1783 376 si
1807 340 1986 378 secundae
2008 340 2098 376 fiant
2120 341 2277 386 nuptiae,
2302 352 2374 377 non
2393 351 2455 395 pe-

1343 391 1362 423 5
1377 388 1556 434 percimus
1580 391 1636 429 (ut
1656 398 1730 422 non
1748 386 1867 440 aliquo
1885 385 1990 422 modo
2008 385 2142 422 Leonis
2163 386 2247 438 piae
2268 395 2457 425 memoriae

1378 433 1599 469 offendamus
1633 432 1957 474 constitutionem),
1998 441 2079 480 cum
2109 430 2173 466 fili1
2204 441 2249 466 ex
2278 431 2457 484 prioribus

1376 477 1511 513 fuerint
1533 477 1680 522 nuptiis.
1728 476 1768 512 Si
1791 476 1882 512 enim
1911 476 2118 512 immensam
2147 476 2317 512 obtulerit
2339 476 2457 512 dotem

1377 526 1442 558 aut
1464 522 1748 567 antenuptialem
1771 521 2001 557 donationem
2023 531 2154 567 parens
2184 525 2248 556 aut
2270 520 2367 558 aliud
2390 521 2456 557 ali·
2499 559 2501 561 ,

1376 568 1462 613 quid
1485 567 1676 612 largiatur,
1707 566 1836 603 deinde
1867 566 2042 608 sentiens,
2073 577 2143 611 quo
2166 565 2262 601 ferat
2283 566 2361 609 lex,
2391 566 2456 602 ab·

230 614 423 668 συστείλειε
456 613 496 648 τὸ
527 613 720 660 γενόμενον
747 615 808 646 καὶ
840 614 857 645 ἐ
904 611 1054 647 ττώσειε
1086 611 1153 656 τὴν
1176 616 1307 660 προῖκα
1322 617 1362 648 10
1375 613 1511 648 breviet
1529 611 1625 657 quod
1643 612 1781 648 factum
1802 615 1857 647 est
1881 614 1918 647 et
1937 611 2119 647 deminuat
2135 611 2254 647 dotem
2273 615 2337 647 aut
2355 614 2456 647 ante-

230 674 251 703 η
274 673 341 703 την
363 662 607 714 προγαμιαίαν
630 656 781 702 δωρεάν,
805 654 869 691 οὐκ
892 659 948 691 ἔτι
970 655 1092 704 κέρδος
1114 660 1218 692 ἔσται
1234 661 1308 692 τοῖς

231 708 335 738 παισὶ
365 718 408 739 το
439 702 568 745 δοθέν,
599 700 680 737 ἀλλ’
713 703 855 743 ἐξέσται
886 700 1089 748 κερδαίνειν
1112 701 1134 747 ἢ
1162 704 1217 747 τῷ
1239 715 1307 738 πα·

230 750 339 806 spansa,
369 748 392 793 ἢ
420 750 465 797 τῇ
493 749 665 794 μητρυιᾷ,
698 749 776 782 τῶν
800 745 947 783 παίδων
970 746 1064 782 κατὰ
1091 750 1198 783 τοῦτο
1228 745 1305 783 ἄδι·

230 806 422 839 κουμενων.
675 806 681 809 ’

1376 657 1573 702 nuptialem
1597 657 1844 700 donationem,
1874 666 2098 702 nequaquam
2122 656 2263 691 lucrum
2286 657 2354 692 erit
2374 655 2457 692 filiis

1376 702 1471 746 quod
1494 702 1618 738 datum
1642 704 1707 745 est,
1731 702 1795 738 sed
1817 701 1943 738 licebit
1965 701 2099 738 lucrari
2121 704 2187 737 aut
2210 701 2374 738 vitricum
2394 703 2458 737 aut

1375 757 1582 791 novercam,
1606 746 1688 784 filiis
1715 747 1912 784 secundum
1932 746 2002 783 hoc
2024 746 2144 783 laesis.

1164 883 1322 919 CAPUT
1348 882 1500 919 XXXII.

276 950 322 984 Εἰ
344 947 384 983 δὲ
412 948 538 1003 μόνον(
555 947 861 1002 οὐσούφρουκτον-
875 948 1100 1003 πραγμάτων
1127 945 1157 1003 ἣἱ
1173 947 1193 984 ὁ
1217 947 1307 996 ἀνὴρ
1324 954 1363 986 15
1430 951 1469 986 Si
1491 960 1573 986 vero
1606 950 1722 986 solum
1746 950 2013 986 usumfructum
2042 960 2162 986 rerum
2191 952 2256 985 aut
2280 949 2333 986 vir
2355 949 2458 986 uxori

230 997 275 1039 τῆ
303 996 439 1042 γαμετῇ
469 1008 492 1037 η
519 1008 541 1037 η
564 1005 779 1028 συνοικουσα
809 1007 862 1038 τῳ
886 1007 1043 1041 γημαντι
1071 1008 1163 1029 κατα
1191 994 1307 1030 τελευ·

230 1032 338 1074 ταίαν
370 1038 447 1082 δοίη
478 1038 660 1083 βούλησιν,
691 1037 710 1073 ὁ
743 1041 811 1083 μὲν
834 1039 905 1086 πρὸ
935 1038 1040 1084 ἡμῶν
1068 1039 1166 1086 ἔλεγε
1189 1037 1307 1084 νόμος,

231 1086 261 1118 εἰ
293 1084 380 1131 πρὸς
410 1083 593 1131 δευτέρους
625 1081 812 1129 ἀφίκοιντο
843 1083 975 1130 γάμους
1001 1080 1023 1127 ἣ
1054 1082 1073 1118 ὁ
1098 1083 1218 1132 πατὴρ
1241 1081 1264 1127 ἢ
1286 1083 1308 1128 ἡ

229 1127 355 1182 μῄτηρ,
381 1127 509 1184 αὐτίκα
528 1130 590 1172 τῆς
608 1128 872 1174 καταλειφθείσ
896 1141 912 1164 ς
934 1128 1090 1175 χρήσεως
1106 1131 1308 1172 ἐκπίπτειν,

1377 998 1442 1031 aut
1465 995 1596 1031 coniux
1620 995 1751 1031 marito
1783 1005 1848 1040 per
1871 995 2104 1031 novissimam
2135 994 2272 1030 dederit
2292 994 2458 1031 volunta-

1375 1045 1465 1084 tem,
1497 1045 1580 1076 ante
1611 1051 1680 1076 nos
1714 1040 1856 1086 quidem
1883 1040 2027 1076 dicebat
2049 1041 2124 1083 lex,
2159 1041 2190 1076 si
2213 1040 2262 1076 ad
2283 1039 2459 1076 secundas

1376 1086 1538 1122 venirent
1559 1086 1705 1131 nuptias
1729 1090 1794 1121 aut
1818 1089 1922 1131 pater
1946 1088 2011 1121 aut
2032 1090 2156 1129 mater,
2189 1084 2311 1120 statim
2333 1084 2459 1120 relicto

1377 1142 1446 1167 usu
1470 1131 1610 1174 cadere,
1642 1131 1738 1167 sicut
1760 1131 1863 1176 prius
1888 1130 2066 1166 cadebant
2087 1130 2318 1176 proprietate,
2342 1133 2379 1165 ct
2401 1139 2458 1165 re-

231 1186 347 1227 ωςΖιερ
370 1186 547 1221 προτερον
571 1174 766 1227 ἐξέπιπτον
789 1175 850 1217 τῆς
891 1178 1088 1216 εσποτείας,
1112 1178 1173 1208 καὶ
1193 1188 1309 1220 παρα·
1321 1179 1364 1212 20
1376 1180 1485 1256 gente
1507 1176 1593 1212 filiis
1615 1176 1715 1211 illum
1738 1175 1897 1218 restitui,
1930 1175 1963 1211 si
1993 1186 2077 1212 vero
2108 1175 2311 1221 impuberes
2334 1174 2461 1211 forsan

229 1233 345 1265 χρημα
384 1222 458 1253 τοῖς
498 1221 628 1254 παισὶν
671 1216 783 1261 αὐτην
817 1216 1168 1261 ἀποκαθίστασθαι,
1204 1221 1235 1254 εἰ
1270 1218 1311 1255 δὲ

230 1266 357 1308 ἄνηβοι
380 1263 487 1307 τυχὸν
510 1264 547 1298 οἱ
567 1262 692 1299 παῖδες
715 1264 803 1305 εἶεν,
835 1268 896 1298 καὶ
926 1263 1017 1309 μετὰ
1040 1265 1119 1299 τῶν
1143 1266 1184 1299 ἐν
1207 1269 1308 1310 μέσῳ

230 1310 399 1354 καρπῶν·
435 1310 542 1344 τοῦτο
572 1308 640 1356 γὰρ
674 1306 790 1344 ἐδόκει
821 1310 875 1353 τῷ
905 1307 1017 1354 νόμῳ.
1076 1308 1181 1355 Ἡμῖν
1205 1309 1245 1344 δὲ
1267 1309 1308 1345 οὗ

1403 1220 1441 1256 lii
1471 1221 1644 1264 fuissent,
1675 1221 1783 1257 etiam
1817 1231 1900 1257 cum
1927 1220 2035 1256 medii
2067 1219 2238 1266 temporis
2267 1219 2458 1256 fructibus.

1377 1266 1456 1302 Hoc
1491 1267 1584 1302 enim
1619 1266 1807 1302 videbatur
1843 1266 1932 1311 legi3
1968 1266 2072 1302 nobis
2108 1270 2229 1302 autem
2262 1276 2338 1302 non
2371 1264 2460 1303 satis

1377 1312 1446 1347 hoc
1481 1312 1637 1357 placuit:
1676 1311 1740 1348 sed
1772 1311 1959 1354 volumus,
1992 1311 2048 1346 vel
2079 1311 2111 1346 si
2145 1320 2232 1347 usus
2262 1309 2366 1346 detur
2395 1314 2461 1356 per

231 1353 371 1400 σφόδρα
394 1356 502 1407 ‘cgito
526 1353 662 1407 ἤρεσεν,
685 1352 775 1389 ἀλλὰ
797 1352 1027 1408 βουλόμεθα,
1051 1352 1119 1409 κᾷν
1142 1353 1165 1399 ἡ
1188 1356 1310 1403 χρῆσις
1378 1358 1579 1401 largitatem
1603 1361 1667 1393 aut
1698 1357 1824 1392 mortis
1850 1366 1960 1392 causa
1990 1356 2217 1408 (lo-nationem
2238 1354 2392 1408 factum,
2423 1357 2461 1391 et

231 1397 377 1442 δοθείη,
410 1414 431 1443 η
454 1412 547 1453 {cara
571 1398 780 1445 φιλοτιμίαν
815 1413 838 1442 η
869 1399 993 1447 μόρτις
1027 1411 1144 1434 καυσα
1179 1399 1314 1448 δωρεᾶς
1327 1405 1367 1437 25
1381 1402 1475 1438 inter
1506 1402 1621 1446 vivos,
1652 1402 1692 1438 in
1715 1402 1845 1448 quibus
1876 1401 1961 1437 licet
1991 1404 2099 1438 etlam
2122 1400 2268 1445 donari,
2297 1411 2329 1441 81
2350 1400 2459 1436 relin-

230 1448 419 1491 γενομένης
448 1459 470 1488 η
498 1447 558 1478 καὶ
589 1445 683 1479 inter
711 1445 809 1481 vivos
841 1447 881 1479 ἐν
913 1444 964 1479 οἷς
994 1446 1113 1487 ἔξεστι
1145 1449 1205 1479 καὶ
1244 1444 1313 1480 δω-

231 1490 393 1534 ρεῖσθαι,
423 1487 445 1533 ἢ
468 1489 747 1535 καταλειφθείη,
780 1493 840 1524 καὶ
863 1487 884 1524 ὁ
909 1488 1036 1534 λαβὼν
1059 1491 1107 1525 εἰς
1130 1489 1314 1538 δευτέρους

230 1534 394 1580 ἀφίκοιτο
411 1532 552 1582 γάμους,
572 1538 694 1576 μένειν
713 1537 774 1569 καὶ
790 1531 889 1570 οὕτω
908 1534 975 1579 τὴν
995 1537 1132 1582 χρῆσιν,
1152 1535 1251 1583 ἄχρις
1270 1527 1312 1571 οὗ

231 1582 336 1633 περιῇ
359 1578 380 1634 ⁷15
400 1582 538 1635 Ίτοῦτονι
558 1581 654 1622 ἔχων
677 1579 743 1615 τὸν
766 1578 1077 1636 οιίισοτζιφρουκτον·
1125 1582 1157 1615 εἰ
1179 1580 1229 1626 μὴ
1253 1583 1313 1628 ῥη-

230 1637 301 1659 τως
325 1639 368 1660 αυ
376 1637 430 1660 τος
454 1640 473 1660 o
498 1639 520 1660 τ

230 1667 249 1704 ὁ
273 1672 404 1704 τοῦτον
427 1639 653 1712 καταλῖπών,
684 1671 755 1705 εἴτε
778 1669 892 1718 ἄρρην
915 1671 987 1705 εἴτε
1010 1669 1161 1715 θήλεια,
1186 1671 1310 1717 φήσειε

230 1715 431 1759 βούλεσθαι
459 1714 549 1762 πρὸς
578 1714 760 1762 δευτέρους
790 1714 1052 1762 ἀφικνουμένου
1083 1715 1215 1764 γάμους
1245 1718 1309 1752 τοῦ

231 1760 297 1795 τὸν
329 1756 615 1817 οὗσούφρουκτον
646 1758 824 1806 λαβόντος
857 1758 1016 1796 λύεσθαί
1044 1775 1085 1796 τε
1116 1758 1227 1797 αὐτὸν
1251 1765 1311 1797 καὶ

231 1804 319 1859 neos
348 1804 416 1852 τὴν
445 1810 581 1840 οικείαν
611 1807 898 1854 ἐπαναστρέφειν
931 1804 1158 1842 δεσποτείαν.
1207 1804 1317 1842 Ἀλλὰ

1382 1451 1530 1493 quatur,
1566 1451 1603 1483 et
1637 1447 1819 1492 accipiens
1856 1446 1902 1482 ad
1937 1446 2114 1483 secundas
2147 1445 2271 1481 veniat
2303 1446 2459 1492 nuptias,

1381 1503 1525 1528 manere
1550 1493 1602 1528 sic
1625 1503 1767 1572 ffuoque
1789 1502 1912 1545 usum,
1944 1491 2059 1527 donec
2085 1490 2248 1544 ,supersit
2278 1490 2341 1545 qui
2363 1491 2459 1526 hunc

1381 1538 1491 1573 habet
1521 1549 1625 1574 usum
1641 1541 1803 1580 ructum,
1835 1547 1906 1573 msl
1937 1547 1956 1572 e
2007 1546 2132 1573 ressim
2162 1547 2176 1571 1
2201 1545 2240 1572 se
2263 1547 2326 1582 qul
2348 1535 2459 1572 dona-

1380 1583 1530 1625 tionem,
1567 1583 1662 1618 sicut
1692 1583 1827 1618 dictum
1858 1585 1932 1625 cst,
1957 1548 2055 1618 xfgcit
2083 1584 2148 1618 aut
2202 1591 2274 1617 unc
2303 1581 2460 1627 reliquit,

590 1624 743 1672 δωρεάν,
776 1636 824 1660 ωε
847 1639 995 1669 ειρηται,
1026 1629 1266 1671 πεποιημένος
1289 1624 1312 1670 ἢ
1325 1631 1368 1663 30
1381 1628 1455 1664 sive
1477 1629 1656 1664 masculus
1680 1628 1754 1664 sive
1776 1627 1920 1671 femina,
1945 1627 2075 1662 dixerit
2101 1626 2191 1662 velle
2213 1625 2260 1662 ad
2283 1625 2460 1662 secundas

1378 1674 1542 1710 veniente
1565 1673 1710 1719 nuptias
1734 1683 1789 1716 eo,
1814 1672 1878 1718 qui
1898 1672 2163 1708 usumfructum
2184 1681 2271 1708 acce
2295 1671 2342 1715 it,
2371 1670 2462 1708 solvi

1379 1728 1461 1755 eum
1496 1723 1532 1755 et
1565 1719 1612 1754 ad
1647 1728 1749 1754 suam
1784 1717 1916 1754 reverti
1951 1717 2217 1763 proprietatem.
2291 1717 2335 1752 ed
2369 1716 2460 1753 haec

1380 1764 1521 1810 quidem
1553 1764 1598 1799 de
1627 1763 1683 1799 his
1707 1773 1801 1809 quae
1828 1773 1894 1809 per
1917 1762 2117 1808 largitatem
2141 1762 2274 1798 dantur
2296 1761 2457 1798 dicimus.

230 1864 346 1885 ταυτα
357 1853 425 1894 μὲν
439 1854 520 1899 περὶ
538 1852 617 1886 τῶν
629 1850 721 1886 κατὰ
740 1850 950 1897 φιλοτιμίαν
961 1850 1167 1897 δεδομένων
1180 1855 1311 1903 φαμέν.
1325 1857 1367 1890 35

275 1979 348 2009 cap.
371 1965 717 2000 ΧΧΧΙΙ-ΧΧΧΙ
721 1966 756 2000 V
772 1967 941 2001 decurtata
965 1967 1091 2001 exhibet
1111 1967 1162 2001 B'
1182 1980 1217 2011 p.
1235 1969 1296 2002 197
1316 1968 1421 2002 Zaeh.

230 2056 439 2103 ceperimus,
471 2060 507 2092 et
529 2055 827 2102 quemadmodum
850 2060 893 2092 ut
914 2060 1122 2103 auqeantur
1145 2057 1402 2099 concessimus,
1435 2056 1491 2092 ita
1513 2057 1622 2092 etiam
1653 2061 1696 2093 ut
1717 2057 1986 2099 deminuantur,
2018 2057 2054 2092 si
2075 2056 2248 2102 coniuqes
2269 2055 2460 2099 voluerint,

225 2102 503 2148 permiserimus.
567 2100 698 2136 Verum
722 2100 789 2137 hoc
813 2101 871 2145 (de
893 2101 1138 2137 deminutione
1161 2101 1369 2148 loquimur),
1402 2102 1435 2137 si
1457 2102 1655 2138 secundum
1679 2102 1948 2138 matrimonium
1971 2102 2114 2147 factum
2132 2101 2192 2144 sit,
2215 2111 2289 2136 non
2306 2101 2460 2148 permit-

233 2153 343 2182 temus
367 2149 424 2189 (ne
448 2145 538 2193 quid
560 2145 693 2181 Leonis
714 2146 801 2192 piae
829 2146 1023 2183 memoriae
1047 2147 1340 2183 constitutionem
1373 2146 1635 2192 offendamus),
1672 2147 1734 2182 ubi
1765 2147 1870 2182 liberi
1900 2158 1951 2183 ex
1978 2146 2108 2193 priore
2129 2145 2360 2182 matrimonio
2382 2145 2462 2181 nati

230 2197 322 2227 sunt.
383 2191 478 2226 Nam
499 2191 533 2226 si
555 2191 782 2227 immodicam
805 2191 924 2228 dotem
948 2191 1004 2228 vel
1026 2196 1114 2228 ante
1136 2192 1286 2244 nuptias
1309 2191 1545 2228 donationem
1570 2203 1712 2239 parens
1742 2191 1884 2228 dederit
1907 2191 1963 2228 vel
1985 2190 2088 2227 aliud
2109 2190 2200 2238 quid
2214 2189 2380 2237 *larqitus
2400 2190 2460 2232 sit,

231 2236 358 2272 deinde
388 2236 693 2278 animadvertens,
730 2247 803 2283 quo
836 2237 961 2273 tendat
988 2237 1087 2273 ratio
1111 2237 1223 2284 leqis,
1260 2237 1494 2273 contraoeerit
1524 2237 1624 2284 quod
1653 2240 1774 2272 actum
1805 2241 1859 2273 est
1887 2240 1924 2273 et
1953 2235 2074 2272 dotem
2106 2235 2162 2272 vel
2191 2239 2276 2272 ante
2309 2234 2462 2282 nuptias

231 2281 462 2317 donationem
491 2281 720 2324 deminuerit,
749 2293 825 2317 non
848 2282 921 2317 iam
945 2282 1047 2328 quod
1068 2281 1193 2318 datum
1226 2286 1281 2318 est
1312 2281 1434 2318 liberis
1459 2282 1562 2318 lucro
1586 2282 1676 2325 erit,
1707 2281 1774 2318 sed
1800 2281 1857 2318 vel
1879 2281 2009 2318 vitrico
2039 2281 2098 2318 vel
2118 2291 2297 2317 novercae
2325 2279 2462 2316 lucrari

232 2326 361 2369 licebit,
385 2330 425 2361 ut
448 2326 551 2362 liberi
574 2327 612 2361 in
637 2326 705 2362 lzac
727 2338 769 2362 re
792 2326 997 2363 laedantur.
1982 2340 1988 2344 ’

364 2370 515 2407 XXXII.
573 2370 615 2406 Si
638 2382 721 2407 vero
751 2372 869 2408 solum
892 2372 1160 2418 usumfructum
1184 2372 1362 2408 bonorum
1394 2376 1461 2409 aut
1482 2373 1539 2409 vir
1561 2373 1677 2409 uxori
1697 2375 1764 2408 aut
1785 2371 1925 2408 coniux
1954 2371 2087 2407 marito
2111 2381 2186 2418 per
2212 2370 2376 2407 ultimam
2399 2381 2460 2407 vo-

234 2418 406 2452 luntatem
429 2412 587 2459 dederit,
623 2427 718 2462 quae
749 2421 834 2453 ante
863 2428 932 2453 nos
962 2422 1044 2454 erat
1076 2418 1139 2454 lea:
1161 2417 1321 2461 dicebat,
1350 2418 1384 2453 si
1407 2418 1465 2453 vel
1513 2422 1593 2454 ater
1619 2417 1676 2454 vel
1698 2421 1815 2453 mater
1838 2416 1890 2452 ad
1913 2416 2093 2453 secundas
2115 2415 2264 2463 nuptias
2284 2416 2460 2458 venerint,

232 2473 294 2497 eos
316 2462 437 2497 statim
460 2461 587 2497 relicto
609 2462 805 2508 usufructu
854 2463 980 2504 vicari,
1013 2463 1314 2509 quemadmodum
1338 2466 1446 2499 antea
1519 2463 1630 2499 minio
1653 2462 1908 2510 privabantur,
1940 2465 1978 2498 et
1999 2461 2101 2496 illum
2124 2461 2318 2507 confestim
2341 2460 2462 2496 liberis

232 2507 389 2549 restitui,
420 2506 454 2541 si
478 2517 562 2542 vero
586 2507 788 2553 impuberes
808 2474 912 2553 fssrte
936 2507 1040 2543 liberi
1064 2512 1199 2551 essent,
1231 2508 1340 2544 etiam
1371 2519 1453 2543 cum
1474 2508 1661 2554 fructibus
1687 2507 1796 2544 medii
1830 2506 2004 2554 temporis
2011 2519 2027 2549 ,·
2061 2505 2131 2542 hoe
2153 2506 2247 2542 enim
2270 2505 2343 2553 leqi
2365 2504 2460 2542 vide-

233 2552 348 2586 batur.
397 2550 511 2586 Nobis
534 2562 619 2587 vero
643 2552 712 2587 hoc
735 2563 810 2587 non
833 2552 1028 2588 admodum
1049 2553 1202 2600 placuit,
1234 2553 1299 2589 sed
1321 2553 1499 2596 volumus,
1533 2553 1674 2588 etiamsi
1703 2552 1939 2598 ususfructus
1970 2551 2079 2587 datus
2100 2551 2151 2587 sit
2177 2551 2253 2587 sive
2275 2561 2326 2587 εει·
2349 2549 2460 2597 larqi-

235 2600 307 2631 tate
341 2596 415 2631 sive
448 2596 576 2631 mortis
608 2607 720 2632 causa
754 2597 950 2633 donatione
990 2598 1098 2644 facta
1130 2598 1206 2635 sive
1241 2598 1350 2634 etiam
1390 2598 1486 2634 inter
1521 2599 1638 2640 vivos,
1680 2601 1860 2644 quatenus
1894 2596 2034 2632 donare
2070 2595 2173 2639 licet,
2212 2595 2287 2632 sive
2314 2595 2463 2632 relictus

232 2642 292 2682 sit,
327 2646 362 2676 et
418 2640 456 2675 ui
486 2652 566 2675 eum
600 2642 740 2688 accepit
770 2642 820 2677 ad
847 2642 1027 2678 secundas
1056 2643 1206 2690 nuptias
1236 2643 1384 2685 venerit,
1419 2644 1528 2679 etiam
1562 2643 1615 2678 sic
1649 2643 1919 2688 usumfructum
1950 2651 2098 2676 manere
2127 2639 2253 2687 quoad
2277 2643 2463 2692 superstes

234 2686 282 2720 sit
304 2685 367 2731 qui
424 2695 493 2736 unc
523 2687 789 2736 usumfructum
821 2686 944 2724 habet:
979 2688 1050 2723 nisi
1073 2689 1151 2734 ipse
1182 2688 1246 2735 qui
1269 2687 1522 2731 donationem,
1553 2687 1608 2723 uti
1631 2687 1767 2723 dietum
1790 2690 1864 2729 est,
1891 2686 1986 2732 fecit
2007 2685 2064 2722 vel
2083 2685 2185 2720 illum
2208 2684 2367 2732 reliquit,
2388 2684 2463 2721 sive

235 2729 415 2765 masculus
443 2740 517 2765 sive
545 2730 701 2775 femina,
733 2742 906 2777 expresse
934 2732 1072 2769 dixerit
1100 2733 1190 2769 velle
1217 2744 1257 2770 se
1287 2737 1346 2775 ut,
1377 2733 1410 2768 si
1433 2732 1484 2769 ad
1512 2732 1693 2769 secundas
1717 2732 1867 2779 nuptias
1900 2730 2088 2767 transierit
2109 2730 2176 2782 qui
2195 2729 2462 2776 usumfructum

234 2775 408 2855 ffceepciatk
422 2774 495 2854 iclllgt
506 2779 541 2810 et
540 2775 726 2854 szzltvatur
754 2780 788 2812 et
819 2776 869 2812 ad
883 2778 1081 2824 proprium
1104 2778 1303 2814 dominium
1335 2781 1549 2814 revertatur.
1607 2775 1683 2813 Sed
1705 2776 1795 2813 haee
1818 2775 1962 2822 quidem
1985 2775 2030 2811 de
2051 2775 2098 2810 iis
2121 2774 2275 2811 dicimus
2296 2785 2391 2822 quae
2412 2784 2464 2810 ex

249 2831 331 2866 arqae
496 2831 518 2853 a
627 2846 635 2854 .

290 2914 305 2945 1
332 2907 597 2955 προςετάξαμεν
618 2908 706 2951 κτλ]
737 2912 814 2945 Cod.
838 2916 876 2953 5,
900 2922 928 2954 3,
950 2921 994 2947 19.
1018 2922 1054 2949 20
1085 2914 1098 2957 ΙΙ
1129 2916 1149 2948 3
1168 2913 1224 2948 ,τὸ
1249 2928 1308 2948 om.

236 2957 277 2990 M
291 2957 304 3000 fl
330 2958 350 2989 4
383 2952 572 2999 ἐφήσαμεν]
608 2956 813 2997 pepercimus
843 2958 877 2997 (i.
903 2970 928 2991 e.
953 2958 1162 3003 ἐφείσαμεν)
1186 2971 1206 2997 ς
1233 2959 1246 3003 11
1274 2972 1311 2993 τι

236 3015 294 3035 οηι.
319 3001 367 3034 Βι
401 2999 414 3044 ΙΙ
442 3002 461 3034 5
494 3000 664 3040 Λέοντος]
696 3000 758 3033 τοῦ
779 3001 936 3035 Λέοντος
969 3003 1004 3036 Β
1032 3003 1044 3047 ΙΙ
1084 3007 1104 3037 6
1138 3001 1311 3045 διατάξει]

240 3048 316 3080 Cod.
339 3048 370 3086 5,
394 3053 423 3085 9,
444 3053 460 3077 6
488 3044 501 3089 ΙΙ
536 3047 574 3077 10
597 3041 787 3089 γινόμενον
811 3046 846 3078 Β
869 3046 875 3089 Ι
913 3049 949 3080 11
977 3044 1041 3081 οὐκ
1064 3049 1168 3082 ἔσται
1192 3051 1233 3082 κε’
1254 3046 1312 3083 δος

236 3092 283 3126 Β(
333 3094 372 3124 12
397 3089 549 3130 ἐξέσται]
576 3086 682 3128 ἕξετε
709 3090 756 3123 L²
786 3089 864 3129 ἐξέσ
898 3103 928 3124 ω
953 3092 1001 3125 [1²
1032 3094 1079 3133 (in
1099 3107 1201 3138 marq.
1222 3092 1313 3127 αλλὰ

234 3149 296 3184 κερ
320 3134 397 3179 ήσει
412 3135 480 3179 μὲν
493 3158 576 3168 .....
590 3131 632 3167 τὸ
649 3132 717 3175 τὴν
729 3131 923 3175 ὑπόσχεσιν
937 3132 1154 3180 δεΗάμενον]
1169 3138 1311 3186 πρόσω-

236 3191 323 3215 πον·
362 3176 731 3226 ἆναγκα[σθὴσεται“ῑ]
766 3176 805 3212 δὲ
833 3180 888 3212 τῶ
911 3178 1015 3214 παιδὶ
1045 3183 1100 3215 τῶ
1131 3181 1311 3225 ἑ’λατ[τον]

235 3228 355 3268 ἔχοντι
371 3224 547 3259 τοσοῦτον
560 3220 728 3265 διδ[όναι]
745 3225 820 3275 add.
835 3224 896 3263 L2)
913 3224 925 3268 ΙΙ
942 3226 1022 3277 τῶν
1031 3238 1216 3272 πατρωων
1229 3229 1276 3262 L¹
1302 3231 1313 3269 ΙΙ

1383 2911 1540 2969 nonnanis
1564 2914 1616 2968 'Bt
1630 2913 1643 2958 ΙΙ
1662 2916 1703 2948 31
1729 2910 1868 2967 ταύτην
1887 2912 1952 2970 Bj
1970 2909 2078 2958 φήσοι
2097 2911 2208 2964 Μὶξ
2225 2909 2239 2956 Ι
2259 2912 2360 2964 ‘'1²⁸⁹-
2383 2910 2465 2962 303-

1382 2971 1447 2993 τον
1469 2969 1579 2992 ουσου
1599 2970 1665 2992 τον
1741 2969 1823 3001 ησιν
1853 2968 2038 3005 φρουκταν
2061 2957 2110 2991 L¹
2145 2968 2210 2991 του
2239 2968 2309 2999 την
2337 2964 2463 3002 χρησιν

1382 3004 1468 3038 L²B
1486 3004 1499 3048 ΙΙ
1516 3006 1557 3038 33
1580 2999 1695 3047 αὐτὴν
1769 3003 1782 3049 ΙΙ
1801 3005 1842 3038 35
1868 3000 2072 3047 διδομένων
2094 3002 2166 3036 LB
2190 3003 2247 3046 (cf
2261 3002 2294 3043 c)

1430 3096 1444 3128 1
1467 3094 1694 3137 praecepimus
1707 3094 1765 3127 vu!
1787 3095 1809 3141 .]
1828 3093 2050 3136 praecipimus
2062 3091 2168 3126 RVT
2180 3090 2254 3142 flet]
2269 3093 2319 3124 set
2330 3092 2363 3123 et
2383 3089 2433 3123 12¹
2450 3091 2463 3134 Η

1383 3140 1402 3172 3
1427 3137 1635 3172 concessibus
1655 3138 1705 3172 13¹
1723 3137 1736 3182 ΙΙ
1752 3107 1792 3171 dqe
1813 3138 2038 3171 diminutione
2058 3135 2370 3175 Vssdemmutionem
2393 3133 2428 3167 R
2450 3135 2464 3180 n

1383 3185 1404 3218 6
1417 3183 1734 3217 constitucionesR¹
1746 3181 1758 3228 ΙΙ
1771 3184 1790 3217 8
1806 3182 1900 3216 aliud
1912 3195 1970 3217 om.
1981 3182 2019 3223 V,
2031 3180 2160 3223 aliquid
2173 3192 2232 3215 om.
2242 3180 2274 3214 R
2285 3178 2326 3225 119
2345 3178 2462 3213 abbre-

337 3271 348 3282 ‚
406 3268 414 3278 ‚
1226 3273 1241 3280 -
1295 3270 1310 3282 Ἀ
1382 3229 1455 3261 uiat
1466 3229 1516 3280 Β)
1532 3228 1546 3272 ΙΙ
1566 3230 1607 3263 10
1620 3231 1750 3261 autom.
1763 3228 1811 3261 R*
1825 3228 1838 3271 Ι]
1861 3230 1896 3261 11
1911 3236 2020 3269 neque
2031 3225 2163 3303 Ῑιὲοτωιι
2176 3224 2314 3276 (luctum
2329 3224 2391 3264 12¹)
2404 3223 2462 3302 Ru!

235 3275 505 3367 312013122‘23512‘
516 3269 927 3367 m'ssssnff‘q'tzt‘xffgzssss
940 3281 1312 3362 ,affinitati-’fi
1381 3272 1722 3360 ssffiisstiss'tsseiioffitdfcss'
1738 3272 1970 3350 {3123AEss
1982 3281 2049 3360 22¹?
2065 3273 2167 3359 5⁰33}
2182 3279 2325 3348 {iffi}
2341 3279 2462 3348 1¹:¹5&

238 3364 276 3396 17
301 3363 419 3414 νομοξ]
450 3361 525 3394 Cod.
548 3362 580 3400 5,
601 3366 644 3398 10,
670 3366 679 3392 ¹
700 3358 712 3402 ΙΙ
736 3360 778 3411 ,18
803 3359 966 3409 αφίκοιῖο
988 3359 1034 3391 L¹
1048 3348 1064 3402 ῙΙ
1091 3363 1129 3393 19
1155 3362 1310 3404 έκπίπτη
1390 3364 1438 3396 V¹
1455 3363 1468 3407 ΙΙ
1489 3366 1529 3398 16
1554 3363 1702 3396 coniunx
1724 3361 1864 3414 R’tnn
1890 3362 1931 3396 18
1956 3360 2089 3394 ueniret
2108 3359 2272 3404 Rvulq.lfl

235 3408 271 3463 L.-
285 3407 297 3452 ΙΙ
321 3409 363 3461 29
388 3416 512 3446 ωσπερ
532 3405 592 3456 κα]
615 3405 688 3445 (καὶ
708 3415 750 3436 το
778 3402 842 3442 ΒΓ)
868 3414 1054 3480 '‘gossem‘’
1071 3405 1105 3437 Β
1133 3405 1145 3447 ΙΙ
1174 3407 1217 3439 22
1242 3405 1312 3439 εἷεν
1381 3408 1520 3459 bei-913²
1535 3407 1548 3452 Ι]
1567 3409 1609 3442 23
1631 3407 1819 3449 ve11ut(s1t
1832 3407 1896 3460 ΙΝ]
1911 3404 1969 3450 Vn
1985 3405 2194 3458 ususfructus
2207 3405 2292 3458 only:
2311 3404 2325 3448 Ι
2451 3448 2459 3456 .

234 3465 268 3485 οι
292 3448 505 3503 παιδεςιΒᾺΙΙ
532 3461 611 3483 των
634 3449 777 3501 έμμεσω
803 3448 870 3499 LJJ
921 3449 941 3480 4
965 3450 998 3488 η]
1024 3460 1054 3480 ει
1079 3449 1135 3501 Βζ,
1161 3463 1218 3482 om.
1234 3451 1264 3483 L
1300 3451 1312 3496 ΙΙ
1380 3455 1532 3486 nationes
1544 3451 1595 3486 R¹
1610 3452 1622 3496 11
1641 3453 1685 3495 et]
1711 3454 1770 3484 aut
1782 3451 1940 3491 Beekzus,
1964 3452 2024 3483 aut
2038 3452 2072 3483 et
2091 3447 2351 3493 Hezmbachmsn
2370 3450 2412 3483 25
2433 3459 2462 3481 ει

235 3501 277 3531 25
302 3510 323 3539 η
343 3497 447 3536 κατα]
471 3507 494 3537 η
518 3508 576 3550 om:
591 3494 637 3537 §fl
655 3505 702 3537 μο
749 3502 779 3545 ξς
802 3503 917 3525 καυσα
938 3492 996 3532 Μ’]
1022 3491 1189 3543 θανατου
1214 3495 1313 3537 αἰτίᾳ
1382 3509 1440 3530 om.
1454 3498 1540 3542 vulq.
1557 3498 1569 3539 ΙΙ
1593 3497 1821 3549 τεῙὶιιᾳᾳαῒαω
1843 3495 1893 3547 β’
1917 3494 1931 3539 ΙΙ
1955 3496 1997 3530 28
2023 3504 2211 3538 expressum
2234 3493 2283 3527 R¹
2306 3492 2320 3537 ss
2347 3494 2389 3527 29
2414 3495 2462 3526 est

236 3542 304 3575 LB
334 3542 346 3585 1]
365 3543 417 3593 *26
466 3549 629 3583 ινομενης
648 3538 710 3590 β]
746 3550 768 3580 η
791 3539 862 3578 καὶ]
891 3539 924 3569 et
947 3548 966 3572 ς
982 3535 995 3580 ΙΙ
1023 3540 1111 3569 mter
1136 3541 1258 3592 alnou·
1274 3541 1320 3572 M
1382 3554 1440 3575 om.
1455 3541 1505 3574 R¹
1524 3540 1537 3586 u
1554 3544 1593 3576 31
1622 3545 1756 3584 nuptias
1779 3542 1935 3592 ueniente
1961 3550 2007 3591 eo.
2021 3539 2057 3573 R
2072 3539 2085 3583 ΙΙ
2101 3539 2196 3572 solua
2218 3537 2297 3582 12¹1!
2316 3539 2359 3572 32
2383 3537 2460 3590 Sed]

236 3588 275 3619 έν
309 3588 383 3632 ζωῃ
416 3552 485 3639 ίΒ
514 3584 527 3627 ΙΙ
563 3586 603 3617 27
641 3597 663 3636 ’ζ
690 3585 731 3624 L]
767 3582 799 3615 εἰ
830 3582 915 3622 ΒΙς,
951 3593 1009 3634 om:
1035 3582 1078 3614 M
1105 3583 1164 3633 [cs.
1192 3584 1310 3616 Iulum.
1381 3588 1470 3618 rubr.
1486 3586 1771 3637 ’Si-ususfructus
1800 3585 1887 3638 dotis
1919 3595 2054 3618 nomme
2086 3583 2139 3618 vel
2167 3585 2303 3635 propter
2326 3585 2461 3634 nuptias

237 3644 308 3673 cap.
337 3629 500 3683 1591n.)fl
526 3630 571 3680 39
596 3640 734 3670 ταυτην
758 3628 821 3669 Bu
847 3627 944 3681 ἔχων
967 3638 1035 3667 την
1057 3638 1184 3672 χρησιν
1209 3629 1277 3660 LB
1300 3627 1312 3673 ΙΙ
1382 3630 1571 3681 donationis
1594 3642 1693 3663 causa
1716 3632 1940 3664 constituatur
1963 3628 2100 3673 Rm9.fl
2127 3630 2168 3664 33
2192 3628 2246 3661 lus
2269 3628 2365 3669 quae]
2390 3627 2460 3659 his-

243 3681 284 3710 30
310 3678 425 3715 avios]
452 3686 542 3716 αὐτη
566 3674 608 3714 L,
632 3687 690 3706 om.
714 3674 760 3705 B·
787 3672 799 3716 ΙΙ
827 3681 875 3704 ως
899 3682 1035 3716 ειρηται
1059 3684 1116 3704 om.
1138 3671 1182 3703 B*
1209 3672 1221 3715 ΙΙ
1252 3684 1311 3705 πε·
1382 3683 1446 3714 que
1470 3685 1528 3715 qui
1550 3675 1597 3707 R¹
1623 3675 1675 3708 bis
1698 3676 1756 3717 qui
1782 3674 1831 3708 R²

2287 3361 2330 3394 20
2353 3359 2461 3402 impu-

2340 3406 2382 3438 24
2403 3403 2461 3437 do-
